  <div class='ocr_page' id='page_1' title='image "/cluster/home/n/w/nwhite01/storage/ocr_20150623/67/hvd.32044020707378/030.png"; bbox 0 0 4046 6204; ppageno 0'>
   <div class='ocr_carea' id='block_1_1' title="bbox 284 385 3516 448">
    <p class='ocr_par' dir='ltr' id='par_1_1' title="bbox 284 385 3516 448">
     <span class='ocr_line' id='line_1_1' title="bbox 284 385 3516 448; baseline -0.001 0"><span class='ocrx_word' id='word_1_1' title='bbox 284 393 343 448; x_wconf 73' lang='grc' dir='ltr'>ιθ</span> <span class='ocrx_word' id='word_1_2' title='bbox 895 405 903 411; x_wconf 78' lang='lat'><strong>‘</strong></span> <span class='ocrx_word' id='word_1_3' title='bbox 1261 387 1581 444; x_wconf 80' lang='lat' dir='ltr'><strong>HISTORIA</strong></span> <span class='ocrx_word' id='word_1_4' title='bbox 1618 387 2165 448; x_wconf 79' lang='lat' dir='ltr'><strong>ECCLESIASTICA.</strong></span> <span class='ocrx_word' id='word_1_5' title='bbox 2205 422 2275 432; x_wconf 89' lang='lat'><strong>——</strong></span> <span class='ocrx_word' id='word_1_6' title='bbox 2311 389 2440 447; x_wconf 89' lang='lat' dir='ltr'><strong>LIB.</strong></span> <span class='ocrx_word' id='word_1_7' title='bbox 2489 390 2530 446; x_wconf 93' lang='lat' dir='ltr'><strong>I.</strong></span> <span class='ocrx_word' id='word_1_8' title='bbox 3447 385 3516 444; x_wconf 75' lang='lat'><strong>50</strong></span> 
     </span>
    </p>
   </div>
   <div class='ocr_carea' id='block_1_2' title="bbox 285 499 1848 579">
    <p class='ocr_par' dir='ltr' id='par_1_2' title="bbox 285 499 1841 579">
     <span class='ocr_line' id='line_1_2' title="bbox 285 499 1841 579; baseline -0.002 -20"><span class='ocrx_word' id='word_1_9' title='bbox 285 506 422 579; x_wconf 75' lang='grc' dir='ltr'>ῥητὸν</span> <span class='ocrx_word' id='word_1_10' title='bbox 465 504 697 557; x_wconf 85' lang='grc' dir='ltr'>δύναται</span> <span class='ocrx_word' id='word_1_11' title='bbox 743 501 1058 572; x_wconf 64' lang='grc' dir='ltr'>ἀναφέρειν,</span> <span class='ocrx_word' id='word_1_12' title='bbox 1119 499 1254 554; x_wconf 72' lang='grc' dir='ltr'>ἀλλὰ</span> <span class='ocrx_word' id='word_1_13' title='bbox 1303 501 1396 555; x_wconf 77' lang='grc' dir='ltr'><strong>καὶ</strong></span> <span class='ocrx_word' id='word_1_14' title='bbox 1443 499 1841 573; x_wconf 78' lang='grc' dir='ltr'><strong>ἁρμοδιώτερον</strong></span> 
     </span>
    </p>
   </div>
   <div class='ocr_carea' id='block_1_3' title="bbox 1948 499 3512 579">
    <p class='ocr_par' dir='ltr' id='par_1_3' title="bbox 1948 499 3512 566">
     <span class='ocr_line' id='line_1_3' title="bbox 1948 499 3512 566; baseline -0.003 -6"><span class='ocrx_word' id='word_1_15' title='bbox 1948 519 2067 560; x_wconf 86' lang='lat' dir='ltr'><strong>cum</strong></span> <span class='ocrx_word' id='word_1_16' title='bbox 2111 519 2220 562; x_wconf 89' lang='lat' dir='ltr'><strong>non</strong></span> <span class='ocrx_word' id='word_1_17' title='bbox 2243 504 2424 560; x_wconf 81' lang='lat' dir='ltr'><strong>esset?</strong></span> <span class='ocrx_word' id='word_1_18' title='bbox 2471 499 2704 558; x_wconf 84' lang='lat' dir='ltr'><strong>Perinde</strong></span> <span class='ocrx_word' id='word_1_19' title='bbox 2744 499 2893 557; x_wconf 87' lang='lat' dir='ltr'><strong>enim</strong></span> <span class='ocrx_word' id='word_1_20' title='bbox 2939 507 3024 557; x_wconf 91' lang='lat' dir='ltr'><strong>est</strong></span> <span class='ocrx_word' id='word_1_21' title='bbox 3064 514 3128 557; x_wconf 88' lang='lat' dir='ltr'><strong>ac</strong></span> <span class='ocrx_word' id='word_1_22' title='bbox 3169 499 3218 557; x_wconf 84' lang='lat' dir='ltr'><strong>si</strong></span> <span class='ocrx_word' id='word_1_23' title='bbox 3242 499 3512 566; x_wconf 75' lang='lat' dir='ltr'><strong>dicerem,</strong></span> 
     </span>
    </p>
   </div>
   <div class='ocr_carea' id='block_1_4' title="bbox 281 591 1845 666">
    <p class='ocr_par' dir='ltr' id='par_1_4' title="bbox 281 591 1845 666">
     <span class='ocr_line' id='line_1_4' title="bbox 281 591 1845 666; baseline -0.006 -11"><span class='ocrx_word' id='word_1_24' title='bbox 281 600 340 655; x_wconf 73' lang='grc' dir='ltr'>ἃν</span> <span class='ocrx_word' id='word_1_25' title='bbox 365 597 442 666; x_wconf 74' lang='grc' dir='ltr'><strong>εἴη</strong></span> <span class='ocrx_word' id='word_1_26' title='bbox 469 595 601 665; x_wconf 73' lang='grc' dir='ltr'>περὶ</span> <span class='ocrx_word' id='word_1_27' title='bbox 623 594 721 648; x_wconf 88' lang='grc' dir='ltr'><strong>τοῦ</strong></span> <span class='ocrx_word' id='word_1_28' title='bbox 746 593 924 661; x_wconf 81' lang='grc' dir='ltr'>Λόγου</span> <span class='ocrx_word' id='word_1_29' title='bbox 948 591 1042 646; x_wconf 87' lang='grc' dir='ltr'><strong>νῦν</strong></span> <span class='ocrx_word' id='word_1_30' title='bbox 1070 591 1377 661; x_wconf 84' lang='grc' dir='ltr'>λεγόμενον,</span> <span class='ocrx_word' id='word_1_31' title='bbox 1405 592 1485 646; x_wconf 79' lang='grc' dir='ltr'>ὅτι</span> <span class='ocrx_word' id='word_1_32' title='bbox 1507 593 1598 644; x_wconf 73' lang='grc' dir='ltr'>καὶ</span> <span class='ocrx_word' id='word_1_33' title='bbox 1621 592 1845 663; x_wconf 83' lang='grc' dir='ltr'>γενόμε-</span> 
     </span>
    </p>
   </div>
   <div class='ocr_carea' id='block_1_5' title="bbox 284 680 1845 756">
    <p class='ocr_par' dir='ltr' id='par_1_5' title="bbox 284 680 1845 756">
     <span class='ocr_line' id='line_1_5' title="bbox 284 680 1845 756; baseline -0.006 -15"><span class='ocrx_word' id='word_1_34' title='bbox 284 705 360 752; x_wconf 80' lang='grc' dir='ltr'><strong>νος</strong></span> <span class='ocrx_word' id='word_1_35' title='bbox 381 685 665 756; x_wconf 73' lang='grc' dir='ltr'>ἄνθρωπος</span> <span class='ocrx_word' id='word_1_36' title='bbox 696 681 806 736; x_wconf 79' lang='grc' dir='ltr'>οὐκ</span> <span class='ocrx_word' id='word_1_37' title='bbox 828 681 1115 752; x_wconf 74' lang='grc' dir='ltr'>ὴλλοῖωται</span> <span class='ocrx_word' id='word_1_38' title='bbox 1134 719 1150 744; x_wconf 91' lang='grc'><strong>,</strong></span> <span class='ocrx_word' id='word_1_39' title='bbox 1183 681 1296 734; x_wconf 78' lang='grc' dir='ltr'>ἀλλ’</span> <span class='ocrx_word' id='word_1_40' title='bbox 1331 681 1404 743; x_wconf 87' lang='grc' dir='ltr'>ὠς</span> <span class='ocrx_word' id='word_1_41' title='bbox 1432 683 1461 733; x_wconf 85' lang='grc' dir='ltr'>ὁ</span> <span class='ocrx_word' id='word_1_42' title='bbox 1505 680 1845 744; x_wconf 81' lang='grc' dir='ltr'>’Λπόστολος,</span> 
     </span>
    </p>
   </div>
   <div class='ocr_carea' id='block_1_6' title="bbox 297 771 1844 847">
    <p class='ocr_par' dir='ltr' id='par_1_6' title="bbox 297 771 1844 847">
     <span class='ocr_line' id='line_1_6' title="bbox 297 771 1844 847; baseline -0.007 -10"><span class='ocrx_word' id='word_1_43' title='bbox 297 778 516 847; x_wconf 78' lang='grc' dir='ltr'>Ἰησοῦς</span> <span class='ocrx_word' id='word_1_44' title='bbox 546 775 804 844; x_wconf 80' lang='grc' dir='ltr'>Χριστὸς</span> <span class='ocrx_word' id='word_1_45' title='bbox 834 774 975 842; x_wconf 82' lang='grc' dir='ltr'>χθὲς</span> <span class='ocrx_word' id='word_1_46' title='bbox 1009 773 1106 827; x_wconf 79' lang='grc' dir='ltr'>καὶ</span> <span class='ocrx_word' id='word_1_47' title='bbox 1137 773 1424 842; x_wconf 76' lang='grc' dir='ltr'>σήμερον,</span> <span class='ocrx_word' id='word_1_48' title='bbox 1458 775 1491 827; x_wconf 85' lang='grc' dir='ltr'><strong>ό</strong></span> <span class='ocrx_word' id='word_1_49' title='bbox 1529 771 1710 838; x_wconf 82' lang='grc' dir='ltr'>αὐτὸς</span> <span class='ocrx_word' id='word_1_50' title='bbox 1746 773 1844 826; x_wconf 75' lang='grc' dir='ltr'>καὶ</span> 
     </span>
    </p>
   </div>
   <div class='ocr_carea' id='block_1_7' title="bbox 285 863 1840 935">
    <p class='ocr_par' dir='ltr' id='par_1_7' title="bbox 285 863 1840 935">
     <span class='ocr_line' id='line_1_7' title="bbox 285 863 1840 935; baseline -0.006 -10"><span class='ocrx_word' id='word_1_51' title='bbox 285 873 360 935; x_wconf 79' lang='grc' dir='ltr'><strong>εις</strong></span> <span class='ocrx_word' id='word_1_52' title='bbox 377 869 516 934; x_wconf 84' lang='grc' dir='ltr'>τοὺς</span> <span class='ocrx_word' id='word_1_53' title='bbox 540 865 786 930; x_wconf 77' lang='grc' dir='ltr'>αἰῶνας.</span> <span class='ocrx_word' id='word_1_54' title='bbox 825 867 890 918; x_wconf 89' lang='grc' dir='ltr'>Τί</span> <span class='ocrx_word' id='word_1_55' title='bbox 935 865 990 918; x_wconf 79' lang='grc' dir='ltr'><strong>δὲ</strong></span> <span class='ocrx_word' id='word_1_56' title='bbox 1022 864 1130 934; x_wconf 79' lang='grc' dir='ltr'>ἄρα</span> <span class='ocrx_word' id='word_1_57' title='bbox 1158 866 1331 916; x_wconf 82' lang='grc' dir='ltr'>εἰπεῖν</span> <span class='ocrx_word' id='word_1_58' title='bbox 1372 864 1568 926; x_wconf 73' lang='grc' dir='ltr'>αὐτοὺς</span> <span class='ocrx_word' id='word_1_59' title='bbox 1604 863 1840 929; x_wconf 75' lang='grc' dir='ltr'>ἔπεισεν,</span> 
     </span>
    </p>
   </div>
   <div class='ocr_carea' id='block_1_8' title="bbox 283 952 1842 1028">
    <p class='ocr_par' dir='ltr' id='par_1_8' title="bbox 283 952 1842 1028">
     <span class='ocr_line' id='line_1_8' title="bbox 283 952 1842 1028; baseline -0.006 -14"><span class='ocrx_word' id='word_1_60' title='bbox 283 964 354 1016; x_wconf 79' lang='grc' dir='ltr'>ὅτι</span> <span class='ocrx_word' id='word_1_61' title='bbox 375 961 439 1013; x_wconf 85' lang='grc' dir='ltr'><strong>δι’</strong></span> <span class='ocrx_word' id='word_1_62' title='bbox 470 960 619 1028; x_wconf 77' lang='grc' dir='ltr'>ἡμᾶς</span> <span class='ocrx_word' id='word_1_63' title='bbox 652 957 867 1025; x_wconf 79' lang='grc' dir='ltr'>γέγονε,</span> <span class='ocrx_word' id='word_1_64' title='bbox 901 954 1076 1008; x_wconf 85' lang='grc' dir='ltr'>καίτοι</span> <span class='ocrx_word' id='word_1_65' title='bbox 1122 953 1214 1006; x_wconf 85' lang='grc' dir='ltr'><strong>τοῦ</strong></span> <span class='ocrx_word' id='word_1_66' title='bbox 1250 952 1460 1006; x_wconf 87' lang='grc' dir='ltr'>Παύλου</span> <span class='ocrx_word' id='word_1_67' title='bbox 1507 953 1842 1024; x_wconf 74' lang='grc' dir='ltr'><strong>γράφοντος,</strong></span> 
     </span>
    </p>
   </div>
   <div class='ocr_carea' id='block_1_9' title="bbox 285 1039 1844 1114">
    <p class='ocr_par' dir='ltr' id='par_1_9' title="bbox 285 1039 1844 1114">
     <span class='ocr_line' id='line_1_9' title="bbox 285 1039 1844 1114; baseline -0.006 -10"><span class='ocrx_word' id='word_1_68' title='bbox 285 1051 354 1106; x_wconf 77' lang='grc' dir='ltr'><strong>Δι’</strong></span> <span class='ocrx_word' id='word_1_69' title='bbox 389 1049 462 1103; x_wconf 78' lang='grc' dir='ltr'>ὃν</span> <span class='ocrx_word' id='word_1_70' title='bbox 489 1048 563 1102; x_wconf 80' lang='grc' dir='ltr'>τὰ</span> <span class='ocrx_word' id='word_1_71' title='bbox 592 1047 811 1110; x_wconf 80' lang='grc' dir='ltr'>πάντα,</span> <span class='ocrx_word' id='word_1_72' title='bbox 845 1047 940 1097; x_wconf 76' lang='grc' dir='ltr'>καὶ</span> <span class='ocrx_word' id='word_1_73' title='bbox 971 1044 1044 1098; x_wconf 83' lang='grc' dir='ltr'>δι’</span> <span class='ocrx_word' id='word_1_74' title='bbox 1083 1039 1155 1100; x_wconf 87' lang='grc' dir='ltr'>οὗ</span> <span class='ocrx_word' id='word_1_75' title='bbox 1199 1045 1269 1099; x_wconf 79' lang='grc' dir='ltr'>τὰ</span> <span class='ocrx_word' id='word_1_76' title='bbox 1305 1043 1536 1107; x_wconf 68' lang='grc' dir='ltr'>πάντας</span> <span class='ocrx_word' id='word_1_77' title='bbox 1577 1042 1712 1114; x_wconf 78' lang='grc' dir='ltr'>Περὶ</span> <span class='ocrx_word' id='word_1_78' title='bbox 1746 1043 1844 1112; x_wconf 79' lang='grc' dir='ltr'>μὲν</span> 
     </span>
    </p>
   </div>
   <div class='ocr_carea' id='block_1_10' title="bbox 283 1131 1843 1206">
    <p class='ocr_par' dir='ltr' id='par_1_10' title="bbox 283 1131 1843 1206">
     <span class='ocr_line' id='line_1_10' title="bbox 283 1131 1843 1206; baseline -0.004 -12"><span class='ocrx_word' id='word_1_79' title='bbox 283 1137 364 1194; x_wconf 80' lang='grc' dir='ltr'>οὖν</span> <span class='ocrx_word' id='word_1_80' title='bbox 387 1139 479 1191; x_wconf 84' lang='grc' dir='ltr'><strong>τοῦ</strong></span> <span class='ocrx_word' id='word_1_81' title='bbox 530 1137 870 1206; x_wconf 73' lang='grc' dir='ltr'><strong>βλασφημεῖν</strong></span> <span class='ocrx_word' id='word_1_82' title='bbox 903 1135 1100 1198; x_wconf 80' lang='grc' dir='ltr'>αὐτοὺς</span> <span class='ocrx_word' id='word_1_83' title='bbox 1120 1172 1136 1196; x_wconf 91' lang='grc'><strong>,</strong></span> <span class='ocrx_word' id='word_1_84' title='bbox 1167 1134 1250 1187; x_wconf 82' lang='grc' dir='ltr'>ὅτι</span> <span class='ocrx_word' id='word_1_85' title='bbox 1279 1133 1380 1186; x_wconf 79' lang='grc' dir='ltr'><strong>οὐκ</strong></span> <span class='ocrx_word' id='word_1_86' title='bbox 1423 1131 1529 1185; x_wconf 86' lang='grc' dir='ltr'>οἶδε</span> <span class='ocrx_word' id='word_1_87' title='bbox 1561 1133 1778 1197; x_wconf 81' lang='grc' dir='ltr'><strong>τελείως</strong></span> <span class='ocrx_word' id='word_1_88' title='bbox 1813 1136 1843 1187; x_wconf 84' lang='grc' dir='ltr'><strong>ὁ</strong></span> 
     </span>
    </p>
   </div>
   <div class='ocr_carea' id='block_1_11' title="bbox 283 1221 1840 1297">
    <p class='ocr_par' dir='ltr' id='par_1_11' title="bbox 283 1221 1840 1297">
     <span class='ocr_line' id='line_1_11' title="bbox 283 1221 1840 1297; baseline -0.011 -13"><span class='ocrx_word' id='word_1_89' title='bbox 283 1230 399 1292; x_wconf 66' lang='lat' dir='ltr'><strong>re;</strong></span> <span class='ocrx_word' id='word_1_90' title='bbox 427 1228 518 1280; x_wconf 78' lang='grc' dir='ltr'>τὸν</span> <span class='ocrx_word' id='word_1_91' title='bbox 548 1225 786 1297; x_wconf 78' lang='grc' dir='ltr'><strong>Πατέρα,</strong></span> <span class='ocrx_word' id='word_1_92' title='bbox 818 1224 879 1277; x_wconf 85' lang='grc' dir='ltr'><strong>ού</strong></span> <span class='ocrx_word' id='word_1_93' title='bbox 903 1225 984 1276; x_wconf 84' lang='grc' dir='ltr'>δεῖ</span> <span class='ocrx_word' id='word_1_94' title='bbox 1009 1221 1326 1293; x_wconf 80' lang='grc' dir='ltr'>θαυμάζειν.</span> <span class='ocrx_word' id='word_1_95' title='bbox 1354 1223 1536 1289; x_wconf 73' lang='grc' dir='ltr'>’Λπαξ</span> <span class='ocrx_word' id='word_1_96' title='bbox 1567 1222 1674 1294; x_wconf 80' lang='grc' dir='ltr'><strong>γὰρ</strong></span> <span class='ocrx_word' id='word_1_97' title='bbox 1705 1241 1840 1295; x_wconf 84' lang='grc' dir='ltr'>προ..</span> 
     </span>
    </p>
   </div>
   <div class='ocr_carea' id='block_1_12' title="bbox 283 1312 1840 1391">
    <p class='ocr_par' dir='ltr' id='par_1_12' title="bbox 283 1312 1840 1391">
     <span class='ocr_line' id='line_1_12' title="bbox 283 1312 1840 1391; baseline -0.007 -15"><span class='ocrx_word' id='word_1_98' title='bbox 283 1323 486 1391; x_wconf 77' lang='grc' dir='ltr'><strong>θέμενοι</strong></span> <span class='ocrx_word' id='word_1_99' title='bbox 510 1318 918 1390; x_wconf 78' lang='grc' dir='ltr'>χριστομαχεῖν,</span> <span class='ocrx_word' id='word_1_100' title='bbox 950 1313 1383 1385; x_wconf 73' lang='grc' dir='ltr'>παρακρούονται</span> <span class='ocrx_word' id='word_1_101' title='bbox 1408 1313 1502 1365; x_wconf 77' lang='grc' dir='ltr'>καὶ</span> <span class='ocrx_word' id='word_1_102' title='bbox 1531 1312 1629 1376; x_wconf 72' lang='grc' dir='ltr'>τὰς</span> <span class='ocrx_word' id='word_1_103' title='bbox 1658 1313 1840 1383; x_wconf 68' lang='grc' dir='ltr'>φωνὰς</span> 
     </span>
    </p>
   </div>
   <div class='ocr_carea' id='block_1_13' title="bbox 284 1401 1842 1476">
    <p class='ocr_par' dir='ltr' id='par_1_13' title="bbox 284 1401 1842 1476">
     <span class='ocr_line' id='line_1_13' title="bbox 284 1401 1842 1476; baseline -0.006 -13"><span class='ocrx_word' id='word_1_104' title='bbox 284 1409 437 1468; x_wconf 79' lang='grc' dir='ltr'>αὑτοῦ</span> <span class='ocrx_word' id='word_1_105' title='bbox 473 1407 566 1460; x_wconf 85' lang='grc' dir='ltr'><strong>τοῦ</strong></span> <span class='ocrx_word' id='word_1_106' title='bbox 602 1406 810 1476; x_wconf 80' lang='grc' dir='ltr'>Κυρίου</span> <span class='ocrx_word' id='word_1_107' title='bbox 838 1404 1120 1471; x_wconf 77' lang='grc' dir='ltr'>λέγοντος,</span> <span class='ocrx_word' id='word_1_108' title='bbox 1151 1401 1346 1466; x_wconf 75' lang='grc' dir='ltr'>Καθὼς</span> <span class='ocrx_word' id='word_1_109' title='bbox 1391 1401 1667 1470; x_wconf 76' lang='grc' dir='ltr'>γινώσκει</span> <span class='ocrx_word' id='word_1_110' title='bbox 1707 1417 1777 1464; x_wconf 80' lang='grc' dir='ltr'><strong>με</strong></span> <span class='ocrx_word' id='word_1_111' title='bbox 1809 1403 1842 1454; x_wconf 86' lang='grc' dir='ltr'><strong>ό</strong></span> 
     </span>
    </p>
   </div>
   <div class='ocr_carea' id='block_1_14' title="bbox 284 1489 1840 1572">
    <p class='ocr_par' dir='ltr' id='par_1_14' title="bbox 284 1489 1840 1572">
     <span class='ocr_line' id='line_1_14' title="bbox 284 1489 1840 1572; baseline -0.007 -15"><span class='ocrx_word' id='word_1_112' title='bbox 284 1503 498 1572; x_wconf 77' lang='grc' dir='ltr'>Πατὴρ,</span> <span class='ocrx_word' id='word_1_113' title='bbox 536 1499 693 1570; x_wconf 74' lang='grc' dir='ltr'><strong>κάγὼ</strong></span> <span class='ocrx_word' id='word_1_114' title='bbox 723 1497 997 1568; x_wconf 73' lang='grc' dir='ltr'>γινώσκω</span> <span class='ocrx_word' id='word_1_115' title='bbox 1024 1497 1130 1551; x_wconf 78' lang='grc' dir='ltr'><strong>τόν</strong></span> <span class='ocrx_word' id='word_1_116' title='bbox 1153 1495 1400 1562; x_wconf 79' lang='grc' dir='ltr'>Πατέρα.</span> <span class='ocrx_word' id='word_1_117' title='bbox 1433 1494 1496 1546; x_wconf 80' lang='lat' dir='ltr'><strong>Ei</strong></span> <span class='ocrx_word' id='word_1_118' title='bbox 1528 1493 1627 1564; x_wconf 86' lang='grc' dir='ltr'>μὲν</span> <span class='ocrx_word' id='word_1_119' title='bbox 1651 1489 1741 1546; x_wconf 85' lang='grc' dir='ltr'><strong>οῦν</strong></span> <span class='ocrx_word' id='word_1_120' title='bbox 1776 1489 1840 1546; x_wconf 80' lang='grc' dir='ltr'>ἐκ</span> 
     </span>
    </p>
   </div>
   <div class='ocr_carea' id='block_1_15' title="bbox 286 1581 1841 1663">
    <p class='ocr_par' dir='ltr' id='par_1_15' title="bbox 286 1581 1841 1663">
     <span class='ocr_line' id='line_1_15' title="bbox 286 1581 1841 1663; baseline -0.007 -18"><span class='ocrx_word' id='word_1_121' title='bbox 286 1593 479 1663; x_wconf 81' lang='grc' dir='ltr'>μέρους</span> <span class='ocrx_word' id='word_1_122' title='bbox 503 1587 756 1658; x_wconf 79' lang='grc' dir='ltr'><strong>γινώσκει</strong></span> <span class='ocrx_word' id='word_1_123' title='bbox 792 1589 822 1640; x_wconf 86' lang='grc' dir='ltr'>ὁ</span> <span class='ocrx_word' id='word_1_124' title='bbox 852 1586 1040 1656; x_wconf 80' lang='grc' dir='ltr'>Πατὴρ</span> <span class='ocrx_word' id='word_1_125' title='bbox 1071 1583 1161 1637; x_wconf 78' lang='grc' dir='ltr'>τὸν</span> <span class='ocrx_word' id='word_1_126' title='bbox 1204 1582 1350 1646; x_wconf 81' lang='grc' dir='ltr'>Υίὺν,</span> <span class='ocrx_word' id='word_1_127' title='bbox 1388 1581 1545 1653; x_wconf 81' lang='grc' dir='ltr'>δῆλον</span> <span class='ocrx_word' id='word_1_128' title='bbox 1573 1581 1655 1634; x_wconf 83' lang='grc' dir='ltr'>ὅτι</span> <span class='ocrx_word' id='word_1_129' title='bbox 1690 1582 1784 1634; x_wconf 81' lang='grc' dir='ltr'>καὶ</span> <span class='ocrx_word' id='word_1_130' title='bbox 1812 1585 1841 1634; x_wconf 89' lang='grc' dir='ltr'><strong>ό</strong></span> 
     </span>
    </p>
   </div>
   <div class='ocr_carea' id='block_1_16' title="bbox 284 1671 1841 1756">
    <p class='ocr_par' dir='ltr' id='par_1_16' title="bbox 284 1671 1841 1756">
     <span class='ocr_line' id='line_1_16' title="bbox 284 1671 1841 1756; baseline -0.007 -19"><span class='ocrx_word' id='word_1_131' title='bbox 284 1685 404 1747; x_wconf 73' lang='grc' dir='ltr'>Υἱὸς</span> <span class='ocrx_word' id='word_1_132' title='bbox 434 1685 496 1735; x_wconf 75' lang='grc' dir='ltr'>ἐκ</span> <span class='ocrx_word' id='word_1_133' title='bbox 529 1680 726 1752; x_wconf 76' lang='grc' dir='ltr'>μέρους</span> <span class='ocrx_word' id='word_1_134' title='bbox 764 1677 1022 1756; x_wconf 79' lang='grc' dir='ltr'>γινώσκει</span> <span class='ocrx_word' id='word_1_135' title='bbox 1068 1675 1158 1728; x_wconf 81' lang='grc' dir='ltr'>τὸν</span> <span class='ocrx_word' id='word_1_136' title='bbox 1196 1672 1436 1744; x_wconf 82' lang='grc' dir='ltr'>Πατέρα.</span> <span class='ocrx_word' id='word_1_137' title='bbox 1479 1673 1542 1726; x_wconf 84' lang='lat' dir='ltr'><strong>EI</strong></span> <span class='ocrx_word' id='word_1_138' title='bbox 1579 1674 1636 1727; x_wconf 83' lang='grc' dir='ltr'><strong>δὲ</strong></span> <span class='ocrx_word' id='word_1_139' title='bbox 1685 1671 1841 1726; x_wconf 86' lang='grc' dir='ltr'>τοῦτο</span> 
     </span>
    </p>
   </div>
   <div class='ocr_carea' id='block_1_17' title="bbox 283 1762 1839 1842">
    <p class='ocr_par' dir='ltr' id='par_1_17' title="bbox 283 1762 1839 1842">
     <span class='ocr_line' id='line_1_17' title="bbox 283 1762 1839 1842; baseline -0.009 -14"><span class='ocrx_word' id='word_1_140' title='bbox 283 1774 452 1842; x_wconf 84' lang='grc' dir='ltr'>λέγειν</span> <span class='ocrx_word' id='word_1_141' title='bbox 476 1771 539 1826; x_wconf 84' lang='grc' dir='ltr'>οὐ</span> <span class='ocrx_word' id='word_1_142' title='bbox 573 1771 757 1840; x_wconf 81' lang='grc' dir='ltr'>θέμις,</span> <span class='ocrx_word' id='word_1_143' title='bbox 789 1765 898 1822; x_wconf 83' lang='grc' dir='ltr'>οἶδε</span> <span class='ocrx_word' id='word_1_144' title='bbox 927 1766 985 1820; x_wconf 79' lang='grc' dir='ltr'><strong>δὲ</strong></span> <span class='ocrx_word' id='word_1_145' title='bbox 1017 1765 1234 1828; x_wconf 81' lang='grc' dir='ltr'><strong>τελείως</strong></span> <span class='ocrx_word' id='word_1_146' title='bbox 1265 1767 1296 1819; x_wconf 84' lang='grc' dir='ltr'><strong>ό</strong></span> <span class='ocrx_word' id='word_1_147' title='bbox 1329 1763 1517 1834; x_wconf 81' lang='grc' dir='ltr'>Πατὴρ</span> <span class='ocrx_word' id='word_1_148' title='bbox 1555 1762 1647 1818; x_wconf 79' lang='grc' dir='ltr'>τὸν</span> <span class='ocrx_word' id='word_1_149' title='bbox 1687 1763 1839 1827; x_wconf 80' lang='grc' dir='ltr'>Υῐδν,</span> 
     </span>
    </p>
   </div>
   <div class='ocr_carea' id='block_1_18' title="bbox 282 1835 1916 1935">
    <p class='ocr_par' dir='ltr' id='par_1_18' title="bbox 282 1835 1916 1935">
     <span class='ocr_line' id='line_1_18' title="bbox 282 1835 1916 1935; baseline -0.006 -18"><span class='ocrx_word' id='word_1_150' title='bbox 282 1835 430 1935; x_wconf 78' lang='grc' dir='ltr'>δῆλον</span> <span class='ocrx_word' id='word_1_151' title='bbox 453 1863 538 1916; x_wconf 79' lang='grc' dir='ltr'>ὅτι</span> <span class='ocrx_word' id='word_1_152' title='bbox 558 1835 737 1922; x_wconf 85' lang='grc' dir='ltr'>καθὼς</span> <span class='ocrx_word' id='word_1_153' title='bbox 762 1858 1020 1926; x_wconf 79' lang='grc' dir='ltr'>γινώσκει</span> <span class='ocrx_word' id='word_1_154' title='bbox 1045 1859 1072 1908; x_wconf 84' lang='grc' dir='ltr'>ὁ</span> <span class='ocrx_word' id='word_1_155' title='bbox 1099 1855 1284 1926; x_wconf 83' lang='grc' dir='ltr'>Πατὴρ</span> <span class='ocrx_word' id='word_1_156' title='bbox 1312 1855 1402 1908; x_wconf 79' lang='grc' dir='ltr'>τὸν</span> <span class='ocrx_word' id='word_1_157' title='bbox 1425 1855 1619 1908; x_wconf 81' lang='grc' dir='ltr'>ἑαυτοῦ</span> <span class='ocrx_word' id='word_1_158' title='bbox 1647 1855 1841 1922; x_wconf 85' lang='grc' dir='ltr'>Λόγον,</span> <span class='ocrx_word' id='word_1_159' title='bbox 1876 1835 1916 1888; x_wconf 70' lang='grc' dir='ltr'><strong><em>Β</em></strong></span> 
     </span>
    </p>
   </div>
   <div class='ocr_carea' id='block_1_19' title="bbox 279 1939 1846 2018">
    <p class='ocr_par' dir='ltr' id='par_1_19' title="bbox 279 1939 1846 2018">
     <span class='ocr_line' id='line_1_19' title="bbox 279 1939 1846 2018; baseline -0.006 -10"><span class='ocrx_word' id='word_1_160' title='bbox 279 1956 414 2008; x_wconf 77' lang='grc' dir='ltr'>οὕτω</span> <span class='ocrx_word' id='word_1_161' title='bbox 445 1954 540 2006; x_wconf 72' lang='grc' dir='ltr'>καὶ</span> <span class='ocrx_word' id='word_1_162' title='bbox 566 1954 596 2004; x_wconf 86' lang='grc' dir='ltr'><strong>ό</strong></span> <span class='ocrx_word' id='word_1_163' title='bbox 636 1950 808 2018; x_wconf 80' lang='grc' dir='ltr'>Λόγος</span> <span class='ocrx_word' id='word_1_164' title='bbox 834 1947 1094 2016; x_wconf 80' lang='grc' dir='ltr'>γινώσκει</span> <span class='ocrx_word' id='word_1_165' title='bbox 1121 1947 1212 1999; x_wconf 76' lang='grc' dir='ltr'>τὸν</span> <span class='ocrx_word' id='word_1_166' title='bbox 1251 1945 1444 1999; x_wconf 77' lang='grc' dir='ltr'>ἑαυτοῦ</span> <span class='ocrx_word' id='word_1_167' title='bbox 1477 1946 1696 2015; x_wconf 83' lang='grc' dir='ltr'><strong>Πατέρα</strong></span> <span class='ocrx_word' id='word_1_168' title='bbox 1720 1985 1735 2010; x_wconf 88' lang='grc'><strong>,</strong></span> <span class='ocrx_word' id='word_1_169' title='bbox 1785 1939 1846 2000; x_wconf 77' lang='grc' dir='ltr'><strong>οὗ</strong></span> 
     </span>
    </p>
   </div>
   <div class='ocr_carea' id='block_1_20' title="bbox 279 2037 1847 2106">
    <p class='ocr_par' dir='ltr' id='par_1_20' title="bbox 279 2037 1847 2106">
     <span class='ocr_line' id='line_1_20' title="bbox 279 2037 1847 2106; baseline -0.008 -6"><span class='ocrx_word' id='word_1_170' title='bbox 279 2049 368 2100; x_wconf 78' lang='grc' dir='ltr'>καὶ</span> <span class='ocrx_word' id='word_1_171' title='bbox 389 2047 504 2098; x_wconf 68' lang='grc' dir='ltr'>ἔστι</span> <span class='ocrx_word' id='word_1_172' title='bbox 531 2043 726 2106; x_wconf 85' lang='grc' dir='ltr'>Λόγος.</span> <span class='ocrx_word' id='word_1_173' title='bbox 761 2041 874 2095; x_wconf 76' lang='grc' dir='ltr'><strong>Καὶ</strong></span> <span class='ocrx_word' id='word_1_174' title='bbox 903 2039 1072 2094; x_wconf 84' lang='grc' dir='ltr'>ταῦτα</span> <span class='ocrx_word' id='word_1_175' title='bbox 1106 2037 1355 2106; x_wconf 81' lang='grc' dir='ltr'>λέγοντες</span> <span class='ocrx_word' id='word_1_176' title='bbox 1376 2079 1391 2102; x_wconf 92' lang='grc'><strong>,</strong></span> <span class='ocrx_word' id='word_1_177' title='bbox 1438 2038 1530 2092; x_wconf 75' lang='grc' dir='ltr'>καὶ</span> <span class='ocrx_word' id='word_1_178' title='bbox 1572 2039 1847 2092; x_wconf 80' lang='grc' dir='ltr'>ἀναπτύσ-</span> 
     </span>
    </p>
   </div>
   <div class='ocr_carea' id='block_1_21' title="bbox 280 2126 1848 2202">
    <p class='ocr_par' dir='ltr' id='par_1_21' title="bbox 280 2126 1848 2202">
     <span class='ocr_line' id='line_1_21' title="bbox 280 2126 1848 2202; baseline -0.006 -10"><span class='ocrx_word' id='word_1_179' title='bbox 280 2155 455 2202; x_wconf 78' lang='grc' dir='ltr'>σοντες</span> <span class='ocrx_word' id='word_1_180' title='bbox 501 2136 600 2200; x_wconf 70' lang='grc' dir='ltr'><strong>τὰς</strong></span> <span class='ocrx_word' id='word_1_181' title='bbox 649 2135 801 2197; x_wconf 80' lang='grc' dir='ltr'>θείας</span> <span class='ocrx_word' id='word_1_182' title='bbox 854 2131 1111 2202; x_wconf 78' lang='grc' dir='ltr'>Γραφὰς,</span> <span class='ocrx_word' id='word_1_183' title='bbox 1165 2128 1425 2191; x_wconf 82' lang='grc' dir='ltr'>πολλάκις</span> <span class='ocrx_word' id='word_1_184' title='bbox 1475 2126 1848 2200; x_wconf 30' lang='grc' dir='ltr'>ἀνετλρέψαμεν</span> 
     </span>
    </p>
   </div>
   <div class='ocr_carea' id='block_1_22' title="bbox 274 2218 1845 2293">
    <p class='ocr_par' dir='ltr' id='par_1_22' title="bbox 274 2218 1845 2293">
     <span class='ocr_line' id='line_1_22' title="bbox 274 2218 1845 2293; baseline -0.007 -10"><span class='ocrx_word' id='word_1_185' title='bbox 274 2218 487 2292; x_wconf 67' lang='grc' dir='ltr'>αὐτούς.</span> <span class='ocrx_word' id='word_1_186' title='bbox 530 2227 640 2281; x_wconf 76' lang='grc' dir='ltr'><strong>Καὶ</strong></span> <span class='ocrx_word' id='word_1_187' title='bbox 690 2225 856 2279; x_wconf 74' lang='grc' dir='ltr'>πάλιν</span> <span class='ocrx_word' id='word_1_188' title='bbox 892 2224 970 2288; x_wconf 83' lang='grc' dir='ltr'>ὡς</span> <span class='ocrx_word' id='word_1_189' title='bbox 1001 2220 1384 2293; x_wconf 85' lang='grc' dir='ltr'>χαμαιλέοντες</span> <span class='ocrx_word' id='word_1_190' title='bbox 1431 2219 1845 2290; x_wconf 77' lang='grc' dir='ltr'>μετεϐάλλοντο,</span> 
     </span>
    </p>
   </div>
   <div class='ocr_carea' id='block_1_23' title="bbox 275 2309 1846 2390">
    <p class='ocr_par' dir='ltr' id='par_1_23' title="bbox 275 2309 1846 2390">
     <span class='ocr_line' id='line_1_23' title="bbox 275 2309 1846 2390; baseline -0.008 -15"><span class='ocrx_word' id='word_1_191' title='bbox 275 2319 695 2390; x_wconf 72' lang='grc' dir='ltr'>φιλονεικοῦντες</span> <span class='ocrx_word' id='word_1_192' title='bbox 709 2319 790 2380; x_wconf 85' lang='grc' dir='ltr'><strong>είς</strong></span> <span class='ocrx_word' id='word_1_193' title='bbox 814 2317 1037 2378; x_wconf 77' lang='grc' dir='ltr'>ἑαυτοὺς</span> <span class='ocrx_word' id='word_1_194' title='bbox 1053 2311 1342 2383; x_wconf 77' lang='grc' dir='ltr'>ὲφελκῦσαι</span> <span class='ocrx_word' id='word_1_195' title='bbox 1363 2309 1422 2363; x_wconf 73' lang='grc' dir='ltr'>τὸ</span> <span class='ocrx_word' id='word_1_196' title='bbox 1443 2310 1846 2381; x_wconf 76' lang='grc' dir='ltr'>γεγραμμένον,</span> 
     </span>
    </p>
   </div>
   <div class='ocr_carea' id='block_1_24' title="bbox 279 2402 1851 2478">
    <p class='ocr_par' dir='ltr' id='par_1_24' title="bbox 279 2402 1851 2478">
     <span class='ocr_line' id='line_1_24' title="bbox 279 2402 1851 2478; baseline -0.008 -13"><span class='ocrx_word' id='word_1_197' title='bbox 279 2413 461 2465; x_wconf 81' lang='grc' dir='ltr'>Ὅταν</span> <span class='ocrx_word' id='word_1_198' title='bbox 490 2412 638 2478; x_wconf 70' lang='grc' dir='ltr'><strong>ἔλθῃ</strong></span> <span class='ocrx_word' id='word_1_199' title='bbox 671 2411 702 2462; x_wconf 86' lang='grc' dir='ltr'><strong>ό</strong></span> <span class='ocrx_word' id='word_1_200' title='bbox 739 2405 969 2476; x_wconf 75' lang='grc' dir='ltr'>ἀσεϐὴς</span> <span class='ocrx_word' id='word_1_201' title='bbox 998 2408 1087 2470; x_wconf 84' lang='grc' dir='ltr'><strong>είς</strong></span> <span class='ocrx_word' id='word_1_202' title='bbox 1112 2403 1270 2474; x_wconf 79' lang='grc' dir='ltr'><strong>,βάθη</strong></span> <span class='ocrx_word' id='word_1_203' title='bbox 1311 2402 1533 2466; x_wconf 81' lang='grc' dir='ltr'>κακῶν,</span> <span class='ocrx_word' id='word_1_204' title='bbox 1567 2417 1851 2470; x_wconf 56' lang='grc' dir='ltr'>καταφρο-</span> 
     </span>
    </p>
   </div>
   <div class='ocr_carea' id='block_1_25' title="bbox 274 2491 1846 2568">
    <p class='ocr_par' dir='ltr' id='par_1_25' title="bbox 274 2491 1846 2568">
     <span class='ocr_line' id='line_1_25' title="bbox 274 2491 1846 2568; baseline -0.01 -12"><span class='ocrx_word' id='word_1_205' title='bbox 274 2501 373 2557; x_wconf 76' lang='grc' dir='ltr'>νεῖ</span> <span class='ocrx_word' id='word_1_206' title='bbox 400 2513 462 2553; x_wconf 79' lang='grc' dir='ltr'><strong>ιι.</strong></span> <span class='ocrx_word' id='word_1_207' title='bbox 497 2501 691 2554; x_wconf 58' lang='lat' dir='ltr'><strong>nulla).</strong></span> <span class='ocrx_word' id='word_1_208' title='bbox 725 2496 854 2566; x_wconf 85' lang='grc' dir='ltr'>γοῦν</span> <span class='ocrx_word' id='word_1_209' title='bbox 903 2496 1138 2568; x_wconf 77' lang='grc' dir='ltr'>αἱρέσεις</span> <span class='ocrx_word' id='word_1_210' title='bbox 1178 2498 1284 2567; x_wconf 77' lang='grc' dir='ltr'><strong>πρὸ</strong></span> <span class='ocrx_word' id='word_1_211' title='bbox 1317 2494 1494 2550; x_wconf 76' lang='grc' dir='ltr'>αὐτῶν</span> <span class='ocrx_word' id='word_1_212' title='bbox 1521 2491 1846 2561; x_wconf 72' lang='grc' dir='ltr'>γεγόνασιν,</span> 
     </span>
    </p>
   </div>
   <div class='ocr_carea' id='block_1_26' title="bbox 272 2582 1850 2659">
    <p class='ocr_par' dir='ltr' id='par_1_26' title="bbox 272 2582 1850 2659">
     <span class='ocr_line' id='line_1_26' title="bbox 272 2582 1850 2659; baseline -0.007 -14"><span class='ocrx_word' id='word_1_213' title='bbox 272 2593 482 2652; x_wconf 78' lang='grc' dir='ltr'>αἵτινες</span> <span class='ocrx_word' id='word_1_214' title='bbox 507 2591 662 2644; x_wconf 83' lang='grc' dir='ltr'>πλέον</span> <span class='ocrx_word' id='word_1_215' title='bbox 687 2589 780 2644; x_wconf 85' lang='grc' dir='ltr'><strong>τοῦ</strong></span> <span class='ocrx_word' id='word_1_216' title='bbox 833 2588 1043 2650; x_wconf 79' lang='grc' dir='ltr'>δέοντος</span> <span class='ocrx_word' id='word_1_217' title='bbox 1080 2588 1418 2659; x_wconf 80' lang='grc' dir='ltr'>τολμήσασαι</span> <span class='ocrx_word' id='word_1_218' title='bbox 1440 2625 1455 2649; x_wconf 92' lang='grc'><strong>,</strong></span> <span class='ocrx_word' id='word_1_219' title='bbox 1496 2582 1850 2638; x_wconf 77' lang='grc' dir='ltr'>πεπτώκασιν</span> 
     </span>
    </p>
   </div>
   <div class='ocr_carea' id='block_1_27' title="bbox 278 2667 1848 2752">
    <p class='ocr_par' dir='ltr' id='par_1_27' title="bbox 278 2667 1848 2752">
     <span class='ocr_line' id='line_1_27' title="bbox 278 2667 1848 2752; baseline -0.009 -14"><span class='ocrx_word' id='word_1_220' title='bbox 278 2687 362 2747; x_wconf 83' lang='grc' dir='ltr'><strong>είς</strong></span> <span class='ocrx_word' id='word_1_221' title='bbox 395 2683 721 2752; x_wconf 65' lang='grc' dir='ltr'>ἀφροσύνην.</span> <span class='ocrx_word' id='word_1_222' title='bbox 747 2675 904 2734; x_wconf 75' lang='grc' dir='ltr'>Οὗτοι</span> <span class='ocrx_word' id='word_1_223' title='bbox 939 2679 998 2731; x_wconf 86' lang='grc' dir='ltr'><strong>δὲ</strong></span> <span class='ocrx_word' id='word_1_224' title='bbox 1033 2678 1121 2732; x_wconf 82' lang='grc' dir='ltr'><strong>διὰ</strong></span> <span class='ocrx_word' id='word_1_225' title='bbox 1152 2679 1364 2732; x_wconf 79' lang='grc' dir='ltr'>πάντων</span> <span class='ocrx_word' id='word_1_226' title='bbox 1390 2675 1569 2730; x_wconf 79' lang='grc' dir='ltr'>αὐτῶν</span> <span class='ocrx_word' id='word_1_227' title='bbox 1609 2673 1716 2726; x_wconf 83' lang='grc' dir='ltr'><strong>τῶν</strong></span> <span class='ocrx_word' id='word_1_228' title='bbox 1750 2667 1848 2744; x_wconf 74' lang='grc' dir='ltr'><strong>ῥῆ-</strong></span> 
     </span>
    </p>
   </div>
   <div class='ocr_carea' id='block_1_28' title="bbox 277 2763 1847 2846">
    <p class='ocr_par' dir='ltr' id='par_1_28' title="bbox 277 2763 1847 2846">
     <span class='ocr_line' id='line_1_28' title="bbox 277 2763 1847 2846; baseline -0.006 -21"><span class='ocrx_word' id='word_1_229' title='bbox 277 2775 476 2846; x_wconf 80' lang='grc' dir='ltr'>μάτων</span> <span class='ocrx_word' id='word_1_230' title='bbox 501 2772 631 2844; x_wconf 75' lang='grc'>(28),</span> <span class='ocrx_word' id='word_1_231' title='bbox 663 2772 1102 2841; x_wconf 76' lang='grc' dir='ltr'>ἐπιχειρήσαντες</span> <span class='ocrx_word' id='word_1_232' title='bbox 1128 2771 1245 2832; x_wconf 85' lang='grc' dir='ltr'>ταῖς</span> <span class='ocrx_word' id='word_1_233' title='bbox 1274 2767 1584 2838; x_wconf 83' lang='grc' dir='ltr'>ἀναιρέσεσι</span> <span class='ocrx_word' id='word_1_234' title='bbox 1607 2763 1718 2834; x_wconf 71' lang='grc'><strong>(29)</strong></span> <span class='ocrx_word' id='word_1_235' title='bbox 1750 2764 1847 2834; x_wconf 77' lang='grc' dir='ltr'>τῆς</span> 
     </span>
    </p>
   </div>
   <div class='ocr_carea' id='block_1_29' title="bbox 272 2855 1846 2934">
    <p class='ocr_par' dir='ltr' id='par_1_29' title="bbox 272 2855 1846 2934">
     <span class='ocr_line' id='line_1_29' title="bbox 272 2855 1846 2934; baseline -0.01 -12"><span class='ocrx_word' id='word_1_236' title='bbox 272 2866 372 2922; x_wconf 80' lang='grc' dir='ltr'><strong>τοῦ</strong></span> <span class='ocrx_word' id='word_1_237' title='bbox 409 2866 587 2932; x_wconf 83' lang='grc' dir='ltr'>Λόγου</span> <span class='ocrx_word' id='word_1_238' title='bbox 617 2862 886 2934; x_wconf 81' lang='grc' dir='ltr'>θεότητος,</span> <span class='ocrx_word' id='word_1_239' title='bbox 915 2860 1234 2913; x_wconf 73' lang='grc' dir='ltr'>ἐδικαίωσαν</span> <span class='ocrx_word' id='word_1_240' title='bbox 1275 2858 1335 2923; x_wconf 76' lang='grc' dir='ltr'>ἐξ</span> <span class='ocrx_word' id='word_1_241' title='bbox 1361 2857 1568 2912; x_wconf 73' lang='grc' dir='ltr'>ἑαυτῶν</span> <span class='ocrx_word' id='word_1_242' title='bbox 1596 2855 1808 2918; x_wconf 81' lang='grc' dir='ltr'>ὲκείνας</span> <span class='ocrx_word' id='word_1_243' title='bbox 1831 2893 1846 2917; x_wconf 96' lang='grc'><strong>,</strong></span> 
     </span>
    </p>
   </div>
   <div class='ocr_carea' id='block_1_30' title="bbox 271 2945 1847 3026">
    <p class='ocr_par' dir='ltr' id='par_1_30' title="bbox 271 2945 1847 3026">
     <span class='ocr_line' id='line_1_30' title="bbox 271 2945 1847 3026; baseline -0.01 -14"><span class='ocrx_word' id='word_1_244' title='bbox 271 2958 350 3022; x_wconf 80' lang='grc' dir='ltr'><strong>ὡς</strong></span> <span class='ocrx_word' id='word_1_245' title='bbox 376 2956 662 3026; x_wconf 82' lang='grc' dir='ltr'>έγγύτεροι</span> <span class='ocrx_word' id='word_1_246' title='bbox 683 2953 777 3008; x_wconf 91' lang='grc' dir='ltr'><strong>τοῦ</strong></span> <span class='ocrx_word' id='word_1_247' title='bbox 802 2951 1141 3024; x_wconf 78' lang='grc' dir='ltr'>ἀντιχρίστου</span> <span class='ocrx_word' id='word_1_248' title='bbox 1163 2950 1461 3020; x_wconf 86' lang='grc' dir='ltr'>γενόμενοι.</span> <span class='ocrx_word' id='word_1_249' title='bbox 1486 2947 1575 3001; x_wconf 80' lang='grc' dir='ltr'><strong>Διὸ</strong></span> <span class='ocrx_word' id='word_1_250' title='bbox 1621 2945 1714 3000; x_wconf 58' lang='grc' dir='ltr'><strong>καὶ⁹</strong></span> <span class='ocrx_word' id='word_1_251' title='bbox 1743 2947 1847 2998; x_wconf 82' lang='grc' dir='ltr'><strong>ἀπ-</strong></span> 
     </span>
    </p>
   </div>
   <div class='ocr_carea' id='block_1_31' title="bbox 271 3037 1851 3120">
    <p class='ocr_par' dir='ltr' id='par_1_31' title="bbox 271 3037 1851 3120">
     <span class='ocr_line' id='line_1_31' title="bbox 271 3037 1851 3120; baseline -0.009 -18"><span class='ocrx_word' id='word_1_252' title='bbox 271 3047 660 3120; x_wconf 77' lang='grc' dir='ltr'>εκηρύχθησαν</span> <span class='ocrx_word' id='word_1_253' title='bbox 682 3045 790 3100; x_wconf 81' lang='grc' dir='ltr'><strong>ἀπὸ</strong></span> <span class='ocrx_word' id='word_1_254' title='bbox 809 3045 908 3114; x_wconf 82' lang='grc' dir='ltr'>τῆς</span> <span class='ocrx_word' id='word_1_255' title='bbox 943 3042 1287 3114; x_wconf 86' lang='grc' dir='ltr'>Ἐκκλησίας,</span> <span class='ocrx_word' id='word_1_256' title='bbox 1319 3041 1412 3096; x_wconf 73' lang='grc' dir='ltr'>καὶ</span> <span class='ocrx_word' id='word_1_257' title='bbox 1427 3040 1578 3094; x_wconf 69' lang='grc' dir='ltr'>ἁνεθε</span> <span class='ocrx_word' id='word_1_258' title='bbox 1589 3037 1851 3110; x_wconf 75' lang='grc' dir='ltr'>ματίσθηο</span> 
     </span>
    </p>
   </div>
   <div class='ocr_carea' id='block_1_32' title="bbox 273 3128 1851 3206">
    <p class='ocr_par' dir='ltr' id='par_1_32' title="bbox 273 3128 1851 3206">
     <span class='ocr_line' id='line_1_32' title="bbox 273 3128 1851 3206; baseline -0.008 -14"><span class='ocrx_word' id='word_1_259' title='bbox 273 3156 397 3192; x_wconf 86' lang='grc' dir='ltr'>σαν.</span> <span class='ocrx_word' id='word_1_260' title='bbox 428 3135 763 3206; x_wconf 85' lang='grc' dir='ltr'>Λυπούμεθα</span> <span class='ocrx_word' id='word_1_261' title='bbox 791 3135 890 3206; x_wconf 80' lang='grc' dir='ltr'>μὲν</span> <span class='ocrx_word' id='word_1_262' title='bbox 911 3129 1004 3187; x_wconf 83' lang='grc' dir='ltr'><strong>οῦν</strong></span> <span class='ocrx_word' id='word_1_263' title='bbox 1031 3134 1122 3185; x_wconf 71' lang='grc' dir='ltr'><strong>ἐπὶ</strong></span> <span class='ocrx_word' id='word_1_264' title='bbox 1146 3136 1212 3203; x_wconf 85' lang='grc' dir='ltr'><strong>τῇ</strong></span> <span class='ocrx_word' id='word_1_265' title='bbox 1237 3131 1481 3203; x_wconf 76' lang='grc' dir='ltr'>ἀπωλείᾳ</span> <span class='ocrx_word' id='word_1_266' title='bbox 1509 3131 1728 3192; x_wconf 81' lang='grc' dir='ltr'>τούτων,</span> <span class='ocrx_word' id='word_1_267' title='bbox 1759 3128 1851 3180; x_wconf 79' lang='grc' dir='ltr'>καὶ</span> 
     </span>
    </p>
   </div>
   <div class='ocr_carea' id='block_1_33' title="bbox 277 3217 1848 3302">
    <p class='ocr_par' dir='ltr' id='par_1_33' title="bbox 277 3217 1848 3302">
     <span class='ocr_line' id='line_1_33' title="bbox 277 3217 1848 3302; baseline -0.01 -17"><span class='ocrx_word' id='word_1_268' title='bbox 277 3227 514 3302; x_wconf 74' lang='grc' dir='ltr'>μάλιστα</span> <span class='ocrx_word' id='word_1_269' title='bbox 540 3227 622 3278; x_wconf 83' lang='grc' dir='ltr'>ὃτι</span> <span class='ocrx_word' id='word_1_270' title='bbox 651 3223 912 3298; x_wconf 80' lang='grc' dir='ltr'>μαθόντες</span> <span class='ocrx_word' id='word_1_271' title='bbox 935 3222 1066 3275; x_wconf 78' lang='grc' dir='ltr'>ποτὲ</span> <span class='ocrx_word' id='word_1_272' title='bbox 1099 3222 1192 3275; x_wconf 70' lang='grc' dir='ltr'>καὶ</span> <span class='ocrx_word' id='word_1_273' title='bbox 1220 3223 1372 3276; x_wconf 75' lang='grc' dir='ltr'>αὐτοὶ</span> <span class='ocrx_word' id='word_1_274' title='bbox 1397 3222 1466 3274; x_wconf 69' lang='grc' dir='ltr'><strong>τὰ</strong></span> <span class='ocrx_word' id='word_1_275' title='bbox 1484 3217 1582 3290; x_wconf 71' lang='grc' dir='ltr'>τῆς</span> <span class='ocrx_word' id='word_1_276' title='bbox 1623 3218 1848 3288; x_wconf 79' lang='grc' dir='ltr'>Ἐκκλη-</span> 
     </span>
    </p>
   </div>
   <div class='ocr_carea' id='block_1_34' title="bbox 277 3311 1848 3389">
    <p class='ocr_par' dir='ltr' id='par_1_34' title="bbox 277 3311 1848 3389">
     <span class='ocr_line' id='line_1_34' title="bbox 277 3311 1848 3389; baseline -0.006 -15"><span class='ocrx_word' id='word_1_277' title='bbox 277 3323 421 3384; x_wconf 78' lang='grc' dir='ltr'>σίας,</span> <span class='ocrx_word' id='word_1_278' title='bbox 453 3321 546 3374; x_wconf 79' lang='grc' dir='ltr'><strong>νῦν</strong></span> <span class='ocrx_word' id='word_1_279' title='bbox 572 3314 949 3389; x_wconf 71' lang='grc' dir='ltr'><strong>ἀπεπήδησαν.</strong></span> <span class='ocrx_word' id='word_1_280' title='bbox 986 3312 1060 3365; x_wconf 80' lang='grc' dir='ltr'><strong>Οὐ</strong></span> <span class='ocrx_word' id='word_1_281' title='bbox 1092 3311 1410 3384; x_wconf 75' lang='grc' dir='ltr'>ξενιζόμεθα</span> <span class='ocrx_word' id='word_1_282' title='bbox 1439 3311 1516 3366; x_wconf 79' lang='grc' dir='ltr'><strong>δέ.</strong></span> <span class='ocrx_word' id='word_1_283' title='bbox 1545 3311 1714 3364; x_wconf 82' lang='grc' dir='ltr'>Τοῦτο</span> <span class='ocrx_word' id='word_1_284' title='bbox 1743 3311 1848 3383; x_wconf 71' lang='grc' dir='ltr'><strong>γὰρ</strong></span> 
     </span>
    </p>
   </div>
   <div class='ocr_carea' id='block_1_35' title="bbox 280 3400 1850 3478">
    <p class='ocr_par' dir='ltr' id='par_1_35' title="bbox 280 3400 1850 3478">
     <span class='ocr_line' id='line_1_35' title="bbox 280 3400 1850 3478; baseline -0.007 -15"><span class='ocrx_word' id='word_1_285' title='bbox 280 3411 376 3463; x_wconf 72' lang='grc' dir='ltr'>καὶ</span> <span class='ocrx_word' id='word_1_286' title='bbox 405 3409 691 3478; x_wconf 84' lang='grc' dir='ltr'>Ὑμέναιος</span> <span class='ocrx_word' id='word_1_287' title='bbox 716 3408 810 3460; x_wconf 75' lang='grc' dir='ltr'>καὶ</span> <span class='ocrx_word' id='word_1_288' title='bbox 831 3405 1056 3475; x_wconf 79' lang='grc' dir='ltr'>Φιλητδς</span> <span class='ocrx_word' id='word_1_289' title='bbox 1084 3403 1400 3458; x_wconf 76' lang='grc' dir='ltr'>πεπόνθασιο</span> <span class='ocrx_word' id='word_1_290' title='bbox 1429 3402 1521 3456; x_wconf 80' lang='grc' dir='ltr'>καὶ</span> <span class='ocrx_word' id='word_1_291' title='bbox 1545 3401 1650 3472; x_wconf 83' lang='grc' dir='ltr'><strong>πρὸ</strong></span> <span class='ocrx_word' id='word_1_292' title='bbox 1674 3400 1850 3453; x_wconf 73' lang='grc' dir='ltr'>αὐτῶν</span> 
     </span>
    </p>
   </div>
   <div class='ocr_carea' id='block_1_36' title="bbox 295 3491 1852 3569">
    <p class='ocr_par' dir='ltr' id='par_1_36' title="bbox 295 3491 1852 3569">
     <span class='ocr_line' id='line_1_36' title="bbox 295 3491 1852 3569; baseline -0.006 -15"><span class='ocrx_word' id='word_1_293' title='bbox 295 3500 512 3563; x_wconf 79' lang='grc' dir='ltr'>Ἰούδας,</span> <span class='ocrx_word' id='word_1_294' title='bbox 545 3499 914 3569; x_wconf 80' lang='grc' dir='ltr'>ἀκολουθήσας</span> <span class='ocrx_word' id='word_1_295' title='bbox 939 3497 1016 3567; x_wconf 85' lang='grc' dir='ltr'>τῷ</span> <span class='ocrx_word' id='word_1_296' title='bbox 1048 3496 1292 3568; x_wconf 81' lang='grc' dir='ltr'>Σωτῆρι,</span> <span class='ocrx_word' id='word_1_297' title='bbox 1319 3493 1444 3548; x_wconf 85' lang='grc' dir='ltr'>ῦστε</span> <span class='ocrx_word' id='word_1_298' title='bbox 1454 3511 1542 3564; x_wconf 90' lang='grc' dir='ltr'><strong>ρον</strong></span> <span class='ocrx_word' id='word_1_299' title='bbox 1564 3491 1624 3546; x_wconf 75' lang='grc' dir='ltr'><strong>δὲ</strong></span> <span class='ocrx_word' id='word_1_300' title='bbox 1659 3492 1852 3563; x_wconf 84' lang='grc' dir='ltr'>προδό-</span> 
     </span>
    </p>
   </div>
   <div class='ocr_carea' id='block_1_37' title="bbox 284 3583 1852 3663">
    <p class='ocr_par' dir='ltr' id='par_1_37' title="bbox 284 3583 1852 3663">
     <span class='ocr_line' id='line_1_37' title="bbox 284 3583 1852 3663; baseline -0.006 -17"><span class='ocrx_word' id='word_1_301' title='bbox 284 3611 386 3663; x_wconf 70' lang='grc' dir='ltr'>της</span> <span class='ocrx_word' id='word_1_302' title='bbox 415 3593 506 3646; x_wconf 73' lang='grc' dir='ltr'>καὶ</span> <span class='ocrx_word' id='word_1_303' title='bbox 527 3593 840 3661; x_wconf 73' lang='grc' dir='ltr'>ἀποστάτης</span> <span class='ocrx_word' id='word_1_304' title='bbox 883 3589 1192 3660; x_wconf 79' lang='grc' dir='ltr'>γενόμενος.</span> <span class='ocrx_word' id='word_1_305' title='bbox 1225 3590 1334 3642; x_wconf 71' lang='grc' dir='ltr'><strong>Καὶ</strong></span> <span class='ocrx_word' id='word_1_306' title='bbox 1385 3589 1511 3656; x_wconf 67' lang='grc' dir='ltr'>περὶ</span> <span class='ocrx_word' id='word_1_307' title='bbox 1554 3583 1757 3639; x_wconf 87' lang='grc' dir='ltr'>τούτων</span> <span class='ocrx_word' id='word_1_308' title='bbox 1794 3584 1852 3639; x_wconf 85' lang='grc' dir='ltr'>δὲ</span> 
     </span>
    </p>
   </div>
   <div class='ocr_carea' id='block_1_38' title="bbox 289 3676 1854 3751">
    <p class='ocr_par' dir='ltr' id='par_1_38' title="bbox 289 3676 1854 3751">
     <span class='ocr_line' id='line_1_38' title="bbox 289 3676 1854 3751; baseline -0.006 -13"><span class='ocrx_word' id='word_1_309' title='bbox 289 3685 464 3738; x_wconf 70' lang='grc' dir='ltr'>αὐτῶν</span> <span class='ocrx_word' id='word_1_310' title='bbox 495 3685 592 3738; x_wconf 82' lang='grc' dir='ltr'>οὐκ</span> <span class='ocrx_word' id='word_1_311' title='bbox 627 3683 898 3738; x_wconf 83' lang='grc' dir='ltr'>ἀδίδακτοι</span> <span class='ocrx_word' id='word_1_312' title='bbox 935 3683 1339 3751; x_wconf 76' lang='grc' dir='ltr'>μεμενήκαμεν.</span> <span class='ocrx_word' id='word_1_313' title='bbox 1382 3677 1519 3731; x_wconf 76' lang='grc' dir='ltr'>Ἀλλ’</span> <span class='ocrx_word' id='word_1_314' title='bbox 1548 3678 1577 3732; x_wconf 88' lang='grc' dir='ltr'><strong>ό</strong></span> <span class='ocrx_word' id='word_1_315' title='bbox 1610 3677 1708 3750; x_wconf 83' lang='grc' dir='ltr'>μὲν</span> <span class='ocrx_word' id='word_1_316' title='bbox 1739 3676 1854 3729; x_wconf 82' lang='grc' dir='ltr'><strong>Κύ-</strong></span> 
     </span>
    </p>
   </div>
   <div class='ocr_carea' id='block_1_39' title="bbox 295 3768 1848 3846">
    <p class='ocr_par' dir='ltr' id='par_1_39' title="bbox 295 3768 1848 3846">
     <span class='ocr_line' id='line_1_39' title="bbox 295 3768 1848 3846; baseline 0.008 -2"><span class='ocrx_word' id='word_1_317' title='bbox 295 3791 406 3844; x_wconf 77' lang='grc' dir='ltr'>ριος</span> <span class='ocrx_word' id='word_1_318' title='bbox 431 3775 716 3846; x_wconf 77' lang='grc' dir='ltr'>προείρηκε</span> <span class='ocrx_word' id='word_1_319' title='bbox 735 3813 752 3837; x_wconf 70' lang='grc' dir='ltr'><strong>ν</strong></span> <span class='ocrx_word' id='word_1_320' title='bbox 787 3772 1048 3827; x_wconf 74' lang='grc' dir='ltr'>Βλέπετε</span> <span class='ocrx_word' id='word_1_321' title='bbox 1074 3771 1158 3840; x_wconf 75' lang='grc' dir='ltr'><strong>μή</strong></span> <span class='ocrx_word' id='word_1_322' title='bbox 1202 3789 1290 3837; x_wconf 81' lang='grc' dir='ltr'><strong>τις</strong></span> <span class='ocrx_word' id='word_1_323' title='bbox 1319 3769 1474 3839; x_wconf 71' lang='grc' dir='ltr'><strong>ὑμᾶς</strong></span> <span class='ocrx_word' id='word_1_324' title='bbox 1538 3768 1848 3836; x_wconf 40' lang='grc' dir='ltr'><strong>πλανήσῃ</strong></span> 
     </span>
    </p>
   </div>
   <div class='ocr_carea' id='block_1_40' title="bbox 295 3855 1850 3934">
    <p class='ocr_par' dir='ltr' id='par_1_40' title="bbox 295 3855 1850 3934">
     <span class='ocr_line' id='line_1_40' title="bbox 295 3855 1850 3934; baseline -0.005 -18"><span class='ocrx_word' id='word_1_325' title='bbox 295 3864 503 3918; x_wconf 56' lang='grc' dir='ltr'>πολλοὶ</span> <span class='ocrx_word' id='word_1_326' title='bbox 545 3865 656 3934; x_wconf 80' lang='grc' dir='ltr'><strong>τὰρ</strong></span> <span class='ocrx_word' id='word_1_327' title='bbox 683 3865 1038 3918; x_wconf 67' lang='grc' dir='ltr'>ἐλεύσονται</span> <span class='ocrx_word' id='word_1_328' title='bbox 1064 3861 1163 3914; x_wconf 79' lang='grc' dir='ltr'><strong>ἐπὶ</strong></span> <span class='ocrx_word' id='word_1_329' title='bbox 1205 3859 1286 3926; x_wconf 85' lang='grc' dir='ltr'>τῷ</span> <span class='ocrx_word' id='word_1_330' title='bbox 1322 3859 1564 3928; x_wconf 78' lang='grc' dir='ltr'>ὀνόματί</span> <span class='ocrx_word' id='word_1_331' title='bbox 1603 3875 1721 3927; x_wconf 85' lang='grc' dir='ltr'>μου</span> <span class='ocrx_word' id='word_1_332' title='bbox 1748 3855 1850 3911; x_wconf 78' lang='grc' dir='ltr'><strong>λέ-</strong></span> 
     </span>
    </p>
   </div>
   <div class='ocr_carea' id='block_1_41' title="bbox 297 3947 1854 4025">
    <p class='ocr_par' dir='ltr' id='par_1_41' title="bbox 297 3947 1854 4025">
     <span class='ocr_line' id='line_1_41' title="bbox 297 3947 1854 4025; baseline -0.006 -16"><span class='ocrx_word' id='word_1_333' title='bbox 297 3970 513 4023; x_wconf 75' lang='grc' dir='ltr'>γοντες,</span> <span class='ocrx_word' id='word_1_334' title='bbox 563 3953 710 4025; x_wconf 65' lang='grc' dir='ltr'>Ἐγώ</span> <span class='ocrx_word' id='word_1_335' title='bbox 732 3955 870 4022; x_wconf 78' lang='grc' dir='ltr'>ειμι,</span> <span class='ocrx_word' id='word_1_336' title='bbox 901 3953 998 4006; x_wconf 74' lang='grc' dir='ltr'>καὶ</span> <span class='ocrx_word' id='word_1_337' title='bbox 1025 3954 1059 4006; x_wconf 81' lang='grc' dir='ltr'><em>ὁ</em></span> <span class='ocrx_word' id='word_1_338' title='bbox 1089 3951 1288 4020; x_wconf 82' lang='grc' dir='ltr'>καιρὸς</span> <span class='ocrx_word' id='word_1_339' title='bbox 1316 3948 1539 4019; x_wconf 73' lang='grc' dir='ltr'>ἤγγικε·</span> <span class='ocrx_word' id='word_1_340' title='bbox 1573 3947 1672 4002; x_wconf 80' lang='grc' dir='ltr'><strong>καί</strong></span> <span class='ocrx_word' id='word_1_341' title='bbox 1703 3950 1854 4000; x_wconf 75' lang='grc' dir='ltr'><strong>πολ-</strong></span> 
     </span>
    </p>
   </div>
   <div class='ocr_carea' id='block_1_42' title="bbox 298 4037 1852 4114">
    <p class='ocr_par' dir='ltr' id='par_1_42' title="bbox 298 4037 1852 4114">
     <span class='ocr_line' id='line_1_42' title="bbox 298 4037 1852 4114; baseline -0.005 -16"><span class='ocrx_word' id='word_1_342' title='bbox 298 4045 442 4111; x_wconf 66' lang='grc' dir='ltr'>λοὺς</span> <span class='ocrx_word' id='word_1_343' title='bbox 469 4045 874 4114; x_wconf 66' lang='grc' dir='ltr'>πλανήσουσι.</span> <span class='ocrx_word' id='word_1_344' title='bbox 908 4043 1004 4109; x_wconf 79' lang='grc' dir='ltr'><strong>Μὴ</strong></span> <span class='ocrx_word' id='word_1_345' title='bbox 1037 4040 1364 4110; x_wconf 78' lang='grc' dir='ltr'>πορευθῆτε</span> <span class='ocrx_word' id='word_1_346' title='bbox 1405 4038 1599 4093; x_wconf 79' lang='grc' dir='ltr'>ὀπίσω</span> <span class='ocrx_word' id='word_1_347' title='bbox 1633 4037 1852 4093; x_wconf 84' lang='grc' dir='ltr'>αὐτῶν.</span> 
     </span>
    </p>
   </div>
   <div class='ocr_carea' id='block_1_43' title="bbox 313 4131 1855 4207">
    <p class='ocr_par' dir='ltr' id='par_1_43' title="bbox 313 4131 1855 4207">
     <span class='ocr_line' id='line_1_43' title="bbox 313 4131 1855 4207; baseline -0.005 -17"><span class='ocrx_word' id='word_1_348' title='bbox 313 4135 440 4207; x_wconf 26' lang='grc' dir='ltr'><strong>Ὀλδὲ</strong></span> <span class='ocrx_word' id='word_1_349' title='bbox 465 4137 666 4202; x_wconf 80' lang='grc' dir='ltr'>Παῦλος</span> <span class='ocrx_word' id='word_1_350' title='bbox 687 4135 874 4207; x_wconf 86' lang='grc' dir='ltr'>μαθὼν</span> <span class='ocrx_word' id='word_1_351' title='bbox 899 4135 1070 4190; x_wconf 82' lang='grc' dir='ltr'>ταῦτα</span> <span class='ocrx_word' id='word_1_352' title='bbox 1097 4133 1248 4205; x_wconf 83' lang='grc' dir='ltr'>παρὰ</span> <span class='ocrx_word' id='word_1_353' title='bbox 1275 4133 1369 4186; x_wconf 85' lang='grc' dir='ltr'><strong>τοῦ</strong></span> <span class='ocrx_word' id='word_1_354' title='bbox 1401 4133 1671 4202; x_wconf 85' lang='grc' dir='ltr'>Σωτῆρος,</span> <span class='ocrx_word' id='word_1_355' title='bbox 1699 4131 1855 4202; x_wconf 76' lang='grc' dir='ltr'>ἔγρα-</span> 
     </span>
    </p>
   </div>
   <div class='ocr_carea' id='block_1_44' title="bbox 299 4203 1853 4295">
    <p class='ocr_par' dir='ltr' id='par_1_44' title="bbox 299 4203 1853 4295">
     <span class='ocr_line' id='line_1_44' title="bbox 299 4203 1853 4295; baseline -0.001 -19"><span class='ocrx_word' id='word_1_356' title='bbox 299 4203 418 4293; x_wconf 57' lang='grc' dir='ltr'>ψεν,</span> <span class='ocrx_word' id='word_1_357' title='bbox 445 4229 524 4280; x_wconf 77' lang='grc' dir='ltr'>ὅτι</span> <span class='ocrx_word' id='word_1_358' title='bbox 561 4229 654 4280; x_wconf 83' lang='grc' dir='ltr'>Ἐν</span> <span class='ocrx_word' id='word_1_359' title='bbox 678 4225 952 4295; x_wconf 83' lang='grc' dir='ltr'>ὑστέροις</span> <span class='ocrx_word' id='word_1_360' title='bbox 979 4224 1202 4294; x_wconf 82' lang='grc' dir='ltr'>καιροῖς</span> <span class='ocrx_word' id='word_1_361' title='bbox 1225 4220 1677 4290; x_wconf 66' lang='grc' dir='ltr'>ἀποστήσονταί</span> <span class='ocrx_word' id='word_1_362' title='bbox 1698 4237 1853 4287; x_wconf 83' lang='grc' dir='ltr'>τινες</span> 
     </span>
    </p>
   </div>
   <div class='ocr_carea' id='block_1_45' title="bbox 298 4311 1854 4386">
    <p class='ocr_par' dir='ltr' id='par_1_45' title="bbox 298 4311 1854 4386">
     <span class='ocr_line' id='line_1_45' title="bbox 298 4311 1854 4386; baseline -0.002 -18"><span class='ocrx_word' id='word_1_363' title='bbox 298 4315 411 4383; x_wconf 72' lang='grc' dir='ltr'>τῆς</span> <span class='ocrx_word' id='word_1_364' title='bbox 437 4318 683 4384; x_wconf 72' lang='grc' dir='ltr'>πίστεως</span> <span class='ocrx_word' id='word_1_365' title='bbox 701 4315 812 4386; x_wconf 81' lang='grc' dir='ltr'>τῆς</span> <span class='ocrx_word' id='word_1_366' title='bbox 835 4315 1239 4385; x_wconf 76' lang='grc' dir='ltr'>ὑγιαινούσης,</span> <span class='ocrx_word' id='word_1_367' title='bbox 1263 4311 1663 4383; x_wconf 77' lang='grc' dir='ltr'>προσέχοντες</span> <span class='ocrx_word' id='word_1_368' title='bbox 1685 4313 1854 4366; x_wconf 80' lang='grc' dir='ltr'><strong>πνεύ·</strong></span> 
     </span>
    </p>
   </div>
   <div class='ocr_carea' id='block_1_46' title="bbox 293 4402 1855 4475">
    <p class='ocr_par' dir='ltr' id='par_1_46' title="bbox 293 4402 1855 4475">
     <span class='ocr_line' id='line_1_46' title="bbox 293 4402 1855 4475; baseline -0.006 -11"><span class='ocrx_word' id='word_1_369' title='bbox 293 4423 440 4475; x_wconf 73' lang='grc' dir='ltr'>μασι</span> <span class='ocrx_word' id='word_1_370' title='bbox 461 4408 708 4474; x_wconf 70' lang='grc' dir='ltr'>πλάνοις</span> <span class='ocrx_word' id='word_1_371' title='bbox 725 4446 742 4469; x_wconf 85' lang='grc'><strong>.</strong></span> <span class='ocrx_word' id='word_1_372' title='bbox 769 4406 868 4461; x_wconf 74' lang='grc' dir='ltr'>καὶ</span> <span class='ocrx_word' id='word_1_373' title='bbox 897 4404 1314 4470; x_wconf 74' lang='grc' dir='ltr'>διδασκαλίαις</span> <span class='ocrx_word' id='word_1_374' title='bbox 1338 4403 1676 4474; x_wconf 78' lang='grc' dir='ltr'>δαιμονίων,</span> <span class='ocrx_word' id='word_1_375' title='bbox 1709 4402 1855 4457; x_wconf 77' lang='grc' dir='ltr'><strong>ἀπο-</strong></span> 
     </span>
    </p>
   </div>
   <div class='ocr_carea' id='block_1_47' title="bbox 1947 591 3514 664">
    <p class='ocr_par' dir='ltr' id='par_1_47' title="bbox 1947 591 3514 664">
     <span class='ocr_line' id='line_1_47' title="bbox 1947 591 3514 664; baseline -0.002 -15"><span class='ocrx_word' id='word_1_376' title='bbox 1947 595 2122 650; x_wconf 91' lang='lat' dir='ltr'><strong>Deum</strong></span> <span class='ocrx_word' id='word_1_377' title='bbox 2165 593 2457 664; x_wconf 82' lang='lat' dir='ltr'><strong>aliquando</strong></span> <span class='ocrx_word' id='word_1_378' title='bbox 2501 592 2730 649; x_wconf 73' lang='lat' dir='ltr'><strong>rationis</strong></span> <span class='ocrx_word' id='word_1_379' title='bbox 2771 601 2829 648; x_wconf 92' lang='lat' dir='ltr'><strong>et</strong></span> <span class='ocrx_word' id='word_1_380' title='bbox 2891 591 3172 663; x_wconf 67' lang='lat' dir='ltr'><strong>sapientia:</strong></span> <span class='ocrx_word' id='word_1_381' title='bbox 3234 601 3514 663; x_wconf 73' lang='lat' dir='ltr'><strong>expertem</strong></span> 
     </span>
    </p>
   </div>
   <div class='ocr_carea' id='block_1_48' title="bbox 1945 681 3520 752">
    <p class='ocr_par' dir='ltr' id='par_1_48' title="bbox 1945 681 3520 752">
     <span class='ocr_line' id='line_1_48' title="bbox 1945 681 3520 752; baseline 0 -14"><span class='ocrx_word' id='word_1_382' title='bbox 1945 685 2134 740; x_wconf 81' lang='lat' dir='ltr'><strong>fuisse.</strong></span> <span class='ocrx_word' id='word_1_383' title='bbox 2203 684 2488 752; x_wconf 85' lang='lat' dir='ltr'><strong>Quomodo</strong></span> <span class='ocrx_word' id='word_1_384' title='bbox 2550 683 2840 738; x_wconf 89' lang='lat' dir='ltr'><strong>mutationi</strong></span> <span class='ocrx_word' id='word_1_385' title='bbox 2902 681 3362 751; x_wconf 87' lang='lat' dir='ltr'><strong>conversionique</strong></span> <span class='ocrx_word' id='word_1_386' title='bbox 3419 683 3520 738; x_wconf 85' lang='lat' dir='ltr'><strong>ob-</strong></span> 
     </span>
    </p>
   </div>
   <div class='ocr_carea' id='block_1_49' title="bbox 1945 773 3517 846">
    <p class='ocr_par' dir='ltr' id='par_1_49' title="bbox 1945 773 3517 846">
     <span class='ocr_line' id='line_1_49' title="bbox 1945 773 3517 846; baseline -0.003 -14"><span class='ocrx_word' id='word_1_387' title='bbox 1945 778 2144 833; x_wconf 78' lang='lat' dir='ltr'><strong>noxius</strong></span> <span class='ocrx_word' id='word_1_388' title='bbox 2165 778 2258 842; x_wconf 89' lang='lat' dir='ltr'><strong>sit,</strong></span> <span class='ocrx_word' id='word_1_389' title='bbox 2283 793 2407 832; x_wconf 90' lang='lat' dir='ltr'><strong>cum</strong></span> <span class='ocrx_word' id='word_1_390' title='bbox 2432 777 2500 832; x_wconf 91' lang='lat' dir='ltr'><strong>de</strong></span> <span class='ocrx_word' id='word_1_391' title='bbox 2521 791 2581 831; x_wconf 91' lang='lat' dir='ltr'><strong>se</strong></span> <span class='ocrx_word' id='word_1_392' title='bbox 2606 776 2721 846; x_wconf 89' lang='lat' dir='ltr'><strong>ipse</strong></span> <span class='ocrx_word' id='word_1_393' title='bbox 2744 775 2910 839; x_wconf 86' lang='lat' dir='ltr'><strong>dicat,</strong></span> <span class='ocrx_word' id='word_1_394' title='bbox 2941 775 3050 846; x_wconf 87' lang='lat' dir='ltr'><strong>Ego</strong></span> <span class='ocrx_word' id='word_1_395' title='bbox 3075 777 3131 829; x_wconf 83' lang='lat' dir='ltr'><strong>in</strong></span> <span class='ocrx_word' id='word_1_396' title='bbox 3153 773 3315 829; x_wconf 85' lang='lat' dir='ltr'><strong>Patre</strong></span> <span class='ocrx_word' id='word_1_397' title='bbox 3337 782 3387 828; x_wconf 85' lang='lat' dir='ltr'><strong>et</strong></span> <span class='ocrx_word' id='word_1_398' title='bbox 3409 774 3517 829; x_wconf 82' lang='lat' dir='ltr'><strong>Pa-</strong></span> 
     </span>
    </p>
   </div>
   <div class='ocr_carea' id='block_1_50' title="bbox 1945 865 3518 936">
    <p class='ocr_par' dir='ltr' id='par_1_50' title="bbox 1945 865 3518 936">
     <span class='ocr_line' id='line_1_50' title="bbox 1945 865 3518 936; baseline -0.001 -16"><span class='ocrx_word' id='word_1_399' title='bbox 1945 875 2026 920; x_wconf 86' lang='lat' dir='ltr'><strong>ter</strong></span> <span class='ocrx_word' id='word_1_400' title='bbox 2048 869 2101 920; x_wconf 83' lang='lat' dir='ltr'><strong>in</strong></span> <span class='ocrx_word' id='word_1_401' title='bbox 2128 884 2208 920; x_wconf 85' lang='lat' dir='ltr'><strong>me</strong></span> <span class='ocrx_word' id='word_1_402' title='bbox 2225 867 2276 933; x_wconf 76' lang='lat'><strong>°;</strong></span> <span class='ocrx_word' id='word_1_403' title='bbox 2303 877 2358 922; x_wconf 90' lang='lat' dir='ltr'><strong>et</strong></span> <span class='ocrx_word' id='word_1_404' title='bbox 2379 867 2531 928; x_wconf 88' lang='lat' dir='ltr'><strong>alibi,</strong></span> <span class='ocrx_word' id='word_1_405' title='bbox 2558 867 2672 936; x_wconf 84' lang='lat' dir='ltr'><strong>Ego</strong></span> <span class='ocrx_word' id='word_1_406' title='bbox 2697 874 2744 920; x_wconf 87' lang='lat' dir='ltr'><strong>et</strong></span> <span class='ocrx_word' id='word_1_407' title='bbox 2767 865 2934 922; x_wconf 81' lang='lat' dir='ltr'><strong>Pater</strong></span> <span class='ocrx_word' id='word_1_408' title='bbox 2959 881 3120 918; x_wconf 81' lang='lat' dir='ltr'><strong>unum</strong></span> <span class='ocrx_word' id='word_1_409' title='bbox 3141 879 3320 918; x_wconf 79' lang='lat' dir='ltr'><strong>sumus</strong></span> <span class='ocrx_word' id='word_1_410' title='bbox 3341 865 3361 896; x_wconf 81' lang='grc'><strong>⁷</strong></span> <span class='ocrx_word' id='word_1_411' title='bbox 3382 880 3398 930; x_wconf 91' lang='lat'><strong>;</strong></span> <span class='ocrx_word' id='word_1_412' title='bbox 3420 880 3518 934; x_wconf 87' lang='lat' dir='ltr'><strong>per</strong></span> 
     </span>
    </p>
   </div>
   <div class='ocr_carea' id='block_1_51' title="bbox 1945 953 3517 1027">
    <p class='ocr_par' dir='ltr' id='par_1_51' title="bbox 1945 953 3517 1027">
     <span class='ocr_line' id='line_1_51' title="bbox 1945 953 3517 1027; baseline -0.003 -16"><span class='ocrx_word' id='word_1_413' title='bbox 1945 958 2238 1027; x_wconf 80' lang='lat' dir='ltr'><strong>prophetas</strong></span> <span class='ocrx_word' id='word_1_414' title='bbox 2263 973 2394 1012; x_wconf 82' lang='lat' dir='ltr'><strong>vero</strong></span> <span class='ocrx_word' id='word_1_415' title='bbox 2438 958 2612 1011; x_wconf 87' lang='lat' dir='ltr'><strong>multo</strong></span> <span class='ocrx_word' id='word_1_416' title='bbox 2661 963 2788 1010; x_wconf 86' lang='lat' dir='ltr'><strong>ante</strong></span> <span class='ocrx_word' id='word_1_417' title='bbox 2829 955 3270 1026; x_wconf 86' lang='lat' dir='ltr'><strong>pronuntiaverit</strong></span> <span class='ocrx_word' id='word_1_418' title='bbox 3301 972 3313 1008; x_wconf 90' lang='lat'><strong>:</strong></span> <span class='ocrx_word' id='word_1_419' title='bbox 3341 953 3517 1008; x_wconf 79' lang='lat' dir='ltr'><strong>Videte</strong></span> 
     </span>
    </p>
   </div>
   <div class='ocr_carea' id='block_1_52' title="bbox 1945 1045 3520 1118">
    <p class='ocr_par' dir='ltr' id='par_1_52' title="bbox 1945 1045 3520 1118">
     <span class='ocr_line' id='line_1_52' title="bbox 1945 1045 3520 1118; baseline -0.002 -16"><span class='ocrx_word' id='word_1_420' title='bbox 1945 1064 2047 1113; x_wconf 84' lang='lat' dir='ltr'><strong>me,</strong></span> <span class='ocrx_word' id='word_1_421' title='bbox 2072 1047 2208 1118; x_wconf 84' lang='lat' dir='ltr'><strong>quod</strong></span> <span class='ocrx_word' id='word_1_422' title='bbox 2231 1063 2324 1118; x_wconf 89' lang='lat' dir='ltr'><strong>ego</strong></span> <span class='ocrx_word' id='word_1_423' title='bbox 2342 1064 2461 1102; x_wconf 81' lang='lat' dir='ltr'><strong>sum</strong></span> <span class='ocrx_word' id='word_1_424' title='bbox 2484 1057 2532 1100; x_wconf 88' lang='lat' dir='ltr'><strong>et</strong></span> <span class='ocrx_word' id='word_1_425' title='bbox 2557 1061 2660 1102; x_wconf 87' lang='lat' dir='ltr'><strong>non</strong></span> <span class='ocrx_word' id='word_1_426' title='bbox 2686 1055 2859 1101; x_wconf 82' lang='lat' dir='ltr'><strong>mutor</strong></span> <span class='ocrx_word' id='word_1_427' title='bbox 2881 1048 2940 1100; x_wconf 65' lang='grc' dir='ltr'><strong>’ἵ</strong></span> <span class='ocrx_word' id='word_1_428' title='bbox 2975 1047 3050 1100; x_wconf 83' lang='lat' dir='ltr'><strong>Ac</strong></span> <span class='ocrx_word' id='word_1_429' title='bbox 3072 1045 3201 1100; x_wconf 88' lang='lat' dir='ltr'><strong>licet</strong></span> <span class='ocrx_word' id='word_1_430' title='bbox 3243 1045 3370 1113; x_wconf 83' lang='lat' dir='ltr'><strong>quis</strong></span> <span class='ocrx_word' id='word_1_431' title='bbox 3413 1045 3520 1100; x_wconf 82' lang='lat' dir='ltr'><strong>hoc</strong></span> 
     </span>
    </p>
   </div>
   <div class='ocr_carea' id='block_1_53' title="bbox 1943 1135 3521 1208">
    <p class='ocr_par' dir='ltr' id='par_1_53' title="bbox 1943 1135 3521 1208">
     <span class='ocr_line' id='line_1_53' title="bbox 1943 1135 3521 1208; baseline -0.002 -15"><span class='ocrx_word' id='word_1_432' title='bbox 1943 1137 2150 1193; x_wconf 88' lang='lat' dir='ltr'><strong>dictum</strong></span> <span class='ocrx_word' id='word_1_433' title='bbox 2173 1137 2241 1194; x_wconf 88' lang='lat' dir='ltr'><strong>ad</strong></span> <span class='ocrx_word' id='word_1_434' title='bbox 2266 1139 2481 1195; x_wconf 82' lang='lat' dir='ltr'><strong>Patrem</strong></span> <span class='ocrx_word' id='word_1_435' title='bbox 2505 1138 2682 1208; x_wconf 89' lang='lat' dir='ltr'><strong>ipsum</strong></span> <span class='ocrx_word' id='word_1_436' title='bbox 2717 1137 2933 1192; x_wconf 83' lang='lat' dir='ltr'><strong>referre</strong></span> <span class='ocrx_word' id='word_1_437' title='bbox 2960 1135 3060 1204; x_wconf 80' lang='lat'><strong>13</strong></span> <span class='ocrx_word' id='word_1_438' title='bbox 3102 1135 3293 1204; x_wconf 80' lang='lat' dir='ltr'><strong>possit,</strong></span> <span class='ocrx_word' id='word_1_439' title='bbox 3339 1135 3521 1204; x_wconf 83' lang='lat' dir='ltr'><strong>aptius</strong></span> 
     </span>
    </p>
   </div>
   <div class='ocr_carea' id='block_1_54' title="bbox 1945 1227 3520 1296">
    <p class='ocr_par' dir='ltr' id='par_1_54' title="bbox 1945 1227 3520 1296">
     <span class='ocr_line' id='line_1_54' title="bbox 1945 1227 3520 1296; baseline -0.004 -10"><span class='ocrx_word' id='word_1_440' title='bbox 1945 1239 2125 1287; x_wconf 86' lang='lat' dir='ltr'><strong>tamen</strong></span> <span class='ocrx_word' id='word_1_441' title='bbox 2171 1231 2338 1286; x_wconf 83' lang='lat' dir='ltr'><strong>fuerit</strong></span> <span class='ocrx_word' id='word_1_442' title='bbox 2379 1246 2530 1286; x_wconf 89' lang='lat' dir='ltr'><strong>nunc</strong></span> <span class='ocrx_word' id='word_1_443' title='bbox 2571 1231 2640 1288; x_wconf 88' lang='lat' dir='ltr'><strong>de</strong></span> <span class='ocrx_word' id='word_1_444' title='bbox 2683 1230 2822 1287; x_wconf 86' lang='lat' dir='ltr'><strong>Filio</strong></span> <span class='ocrx_word' id='word_1_445' title='bbox 2869 1229 3077 1284; x_wconf 89' lang='lat' dir='ltr'><strong>dictum</strong></span> <span class='ocrx_word' id='word_1_446' title='bbox 3129 1227 3377 1296; x_wconf 86' lang='lat' dir='ltr'><strong>accipere</strong></span> <span class='ocrx_word' id='word_1_447' title='bbox 3413 1240 3520 1280; x_wconf 90' lang='lat' dir='ltr'><strong>:co</strong></span> 
     </span>
    </p>
   </div>
   <div class='ocr_carea' id='block_1_55' title="bbox 1940 1319 3522 1392">
    <p class='ocr_par' dir='ltr' id='par_1_55' title="bbox 1940 1319 3522 1392">
     <span class='ocr_line' id='line_1_55' title="bbox 1940 1319 3522 1392; baseline -0.003 -15"><span class='ocrx_word' id='word_1_448' title='bbox 1940 1323 2088 1392; x_wconf 90' lang='lat' dir='ltr'><strong>quod</strong></span> <span class='ocrx_word' id='word_1_449' title='bbox 2110 1337 2235 1377; x_wconf 90' lang='lat' dir='ltr'><strong>cum</strong></span> <span class='ocrx_word' id='word_1_450' title='bbox 2259 1324 2422 1380; x_wconf 87' lang='lat' dir='ltr'><strong>homo</strong></span> <span class='ocrx_word' id='word_1_451' title='bbox 2443 1321 2621 1379; x_wconf 84' lang='lat' dir='ltr'><strong>factus</strong></span> <span class='ocrx_word' id='word_1_452' title='bbox 2642 1321 2734 1386; x_wconf 88' lang='lat' dir='ltr'><strong>sit,</strong></span> <span class='ocrx_word' id='word_1_453' title='bbox 2759 1335 3103 1392; x_wconf 81' lang='lat' dir='ltr'><strong>nequaquam</strong></span> <span class='ocrx_word' id='word_1_454' title='bbox 3142 1326 3228 1373; x_wconf 84' lang='lat' dir='ltr'><strong>est</strong></span> <span class='ocrx_word' id='word_1_455' title='bbox 3267 1319 3522 1372; x_wconf 87' lang='lat' dir='ltr'><strong>immuta-</strong></span> 
     </span>
    </p>
   </div>
   <div class='ocr_carea' id='block_1_56' title="bbox 1943 1411 3520 1484">
    <p class='ocr_par' dir='ltr' id='par_1_56' title="bbox 1943 1411 3520 1484">
     <span class='ocr_line' id='line_1_56' title="bbox 1943 1411 3520 1484; baseline -0.003 -17"><span class='ocrx_word' id='word_1_456' title='bbox 1943 1423 2052 1479; x_wconf 90' lang='lat' dir='ltr'><strong>tus,</strong></span> <span class='ocrx_word' id='word_1_457' title='bbox 2078 1413 2196 1478; x_wconf 89' lang='lat' dir='ltr'><strong>sed,</strong></span> <span class='ocrx_word' id='word_1_458' title='bbox 2241 1422 2301 1468; x_wconf 88' lang='lat' dir='ltr'><strong>ut</strong></span> <span class='ocrx_word' id='word_1_459' title='bbox 2345 1415 2424 1468; x_wconf 89' lang='lat' dir='ltr'><strong>ait</strong></span> <span class='ocrx_word' id='word_1_460' title='bbox 2465 1413 2782 1484; x_wconf 83' lang='lat' dir='ltr'><strong>Apostolus,</strong></span> <span class='ocrx_word' id='word_1_461' title='bbox 2825 1414 2978 1468; x_wconf 77' lang='lat' dir='ltr'><strong>Jesus</strong></span> <span class='ocrx_word' id='word_1_462' title='bbox 3029 1414 3267 1470; x_wconf 77' lang='lat' dir='ltr'><strong>Christus</strong></span> <span class='ocrx_word' id='word_1_463' title='bbox 3314 1411 3423 1464; x_wconf 81' lang='lat' dir='ltr'><strong>heri</strong></span> <span class='ocrx_word' id='word_1_464' title='bbox 3469 1417 3520 1462; x_wconf 87' lang='lat' dir='ltr'><strong>ct</strong></span> 
     </span>
    </p>
   </div>
   <div class='ocr_carea' id='block_1_57' title="bbox 1941 1504 3521 1576">
    <p class='ocr_par' dir='ltr' id='par_1_57' title="bbox 1941 1504 3521 1576">
     <span class='ocr_line' id='line_1_57' title="bbox 1941 1504 3521 1576; baseline -0.004 -16"><span class='ocrx_word' id='word_1_465' title='bbox 1941 1506 2109 1571; x_wconf 82' lang='lat' dir='ltr'><strong>hodie,</strong></span> <span class='ocrx_word' id='word_1_466' title='bbox 2156 1507 2293 1560; x_wconf 82' lang='lat' dir='ltr'><strong>idem</strong></span> <span class='ocrx_word' id='word_1_467' title='bbox 2337 1508 2447 1576; x_wconf 83' lang='lat' dir='ltr'><strong>ipse</strong></span> <span class='ocrx_word' id='word_1_468' title='bbox 2491 1506 2620 1560; x_wconf 81' lang='lat' dir='ltr'><strong>etin</strong></span> <span class='ocrx_word' id='word_1_469' title='bbox 2663 1504 2855 1561; x_wconf 67' lang='lat' dir='ltr'><strong>saecula</strong></span> <span class='ocrx_word' id='word_1_470' title='bbox 2879 1507 2921 1558; x_wconf 84' lang='lat'><strong>’.</strong></span> <span class='ocrx_word' id='word_1_471' title='bbox 2945 1505 3216 1571; x_wconf 87' lang='lat' dir='ltr'><strong>Quidnam</strong></span> <span class='ocrx_word' id='word_1_472' title='bbox 3261 1517 3392 1557; x_wconf 85' lang='lat' dir='ltr'><strong>vero</strong></span> <span class='ocrx_word' id='word_1_473' title='bbox 3426 1515 3521 1554; x_wconf 85' lang='lat' dir='ltr'><strong>eos</strong></span> 
     </span>
    </p>
   </div>
   <div class='ocr_carea' id='block_1_58' title="bbox 1941 1595 3517 1667">
    <p class='ocr_par' dir='ltr' id='par_1_58' title="bbox 1941 1595 3517 1667">
     <span class='ocr_line' id='line_1_58' title="bbox 1941 1595 3517 1667; baseline 0.001 -16"><span class='ocrx_word' id='word_1_474' title='bbox 1941 1597 2184 1667; x_wconf 86' lang='lat' dir='ltr'><strong>impulit,</strong></span> <span class='ocrx_word' id='word_1_475' title='bbox 2214 1606 2275 1651; x_wconf 87' lang='lat' dir='ltr'><strong>ut</strong></span> <span class='ocrx_word' id='word_1_476' title='bbox 2298 1597 2546 1653; x_wconf 84' lang='lat' dir='ltr'><strong>dicerent</strong></span> <span class='ocrx_word' id='word_1_477' title='bbox 2568 1597 2721 1651; x_wconf 88' lang='lat' dir='ltr'><strong>illum</strong></span> <span class='ocrx_word' id='word_1_478' title='bbox 2760 1604 2984 1666; x_wconf 85' lang='lat' dir='ltr'><strong>propter</strong></span> <span class='ocrx_word' id='word_1_479' title='bbox 3025 1611 3128 1651; x_wconf 89' lang='lat' dir='ltr'><strong>nos</strong></span> <span class='ocrx_word' id='word_1_480' title='bbox 3149 1595 3352 1651; x_wconf 76' lang='lat' dir='ltr'><strong>factum</strong></span> <span class='ocrx_word' id='word_1_481' title='bbox 3375 1599 3517 1652; x_wconf 65' lang='lat' dir='ltr'><strong>esse;</strong></span> 
     </span>
    </p>
   </div>
   <div class='ocr_carea' id='block_1_59' title="bbox 1939 1686 3518 1758">
    <p class='ocr_par' dir='ltr' id='par_1_59' title="bbox 1939 1686 3518 1758">
     <span class='ocr_line' id='line_1_59' title="bbox 1939 1686 3518 1758; baseline -0.008 -14"><span class='ocrx_word' id='word_1_482' title='bbox 1939 1703 2066 1744; x_wconf 87' lang='lat' dir='ltr'><strong>cum</strong></span> <span class='ocrx_word' id='word_1_483' title='bbox 2087 1687 2288 1742; x_wconf 80' lang='lat' dir='ltr'><strong>Paulus</strong></span> <span class='ocrx_word' id='word_1_484' title='bbox 2309 1688 2499 1758; x_wconf 86' lang='lat' dir='ltr'><strong>utique</strong></span> <span class='ocrx_word' id='word_1_485' title='bbox 2521 1686 2667 1744; x_wconf 85' lang='lat' dir='ltr'><strong>dicat</strong></span> <span class='ocrx_word' id='word_1_486' title='bbox 2691 1704 2705 1740; x_wconf 86' lang='lat'>:</span> <span class='ocrx_word' id='word_1_487' title='bbox 2729 1687 2953 1758; x_wconf 77' lang='lat' dir='ltr'><strong>Propter</strong></span> <span class='ocrx_word' id='word_1_488' title='bbox 2972 1701 3126 1756; x_wconf 80' lang='lat' dir='ltr'><strong>quem</strong></span> <span class='ocrx_word' id='word_1_489' title='bbox 3149 1686 3348 1748; x_wconf 82' lang='lat' dir='ltr'><strong>omnia,</strong></span> <span class='ocrx_word' id='word_1_490' title='bbox 3367 1689 3413 1734; x_wconf 87' lang='lat' dir='ltr'><strong>et</strong></span> <span class='ocrx_word' id='word_1_491' title='bbox 3427 1696 3518 1750; x_wconf 80' lang='lat' dir='ltr'><strong>per</strong></span> 
     </span>
    </p>
   </div>
   <div class='ocr_carea' id='block_1_60' title="bbox 1941 1771 3521 1848">
    <p class='ocr_par' dir='ltr' id='par_1_60' title="bbox 1941 1771 3521 1848">
     <span class='ocr_line' id='line_1_60' title="bbox 1941 1771 3521 1848; baseline -0.006 -15"><span class='ocrx_word' id='word_1_492' title='bbox 1941 1793 2096 1848; x_wconf 74' lang='lat' dir='ltr'><strong>quem</strong></span> <span class='ocrx_word' id='word_1_493' title='bbox 2118 1778 2298 1832; x_wconf 80' lang='lat' dir='ltr'><strong>omnia</strong></span> <span class='ocrx_word' id='word_1_494' title='bbox 2323 1777 2408 1830; x_wconf 71' lang='grc' dir='ltr'><strong>⁸σῖ</strong></span> <span class='ocrx_word' id='word_1_495' title='bbox 2447 1777 2526 1833; x_wconf 88' lang='lat' dir='ltr'><strong>De</strong></span> <span class='ocrx_word' id='word_1_496' title='bbox 2550 1775 2886 1847; x_wconf 81' lang='lat' dir='ltr'><strong>blasphemia</strong></span> <span class='ocrx_word' id='word_1_497' title='bbox 2905 1789 3038 1830; x_wconf 88' lang='lat' dir='ltr'><strong>vero</strong></span> <span class='ocrx_word' id='word_1_498' title='bbox 3061 1774 3154 1830; x_wconf 90' lang='lat' dir='ltr'><strong>illa</strong></span> <span class='ocrx_word' id='word_1_499' title='bbox 3177 1788 3286 1843; x_wconf 74' lang='lat' dir='ltr'><strong>qua</strong></span> <span class='ocrx_word' id='word_1_500' title='bbox 3329 1771 3521 1826; x_wconf 86' lang='lat' dir='ltr'><strong>dicunt</strong></span> 
     </span>
    </p>
   </div>
   <div class='ocr_carea' id='block_1_61' title="bbox 1946 1861 3520 1936">
    <p class='ocr_par' dir='ltr' id='par_1_61' title="bbox 1946 1861 3520 1936">
     <span class='ocr_line' id='line_1_61' title="bbox 1946 1861 3520 1936; baseline -0.005 -14"><span class='ocrx_word' id='word_1_501' title='bbox 1946 1866 2164 1922; x_wconf 84' lang='lat' dir='ltr'><strong>Patrem</strong></span> <span class='ocrx_word' id='word_1_502' title='bbox 2181 1882 2289 1920; x_wconf 92' lang='lat' dir='ltr'><strong>non</strong></span> <span class='ocrx_word' id='word_1_503' title='bbox 2313 1865 2550 1936; x_wconf 85' lang='lat' dir='ltr'><strong>perfecte</strong></span> <span class='ocrx_word' id='word_1_504' title='bbox 2575 1865 2830 1936; x_wconf 77' lang='lat' dir='ltr'><strong>cognosci</strong></span> <span class='ocrx_word' id='word_1_505' title='bbox 2853 1881 2884 1920; x_wconf 88' lang='lat' dir='ltr'><strong>a</strong></span> <span class='ocrx_word' id='word_1_506' title='bbox 2907 1865 3066 1930; x_wconf 91' lang='lat' dir='ltr'><strong>Filio,</strong></span> <span class='ocrx_word' id='word_1_507' title='bbox 3091 1863 3297 1919; x_wconf 88' lang='lat' dir='ltr'><strong>nemini</strong></span> <span class='ocrx_word' id='word_1_508' title='bbox 3320 1861 3520 1916; x_wconf 90' lang='lat' dir='ltr'><strong>mirum</strong></span> 
     </span>
    </p>
   </div>
   <div class='ocr_carea' id='block_1_62' title="bbox 1949 1949 3522 2012">
    <p class='ocr_par' dir='ltr' id='par_1_62' title="bbox 1949 1949 3522 2012">
     <span class='ocr_line' id='line_1_62' title="bbox 1949 1949 3522 2012; baseline -0.004 -2"><span class='ocrx_word' id='word_1_509' title='bbox 1949 1956 2123 2012; x_wconf 90' lang='lat' dir='ltr'><strong>videri</strong></span> <span class='ocrx_word' id='word_1_510' title='bbox 2146 1956 2330 2012; x_wconf 87' lang='lat' dir='ltr'><strong>debet.</strong></span> <span class='ocrx_word' id='word_1_511' title='bbox 2379 1957 2512 2010; x_wconf 84' lang='lat' dir='ltr'><strong>Nam</strong></span> <span class='ocrx_word' id='word_1_512' title='bbox 2557 1971 2680 2010; x_wconf 88' lang='lat' dir='ltr'><strong>cum</strong></span> <span class='ocrx_word' id='word_1_513' title='bbox 2706 1955 2874 2010; x_wconf 88' lang='lat' dir='ltr'><strong>semel</strong></span> <span class='ocrx_word' id='word_1_514' title='bbox 2917 1953 3140 2009; x_wconf 85' lang='lat' dir='ltr'><strong>Christo</strong></span> <span class='ocrx_word' id='word_1_515' title='bbox 3185 1953 3390 2008; x_wconf 87' lang='lat' dir='ltr'><strong>bellum</strong></span> <span class='ocrx_word' id='word_1_516' title='bbox 3437 1949 3522 2004; x_wconf 87' lang='lat' dir='ltr'><strong>iu-</strong></span> 
     </span>
    </p>
   </div>
   <div class='ocr_carea' id='block_1_63' title="bbox 1949 2040 3520 2115">
    <p class='ocr_par' dir='ltr' id='par_1_63' title="bbox 1949 2040 3520 2115">
     <span class='ocr_line' id='line_1_63' title="bbox 1949 2040 3520 2115; baseline -0.006 -13"><span class='ocrx_word' id='word_1_517' title='bbox 1949 2047 2206 2112; x_wconf 78' lang='lat' dir='ltr'><strong>dixerint,</strong></span> <span class='ocrx_word' id='word_1_518' title='bbox 2234 2055 2500 2115; x_wconf 87' lang='lat' dir='ltr'><strong>spernunt</strong></span> <span class='ocrx_word' id='word_1_519' title='bbox 2525 2061 2742 2115; x_wconf 86' lang='lat' dir='ltr'><strong>quoque</strong></span> <span class='ocrx_word' id='word_1_520' title='bbox 2765 2045 2932 2098; x_wconf 86' lang='lat' dir='ltr'><strong>verba</strong></span> <span class='ocrx_word' id='word_1_521' title='bbox 2957 2045 3130 2114; x_wconf 85' lang='lat' dir='ltr'><strong>ipsius</strong></span> <span class='ocrx_word' id='word_1_522' title='bbox 3172 2041 3386 2096; x_wconf 85' lang='lat' dir='ltr'><strong>Domini</strong></span> <span class='ocrx_word' id='word_1_523' title='bbox 3434 2040 3520 2094; x_wconf 87' lang='lat' dir='ltr'><strong>di-</strong></span> 
     </span>
    </p>
   </div>
   <div class='ocr_carea' id='block_1_64' title="bbox 1949 2130 3517 2208">
    <p class='ocr_par' dir='ltr' id='par_1_64' title="bbox 1949 2130 3517 2208">
     <span class='ocr_line' id='line_1_64' title="bbox 1949 2130 3517 2208; baseline -0.004 -15"><span class='ocrx_word' id='word_1_524' title='bbox 1949 2138 2124 2193; x_wconf 88' lang='lat' dir='ltr'><strong>centis</strong></span> <span class='ocrx_word' id='word_1_525' title='bbox 2149 2138 2188 2169; x_wconf 78' lang='lat'>“</span> <span class='ocrx_word' id='word_1_526' title='bbox 2213 2156 2224 2190; x_wconf 92' lang='lat'>:</span> <span class='ocrx_word' id='word_1_527' title='bbox 2259 2137 2323 2192; x_wconf 87' lang='lat' dir='ltr'><strong>Ut</strong></span> <span class='ocrx_word' id='word_1_528' title='bbox 2348 2138 2608 2208; x_wconf 78' lang='lat' dir='ltr'><strong>cognoscit</strong></span> <span class='ocrx_word' id='word_1_529' title='bbox 2634 2153 2714 2190; x_wconf 91' lang='lat' dir='ltr'><strong>me</strong></span> <span class='ocrx_word' id='word_1_530' title='bbox 2741 2135 2920 2200; x_wconf 80' lang='lat' dir='ltr'><strong>Pater,</strong></span> <span class='ocrx_word' id='word_1_531' title='bbox 2945 2145 2993 2188; x_wconf 88' lang='lat' dir='ltr'><strong>et</strong></span> <span class='ocrx_word' id='word_1_532' title='bbox 3017 2151 3110 2204; x_wconf 80' lang='lat' dir='ltr'><strong>ego</strong></span> <span class='ocrx_word' id='word_1_533' title='bbox 3133 2149 3383 2205; x_wconf 84' lang='lat' dir='ltr'><strong>cognosco</strong></span> <span class='ocrx_word' id='word_1_534' title='bbox 3407 2130 3517 2186; x_wconf 85' lang='lat' dir='ltr'><strong>Pa-</strong></span> 
     </span>
    </p>
   </div>
   <div class='ocr_carea' id='block_1_65' title="bbox 1950 2222 3572 2296">
    <p class='ocr_par' dir='ltr' id='par_1_65' title="bbox 1950 2222 3572 2296">
     <span class='ocr_line' id='line_1_65' title="bbox 1950 2222 3572 2296; baseline -0.005 -15"><span class='ocrx_word' id='word_1_535' title='bbox 1950 2237 2102 2282; x_wconf 85' lang='lat' dir='ltr'><strong>trem.</strong></span> <span class='ocrx_word' id='word_1_536' title='bbox 2128 2227 2362 2283; x_wconf 87' lang='lat' dir='ltr'><strong>Proinde</strong></span> <span class='ocrx_word' id='word_1_537' title='bbox 2387 2227 2434 2283; x_wconf 87' lang='lat' dir='ltr'><strong>si</strong></span> <span class='ocrx_word' id='word_1_538' title='bbox 2459 2235 2702 2296; x_wconf 79' lang='lat' dir='ltr'><strong>exparte</strong></span> <span class='ocrx_word' id='word_1_539' title='bbox 2742 2234 2955 2281; x_wconf 89' lang='lat' dir='ltr'><strong>tantum</strong></span> <span class='ocrx_word' id='word_1_540' title='bbox 2996 2225 3195 2280; x_wconf 86' lang='lat' dir='ltr'><strong>Filium</strong></span> <span class='ocrx_word' id='word_1_541' title='bbox 3240 2222 3519 2294; x_wconf 82' lang='lat' dir='ltr'><strong>cognoscit</strong></span> <span class='ocrx_word' id='word_1_542' title='bbox 3567 2240 3572 2246; x_wconf 92' lang='grc'>·</span> 
     </span>
    </p>
   </div>
   <div class='ocr_carea' id='block_1_66' title="bbox 1949 2310 3522 2386">
    <p class='ocr_par' dir='ltr' id='par_1_66' title="bbox 1949 2310 3522 2386">
     <span class='ocr_line' id='line_1_66' title="bbox 1949 2310 3522 2386; baseline -0.004 -14"><span class='ocrx_word' id='word_1_543' title='bbox 1949 2318 2131 2382; x_wconf 86' lang='lat' dir='ltr'><strong>Pater,</strong></span> <span class='ocrx_word' id='word_1_544' title='bbox 2157 2316 2336 2385; x_wconf 83' lang='lat' dir='ltr'><strong>palam</strong></span> <span class='ocrx_word' id='word_1_545' title='bbox 2361 2325 2448 2372; x_wconf 89' lang='lat' dir='ltr'><strong>est</strong></span> <span class='ocrx_word' id='word_1_546' title='bbox 2485 2315 2632 2386; x_wconf 84' lang='lat' dir='ltr'><strong>quod</strong></span> <span class='ocrx_word' id='word_1_547' title='bbox 2663 2323 2720 2371; x_wconf 91' lang='lat' dir='ltr'><strong>et</strong></span> <span class='ocrx_word' id='word_1_548' title='bbox 2758 2316 2929 2370; x_wconf 83' lang='lat' dir='ltr'><strong>Filius</strong></span> <span class='ocrx_word' id='word_1_549' title='bbox 2969 2329 3040 2370; x_wconf 79' lang='lat' dir='ltr'><strong>ex</strong></span> <span class='ocrx_word' id='word_1_550' title='bbox 3069 2320 3224 2386; x_wconf 87' lang='lat' dir='ltr'><strong>parte</strong></span> <span class='ocrx_word' id='word_1_551' title='bbox 3241 2310 3522 2383; x_wconf 81' lang='lat' dir='ltr'><strong>cognoscit</strong></span> 
     </span>
    </p>
   </div>
   <div class='ocr_carea' id='block_1_67' title="bbox 1953 2403 3520 2473">
    <p class='ocr_par' dir='ltr' id='par_1_67' title="bbox 1953 2403 3520 2473">
     <span class='ocr_line' id='line_1_67' title="bbox 1953 2403 3520 2473; baseline -0.004 -11"><span class='ocrx_word' id='word_1_552' title='bbox 1953 2407 2185 2462; x_wconf 83' lang='lat' dir='ltr'><strong>Patrem.</strong></span> <span class='ocrx_word' id='word_1_553' title='bbox 2211 2406 2366 2473; x_wconf 84' lang='lat' dir='ltr'><strong>Quod</strong></span> <span class='ocrx_word' id='word_1_554' title='bbox 2390 2407 2435 2460; x_wconf 90' lang='lat' dir='ltr'><strong>si</strong></span> <span class='ocrx_word' id='word_1_555' title='bbox 2465 2407 2568 2460; x_wconf 87' lang='lat' dir='ltr'><strong>hoc</strong></span> <span class='ocrx_word' id='word_1_556' title='bbox 2592 2407 2776 2462; x_wconf 87' lang='lat' dir='ltr'><strong>dicere</strong></span> <span class='ocrx_word' id='word_1_557' title='bbox 2820 2405 2972 2461; x_wconf 81' lang='lat' dir='ltr'><strong>nefas</strong></span> <span class='ocrx_word' id='word_1_558' title='bbox 3017 2414 3122 2471; x_wconf 90' lang='lat' dir='ltr'><strong>est,</strong></span> <span class='ocrx_word' id='word_1_559' title='bbox 3172 2411 3230 2460; x_wconf 92' lang='lat' dir='ltr'><strong>et</strong></span> <span class='ocrx_word' id='word_1_560' title='bbox 3273 2403 3318 2458; x_wconf 87' lang='lat' dir='ltr'><strong>si</strong></span> <span class='ocrx_word' id='word_1_561' title='bbox 3359 2403 3520 2458; x_wconf 83' lang='lat' dir='ltr'><strong>Pater</strong></span> 
     </span>
    </p>
   </div>
   <div class='ocr_carea' id='block_1_68' title="bbox 1951 2496 3520 2568">
    <p class='ocr_par' dir='ltr' id='par_1_68' title="bbox 1951 2496 3520 2568">
     <span class='ocr_line' id='line_1_68' title="bbox 1951 2496 3520 2568; baseline -0.003 -15"><span class='ocrx_word' id='word_1_562' title='bbox 1951 2499 2188 2568; x_wconf 74' lang='lat' dir='ltr'><strong>perfecte</strong></span> <span class='ocrx_word' id='word_1_563' title='bbox 2214 2499 2366 2554; x_wconf 88' lang='lat' dir='ltr'><strong>novit</strong></span> <span class='ocrx_word' id='word_1_564' title='bbox 2387 2499 2605 2564; x_wconf 86' lang='lat' dir='ltr'><strong>Filium,</strong></span> <span class='ocrx_word' id='word_1_565' title='bbox 2631 2499 2984 2568; x_wconf 87' lang='lat' dir='ltr'><strong>perspicuum</strong></span> <span class='ocrx_word' id='word_1_566' title='bbox 3027 2496 3284 2568; x_wconf 86' lang='lat' dir='ltr'><strong>estquod</strong></span> <span class='ocrx_word' id='word_1_567' title='bbox 3326 2511 3520 2566; x_wconf 90' lang='lat' dir='ltr'><strong>quem-</strong></span> 
     </span>
    </p>
   </div>
   <div class='ocr_carea' id='block_1_69' title="bbox 1951 2579 3525 2658">
    <p class='ocr_par' dir='ltr' id='par_1_69' title="bbox 1951 2579 3525 2658">
     <span class='ocr_line' id='line_1_69' title="bbox 1951 2579 3525 2658; baseline -0.004 -14"><span class='ocrx_word' id='word_1_568' title='bbox 1951 2589 2245 2644; x_wconf 85' lang='lat' dir='ltr'><strong>admodum</strong></span> <span class='ocrx_word' id='word_1_569' title='bbox 2297 2591 2458 2644; x_wconf 85' lang='lat' dir='ltr'><strong>Pater</strong></span> <span class='ocrx_word' id='word_1_570' title='bbox 2504 2589 2742 2646; x_wconf 89' lang='lat' dir='ltr'><strong>Verbum</strong></span> <span class='ocrx_word' id='word_1_571' title='bbox 2787 2605 2948 2643; x_wconf 88' lang='lat' dir='ltr'><strong>suum</strong></span> <span class='ocrx_word' id='word_1_572' title='bbox 2994 2587 3297 2658; x_wconf 81' lang='lat' dir='ltr'><strong>cognoscit,</strong></span> <span class='ocrx_word' id='word_1_573' title='bbox 3349 2585 3423 2639; x_wconf 88' lang='lat' dir='ltr'><strong>ita</strong></span> <span class='ocrx_word' id='word_1_574' title='bbox 3466 2579 3525 2638; x_wconf 83' lang='lat' dir='ltr'><strong>et</strong></span> 
     </span>
    </p>
   </div>
   <div class='ocr_carea' id='block_1_70' title="bbox 1907 2675 3524 2750">
    <p class='ocr_par' dir='ltr' id='par_1_70' title="bbox 1907 2675 3524 2750">
     <span class='ocr_line' id='line_1_70' title="bbox 1907 2675 3524 2750; baseline -0.002 -17"><span class='ocrx_word' id='word_1_575' title='bbox 1907 2721 1922 2726; x_wconf 84' lang='lat'><strong>-</strong></span> <span class='ocrx_word' id='word_1_576' title='bbox 1955 2678 2125 2734; x_wconf 87' lang='lat' dir='ltr'><strong>Filius</strong></span> <span class='ocrx_word' id='word_1_577' title='bbox 2147 2677 2298 2732; x_wconf 82' lang='lat' dir='ltr'><strong>novit</strong></span> <span class='ocrx_word' id='word_1_578' title='bbox 2336 2678 2556 2732; x_wconf 88' lang='lat' dir='ltr'><strong>Patrem</strong></span> <span class='ocrx_word' id='word_1_579' title='bbox 2599 2693 2759 2731; x_wconf 90' lang='lat' dir='ltr'><strong>suum</strong></span> <span class='ocrx_word' id='word_1_580' title='bbox 2805 2681 2966 2750; x_wconf 80' lang='lat' dir='ltr'><strong>cujus</strong></span> <span class='ocrx_word' id='word_1_581' title='bbox 3007 2686 3092 2732; x_wconf 89' lang='lat' dir='ltr'><strong>est</strong></span> <span class='ocrx_word' id='word_1_582' title='bbox 3133 2676 3397 2733; x_wconf 80' lang='lat' dir='ltr'><strong>Verbum.</strong></span> <span class='ocrx_word' id='word_1_583' title='bbox 3445 2675 3524 2730; x_wconf 78' lang='lat' dir='ltr'><strong>Ac</strong></span> 
     </span>
    </p>
   </div>
   <div class='ocr_carea' id='block_1_71' title="bbox 1953 2767 3526 2847">
    <p class='ocr_par' dir='ltr' id='par_1_71' title="bbox 1953 2767 3526 2847">
     <span class='ocr_line' id='line_1_71' title="bbox 1953 2767 3526 2847; baseline -0.004 -23"><span class='ocrx_word' id='word_1_584' title='bbox 1953 2784 2052 2824; x_wconf 92' lang='lat' dir='ltr'><strong>nos</strong></span> <span class='ocrx_word' id='word_1_585' title='bbox 2074 2768 2296 2838; x_wconf 87' lang='lat' dir='ltr'><strong>quidem</strong></span> <span class='ocrx_word' id='word_1_586' title='bbox 2323 2767 2440 2822; x_wconf 81' lang='lat' dir='ltr'><strong>haec</strong></span> <span class='ocrx_word' id='word_1_587' title='bbox 2461 2767 2728 2847; x_wconf 83' lang='lat' dir='ltr'><strong>dicentes,</strong></span> <span class='ocrx_word' id='word_1_588' title='bbox 2777 2777 2832 2822; x_wconf 85' lang='lat' dir='ltr'><strong>et</strong></span> <span class='ocrx_word' id='word_1_589' title='bbox 2855 2783 3036 2824; x_wconf 88' lang='lat' dir='ltr'><strong>sacras</strong></span> <span class='ocrx_word' id='word_1_590' title='bbox 3083 2767 3394 2836; x_wconf 85' lang='lat' dir='ltr'><strong>Scripturas</strong></span> <span class='ocrx_word' id='word_1_591' title='bbox 3439 2778 3526 2818; x_wconf 92' lang='lat' dir='ltr'><strong>re-</strong></span> 
     </span>
    </p>
   </div>
   <div class='ocr_carea' id='block_1_72' title="bbox 1951 2854 3524 2929">
    <p class='ocr_par' dir='ltr' id='par_1_72' title="bbox 1951 2854 3524 2929">
     <span class='ocr_line' id='line_1_72' title="bbox 1951 2854 3524 2929; baseline -0.003 -17"><span class='ocrx_word' id='word_1_592' title='bbox 1951 2859 2238 2929; x_wconf 82' lang='lat' dir='ltr'><strong>plicantes,</strong></span> <span class='ocrx_word' id='word_1_593' title='bbox 2263 2873 2638 2928; x_wconf 66' lang='lat' dir='ltr'><strong>saepenumero</strong></span> <span class='ocrx_word' id='word_1_594' title='bbox 2678 2873 2774 2914; x_wconf 89' lang='lat' dir='ltr'><strong>eos</strong></span> <span class='ocrx_word' id='word_1_595' title='bbox 2795 2859 3153 2913; x_wconf 85' lang='lat' dir='ltr'><strong>convicimus.</strong></span> <span class='ocrx_word' id='word_1_596' title='bbox 3199 2857 3399 2913; x_wconf 75' lang='lat' dir='ltr'><strong>Verum</strong></span> <span class='ocrx_word' id='word_1_597' title='bbox 3447 2854 3524 2908; x_wconf 90' lang='lat' dir='ltr'><strong>illi</strong></span> 
     </span>
    </p>
   </div>
   <div class='ocr_carea' id='block_1_73' title="bbox 1954 2947 3524 3020">
    <p class='ocr_par' dir='ltr' id='par_1_73' title="bbox 1954 2947 3524 3020">
     <span class='ocr_line' id='line_1_73' title="bbox 1954 2947 3524 3020; baseline -0.003 -15"><span class='ocrx_word' id='word_1_598' title='bbox 1954 2959 2209 3020; x_wconf 87' lang='lat' dir='ltr'><strong>tanquam</strong></span> <span class='ocrx_word' id='word_1_599' title='bbox 2231 2951 2671 3014; x_wconf 73' lang='lat' dir='ltr'><strong>chammleontcs,</strong></span> <span class='ocrx_word' id='word_1_600' title='bbox 2701 2949 2934 3004; x_wconf 87' lang='lat' dir='ltr'><strong>subinde</strong></span> <span class='ocrx_word' id='word_1_601' title='bbox 2959 2949 3150 3004; x_wconf 81' lang='lat' dir='ltr'><strong>mutati</strong></span> <span class='ocrx_word' id='word_1_602' title='bbox 3201 2956 3346 3012; x_wconf 88' lang='lat' dir='ltr'><strong>sunt,</strong></span> <span class='ocrx_word' id='word_1_603' title='bbox 3393 2947 3524 3002; x_wconf 93' lang='lat' dir='ltr'><strong>dum</strong></span> 
     </span>
    </p>
   </div>
   <div class='ocr_carea' id='block_1_74' title="bbox 1954 3039 3524 3112">
    <p class='ocr_par' dir='ltr' id='par_1_74' title="bbox 1954 3039 3524 3112">
     <span class='ocr_line' id='line_1_74' title="bbox 1954 3039 3524 3112; baseline -0.002 -15"><span class='ocrx_word' id='word_1_604' title='bbox 1954 3044 2176 3097; x_wconf 86' lang='lat' dir='ltr'><strong>student</strong></span> <span class='ocrx_word' id='word_1_605' title='bbox 2221 3039 2581 3112; x_wconf 85' lang='lat' dir='ltr'><strong>sibimetipsis</strong></span> <span class='ocrx_word' id='word_1_606' title='bbox 2639 3041 2899 3111; x_wconf 71' lang='lat' dir='ltr'><strong>privatim</strong></span> <span class='ocrx_word' id='word_1_607' title='bbox 2945 3040 3226 3096; x_wconf 84' lang='lat' dir='ltr'><strong>vindicare</strong></span> <span class='ocrx_word' id='word_1_608' title='bbox 3277 3039 3330 3094; x_wconf 90' lang='lat' dir='ltr'><strong>id</strong></span> <span class='ocrx_word' id='word_1_609' title='bbox 3378 3039 3524 3108; x_wconf 88' lang='lat' dir='ltr'><strong>quod</strong></span> 
     </span>
    </p>
   </div>
   <div class='ocr_carea' id='block_1_75' title="bbox 1954 3128 3525 3204">
    <p class='ocr_par' dir='ltr' id='par_1_75' title="bbox 1954 3128 3525 3204">
     <span class='ocr_line' id='line_1_75' title="bbox 1954 3128 3525 3204; baseline -0.006 -15"><span class='ocrx_word' id='word_1_610' title='bbox 1954 3135 2219 3204; x_wconf 86' lang='lat' dir='ltr'><strong>scriptum</strong></span> <span class='ocrx_word' id='word_1_611' title='bbox 2243 3143 2327 3188; x_wconf 90' lang='lat' dir='ltr'><strong>est</strong></span> <span class='ocrx_word' id='word_1_612' title='bbox 2355 3151 2367 3186; x_wconf 90' lang='lat'><strong>:</strong></span> <span class='ocrx_word' id='word_1_613' title='bbox 2393 3132 2596 3204; x_wconf 84' lang='lat' dir='ltr'><strong>Impius</strong></span> <span class='ocrx_word' id='word_1_614' title='bbox 2631 3150 2748 3187; x_wconf 87' lang='lat' dir='ltr'><strong>cum</strong></span> <span class='ocrx_word' id='word_1_615' title='bbox 2792 3134 2846 3186; x_wconf 87' lang='lat' dir='ltr'><strong>in</strong></span> <span class='ocrx_word' id='word_1_616' title='bbox 2897 3131 3215 3202; x_wconf 70' lang='lat' dir='ltr'><strong>profundum</strong></span> <span class='ocrx_word' id='word_1_617' title='bbox 3260 3128 3525 3183; x_wconf 85' lang='lat' dir='ltr'><strong>malorum</strong></span> 
     </span>
    </p>
   </div>
   <div class='ocr_carea' id='block_1_76' title="bbox 1951 3221 3526 3297">
    <p class='ocr_par' dir='ltr' id='par_1_76' title="bbox 1951 3221 3526 3297">
     <span class='ocr_line' id='line_1_76' title="bbox 1951 3221 3526 3297; baseline -0.003 -17"><span class='ocrx_word' id='word_1_618' title='bbox 1951 3229 2207 3297; x_wconf 80' lang='lat' dir='ltr'><strong>gurgitem</strong></span> <span class='ocrx_word' id='word_1_619' title='bbox 2246 3226 2465 3289; x_wconf 77' lang='lat' dir='ltr'><strong>venerit,</strong></span> <span class='ocrx_word' id='word_1_620' title='bbox 2503 3226 2723 3296; x_wconf 77' lang='lat' dir='ltr'><strong>spernit.</strong></span> <span class='ocrx_word' id='word_1_621' title='bbox 2765 3225 2947 3280; x_wconf 73' lang='lat' dir='ltr'><strong>Multa:</strong></span> <span class='ocrx_word' id='word_1_622' title='bbox 2987 3223 3209 3294; x_wconf 86' lang='lat' dir='ltr'><strong>quidem</strong></span> <span class='ocrx_word' id='word_1_623' title='bbox 3253 3231 3378 3276; x_wconf 90' lang='lat' dir='ltr'><strong>ante</strong></span> <span class='ocrx_word' id='word_1_624' title='bbox 3405 3221 3526 3275; x_wconf 88' lang='lat' dir='ltr'><strong>illos</strong></span> 
     </span>
    </p>
   </div>
   <div class='ocr_carea' id='block_1_77' title="bbox 1953 3314 3524 3386">
    <p class='ocr_par' dir='ltr' id='par_1_77' title="bbox 1953 3314 3524 3386">
     <span class='ocr_line' id='line_1_77' title="bbox 1953 3314 3524 3386; baseline -0.004 -14"><span class='ocrx_word' id='word_1_625' title='bbox 1953 3317 2186 3373; x_wconf 65' lang='lat' dir='ltr'><strong>haereses</strong></span> <span class='ocrx_word' id='word_1_626' title='bbox 2207 3317 2560 3380; x_wconf 82' lang='lat' dir='ltr'><strong>exstiterunt,</strong></span> <span class='ocrx_word' id='word_1_627' title='bbox 2585 3332 2707 3386; x_wconf 65' lang='lat' dir='ltr'><strong>quae</strong></span> <span class='ocrx_word' id='word_1_628' title='bbox 2731 3317 2852 3386; x_wconf 90' lang='lat' dir='ltr'><strong>plus</strong></span> <span class='ocrx_word' id='word_1_629' title='bbox 2874 3331 3040 3386; x_wconf 89' lang='lat' dir='ltr'><strong>quam</strong></span> <span class='ocrx_word' id='word_1_630' title='bbox 3089 3314 3319 3370; x_wconf 88' lang='lat' dir='ltr'><strong>decebat</strong></span> <span class='ocrx_word' id='word_1_631' title='bbox 3357 3328 3524 3375; x_wconf 64' lang='lat' dir='ltr'><strong>ause,</strong></span> 
     </span>
    </p>
   </div>
   <div class='ocr_carea' id='block_1_78' title="bbox 1951 3405 3526 3478">
    <p class='ocr_par' dir='ltr' id='par_1_78' title="bbox 1951 3405 3526 3478">
     <span class='ocr_line' id='line_1_78' title="bbox 1951 3405 3526 3478; baseline -0.005 -14"><span class='ocrx_word' id='word_1_632' title='bbox 1951 3409 2010 3464; x_wconf 88' lang='lat' dir='ltr'><strong>in</strong></span> <span class='ocrx_word' id='word_1_633' title='bbox 2052 3416 2352 3464; x_wconf 78' lang='lat' dir='ltr'><strong>extremam</strong></span> <span class='ocrx_word' id='word_1_634' title='bbox 2398 3407 2730 3463; x_wconf 87' lang='lat' dir='ltr'><strong>dementiam</strong></span> <span class='ocrx_word' id='word_1_635' title='bbox 2773 3407 3039 3478; x_wconf 73' lang='lat' dir='ltr'><strong>prolapsa:</strong></span> <span class='ocrx_word' id='word_1_636' title='bbox 3081 3415 3228 3460; x_wconf 88' lang='lat' dir='ltr'><strong>sunt.</strong></span> <span class='ocrx_word' id='word_1_637' title='bbox 3275 3405 3370 3460; x_wconf 90' lang='lat' dir='ltr'><strong>Isti</strong></span> <span class='ocrx_word' id='word_1_638' title='bbox 3393 3420 3526 3458; x_wconf 86' lang='lat' dir='ltr'><strong>vero</strong></span> 
     </span>
    </p>
   </div>
   <div class='ocr_carea' id='block_1_79' title="bbox 1951 3496 3522 3556">
    <p class='ocr_par' dir='ltr' id='par_1_79' title="bbox 1951 3496 3522 3556">
     <span class='ocr_line' id='line_1_79' title="bbox 1951 3496 3522 3556; baseline -0.003 -2"><span class='ocrx_word' id='word_1_639' title='bbox 1951 3499 2293 3554; x_wconf 86' lang='lat' dir='ltr'><strong>divinitatem</strong></span> <span class='ocrx_word' id='word_1_640' title='bbox 2317 3499 2482 3556; x_wconf 82' lang='lat' dir='ltr'><strong>Verbi</strong></span> <span class='ocrx_word' id='word_1_641' title='bbox 2505 3499 2716 3555; x_wconf 87' lang='lat' dir='ltr'><strong>cunctis</strong></span> <span class='ocrx_word' id='word_1_642' title='bbox 2740 3497 3083 3554; x_wconf 87' lang='lat' dir='ltr'><strong>sermonibus</strong></span> <span class='ocrx_word' id='word_1_643' title='bbox 3127 3497 3242 3552; x_wconf 88' lang='lat' dir='ltr'><strong>suis</strong></span> <span class='ocrx_word' id='word_1_644' title='bbox 3289 3496 3522 3551; x_wconf 40' lang='lat' dir='ltr'><strong>subver‘</strong></span> 
     </span>
    </p>
   </div>
   <div class='ocr_carea' id='block_1_80' title="bbox 1953 3587 3518 3664">
    <p class='ocr_par' dir='ltr' id='par_1_80' title="bbox 1953 3587 3518 3664">
     <span class='ocr_line' id='line_1_80' title="bbox 1953 3587 3518 3664; baseline -0.004 -18"><span class='ocrx_word' id='word_1_645' title='bbox 1953 3599 2067 3648; x_wconf 89' lang='lat' dir='ltr'><strong>tere</strong></span> <span class='ocrx_word' id='word_1_646' title='bbox 2114 3591 2310 3654; x_wconf 89' lang='lat' dir='ltr'><strong>moliti,</strong></span> <span class='ocrx_word' id='word_1_647' title='bbox 2359 3590 2662 3664; x_wconf 71' lang='lat' dir='ltr'><strong>eﬂeccrunt</strong></span> <span class='ocrx_word' id='word_1_648' title='bbox 2686 3595 2950 3659; x_wconf 88' lang='lat' dir='ltr'><strong>quantum</strong></span> <span class='ocrx_word' id='word_1_649' title='bbox 2995 3588 3216 3658; x_wconf 87' lang='lat' dir='ltr'><strong>quidem</strong></span> <span class='ocrx_word' id='word_1_650' title='bbox 3242 3587 3298 3642; x_wconf 89' lang='lat' dir='ltr'><strong>in</strong></span> <span class='ocrx_word' id='word_1_651' title='bbox 3325 3603 3383 3642; x_wconf 92' lang='lat' dir='ltr'><strong>sc</strong></span> <span class='ocrx_word' id='word_1_652' title='bbox 3413 3596 3518 3650; x_wconf 79' lang='lat' dir='ltr'><strong>est,</strong></span> 
     </span>
    </p>
   </div>
   <div class='ocr_carea' id='block_1_81' title="bbox 1952 3678 3524 3749">
    <p class='ocr_par' dir='ltr' id='par_1_81' title="bbox 1952 3678 3524 3749">
     <span class='ocr_line' id='line_1_81' title="bbox 1952 3678 3524 3749; baseline 0.001 -17"><span class='ocrx_word' id='word_1_653' title='bbox 1952 3688 2013 3733; x_wconf 89' lang='lat' dir='ltr'><strong>ut</strong></span> <span class='ocrx_word' id='word_1_654' title='bbox 2034 3679 2246 3748; x_wconf 88' lang='lat' dir='ltr'><strong>priores</strong></span> <span class='ocrx_word' id='word_1_655' title='bbox 2267 3679 2500 3734; x_wconf 71' lang='lat' dir='ltr'><strong>Iimrescs</strong></span> <span class='ocrx_word' id='word_1_656' title='bbox 2523 3680 2624 3733; x_wconf 67' lang='lat' dir='ltr'><strong>illa:</strong></span> <span class='ocrx_word' id='word_1_657' title='bbox 2640 3680 2800 3749; x_wconf 72' lang='lat' dir='ltr'><strong>justm</strong></span> <span class='ocrx_word' id='word_1_658' title='bbox 2821 3694 2941 3733; x_wconf 82' lang='lat' dir='ltr'><strong>esse</strong></span> <span class='ocrx_word' id='word_1_659' title='bbox 2967 3679 3303 3744; x_wconf 82' lang='lat' dir='ltr'><strong>viderentur,</strong></span> <span class='ocrx_word' id='word_1_660' title='bbox 3321 3678 3524 3748; x_wconf 86' lang='lat' dir='ltr'><strong>quippe</strong></span> 
     </span>
    </p>
   </div>
   <div class='ocr_carea' id='block_1_82' title="bbox 1951 3767 3511 3840">
    <p class='ocr_par' dir='ltr' id='par_1_82' title="bbox 1951 3767 3511 3840">
     <span class='ocr_line' id='line_1_82' title="bbox 1951 3767 3511 3840; baseline 0 -18"><span class='ocrx_word' id='word_1_661' title='bbox 1951 3770 2045 3838; x_wconf 90' lang='lat' dir='ltr'><strong>qui</strong></span> <span class='ocrx_word' id='word_1_662' title='bbox 2068 3767 2135 3823; x_wconf 89' lang='lat' dir='ltr'><strong>ad</strong></span> <span class='ocrx_word' id='word_1_663' title='bbox 2163 3769 2555 3824; x_wconf 82' lang='lat' dir='ltr'><strong>Antichristum</strong></span> <span class='ocrx_word' id='word_1_664' title='bbox 2583 3771 2807 3840; x_wconf 84' lang='lat' dir='ltr'><strong>propius</strong></span> <span class='ocrx_word' id='word_1_665' title='bbox 2829 3769 3111 3826; x_wconf 84' lang='lat' dir='ltr'><strong>accedant.</strong></span> <span class='ocrx_word' id='word_1_666' title='bbox 3148 3770 3511 3838; x_wconf 85' lang='lat' dir='ltr'><strong>Quamobrem</strong></span> 
     </span>
    </p>
   </div>
   <div class='ocr_carea' id='block_1_83' title="bbox 1951 3861 3518 3934">
    <p class='ocr_par' dir='ltr' id='par_1_83' title="bbox 1951 3861 3518 3934">
     <span class='ocr_line' id='line_1_83' title="bbox 1951 3861 3518 3934; baseline -0.001 -18"><span class='ocrx_word' id='word_1_667' title='bbox 1951 3861 2187 3916; x_wconf 88' lang='lat' dir='ltr'><strong>abdicati</strong></span> <span class='ocrx_word' id='word_1_668' title='bbox 2213 3869 2338 3916; x_wconf 87' lang='lat' dir='ltr'><strong>sunt</strong></span> <span class='ocrx_word' id='word_1_669' title='bbox 2363 3861 2432 3916; x_wconf 88' lang='lat' dir='ltr'><strong>ab</strong></span> <span class='ocrx_word' id='word_1_670' title='bbox 2468 3863 2730 3926; x_wconf 85' lang='lat' dir='ltr'><strong>Ecclesia,</strong></span> <span class='ocrx_word' id='word_1_671' title='bbox 2754 3869 2811 3918; x_wconf 89' lang='lat' dir='ltr'><strong>et</strong></span> <span class='ocrx_word' id='word_1_672' title='bbox 2856 3863 3217 3918; x_wconf 75' lang='lat' dir='ltr'><strong>anathemate</strong></span> <span class='ocrx_word' id='word_1_673' title='bbox 3253 3861 3518 3934; x_wconf 89' lang='lat' dir='ltr'><strong>percussi.</strong></span> 
     </span>
    </p>
   </div>
   <div class='ocr_carea' id='block_1_84' title="bbox 1949 3951 3523 4022">
    <p class='ocr_par' dir='ltr' id='par_1_84' title="bbox 1949 3951 3523 4022">
     <span class='ocr_line' id='line_1_84' title="bbox 1949 3951 3523 4022; baseline 0 -16"><span class='ocrx_word' id='word_1_674' title='bbox 1949 3951 2028 4006; x_wconf 75' lang='lat' dir='ltr'><strong>Ac</strong></span> <span class='ocrx_word' id='word_1_675' title='bbox 2049 3951 2236 4007; x_wconf 87' lang='lat' dir='ltr'><strong>dolore</strong></span> <span class='ocrx_word' id='word_1_676' title='bbox 2257 3953 2479 4022; x_wconf 89' lang='lat' dir='ltr'><strong>quidem</strong></span> <span class='ocrx_word' id='word_1_677' title='bbox 2496 3952 2762 4008; x_wconf 82' lang='lat' dir='ltr'><strong>aﬂicimur</strong></span> <span class='ocrx_word' id='word_1_678' title='bbox 2786 3954 2856 4009; x_wconf 92' lang='lat' dir='ltr'><strong>ob</strong></span> <span class='ocrx_word' id='word_1_679' title='bbox 2880 3955 3108 4011; x_wconf 76' lang='lat' dir='ltr'><strong>exitium</strong></span> <span class='ocrx_word' id='word_1_680' title='bbox 3133 3955 3372 4018; x_wconf 89' lang='lat' dir='ltr'><strong>illorum,</strong></span> <span class='ocrx_word' id='word_1_681' title='bbox 3397 3954 3523 4008; x_wconf 90' lang='lat' dir='ltr'><strong>ideo</strong></span> 
     </span>
    </p>
   </div>
   <div class='ocr_carea' id='block_1_85' title="bbox 1951 4043 3520 4115">
    <p class='ocr_par' dir='ltr' id='par_1_85' title="bbox 1951 4043 3520 4115">
     <span class='ocr_line' id='line_1_85' title="bbox 1951 4043 3520 4115; baseline -0.001 -17"><span class='ocrx_word' id='word_1_682' title='bbox 1951 4044 2254 4114; x_wconf 63' lang='lat' dir='ltr'><strong>praesertim</strong></span> <span class='ocrx_word' id='word_1_683' title='bbox 2277 4043 2424 4115; x_wconf 91' lang='lat' dir='ltr'><strong>quod</strong></span> <span class='ocrx_word' id='word_1_684' title='bbox 2447 4061 2571 4098; x_wconf 91' lang='lat' dir='ltr'><strong>cum</strong></span> <span class='ocrx_word' id='word_1_685' title='bbox 2593 4046 2851 4100; x_wconf 74' lang='lat' dir='ltr'><strong>Ecclesia:</strong></span> <span class='ocrx_word' id='word_1_686' title='bbox 2873 4046 3176 4102; x_wconf 82' lang='lat' dir='ltr'><strong>doctrinam</strong></span> <span class='ocrx_word' id='word_1_687' title='bbox 3222 4046 3350 4099; x_wconf 90' lang='lat' dir='ltr'><strong>olim</strong></span> <span class='ocrx_word' id='word_1_688' title='bbox 3394 4060 3520 4114; x_wconf 88' lang='lat' dir='ltr'><strong>pcr-</strong></span> 
     </span>
    </p>
   </div>
   <div class='ocr_carea' id='block_1_86' title="bbox 1951 4135 3524 4206">
    <p class='ocr_par' dir='ltr' id='par_1_86' title="bbox 1951 4135 3524 4206">
     <span class='ocr_line' id='line_1_86' title="bbox 1951 4135 3524 4206; baseline -0.001 -16"><span class='ocrx_word' id='word_1_689' title='bbox 1951 4135 2232 4205; x_wconf 87' lang='lat' dir='ltr'><strong>ceperint,</strong></span> <span class='ocrx_word' id='word_1_690' title='bbox 2259 4152 2408 4191; x_wconf 89' lang='lat' dir='ltr'><strong>nunc</strong></span> <span class='ocrx_word' id='word_1_691' title='bbox 2437 4137 2506 4190; x_wconf 88' lang='lat' dir='ltr'><strong>ab</strong></span> <span class='ocrx_word' id='word_1_692' title='bbox 2551 4152 2616 4193; x_wconf 86' lang='lat' dir='ltr'><strong>ea</strong></span> <span class='ocrx_word' id='word_1_693' title='bbox 2639 4137 3010 4194; x_wconf 83' lang='lat' dir='ltr'><strong>desciverunt.</strong></span> <span class='ocrx_word' id='word_1_694' title='bbox 3057 4137 3414 4206; x_wconf 86' lang='lat' dir='ltr'><strong>Nequaquam</strong></span> <span class='ocrx_word' id='word_1_695' title='bbox 3445 4144 3524 4188; x_wconf 89' lang='lat' dir='ltr'><strong>ta-</strong></span> 
     </span>
    </p>
   </div>
   <div class='ocr_carea' id='block_1_87' title="bbox 1949 4223 3523 4298">
    <p class='ocr_par' dir='ltr' id='par_1_87' title="bbox 1949 4223 3523 4298">
     <span class='ocr_line' id='line_1_87' title="bbox 1949 4223 3523 4298; baseline -0.003 -18"><span class='ocrx_word' id='word_1_696' title='bbox 1949 4242 2076 4287; x_wconf 85' lang='lat' dir='ltr'><strong>men</strong></span> <span class='ocrx_word' id='word_1_697' title='bbox 2119 4243 2444 4298; x_wconf 79' lang='lat' dir='ltr'><strong>magnopere</strong></span> <span class='ocrx_word' id='word_1_698' title='bbox 2485 4227 2766 4281; x_wconf 85' lang='lat' dir='ltr'><strong>miramur.</strong></span> <span class='ocrx_word' id='word_1_699' title='bbox 2817 4226 2965 4280; x_wconf 82' lang='lat' dir='ltr'><strong>Idem</strong></span> <span class='ocrx_word' id='word_1_700' title='bbox 3021 4227 3168 4280; x_wconf 90' lang='lat' dir='ltr'><strong>enim</strong></span> <span class='ocrx_word' id='word_1_701' title='bbox 3233 4223 3523 4294; x_wconf 68' lang='lat' dir='ltr'><strong>Ilymcnmo</strong></span> 
     </span>
    </p>
   </div>
   <div class='ocr_carea' id='block_1_88' title="bbox 1952 4315 3522 4389">
    <p class='ocr_par' dir='ltr' id='par_1_88' title="bbox 1952 4315 3522 4389">
     <span class='ocr_line' id='line_1_88' title="bbox 1952 4315 3522 4389; baseline -0.004 -15"><span class='ocrx_word' id='word_1_702' title='bbox 1952 4319 2256 4389; x_wconf 78' lang='lat' dir='ltr'><strong>contigitet</strong></span> <span class='ocrx_word' id='word_1_703' title='bbox 2281 4319 2494 4372; x_wconf 85' lang='lat' dir='ltr'><strong>Phileto</strong></span> <span class='ocrx_word' id='word_1_704' title='bbox 2521 4319 2604 4370; x_wconf 78' lang='lat'><strong>&quot;:</strong></span> <span class='ocrx_word' id='word_1_705' title='bbox 2653 4326 2706 4371; x_wconf 90' lang='lat' dir='ltr'><strong>et</strong></span> <span class='ocrx_word' id='word_1_706' title='bbox 2751 4317 3000 4370; x_wconf 82' lang='lat' dir='ltr'><strong>antehos</strong></span> <span class='ocrx_word' id='word_1_707' title='bbox 3021 4315 3206 4379; x_wconf 74' lang='lat' dir='ltr'><strong>Iudae,</strong></span> <span class='ocrx_word' id='word_1_708' title='bbox 3257 4317 3349 4385; x_wconf 88' lang='lat' dir='ltr'><strong>qui</strong></span> <span class='ocrx_word' id='word_1_709' title='bbox 3397 4331 3522 4370; x_wconf 87' lang='lat' dir='ltr'><strong>cum</strong></span> 
     </span>
    </p>
   </div>
   <div class='ocr_carea' id='block_1_89' title="bbox 1953 4403 3524 4477">
    <p class='ocr_par' dir='ltr' id='par_1_89' title="bbox 1953 4403 3524 4477">
     <span class='ocr_line' id='line_1_89' title="bbox 1953 4403 3524 4477; baseline -0.002 -15"><span class='ocrx_word' id='word_1_710' title='bbox 1953 4405 2298 4462; x_wconf 87' lang='lat' dir='ltr'><strong>Servatorem</strong></span> <span class='ocrx_word' id='word_1_711' title='bbox 2341 4413 2582 4460; x_wconf 84' lang='lat' dir='ltr'><strong>sectatus</strong></span> <span class='ocrx_word' id='word_1_712' title='bbox 2626 4405 2840 4470; x_wconf 84' lang='lat' dir='ltr'><strong>fuissct&#39;,</strong></span> <span class='ocrx_word' id='word_1_713' title='bbox 2870 4403 3087 4459; x_wconf 88' lang='lat' dir='ltr'><strong>tandem</strong></span> <span class='ocrx_word' id='word_1_714' title='bbox 3136 4406 3383 4476; x_wconf 87' lang='lat' dir='ltr'><strong>proditor</strong></span> <span class='ocrx_word' id='word_1_715' title='bbox 3405 4407 3524 4477; x_wconf 76' lang='lat' dir='ltr'><strong>ejus</strong></span> 
     </span>
    </p>
   </div>
   <div class='ocr_carea' id='block_1_90' title="bbox 297 4493 1848 4588">
    <p class='ocr_par' dir='ltr' id='par_1_90' title="bbox 297 4493 1848 4568">
     <span class='ocr_line' id='line_1_90' title="bbox 297 4493 1848 4568; baseline -0.004 -18"><span class='ocrx_word' id='word_1_716' title='bbox 297 4498 654 4567; x_wconf 59' lang='grc' dir='ltr'>τρεφομένων</span> <span class='ocrx_word' id='word_1_717' title='bbox 694 4497 810 4564; x_wconf 81' lang='grc' dir='ltr'>τὴν</span> <span class='ocrx_word' id='word_1_718' title='bbox 833 4496 1140 4562; x_wconf 76' lang='grc' dir='ltr'>ἀλήθειαν.</span> <span class='ocrx_word' id='word_1_719' title='bbox 1176 4494 1282 4548; x_wconf 91' lang='grc' dir='ltr'><strong>Τοῦ</strong></span> <span class='ocrx_word' id='word_1_720' title='bbox 1315 4495 1494 4548; x_wconf 83' lang='grc' dir='ltr'>τοίνυν</span> <span class='ocrx_word' id='word_1_721' title='bbox 1525 4493 1730 4568; x_wconf 75' lang='grc' dir='ltr'>Κυρίου</span> <span class='ocrx_word' id='word_1_722' title='bbox 1761 4493 1848 4546; x_wconf 65' lang='grc' dir='ltr'>καὶ</span> 
     </span>
    </p>
   </div>
   <div class='ocr_carea' id='block_1_91' title="bbox 1948 4493 3519 4588">
    <p class='ocr_par' dir='ltr' id='par_1_91' title="bbox 1955 4497 3519 4569">
     <span class='ocr_line' id='line_1_91' title="bbox 1955 4497 3519 4569; baseline 0 -16"><span class='ocrx_word' id='word_1_723' title='bbox 1955 4499 2130 4554; x_wconf 82' lang='lat' dir='ltr'><strong>factus</strong></span> <span class='ocrx_word' id='word_1_724' title='bbox 2149 4505 2234 4553; x_wconf 89' lang='lat' dir='ltr'><strong>est</strong></span> <span class='ocrx_word' id='word_1_725' title='bbox 2256 4512 2320 4552; x_wconf 91' lang='lat' dir='ltr'><strong>ac</strong></span> <span class='ocrx_word' id='word_1_726' title='bbox 2342 4497 2608 4552; x_wconf 87' lang='lat' dir='ltr'><strong>desertor.</strong></span> <span class='ocrx_word' id='word_1_727' title='bbox 2633 4497 2709 4552; x_wconf 85' lang='lat' dir='ltr'><strong>Ac</strong></span> <span class='ocrx_word' id='word_1_728' title='bbox 2733 4497 2799 4552; x_wconf 91' lang='lat' dir='ltr'><strong>de</strong></span> <span class='ocrx_word' id='word_1_729' title='bbox 2833 4498 2921 4553; x_wconf 88' lang='lat' dir='ltr'><strong>his</strong></span> <span class='ocrx_word' id='word_1_730' title='bbox 2941 4498 3104 4554; x_wconf 88' lang='lat' dir='ltr'><strong>etiam</strong></span> <span class='ocrx_word' id='word_1_731' title='bbox 3131 4499 3262 4569; x_wconf 85' lang='lat' dir='ltr'><strong>ipsis</strong></span> <span class='ocrx_word' id='word_1_732' title='bbox 3286 4515 3519 4569; x_wconf 76' lang='lat' dir='ltr'><strong>[memo-</strong></span> 
     </span>
    </p>
   </div>
   <div class='ocr_carea' id='block_1_92' title="bbox 291 4583 1851 4661">
    <p class='ocr_par' dir='ltr' id='par_1_92' title="bbox 291 4583 1851 4661">
     <span class='ocr_line' id='line_1_92' title="bbox 291 4583 1851 4661; baseline -0.001 -21"><span class='ocrx_word' id='word_1_733' title='bbox 291 4591 533 4660; x_wconf 77' lang='grc' dir='ltr'>Σωτῆρος</span> <span class='ocrx_word' id='word_1_734' title='bbox 559 4589 714 4661; x_wconf 67' lang='grc' dir='ltr'>ἡμῶν</span> <span class='ocrx_word' id='word_1_735' title='bbox 750 4583 923 4658; x_wconf 63' lang='grc' dir='ltr'>Ίτξσοῦ</span> <span class='ocrx_word' id='word_1_736' title='bbox 957 4585 1216 4658; x_wconf 82' lang='grc' dir='ltr'>Χριστοῦ,</span> <span class='ocrx_word' id='word_1_737' title='bbox 1247 4587 1336 4641; x_wconf 84' lang='grc' dir='ltr'><strong>διά</strong></span> <span class='ocrx_word' id='word_1_738' title='bbox 1361 4603 1420 4639; x_wconf 88' lang='grc' dir='ltr'><strong>τε</strong></span> <span class='ocrx_word' id='word_1_739' title='bbox 1443 4587 1606 4640; x_wconf 83' lang='grc' dir='ltr'>αὑτοῦ</span> <span class='ocrx_word' id='word_1_740' title='bbox 1634 4601 1851 4657; x_wconf 81' lang='grc' dir='ltr'>παραγ-</span> 
     </span>
    </p>
   </div>
   <div class='ocr_carea' id='block_1_93' title="bbox 292 4677 1852 4756">
    <p class='ocr_par' dir='ltr' id='par_1_93' title="bbox 292 4677 1852 4756">
     <span class='ocr_line' id='line_1_93' title="bbox 292 4677 1852 4756; baseline -0.002 -25"><span class='ocrx_word' id='word_1_741' title='bbox 292 4680 582 4756; x_wconf 73' lang='grc' dir='ltr'>γέλλοντος,</span> <span class='ocrx_word' id='word_1_742' title='bbox 609 4682 705 4734; x_wconf 81' lang='grc' dir='ltr'>καὶ</span> <span class='ocrx_word' id='word_1_743' title='bbox 731 4681 820 4734; x_wconf 73' lang='grc' dir='ltr'><strong>διὰ</strong></span> <span class='ocrx_word' id='word_1_744' title='bbox 847 4679 940 4734; x_wconf 82' lang='grc' dir='ltr'><strong>τοῦ</strong></span> <span class='ocrx_word' id='word_1_745' title='bbox 978 4678 1299 4732; x_wconf 80' lang='grc' dir='ltr'>’Λποστόλου</span> <span class='ocrx_word' id='word_1_746' title='bbox 1328 4678 1688 4748; x_wconf 82' lang='grc' dir='ltr'>σημαίναντος</span> <span class='ocrx_word' id='word_1_747' title='bbox 1726 4677 1852 4746; x_wconf 72' lang='grc' dir='ltr'>περὶ</span> 
     </span>
    </p>
   </div>
   <div class='ocr_carea' id='block_1_94' title="bbox 285 4766 1850 4840">
    <p class='ocr_par' dir='ltr' id='par_1_94' title="bbox 285 4766 1850 4840">
     <span class='ocr_line' id='line_1_94' title="bbox 285 4766 1850 4840; baseline -0.003 -17"><span class='ocrx_word' id='word_1_748' title='bbox 285 4770 398 4823; x_wconf 69' lang='grc' dir='ltr'>τῶν</span> <span class='ocrx_word' id='word_1_749' title='bbox 413 4770 684 4836; x_wconf 75' lang='grc' dir='ltr'>τοιούτων,</span> <span class='ocrx_word' id='word_1_750' title='bbox 707 4769 1014 4832; x_wconf 80' lang='grc' dir='ltr'>ἀκολούθως</span> <span class='ocrx_word' id='word_1_751' title='bbox 1037 4770 1196 4840; x_wconf 82' lang='grc' dir='ltr'>ἡμεῖς</span> <span class='ocrx_word' id='word_1_752' title='bbox 1215 4769 1468 4838; x_wconf 80' lang='grc' dir='ltr'>αὐτήκοοι</span> <span class='ocrx_word' id='word_1_753' title='bbox 1482 4767 1580 4837; x_wconf 79' lang='grc' dir='ltr'>τῆς</span> <span class='ocrx_word' id='word_1_754' title='bbox 1600 4766 1850 4830; x_wconf 77' lang='grc' dir='ltr'>ἀσεϐείας</span> 
     </span>
    </p>
   </div>
   <div class='ocr_carea' id='block_1_95' title="bbox 283 4859 1853 4934">
    <p class='ocr_par' dir='ltr' id='par_1_95' title="bbox 283 4859 1853 4934">
     <span class='ocr_line' id='line_1_95' title="bbox 283 4859 1853 4934; baseline -0.001 -19"><span class='ocrx_word' id='word_1_755' title='bbox 283 4862 466 4916; x_wconf 75' lang='grc' dir='ltr'>αὐτῶν</span> <span class='ocrx_word' id='word_1_756' title='bbox 487 4864 763 4934; x_wconf 83' lang='grc' dir='ltr'>γενόμενοι</span> <span class='ocrx_word' id='word_1_757' title='bbox 785 4901 802 4928; x_wconf 91' lang='grc'><strong>,</strong></span> <span class='ocrx_word' id='word_1_758' title='bbox 829 4860 1301 4933; x_wconf 82' lang='grc' dir='ltr'>ἀνεθεματίσαμεν</span> <span class='ocrx_word' id='word_1_759' title='bbox 1347 4860 1486 4914; x_wconf 74' lang='grc' dir='ltr'>καθα</span> <span class='ocrx_word' id='word_1_760' title='bbox 1520 4859 1853 4932; x_wconf 85' lang='grc' dir='ltr'>προείπομεν</span> 
     </span>
    </p>
   </div>
   <div class='ocr_carea' id='block_1_96' title="bbox 358 5015 1848 5084">
    <p class='ocr_par' dir='ltr' id='par_1_96' title="bbox 358 5015 1848 5084">
     <span class='ocr_line' id='line_1_96' title="bbox 358 5015 1848 5084; baseline -0.001 -10"><span class='ocrx_word' id='word_1_761' title='bbox 358 5019 549 5075; x_wconf 79' lang='lat' dir='ltr'><strong>‘Joan.</strong></span> <span class='ocrx_word' id='word_1_762' title='bbox 577 5036 631 5084; x_wconf 79' lang='grc' dir='ltr'><strong>ιι,</strong></span> <span class='ocrx_word' id='word_1_763' title='bbox 663 5019 752 5074; x_wconf 80' lang='grc'><strong>58.</strong></span> <span class='ocrx_word' id='word_1_764' title='bbox 821 5015 849 5052; x_wconf 85' lang='lat'><strong>&#39;</strong></span> <span class='ocrx_word' id='word_1_765' title='bbox 883 5017 1017 5073; x_wconf 88' lang='lat' dir='ltr'><strong>ibid.</strong></span> <span class='ocrx_word' id='word_1_766' title='bbox 1063 5016 1150 5072; x_wconf 77' lang='lat'><strong>50.</strong></span> <span class='ocrx_word' id='word_1_767' title='bbox 1227 5015 1248 5049; x_wconf 83' lang='grc'><strong><em>⁸</em></strong></span> <span class='ocrx_word' id='word_1_768' title='bbox 1271 5015 1498 5072; x_wconf 81' lang='lat' dir='ltr'><strong>Malach.</strong></span> <span class='ocrx_word' id='word_1_769' title='bbox 1525 5032 1603 5082; x_wconf 89' lang='grc' dir='ltr'>ιιι,</span> <span class='ocrx_word' id='word_1_770' title='bbox 1637 5015 1690 5072; x_wconf 87' lang='lat'><strong>6.</strong></span> <span class='ocrx_word' id='word_1_771' title='bbox 1764 5019 1786 5050; x_wconf 85' lang='lat'><strong><em>°</em></strong></span> <span class='ocrx_word' id='word_1_772' title='bbox 1814 5017 1848 5072; x_wconf 87' lang='lat' dir='ltr'><strong>Il</strong></span> 
     </span>
    </p>
   </div>
   <div class='ocr_carea' id='block_1_97' title="bbox 1948 5015 2232 5084">
    <p class='ocr_par' dir='ltr' id='par_1_97' title="bbox 1948 5019 2232 5084">
     <span class='ocr_line' id='line_1_97' title="bbox 1948 5019 2232 5084; baseline -0.004 -11"><span class='ocrx_word' id='word_1_773' title='bbox 1948 5035 1980 5073; x_wconf 67' lang='grc' dir='ltr'><strong>τ.</strong></span> <span class='ocrx_word' id='word_1_774' title='bbox 2019 5033 2135 5084; x_wconf 75' lang='lat' dir='ltr'><strong>xm,</strong></span> <span class='ocrx_word' id='word_1_775' title='bbox 2181 5019 2232 5073; x_wconf 91' lang='lat'><strong>8.</strong></span> 
     </span>
    </p>
   </div>
   <div class='ocr_carea' id='block_1_98' title="bbox 279 5089 630 5156">
    <p class='ocr_par' dir='ltr' id='par_1_98' title="bbox 279 5089 630 5156">
     <span class='ocr_line' id='line_1_98' title="bbox 279 5089 630 5156; baseline 0 -12"><span class='ocrx_word' id='word_1_776' title='bbox 279 5089 423 5144; x_wconf 79' lang='lat' dir='ltr'><strong>Tim.</strong></span> <span class='ocrx_word' id='word_1_777' title='bbox 453 5105 514 5156; x_wconf 88' lang='grc' dir='ltr'><strong>ιι,</strong></span> <span class='ocrx_word' id='word_1_778' title='bbox 543 5090 630 5144; x_wconf 75' lang='grc' dir='ltr'>ιι.</span> 
     </span>
    </p>
   </div>
   <div class='ocr_carea' id='block_1_99' title="bbox 1958 4588 3522 4658">
    <p class='ocr_par' dir='ltr' id='par_1_99' title="bbox 1958 4588 3522 4658">
     <span class='ocr_line' id='line_1_99' title="bbox 1958 4588 3522 4658; baseline -0.001 -13"><span class='ocrx_word' id='word_1_779' title='bbox 1958 4590 2197 4645; x_wconf 84' lang='lat' dir='ltr'><strong>nitiones</strong></span> <span class='ocrx_word' id='word_1_780' title='bbox 2223 4589 2538 4658; x_wconf 79' lang='lat' dir='ltr'><strong>neutiquam</strong></span> <span class='ocrx_word' id='word_1_781' title='bbox 2561 4588 2722 4642; x_wconf 85' lang='lat' dir='ltr'><strong>nobis</strong></span> <span class='ocrx_word' id='word_1_782' title='bbox 2746 4588 3059 4644; x_wconf 82' lang='lat' dir='ltr'><strong>defuerunt.</strong></span> <span class='ocrx_word' id='word_1_783' title='bbox 3086 4591 3218 4644; x_wconf 70' lang='lat' dir='ltr'><strong>Nam</strong></span> <span class='ocrx_word' id='word_1_784' title='bbox 3261 4589 3522 4644; x_wconf 86' lang='lat' dir='ltr'><strong>Dominus</strong></span> 
     </span>
    </p>
   </div>
   <div class='ocr_carea' id='block_1_100' title="bbox 1957 4678 3516 4751">
    <p class='ocr_par' dir='ltr' id='par_1_100' title="bbox 1957 4678 3516 4751">
     <span class='ocr_line' id='line_1_100' title="bbox 1957 4678 3516 4751; baseline 0.001 -19"><span class='ocrx_word' id='word_1_785' title='bbox 1957 4679 2178 4750; x_wconf 86' lang='lat' dir='ltr'><strong>quidem</strong></span> <span class='ocrx_word' id='word_1_786' title='bbox 2203 4679 2316 4748; x_wconf 86' lang='lat' dir='ltr'><strong>ipse</strong></span> <span class='ocrx_word' id='word_1_787' title='bbox 2342 4678 2591 4748; x_wconf 64' lang='lat' dir='ltr'><strong>praedixit</strong></span> <span class='ocrx_word' id='word_1_788' title='bbox 2621 4697 2633 4730; x_wconf 94' lang='lat'>:</span> <span class='ocrx_word' id='word_1_789' title='bbox 2661 4678 2848 4733; x_wconf 82' lang='lat' dir='ltr'><strong>Cavete</strong></span> <span class='ocrx_word' id='word_1_790' title='bbox 2893 4697 2957 4732; x_wconf 85' lang='lat' dir='ltr'><strong>ne</strong></span> <span class='ocrx_word' id='word_1_791' title='bbox 3000 4681 3110 4751; x_wconf 82' lang='lat' dir='ltr'><strong>quis</strong></span> <span class='ocrx_word' id='word_1_792' title='bbox 3156 4699 3242 4734; x_wconf 85' lang='lat' dir='ltr'><strong>vos</strong></span> <span class='ocrx_word' id='word_1_793' title='bbox 3285 4681 3516 4734; x_wconf 76' lang='lat' dir='ltr'><strong>seducet.</strong></span> 
     </span>
    </p>
   </div>
   <div class='ocr_carea' id='block_1_101' title="bbox 1962 4769 3522 4841">
    <p class='ocr_par' dir='ltr' id='par_1_101' title="bbox 1962 4769 3522 4841">
     <span class='ocr_line' id='line_1_101' title="bbox 1962 4769 3522 4841; baseline 0.001 -17"><span class='ocrx_word' id='word_1_794' title='bbox 1962 4771 2178 4824; x_wconf 85' lang='lat' dir='ltr'><strong>Venient</strong></span> <span class='ocrx_word' id='word_1_795' title='bbox 2221 4772 2358 4822; x_wconf 84' lang='lat' dir='ltr'><strong>enim</strong></span> <span class='ocrx_word' id='word_1_796' title='bbox 2405 4769 2556 4822; x_wconf 80' lang='lat' dir='ltr'><strong>multi</strong></span> <span class='ocrx_word' id='word_1_797' title='bbox 2601 4771 2656 4823; x_wconf 83' lang='lat' dir='ltr'><strong>in</strong></span> <span class='ocrx_word' id='word_1_798' title='bbox 2703 4769 2911 4824; x_wconf 79' lang='lat' dir='ltr'><strong>nomine</strong></span> <span class='ocrx_word' id='word_1_799' title='bbox 2939 4788 3070 4834; x_wconf 72' lang='lat' dir='ltr'><strong>meo,</strong></span> <span class='ocrx_word' id='word_1_800' title='bbox 3098 4771 3365 4826; x_wconf 82' lang='lat' dir='ltr'><strong>dicentes:</strong></span> <span class='ocrx_word' id='word_1_801' title='bbox 3408 4772 3522 4841; x_wconf 80' lang='lat' dir='ltr'><strong>Ego</strong></span> 
     </span>
    </p>
   </div>
   <div class='ocr_carea' id='block_1_102' title="bbox 1957 4863 3523 4937">
    <p class='ocr_par' dir='ltr' id='par_1_102' title="bbox 1957 4863 3523 4937">
     <span class='ocr_line' id='line_1_102' title="bbox 1957 4863 3523 4937; baseline 0.002 -23"><span class='ocrx_word' id='word_1_802' title='bbox 1957 4877 2093 4926; x_wconf 84' lang='lat' dir='ltr'><strong>sum,</strong></span> <span class='ocrx_word' id='word_1_803' title='bbox 2119 4871 2168 4915; x_wconf 91' lang='lat' dir='ltr'><strong>et</strong></span> <span class='ocrx_word' id='word_1_804' title='bbox 2194 4871 2395 4932; x_wconf 83' lang='lat' dir='ltr'><strong>tempus</strong></span> <span class='ocrx_word' id='word_1_805' title='bbox 2440 4863 2922 4934; x_wconf 81' lang='lat' dir='ltr'><strong>appropinquavit:</strong></span> <span class='ocrx_word' id='word_1_806' title='bbox 2948 4866 3238 4937; x_wconf 84' lang='lat' dir='ltr'><strong>multosque</strong></span> <span class='ocrx_word' id='word_1_807' title='bbox 3281 4867 3335 4919; x_wconf 82' lang='lat' dir='ltr'><strong>in</strong></span> <span class='ocrx_word' id='word_1_808' title='bbox 3379 4883 3523 4919; x_wconf 84' lang='lat' dir='ltr'><strong>erro-</strong></span> 
     </span>
    </p>
   </div>
   <div class='ocr_carea' id='block_1_103' title="bbox 2329 5017 3518 5085">
    <p class='ocr_par' dir='ltr' id='par_1_103' title="bbox 2329 5017 3518 5085">
     <span class='ocr_line' id='line_1_103' title="bbox 2329 5017 3518 5085; baseline 0.003 -12"><span class='ocrx_word' id='word_1_809' title='bbox 2329 5017 2372 5050; x_wconf 84' lang='grc'><strong>⁸⁰</strong></span> <span class='ocrx_word' id='word_1_810' title='bbox 2396 5017 2562 5074; x_wconf 89' lang='lat' dir='ltr'><strong>IIebr.</strong></span> <span class='ocrx_word' id='word_1_811' title='bbox 2591 5035 2650 5085; x_wconf 88' lang='grc' dir='ltr'><strong>ιι,</strong></span> <span class='ocrx_word' id='word_1_812' title='bbox 2679 5019 2764 5075; x_wconf 72' lang='grc'><strong>10.</strong></span> <span class='ocrx_word' id='word_1_813' title='bbox 2859 5019 3076 5076; x_wconf 79' lang='lat' dir='ltr'><strong>“Ioan.</strong></span> <span class='ocrx_word' id='word_1_814' title='bbox 3119 5036 3172 5085; x_wconf 82' lang='grc' dir='ltr'><strong>ιι,</strong></span> <span class='ocrx_word' id='word_1_815' title='bbox 3218 5019 3304 5076; x_wconf 80' lang='lat' dir='ltr'><strong>I5.</strong></span> <span class='ocrx_word' id='word_1_816' title='bbox 3389 5022 3432 5052; x_wconf 77' lang='grc'><strong>⁸³</strong></span> <span class='ocrx_word' id='word_1_817' title='bbox 3473 5021 3518 5076; x_wconf 92' lang='lat' dir='ltr'><strong>II</strong></span> 
     </span>
    </p>
   </div>
   <div class='ocr_carea' id='block_1_104' title="bbox 1489 5177 2343 5260">
    <p class='ocr_par' dir='ltr' id='par_1_104' title="bbox 1489 5177 2343 5260">
     <span class='ocr_line' id='line_1_104' title="bbox 1489 5177 2343 5260; baseline 0.002 -2"><span class='ocrx_word' id='word_1_818' title='bbox 1489 5202 1757 5259; x_wconf 80' lang='lat' dir='ltr'><strong>VALESII</strong></span> <span class='ocrx_word' id='word_1_819' title='bbox 1795 5177 2343 5260; x_wconf 78' lang='lat' dir='ltr'><strong>ANNOTATIONES.</strong></span> 
     </span>
    </p>
   </div>
   <div class='ocr_carea' id='block_1_105' title="bbox 343 5287 1848 5365">
    <p class='ocr_par' dir='ltr' id='par_1_105' title="bbox 343 5287 1848 5365">
     <span class='ocr_line' id='line_1_105' title="bbox 343 5287 1848 5365; baseline 0.001 -15"><span class='ocrx_word' id='word_1_820' title='bbox 343 5287 462 5365; x_wconf 67' lang='lat'><strong>(28)</strong></span> <span class='ocrx_word' id='word_1_821' title='bbox 501 5293 608 5349; x_wconf 83' lang='grc' dir='ltr'><strong>Διὰ</strong></span> <span class='ocrx_word' id='word_1_822' title='bbox 637 5293 876 5350; x_wconf 75' lang='grc' dir='ltr'>πάντων</span> <span class='ocrx_word' id='word_1_823' title='bbox 915 5293 1114 5349; x_wconf 75' lang='grc' dir='ltr'>αὐτῶν</span> <span class='ocrx_word' id='word_1_824' title='bbox 1158 5293 1275 5348; x_wconf 80' lang='grc' dir='ltr'><strong>τῶν</strong></span> <span class='ocrx_word' id='word_1_825' title='bbox 1298 5295 1596 5364; x_wconf 76' lang='grc' dir='ltr'>ῥημάτων.</span> <span class='ocrx_word' id='word_1_826' title='bbox 1623 5296 1848 5351; x_wconf 79' lang='lat' dir='ltr'><strong>Rectius</strong></span> 
     </span>
    </p>
   </div>
   <div class='ocr_carea' id='block_1_106' title="bbox 265 5365 1846 5435">
    <p class='ocr_par' dir='ltr' id='par_1_106' title="bbox 265 5365 1846 5435">
     <span class='ocr_line' id='line_1_106' title="bbox 265 5365 1846 5435; baseline 0.001 -17"><span class='ocrx_word' id='word_1_827' title='bbox 265 5365 331 5418; x_wconf 82' lang='lat' dir='ltr'><strong>in</strong></span> <span class='ocrx_word' id='word_1_828' title='bbox 355 5365 552 5421; x_wconf 84' lang='lat' dir='ltr'><strong>codice</strong></span> <span class='ocrx_word' id='word_1_829' title='bbox 573 5365 775 5420; x_wconf 83' lang='lat' dir='ltr'><strong>Leonis</strong></span> <span class='ocrx_word' id='word_1_830' title='bbox 794 5365 978 5420; x_wconf 81' lang='lat' dir='ltr'><strong>AIIatii</strong></span> <span class='ocrx_word' id='word_1_831' title='bbox 1005 5365 1204 5435; x_wconf 79' lang='lat' dir='ltr'><strong>legitur</strong></span> <span class='ocrx_word' id='word_1_832' title='bbox 1225 5365 1312 5418; x_wconf 72' lang='grc' dir='ltr'><strong>διὰ</strong></span> <span class='ocrx_word' id='word_1_833' title='bbox 1339 5367 1553 5419; x_wconf 73' lang='grc' dir='ltr'>πάντων</span> <span class='ocrx_word' id='word_1_834' title='bbox 1583 5365 1690 5418; x_wconf 81' lang='grc' dir='ltr'>τῶν</span> <span class='ocrx_word' id='word_1_835' title='bbox 1717 5368 1846 5420; x_wconf 81' lang='grc' dir='ltr'>ἐαυ-</span> 
     </span>
    </p>
   </div>
   <div class='ocr_carea' id='block_1_107' title="bbox 265 5435 1849 5507">
    <p class='ocr_par' dir='ltr' id='par_1_107' title="bbox 265 5435 1849 5507">
     <span class='ocr_line' id='line_1_107' title="bbox 265 5435 1849 5507; baseline 0.001 -21"><span class='ocrx_word' id='word_1_836' title='bbox 265 5435 376 5486; x_wconf 62' lang='lat' dir='ltr'><strong>te?»</strong></span> <span class='ocrx_word' id='word_1_837' title='bbox 425 5437 712 5507; x_wconf 58' lang='grc' dir='ltr'>ῥηματων.</span> <span class='ocrx_word' id='word_1_838' title='bbox 760 5435 1012 5507; x_wconf 73' lang='lat' dir='ltr'><strong>Gelasius</strong></span> <span class='ocrx_word' id='word_1_839' title='bbox 1057 5451 1190 5507; x_wconf 87' lang='lat' dir='ltr'><strong>vero</strong></span> <span class='ocrx_word' id='word_1_840' title='bbox 1232 5435 1502 5506; x_wconf 90' lang='lat' dir='ltr'><strong>scriptum</strong></span> <span class='ocrx_word' id='word_1_841' title='bbox 1549 5435 1714 5491; x_wconf 87' lang='lat' dir='ltr'><strong>habet</strong></span> <span class='ocrx_word' id='word_1_842' title='bbox 1761 5435 1849 5489; x_wconf 78' lang='grc' dir='ltr'>διὰ</span> 
     </span>
    </p>
   </div>
   <div class='ocr_carea' id='block_1_108' title="bbox 265 5504 1206 5576">
    <p class='ocr_par' dir='ltr' id='par_1_108' title="bbox 265 5504 1206 5576">
     <span class='ocr_line' id='line_1_108' title="bbox 265 5504 1206 5576; baseline 0 -18"><span class='ocrx_word' id='word_1_843' title='bbox 265 5504 499 5558; x_wconf 64' lang='grc' dir='ltr'>πάντων</span> <span class='ocrx_word' id='word_1_844' title='bbox 523 5505 634 5558; x_wconf 81' lang='grc' dir='ltr'><strong>τῶν</strong></span> <span class='ocrx_word' id='word_1_845' title='bbox 662 5504 873 5559; x_wconf 76' lang='grc' dir='ltr'>ἑαυτῶν</span> <span class='ocrx_word' id='word_1_846' title='bbox 905 5505 1206 5576; x_wconf 80' lang='grc' dir='ltr'>ῥηματίων.</span> 
     </span>
    </p>
   </div>
   <div class='ocr_carea' id='block_1_109' title="bbox 2022 5296 3520 5370">
    <p class='ocr_par' dir='ltr' id='par_1_109' title="bbox 2022 5296 3520 5370">
     <span class='ocr_line' id='line_1_109' title="bbox 2022 5296 3520 5370; baseline 0.003 -19"><span class='ocrx_word' id='word_1_847' title='bbox 2022 5298 2132 5366; x_wconf 75' lang='lat'><strong>(‘29)</strong></span> <span class='ocrx_word' id='word_1_848' title='bbox 2177 5296 2690 5370; x_wconf 67' lang='grc' dir='ltr'>Ἐπιχειριὶσαντες</span> <span class='ocrx_word' id='word_1_849' title='bbox 2747 5299 2869 5370; x_wconf 76' lang='grc' dir='ltr'>ταῖς</span> <span class='ocrx_word' id='word_1_850' title='bbox 2937 5301 3300 5366; x_wconf 73' lang='grc' dir='ltr'>ἀναιρέσεσι.</span> <span class='ocrx_word' id='word_1_851' title='bbox 3352 5299 3520 5370; x_wconf 78' lang='lat' dir='ltr'><strong>Magis</strong></span> 
     </span>
    </p>
   </div>
   <div class='ocr_carea' id='block_1_110' title="bbox 1953 5368 3517 5438">
    <p class='ocr_par' dir='ltr' id='par_1_110' title="bbox 1953 5368 3517 5438">
     <span class='ocr_line' id='line_1_110' title="bbox 1953 5368 3517 5438; baseline 0 -16"><span class='ocrx_word' id='word_1_852' title='bbox 1953 5368 2132 5438; x_wconf 87' lang='lat' dir='ltr'><strong>placet</strong></span> <span class='ocrx_word' id='word_1_853' title='bbox 2154 5369 2316 5424; x_wconf 86' lang='lat' dir='ltr'><strong>lectio</strong></span> <span class='ocrx_word' id='word_1_854' title='bbox 2342 5384 2464 5438; x_wconf 68' lang='lat' dir='ltr'><strong>quae</strong></span> <span class='ocrx_word' id='word_1_855' title='bbox 2487 5369 2721 5424; x_wconf 84' lang='lat' dir='ltr'><strong>habetur</strong></span> <span class='ocrx_word' id='word_1_856' title='bbox 2745 5369 2800 5424; x_wconf 92' lang='lat' dir='ltr'><strong>in</strong></span> <span class='ocrx_word' id='word_1_857' title='bbox 2823 5369 3012 5425; x_wconf 87' lang='lat' dir='ltr'><strong>codice</strong></span> <span class='ocrx_word' id='word_1_858' title='bbox 3037 5370 3236 5424; x_wconf 87' lang='lat' dir='ltr'><strong>Leonis</strong></span> <span class='ocrx_word' id='word_1_859' title='bbox 3258 5368 3517 5423; x_wconf 49' lang='lat' dir='ltr'><strong>Allatii&#39;ct</strong></span> 
     </span>
    </p>
   </div>
   <div class='ocr_carea' id='block_1_111' title="bbox 1953 5439 3407 5512">
    <p class='ocr_par' dir='ltr' id='par_1_111' title="bbox 1953 5439 3407 5512">
     <span class='ocr_line' id='line_1_111' title="bbox 1953 5439 3407 5512; baseline -0.002 -19"><span class='ocrx_word' id='word_1_860' title='bbox 1953 5439 2098 5509; x_wconf 84' lang='lat' dir='ltr'><strong>apud</strong></span> <span class='ocrx_word' id='word_1_861' title='bbox 2125 5439 2420 5506; x_wconf 84' lang='lat' dir='ltr'><strong>Gelasium,</strong></span> <span class='ocrx_word' id='word_1_862' title='bbox 2447 5441 2889 5512; x_wconf 76' lang='grc' dir='ltr'>ἐπιχειρήσαντες</span> <span class='ocrx_word' id='word_1_863' title='bbox 2912 5441 2976 5494; x_wconf 75' lang='grc' dir='ltr'>τὰ</span> <span class='ocrx_word' id='word_1_864' title='bbox 3004 5442 3083 5503; x_wconf 83' lang='grc' dir='ltr'><strong>είς</strong></span> <span class='ocrx_word' id='word_1_865' title='bbox 3114 5441 3407 5510; x_wconf 82' lang='grc' dir='ltr'>ἀναίρεσιν.</span> 
     </span>
    </p>
   </div>
   <div class='ocr_carea' id='block_1_112' title="bbox 1727 5609 2105 5668">
    <p class='ocr_par' dir='ltr' id='par_1_112' title="bbox 1727 5609 2105 5668">
     <span class='ocr_line' id='line_1_112' title="bbox 1727 5609 2105 5668; baseline 0.005 -4"><span class='ocrx_word' id='word_1_866' title='bbox 1727 5609 2105 5668; x_wconf 76' lang='lat' dir='ltr'><strong>VARIORUM.</strong></span> 
     </span>
    </p>
   </div>
   <div class='ocr_carea' id='block_1_113' title="bbox 333 5679 1848 5781">
    <p class='ocr_par' dir='ltr' id='par_1_113' title="bbox 333 5703 1848 5781">
     <span class='ocr_line' id='line_1_113' title="bbox 333 5703 1848 5781; baseline -0.012 -4"><span class='ocrx_word' id='word_1_867' title='bbox 333 5705 603 5781; x_wconf 53' lang='lat'><strong>1-039’:</strong></span> <span class='ocrx_word' id='word_1_868' title='bbox 622 5704 771 5781; x_wconf 70' lang='grc' dir='ltr'><strong>ἔλθῃ</strong></span> <span class='ocrx_word' id='word_1_869' title='bbox 799 5707 830 5758; x_wconf 79' lang='grc' dir='ltr'><strong><em>ό</em></strong></span> <span class='ocrx_word' id='word_1_870' title='bbox 859 5703 1087 5771; x_wconf 74' lang='grc' dir='ltr'>ἀσεϐὴς</span> <span class='ocrx_word' id='word_1_871' title='bbox 1111 5707 1196 5771; x_wconf 77' lang='grc' dir='ltr'>εἰς</span> <span class='ocrx_word' id='word_1_872' title='bbox 1233 5705 1394 5772; x_wconf 66' lang='grc' dir='ltr'>,ϐάθη</span> <span class='ocrx_word' id='word_1_873' title='bbox 1447 5703 1662 5770; x_wconf 75' lang='grc' dir='ltr'>κακῶν,</span> <span class='ocrx_word' id='word_1_874' title='bbox 1713 5721 1848 5759; x_wconf 65' lang='lat' dir='ltr'><strong>mea</strong></span> 
     </span>
    </p>
   </div>
   <div class='ocr_carea' id='block_1_114' title="bbox 1948 5679 3518 5781">
    <p class='ocr_par' dir='ltr' id='par_1_114' title="bbox 1948 5705 3518 5781">
     <span class='ocr_line' id='line_1_114' title="bbox 1948 5705 3518 5781; baseline 0.003 -22"><span class='ocrx_word' id='word_1_875' title='bbox 1948 5705 2083 5760; x_wconf 77' lang='grc' dir='ltr'><strong>ονεῖ.</strong></span> <span class='ocrx_word' id='word_1_876' title='bbox 2139 5705 2314 5762; x_wconf 87' lang='lat' dir='ltr'><strong>Locus</strong></span> <span class='ocrx_word' id='word_1_877' title='bbox 2362 5708 2681 5781; x_wconf 84' lang='lat' dir='ltr'><strong>desumptus</strong></span> <span class='ocrx_word' id='word_1_878' title='bbox 2723 5727 2752 5765; x_wconf 90' lang='lat' dir='ltr'><strong>e</strong></span> <span class='ocrx_word' id='word_1_879' title='bbox 2793 5710 3056 5766; x_wconf 70' lang='grc' dir='ltr'>νισι-οτι).</span> <span class='ocrx_word' id='word_1_880' title='bbox 3089 5723 3234 5772; x_wconf 78' lang='lat' dir='ltr'><strong>xvul,</strong></span> <span class='ocrx_word' id='word_1_881' title='bbox 3269 5705 3323 5764; x_wconf 76' lang='grc'><strong>5.</strong></span> <span class='ocrx_word' id='word_1_882' title='bbox 3365 5706 3518 5778; x_wconf 68' lang='lat' dir='ltr'><strong>juxta</strong></span> 
     </span>
    </p>
   </div>
   <div class='ocr_carea' id='block_1_115' title="bbox 263 5770 798 5830">
    <p class='ocr_par' dir='ltr' id='par_1_115' title="bbox 263 5770 798 5830">
     <span class='ocr_line' id='line_1_115' title="bbox 263 5770 798 5830; baseline 0.004 -6"><span class='ocrx_word' id='word_1_883' title='bbox 263 5770 434 5829; x_wconf 70' lang='lat' dir='ltr'><strong>LXX.</strong></span> <span class='ocrx_word' id='word_1_884' title='bbox 467 5773 553 5830; x_wconf 83' lang='lat' dir='ltr'><strong>W.</strong></span> <span class='ocrx_word' id='word_1_885' title='bbox 582 5773 798 5830; x_wconf 78' lang='lat' dir='ltr'><strong>Lowth.</strong></span> 
     </span>
    </p>
   </div>
  </div>
