4046 6204
502 348 569 401 53

1954 340 2288 401 εοοῐιΑτιε

3680 351 3751 406 56

497 470 556 515 et
585 459 797 524 Arium,
838 472 936 528 per
983 458 1162 514 virum
1200 468 1456 532 spectatae
1501 460 1661 527 ﬁdei,
1698 461 1928 518 Hosiqu
1978 475 2079 517 no-

2204 460 2406 533 Ἀρειον
2436 463 2667 535 πέμπει,
2697 464 2765 519 δι’
2795 464 2985 535 ἀνδρὸς
3026 463 3360 531 ἀξιοπίστου,
3386 458 3432 534 ᾧ
3459 463 3629 536 ὄνομα
3655 466 3757 538 μὲν

500 551 683 613 mine,
727 551 1046 621 episcopum
1084 549 1355 608 Cordubae
1399 567 1523 623 quae
1570 552 1847 623 Hispania:
1884 552 2075 607 civitas

500 649 586 697 est
611 658 624 694 :
648 656 812 711 quem
834 642 1056 711 quidem
1094 642 1392 713 imperator
1422 651 1481 701 et
1516 644 1732 699 amabat
1767 652 1823 699 et
1862 642 2077 699 colebat

499 732 820 802 plurimum.
858 733 1064 788 Harum
1112 734 1421 792 litterarum
1459 748 1670 806 partem
1710 736 1800 791 hic
1836 736 2077 791 inserere

501 835 871 895 opportunum
896 827 1007 897 .13
1027 827 1178 883 duxi.
1224 829 1454 901 integrae
1487 829 1636 884 enim
1671 836 1890 884 exstant
1925 829 1981 885 in
2013 827 2079 884 li-

501 915 620 972 bris
640 918 867 973 Eusebii
891 918 959 973 de
982 920 1102 973 Vita
1123 919 1489 976 Constantini.

506 1100 681 1155 Victor
718 1076 1097 1157 Constantinus
1139 1103 1404 1227 Maximus
1450 1104 1733 1176 Augustus,
1778 1103 2081 1160 Alexandro

1176 1189 1202 1226 e
1313 1191 1410 1227 rzo.

1176 1189 1225 1226 ει
1260 1189 1410 1227 Αγιο.

574 1281 867 1338 Praesentis
912 1291 1300 1339 controversnae
1361 1285 1578 1340 initium
1640 1286 1769 1343 hinc
1807 1287 2084 1343 exstitisse

504 1372 953 1442 comperio.Cum
977 1375 1123 1429 enim
1146 1382 1226 1440 tu,
1243 1375 1566 1444 Alexander,
1583 1394 1612 1433 a
1631 1378 1964 1451 presbyteris
1979 1379 2087 1435 tuis

506 1462 839 1533 requireres,
857 1463 990 1534 quid
1004 1466 1382 1536 unusquisque
1405 1482 1594 1521 eorum
1616 1467 1683 1524 de
1704 1468 2089 1540 quodamlegis

505 1554 628 1609 loco
652 1556 900 1621 sentiret,
939 1571 1038 1612 seu
1080 1558 1270 1628 potius
1311 1558 1383 1614 de
1425 1559 1664 1629 quadam
1710 1569 1866 1632 parte
1909 1562 2091 1619 inanis

506 1644 827 1713 quastionis
855 1661 954 1701 eos
1001 1646 1372 1719 interrogares
1423 1666 1437 1702 :
1473 1663 1709 1720 cumque
1745 1659 1835 1715 tu,
1869 1651 1997 1717 Ari',
2033 1652 2091 1707 id

507 1737 656 1806 quod
679 1737 768 1793 vel
804 1752 1085 1810 nunquam
1108 1739 1373 1811 cogitare,
1402 1740 1493 1796 vel
1534 1755 1665 1797 sane
1697 1743 1994 1813 cogitatum
2019 1743 2093 1799 si-

509 1826 682 1887 lentio
702 1791 957 1898 premere
996 1791 1299 1897 debueras,
1334 1831 1714 1901 imprudenter
1735 1791 2088 1903 protulisses;
2123 1791 2163 1845 Β

509 1916 746 1974 excitata
772 1917 917 1973 inter
937 1934 1038 1973 vos
1075 1918 1371 1985 discordia,
1397 1922 1713 1977 communio
1738 1922 1961 1992 quidem
1997 1922 2093 1979 de-

511 2016 708 2080 negata
728 2018 841 2076 est;
865 2011 1246 2067 sanctissimus
1262 2019 1445 2067 autem
1467 2013 1703 2082 populus
1723 2012 1862 2069 duas
1884 2014 1938 2067 in
1961 2028 2091 2084 par-

513 2107 596 2154 tes
642 2100 939 2167 discissus,
984 2117 1016 2157 a
1060 2101 1230 2157 totius
1271 2103 1523 2172 corporis
1567 2104 1778 2166 unitate
1821 2104 2089 2159 discessit.

512 2190 781 2258 Quocirca
824 2199 1063 2262 uterque
1101 2201 1350 2248 vestrum
1392 2194 1608 2248 veniam
1654 2194 1895 2249 vicissim
1937 2194 2094 2249 alteri

518 2283 788 2348 tribuens,
834 2283 892 2339 id
939 2285 1321 2355 amplectatur,
1373 2286 1521 2355 quod
1564 2301 1874 2340 conservus
1913 2295 2097 2341 vester

513 2377 672 2432 vobis
702 2376 1008 2446 iustissime
1051 2379 1265 2433 suadet.
1312 2379 1584 2445 Quidnam
1628 2396 1760 2434 vero
1805 2379 1940 2434 illud
1977 2380 2098 2434 est?

514 2468 629 2523 Nec
650 2469 986 2541 interrogare
1009 2471 1079 2527 de
1102 2472 1418 2543 hujusmodi
1454 2473 1619 2527 rebus
1642 2472 1913 2542 principio
1935 2471 2097 2527 dece—

516 2560 630 2626 bat,
656 2577 764 2617 nec
786 2562 1190 2634 interrogatum
1222 2564 1581 2633 respondere.
1609 2564 1926 2619 istiusmodi
1952 2565 2099 2619 enim

517 2651 870 2718 quaestiones,
897 2668 1036 2723 quas
1058 2654 1265 2708 nullius
1288 2654 1426 2725 legis
1450 2655 1749 2710 necessitas
1769 2656 2097 2724 praescribit,

519 2742 617 2796 sed
664 2743 880 2799 inutilis
926 2746 1025 2800 otii
1067 2746 1351 2801 altercatio
1381 2747 1672 2815 proponit,
1710 2747 1841 2800 licet
1897 2744 2101 2817 ingenii

2173 551 2241 626 ἦν
2273 556 2461 619 Ὅσιος
2491 563 2539 621 ο,
2576 557 2705 626 μιᾶς
2752 556 2809 611 δὲ
2842 556 2949 610 τῶν
3011 556 3072 610 ὲν
3124 558 3190 628 τῇ
3249 556 3496 627 ’ῐσπανίᾳ
3548 557 3755 613 πόλεων

2175 647 2346 719 ὄνομα
2379 645 2747 717 Κουδρούσης,
2777 646 3020 717 ὑπῆρχεν
3062 646 3378 709 ἐπίσκοπος·
3407 648 3548 701 πάνυ
3570 665 3629 702 τε
3656 649 3757 703 αύ-

2176 738 2268 792 τδν
2292 739 2503 807 ἠγάπα,
2527 738 2623 792 καὶ
2650 738 2738 792 διά
2754 739 2921 809 τιμῆς
2945 735 3079 810 ἦγεν
3107 741 3134 791 ὁ
3165 738 3437 808 βασιλεύς.
3456 734 3560 794 Ὧν
3577 758 3759 813 γραμ-

2184 827 2367 898 μάτων
2397 827 2564 898 μέρος
2594 827 2827 880 ἐνταῦθα
2878 827 3090 881 κεῖσθαι
3121 828 3222 881 ούκ
3252 828 3502 899 ἄκαιρον.
3558 830 3623 883 'H
3648 830 3759 902 γὰρ

2178 919 2274 989 ὅλη
2296 917 2552 989 ἐπιστολὴ
2584 919 2641 972 ὲν
2673 919 2786 981 τοῖς
2825 917 3088 971 Εὑσεϐίου
3119 920 3199 982 εἰς
3223 917 3317 972 τὸν
3346 920 3758 976 Κωνσταντίνου

2183 1012 2297 1084 βίον
2321 1015 2494 1065 κεῖται
2534 1009 2755 1079 βιϐλίοις
2779 1009 2914 1081 (54).

2219 1100 2481 1171 Νικητὴς
2519 1100 2992 1171 Κωνσταντῖνος,
3028 1098 3346 1171 Μέγιστος,
3393 1100 3714 1167 Σεϐαστὸς,

2586 1170 2958 1238 Ἀλεξάνδρῳ
2994 1169 3094 1224 καὶ
3134 1170 3356 1238 Ἀρείῳ.

2255 1262 2528 1318 Μανθάνω
2569 1263 2777 1315 ἐκεῖθεν
2826 1261 3099 1332 ὑπῆρχθαι
3157 1261 3251 1316 τοῦ
3291 1260 3559 1329 παρόντος
3590 1258 3762 1332 ζητή-

2191 1372 2358 1427 ματος
2382 1354 2480 1425 τὴν
2514 1353 2839 1424 καταϐολὴν.
2877 1353 3004 1415 Ὅτε
3052 1352 3160 1421 γὰρ
3200 1353 3287 1417 σὺ,
3333 1346 3378 1405 ὦ
3421 1352 3758 1423 Ἀλέξανδρε,

2190 1447 2403 1519 ἐζήτεις
2434 1444 2585 1519 παρὰ
2612 1445 2720 1499 τῶν
2749 1444 3131 1516 πρεσϐυτέρων
3151 1482 3166 1508 ,
3200 1443 3254 1497 τί
3286 1442 3490 1514 δήποτε
3533 1443 3763 1507 ἕκαστος

2190 1535 2368 1591 αὐτῶν
2395 1534 2508 1605 (35)
2542 1532 2682 1605 ὑπέρ
2725 1549 2871 1597 τινος
2902 1532 3069 1585 τόπου
3111 1530 3219 1584 τῶν
3264 1533 3321 1584 ὲν
3352 1529 3431 1601 τῷ
3482 1530 3629 1601 νόμῳ
3672 1547 3765 1598 γε·

2191 1627 2547 1699 γραμμένων,
2589 1624 2788 1696 μᾶλλον
2832 1623 2890 1678 δὲ
2943 1622 3085 1693 ὑπὲρ
3137 1638 3281 1686 τινος
3319 1620 3548 1691 ματαίου
3596 1621 3766 1692 ζητή-

2197 1733 2367 1789 ματος
2419 1716 2616 1788 μέρους
2673 1709 2984 1769 πυνθάνοιο’
3031 1712 3096 1767 σύ
3130 1728 3212 1775 τε,
3240 1705 3289 1766 ὦ
3328 1713 3538 1784 Ἀρειε,
3575 1712 3765 1791 ὅπερῆ

2195 1810 2330 1881 μήτε
2362 1807 2462 1878 τὴν
2501 1807 2673 1877 ἀρχὴν
2700 1804 3087 1877 ἐνθυμηθῆναι,
3115 1805 3147 1873 ἦ
3171 1802 3563 1874 ἐνθυμηθέντα,
3585 1803 3763 1874 σιωπῇ

2192 1899 2525 1973 παραδοῦναι
2574 1898 2848 1969 προσῆκον
2894 1893 2999 1967 ἦν,
3058 1895 3380 1966 ἀπροόπτως
3435 1893 3764 1957 ὲντέθεικας’

2192 1990 2316 2046 ὅθεν
2341 1990 2442 2061 τῆς
2470 1991 2527 2042 ὲν
2555 1990 2685 2061 ὑμῖν
2723 1986 2988 2058 διχονοίας
3026 1985 3365 2057 ὲγερθείσης,
3407 1987 3440 2055 ἡ
3489 1985 3591 2055 μὲν
3638 1983 3768 2037 σύν-

2193 2084 2313 2147 οδος
2333 2081 2568 2153 ἠρνήθη·
2618 2082 2646 2135 ὁ
2675 2081 2731 2133 δὲ
2785 2077 3085 2149 ἁγιώτατος
3116 2079 3243 2143 λαὸς
3295 2079 3374 2140 είς
3429 2075 3769 2147 ἀμφοτέρους

2198 2176 2462 2248 σχισθεὶς,
2529 2177 2597 2229 ἐκ
2665 2174 2765 2245 τῆς
2826 2172 2922 2227 τοῦ
2968 2172 3149 2228 κοινοῦ
3199 2173 3450 2243 σώματος
3507 2170 3771 2243 ἁρμονίας

2198 2269 2493 2340 ἐχωρίσθη.
2523 2266 2729 2323 Οὐκοῦν
2757 2266 3016 2336 ἑκάτερος
3057 2264 3210 2336 ὑμῶν
3230 2265 3408 2329 ὲξίσου
3428 2263 3529 2335 τὴν
3546 2262 3771 2333 γνώμην
3830 2344 3835 2348 ν

2199 2358 2518 2431 παρασχὼν,
2576 2359 2714 2428 ὅπερ
2766 2356 2830 2411 ἂν
2881 2359 2910 2408 ὁ
2958 2355 3307 2427 συνθερὰπων
3362 2354 3516 2425 ὑμῶν
3552 2354 3773 2417 δικαίως

2200 2452 2474 2519 παραινεῖ,
2523 2447 2764 2513 δεξάσθω
2823 2445 2959 2515 (56).
3009 2447 3073 2499 Τί
3106 2445 3163 2499 δὲ
3195 2439 3353 2499 τοῦτό
3404 2447 3583 2511 mw;
3631 2443 3773 2502 Οὔτε

2201 2541 2409 2612 ἐρωτᾷν
2440 2538 2579 2610 ὑπὲρ
2608 2538 2714 2591 τῶν
2742 2536 2999 2590 τοιούτων
3058 2535 3119 2601 ἐξ
3165 2536 3340 2608 ἀρχῆς
3373 2536 3654 2606 προσῆκον
3683 2531 3773 2607 ἦν,

2199 2632 2321 2685 οὔτε
2355 2630 2707 2701 ἐρωτώμενον
2744 2627 3163 2699 ἀποκρίνασθαι.
3214 2627 3327 2691 Τὰς
3359 2627 3469 2698 γὰρ
3516 2626 3774 2691 τοιαύτας

2202 2721 2478 2792 ζητήσεις,
2507 2719 2707 2782 ὁπόσας
2735 2719 2794 2772 ού
2822 2718 2986 2788 νόμου
3008 2718 3151 2782 τινὸς
3183 2716 3393 2788 ἀνάγκη
3426 2716 3772 2787 προστάττει,

516 2834 807 2889 exercendi
840 2850 1003 2890 causa
1051 2835 1429 2899 instituantur,
1478 2846 1661 2889 tamen
1709 2836 1851 2889 intra
1902 2836 2102 2890 mentis

2204 2812 2339 2864 ἀλλὰ
2363 2809 2672 2878 ἀνωφελοῦς
2692 2807 2887 2879 ἀργίας
2912 2807 3194 2879 ὲρεσχελία
3222 2806 3591 2880 προστίθησιν,
3607 2809 3656 2861 εί
3684 2807 3776 2860 καὶ

519 2933 723 2981 nostra:
746 2927 1048 2995 penetralia
1085 2928 1372 2981 continere
1396 2927 1681 2998 debemus,
1707 2942 1809 2981 nec
1830 2942 1923 2980 eas
1944 2927 2102 2981 facile

2204 2904 2442 2973 φυσικῆς
2508 2919 2653 2965 τινος
2718 2901 3026 2972 γυμνασίας
3104 2901 3268 2955 ἕνεκα
3326 2900 3558 2968 γίνοιτο,
3626 2900 3776 2968 ὅμως

492 3040 495 3043 -
520 3014 578 3070 in
614 3015 865 3083 publicos
887 3014 1085 3069 eil‘erre
1110 3022 1434 3079 conventus,
1469 3029 1573 3070 ncc
1594 3014 1823 3069 auribus
1843 3014 1992 3085 vulgi
2017 3016 2102 3069 in-

2205 2992 2493 3062 ὁφείλομεν
2545 2991 2677 3045 εἴσω
2733 2994 2833 3062 τῆς
2888 2990 3125 3054 διανοίας
3182 2989 3447 3060 ὲγκλείειν
3470 3028 3486 3056 ,
3555 2989 3651 3042 καὶ
3702 2988 3779 3059 μὴ

521 3104 771 3158 consulte
792 3103 1156 3158 committere.
1195 3103 1640 3173 Quotusquisque
1671 3104 1820 3158 enim
1853 3111 1958 3168 est,
2009 3103 2104 3173 qui

2207 3084 2518 3155 προχείρως
2567 3085 2648 3147 είς
2699 3082 2964 3154 δημοσίας
3013 3082 3263 3145 συνόδους
3308 3081 3587 3151 ἐκφέρειν,
3646 3079 3781 3151 μηδὲ

526 3200 799 3247 tantarum
843 3207 1027 3246 rerum
1055 3200 1273 3263 Iamque
1298 3192 1599 3247 difﬁcilium
1623 3193 1732 3248 vim
1756 3203 1917 3263 atque
1940 3202 2102 3248 natu-

2206 3180 2327 3242 ταῖς
2356 3177 2573 3231 πάντων
2628 3177 2816 3239 ἀκοαῖς
2875 3174 3227 3247 ἀπρονοήτως
3276 3172 3571 3227 πιστεύειν.
3600 3171 3782 3236 ,Πόσος

525 3297 643 3336 ram
667 3288 762 3336 aut
782 3290 1035 3337 accurate
1058 3261 1548 3352 comprehendere,
1584 3290 1678 3337 aut
1706 3299 1806 3353 pro
1829 3261 2104 3353 dignitate

2204 3271 2314 3341 γάρ
2344 3271 2489 3322 ἐστιν
2514 3269 2765 3335 ἕκαστος,
2788 3267 2866 3331 ὥς
2903 3284 2963 3320 τε
2997 3265 3338 3338 πραγμάτων
3362 3263 3505 3318 οὕτω
3532 3261 3782 3335 μεγάλων

499 3372 801 3441 explicare
843 3370 1108 3427 sulIieiat?
1129 3371 1288 3439 Quod
1331 3373 1377 3427 si
1422 3372 1549 3443 quis
1588 3372 1643 3426 id
1667 3371 1822 3429 facile
1845 3382 2106 3443 prmstare

2213 3362 2306 3416 καὶ
2366 3361 2484 3414 λίαν
2537 3359 2816 3432 δυσχερῶν
2862 3358 3109 3429 δύναμιν,
3162 3356 3196 3429 ἢ
3252 3356 3388 3430 πρὸς
3437 3356 3502 3409 τὸ
3553 3353 3783 3454 ἀκριδές

526 3478 688 3532 posse
719 3464 1087 3530 existimetur,
1111 3472 1293 3535 quota:
1316 3466 1532 3521 tandem
1558 3466 1705 3538 parti
1727 3466 1875 3538 vulgi
1903 3466 1959 3521 id
1979 3482 2105 3537 per-

2209 3452 2460 3517 συνιδεῖν,
2488 3452 2521 3523 ἢ
2547 3454 2665 3506 κατ’
2688 3451 2844 3516 ἀξίαν
2872 3448 3238 3522 ἑρμηνεῦσαις
3284 3447 3347 3501 Εἰ
3367 3447 3443 3538 δὲ
3484 3445 3591 3538 καὶ*
3620 3445 3785 3538 τοῦτο

528 3569 798 3611 suasurus
837 3554 1113 3628 est‘lAut
1158 3556 1283 3626 quis
1325 3556 1380 3611 in
1426 3557 1697 3628 ejusmodi
1743 3559 2108 3628 quaestionum

529 3643 719 3698 subtili
770 3651 827 3699 et
869 3627 1122 3699 accurata
1161 3627 1534 3715 disputatione
1562 3685 1577 3711 ,
1622 3627 1776 3702 citra
1804 3647 2109 3717 periculum

531 3736 836 3804 gravissimi
879 3736 1067 3807 lapsus
1090 3738 1264 3809 possit
1285 3738 1626 3794 consistere?
1668 3737 1858 3809 Itaque
1907 3740 1964 3795 in
2008 3740 2112 3795 liu-

526 3826 765 3895 jusmodi
789 3826 1185 3898 quaestionibus
1207 3828 1510 3899 loquacitas
1547 3831 1959 3901 comprimenda
1983 3840 2068 3887 est
2092 3851 2106 3899 ;

532 3933 603 3972 ne
627 3917 770 3974 forte
791 3928 887 3975 aut
907 3920 1069 3975 nobis
1093 3920 1229 3990 ipsis
1264 3922 1319 3976 id
1342 3922 1492 3991 quod
1517 3925 1861 3993 propositum
1885 3932 1989 3990 est,
2014 3941 2110 3979 ex-

534 4009 740 4079 plicare
775 4027 887 4066 non
908 4012 1238 4079 valentibus,
1264 4013 1335 4068 ob
1366 4023 1577 4070 naturae
1595 4024 1795 4070 nostra;
1822 4015 2112 4070 inﬁrmita-

536 4109 645 4155 tem
670 4142 685 4166 ,
721 4110 816 4156 aut
859 4103 1203 4161 auditoribus
1227 4106 1299 4160 ob
1322 4106 1528 4178 ingenii
1571 4106 1881 4161 tarditatem
1906 4124 1969 4162 ca
1993 4123 2135 4177 quae

535 4190 796 4246 dieuntur
840 4193 1063 4250 minime
1107 4195 1561 4266 assequentibus;
1613 4211 1679 4249 ex
1722 4195 1987 4249 alterutro
2011 4195 2112 4249 ho-

536 4297 683 4347 rum,
711 4292 804 4338 aut
830 4284 886 4338 in
912 4270 1284 4357 blasphemiae,
1310 4296 1408 4340 aut
1443 4286 1498 4340 in
1534 4285 1844 4341 schismatis
1877 4287 2115 4341 necessi-

537 4379 701 4426 tatem
731 4375 967 4444 populus
993 4375 1260 4444 incurrat.
1288 4373 1526 4430 Proinde
1548 4383 1603 4429 et
1629 4374 1844 4430 incauta
1878 4376 2114 4431 interro-

2210 3546 2382 3600 ποιεῖν
2403 3561 2486 3607 τις
2510 3541 2749 3615 εὐχερῶς
2772 3540 3076 3613 νομισθείη,
3107 3538 3271 3592 πόσον
3311 3536 3476 3608 μέρος
3502 3533 3596 3588 τοῦ
3614 3533 3784 3604 δήμου

2209 3638 2425 3701 πείσει;
2453 3634 2488 3707 ἢ
2515 3634 2600 3699 τίς
2619 3637 2649 3688 ὁ
2680 3635 2802 3698 ταῖς
2827 3632 2936 3687 τῶν
2981 3630 3237 3686 τοιούτων
3268 3626 3599 3700 ζητημάτων
3629 3626 3788 3693 ἀκρι-

2209 3729 2405 3795 ϐείαις,
2418 3726 2525 3795 ἔξω
2534 3727 2634 3799 τῆς
2645 3724 2987 3782 ἐπικινδύνου
3003 3722 3468 3796 παρολισθήσεως,
3480 3714 3787 3788 ἁντισταίης

2213 3817 2426 3873 Ούκοῦν
2470 3816 2730 3888 ἐφεκτέον
2773 3819 2831 3871 ἐν
2850 3818 2966 3882 τοῖς
3003 3815 3267 3879 τοιούτοις
3300 3813 3402 3884 τὴν
3435 3807 3788 3879 πολυλογίαν,

2213 3910 2300 3962 ἵνα
2340 3908 2534 3979 μήπως
2563 3908 2597 3978 ἡ
2638 3906 2794 3979 ἡμῶν
2820 3906 3075 3961 ἀσθένεια
3102 3906 3202 3977 τῆς
3240 3904 3475 3974 φύσεως,
3508 3901 3570 3956 τὸ
3596 3915 3790 3972 προτε-

2214 4000 2303 4054 θὲν
2319 3998 2652 4070 ἑρμηνεῦσαι
2682 3999 2757 4071 μὴ
2776 3998 3184 4071 δυνηθέντων,ἢ
3206 3998 3239 4069 ἡ
3261 3996 3370 4051 τῶν
3392 3993 3791 4064 διδασκομένων

2213 4089 2496 4160 ἀκροατῶν
2546 4089 2855 4162 βραδυτέρα
2886 4092 3119 4154 σύνεσις,
3157 4090 3294 4163 πρὸς
3339 4088 3543 4159 ἀκριϐῆ
3568 4085 3661 4138 τοῦ
3690 4086 3793 4154 ρη-

2215 4180 2398 4244 θέντος
2430 4181 2735 4253 κατάληψιν
2770 4183 2943 4237 ὲλθεῖν
2985 4182 3060 4256 μὴ
3108 4180 3498 4256 χωρησάντων,
3553 4174 3708 4239 αὖθις
3733 4172 3795 4238 ἐξ

2218 4272 2481 4343 ἑκατέρου
2541 4273 2744 4329 τούτων
2792 4276 2826 4348 ἢ
2866 4275 3246 4348 βλασφημίας,
3299 4272 3334 4344 ἢ
3376 4272 3672 4344 σχίσματος
3715 4265 3796 4326 εἰς

2218 4364 2463 4434 ἀνάγκην
2496 4366 2522 4418 ὁ
2554 4364 2721 4437 δῆμος
2772 4369 3083 4439 περισταίη.
3145 4368 3345 4436 Διόπερ
3387 4364 3481 4416 καὶ
3526 4357 3794 4428 ἐρώτησις

538 4463 701 4530 gatio,
727 4472 783 4517 et
807 4442 1135 4527 inconsulti?
1149 4468 1453 4536 responsio,
1490 4467 1635 4535 apud
1671 4478 1969 4537 utrumque
2024 4486 2106 4527 ve-

2225 4455 2662 4529 ἀπροίέύλακτος,
2700 4464 2794 4515 καὶ
2829 4464 3116 4533 ἀπόκρισις
3150 4456 3506 4529 ἀπρονόητος,
3528 4449 3629 4521 τὴν
3669 4446 3794 4516 ἴσην

1734 4622 2004 4677 VALESII
2045 4622 2595 4682 ANNOTATIONES.

612 4728 722 4799 (54)
752 4731 946 4800 κεῖται
977 4732 1236 4800 βιϐλίοις
1275 4733 1398 4789 Post
1436 4734 1552 4788 huic
1580 4733 1747 4787 verba
1794 4733 1845 4786 in
1884 4734 2112 4789 Floren-

544 4799 658 4873 tino
698 4799 885 4873 codice
927 4802 1168 4868 additur,
1210 4799 1370 4873 μέρος
1424 4804 1731 4873 ἐπιστολῆς.
1764 4802 1895 4870 Qua)
1949 4805 2115 4859 verba

544 4822 658 4853 uno
698 4822 885 4855 cuuice
927 4822 1168 4868 auditur,
1210 4822 1274 4873 με
1313 4822 1370 4867 ος
1424 4822 1731 4873 επιστοΑης.
1764 4822 1895 4870 uua)
1949 4822 2115 4859 verba

543 4870 671 4925 licet
697 4870 766 4944 ad
796 4873 1097 4944 marginem
1133 4822 1330 4929 ascribi
1365 4872 1593 4944 possint,
1628 4874 1903 4929 interdum
1935 4882 2116 4930 tamen

542 4955 573 4994 ει
602 4940 972 5014 scriptoribus
1002 4952 1282 5013 ponuntur
1330 4940 1385 4999 in
1423 4959 1673 5014 corpore,
1718 4953 1779 4999 ut
1811 4946 2002 5000 videre
2032 4955 2118 5000 cst

543 5010 687 5085 apud
719 5009 1075 5085 Athanasium
1100 5015 1154 5068 in
1187 5009 1537 5085 Apologetico
1568 5009 1839 5085 adversus
1862 5014 2111 5085 Arianos.

582 5080 701 5152 (55)
737 5080 802 5134 Τί
853 5082 1077 5151 δήποτε
1127 5080 1387 5152 ἕκαὲγτοςί
1439 5084 1655 5139 αὐτῶν.
1705 5084 1889 5140 Codex
1916 5083 2115 5138 Leonis

544 5150 729 5206 Allatii
770 5160 826 5205 et
874 5154 1124 5212 Gelasius
1170 5150 1473 5227 Cyzicenus
1506 5155 1716 5211 addunt
1744 5155 1947 5225 φρονεῖ.
1979 5151 2115 5208 Vide

2224 4753 2346 4807 qua:
2376 4735 2560 4790 notavi
2596 4732 2670 4807 ad
2718 4730 2942 4807 Eusebii
2999 4727 3095 4807 lib.
3142 4741 3177 4807 Il
3210 4722 3427 4807 deAVila
3458 4717 3798 4807 Gotttiantini:

2221 4790 2339 4886 (gap.
2480 4804 2795 4886 Paulopost
2818 4800 2908 4886 ubi
2930 4799 3129 4886 legitur
3158 4793 3488 4886 ξχτέθεικας,
3525 4790 3671 4845 idem
3710 4804 3806 4844 ω’

2219 4865 2324 4931 ἀεὶ
2358 4874 2543 4929 Allatii
2572 4865 2838 4942 scriptum
2876 4865 3041 4924 habet
3065 4865 3402 4925 ἁντέθεικας.

2219 5016 2232 5028 .
2291 4941 2802 5028 satissatis-1'3
2837 4930 3805 5028 Facetias_et.§'9:“?'12_?f’diﬁ?

2217 5000 2419 5139 legitur
2468 5000 2714 5078 δέξασθε,
2746 5020 2911 5083 atque
2950 5010 3025 5065 ita
3075 5008 3191 5065 fere
3240 5005 3414 5063 codex
3458 5001 3660 5059 Leonis
3712 5000 3797 5055 Al-

2241 5094 2357 5139 atu.
3731 5114 3740 5120 -

1997 5314 2378 5373 VARIORUM.

626 5440 651 5466 ο
681 5430 909 5499 Ὅσιος.
942 5428 1161 5492 ilosius,
1197 5438 1359 5497 gente
1385 5430 1675 5499 Hispanus,
1710 5432 2001 5495 Cordubae,
2031 5430 2131 5484 Se-

552 5516 705 5583 necae
735 5507 793 5582 et
822 5498 1027 5553 Lucani
1050 5500 1324 5583 natalibus
1348 5498 1663 5583 inclytaa,__in
1692 5501 1977 5583 provincia
2017 5500 2133 5583 lla:-

554 5574 662 5627 tica
691 5570 999 5641 cpiscopus,
1026 5568 1128 5622 sub
1158 5568 1542 5692 Persecutione
1577 5568 1885 5626 Maximiani
1918 5570 2135 5626 confes-

556 5643 710 5692 sione
742 5641 962 5692 nobilis.
1003 5638 1259 5692 lnter'uit
1292 5639 1500 5692 svnodo
1524 5640 1728 5692 llliberi
1766 5641 1967 5692 habita:
1992 5654 2135 5692 anno

556 5643 710 5696 sione
727 5638 962 5695 nobilis.
1003 5638 1259 5693 Interfuit
1292 5639 1500 5708 synodo
1524 5640 1728 5695 Illiberi
1766 5641 1967 5695 habita:
1992 5654 2136 5694 anno

555 5710 679 5776 505,
719 5727 815 5764 seu
842 5725 905 5766 ex
935 5708 1264 5764 Ferdinand.
1302 5709 1576 5763 Mendoza:
1621 5711 1850 5775 calculo,
1902 5710 2025 5773 300,
2050 5710 2137 5763 vel

538 5779 679 5844 ὅθί.
715 5780 869 5850 Apud
899 5780 1313 5839 Constantinum
1364 5779 1428 5832 Μ.
1465 5796 1673 5834 summa
1708 5781 1761 5835 in
1798 5779 1968 5851 gratia
1994 5779 2139 5833 mul-

2233 5438 2318 5485 tos
2344 5445 2517 5486 annos
2546 5429 2750 5493 ﬂoruit,
2786 5428 2949 5495 eique
2995 5430 3116 5478 erat
3165 5437 3194 5477 a
3235 5414 3708 5495 sacris‘consiliis;
3735 5410 3810 5466 ab

2232 5517 2301 5556 eo
2333 5501 2402 5555 ad
2431 5500 2700 5572 synodum
2733 5489 3113 5572 Atelewnsem
3148 5490 3322 5572 enim
3367 5489 3471 5572 5‘?
3508 5490 3808 5572 θῖίῑφὲξιέεὲ

2234 5551 2305 5626 ab
2335 5551 2557 5626 “eodem
2576 5551 2899 5640 "51336324
2963 5563 3351 5640 Alexandriam
3397 5558 3464 5640 ad
3509 5551 3810 5640 sedanda}?!

2237 5622 2951 5696 controversiamidrianam
2983 5650 3109 5691 cum
3154 5631 3357 5689 litteris
3386 5628 3607 5684 missus.
3638 5622 3810 5696 (Guil.

2236 5712 2397 5776 Cave,
2428 5711 2495 5765 ad
2524 5726 2650 5765 ann.
2678 5708 2824 5777 510.)
