4046 6204
329 300 396 355 57
1329 306 1656 366 HISTORIA
1694 308 2245 384 ECCLESIASTICA.
2286 344 2349 356 ——
2395 316 2521 377 LIB.
2567 319 2605 373 Ι.
3527 323 3598 381 88

326 412 595 506 ἀλλήλαις
615 413 1001 471 ἐπιδιδότωσαν
1035 417 1124 487 ἐφ’
1150 418 1399 494 ἐκατέρῳ
1425 423 1774 496 συγγνώμην
1797 423 1911 478 οὐδὲ

2023 429 2204 480 strum
2219 428 2435 484 veniam
2459 428 2564 485 sibi
2591 439 2782 485 mutuo
2808 430 3131 488 concedant:
3151 449 3333 506 neque
3358 438 3506 493 enim
3530 440 3599 497 de

326 505 437 574 γὰρ
471 504 618 575 ὑπὲρ
669 506 765 560 τοῦ
812 509 1110 579 κορυφαίου
1149 510 1259 565 τῶν
1287 512 1345 566 ἑν
1395 512 1477 585 τῷ
1523 514 1673 587 νόμῳ
1701 532 1917 588 παραγ-

324 595 624 664 γελμάτων
657 597 789 667 ὑμῖν
840 597 1048 670 ἐξήφθη
1097 602 1395 672 πρόφασις,
1452 604 1573 658 οὐδὲ
1622 607 1782 677 καινή
1833 624 1918 673 τις

328 686 458 755 ὑμῖν
524 686 670 758 ὑπὲρ
718 687 819 758 τῆς
859 689 954 743 τοῦ
1007 689 1141 744 Θεοῦ
1194 692 1492 765 θρησκείας
1546 696 1756 766 αἵρεσις
1793 698 1918 752 ἀντ·

327 778 582 849 εισήχθη·
651 779 769 834 ἀλλ’
812 780 911 835 ἕνα
966 783 1063 835 καὶ
1092 781 1185 838 τὸν
1220 784 1385 839 αὑτὸν
1439 786 1590 857 ἔχετε
1623 787 1915 859 λογισμὸν,

322 869 518 938 ὥσπερ
542 869 605 924 τὸ
632 870 733 941 τῆς
753 872 1038 937 κοινωνίας
1071 873 1346 946 σύνθημα.
1386 877 1570 948 ’Υμῶν
1600 877 1707 952 γὰρ
1737 880 1797 933 ὲν
1823 878 1916 934 ἀλ-

320 962 512 1033 λήλοις
545 963 690 1034 ὑπὲρ
724 964 936 1036 μικρῶν
959 964 1054 1019 καὶ
1087 965 1207 1019 λίαν
1228 966 1524 1038 ἐλαχίστων
1548 968 1914 1039 φιλονεικούν-

317 1072 463 1120 των,
505 1056 768 1109 τοσοῦτον
817 1057 910 1109 τὸν
959 1056 1055 1110 τοῦ
1108 1058 1244 1111 Θεοῦ
1274 1059 1402 1112 λαὸν
1445 1062 1568 1123 ταῖς
1625 1057 1916 1132 ὑμετέραις

323 1149 615 1203 ίθύνεσοαι
677 1152 870 1221 φρεσὶν
921 1150 1036 1221 (57)
1069 1154 1358 1224 προσήκει,
1402 1153 1490 1207 διὰ
1520 1154 1582 1207 τὸ
1634 1156 1912 1226 διχονοεῖν,

319 1241 442 1294 ἀλλ’
456 1240 586 1294 οὔτε
612 1242 848 1312 πρέπον,
867 1241 992 1295 οὔτε
1009 1244 1145 1307 ὅλως
1173 1242 1391 1314 θεμιτὸν
1411 1240 1550 1298 εῖναι
1575 1246 1910 1300 πιστεύεταιθ

321 1332 417 1385 ἵνα
443 1333 503 1386 δὲ
559 1332 743 1403 μικρῷ
788 1335 1191 1403 παραδείγματι
1236 1334 1338 1405 τὴν
1397 1336 1665 1406 ὑμετέραν
1700 1336 1913 1390 σύνεσιν

331 1424 662 1495 ὑπομνήσω,
696 1423 859 1490 λέξω.
891 1426 1034 1479 Ἴστε
1080 1425 1144 1496 δὴ
1174 1425 1268 1479 καὶ
1311 1426 1440 1490 τοὺς
1466 1427 1788 1497 φιλοσόφους
1810 1429 1913 1482 αὺ-

314 1516 474 1576 τοίις,
529 1514 605 1579 ὡς
678 1516 760 1568 ἑνὶ
821 1516 920 1586 μὲν
966 1516 1205 1581 ἅπαντες
1257 1518 1488 1587 δόγματι
1553 1518 1908 1574 συντίθενται’

320 1605 591 1668 πολλάκις
617 1607 675 1661 δὲ
713 1607 936 1661 ἐπειδὰν
987 1607 1045 1663 ἐν
1084 1626 1189 1662 τινι
1231 1609 1342 1664 τῶν
1387 1611 1718 1679 ἀποφάσεων
1753 1610 1912 1682 μέρει

313 1696 722 1766 διαφωνοῦσιν,
756 1700 808 1752 εί
857 1698 955 1754 καὶ
981 1702 1047 1771 τῇ
1078 1700 1178 1771 τῆς
1207 1702 1519 1772 ἐπιστήμης
1547 1703 1717 1774 ἀρετῇ
1746 1703 1910 1773 χωρί-

2018 518 2296 590 praecipuo
2339 528 2395 577 et
2435 538 2650 577 summo
2670 523 2808 594 legis
2833 533 3034 579 nostra:
3056 526 3312 581 mandato
3336 528 3482 584 inter
3506 546 3605 586 vos

2016 619 2104 666 est
2127 620 2248 667 orta
2269 617 2589 670 contentio:
2615 631 2794 687 neque
2826 616 3002 671 ullum
3042 632 3247 673 novum
3287 635 3318 674 a
3352 622 3512 678 vobis
3533 623 3604 677 de

2015 701 2113 759 Dei
2127 704 2276 760 cultu
2294 706 2667 764 introductum
2680 718 2767 765 est
2783 708 2999 780 dogma,
3020 710 3115 766 sed
3141 728 3305 766 unam
3322 715 3605 770 eamdem-

2015 808 2125 864 que
2166 799 2493 854 sententiam
2534 800 2698 856 ambo
2737 802 2968 868 tenetis,
3004 804 3142 858 adeo
3168 812 3231 859 ut
3266 804 3337 859 ad
3358 821 3604 862 commu-

2017 884 2198 941 nionis
2223 889 2542 945 societatem
2588 893 2736 948 coire
2772 893 2930 950 facile
2951 895 3195 965 possitis.
3241 896 3411 952 Vobis
3452 898 3604 953 enim

2015 977 2375 1046 pertinaciter
2414 982 2875 1040 contendentibus
2918 985 2989 1039 de
3033 986 3202 1041 rebus
3225 987 3410 1055 parvis
3432 995 3600 1057 atque

2012 1069 2326 1143 levissimis,
2356 1082 2471 1129 tum
2504 1091 2861 1130 numerosum
2886 1077 2982 1131 Dei
3010 1079 3272 1147 populum
3297 1086 3485 1134 vestro
3509 1095 3602 1134 ar—

2016 1159 2185 1217 bitrio
2213 1163 2326 1233 regi
2350 1172 2518 1233 atque
2545 1164 2747 1234 impelli
2774 1180 2882 1219 non
2907 1165 3086 1241 decet,
3114 1166 3169 1220 in
3198 1174 3349 1221 tanta
3372 1181 3603 1235 praeser-

2015 1252 2113 1308 tim
2136 1253 2445 1307 animorum
2468 1253 2810 1309 dissensione
2836 1272 2851 1319 ;
2883 1256 2983 1324 17
3010 1270 3111 1311 nec
3134 1256 3314 1312 solum
3355 1257 3411 1312 id
3443 1257 3601 1312 inde-

2015 1357 2228 1409 corum,
2266 1343 2362 1398 sed
2404 1359 2636 1413 prorsus
2659 1346 2814 1399 nefas
2856 1361 2978 1401 esse
3020 1347 3406 1413 existimatur;
3434 1356 3600 1417 atque

2014 1442 2076 1488 ut
2099 1434 2447 1504 prudentiam
2494 1444 2732 1490 vestram
2772 1437 2982 1491 minore
3006 1439 3258 1507 exemplo
3280 1454 3601 1495 commone-

2013 1524 2210 1580 faciam
2240 1544 2253 1581 :
2299 1526 2464 1581 Scitis
2489 1528 2637 1597 ipsos
2658 1529 2823 1583 etiam
2848 1528 3205 1599 philosophos
3248 1531 3414 1585 unius
3438 1539 3602 1586 secta;

2012 1618 2354 1688 professione
2378 1619 2522 1674 inter
2545 1635 2604 1675 se
2627 1635 2819 1675 omnes
2843 1620 3130 1685 fmderari;
3170 1620 3391 1674 eosdem
3417 1629 3599 1678 tamen

2014 1712 2069 1766 in
2115 1712 2298 1782 aliqua
2340 1713 2707 1767 assertionum
2754 1721 2907 1782 parte
2952 1712 3232 1767 interdum
3257 1712 3595 1783 discrepare.

316 1787 533 1851 ζονται.
556 1792 623 1860 τῇ
657 1791 843 1860 μέντοι
867 1791 966 1845 τοῦ
1000 1792 1253 1863 σώματος
1281 1793 1472 1848 ένώσει
1520 1793 1681 1849 πάλιν
1715 1797 1795 1859 είς
1818 1795 1911 1848 ἀλ-

2016 1806 2215 1860 Verum
2240 1806 2368 1860 licet
2392 1806 2449 1860 in
2476 1805 2592 1876 ipsa
2616 1792 2859 1861 scientia:
2894 1806 3229 1876 perfectione
3250 1807 3598 1874 dissentiant,

315 1880 519 1949 λήλους
546 1882 937 1950 σνμπνέουσιν.
976 1884 1040 1936 El
1062 1885 1119 1938 δὲ
1148 1884 1309 1939 τοῦτό
1338 1885 1476 1950 ἐστι,
1502 1884 1618 1948 πῶς
1639 1885 1702 1939 οὐ
1733 1884 1912 1956 πολλῷ

312 1970 665 2041 δικαιότερον
700 1973 844 2042 ὑμᾶς
870 1975 996 2037 τοὺς
1020 1973 1113 2026 τοῦ
1149 1975 1387 2046 μεγάλου
1415 1974 1550 2029 Θεοῦ
1578 1974 1913 2047 θεράποντας

315 2062 712 2130 καθεστῶτας,
772 2066 832 2118 ὲν
898 2065 1121 2137 τοιαύτῃ
1188 2066 1508 2139 προαιρέσει
1581 2066 1910 2139 θρησκείας,

313 2154 638 2225 ὀμοψύχους
686 2156 940 2227 ἀλλήλοις
992 2156 1167 2225 cluat;
1208 2158 1663 2231 Ἐπισκεψὼμεθα
1713 2160 1772 2213 δὲ
1825 2160 1914 2215 λο-

311 2248 509 2318 γισμῷ
541 2248 774 2318 μείζονι,
807 2251 902 2302 καὶ
952 2249 1157 2303 πλείονι
1192 2251 1403 2305 συνέσει
1433 2253 1495 2306 τὸ
1545 2250 1706 2324 ῥηθὲν
1758 2253 1913 2308 ἐνου-

320 2339 618 2411 μηθῶμεν,
648 2343 811 2411 εἰπερ
860 2342 1036 2412 ὀρθῶς
1073 2342 1186 2413 ἔχει
1226 2342 1295 2396 δι’
1324 2343 1512 2410 ὀλίγας
1536 2344 1627 2398 καὶ
1681 2345 1913 2414 ματαίας

320 2433 595 2501 ῥημάτων
643 2434 703 2485 ἐν
755 2434 886 2503 ὑμῖν
928 2432 1293 2502 φιλονεικίας,
1353 2434 1617 2504 ἀδελφοὺς
1663 2436 1912 2506 ἀδελφοῖς

322 2522 687 2584 ἀντικεῖσθαι,
714 2525 810 2577 καὶ
846 2524 910 2577 τὸ
934 2525 1035 2595 τῆς
1056 2526 1272 2579 συνόδου
1306 2526 1486 2596 τίμιον
1538 2527 1728 2581 ἀσεϐεῖ
1766 2529 1911 2599 διχο-

319 2614 454 2685 vel;
487 2617 814 2687 χωρίζεσθαι
859 2618 928 2671 δι’
970 2617 1146 2688 ὑμῶν,
1196 2620 1246 2672 οἳ
1288 2620 1424 2690 πρὸς
1478 2619 1739 2691 ἀλλήλους
1772 2621 1912 2693 ὑπὲρ

328 2707 555 2778 μικρῶν
593 2709 730 2761 οὕτω
764 2710 857 2763 καὶ
901 2709 1168 2781 μηδαμῶς
1213 2712 1530 2779 ἀναγκαίων
1571 2714 1911 2783 φιλονεικοῦ-

318 2816 468 2876 μεν;
512 2800 743 2872 Δημὼδη
791 2801 943 2856 ταῦτ’
986 2801 1101 2856 ἐστι
1130 2844 1146 2868 ,
1205 2804 1303 2858 καὶ
1364 2806 1641 2868 παιδικαῖς
1701 2808 1912 2870 ἀνοίαις

311 2894 671 2967 ἁρμόττοντα
695 2893 914 2964 μᾶλλον,
940 2896 974 2967 ἢ
1027 2898 1095 2967 τῇ
1139 2896 1247 2950 τῶν
1275 2897 1469 2968 ἱερέων
1495 2896 1592 2950 καὶ⁵
1631 2898 1910 2969 φρονίμων

308 2989 533 3061 ἀνδρῶν
594 2988 810 3043 συνέσει
856 2990 1225 3061 προσήκοντα.
1287 2989 1645 3061 Ἀποστῶμεν
1691 2991 1909 3056 ἑκόντες

305 3082 430 3136 τῶν
457 3081 1168 3153 διαδολικῶνίπειρασμῶν.
1211 3083 1270 3135 ’0
1311 3082 1483 3152 μέγας
1538 3081 1696 3155 ὴμῶν
1723 3083 1855 3148 Θεὸς
1879 3084 1908 3137 ὁ
1934 3114 1978 3172 C

307 3173 516 3245 Σωτὴρ
536 3173 777 3239 πάντων,
814 3172 991 3227 κοινὸν
1029 3172 1200 3227 ἆπασι
1227 3172 1288 3228 τὸ
1320 3174 1436 3243 φῶς
1464 3172 1751 3239 ἐξέτεινεν.
1785 3176 1906 3245 Ἐφ’

307 3260 384 3322 οὗ
428 3269 498 3336 τῇ
563 3266 817 3337 προνοίᾳ,
865 3265 1071 3337 ταύτην
1126 3265 1250 3335 ἐμοὶ
1312 3265 1389 3336 τῷ
1443 3266 1752 3339 θεραπευτῇ
1808 3268 1903 3323 τοῦ

306 3358 637 3429 κρείττονος
659 3358 758 3428 τὴν
787 3357 1028 3427 σπουδὴν
1062 3359 1142 3421 είς
1170 3357 1323 3422 τέλος
1350 3361 1593 3429 ἐνεγκεῖν
1624 3362 1908 3432 συγχωρή-

305 3466 478 3514 σατε,
506 3450 657 3512 ὅπως
690 3450 836 3519 ὑμᾶς
869 3450 998 3513 τοὺς
1021 3449 1233 3503 ἐκείνου
1262 3450 1484 3521 δήμους,
1517 3452 1621 3523 ἐμῇ
1648 3468 1906 3524 προσφω-

305 3541 474 3611 νήσει
511 3542 608 3594 καὶ
646 3540 951 3613 ὑπηρεσίᾳ,
1000 3541 1096 3595 καὶ
1148 3540 1430 3607 νουθεσίας
1482 3543 1732 3597 ὲνστάσει
1769 3543 1907 3613 πρὸς

303 3633 419 3702 τὴν
452 3632 557 3703 τῆς
576 3632 797 3685 συνόδου
828 3631 1114 3687 κοινωνίαν
1140 3634 1492 3704 ὲπανάγοιμι.
1538 3634 1755 3706 Ἐπειδὴ
1775 3635 1903 3706 γὰρ,

311 3725 401 3789 ὡς
434 3724 596 3796 ἔφην,
630 3728 730 3797 μία
755 3726 844 3789 τίς
892 3726 1011 3779 ἐστι
1056 3724 1237 3790 πίστις
1272 3728 1330 3780 ὲν
1374 3726 1523 3796 ὑμῖν.
1558 3727 1652 3781 καὶ
1684 3726 1779 3796 μία
1805 3727 1907 3797 τῆς

311 3815 443 3869 καθ’
473 3817 623 3886 ὑμᾶς
646 3816 914 3886 αἱρέσεως
944 3815 1183 3882 σύνεσις,
1210 3816 1272 3870 τό
1288 3832 1349 3870 τε
1375 3815 1470 3870 τοῦ
1495 3816 1662 3887 νόμου
1692 3816 1905 3890 παράγ-

307 3907 519 3978 γελμα,
544 3911 660 3973 τοῖς
677 3909 748 3962 δι’
776 3908 968 3963 ἑαυτοῦ
995 3909 1218 3980 μέρεσιν
1243 3911 1322 3972 είς
1349 3908 1479 3978 μίαν
1505 3908 1685 3979 ψυχῆς
1711 3911 1906 3983 πρόθε-

310 4017 428 4060 σιν,
457 4000 523 4052 τὺ
551 4000 676 4054 ὅλον
709 3999 1007 4069 συγκλείει·
1039 4000 1198 4054 τοῦτο
1240 4001 1381 4073 ὅπερ
1421 4000 1549 4072 ὑμῖν
1577 4001 1638 4055 ὲν
1658 4000 1906 4073 ἀλλήλοις

312 4094 655 4162 φιλονεικίαν
681 4094 924 4165 ἦγειρεν,
968 4093 1157 4165 ἐπειδὴ
1188 4094 1261 4164 μὴ
1297 4094 1435 4166 πρὸς
1462 4094 1561 4167 τὴν
1583 4094 1677 4149 τοῦ
1705 4096 1905 4160 παντὸς

318 4182 495 4251 νόμου
527 4179 757 4251 δύναμιν
780 4181 995 4251 ἀνήκει,
1028 4180 1310 4253 χωρισμόν
1335 4198 1456 4235 τινα
1491 4182 1585 4236 καὶ
1636 4184 1823 4238 στάσιν
1846 4185 1904 4237 ὲν

312 4274 451 4343 ὑμῖν
476 4271 742 4343 μηδαμῶς
788 4271 1107 4342 ἐμποιείτω.
1140 4272 1250 4327 Καὶ
1298 4272 1442 4341 λέγω
1477 4272 1671 4339 ταῦτα,
1704 4274 1804 4345 οὐχ
1828 4273 1905 4338 ὡς

308 4363 651 4431 ἀναγκάζων
682 4363 828 4435 ὑμᾶς
861 4361 1161 4427 ἐξάπαντος
1182 4366 1250 4434 τῇ
1293 4363 1414 4418 λίαν
1446 4364 1650 4435 εὐήθει,
1686 4366 1779 4419 καὶ
1813 4367 1903 4420 οῖα

2014 1897 2378 1952 nihilominus
2439 1898 2511 1953 ob
2580 1906 2744 1952 sectae
2794 1898 3240 1953 communionem
3300 1912 3495 1953 rursus
3541 1898 3599 1954 in

2013 2003 2185 2042 unum
2230 1988 2568 2057 conspirant.
2616 1987 2774 2053 Quod
2818 1987 2865 2041 si
2912 1987 2988 2042 ita
3031 1995 3138 2052 est,
3184 1987 3461 2057 quomodo
3488 2004 3599 2044 non

2013 2084 2411 2153 multojustius
2457 2083 2644 2148 fuerit,
2690 2098 2789 2138 vos
2830 2081 2927 2151 qui
2973 2082 3175 2136 summi
3220 2082 3317 2137 Dei
3354 2082 3598 2137 ministri

2012 2177 2166 2240 estis,
2194 2176 2250 2230 in
2290 2176 2539 2247 ejusdem
2594 2174 2880 2245 religionis
2925 2173 3266 2244 professione
3310 2174 3601 2229 unanimes

2011 2268 2372 2338 permanere?
2397 2268 2505 2322 Sed
2529 2267 2841 2324 accuratius
2866 2266 2911 2319 si
2935 2267 3114 2336 placet
3135 2273 3192 2320 et
3214 2265 3477 2320 attentius
3500 2280 3597 2320 cx-

2011 2359 2317 2430 pendamus
2351 2359 2407 2414 id
2432 2360 2582 2430 quod
2618 2360 2729 2430 jam
2770 2358 2906 2421 dixi,
2931 2373 3223 2427 aquumne
3245 2357 3319 2411 sit
3337 2364 3399 2410 ut
3420 2356 3492 2410 ob
3505 2355 3596 2411 le-

2012 2451 2161 2505 vium
2205 2460 2262 2505 et
2304 2451 2551 2505 inanium
2575 2451 2871 2505 verborum
2899 2450 3045 2503 inter
3073 2463 3172 2502 vos
3193 2447 3595 2512 contentiones,
3648 2433 3661 2456 “

2010 2541 2211 2596 fratres
2235 2540 2503 2595 fratribus
2537 2541 2691 2595 velut
2721 2540 2777 2595 in
2801 2540 2918 2594 acie
2942 2538 3183 2608 oppositi
3210 2545 3398 2602 stent;
3426 2547 3598 2604 utque

2011 2630 2344 2685 venerabilis
2379 2638 2702 2693 conventus,
2741 2644 2840 2698 per
2862 2643 2962 2683 vos
3001 2628 3097 2697 qui
3140 2627 3212 2682 de
3255 2626 3423 2681 rebus
3458 2626 3599 2680 adeo

2012 2722 2226 2793 exiguis
2267 2729 2324 2777 et
2365 2721 2591 2775 minime
2618 2719 2945 2774 necessariis
2984 2716 3259 2781 rixamini,
3287 2716 3451 2785 impia
3479 2714 3596 2770 dis-

2012 2813 2271 2868 sensione
2308 2811 2605 2867 dissideat?
2648 2810 2867 2865 Plebeia
2908 2816 3038 2863 sunt
3074 2808 3212 2869 inec,
3236 2816 3436 2876 etquae
3456 2818 3597 2873 pue-

2012 2902 2102 2956 rili
2123 2903 2294 2972 magis
2320 2901 2547 2955 inscitize
2578 2915 2742 2969 quam
2790 2898 3140 2953 sacerdotum
3163 2906 3221 2951 et
3241 2896 3595 2967 prudentium

2010 2995 2253 3048 virorum
2294 2990 2575 3062 sapientiae
2618 2997 2942 3059 congruant.
2994 2987 3369 3043 Abseedamus
3411 2993 3595 3040 nostra

2011 3092 2203 3155 sponte
2226 3100 2255 3139 a
2279 3083 2482 3138 diaboli
2507 3080 2926 3136 tentationibus.
2952 3079 3219 3133 Maximus
3241 3077 3387 3132 Deus
3407 3083 3597 3131 noster

2009 3187 2066 3231 et
2107 3176 2354 3230 omnium
2417 3174 2678 3231 Servator
2737 3186 3086 3227 communem
3158 3166 3375 3225 eunetis
3415 3167 3596 3221 lucem

2010 3268 2275 3340 porrexit.
2323 3265 2438 3321 Sub
2480 3265 2641 3335 cujus
2686 3262 2932 3333 auSpicio
2974 3276 3039 3317 ac
3068 3258 3436 3331 providentia,
3460 3256 3597 3312 mihi

2009 3362 2129 3431 ejus
2152 3358 2355 3413 famulo
2376 3364 2432 3413 et
2454 3355 2654 3412 cultori
2675 3354 2980 3417 concedite,
3003 3366 3209 3421 quaeso,
3235 3358 3298 3405 ut
3318 3349 3437 3404 ~hoe
3457 3362 3598 3417 opus

2010 3453 2077 3509 ad
2100 3452 2307 3507 exitum
2354 3449 2654 3521 perducam
2678 3465 2693 3514 ;
2722 3462 2833 3518 quo
2858 3446 3097 3517 populus
3127 3443 3277 3498 illius
3298 3452 3422 3496 mea
3461 3439 3597 3495 allo-

2008 3546 2232 3604 cutione
2270 3552 2436 3615 atque
2462 3557 2656 3613 opera,
2680 3548 2737 3595 et
2759 3537 3197 3594 admonitionum
3223 3531 3501 3595 instantia,
3525 3528 3594 3584 ad

2009 3646 2312 3694 conventus
2354 3635 2622 3691 unitatem
2668 3637 2981 3687 revdcetur.
3016 3628 3153 3683 Nam
3179 3640 3305 3680 cum
3332 3623 3509 3689 vobis,
3533 3630 3593 3676 ut

2006 3730 2142 3793 dixi,
2169 3744 2276 3784 una
2297 3728 2601 3797 eademque
2641 3724 2716 3779 sit
2761 3723 2919 3787 fides,
2949 3736 3058 3776 una
3080 3718 3152 3775 de
3174 3716 3445 3787 religione
3492 3730 3593 3770 no-

2008 3824 2125 3869 stra
2146 3815 2442 3880 sententia,
2472 3828 2710 3882 cumque
2732 3811 2869 3882 legis
2894 3814 3227 3880 praeceptum
3254 3814 3485 3874 utraque
3508 3806 3591 3860 sui

2008 3914 2162 3977 parte
2225 3921 2419 3961 omnes
2482 3904 2541 3958 in
2588 3917 2751 3958 unam
2813 3900 3124 3959 animorum
3170 3896 3592 3953 consensionem

2007 3996 2386 4067 constringat:
2419 3995 2566 4051 istud
2609 3994 2754 4063 quod
2789 3993 2966 4047 levem
3007 3992 3152 4046 inter
3195 4004 3295 4043 vos
3336 3987 3592 4042 excitavit

2006 4074 2455 4153 contentionem,
2492 4084 2934 4157 quandoquidem
2981 4082 3051 4138 ad
3101 4081 3270 4136 totius
3315 4077 3593 4147 religionis

2004 4196 2278 4235 summam
2320 4195 2430 4234 non
2455 4179 2718 4249 pertinet,
2743 4192 2852 4232 non
2877 4182 2962 4228 est
2985 4189 3085 4227 cur
3129 4171 3301 4224 ullum
3331 4168 3473 4221 inter
3494 4181 3592 4220 vos

2005 4270 2295 4325 dissidium
2344 4284 2408 4323 ac
2433 4266 2761 4322 seditionem
2789 4263 2971 4319 faciat.
3001 4260 3180 4329 Atque
3218 4258 3335 4311 haec
3356 4270 3458 4326 ego
3482 4271 3591 4309 non

2004 4379 2073 4419 eo
2096 4363 2239 4425 dico,
2282 4367 2344 4413 ut
2366 4375 2463 4413 vos
2493 4358 2561 4412 de
2599 4358 2805 4425 inepta,
2828 4353 3223 4423 qualiscunque
3248 4349 3468 4403 demum
3492 4362 3591 4401 vo-

306 4457 519 4525 δήπστέ
554 4458 704 4510 ἐστιν
755 4456 938 4526 εκείνη
982 4458 1207 4528 ζητήσει
1260 4457 1619 4513 συντίθεσθαι.
1671 4458 1906 4513 Δύναται

2011 4464 2180 4511 cando
2226 4463 2330 4518 est,
2355 4453 2655 4523 quaestione
2708 4450 2856 4505 idem
2898 4446 3122 4503 omnino
3148 4445 3352 4500 sentire
3379 4458 3586 4515 cogam.

310 4550 427 4621 γὰρ
457 4550 555 4603 καί
579 4550 641 4602 τὸ
659 4550 762 4619 τῆς
789 4549 1012 4604 συνόδου
1040 4549 1222 4619 τίμιον
1252 4550 1379 4621 ὑμῖν
1406 4550 1663 4623 ἀκέραιον
1695 4550 1900 4620 φυλάτ-

2011 4550 2186 4606 Potest
2230 4547 2377 4604 enim
2423 4545 2660 4623 gravitas
2698 4549 3002 4599 conventus
3050 4540 3263 4610 integra
3305 4537 3451 4608 apud
3478 4553 3592 4607 vos

310 4640 530 4703 τεσθαι,
552 4640 649 4695 καὶ
679 4643 711 4710 ή
733 4641 872 4713 αὐτὴ
893 4640 1036 4711 κατά
1060 4641 1277 4696 πάντων
1307 4642 1564 4697 κοινωνία
1590 4643 1899 4713 τηρεῖσθαι,

2011 4639 2336 4706 conservari,
2381 4644 2438 4694 et
2486 4654 2593 4692 una
2618 4636 2926 4706 eademque
2954 4634 3102 4689 inter
3124 4646 3317 4688 omnes
3339 4645 3588 4686 commu-

311 4733 420 4785 κᾶν
459 4733 528 4786 τὰ
569 4732 807 4801 μάλιστά
829 4750 915 4797 τις
974 4736 1033 4786 ὲν
1082 4733 1236 4804 μέρει
1290 4736 1426 4805 πρὸς
1467 4732 1729 4805 ἀλλήλους
1761 4735 1903 4805 ὑπὲρ

2011 4735 2093 4789 nio
2137 4732 2385 4797 retineri,
2410 4730 2663 4801 quamvis
2711 4729 2949 4783 invicem
2993 4726 3061 4780 de
3086 4740 3146 4779 re
3169 4725 3352 4792 aliqua
3374 4720 3588 4777 minimi

310 4824 604 4894 ἐλαχίστου
639 4825 909 4894 διαφωνία
948 4823 1195 4894 γένηταιο
1241 4825 1365 4879 ἐπεὶ
1419 4825 1553 4896 μηδὲ
1614 4826 1812 4889 πάντες
1844 4826 1903 4880 ὲν

2011 4824 2265 4879 momenti
2288 4821 2644 4877 dissentiatis.
2674 4820 2959 4890 Siquidem
2985 4831 3087 4871 nec
3114 4815 3258 4870 idem
3283 4828 3475 4867 omnes
3494 4826 3590 4867 vo-

310 4918 455 4970 πᾶσι
471 4915 637 4969 ταὺτὸ
665 4914 987 4985 βουλόμεθα,
1023 4916 1157 4988 μηδὲ
1189 4917 1286 4987 μία
1310 4934 1396 4981 τις
1424 4918 1485 4971 ἐν
1518 4917 1649 4987 ἡμῖν
1679 4916 1840 4987 φύσις
1867 4916 1900 4987 ἢ

2011 4918 2193 4975 lumus
2215 4915 2269 4970 in
2292 4915 2569 4978 omnibus,
2610 4931 2713 4970 nec
2736 4928 2842 4968 una
2872 4910 3119 4968 omnium
3159 4907 3375 4963 indoles
3394 4914 3479 4962 est
3501 4914 3587 4962 at-

311 5004 513 5076 γνῶμη
535 5003 897 5060 πολιτεύεται.
931 5007 1006 5059 lle
1016 5007 1070 5077 ρὶ
1099 5007 1197 5078 μὲν
1211 5002 1305 5062 οὖν
1329 5006 1430 5075 τῆς
1453 5006 1605 5070 θείας
1643 5006 1901 5077 προνοίας

2011 5026 2118 5081 que
2142 5008 2434 5064 sententia.
2463 5008 2650 5077 Itaque
2673 5006 2741 5060 de
2765 5004 2949 5060 divina
2972 5002 3196 5073 quidem
3219 4998 3588 5071 providentia,

314 5100 419 5169 μία
461 5115 551 5161 τις
604 5098 665 5152 έν
710 5099 841 5171 ὑμῖν
887 5099 1032 5153 ἔστω
1088 5101 1292 5165 πίστις,
1359 5100 1458 5169 μία
1516 5098 1750 5163 σύνεσις,
1801 5098 1903 5170 μία

2011 5115 2121 5155 una
2144 5099 2289 5155 inter
2311 5112 2412 5152 vos
2453 5096 2527 5151 sit
2569 5094 2726 5160 ﬁdes,
2752 5108 2896 5148 unus
2938 5106 3156 5153 sensus,
3201 5103 3371 5142 unum
3418 5084 3588 5141 divini

312 5188 568 5260 συνθήκη
591 5188 686 5244 τοῦ
711 5190 1035 5262 κρείττονος.
1076 5190 1142 5245 ’Δ
1196 5191 1254 5246 δὲ
1292 5191 1432 5263 ὑπὲρ
1458 5191 1567 5245 τῶν
1604 5190 1904 5261 ἐλαχίστων

2011 5191 2257 5248 numinis
2299 5188 2484 5246 fmdus
2542 5186 2674 5254 Quae
2712 5200 2846 5241 vero
2888 5182 2958 5241 de
2979 5179 3272 5240 levissimis
3293 5178 3414 5235 istis
3436 5190 3588 5248 qua:-

1531 5365 1800 5422 VALESII
1838 5362 2390 5422 ANNOTATIONES.

540 5501 680 5587 Ταῖς
705 5505 1017 5587 ὑμετέραις
1043 5507 1352 5587 ξθύνεσθαι
1377 5505 1615 5587 φρεᾳςίν,
1642 5513 1749 5587 etc:
1766 5500 1905 5587 “To-

2011 5499 2371 5587 aper-rogetis:
2422 5497 2536 5587 Νέδα
2569 5496 2903 5587 aliterhlegit
2942 5495 3141 5587 Epipb.
3177 5482 3584 5587 Scbglasj;‘§.i£

317 5560 411 5635 ιιιὲ
448 5560 1015 5630 ιιὶοιορῐιεῖηρόιιίεέ
1043 5560 1458 5633 ιλείοηίίεᾉὶιᾶιῖἰ
1496 5560 1571 5631 ita
1603 5560 1900 5632 scribitur,
2002 5560 2149 5625 enim
2202 5560 2412 5623 vertit:
2450 5567 2677 5622 Tantum
2720 5560 3131 5638 υρΐρορᾱιάηι,
3179 5572 3335 5636 ᾳιιεηε
3397 5560 3584 5638 ηςσινίςς

316 5623 578 5718 ἒὲἓοξὲἷιςὶ
588 5623 715 5718 ἶςῖξ
729 5623 1012 5718 (gaias
1037 5623 1242 5700 873%};
1259 5623 1391 5711 ἐξὲξ
1399 5623 1694 5718 Eget-29;;
1708 5623 1904 5718 "agt;

2011 5623 2326 5718 orationibus
2353 5649 2402 5691 et
2430 5638 2732 5718 prudentia_
2756 5623 2994 5718 conuenit
3041 5623 3346 5718 gubejrtqlrit
3388 5623 3586 5718 (ξίδεοτ-

327 5690 565 5700 --------
612 5690 693 5698 -π
735 5690 860 5697 ν-ν-
885 5690 1006 5698 υ--ν-
1128 5690 1228 5700 ν--π-
1269 5690 1377 5711 η...
1404 5690 1690 5718 -τ---σε-ποι
1720 5690 1901 5711 nam:

322 5716 421 5770 καὶ
466 5715 658 5784 φρεσὶν
709 5714 1050 5770 εὐθυνεῐσθαι
1114 5718 1409 5789 προσήκει,
1458 5716 1712 5785 διχονοεῖν
1777 5712 1902 5765 οὔτε

2011 5690 2135 5766 dare
2151 5690 2250 5763 nec
2277 5690 2453 5773 decet:
2471 5690 2564 5764 nec
2591 5690 2803 5762 omnino
2834 5707 2908 5772 {as
2933 5690 3312 5758 essevcredibile
3338 5700 3440 5748 εδει
