4046 6204
656 332 727 389 59
2122 305 2455 369 SOCRATIS

657 444 934 505 stionibus
957 442 1102 498 inter
1128 455 1225 496 vos
1249 437 1528 495 subtiliter
1550 433 1863 507 disputatis,
1886 433 2018 490 licet
2038 446 2153 487 non
2174 430 2233 484 in

2191 447 2233 484 .n
2263 424 2540 505 Ατούτων
2560 420 2840 493 ζητήσεων
2866 416 2925 472 ὲν
2944 415 3193 488 ἀλλήλοις
3218 407 3669 507 ἀκριϐολογεῖσθε.
3694 404 3789 460 κᾶν

656 537 910 594 eamdem
955 532 1300 591 conveniatis
1343 527 1697 593 sententiam,
1725 525 1992 582 interiore
2035 521 2237 578 mentis

658 624 989 697 cogitatione
1028 623 1333 685 continere,
1366 627 1425 675 et
1447 634 1648 675 arcano
1672 616 1913 690 pectoris
1937 613 2237 669 recondere

658 717 890 775 debetis.
930 714 1145 770 Maneat
1186 713 1343 768 ﬁrma
1366 713 1424 766 in
1448 712 1607 767 vobis
1631 709 1941 775 communis
1980 706 2239 762 amicitia

659 806 1044 880 prarogativa,
1089 813 1147 860 et
1184 804 1435 859 veritatis
1461 802 1618 867 ﬁdes,
1645 808 1703 857 et
1726 800 1822 856 Dei
1847 798 2096 870 legisque
2133 796 2239 852 ob-

659 900 931 956 servantia
955 915 971 966 ;
998 896 1268 952 recurrite
1291 895 1360 951 ad
1382 904 1632 951 mutuam
1657 893 2008 950 dilectionem
2033 898 2091 948 et
2110 891 2240 946 cha-

661 991 912 1056 ritatcm;
958 988 1174 1044 reddite
1219 987 1479 1042 universo
1514 986 1719 1057 populo
1759 1000 1889 1041 suos
1931 983 2233 1055 amplexus.

660 1079 769 1151 ipsi
813 1079 1054 1134 vicissim
1099 1079 1436 1149 expurgatis,
1482 1085 1544 1133 ut
1583 1077 1659 1132 ita
1684 1077 1882 1143 dicam,
1920 1075 2119 1131 animis
2138 1089 2236 1129 vc-

586 1172 591 1179 “
661 1169 822 1234 stris,
846 1176 1058 1225 vosmet
1081 1169 1230 1239 ipsos
1249 1167 1548 1238 agnoscite.
1574 1165 1728 1236 Sapo
1749 1165 1898 1220 enim
1924 1171 2048 1234 post
2066 1163 2237 1232 depo-

659 1262 794 1318 sitas
832 1262 1152 1318 inimicitias
1195 1262 1550 1318 reconciliata
1595 1261 1795 1316 iterum
1821 1259 2014 1331 gratia,
2033 1258 2238 1328 jucun-

657 1355 782 1411 dior
801 1357 1016 1412 exsistit
1037 1356 1298 1413 amicitia.
1326 1355 1561 1419 Reddite
1588 1356 1695 1426 18
1739 1355 1907 1427 igitur
1930 1354 2065 1408 mihi
2093 1361 2240 1409 tran-

657 1444 861 1515 quillos
906 1444 1047 1511 dies,
1093 1453 1152 1501 et
1194 1454 1386 1501 noctes
1407 1461 1667 1501 curarum
1702 1452 1991 1513 expertes;
2019 1443 2237 1497 utmihi

658 1552 879 1607 quoque
919 1552 1072 1607 purae
1113 1537 1253 1593 lueis
1275 1537 1528 1607 voluptas
1562 1545 1620 1592 et
1661 1536 1862 1607 quietae
1883 1536 2011 1590 vita
2050 1533 2238 1589 latitia

658 1628 715 1683 in
737 1636 1021 1699 posterum
1042 1635 1422 1684 conservetur.
1450 1626 1609 1695 Quod
1632 1627 1738 1682 nisi
1762 1632 2094 1682 consecutus
2114 1623 2238 1680 fue-

656 1734 740 1784 ro,
765 1718 1118 1791 ingemiscam
1153 1734 1382 1775 necesse
1405 1727 1512 1786 est,
1537 1726 1795 1789 totusque
1833 1718 2088 1790 lacrymis
2114 1732 2240 1788 per-

2337 517 2476 591 πρὸς
2503 514 2632 588 μίαν
2650 511 2878 584 γνώμην
2903 508 3245 581 συμφέρητε,
3278 503 3461 576 μένειν
3483 500 3611 556 είσω
3632 498 3815 591 λογισμ

2337 589 2627 679 προσήκει,
2655 603 2736 676 τῷ
2766 604 2864 675 τῆς
2888 600 3128 664 διανοίας
3157 595 3457 670 ἀπορρήτῳ
3484 589 3794 663 τηρούμενα.

2338 700 2522 771 μέντοι
2544 697 2642 767 τῆς
2661 694 2847 765 κοινῆς
2867 692 3052 763 φιλίας
3075 685 3385 760 ἀπόρρητόν
3403 701 3465 738 τε
3487 682 3579 737 καὶ¹
3609 680 3816 771 ὲξαίρετι

2337 770 2431 845 καὶ
2455 792 2489 861 ή
2524 789 2623 858 τῆς
2673 784 2930 857 ἀληθείας
2980 781 3183 846 πίστις,
3212 778 3250 849 ἢ
3282 794 3341 831 τε
3369 774 3499 846 περὶ
3527 772 3616 828 τὸν
3651 770 3775 826 Θεὸν
3801 788 3816 823 ι

2335 881 2435 951 τὴν
2463 877 2560 932 τοῦ
2592 878 2760 949 νόμου
2813 872 3113 946 θρησκείαν
3153 867 3311 940 τιμὴ,
3372 863 3578 938 μενέτω
3617 863 3737 931 παρ’
3766 862 3816 932 ύι

2335 972 2653 1035 ἀσάλευτος
2704 967 3030 1023 ἐπανέλθετε
3056 963 3116 1018 δὲ
3143 961 3281 1034 πρὸς
3319 959 3420 1029 τὴν
3459 956 3695 1027 ἀλλήλων
3719 953 3816 1025 φιλι

2335 1081 2396 1118 τε
2420 1063 2515 1118 καὶ
2545 1062 2725 1133 χάριν.
2760 1058 3012 1113 ’Δπόδοτε
3040 1054 3118 1126 τῷ
3140 1053 3416 1124 σύμπαντι
3443 1048 3557 1120 λαῷ
3582 1047 3676 1112 τὰς
3696 1048 3816 1100 οίκει

2337 1153 2674 1227 περιπλοκάς
2708 1167 2723 1183 ·
2768 1150 2929 1220 ὑμεῖς
2979 1163 3041 1201 τε
3072 1143 3228 1200 αὐτοὶ
3256 1141 3510 1212 καθάπερ
3555 1137 3652 1201 τάς
3694 1138 3816 1190 ἑαυτ

2336 1244 2518 1317 ψυχὰς
2575 1240 3020 1312 ἐκκαθάραντες,
3082 1232 3240 1299 αὖθις
3297 1230 3561 1304 ἀλλήλους
3615 1228 3815 1296 ἑπίγνω

2349 1335 2543 1391 Ἧδίων
2591 1334 2702 1404 γάρ
2743 1331 3006 1396 πολλάκις
3050 1328 3259 1398 γίνεται
3288 1324 3438 1396 φιλία
3484 1322 3621 1395 μετὰ
3664 1319 3759 1393 τὴν
3797 1336 3816 1373 1

2337 1427 2539 1500 ἔχθρας
2561 1423 2821 1479 ὑπόθεσιν
2855 1421 2989 1493 (58)·
3019 1414 3176 1483 αὖθις
3200 1418 3282 1481 είς
3313 1410 3654 1482 καταλλαγὴν
3680 1413 3815 1500 ὲπαν

2339 1499 2483 1574 θετε.
2528 1515 2782 1571 Ἀπόδοτε
2807 1510 2903 1568 οὖν
2937 1528 3028 1584 μοι
3046 1507 3288 1580 γαληνάς
3312 1507 3413 1578 μὲν
3445 1505 3675 1578 ἡμέρας,
3703 1499 3816 1555 νύκιι

2336 1613 2395 1667 δὲ
2423 1611 2781 1684 ἀμερίμνους,
2823 1607 2914 1661 ἵνα
2941 1602 3109 1675 κάμοί
3138 1618 3225 1667 τις
3261 1599 3425 1673 ήδονὴ
3446 1595 3682 1667 καθαροῦ
3704 1611 3815 1664 φωτ

2339 1705 2437 1760 καὶ
2476 1702 2593 1774 βίου
2621 1699 2809 1755 λοιπὸν
2854 1698 3058 1769 ἥσυχος
3111 1690 3420 1764 εὐφροσύνη
3477 1686 3728 1757 σώζηται·
3769 1684 3816 1736 εί

655 1768 895 1862 fundari:
925 1822 1028 1863 nec
1052 1807 1329 1877 reliquum
1352 1768 1739 1875 vita'temptrs
1760 1768 1975 1875 placide
2000 1768 2235 1874 exigam.

2223 1844 2235 1857 .
2272 1768 2313 1823 Β
2345 1796 2441 1869 μὴ,
2472 1768 2682 1848 στένειν
2702 1768 2940 1861 ἀνάγκη,
2955 1787 3050 1843 καὶ
3064 1784 3321 1857 δακρύοις
3344 1782 3412 1836 δι’
3431 1780 3553 1877 ὅλου
3573 1775 3815 1877 συνέχεἾ

654 1899 791 1955 Nam
816 1898 1060 1968 qnandiu
1108 1900 1346 1969 populus
1389 1898 1510 1962 Dei,
1556 1912 1853 1953 conservos
1894 1911 2049 1952 meos
2090 1896 2238 1963 dico,

657 1989 843 2059 iniqua
885 2004 951 2045 ac
972 1991 1284 2061 perniciosa
1328 1990 1680 2046 contentione
1725 1988 1990 2043 discissus
2012 1996 2118 2054 est,
2145 1988 2241 2058 qui

657 2080 775 2135 fieri
803 2088 984 2151 potest
1004 2088 1067 2136 ut
1095 2096 1197 2153 ego
1219 2080 1481 2151 deinceps
1502 2080 1685 2136 animo
1711 2080 2040 2135 consistam?
2062 2079 2241 2149 Atque

658 2180 720 2227 ut
741 2171 950 2228 doloris
973 2172 1077 2228 hac
1105 2173 1175 2229 de
1211 2188 1271 2228 re
1296 2172 1404 2228 mei
1429 2171 1863 2243 magnitudinem
1898 2171 2238 2243 intelligetis,

657 2263 936 2334 paulisper
967 2264 1258 2320 attendite.
1286 2264 1475 2335 Nuper
1501 2279 1627 2319 cum
1654 2263 2029 2319 Nicomediam
2053 2262 2239 2319 venis-

657 2369 796 2420 sem,
825 2354 1076 2424 protinus
1117 2354 1173 2409 in
1218 2354 1501 2410 Orientem
1522 2355 1626 2409 iter
1648 2353 1831 2410 facere
1865 2353 2236 2409 decreveram.

654 2442 904 2514 Cumque
945 2443 1345 2514 profectionem
1386 2459 1661 2515 urgerem,
1709 2453 1767 2500 et
1796 2445 2018 2519 ⁸ιιιιιεῇοιιο
2035 2444 2146 2514 jam
2173 2458 2241 2499 ex

657 2543 811 2604 parte
836 2534 1122 2590 vobiscum
1146 2550 1349 2600 essem,
1375 2535 1545 2606 hujus
1570 2536 1651 2591 rei
1689 2535 1922 2590 nuntius
1946 2535 2240 2590 consilium

656 2632 909 2680 nostrum
957 2633 1107 2681 retro
1150 2625 1389 2693 avertit;
1436 2640 1507 2681 ne
1531 2640 1758 2697 cogerer
1782 2641 1846 2681 ea
1873 2625 2243 2695 coram.aspi-

656 2730 803 2782 cere,
832 2731 956 2787 qua
976 2731 1045 2773 ne
1066 2717 1257 2772 auditu
1281 2718 1503 2789 quidem
1525 2726 1687 2773 tenus
1713 2718 1950 2775 tolerare
1968 2733 2057 2773 me
2082 2733 2242 2788 posse

656 2806 1060 2862 existimabam.
1106 2808 1342 2864 Posthac
1386 2809 1554 2879 igitur
1590 2823 1865 2864 consensu
1891 2816 2076 2862 vestro
2097 2808 2240 2862 viam

658 2895 794 2949 mihi
829 2896 886 2950 in
925 2895 1209 2951 Orientem
1245 2898 1479 2966 aperite,
1518 2912 1682 2965 quam
1706 2896 1843 2950 mihi
1866 2897 2077 2950 mutuis
2098 2897 2242 2953 inter

658 3000 756 3041 vos
792 2985 1236 3040 contentionibus
1282 2985 1655 3041 obstruxistis.
1703 2986 1836 3041 Date
1871 2984 1980 3040 hoc
1999 2985 2156 3049 mihi,
2180 2993 2241 3039 ut

2340 1867 2436 1942 καὶ
2462 1885 2596 1958 μηδὲ
2624 1882 2716 1938 τὸν
2736 1879 2832 1936 τοῦ
2854 1878 2953 1951 ζῇν
2978 1876 3151 1933 αἰῶνα
3178 1874 3399 1947 πραέως
3422 1867 3816 1958 ύφίστασθαιὶῒ

2339 1956 2533 2047 γάρτοι
2561 1971 2659 2026 τοῦ
2709 1970 2845 2025 Θεοῦ
2885 1966 3032 2023 λαῶν
3055 2005 3071 2032 ,
3120 1964 3231 2019 τῶν
3272 1960 3716 2033 συνθεραπόντων
3763 1956 3816 2010 λέ

2338 2046 2449 2120 τῶν
2476 2066 2647 2136 ἐμῶν,
2677 2061 2851 2125 οὕτως
2876 2059 3048 2129 ἀδίκῳ
3086 2056 3182 2110 καὶ
3220 2053 3460 2127 βλαὸερᾷ
3488 2050 3626 2124 πρὸς
3651 2046 3816 2118 ἀλλήλω

2340 2156 2645 2230 φιλονεικίᾳ
2706 2149 3130 2224 κεχωρισμένων
3165 2187 3181 2214 ,
3235 2146 3337 2217 ἐμὲ
3393 2144 3511 2208 πῶς
3561 2140 3790 2211 ἐγχωρεῖ

2338 2226 2587 2321 λογισμῷ
2615 2244 2934 2301 συνεστάναι
2981 2239 3208 2305 λοιπόν;
3235 2237 3354 2291 Ἵνα
3390 2234 3449 2291 δὲ
3480 2233 3580 2304 τῆς
3627 2230 3718 2284 ἐπὶ
3740 2226 3816 2321 τοί

2339 2318 2516 2410 λύπης
2552 2318 2651 2409 τὴν
2709 2322 3017 2406 ὑπερϐολὴν
3060 2326 3353 2400 αἴσθησθε,
3397 2323 3685 2381 ἀκούσατε.
3712 2318 3816 2390 Πρό

2339 2431 2572 2495 ἐπιστὰς
2607 2431 2675 2500 τῇ
2701 2425 3058 2498 Νικομηδέων
3097 2421 3271 2482 πόλει.
3326 2417 3669 2488 παραχρῆμα
3693 2414 3772 2476 είς
3812 2432 3816 2447 ο

2340 2523 2482 2595 ἑῴαν
2518 2521 2831 2592 ἠπειγόμην
2864 2520 2933 2589 τῇ
2973 2514 3194 2587 γνώμῃ.
3224 2510 3518 2566 Σπεύδοντι
3546 2508 3605 2563 δέ
3651 2523 3739 2577 μοι
3770 2522 3811 2557 π

2340 2617 2486 2687 ὑμᾶς
2515 2615 2640 2686 ήδη,
2658 2615 2751 2667 καὶ
2770 2611 2850 2683 τῷ
2877 2609 3082 2665 πλείονι
3107 2608 3263 2679 μέρει
3287 2607 3383 2660 σὺν
3402 2604 3530 2674 ύμῖν
3553 2601 3736 2671 δντι,ή
3761 2614 3816 2650 το

2339 2707 2435 2761 τοῦ
2451 2706 2776 2778 πράγματος
2791 2701 3043 2771 ἀγγελία,
3061 2697 3198 2772 πρὸς
3219 2696 3280 2750 τὸ
3298 2694 3538 2766 ἔμπαλιν
3550 2691 3642 2745 τὸν
3659 2690 3815 2757 λογισ

2339 2798 2700 2870 ἀνεχαίτισενο
2749 2795 2836 2849 ἵνα
2891 2794 2966 2866 μὴ
3012 2792 3126 2855 τοῖς
3163 2787 3461 2860 ὀφθαλμοῖς
3504 2784 3637 2854 όρᾷν
3677 2782 3816 2848 ἀναγ

2342 2888 2547 2959 σθείην,
2566 2887 2602 2942 ἃ
2632 2886 2766 2958 μηδὲ
2796 2887 2921 2948 ταῖς
2953 2884 3147 2947 ἀκοαῖς
3180 2878 3478 2952 προσέσθαι
3503 2873 3725 2931 δυνατὸν
3748 2872 3816 2942 ἠγ

2343 2996 2469 3051 μην.
2517 2976 2790 3042 ’Δνοίξατε
2814 2976 2881 3047 δή
2914 2992 3005 3045 μοι
3032 2972 3221 3028 λοιπὸν
3268 2973 3326 3025 ὲν
3352 2972 3419 3040 τῇ
3456 2967 3578 3023 καθ’
3618 2964 3763 3035 ὑμᾶς
3793 2962 3816 3014 ό

661 3082 714 3132 et
736 3092 834 3132 vos
870 3085 933 3131 et
974 3078 1215 3147 reliquos
1240 3092 1432 3133 omnes
1456 3078 1689 3148 populos
1725 3077 1878 3133 latos
1911 3084 2075 3147 atque
2102 3077 2243 3131 hila—

2217 3106 2243 3116 —
2270 3104 2313 3162 ο
2341 3071 2461 3143 νοίᾳ
2493 3070 2594 3141 τῆς
2628 3067 2773 3162 ἑῴας
2831 3066 2954 3162 τήν-
2982 3066 3125 3131 ὁδὸν,
3298 3062 3420 3124 ταῖς
3467 3057 3607 3162 πρδς
3661 3052 3815 3162 ait?

662 3181 748 3222 res
771 3168 1174 3242 quamprimum
1215 3169 1433 3236 videre,
1475 3178 1533 3224 et
1566 3186 1670 3240 pro
1691 3171 1969 3226 communi
1991 3170 2239 3226 omnium

2217 3185 2239 3225 ι
2270 3143 2313 3162 ν
2345 3162 2700 3233 φιλονεικίαις
2725 3157 3110 3214 ἀπεκλείσατε.
3160 3153 3270 3209 Καὶ
3309 3149 3704 3242 συγχωρήσατε
3727 3143 3815 3197 θᾶπ

663 3260 950 3319 concordia
971 3276 1037 3317 ac
1056 3261 1311 3318 libertate
1331 3261 1546 3318 debitas
1567 3263 1679 3317 Deo
1701 3261 1925 3332 gratias,
1948 3276 2075 3317 cum
2100 3277 2239 3317 una-

663 3343 793 3403 nimi
815 3346 1038 3406 laudum
1063 3356 1333 3403 concentu
1357 3347 1568 3403 referre
1590 3347 1814 3418 possim.

2347 3258 2494 3327 ὑμᾶς
2518 3271 2576 3307 τε
2607 3251 2768 3324 ὁμοῦ,
2794 3251 2890 3305 καὶ
2929 3249 3055 3313 τοὺς
3088 3247 3282 3310 ἀλλους
3311 3244 3558 3305 ἅπαντας
3581 3240 3789 3327 δήμους

2349 3326 2480 3403 ιδεῖν
2498 3345 2808 3418 χαίροντας,
2846 3340 2941 3397 καὶ
2970 3340 3069 3412 τὴν
3097 3340 3239 3410 ὑπὲρ
3268 3339 3387 3409 τῆς
3433 3334 3621 3404 κοινῆς
3667 3326 3816 3383 ἀπάν

663 3436 914 3509 δμονοιας
937 3456 999 3495 τε
1030 3439 1127 3497 καὶ
1150 3439 1464 3512 ἐλευθερίας
1507 3439 1888 3514 ὀφειλομένην,
1905 3442 2089 3512 χάριν,
2121 3442 2208 3495 ἐπ’
2246 3440 2516 3512 εὐφήμοις
2545 3438 2720 3506 λόγων
2748 3434 3109 3507 συνθήμασιν,
3154 3430 3489 3504 ὁμολογῆσαι
3514 3424 3596 3497 τῷ
3633 3418 3816 3495 κρείττ

1279 3638 1433 3695 CAP.
1477 3640 1617 3696 VIII.

666 3726 740 3780 De
776 3726 976 3799 synodo
1010 3743 1127 3803 qua;
1166 3727 1345 3803 habita
1366 3738 1460 3803 gest
1496 3729 1688 3803 Nician:
1707 3731 1763 3785 in
1784 3729 2054 3803 Bithynia,
2094 3738 2144 3784 et
2181 3730 2246 3785 de

1035 3797 1142 3868 fide
1165 3813 1285 3869 qua:
1304 3798 1376 3854 ibi
1410 3800 1750 3872 promulgata
1773 3809 1870 3855 est.
1910 3797 1930 3803 ⁷
2236 3806 2241 3819 '

735 3909 803 3971 Et
842 3909 961 3965 hac
1003 3909 1226 3980 quidem
1271 3910 1576 3982 imperator
1623 3912 1934 3970 admirabili
1981 3914 2246 3985 sapientia

666 4001 928 4073 praeditus
953 4017 1053 4072 per
1076 4002 1292 4059 litteras
1314 4003 1603 4060 suadebat.
1630 4005 1738 4061 Sed
1763 4005 1967 4062 malum
1994 4007 2133 4063 adeo
2158 4007 2245 4063 in-

666 4094 940 4160 valucrat,
965 4102 1027 4150 ut
1054 4111 1161 4151 nec
1184 4095 1536 4167 imperatoris
1556 4096 1858 4168 diligentia,
1884 4112 1990 4153 nec
2010 4098 2249 4154 auctori-

668 4192 752 4238 tas
774 4182 921 4240 illins
944 4185 1039 4256 qui
1056 4185 1273 4242 litteras
1297 4184 1575 4253 attulerat,
1603 4186 1903 4257 quidquam
1916 4186 2244 4258 profecerit:

670 4289 794 4328 nam
817 4291 995 4346 neque
1016 4277 1344 4344 Alexander,
1367 4293 1548 4349 neque
1569 4277 1755 4344 Arius,
1780 4278 1869 4334 his
1890 4279 2092 4334 litteris
2112 4277 2250 4334 mol-

668 4365 753 4421 liti
776 4377 905 4423 sunt
932 4386 945 4423 :
975 4377 1032 4425 et
1075 4369 1133 4425 in
1178 4371 1297 4441 ipsa
1339 4371 1500 4442 plebe
1538 4371 1727 4443 ingens
1752 4371 2020 4429 tumultus
2041 4381 2249 4428 etcon-

669 4459 843 4513 tentio
867 4461 1231 4531 grassabatur.
1258 4462 1366 4519 Sed
1389 4472 1446 4518 et
1470 4464 1611 4518 alius
1633 4465 1860 4520 suberat
1880 4466 2071 4520 localis
2092 4480 2243 4520 mor-

668 4545 795 4612 bus,
839 4548 934 4617 qui
982 4548 1242 4603 ecclesias
1286 4565 1395 4604 non
1442 4542 1795 4606 mediocriter
1836 4553 2242 4607 conturbabat:

670 4635 939 4692 dissensio
961 4637 1170 4692 scilicet
1191 4637 1259 4692 de
1283 4637 1423 4693 festo
1445 4639 1667 4695 Pascha
1696 4640 1785 4694 die
1807 4657 1821 4706 ;
1862 4656 1984 4711 qua
2023 4641 2246 4710 quidem

672 4728 730 4783 in
770 4725 1011 4784 Orientis
1053 4727 1317 4784 duntaxat
1360 4731 1610 4801 partibus
1650 4734 1974 4788 versabatur
2000 4750 2014 4785 :
2041 4732 2127 4789 his
2147 4734 2248 4790 Ju-

671 4814 917 4873 daorum
941 4834 1092 4875 more
1114 4818 1315 4875 festum
1342 4821 1486 4877 diem
1511 4821 1814 4888 celebrare,
1856 4823 1966 4878 illis
2006 4822 2250 4894 reliquos

673 4909 843 4965 totius
862 4910 1014 4967 orbis
1033 4911 1375 4969 Christianos
1417 4913 1475 4968 in
1520 4913 1626 4969 hoc
1647 4914 1851 4969 imitari
1875 4915 2248 4972 studentibus.

671 4997 943 5054 (laterum
985 5002 1237 5071 quamvis
1282 5002 1352 5058 de
1396 5002 1487 5057 die
1525 5002 1665 5059 festo
1709 5003 1853 5060 inter
1874 5020 1933 5061 se
1959 5006 2065 5062 hoc
2088 5006 2252 5061 modo

673 5088 1025 5158 dissiderent,
1049 5108 1159 5148 non
1195 5100 1378 5149 tamen
1402 5094 1527 5150 ideo
1564 5111 1596 5150 a
1635 5097 2022 5152 communione
2062 5105 2253 5152 mutua

674 5180 1043 5240 abstinebant.
1060 5181 1171 5241 Sed
1184 5183 1295 5241 diei
1313 5183 1438 5242 festi
1452 5185 1639 5241 latitia
1662 5185 1770 5242 hoc
1781 5185 2141 5241 dissensionis
2153 5201 2256 5239 nu-

2935 3631 3191 3688 ΚΕΦΑΛ.
3236 3628 3322 3682 H'.

2342 3729 2485 3799 Περὶ
2529 3727 2642 3794 τῆς
2680 3725 3082 3799 γεγενημένης
3109 3717 3415 3799 ,σπίνρδουΑ
3437 3713 3509 3799 ἐςν
3553 3709 3783 3799 Manto

2379 3782 2799 3864 έῖθυνίὶὶςξκὰὶ
2822 3782 2957 3862 πὲζοι
2975 3782 3084 3860 τῆ
3096 3789 3226 3845 ἐκεῖ
3243 3787 3593 3854 ἐπιτεθείσης
3610 3782 3816 3837 πίστει

2416 3908 2659 3963 Τοιαῦτα
2705 3904 2806 3978 μὲν
2852 3899 2947 3958 οὖν
3000 3898 3293 3972 θαυμαστά
3354 3896 3450 3951 καὶ
3505 3894 3703 3965 σοφίας
3760 3907 3816 3963 με

2347 3996 2584 4069 παρῄνει
2635 3997 2669 4065 ἡ
2734 3992 2829 4047 τοῦ
2891 3990 3159 4063 βασιλέως
3217 3987 3496 4058 ἐπιστολή.
3544 3985 3622 4039 Τδ
3651 3983 3711 4038 δὲ
3764 3999 3816 4036 κε

2344 4086 2804 4160 ἐπικρατέστερον
2843 4078 2913 4154 ἦν
2947 4083 3044 4136 καὶ
3074 4081 3175 4153 τῆς
3222 4080 3318 4134 τοῦ
3344 4078 3613 4150 βασιλέως
3669 4093 3812 4130 σπου

2344 4179 2440 4235 καὶ
2464 4176 2807 4245 ἀξιοπιστίας
2823 4173 2920 4229 τοῦ
2954 4172 3420 4245 διακονησαμένου
3450 4172 3563 4232 τοῖς
3580 4168 3816 4241 γράμμα

2344 4270 2469 4326 οὔτε
2487 4270 2599 4342 γὰρ
2631 4267 3000 4341 Ἀλέξανδρος,
3015 4265 3141 4320 οὕτε
3168 4266 3386 4337 ’Ἄρειος
3419 4262 3527 4318 ὑπὸ
3558 4261 3670 4316 τῶν
3696 4264 3815 4328 γραι

2352 4379 2461 4417 των
2485 4361 2879 4434 ὲμαλάσσοντο,
2931 4358 3071 4414 ἀλλά
3114 4374 3200 4421 τις
3238 4352 3308 4427 ἦν
3363 4355 3588 4424 ἄκριτος
3638 4349 3736 4401 καὶ
3786 4363 3816 4397 τ

2348 4457 2463 4519 τοῖς
2494 4454 2643 4518 λαοῖς
2671 4453 2789 4525 ἔρις
2828 4452 2927 4508 καὶ
2949 4449 3188 4521 ταραχή’
3223 4444 3545 4514 προϋπῆρχε
3569 4440 3629 4493 δὲ
3674 4437 3773 4491 κα)⁸
3800 4438 3816 4490 ἐ

2348 4563 2435 4612 τις
2463 4546 2708 4618 προτέρα
2749 4544 2906 4607 νόσος
2961 4539 3184 4610 τοπικὴ.
3245 4537 3346 4598 τὰς
3383 4532 3684 4603 ἐκκλησίας
3731 4546 3816 4599 τα,

2350 4654 2536 4700 τουσα,
2575 4638 2609 4706 ἡ
2648 4634 2912 4704 διαφωνία
2941 4632 3043 4702 τῆς
3062 4630 3155 4684 τοῦ
3181 4630 3372 4700 Πάσχα
3413 4627 3629 4698 ἑορτῆς·
3651 4622 3782 4692 ἥτις
3813 4643 3816 4655 ·

2349 4727 2421 4783 τὰ
2460 4723 2562 4799 τῆς
2604 4725 2745 4796 ἑῴας
2776 4722 2920 4795 μέρη
2952 4722 3111 4791 μόνον
3159 4718 3393 4788 ἐγένετο*
3422 4714 3531 4770 τῶν
3564 4713 3668 4785 μὲν
3711 4712 3816 4765 ’1ου

2354 4818 2594 4890 κὼτερον
2644 4814 2840 4887 ἑορτὴν
2888 4814 3064 4868 ποιεῖν
3103 4807 3533 4873 ἐσπουδακότων,
3583 4804 3701 4857 τῶν
3750 4801 3811 4855 δὲ

2353 4910 2638 4982 μουμένων
2664 4904 2985 4978 σύμπαντας
3002 4903 3127 4966 τοὺς
3158 4900 3298 4955 κατά
3315 4900 3415 4969 τὴν
3445 4896 3787 4967 οἰκουμένην
3808 4894 3816 4946 ἶ

2353 5000 2623 5064 στιανούς.
2676 4996 3078 5068 Διαφωνοῦντες
3130 4994 3190 5048 δὲ
3238 4992 3379 5047 οὕτω
3412 4989 3544 5061 περὶ
3572 4989 3677 5056 τῆς
3705 4989 3816 5058 ὲορ·

2352 5094 2451 5163 τῆς
2471 5089 2755 5154 κοινωνίας
2778 5088 2876 5159 μὲν
2895 5085 3144 5157 οὐδαμῶς
3178 5081 3524 5155 ὲχωρίζοντο,
3558 5097 3816 5150 στυγνοτι

2350 5183 2410 5236 δὲ
2438 5181 2536 5252 τὴν
2555 5180 2753 5254 ἑορτὴν
2775 5181 2844 5252 τῇ
2865 5176 3133 5249 διαφωνία
3167 5175 3504 5250 εἰργάζοντο.
3537 5172 3619 5227 Δι’
3645 5172 3816 5245 ἀμφόε

1878 5335 2149 5393 VALESII
2185 5332 2734 5391 ANNOTATIONES.

748 5449 859 5523 (38)
890 5448 1006 5528 Τῆς
1028 5449 1248 5528 ἐχρρας
1269 5453 1581 5528 ὑξᾴθεοχν.
1599 5451 1657 5507 in
1687 5448 2147 5528 Annotationibus
2169 5446 2237 5528 ad

674 5517 882 5576 librum
902 5535 939 5574 ιι
963 5517 1188 5580 Eusebii
1216 5523 1284 5576 de
1309 5524 1428 5577 Vita
1472 5521 1839 5583 Constantini,
1870 5517 2053 5573 monui
2098 5517 2238 5570 scri-

678 5591 919 5644 bendum
962 5590 1137 5646 videri
1177 5591 1454 5656 ἀπόθεσιν,
1492 5602 1554 5647 ut
1592 5591 1645 5644 in
1687 5590 2023 5659 quibusdam,
2052 5602 2237 5659 exem-

680 5660 925 5731 plaribus
950 5660 1168 5731 legitur.
1204 5660 1311 5717 Sed
1347 5678 1473 5718 cum
1515 5661 1689 5731 nostri
1708 5657 1934 5713 codices
1970 5657 2239 5731 Florenti-

681 5726 806 5796 bus,
836 5726 1144 5789 Sfortlanus
1160 5741 1215 5789 et
1236 5732 1440 5798 Allatii,
1463 5730 1600 5787 nihil
1622 5729 1711 5785 hic
1736 5736 1967 5793 mutent,
1991 5726 2122 5782 ferri
2140 5741 2236 5797 po-

2343 5455 2452 5530 test
2482 5447 2702 5530 vulgata
2753 5449 2939 5530 lectio,
2965 5464 3147 5530 .quam
3170 5447 3482 5530 conﬁrmat
3510 5443 3816 5530 etlamlEp

2344 5515 2731 5575 Sebolasticus.
2776 5520 2867 5576 Sic
2891 5515 3036 5574 enim
3064 5519 3230 5573 vertit
3262 5537 3274 5572 :
3299 5516 3580 5572 Suaviores
3603 5515 3796 5569 crebro

2343 5588 2589 5671 amicitia:
2633 5600 2749 5662 post
2793 5591 3197 5646 inimicitiarum
3240 5605 3427 5645 causas
3476 5588 3546 5642 ad
3594 5600 3814 5640 concon

2345 5668 2610 5715 restituar.
