4046 6204
319 347 382 405 ει
1311 353 1633 411 HISTORIA
1677 356 2234 421 ECCLESIASTICA.
2278 396 2347 404 —
2382 365 2513 420 LIB.
2556 368 2598 422 1.
3506 368 3576 424 69

320 465 498 560 τοίνυν
523 465 667 560 όρῶν
688 468 717 521 6
735 466 989 539 βασιλεὺς
1004 474 1412 547 ταραττομένην
1426 477 1523 548 τὴν
1539 477 1889 551 Ἐκκλησίαν,

2015 481 2107 538 ›ἰΙο
2121 482 2451 539 fuscabatur.
2476 485 2614 541 Cum
2636 485 2801 560 igitur
2813 484 3112 554 imperator
3127 485 3342 540 duobus
3364 485 3452 544 his
3464 501 3578 540 ma-

319 558 539 612 σύνοδον
578 558 961 632 οίκουμενικήν
1002 564 1338 635 συνεκρότει,
1386 569 1514 631 τοὺς
1558 571 1898 641 πανταχόθεν

317 649 655 712 ἐπισκόπους
673 649 761 703 διὰ
779 653 1120 722 γραμμάτων
1149 657 1230 719 είς
1258 656 1494 713 Νίκαιαν
1522 659 1620 730 τῆς
1649 659 1900 726 Βιθυνίας

318 739 632 808 ἀπαντῆσαι
703 744 1054 812 παρακαλῶν.
1121 746 1380 819 Παρῆσαν
1433 767 1495 803 τε
1572 752 1639 805 ἐκ
1691 753 1901 806 πολλῶν

319 829 600 898 ἐπαρχιῶν
615 829 710 884 καὶ
726 831 936 886 πόλεων
950 835 998 887 οί
1014 835 1321 890 ἐπίσκοποι·
1341 855 1407 891 πε
1414 839 1467 911 pi
1482 833 1556 894 ὧν
1571 841 1599 893 6
1616 842 1900 912 Παμφίλου

319 917 583 983 Εὐσέϐιος
614 923 673 974 ἐν
708 921 788 992 τῷ
822 924 990 995 τρίτῳ
1028 925 1216 998 βιϐλίῳ
1253 928 1360 982 τῶν
1384 931 1463 993 εἰς
1500 931 1590 984 τὸν
1616 934 1905 988 Κωνσταν-

315 1009 468 1062 τίνου
499 1009 636 1078 βίον,
667 1011 794 1064 τάδε
840 1015 980 1068 κατὰ
1030 1014 1174 1078 λέξιν
1217 1017 1410 1087 φησίν·
1463 1019 1584 1072 Τῶν
1627 1018 1900 1087 γοῦνέκ-

319 1102 567 1172 κλησιῶν
593 1104 845 1170 ἁπασῶν,
892 1106 949 1159 αἲ
980 1106 1078 1178 τήν
1111 1107 1383 1180 Εὐρώπην
1412 1111 1652 1174 ἅπασαν,
1699 1112 1903 1183 Λιϐύην

317 1214 379 1252 τε
417 1196 514 1250 καί⁵
542 1197 642 1266 τήν
693 1197 879 1251 Ἀσίαν
918 1199 1208 1271 ἐπλήρουν,
1237 1200 1372 1270 ὁμοῦ
1401 1203 1636 1273 συνῆκτο
1667 1203 1776 1256 τῶν
1808 1203 1901 1256 τοῦ

319 1289 464 1343 θεοῦ
545 1288 881 1359 λειτουργῶν
955 1289 1024 1342 τὰ
1095 1289 1395 1362 ἀκροθίνια.
1463 1288 1558 1356 Εἷς
1625 1310 1686 1346 τε
1757 1291 1903 1356 οἶκος

321 1381 654 1451 εὐκτήριος,
711 1379 901 1447 ῶσπερ
963 1380 1028 1433 ἐκ
1102 1379 1238 1434 Θεοῦ
1317 1383 1751 1454 πλατυνόμενος,
1818 1383 1904 1438 ἔν-

318 1469 420 1521 δον
457 1468 655 1539 ἐχώρει
698 1469 844 1522 κατὰ
874 1468 938 1522 τὸ
979 1469 1110 1522 αὐτὸ
1161 1470 1368 1543 Σύρους
1407 1489 1465 1525 τε
1512 1474 1607 1527 καὶ
1647 1472 1900 1540 Κίλικας,

319 1559 580 1622 Φοίνικάς
612 1576 672 1612 τε
725 1553 822 1613 καὶ
862 1560 1166 1632 Ἀραϐίους,
1220 1563 1314 1616 καὶ
1343 1563 1757 1628 Παλαιστινοὺς,
1811 1567 1904 1617 καὶ

324 1649 424 1701 ἐπὶ
447 1648 658 1711 τούτοις
683 1647 1036 1716 Αίγυπτίους,
1085 1648 1370 1719 Θηϐαίους,
1431 1651 1654 1715 Λίϐυας,
1693 1651 1818 1715 τούς
1845 1669 1903 1704 τε

325 1738 396 1789 ἐκ
424 1736 597 1806 μέσης
639 1737 749 1790 τῶν
801 1738 1063 1807 ποταμῶν
1113 1741 1487 1812 ὁρμωμένουςο
1546 1741 1647 1813 ήδη
1704 1742 1761 1794 δὲ
1811 1742 1905 1794 καὶ

325 1828 551 1898 Πέρσης
581 1827 880 1891 ἐπίσκοπος
919 1831 985 1900 τῇ
1037 1831 1237 1901 συνόδῳ
1273 1831 1475 1902 παρῆν·
1523 1832 1646 1885 οὔτε
1693 1832 1907 1902 Σκύθης

323 1917 743 1986 ἁπελιμπάνετο
789 1921 889 1990 τῆς
931 1921 1168 1991 χορείας,
1225 1923 1422 1986 Πόντος
1473 1939 1532 1975 τε
1593 1923 1686 1976 καὶ
1732 1923 1904 1987 Ἀσία,

320 2009 542 2080 Φρυγία
572 2027 634 2063 τε
659 2013 756 2065 καὶ
782 2011 1098 2082 Παμφυλία,
1123 2014 1249 2077 τοὺς
1279 2014 1408 2084 παρ’
1438 2015 1620 2078 αὐτοῖς
1649 2017 1908 2086 παρεῖχον

325 2102 640 2173 ἐκκρίτους.
682 2103 844 2167 una
871 2106 968 2158 καὶ
994 2104 1208 2177 Θρᾷκες
1239 2108 1333 2160 καὶ
1348 2107 1674 2171 Μακεδόνες,
1702 2109 1908 2178 Ἀχαιοί

325 2213 390 2248 τε
437 2196 535 2250 καὶ
592 2197 963 2269 Ἠπειρῶται,
1016 2199 1220 2252 τούτων
1268 2217 1328 2252 τε
1374 2201 1423 2252 oi
1463 2199 1543 2252 ἔτι
1573 2200 1909 2270 προσωτάτω

323 2286 610 2351 οἰκοῦντες
640 2289 919 2357 ἀπήντων.
949 2289 1119 2352 Αὐτός
1150 2307 1210 2342 τε
1254 2291 1514 2346 Ὶσπανῶν
1538 2293 1567 2345 6
1604 2294 1742 2348 πάνυ
1776 2290 1911 2361 βοώ-

285 2378 299 2389 ’
329 2394 521 2446 μενος,
549 2371 631 2440 εἷς
663 2373 734 2448 ἦν
766 2381 878 2442 τοῖς
911 2378 1126 2443 πολλοῖς
1156 2380 1272 2450 ἅμα
1304 2380 1658 2452 συνεδρεύων.
1703 2383 1816 2452 Τῆς
1852 2381 1909 2435 δέ

327 2486 403 2538 γε
431 2469 817 2538 βασιλευούσης
855 2469 1081 2533 πόλεως,
1103 2472 1130 2523 ὁ
1162 2471 1258 2542 μὲν
1284 2471 1584 2542 προεστὼς,
1620 2472 1708 2526 διὰ
1735 2473 1910 2544 γῆρας

334 2561 576 2632 ὐπέρει·
609 2559 968 2631 πρεσϐύτεροι
993 2560 1052 2613 δὲ
1080 2559 1245 2614 αὐτοῦ
1279 2561 1539 2632 παρόντες
1561 2601 1577 2626 ,
1615 2561 1713 2632 τήν
1745 2560 1909 2615 αὐτοῦ

332 2650 496 2717 τάξιν
526 2651 808 2720 ἐπλήρουν.
837 2651 1089 2704 Τοιοῦτον
1117 2651 1277 2721 μόνον
1307 2651 1367 2716 ἐξ
1396 2651 1611 2718 αίῶνος,
1641 2647 1720 2715 εἷς
1755 2651 1910 2722 βασι-

332 2743 473 2806 ὶεύς
497 2743 913 2806 Κωνσταντῖνος,
942 2743 1159 2813 Χριστῷ
1184 2743 1448 2812 στέφανον
1466 2742 1650 2812 δεσμῷ
1674 2741 1910 2811 συνάψας

330 2837 598 2906 είρήνης,
631 2835 708 2904 τῷ
737 2834 902 2888 αὑτοῦ
939 2836 1152 2906 Σωτῆρι
1180 2835 1279 2904 τῆς
1305 2836 1422 2888 κατ’
1452 2833 1663 2905 ἐχθρῶν
1689 2832 1782 2886 καὶ⁵
1815 2849 1915 2886 πο-

324 2927 543 2998 λεμίων
572 2926 726 2998 νίκης
753 2925 1051 2997 θεοπρεπὲς
1080 2925 1302 2996 ἀνετίθη
1334 2926 1710 2996 χαριστήριον,
1730 2922 1914 2976 είκόνα

324 3019 555 3091 χορείας
574 3017 934 3088 ἁποστολικῆς
953 3017 1156 3087 ταύτην
1175 3016 1298 3070 καθ’
1320 3017 1466 3086 ἡμᾶς
1487 3014 1911 3084 συστησάμενος.

2001 575 2069 629 lis
2086 575 2383 631 Ecclesiam
2409 577 2626 632 concuti
2661 576 2894 642 videret,
2920 576 3283 631 univcrsalem
3311 576 3577 648 synodum

2003 665 2368 734 congregavit,
2395 681 2587 721 omnes
2613 664 2976 734 undequaque
2998 664 3288 734 episcopos
3309 681 3407 734 per
3429 666 3578 720 litte-

2001 767 2095 808 ras
2113 754 2368 819 invitans,
2389 764 2450 809 ut
2466 755 2696 810 Nicazam
2714 754 2981 825 Bithyniae
2995 757 3372 808 convenirent.
3389 754 3583 807 Proin—

2001 843 2069 900 de
2093 860 2161 899 ex
2181 846 2347 900 variis
2359 846 2659 916 provinciis
2681 861 2744 900 ac
2765 845 3084 900 civitatibus
3105 844 3259 897 multi
3287 844 3584 898 adfuerunt

2002 937 2337 1008 episcopi,de
2351 939 2550 1008 quibus
2561 938 2832 993 Eusebius
2847 937 3115 1007 Pamphili
3133 938 3186 990 in
3210 937 3372 1014 tertio
3383 936 3450 990 de
3461 937 3582 990 Vita

2001 1024 2345 1082 Constantini
2369 1028 2510 1081 libro
2533 1028 2650 1082 hate
2671 1027 2740 1081 ad
2771 1027 3000 1082 verbum
3033 1025 3226 1080 scribit
3253 1026 3365 1078 :Ex
3401 1025 3581 1080 omni-

2002 1114 2106 1171 bus
2124 1116 2376 1171 ecclesiis
2401 1131 2523 1186 qua:
2552 1116 2864 1170 universam
2901 1115 3200 1184 Europam,
3233 1112 3478 1167 Africam
3501 1121 3586 1166 at-

2002 1221 2108 1274 que
2122 1205 2304 1260 Asiam
2324 1205 2748 1276 impleverant,ii
2767 1206 2861 1274 qui
2876 1204 3018 1260 inter
3033 1205 3129 1259 Dei
3151 1204 3435 1258 ministros
3450 1203 3587 1258 emi-

2001 1295 2181 1350 neban
2193 1305 2232 1359 t,
2247 1296 2408 1350 simul
2435 1312 2762 1350 convenere.
2783 1295 3010 1364 Unaque
3042 1295 3189 1350 :edes
3213 1309 3387 1359 sacra,
3408 1292 3582 1349 veluti

2004 1385 2100 1440 Dei
2124 1394 2260 1440 nutu
2286 1386 2532 1450 dilatata,
2559 1386 2725 1457 Syros
2764 1385 2928 1440 simul
2958 1394 3015 1440 et
3033 1384 3258 1449 Cilices,
3284 1382 3580 1438 thnices

2008 1476 2113 1545 19
2153 1483 2208 1530 et
2247 1477 2473 1540 Arabes,
2504 1466 2560 1531 et
2599 1477 2932 1540 Paltestinos,
2975 1474 3258 1546 Egyptios
3291 1479 3582 1544 przeterea,

2005 1564 2270 1620 Thebteos
2290 1581 2354 1620 ac
2370 1565 2587 1636 Libyas,
2611 1565 2854 1636 aliosque
2895 1580 2960 1618 ex
2984 1563 3370 1633 Mesopotamia
3403 1560 3588 1630 proie-

2005 1667 2124 1714 ctos
2150 1657 2359 1712 ambitu
2382 1673 2484 1712 suo
2506 1657 2791 1726 complexa
2813 1663 2915 1711 est.
2930 1655 3160 1722 Quidam
3179 1654 3341 1709 etiam
3367 1668 3435 1706 ex
3458 1652 3588 1706 Per-

2006 1751 2124 1806 side
2162 1750 2452 1820 episcopus
2470 1751 2703 1805 concilio
2739 1749 3007 1804 interfuit.
3034 1748 3111 1803 Ac
3127 1763 3196 1802 ne
3222 1747 3422 1819 Scytha
3462 1746 3586 1815 qui-

2007 1843 2131 1898 dem
2147 1841 2492 1897 desideratus
2507 1849 2591 1898 est
2614 1841 2670 1895 in
2697 1841 2801 1895 hoc
2822 1840 3014 1896 choro.
3039 1841 3248 1894 Pontus
3265 1839 3417 1900 item,
3431 1837 3588 1892 Cala-

2007 1935 2103 1997 tia,
2119 1933 2437 2004 Pamphylia
2453 1931 2882 2000 etCappadocia,
2902 1930 3026 1985 Asia
3039 1945 3257 2000 quoque
3277 1936 3334 1983 et
3355 1927 3586 1998 Phrygia

2005 2019 2364 2074 lectissimum
2401 2024 2674 2088 quemque
2724 2033 2790 2072 ex
2828 2019 2943 2073 suis
2987 2017 3293 2088 praebuere.
3343 2016 3589 2071 Thraces

2006 2120 2270 2182 pragterea
2301 2126 2366 2165 ac
2408 2100 2750 2174 Macedones,
2777 2108 2968 2163 Achivi
3011 2116 3068 2163 et
3105 2108 3364 2178 Epirote,
3389 2115 3447 2162 et
3489 2107 3587 2176 qui

2006 2202 2325 2272 longissimo
2349 2201 2494 2255 ultra
2520 2201 2623 2256 hos
2666 2199 2954 2254 intervallo
2988 2199 3154 2269 positi
3199 2204 3348 2263 sunt,
3376 2197 3587 2251 nihilo-

2007 2294 2190 2347 minus
2225 2292 2475 2348 adfuere.
2503 2291 2587 2345 Ab
2630 2291 2748 2360 ipsa
2787 2304 3006 2359 quoque
3055 2287 3317 2358 Hispania
3359 2287 3446 2342 vir
3489 2287 3586 2341 ille

2007 2385 2182 2438 multo
2205 2385 2450 2438 omnium
2487 2397 2746 2438 sermone
2798 2371 3119 2436 celebratus
3137 2395 3244 2434 una
3286 2393 3411 2434 cum
3454 2379 3588 2432 reli-

2008 2475 2133 2545 quis
2155 2475 2275 2529 aliis
2297 2474 2565 2530 consedit.
2603 2473 2807 2528 Aberat
2829 2471 3051 2542 quidem
3077 2470 3242 2541 regite
3289 2469 3444 2524 urbis
3493 2484 3592 2522 an-

2011 2564 2205 2618 tistes:
2247 2563 2342 2618 sed
2368 2569 2570 2634 praesto
2609 2569 2769 2616 erant
2792 2560 3118 2632 presbyteri,
3143 2558 3240 2629 qui
3284 2558 3435 2613 vices
3473 2557 3594 2628 ejus

2012 2654 2325 2723 implerent.
2360 2651 2684 2723 Hujusmodi
2712 2666 2972 2707 coronam
3015 2650 3166 2720 pacis
3197 2649 3418 2704 vinculo
3464 2663 3596 2703 con-

2011 2753 2215 2799 sertam
2239 2751 2295 2796 et
2328 2757 2650 2806 connexam,
2677 2742 2828 2796 solus
2864 2741 2935 2795 ab
2960 2741 3109 2794 omni
3132 2755 3249 2794 aevo
3293 2740 3594 2810 imperator

2010 2832 2425 2897 Constantinus,
2450 2832 2602 2886 velut
2624 2830 2871 2884 divinum
2896 2829 3036 2900 grati
3060 2829 3230 2883 animi
3268 2843 3594 2883 monumen-

2014 2934 2130 2980 tum
2157 2939 2257 2995 pro
2279 2923 2529 2978 vietoriis
2551 2936 2688 2991 quas
2709 2920 2776 2974 de
2815 2920 3068 2974 hostibus
3092 2927 3150 2973 et
3172 2918 3411 2973 inimicis
3436 2927 3593 2973 retu-

2013 3020 2172 3084 lerat,
2202 3017 2423 3074 Christo
2447 3013 2724 3071 Scrvatori
2752 3028 2853 3068 suo
2893 3012 3202 3077 dedicavit;
3230 3011 3336 3066 hoc
3371 3011 3596 3082 amplis-

341 3111 506 3164 Ἐπεὶ
549 3109 672 3162 κατ’
727 3109 966 3171 ἐκείνους
1015 3105 1276 3177 συνῆχθαι
1317 3105 1503 3173 λόγος,
1553 3105 1662 3158 ἀπὸ
1713 3103 1914 3166 παντὸς

2015 3113 2155 3167 sime
2199 3117 2378 3173 coetu,
2429 3116 2688 3178 tanquam
2735 3104 2972 3174 imagine
3022 3101 3258 3173 quadam
3303 3102 3589 3172 apostolici

328 3202 528 3264 ἔθνους
568 3199 677 3252 τῶν
723 3199 829 3252 ὑπὸ
889 3197 980 3250 τὸν
1019 3197 1247 3266 οὐρανὸν
1295 3194 1494 3266 ἄνδρας
1547 3193 1816 3260 εὐλαϐεῖς,
1857 3195 1913 3246 ἐν

2017 3203 2194 3268 chori,
2222 3200 2429 3256 nostris
2467 3196 2810 3267 temporibus
2856 3200 3177 3250 convocato.
3207 3191 3492 3261 Siquidem
3539 3200 3598 3247 et

327 3285 414 3354 οἷς
439 3289 743 3358 ἐτύγχανον
784 3288 1000 3358 Πάρθοι
1031 3287 1130 3340 καί
1179 3285 1371 3356 Μῆδοι
1416 3290 1512 3342 καὶ
1579 3287 1880 3356 Ἐλαμῖται
1901 3325 1916 3351 ,

327 3382 431 3436 καί
465 3383 526 3434 οι
555 3379 982 3444 κατοικοῦντες
1010 3377 1494 3448 Μεσοποταμίαν,
1531 3377 1824 3432 Ἰουδαίαν
1856 3395 1920 3431 τε

328 3472 436 3525 καὶ
489 3468 946 3531 Καππαδοκίαν,
991 3469 1224 3522 Πόντον
1264 3484 1330 3521 τε
1375 3467 1472 3524 καί
1514 3468 1629 3536 τὴν
1687 3467 1917 3532 Ἀσίαν,

331 3565 612 3634 φρυγίαν
652 3579 718 3616 τε
761 3561 860 3617 καὶ
900 3561 1280 3630 Παμφυλίαν,
1321 3559 1623 3629 Αιγυπτον
1697 3559 1796 3613 καί
1849 3561 1922 3614 τὰ

323 3661 490 3727 μέρη
525 3654 636 3722 τῆς
672 3653 919 3720 Λιϐύης,
961 3651 1072 3720 τῆς
1101 3651 1253 3705 κατὰ
1282 3650 1582 3721 Κυρήνην·
1617 3651 1675 3705 οἳ
1711 3668 1776 3706 τε
1806 3651 1923 3706 ἐπι-

331 3747 678 3818 δημοῦντες
710 3745 994 3814 Ῥωμαῖοι,
1023 3743 1300 3799 Ἰουδαῖοί
1321 3761 1382 3797 τε
1401 3743 1499 3797 καὶ
1525 3744 1920 3814 προσήλυτοι,

334 3840 576 3909 Κρῆτες
599 3838 700 3892 καί
723 3839 986 3908 Ἀραϐες.
1007 3837 1151 3908 Πλὴν
1174 3821 1541 3901 ὅσονὲκείνοις
1569 3837 1665 3908 μὲν
1687 3837 1920 3908 ὑστέρει,

334 3932 398 3984 τὸ
430 3931 514 4001 μὴ
547 3932 614 3983 ἐκ
640 3929 775 3984 Θεοῦ
814 3929 1142 4001 λειτουργῶν
1177 3929 1497 3983 συνεστάναι
1534 3929 1659 3991 τοὺς
1694 3927 1921 3992 πάνταςο

337 4025 438 4077 ἐπὶ
467 4022 528 4075 δὲ
549 4022 650 4092 τῆς
679 4021 958 4092 παρούσης
980 4021 1223 4092 χορείας,
1250 4018 1562 4072 ἐπισκόπων
1589 4019 1689 4088 μὲν
1720 4017 1926 4088 πληθὺς

334 4115 682 4188 τριακοσίων
713 4113 941 4186 ἀριθμὸν
973 4111 1472 4183 ὑπερακοντίζουσα
1501 4105 1596 4184 ἦν·
1647 4109 1927 4178 ἑπομένων

339 4208 399 4263 δὲ
426 4207 645 4270 τούτοις
673 4205 1056 4276 πρεσϐυτέρων
1091 4204 1186 4258 καὶ
1227 4204 1506 4266 διακόνων,
1539 4200 1844 4255 ἀκολούθων
1868 4216 1927 4252 τε

343 4296 620 4351 πλείστων
651 4297 791 4349 ὅσων
819 4294 1043 4366 ἐτέρων,
1070 4295 1190 4348 οὐδὲ
1217 4289 1286 4364 ἦν
1314 4292 1564 4364 ἀριθμός.
1595 4291 1716 4344 Τῶν
1747 4290 1804 4344 δὲ
1833 4287 1928 4342 τοῦ

342 4389 489 4443 Θεοῦ
521 4386 852 4458 λειτουργῶν
889 4387 940 4441 oi
975 4387 1072 4458 μὲν
1128 4386 1420 4456 διέπρεπον
1451 4384 1644 4453 σοφίας
1676 4383 1839 4452 λόγῳ·
1880 4381 1931 4433 οί

2016 3294 2388 3364 apostolorum
2431 3288 2803 3359 temporibus,
2829 3285 2932 3339 viri
2966 3282 3209 3355 religiosi
3233 3298 3300 3337 ex
3331 3281 3481 3336 omni
3505 3297 3602 3336 na-

2020 3386 2170 3440 tione
2194 3399 2315 3454 qua:
2337 3381 2440 3437 sub
2464 3380 2604 3436 coelo
2629 3385 2733 3442 est,
2771 3377 2828 3432 in
2853 3390 3024 3430 unum
3050 3373 3371 3429 convenisse
3398 3373 3597 3428 dicun-

2020 3486 2129 3532 tur.
2152 3476 2301 3529 lnter
2334 3487 2472 3542 quos
2498 3478 2656 3526 erant
2688 3468 2898 3532 Parthi,
2924 3466 3084 3530 Medi,
3123 3463 3394 3529 Elamitaz,
3424 3473 3472 3518 et
3511 3466 3602 3534 qui

2020 3568 2264 3622 habitant
2307 3563 2764 3635 Mesopotamiam,
2800 3559 3045 3614 Judazam
3089 3565 3138 3612 et
3186 3556 3600 3627 Cappadociam,

2021 3655 2270 3716 Pontum,
2294 3654 2475 3709 Asiam
2499 3661 2546 3706 et
2571 3652 2859 3721 Phrygiam
2910 3666 2972 3702 ac
3003 3645 3408 3718 Pamphyliam,
3434 3644 3604 3717 Αἰθυ-

2021 3756 2180 3818 plum.
2197 3756 2243 3799 et
2260 3743 2634 3817 partes'Libya:
2656 3757 2773 3812 qua:
2797 3747 2870 3794 est
2887 3739 3049 3810 juxta
3073 3736 3329 3808 Cyrenem
3354 3737 3606 3791 :advena:

2022 3854 2226 3910 quoque
2271 3836 2519 3898 Romani,
2561 3833 2733 3888 Judwi
2778 3841 2828 3887 et
2893 3829 3178 3902 proselyti,
3225 3828 3496 3884 Cretenses
3556 3837 3604 3881 et

2021 3929 2220 3985 Arabes
2249 3928 2311 3981 “.
2371 3927 2575 3983 Verum
2619 3925 2763 3995 apud
2820 3924 2958 3978 istos
3007 3921 3230 3991 quidem
3277 3921 3382 3976 hoc
3425 3920 3608 3975 minus

2023 4022 2148 4086 fuit,
2175 4021 2320 4091 quod
2347 4035 2454 4074 non
2493 4032 2685 4072 omnes
2708 4022 2868 4072 erant
2892 4015 2988 4069 Dei
3015 4011 3252 4068 ministri
3278 4011 3369 4081 qui
3411 4027 3608 4066 conve-

2024 4119 2238 4166 nerant.
2267 4110 2328 4164 ῐιι
2379 4105 2632 4178 praesenti
2672 4113 2856 4160 autem
2879 4104 3051 4158 choro
3092 4099 3335 4170 episcopi
3380 4100 3602 4169 quidem

2026 4200 2256 4255 trecenti
2282 4207 2339 4253 et
2359 4198 2594 4266 amplius
2617 4196 2934 4257 adfuerunt,
2985 4190 3446 4262 presbyterorum
3476 4204 3608 4243 vero

2025 4292 2237 4362 quieos
2276 4289 2520 4346 comitati
2566 4295 2714 4350 sunt,
2762 4285 3152 4344 diaconorum,
3197 4279 3606 4345 acolutliorum,

2028 4384 2371 4450 aliorumque
2396 4377 2764 4448 complurium
2805 4389 3066 4429 numerus
3093 4371 3222 4424 iniri
3268 4371 3357 4422 vix
3401 4378 3604 4439 potest.

341 4480 404 4534 δέ
441 4480 563 4550 βίου
597 4480 945 4552 στερρότητι,
978 4479 1073 4532 καὶ
1120 4477 1414 4550 καρτερίας
1468 4477 1733 4546 ὑπομονῇ·
1777 4474 1827 4528 oi
1871 4472 1917 4526 δὲ

2028 4473 2200 4528 Porro
2223 4487 2289 4526 ex
2326 4470 2414 4523 his
2447 4467 2542 4522 Dei
2568 4465 2836 4520 ministris
2890 4464 2983 4518 alii
3027 4475 3280 4516 sermone
3305 4460 3606 4529 sapientiae,

342 4568 426 4639 τῷ
462 4568 614 4639 μέσῳ
639 4569 825 4640 τρόπῳ
851 4566 1307 4637 κατεκοσμοῦντο.
1342 4561 1523 4619 ’Ἦσαν
1554 4564 1613 4617 δέ
1653 4562 1858 4618 τούτων
1884 4563 1932 4615 οί

350 4661 461 4731 μὲν
499 4659 694 4731 χρόνου
751 4660 920 4730 μήκει
954 4658 1341 4730 τετιμημένον
1394 4658 1444 4710 oi
1483 4657 1541 4711 δὲ
1594 4655 1804 4724 νεότητι
1840 4653 1937 4708 καὶ

345 4751 535 4822 ψυχῆς
574 4753 726 4823 ἀκμῇ
756 4750 1168 4821 διαλάμποντεςσ
1195 4749 1246 4802 oi
1282 4749 1339 4802 δὲ
1391 4748 1517 4819 ἄρτι
1579 4745 1938 4816 παρελθόντες

349 4845 450 4898 ἐπὶ
471 4843 563 4896 τὸν
584 4843 682 4914 τῆς
704 4841 1042 4914 λειτουργίας
1063 4841 1278 4914 δρόμον.
1301 4835 1395 4903 Οἷς
1424 4839 1490 4910 δὴ
1528 4839 1663 4892 πᾶσι
1687 4837 1937 4909 βασιλεὺς

350 4935 444 5004 ἐφ’
481 4933 717 5004 ἑκάστης
745 4933 956 5004 ἡμέρας
995 4932 1063 4986 τὰ
1089 4931 1376 5001 σιτηρέσια
1415 4928 1651 4999 δαψιλῶς
1684 4929 1937 5000 χορηγεῖ·
1993 4986 1998 4991 ,

357 5025 490 5078 σθαι
512 5025 811 5090 διετάξατο.
839 5025 948 5080 Καὶ
979 5024 1204 5079 τοιαῦτα
1235 5023 1332 5093 μὲν
1366 5022 1494 5092 περὶ
1522 5019 1631 5073 τῶν
1663 5019 1781 5072 ἐκεῖ
1811 5035 1934 5071 συν-

354 5115 625 5170 ελθόντων
680 5115 936 5180 Εὐσέϐιος
973 5115 1105 5187 (59).
1158 5111 1508 5174 Ἐπιτελέσας
1533 5109 1592 5163 δέ
1619 5110 1648 5162 ό
1688 5106 1940 5179 βασιλεὺς

357 5207 629 5261 ἐπινίκιον
656 5208 797 5261 κατὰ
836 5208 1108 5263 Λικιννίου
1142 5205 1356 5278 ἑορτὴν,
1400 5203 1618 5274 ἀπήντα
1657 5199 1752 5254 καὶ
1781 5197 1940 5261 αὐτὸς

441 5363 487 5396 ⁸⁸
509 5364 632 5421 Act.
663 5377 721 5429 lt,
744 5361 836 5418 9-1
851 5362 896 5419 1.

2031 4563 2123 4619 alii
2147 4562 2412 4633 gravitate
2458 4559 2583 4613 vita).
2605 4567 2661 4612 et
2682 4558 2932 4612 laborum
2953 4555 3240 4611 tolerantia
3258 4553 3606 4620 eminebant;

2030 4655 2125 4710 alii
2152 4653 2421 4709 modestia
2464 4659 2521 4707 et
2561 4649 2820 4705 comitate
2865 4663 3082 4708 morum
3121 4656 3278 4703 erant
3320 4644 3520 4709 ornati,
3545 4658 3611 4698 ac

2031 4743 2280 4800 nonnulli
2325 4742 2548 4812 quidem
2616 4753 2810 4794 eorum
2875 4737 2946 4792 ob
3013 4747 3329 4807 provectam
3389 4741 3608 4790 atatem

2031 4836 2348 4890 maximoin
2382 4835 2591 4889 honore
2623 4837 2821 4886 erant:
2864 4829 3113 4883 nonnulli
3157 4837 3215 4882 et
3263 4825 3510 4896 corporis
3554 4831 3613 4879 et

2033 4923 2204 4979 animi
2225 4922 2458 4996 juvenili
2485 4921 2670 4990 vigore
2691 4917 3010 4983 enitebant;
3045 4917 3270 4988 quidam
3300 4931 3494 4970 recens
3517 4913 3609 4968 ad-

2035 5015 2260 5070 modum
2288 5012 2584 5069 ministerii
2612 5012 2697 5066 sui
2732 5010 2970 5065 stadium
3011 5017 3171 5064 erant
3201 5008 3452 5079 ingressi.
3476 5005 3610 5072 Qui-

2034 5106 2140 5163 bus
2162 5107 2418 5161 omnibus
2441 5103 2688 5174 quotidie
2713 5117 2958 5156 annonas
2994 5100 3214 5170 copiose
3239 5097 3472 5169 prteberi
3515 5097 3613 5150 imo

2035 5206 2259 5268 perator
2281 5195 2657 5255 mandaverat.
2681 5193 2762 5250 Ac
2794 5191 2975 5248 de’his
3000 5189 3223 5262 quidem
3246 5191 3340 5262 qui
3363 5205 3431 5246 eo
3477 5203 3610 5244 con-

1568 5515 1839 5573 VALESII
1874 5510 2426 5570 ANNOTATIONES.
2603 5501 2634 5529 "

443 5619 552 5691 (39)
583 5617 722 5686 Περί
747 5615 868 5671 τῶν
893 5617 1019 5691 ἐκεῖ
1031 5618 1454 5675 συνελθόντων
1483 5614 1788 5691 Εὐσέϐιος.
1823 5611 1937 5691 [ioc

367 5681 494 5745 loco
520 5681 730 5758 aliquot
763 5688 973 5742 voculis
1012 5691 1225 5744 auctior
1279 5697 1364 5744 est
1400 5686 1572 5758 code};
1602 5683 1806 5758 Allatii.
1845 5681 1937 5758 §ic

371 5760 521 5813 enim
573 5751 761 5824 habet,
795 5759 921 5831 περὶ
958 5759 1064 5812 τῶν
1094 5760 1211 5814 ἐκεῖ
1255 5759 1432 5813 συνελ.
1469 5758 1498 5810 6
1529 5754 1816 5824 Παμφίλου
1850 5751 1930 5805 δι-

2043 5607 2267 5678 εξῆλθεν
2284 5607 2556 5671 Εὐσέϐιος.
2586 5602 2744 5672 Quod
2779 5601 3003 5676 quidem
3049 5602 3305 5671 majorem
3330 5595 3494 5651 habet
3519 5597 3615 5670 ἐμ-

2041 5696 2223 5747 φασιν.
