4046 6204
633 329 709 387 53

2095 330 2433 390 SOCRATIS

639 470 860 521 venere,
884 452 1161 510 Eusebius
1194 452 1269 508 ita
1292 452 1506 508 scribit.
1533 452 1840 523 Imperator
1883 468 2042 519 vero,
2089 468 2215 509 cum

2206 471 2215 508 ι
2245 458 2289 516 Α
2319 456 2397 521 εἰς
2416 453 2515 528 τὴν
2532 454 2785 512 Νίκαιαν.
2815 453 3118 527 Διέπρεπον
3140 452 3195 509 δὲ
3218 454 3275 506 ὲν
3300 454 3414 518 τοῖς
3438 451 3744 517 ἐπισκόποις
3782 455 3804 507 ῐ

638 543 710 597 ob
745 542 1031 598 victoriam
1068 541 1137 597 de
1173 540 1388 596 Licinio
1426 549 1639 611 partam
1665 541 2025 613 triumphales
2056 542 2216 597 ludos

638 633 925 697 edidisset,
954 633 1069 702 ipse
1096 647 1317 703 quoque
1352 632 1588 687 Niezeam
1627 635 1891 703 perrexit.
1915 633 2089 687 Erant
2130 632 2217 687 in-

639 732 726 778 ter
767 724 1059 793 episcopos
1106 722 1218 776 duo
1268 722 1495 791 quidam
1557 723 1907 777 celeberrimi
1954 722 2219 786 nominis,

639 814 983 884 Paphnutius
1005 829 1072 867 ex
1099 814 1385 883 superiore
1409 814 1714 881 Thebaide,
1741 822 1799 869 et
1822 813 2097 887 Spyridon
2118 813 2224 886 Cy—

643 907 813 976 prius.
840 898 1209 971 Quamobrem
1252 920 1386 961 vero
1430 906 1664 960 istorum
1706 908 2042 962 mentionem
2071 906 2220 961 fece-

644 997 766 1064 rim,
792 998 971 1054 dicam
1000 999 1167 1069 paulo
1209 1006 1353 1069 post.
1402 999 1647 1054 Aderant
1690 999 1859 1055 etiam
1906 1000 2221 1070 complures

642 1088 792 1154 laici,
820 1088 1124 1144 dialecticae
1147 1090 1283 1144 artis
1307 1090 1495 1159 periti,
1522 1106 1634 1145 suae
1658 1092 1830 1163 partis
1851 1093 2220 1162 patrocinium

644 1179 821 1249 parati
861 1180 1160 1250 suscipere.
1188 1179 1461 1237 Cteterum
1501 1181 1617 1237 Arii
1642 1183 1958 1253 opinionem
1988 1183 2221 1238 tueban-

644 1274 735 1321 tur
758 1276 873 1323 tum
897 1269 1167 1324 Eusebius
1192 1270 1648 1338 Nicomediensis,
1678 1279 1737 1326 ut
1760 1281 1918 1327 antea
1941 1273 2076 1339 dixi,
2106 1255 2225 1329 tuni

642 1353 919 1428 Theognis
942 1368 997 1413 et
1022 1359 1183 1414 Maris
1211 1378 1223 1413 :
1265 1377 1500 1431 quorum
1526 1362 1616 1417 ille
1641 1364 1864 1433 quidem
1892 1365 2103 1430 Nicmze,
2134 1366 2225 1421 hic

643 1443 1009 1503 Chalcedonis
1048 1449 1105 1504 in
1150 1450 1402 1522 Bithynia
1445 1461 1567 1507 erat
1606 1455 1915 1525 episcopus.
1945 1455 2225 1514 Adversus

645 1537 781 1593 istos
801 1538 1136 1596 Athanasius
1180 1542 1400 1599 fortiter
1447 1544 1765 1612 dimicabat,
1801 1547 1894 1618 qui
1921 1555 2051 1603 tunc
2094 1550 2223 1620 qui-

645 1628 772 1685 dem
829 1631 1212 1688 Alexandrinae
1259 1635 1518 1692 Ecclesia:
1585 1636 1855 1693 diaconus
1925 1640 2221 1697 militabat.

644 1720 921 1779 Caeterum
959 1740 1157 1796 magno
1197 1726 1253 1781 in
1274 1726 1485 1784 honore
1510 1729 1656 1800 apud
1688 1730 2062 1787 Alexandrum
2104 1743 2226 1788 erat

2319 544 2567 614 φνούτιός
2597 562 2655 599 τε
2684 547 2712 600 6
2739 547 2803 599 ὲκ
2827 546 2926 616 τῆς
2964 544 3073 600 ἄνω
3108 542 3395 615 Θηϐαΐδος,
3425 543 3519 597 καὶ
3555 544 3806 616 Σπυρίδωπ

2319 635 2383 687 ἐκ
2429 633 2679 706 Κύπρου.
2720 633 2887 688 Ὀτου
2932 634 3092 705 χάριν
3137 634 3194 687 δὲ
3235 633 3440 688 τούτων
3485 634 3806 705 ἐμνημονεύε

2321 743 2419 795 μεν
2456 725 2590 797 (40),
2629 725 2766 798 μετά
2814 726 2987 781 ταῦτα
3032 726 3160 799 έρῶ.
3191 725 3568 798 Συμπαρῆσαν
3616 726 3668 781 δὲ
3716 726 3805 780 λαῖη

2320 816 2504 869 πολλοὶ
2532 816 2878 886 διαλεκτικῆς
2910 816 3185 889 ἔμπειροι,
3234 817 3291 869 ὲν
3322 816 3569 888 ἐκατέρῳ
3595 817 3740 888 μέρει
3771 835 3806 870 σ

2319 909 2539 981 ηγορεῖν
2563 908 3021 981 προθυμούμενοι.
3064 907 3228 961 Ἀλλά
3250 907 3349 980 τὴν
3380 907 3478 979 μὲν
3514 907 3716 979 Ἀρείου
3738 907 3808 971 δόξ

2323 1002 2679 1073 συνεκρότουν
2727 1000 2985 1064 Εύσέϐιός
3027 1017 3086 1053 τε
3135 999 3519 1069 Νικομηδεὺς,
3558 999 3631 1065 ὥς
3683 1018 3808 1072 μοις

2323 1095 2587 1165 πρότερον
2620 1093 2857 1165 εἴρηται,
2886 1091 2981 1146 καὶ
3011 1092 3253 1161 Θέογνις,
3284 1092 3378 1145 καὶ
3407 1090 3609 1161 Μάρις·
3636 1085 3707 1145 ὧν
3735 1093 3761 1144 6
3798 1111 3808 1162 ι

2322 1185 2556 1247 Νικαίας
2578 1184 2873 1246 ἐπίσκοπος
2898 1178 2987 1253 ἦν,
3009 1182 3193 1254 Μάρις
3216 1180 3273 1233 δὲ
3296 1182 3394 1251 τῆς
3438 1183 3494 1235 ὲν
3530 1180 3741 1252 Βιθυνίᾳ
3765 1182 3807 1234 Χ

2324 1276 2566 1347 κηδόνος’
2598 1273 2808 1339 τούτοις
2854 1274 2909 1327 δὲ
2945 1274 3212 1343 γενναίως
3246 1272 3641 1342 ἀντηγωνίζετο
3678 1275 3808 1328 Ἀθαν

2327 1381 2478 1428 σιος,
2527 1363 2772 1428 διάκονος
2818 1364 2917 1435 μὲν
2950 1364 3049 1434 τῆς
3110 1362 3503 1433 Ἀλεξανδρέων
3558 1363 3807 1434 Ἐκκλῆσί

2326 1455 2539 1527 Σφόδρα
2568 1456 2624 1509 δὲ
2670 1455 2834 1510 αὐτὸν
2864 1454 2952 1507 διά
2978 1454 3143 1524 τιμῆς
3172 1449 3307 1525 ἦγεν
3345 1453 3689 1526 Ἀλέξανδρος
3712 1457 3737 1508 6
3779 1456 3803 1507 ἐ

2329 1563 2549 1609 σκοπος·
2582 1546 2663 1599 διὸ
2709 1546 2803 1599 καὶ
2856 1544 3047 1615 φθόνος
3094 1544 3371 1599 ὡπλίσατο
3422 1545 3541 1599 κατ’
3584 1544 3775 1610 αὐτοῦ,

2329 1638 2555 1711 ’ὕστερον
2593 1638 2837 1709 λέξομεν.
2880 1638 3091 1709 Μικρὸν
3122 1633 3215 1693 οὖν
3246 1636 3353 1708 πρὸ
3386 1638 3485 1708 τῆς
3518 1639 3597 1701 είς
3621 1638 3714 1691 Eva
3742 1638 3809 1691 τό

2333 1728 2694 1794 συνελεύσεως
2715 1729 2823 1783 τῶν
2843 1730 3179 1793 ἐπισκόπων,
3203 1729 3253 1782 ol
3272 1728 3601 1783 διαλεκτικοὶ
3630 1728 3759 1799 πρὸς
3779 1747 3806 1781 τ

644 1815 1004 1888 episcopum:
1044 1812 1152 1888 2'0
1187 1820 1333 1874 unde
1357 1821 1524 1875 etiam
1574 1821 1801 1878 invidia:
1844 1824 1990 1879 livor
2036 1835 2228 1882 contra

2209 1843 2228 1882 ω
2265 1797 2304 1851 Β
2333 1821 2558 1886 πολλοὺς
2592 1821 2918 1891 προαγῶνας
2961 1818 3241 1873 ἐποιοῦντο
3270 1819 3377 1872 τῶν
3418 1819 3613 1888 λόγων.
3658 1818 3807 1872 Ἑλκο

644 1923 773 1963 eum
808 1912 1033 1977 exarsit,
1076 1913 1219 1967 sicut
1264 1921 1450 1982 postea
1502 1914 1755 1970 dicturus
1804 1932 1946 1972 sum.
1996 1917 2229 1972 interim

646 2016 798 2065 vero,
824 2002 987 2071 paulo
1011 2009 1306 2074 antequam
1349 2004 1403 2057 in
1452 2021 1621 2059 unum
1646 2006 1827 2061 locum
1872 2007 2232 2063 convenirent

644 2090 914 2160 episcopi,
943 2091 1219 2147 dialectici
1246 2094 1579 2163 quibusdam
1609 2111 1929 2151 sermonum
1954 2098 2230 2167 prolusio-

647 2181 814 2236 nibus
838 2190 1030 2237 contra
1053 2185 1352 2241 nonnullos
1378 2188 1689 2254 volitantes,
1716 2204 1839 2244 sese
1878 2190 2227 2246 exercebant.

646 2270 893 2343 Cumque
917 2276 1074 2329 multi
1099 2278 1395 2332 verborum
1422 2281 1688 2335 suavitate
1728 2280 2102 2347 allicerentur,
2128 2281 2232 2335 lai-

647 2379 747 2417 cus
771 2364 996 2433 quidam
1024 2383 1091 2421 ex
1118 2370 1496 2423 confcssorum
1522 2386 1776 2434 numero,
1816 2378 1972 2424 recto
1998 2387 2062 2425 ac
2105 2371 2235 2425 sim-

646 2463 1064 2533 pliciprzeditus
1090 2478 1277 2526 sensu,
1324 2478 1449 2516 cum
1499 2462 1809 2517 dialecticis
1853 2463 2230 2533 congreditur,

647 2554 843 2623 hisque
872 2553 993 2635 illos
1024 2553 1209 2607 verbis
1252 2553 1603 2622 compellavit
1643 2572 1655 2607 :
1700 2553 1955 2610 Christus
1998 2562 2056 2609 et
2098 2570 2232 2624 apo-

648 2647 772 2700 stoli
791 2660 899 2699 non
917 2653 1089 2700 artem
1114 2644 1275 2699 nobis
1296 2644 1660 2709 dialecticam,
1684 2662 1787 2700 nec
1811 2645 2029 2699 inanem
2044 2661 2236 2700 versu-

651 2737 782 2791 tiam
808 2735 1179 2801 tradiderunt,
1208 2734 1303 2790 sed
1346 2744 1593 2806 apertam
1640 2752 1706 2792 ac
1751 2738 2059 2807 simplicem
2104 2752 2233 2793 scu-

652 2831 917 2895 tentiam,
968 2846 1091 2900 quae
1146 2827 1252 2882 ﬁde
1301 2828 1573 2898 bonisque
1622 2829 1839 2882 actibus
1896 2828 2229 2882 custoditur.

647 2922 778 2989 Qum
815 2938 939 2976 cum
967 2921 1215 2982 dixisset,
1242 2934 1433 2973 omnes
1458 2918 1551 2987 qui
1580 2919 1827 2983 aderant,
1870 2918 2233 2973 admiratione

648 3013 910 3084 perculsi,
947 3011 998 3066 ei
1048 3017 1446 3075 assenscrunt;
1494 3008 1769 3064 dialectici
1820 3027 1953 3065 vero
1998 3000 2234 3081 simplici

649 3119 904 3160 sermone
940 3100 1191 3157 veritatis
1231 3100 1441 3165 audito,
1488 3100 1720 3170 posthac
1762 3102 2004 3171 aequiore
2050 3104 2234 3157 animo

650 3195 1045 3265 conquieverc.
1073 3193 1133 3247 ln
1174 3192 1324 3246 hunc
1355 3192 1581 3246 modum
1621 3193 1889 3248 tumultus
1932 3194 2021 3249 ille
2068 3212 2231 3265 quem

649 3287 939 3342 dialectica
995 3286 1401 3349 concitaverat,
1454 3286 1675 3355 penitus
1718 3302 2068 3356 compressus
2128 3296 2230 3341 est.

651 3380 879 3434 Postero
908 3378 997 3433 die
1025 3378 1269 3447 episcopi
1295 3392 1487 3431 omnes
1513 3393 1685 3431 unum
1728 3378 1782 3432 in
1809 3379 1989 3433 locum
2029 3395 2233 3433 conve-

648 3471 832 3526 niunt.
882 3470 1013 3525 Post
1059 3469 1184 3523 illos
1230 3468 1454 3523 advenit
1519 3469 1690 3523 etiam
1740 3469 2062 3540 imperator.
2129 3469 2234 3536 Qui

652 3572 942 3632 postquam
968 3562 1249 3632 ingressus
1284 3568 1389 3627 est,
1421 3561 1575 3616 stetit
1602 3561 1657 3616 in
1683 3562 1866 3617 medio
1894 3581 1905 3615 :
1955 3579 2057 3617 nec
2082 3564 2235 3634 prius

651 3654 846 3709 sedere
872 3652 1157 3717 sustinuit,
1190 3668 1354 3721 quam
1379 3653 1624 3724 episcopi
1668 3653 1722 3708 id
1760 3662 1900 3709 nutu
1934 3655 2237 3725 signiﬁcas-

652 3751 793 3798 sent.
833 3744 1004 3798 Tanta
1034 3743 1156 3798 illos
1198 3743 1549 3801 observantia
1595 3761 1659 3800 ac
1703 3748 2012 3801 reverentia
2058 3746 2233 3816 impe-

653 3843 805 3889 rator
826 3836 1282 3904 prosequebatur.
1310 3836 1479 3890 Facto
1512 3837 1735 3901 deinde,
1761 3846 1823 3892 ut
1858 3854 1957 3908 par
1981 3848 2121 3903 erat,
2162 3839 2236 3893 si-

652 3911 843 3991 lentio,
872 3927 1175 3997 imperator
1201 3944 1267 3982 ex
1310 3929 1442 3984 sella
1487 3929 1657 3983 verba
1701 3928 1884 3984 facere
1929 3932 2116 4000 erepit,
2164 3931 2230 3986 ad

651 4025 985 4077 consensum
1040 4038 1137 4077 eos
1183 4023 1483 4078 exhortans
1532 4031 1698 4094 atque
1745 4024 2134 4091 concordiam;
2180 4033 2236 4081 et

651 4113 894 4181 privatas
918 4112 1141 4183 quidem
1166 4114 1475 4172 simultates
1519 4121 1581 4167 ut
1624 4115 1820 4184 singuli
1871 4113 2231 4183 deponerent,

650 4204 956 4261 admonuit.
979 4203 1190 4274 Quippe
1214 4205 1527 4275 complures
1565 4220 1757 4259 eorum
1782 4220 1902 4260 sese
1927 4214 2118 4259 mutuo
2140 4222 2233 4261 ac-

652 4298 959 4352 cusabant:
996 4298 1243 4353 nonnulli
1274 4299 1439 4353 etiam
1475 4297 1652 4368 pridie
1699 4298 1820 4367 ejus
1865 4297 1974 4352 diei
2021 4298 2235 4352 libellos

652 4390 931 4458 supplices
981 4391 1297 4459 imperatori
1356 4396 1734 4459 perrexerant.
1794 4390 1914 4459 lpse
1957 4403 2121 4455 vero,
2176 4399 2235 4460 u_t

2263 3140 2305 3197 C

2332 1932 2437 1967 νων
2463 1913 2519 1967 δὲ
2545 1912 2754 1966 πολλῶν
2783 1913 2918 1984 πρὸς
2938 1912 2996 1965 τὸ
3025 1909 3117 1965 τοῦ
3141 1911 3300 1979 λόγου
3332 1911 3580 1981 τερπνὸν,
3608 1903 3684 1973 εἷς
3704 1928 3812 1973 τιςε

2330 2004 2676 2074 όμολογητῶν
2706 2004 2890 2068 λαῖκδς
2908 2045 2923 2070 ,
2955 2003 3212 2074 ἀκέραιον
3252 2002 3391 2073 ἔχων
3420 2002 3481 2056 τὸ
3511 2003 3789 2073 φρόνημα,

2329 2095 2573 2149 τιπίπτει
2615 2098 2725 2159 τοῖς
2759 2094 3149 2157 διαλεκτικοῖς,
3185 2095 3280 2148 καί
3324 2111 3458 2166 φησι
3502 2091 3637 2164 πρὸς
3684 2093 3811 2146 αὐτο

2332 2188 2408 2252 ὡς
2435 2189 2543 2260 ἄρα
2569 2189 2597 2241 ὀ
2629 2185 2882 2257 Χριστὸς,
2913 2186 3005 2241 καὶ
3042 2187 3090 2240 οἱ
3136 2185 3421 2240 ἀπόστολοι
3466 2185 3525 2239 ού
3572 2184 3813 2238 διαλεκτιε

2331 2281 2463 2352 ἡμῖν
2509 2280 2814 2352 παρέδοσαν
2851 2280 3079 2350 τέχνην,
3123 2278 3243 2332 οὐδὲ
3290 2276 3454 2350 κενὴν
3496 2278 3731 2349 ἀπάτην,
3778 2278 3813 2330 ἀ

2332 2370 2546 2443 γυμνὴν
2586 2372 2809 2441 γνώμην
2875 2372 3012 2438 (ill,
3047 2370 3227 2423 πίστει
3258 2370 3351 2423 καὶ
3382 2370 3564 2433 καλοῖς
3600 2368 3778 2441 ἔργοις

2332 2463 2686 2533 λαττομένην.
2711 2461 2894 2514 Ταῦτα
2923 2461 3189 2526 εἰπόντος,
3218 2462 3267 2515 οἱ
3292 2462 3389 2531 μὲν
3422 2459 3687 2531 παρόντες
3714 2458 3814 2512 πάν

2334 2554 2651 2623 ἐθαύμασαν
2693 2554 2784 2606 καὶ
2824 2552 3169 2619 ἀπεδέξαντοο
3199 2555 3247 2606 οἱ
3276 2552 3330 2605 δὲ
3358 2551 3687 2605 διαλεκτικοὶ
3714 2551 3810 2619 εύγ

2338 2645 2661 2716 μονέστερον
2713 2642 2992 2706 ποιοῦντες
3040 2642 3341 2714 ἡσύχασαν,
3392 2641 3480 2694 τὸν
3519 2638 3722 2694 ἁπλοῦν
3759 2639 3816 2691 λό

2334 2734 2435 2804 τῆς
2462 2733 2715 2803 ἀληθείας
2745 2733 3095 2795 ἀκούσαντες.
3147 2731 3278 2783 Τότε
3313 2730 3410 2800 μὲν
3453 2726 3543 2785 οὖν
3574 2729 3746 2792 οὕτως
3790 2731 3816 2781 6

2334 2825 2435 2893 τῆς
2463 2824 2804 2895 διαλεκτικῆς
2832 2823 3115 2893 γινόμενος
3142 2821 3368 2892 θόρυϐος
3401 2819 3718 2889 κατεστάλη.
3753 2819 3816 2888 Τῇ

2337 2916 2461 2986 ἑξῆς
2520 2914 2716 2978 πάντες
2749 2915 2865 2985 ἅμα
2892 2917 2939 2968 οἱ
2972 2914 3260 2967 ἐπίσκοποι
3298 2915 3375 2975 εἰς
3404 2912 3499 2966 ἕνα
3526 2910 3685 2964 τόπον
3717 2928 3812 2964 συν

2336 3022 2509 3077 χοντο.
2547 3004 2755 3076 Παρῄει
2797 3002 2853 3055 δὲ
2902 3002 2993 3055 καὶ
3022 3004 3049 3056 6
3093 3002 3342 3072 βασιλεὺς
3392 3001 3509 3071 μετ’
3543 2997 3759 3061 αὐτούς.
3812 3000 3816 3047 Ἰ

2340 3094 2461 3149 ἐπεὶ
2505 3093 2799 3165 παρῆλθεν,
2844 3095 2921 3155 εἰς
2961 3091 3159 3161 μέσους
3212 3090 3373 3161 ἕστηο
3414 3089 3509 3141 καὶ
3549 3089 3611 3140 ού
3658 3086 3818 3156 πρότε

2340 3184 2582 3247 καθίζειν
2612 3186 2823 3254 ᾑρεῖτο,
2860 3184 2989 3249 πρὶν
3026 3179 3092 3234 ἂν
3120 3182 3167 3233 oi
3217 3179 3502 3232 ἐπίσκοποι
3552 3174 3818 3229 ὲπινεύσε;

2336 3277 2583 3345 Τοσαύτη
2611 3293 2692 3337 τις
2714 3273 2969 3327 εὐλάϐεια
2997 3273 3089 3323 καὶ
3117 3269 3281 3334 αἰδὼς
3326 3268 3435 3322 τῶν
3465 3266 3675 3339 ἀνδρῶν
3709 3266 3801 3318 τὸν

2338 3368 2488 3421 σιλέα
2514 3369 2784 3436 κατεῖχεν.
2826 3363 2981 3416 Ἐπεὶ
3012 3362 3069 3415 δὲ
3118 3361 3212 3416 καὶ
3241 3362 3275 3432 ἡ
3316 3359 3605 3431 πρέπουσα
3635 3356 3716 3429 τῷ
3745 3375 3816 3410 κα

2334 3464 2533 3537 ἡσυχία
2564 3461 2801 3531 ἐγένετο,
2838 3458 3041 3531 ἤρξατο
3069 3459 3097 3513 6
3152 3454 3407 3528 βασιλεὺς
3454 3452 3683 3507 αὐτόθεν
3723 3452 3789 3505 ὲκ

2336 3553 2605 3626 καθέδρας
2640 3551 3051 3623 παραινετικοῖς
3072 3547 3207 3619 πρὸς
3236 3545 3435 3609 αὐτοὺς
3460 3543 3699 3618 χρῆσθαι
3720 3544 3817 3610 λόγ

2339 3645 2474 3714 πρὸς
2496 3641 2814 3713 συμφωνίαν
2837 3641 2931 3694 καὶ
2955 3640 3209 3710 ὁμόνοιαν
3233 3637 3557 3708 προτρέπων
3582 3635 3804 3697 αὐτούς’

2334 3738 2434 3806 τὴν
2467 3735 2565 3801 μὲν
2595 3734 2830 3787 ἑκάστου
2885 3733 3192 3796 ίδιάςουσαν
3218 3730 3396 3800 λύπην
3421 3729 3557 3800 πρὸς
3577 3727 3669 3781 τὸν
3698 3728 3817 3798 πλη

2337 3828 2689 3897 παραχωρεῖν
2734 3824 3115 3879 συνεϐούλευε·
3165 3822 3261 3875 καὶ
3311 3820 3421 3892 γὰρ
3460 3817 3818 3887 ἀντεγκαλῶν

2335 3915 2473 3990 ἦσαν
2505 3918 2753 3989 ἀλλήλοις
2779 3917 2828 3970 οἱ
2859 3915 3123 3979 πλείονες·
3150 3912 3332 3966 πολλοί
3358 3929 3416 3963 τε
3440 3909 3499 3975 ἐξ
3527 3908 3708 3962 αὐτῶν
3744 3908 3818 3980 βι(

2333 3994 2567 4080 δεήσεων
2611 4008 2690 4079 τῷ
2741 4006 2948 4077 βασιλεῖ
2971 4009 3036 4078 τῇ
3079 4002 3377 4075 προτεραίᾳ
3424 3997 3563 4073 ἦσαν
3612 4000 3817 4071 όρέξαν

2346 4101 2472 4154 Ἐπὶ
2500 4101 2554 4154 δὲ
2584 4098 2647 4154 τὸ
2670 4098 3049 4170 προκείμενον,
3075 4096 3155 4151 διὸ
3186 4097 3280 4149 καὶ
3307 4092 3790 4165 συνεληλύθεισαν,

2337 4195 2451 4263 ρεῖν
2496 4188 2914 4261 παρακαλέσας,
2959 4188 3027 4241 τά
3072 4187 3253 4258 βιϐλία
3294 4183 3560 4256 καυθῆναι
3614 4182 3817 4237 ὲκέλευς

2305 4340 2311 4347 ,
2336 4282 2578 4338 ἐπειπὼν
2611 4282 2789 4354 μόνον·
2821 4281 3051 4349 Κελεύει
3078 4279 3312 4352 Χριστὸς
3338 4277 3554 4347 ἀφιέναι
3580 4274 3660 4345 τῷ
3712 4270 3818 4325 ἀδεί

2334 4378 2426 4430 τὸν
2461 4377 2708 4444 ἀφέσεως
2741 4379 2921 4446 τυχεῖν
2950 4374 3317 4443 ἐπειγόμενον.
3350 4369 3480 4421 Τότε
3510 4363 3602 4419 οὖν
3633 4363 3762 4423 τοὺς
3797 4380 3818 4411 τ

654 4480 937 4547 proposito
981 4480 1222 4548 negotio,
1269 4481 1426 4549 cujus
1470 4479 1643 4549 gratia
1694 4487 2101 4551 convenerant,
2145 4496 2233 4533 m-

2216 4454 2233 4519 ζ
2266 4474 2310 4529 ἵ)
2338 4470 2585 4540 ὁμονοίας
2621 4470 2715 4521 καὶ
2754 4470 2974 4539 εἰρήνης
3008 4465 3197 4533 λόγους
3240 4463 3318 4521 εἰς
3360 4457 3557 4517 πλάτος
3606 4452 3814 4519 διεξελο

653 4575 800 4622 stare
843 4570 1030 4637 potius
1055 4570 1277 4632 vellent,
1315 4585 1411 4623 eos
1460 4568 1733 4630 hortatus,
1782 4569 1999 4622 libellos
2042 4585 2232 4626 omnes

653 4656 811 4712 exuri
844 4655 1026 4725 jussit,
1063 4656 1277 4725 adjecto
1324 4661 1537 4708 tantum
1582 4654 1688 4707 hoc
1732 4654 1911 4723 elogio
1937 4672 1948 4705 :
1975 4652 2231 4708 Christus

654 4744 903 4815 prmcipit
928 4751 989 4797 ut
1013 4746 1231 4799 veniam
1259 4744 1415 4798 fratri
1451 4742 1564 4809 det,
1590 4743 1843 4812 quisquis
1878 4742 1984 4796 sibi
2010 4743 2112 4812 ipsi
2140 4760 2235 4799 ve—

654 4832 802 4890 niam
829 4833 945 4890 dari
968 4834 1121 4889 velit.
1150 4835 1302 4890 Tunc
1334 4834 1503 4904 igitur
1528 4849 1654 4889 cum
1699 4834 1767 4888 de
1812 4848 1946 4904 pace
1993 4841 2049 4889 et
2095 4851 2231 4891 con-

2340 4555 2496 4623 αὖθις
2531 4559 2795 4629 περὶτῶν
2839 4559 3122 4627 δογμάτων
3163 4550 3582 4621 ἐπιμελέστερον
3625 4544 3818 4598 ἑπισκέ

2338 4651 2460 4704 σθαι
2487 4653 2554 4721 τῇ
2600 4648 2778 4703 αὐτῶν
2818 4648 3011 4717 γνώμῃ
3055 4642 3372 4715 ἐπέτρεψεν.
3414 4632 3516 4693 Οἷα
3555 4637 3613 4689 δὲ
3659 4636 3758 4688 καὶ
3801 4654 3818 4686 τ

2334 4741 2539 4795 τούτων
2573 4741 2631 4793 ὲν
2667 4736 2745 4808 τῷ
2786 4736 2934 4808 αύτῷ
2979 4735 3146 4806 τρίτῳ
3181 4731 3369 4804 βιϐλίῳ
3409 4727 3517 4782 τῶν
3559 4728 3641 4789 είς
3671 4726 3765 4778 τὸν
3809 4726 3818 4794 ζ

2333 4830 2744 4905 Κωνσεαντίνου
2790 4832 2819 4883 6
2859 4829 3023 4893 αὑτός
3075 4844 3237 4899 φησιν
3284 4821 3569 4885 Εὐσέϐιος,
3617 4817 3818 4871 ὲπακοῐ

1864 5033 2134 5091 VALESII
2171 5027 2723 5091 ANNOTATIONES.

734 5189 842 5264 (40)
899 5193 1126 5264 Τούτων
1156 5192 1705 5264 ἐμνημονεύσαμεν.
1755 5192 1868 5247 Hoc
1908 5192 2073 5264 etiam
2115 5192 2237 5264 loco

658 5266 803 5320 idem
825 5259 1016 5319 'codex
1044 5259 1227 5316 Allatii
1260 5259 1450 5319 veccm
1475 5264 1757 5319 interserit
1787 5264 1892 5317 hoc
1924 5261 2107 5323 modo,
2142 5259 2237 5312 τοῦ

657 5339 816 5458 ἔαριν
862 5331 918 5387 δὲ
968 5332 1175 5387 τούτων
1224 5334 1405 5399 ίδικώς
1452 5334 1869 5406 ἐμνημόνευσα,
1904 5330 2043 5402 μετὰ
2066 5329 2240 5384 ταῦτα

693 5423 791 5458 οω.

692 5423 842 5544 mal)
880 5472 1077 5527 Ἀλλὰ
1118 5471 1646 5544 τιγιινὴνίγνώμην.
1677 5471 1849 5544 Magis
1869 5470 2066 5544 place}
2096 5465 2238 5544 scri-

658 5538 833 5617 plura"
845 5558 1009 5614 quam
1034 5538 1254 5617 praél‘ert
1284 5538 1455 5617 codex
1488 5538 1673 5617 Allatii
1714 5538 1942 5617 γιῖμνὴν
1954 5538 2166 5617 ptitva
2181 5538 2238 5587 ὲν

664 5608 1004 5687 fiet-sueto.
1035 5608 1240 5687 'A_t_que
1285 5612 1359 5687 ita
1394 5608 1858 5687 prorsusjegerat
1884 5608 2239 5687 Epiphanius

659 5679 1053 5738 Scholasticus.
1085 5679 1176 5737 Sic
1207 5684 1353 5738 enim
1387 5679 1584 5739 vertit:
1609 5679 1731 5739 Sed'
1750 5696 1940 5739 puram
1966 5679 2239 5731 scientiam

657 5747 762 5810 fide
803 5757 851 5802 ct
877 5752 1023 5807 bonis
1049 5753 1287 5823 operibus
1317 5754 1713 5813 observandam.
1738 5746 2009 5809 Caeterum
2044 5746 2238 5801 Socra-t

2334 5197 2419 5244 tes
2446 5189 2590 5243 hanc
2639 5185 3015 5242 narrationem
3068 5182 3287 5239 videtur
3337 5183 3589 5237 hausisse
3635 5198 3701 5237 ex
3740 5181 3818 5234 Ro

2333 5259 2479 5313 libro
2507 5256 2745 5321 decimo,
2771 5257 2867 5311 ubi
2890 5258 3121 5312 Ruﬁnus
3158 5255 3270 5321 agit
3301 5253 3369 5308 de
3402 5254 3638 5308 concilio
3678 5251 3817 5321 Nica

2337 5327 2445 5382 Sed
2474 5320 2999 5397 Socratesqutedam
3027 5326 3095 5382 de
3131 5320 3405 5379 industria
3459 5323 3718 5377 mutavit.
3765 5320 3817 5374 Gr

2335 5398 2451 5452 sius
2473 5412 2603 5468 vero
2636 5411 2763 5468 cum
2808 5398 2913 5453 hoc
2950 5404 3343 5468 argumentum
3364 5402 3563 5468 nactus
3609 5400 3784 5468 esset,

2335 5483 2459 5521 rum
2485 5465 2543 5521 in
2575 5466 2799 5537 modum
2819 5469 2971 5522 auxit
2998 5461 3160 5537 atque
3183 5464 3554 5537 amplificavit,
3579 5461 3818 5533 singulm

2335 5536 2790 5608 philosophorum
2803 5536 3270 5608 interrogationes
3291 5536 3555 5608 referens,
3578 5541 3636 5587 ct
3664 5545 3817 5608 respt

2335 5604 2743 5677 episcoporum.
2785 5606 2916 5674 Qua:
2971 5604 3154 5662 omnia
3199 5606 3411 5660 fabulas
3439 5604 3624 5675 potius
3673 5604 3814 5656 rcdo

2338 5693 2500 5748 quam
2540 5677 2828 5734 historiam
2861 5694 3047 5734 rerum
3072 5687 3363 5750 gestarum.
