4046 6204
277 204 332 260 σε
1217 192 1544 249 HISTORIA
1582 150 2135 247 ECCLESIASTICA‘.
2175 224 2241 231 —
2282 192 2408 247 un.
2451 195 2492 248 ι.

3405 198 3475 253 66

274 313 423 370 χιλόν·
450 308 636 363 ἔστιδὲ
666 306 860 362 ταῦτα’
900 306 1174 361 Πλείστων
1202 306 1266 378 δὴ
1307 306 1416 360 τῶν
1445 307 1535 376 ὑφ’
1563 306 1807 377 ἐκατέρῳ

1910 306 2101 360 cordia
2125 306 2342 361 abunde
2377 306 2749 374 disseruisset,
2778 306 3039 379 deinceps
3061 317 3121 364 ut
3152 308 3221 364 de
3254 309 3477 381 religio-

273 407 470 473 τάγματι
514 397 963 469 προτεινομένων,
1003 398 1206 468 πολλῆς
1250 413 1311 450 τε
1348 396 1679 467 ἀμφιλογίας
1709 414 1803 450 τα-

268 494 428 566 πρῶτα
448 487 857 558 συνισταμένης,
892 487 1231 552 ἀνεξικάκως
1253 487 1561 558 ἐπηκροᾶτο
1592 490 1618 540 ὁ
1653 486 1806 555 βασια·

269 588 369 646 λεὺς
399 581 495 634 τῶν
539 578 778 641 πάντων,
830 578 993 648 σχολῇ
1028 594 1087 630 τε
1118 576 1321 647 εὑτὸνῳ
1365 577 1465 639 τὰς
1514 577 1804 648 προτάσεις

270 675 535 744 ὑπεδέχετο.
604 672 692 725 Ἐν
761 670 921 741 μέρει
971 685 1031 722 τε
1103 666 1634 737 ἀντιλαμϐανόμενος
1696 665 1804 719 τῶν

270 768 373 842 παρ’
418 763 673 833 ἐκατέρου
726 762 1005 830 τάγματος
1056 758 1370 827 λεγομένων
1393 797 1407 821 ,
1460 757 1642 828 ἠρέμα
1683 773 1806 810 συν.

268 862 348 931 ῆγε
368 860 476 920 τοὺς
495 853 814 927 φιλονείκως
838 850 1224 922 ἐνισταμένους
1243 889 1258 915 ,
1294 850 1512 921 πραέως
1540 866 1598 903 τε
1630 849 1806 903 1:0th-

268 967 400 1022 μενος
430 947 525 1010 τάς
580 944 718 1017 πρὸς
749 944 981 996 ἕκαστον
1019 942 1253 1011 ὁμιλίας·
1295 940 1620 1012 Ἐλληνίζων
1646 957 1703 993 τε
1739 943 1804 1012 τῇ

267 1044 423 1112 φωνῇ,
462 1039 542 1094 δτι
580 1037 717 1109 μηδὲ
768 1035 973 1105 ταύτης
1023 1033 1253 1104 ἀμαθῶς
1303 1028 1448 1103 εἶχε,
1476 1031 1805 1103 γλυκύτερός

264 1150 331 1196 τις
362 1128 420 1202 ἦν
451 1130 544 1183 κατ⁹
573 1129 723 1198 ἡδὺς,
751 1128 879 1190 τοὺς
930 1126 1028 1196 μὲν
1072 1124 1406 1192 συμπείθων,
1447 1123 1572 1188 τοὺς
1619 1123 1674 1177 δὲ
1715 1124 1808 1178 καὶ

264 1221 488 1275 δυσωπῶν
538 1220 617 1289 τῷ
662 1217 826 1286 λόγῳ·
876 1218 999 1279 τοὺς
1039 1215 1097 1269 δὲ
1138 1211 1199 1269 εὖ
1247 1215 1504 1284 λέγοντας
1544 1215 1803 1271 ἐπαινῶν.

264 1313 445 1373 Πάντας
464 1311 517 1362 δὲ
549 1311 627 1371 εἰς
658 1308 911 1377 ὁμόνοιαν
940 1307 1196 1370 ἐλαύνων,
1224 1306 1613 1379 ὁμογνώμονάς
1634 1326 1692 1361 τε
1714 1310 1808 1363 καὶ

264 1401 507 1471 ὁμοδόξους
549 1400 742 1459 αὐτοὺς
775 1398 865 1449 ἐπὶ
898 1397 1009 1459 τοῖς
1043 1395 1575 1467 ἀμφισϐητουμένοις
1606 1398 1808 1451 ἅπασιν

263 1492 340 1544 ἐπὶ
356 1491 407 1543 τὸ
432 1489 557 1542 αὐτὸ
580 1489 975 1558 κατεστήσατο,
998 1488 1073 1551 ῶς
1094 1489 1390 1558 ὁμοφώνως
1416 1492 1511 1561 μέν
1533 1493 1808 1563 κρατῆσαι

263 1582 343 1650 τὴν
364 1581 554 1643 πίστιν,
580 1580 680 1648 τῆς
721 1577 777 1631 δὲ
806 1577 1074 1649 σωτηρίου
1114 1579 1305 1650 ὲορτῆς
1333 1568 1424 1633 τὸν
1463 1582 1624 1635 αὑτὸν
1658 1581 1808 1652 παρὰ

260 1674 353 1734 τοῖς
377 1672 531 1724 πᾶσιν
562 1668 963 1741 ὁμολογηθῆναι
1006 1670 1216 1741 καιρόν.
1264 1672 1556 1743 Ἐκυροῦτό
1594 1692 1654 1727 τε
1706 1675 1805 1746 ἥδη

262 1765 340 1815 καὶ
366 1762 645 1834 ἐγγράφως
685 1761 751 1815 δι’
788 1762 1247 1835 ὑποσημειώσεως
1283 1765 1516 1820 ἑκάστου
1556 1767 1626 1821 τὰ
1654 1771 1805 1840 κοινῇ

256 1854 541 1925 δεδογμένα.
589 1852 829 1907 Τοιαῦτα
876 1854 968 1908 καὶ
1015 1855 1144 1927 περὶ⁵
1195 1856 1401 1911 τούτων
1451 1860 1582 1922 ταῖς.
1616 1858 1806 1913 ἐαυτοῦ

258 1948 432 2015 φωναῖς
467 1948 494 1999 6
522 1944 786 2006 Εὐσέϐιος
819 1945 1113 2017 ἐγγράφως
1149 1949 1459 2004 κατέλιπεν.
1519 1951 1708 2020 Ἡμεῖς
1750 1951 1807 2004 δὲ

250 2036 338 2090 οὐκ
359 2035 595 2106 ἀκαίρως
622 2035 808 2097 αὐτοῖς
837 2036 1210 2106 ἐχρησάμεθα*
1238 2038 1372 2092 ἀλλά
1409 2039 1643 2109 μάρτυσι
1666 2037 1808 2110 χρώ-

257 2143 388 2198 μενοι
417 2128 525 2190 τοῖς
552 2125 645 2178 ὑπ’
667 2125 832 2180 αὐτοῦ
854 2126 1111 2197 λεχθεῖσι,
1129 2130 1253 2200 τῇδε
1277 2129 1414 2185 αὐτὰ
1438 2131 1807 2202 κατετάξαμεν

252 2218 309 2287 τῇ
338 2218 510 2287 γραφῇ
530 2233 544 2245 ’
587 2215 653 2269 ἵν’
682 2216 809 2271 ὅταν
850 2220 992 2282 τινὲς
1029 2222 1127 2291 τῆς
1157 2222 1213 2274 ἐν
1238 2220 1443 2294 Νικαία
1475 2222 1692 2275 συνόδου
1733 2223 1808 2288 ὡς

251 2305 366 2377 περὶ
377 2306 468 2376 τὴν
485 2304 670 2358 πίστιν
692 2306 988 2380 σφαλείσης
1006 2320 1033 2359 Ρ
1046 2310 1515 2378 κανςαγινὼσκωσι,
1537 2312 1611 2383 μὴ
1630 2313 1808 2368 αὐτῶν

248 2391 548 2467 ἀνεχώμεθα
569 2432 586 2456 ,
630 2394 766 2464 μηδὲ
798 2397 1175 2468 πιστεύσωμεν
1214 2399 1424 2471 Σαϐίνῳ
1450 2401 1527 2471 τῷ
1562 2402 1808 2456 Μακεδο-

232 2488 404 2557 υνιανῷ
431 2488 564 2557 (42),
593 2489 809 2552 ίδιὼτας
834 2489 1031 2551 αὐτοὺς
1056 2489 1151 2544 καὶ
1171 2490 1387 2558 ἀφελεῖς
1412 2491 1661 2546 καλοῦντι
1686 2496 1809 2558 τοὺς

249 2579 420 2631 ἐκεῖσε
443 2581 810 2644 συνελθόντας.
837 2580 1060 2642 Σαϐῖνος
1082 2581 1208 2652 γὰρ,
1238 2583 1266 2634 6
1290 2581 1397 2636 τῶν
1423 2583 1482 2635 ἐν
1519 2584 1811 2655 Ἡρακλείᾳ

247 2668 347 2738 τῆς
371 2670 590 2742 Θρᾴκης
610 2672 1019 2726 Μακεδονιανῶν
1044 2674 1360 2738 ἐπίσκοπος,
1396 2676 1713 2746 συναγωγὴν
1736 2670 1810 2729 ὧν

248 2760 487 2832 διάφοροι
546 2764 853 2817 ἐπισκόπων
919 2764 1125 2819 σύνοδοι
1187 2766 1480 2836 ἐγγράφως
1544 2766 1812 2832 ἐξέδωκαν

244 2854 628 2923 ποιησάμενος,
676 2856 802 2919 τοὺς
844 2857 944 2926 μὲν
992 2857 1049 2909 ἐν
1088 2856 1322 2927 Νικαίᾳ,
1350 2857 1425 2920 ὼς
1461 2858 1677 2928 ἀφελεῖς
1718 2861 1811 2913 καὶ

247 2943 448 3008 ἰδιώτας
488 2947 705 3019 διέσυρε
730 2987 746 3012 ,

241 3035 509 3100 Εὐσέϐιος),
564 3038 659 3091 τὸν
701 3038 839 3109 μετά
889 3039 1088 3109 πολλῆς
1124 3039 1447 3110 δοκιμασίας
1489 3042 1587 3113 τὴν
1629 3042 1809 3095 πίστιν

242 3127 647 3200 ὁμολογήσαντα
667 3169 683 3193 ,
719 3131 796 3193 ὼς
829 3130 1042 3200 ἰδιώτην
1070 3130 1362 3187 διαϐάλλει.
1411 3134 1520 3186 Καὶ
1552 3134 1672 3188 τινὰ
1714 3136 1811 3204 μὲν

240 3217 368 3270 ἑκὼν
396 3222 730 3291 παρέλιπεν,
768 3222 887 3274 τινὰ
910 3221 967 3275 δέ
990 3223 1345 3293 παρέτρεψεν.
1380 3224 1562 3277 Πάντα
1594 3225 1650 3277 δὲ
1676 3226 1810 3297 πρὸς

238 3308 319 3361 τὸν
333 3313 530 3365 οἰκεῖον
555 3313 768 3366 σκοπὸν
794 3313 992 3384 μᾶλλον
1017 3313 1314 3383 ἐξείληφεν.
1347 3315 1455 3368 Καὶ⁵
1486 3316 1697 3369 ἐπαινεῖ
1716 3317 1812 3387 μὲν

233 3400 315 3451 τὸν
354 3402 660 3471 Παμφίλου
711 3401 995 3467 Εὖσέϐιον,
1030 3403 1109 3466 ῶς
1170 3402 1476 3467 ἀξιόπιστον
1528 3405 1811 3475 μάρτυρα·

237 3489 433 3543 ἐπαινεῖ
453 3492 512 3545 δὲ
538 3490 758 3545 καὶτὸν
788 3481 1010 3561 βασιλέα
1028 3534 1043 3559 ,
1071 3493 1145 3556 ῶς
1168 3494 1234 3546 τὰ
1257 3493 1591 3564 Χριστιανῶν
1616 3494 1812 3564 δογμα-

231 3581 388 3645 τίζειν
421 3583 769 3655 δυνάμενοψ
807 3584 1079 3655 μέμφεται
1117 3585 1174 3639 δέ
1209 3588 1274 3656 τῇ
1302 3586 1582 3659 ἐκτεθείσῃ
1615 3588 1672 3643 ἐν
1708 3588 1810 3641 Νι-

232 3671 350 3743 ut;
379 3674 589 3738 πίστει,
630 3673 706 3737 ὡς
734 3674 839 3726 ὑπὸ
864 3675 1083 3728 ἰδιωτῶν
1129 3676 1220 3729 καὶ
1252 3676 1404 3731 οὐδὲν
1436 3678 1813 3748 ἐπισταμένων

231 3757 570 3832 ἐκδεδομένῃο
609 3761 709 3813 καὶ
748 3760 807 3813 ὃν
832 3762 905 3825 ὼς
934 3762 1094 3831 σοφὸν
1120 3764 1212 3817 καὶ
1238 3765 1441 3836 ἀψευδῆ
1486 3766 1642 3820 καλεῖ
1673 3768 1815 3839 μάρ-

230 3864 374 3919 τυρα,
422 3853 639 3907 τούτου
676 3852 777 3911 τάς
821 3854 1022 3921 φωνάς“
1050 3856 1309 3920 ἐκουσίως
1361 3857 1623 3931 ὑπερορᾷ.
1676 3860 1815 3931 Φησὶ

229 3939 328 4012 γὰρ
349 3944 377 3995 6
397 3944 699 4007 Εὐσέϐιος,
734 3945 817 3998 ὅτι
845 3945 952 3998 τῶν
986 3946 1264 4018 παρόντων
1308 3950 1365 4002 ἐν
1393 3952 1456 4019 τῇ
1486 3950 1688 4022 Νικαία
1717 3950 1812 4005 τοῦ

232 4026 354 4083 Θεοῦ
388 4030 745 4103 λειτουργῶν
778 4033 827 4087 oi
880 4033 977 4103 μὲν
1024 4035 1313 4107 διέπρεπον
1340 4039 1529 4108 σοφίας
1556 4040 1730 4111 λόγῳ,
1763 4043 1813 4096 oi

229 4114 280 4171 ἃ
306 4118 419 4190 βίον
450 4123 824 4196 στερρότητι·
859 4124 955 4179 καὶ
978 4125 1058 4180 ὅτι
1091 4127 1119 4180 ὁ
1154 4126 1401 4197 βασιλεὺς
1428 4132 1637 4202 παρὼν,
1674 4132 1811 4186 πάν-

1904 396 1991 451 nis
2054 404 2257 452 nostra:
2318 396 2667 469 dogmatibus
2717 400 3030 455 accuratius
3083 399 3475 469 disquirerent,

1902 504 2099 543 eorum
2122 488 2356 544 arbitrio
2375 490 2747 561 potestatique
2770 491 3038 560 permisit.
3068 493 3271 548 Verum
3296 507 3477 562 operae

1903 580 2145 647 pretium
2185 579 2357 634 fuerit
2397 580 2612 647 audire,
2659 581 2795 652 quid
2839 582 2906 638 de
2953 581 3040 636 his
3085 583 3249 637 rebus
3290 592 3478 638 narret

1904 669 2177 726 Eusebius
2204 672 2259 727 in
2283 673 2449 728 tertio
2475 673 2569 727 illo
2587 674 2698 744 jam
2726 675 2982 744 superius
3001 689 3031 728 a
3056 674 3214 729 nobis
3241 686 3481 729 eorume-

1904 771 2118 816 morato
2141 762 2285 816 libro
2312 762 2380 817 de
2412 762 2549 831 ,Vita
2575 763 2926 833 imperatoris
2965 762 3335 819 Constantini.
3388 762 3499 835 Sic’

1904 861 2085 906 autem
2113 853 2191 907 ait
2217 871 2229 906 :
2260 854 2444 909 Multis
2468 856 2635 925 igitur
2657 856 2805 910 hunc
2828 855 2882 909 in
2911 855 3133 910 modum
3155 870 3223 909 ex
3245 861 3478 923 utraque

1905 950 2060 1011 parte
2104 943 2424 1012 propositis,
2474 960 2778 1014 magnaque
2823 944 3199 999 controversia
3260 943 3318 996 in
3360 943 3480 1012 ipso

1905 1034 2179 1105 principio
2201 1035 2461 1101 excitata,
2490 1036 2789 1106 imperator
2834 1045 3032 1092 cuncta
3080 1035 3480 1106 patientissime

1905 1127 2244 1191 auscultans,
2294 1128 2507 1183 intento
2550 1128 2738 1183 animo
2791 1130 3105 1198 propositas
3150 1127 3482 1198 quaestiones

1852 1276 1857 1283 ,
1905 1217 2158 1286 excepit;
2182 1226 2238 1271 et
2261 1233 2381 1287 quae
2405 1218 2476 1273 ab
2503 1224 2733 1287 utraque
2757 1227 2915 1287 parte
2953 1217 3299 1279 dicebantur,
3321 1213 3485 1268 vicis-

1908 1307 2007 1361 sim
2034 1307 2288 1363 astruens
2333 1317 2500 1378 atque
2544 1308 2828 1378 adjuvans,
2873 1306 3211 1377 pertinacius
3259 1312 3480 1359 certan-

1885 1392 1991 1451 'tcs
2037 1398 2301 1467 paulatim
2348 1399 2681 1456 conciliavit.
2729 1398 2976 1467 Cumque
3033 1412 3225 1451 omnes
3269 1394 3483 1465 placide

1908 1487 2301 1556 alloqueretur,
2341 1496 2398 1543 et
2423 1488 2614 1544 Graeca
2644 1496 2893 1542 uteretur
2916 1489 3123 1557 lingua,
3147 1485 3349 1555 quippe
3387 1483 3483 1553 qui

1910 1592 1978 1631 ne
2003 1578 2167 1648 hujus
2190 1578 2412 1647 quidem
2454 1578 2651 1649 linguae
2678 1579 2898 1648 ignarus
2937 1585 3104 1641 esset,
3128 1574 3486 1631 suavissimus

1912 1681 1976 1720 ac
1996 1667 2431 1735 iucundissimus
2455 1668 2590 1734 fuit,
2635 1668 2765 1723 dum
2790 1667 2928 1722 alios
2975 1649 3027 1721 vi
3071 1666 3344 1720 rationum
3390 1663 3487 1717 ad-

1911 1757 2106 1814 ductos
2152 1760 2206 1814 in
2254 1776 2410 1816 suam
2452 1760 2780 1815 sententiam
2830 1760 3036 1824 trahit,
3082 1758 3219 1813 alios
3264 1763 3385 1810 orat
3429 1760 3486 1809 et

1909 1848 2111 1913 ﬂectit,
2138 1863 2344 1919 eosque
2367 1848 2462 1919 qui
2487 1857 2636 1904 recte
2681 1847 2964 1910 dixissent,
2990 1846 3247 1902 laudibus
3279 1843 3482 1910 allicit,

1908 1948 1964 1996 et
1988 1940 2277 1997 universos
2299 1940 2367 1996 ad
2392 1941 2741 1997 concordiam
2783 1939 2995 1995 incitat.
3040 1940 3225 1994 Donec
3265 1936 3484 1992 tandem

1907 2048 2004 2089 eos
2027 2034 2333 2090 concordes
2360 2035 2415 2090 in
2440 2034 2701 2089 omnibus
2745 2032 2813 2088 de
2862 2031 3064 2102 quibus
3106 2037 3267 2085 antea
3311 2036 3489 2085 certa-

1909 2123 2092 2189 batur,
2120 2134 2287 2195 atque
2314 2125 2602 2180 unanimes
2627 2123 2811 2178 eﬂ‘ecit
2838 2140 2850 2175 :
2877 2123 3015 2177 adeo
3060 2128 3121 2174 ut
3166 2136 3278 2175 non
3322 2118 3487 2173 modo

1909 2218 2077 2272 unius
2101 2217 2228 2272 ﬁdei
2252 2216 2610 2272 consonantia
2632 2215 2778 2286 apud
2803 2229 2998 2269 omnes
3031 2214 3311 2267 obtineret
3333 2252 3349 2276 ,
3394 2226 3490 2265 ve-

1908 2327 2033 2366 rum
2057 2311 2225 2364 etiam
2251 2325 2419 2363 unum
2458 2307 2711 2379 idemque
2736 2315 2953 2377 tempus
2980 2306 3036 2361 in
3082 2307 3185 2375 21
3230 2304 3489 2360 salutaris

1908 2402 2034 2459 festi
2062 2400 2433 2456 celebratione
2464 2399 2535 2453 ab
2560 2397 2818 2453 omnibus
2843 2397 3184 2451 ﬁrmaretur.
3206 2396 3378 2450 Porro
3421 2411 3489 2450 ea

1909 2513 2032 2567 qua:
2058 2500 2116 2550 in
2162 2507 2451 2549 commune
2480 2491 2823 2562 placuerant,
2871 2488 3093 2558 scriptis
3135 2486 3390 2541 mandata
3432 2495 3490 2541 ct

1911 2587 2255 2657 singulorum
2300 2582 2706 2652 subscriptione
2766 2580 3023 2634 roborata
3069 2586 3217 2632 sunt.
3262 2577 3332 2631 Et
3374 2577 3491 2631 hzec
3534 2614 3537 2617 -

1912 2678 2135 2747 quidem
2162 2674 2434 2729 Eusebius
2459 2672 2526 2726 ad
2563 2672 2793 2726 verbum
2840 2671 3043 2739 scripta
3066 2669 3187 2723 istis
3209 2669 3277 2722 de
3324 2669 3492 2722 rebus

1913 2768 2071 2823 nobis
2095 2766 2335 2836 reliquit.
2374 2764 2483 2819 Nos
2509 2778 2641 2817 vero
2664 2777 2728 2816 ea
2777 2760 2882 2815 hoc
2912 2761 3032 2815 loco
3078 2757 3328 2829 proferre
3377 2774 3491 2813 non

1913 2860 2152 2914 alienum
2177 2856 2434 2910 duximus
2464 2872 2475 2907 :
2529 2853 2625 2908 sed
2650 2866 2845 2907 eorum
2887 2849 3202 2906 testimonio
3248 2856 3490 2914 utentes,

804 2948 880 3019 μὴ
928 2949 1344 3019 αἰσθανόμενος,
1390 2952 1470 3003 ὅτι
1510 2951 1604 3004 καὶ
1651 2952 1811 3005 αὐτὸν

1914 2951 2043 3003 huic
2079 2947 2332 3003 Historiae
2372 2952 2575 3000 nostrae
2621 2942 2874 2997 consulto
2920 2940 3289 3005 inseruimus,
3338 2947 3401 2993 ut
3441 2939 3488 2995 si

1908 3042 1999 3111 qui
2028 3040 2167 3094 forte
2190 3034 2479 3093 Nicmnum'
2509 3036 2804 3090 concilium
2842 3041 3099 3119 tauquam
3124 3032 3182 3086 in
3219 3047 3385 3086 causa
3427 3029 3492 3086 fi-

1909 3131 1998 3186 dei
2022 3131 2234 3199 lapsum
2274 3128 2641 3183 condemnare
2670 3125 2969 3188 voluerint,
3014 3123 3084 3178 iis
3132 3123 3357 3177 minime
3401 3129 3490 3177 at-

1910 3223 2227 3286 tendamus,
2273 3235 2375 3275 ncc
2402 3218 2605 3274 Sabino
2629 3216 3019 3273 Macedoniano
3041 3214 3352 3279 credamus,
3394 3215 3491 3285 qui

1912 3314 2196 3384 imperitos
2216 3328 2280 3367 ac
2307 3311 2583 3381 simplices
2608 3318 2767 3364 vocat
2790 3324 2886 3364 eos
2917 3308 3011 3378 qui
3047 3309 3102 3361 in
3150 3322 3217 3362 cn
3257 3308 3492 3362 concilio

1920 3411 2315 3478 convenerunt.
2343 3402 2477 3456 Nam
2506 3400 2742 3456 Sabinus
2787 3398 3302 3453 Macedonianorum
3347 3397 3493 3468 apud

1922 3497 2240 3551 Heracleam
2267 3494 2512 3548 Thraciae
2542 3492 2738 3547 urbem
2766 3490 3079 3562 episcopus,
3105 3488 3199 3558 qui
3243 3488 3492 3542 diversa-

1922 3605 2045 3642 rum
2094 3587 2429 3658 synodorum
2453 3592 2574 3639 acta
2600 3598 2768 3638 unum
2789 3583 2845 3637 in
2888 3597 3089 3651 corpus
3129 3580 3369 3649 collegit,
3396 3580 3492 3634 Ni-

1922 3680 2056 3736 caeni
2097 3678 2318 3750 quidem
2377 3676 2594 3731 concilii
2645 3674 2979 3739 sacerdotes,
3023 3673 3179 3743 quasi
3222 3670 3386 3727 rudes
3430 3686 3495 3726 ac

1922 3771 2203 3840 simplices
2226 3767 2480 3833 deridet;
2507 3782 2608 3823 nec
2638 3764 3027 3821 animadvertit
3057 3779 3116 3818 se
3142 3764 3320 3833 ipsum
3359 3779 3497 3833 quo-

1922 3876 2028 3932 quc
2051 3860 2373 3925 Eusebium,
2391 3860 2484 3928 qui
2509 3858 2670 3912 ﬁdem
2699 3857 2845 3911 illam
2866 3862 2991 3926 post
3013 3854 3289 3908 diuturna:
3315 3852 3499 3923 inqui-

1930 3953 2147 4009 sitionis
2168 3967 2398 4007 examen
2419 3950 2706 4021 amplexus
2734 3957 2841 4011 est,
2870 3953 2933 4001 ut
2976 3946 3290 4016 imperitum
3332 3943 3497 4000 simul

1923 4042 2229 4099 criminari.
2257 4045 2336 4098 Ac
2361 4042 2621 4098 nonnulla
2644 4040 2869 4111 quidem
2888 4036 2956 4093 de
2980 4036 3250 4091 industria
3274 4042 3500 4104 praeter-

1870 4189 1873 4192 .
1922 4135 2122 4190 misit:
2166 4133 2416 4204 quadam
2465 4148 2599 4188 vero
2642 4130 2911 4203 pervertit
2954 4135 3119 4195 atque
3164 4123 3493 4180 immutavit.

1442 4283 1710 4340 VALESII
1748 4285 2303 4345 ANNOTATIONES.

293 4403 398 4474 (42)
436 4407 694 4488 grata)
722 4404 805 4488 τῷ
841 4405 1279 4488 Μακεδονιαγῷ.
1311 4408 1409 4488 llic
1433 4411 1670 4488 §abinus
1706 4416 1811 4488 epi-

1927 4417 2041 4470 sius
2058 4415 2308 4488 limrcsim
2331 4413 2714 4488 pertinebant,
2745 4412 3003 4488 om‘ittens
3023 4424 3157 4488 vero
3187 4409 3494 4488 contraria:

230 4485 414 4538 scapus
450 4476 565 4530 fuit
611 4475 1133 4531 Macedonianorum
1170 4477 1224 4531 in
1266 4480 1399 4533 urbe
1433 4481 1677 4537 Thraciae
1711 4475 1819 4538 lle-

361 4562 413 4609 a,
446 4548 552 4615 qui
592 4546 990 4620 collectionem
1020 4556 1267 4620 actorum
1298 4551 1637 4620 synodalium
1668 4568 1820 4606 com-

228 4626 500 4694 posuerat,
540 4630 702 4694 opus
715 4616 897 4694 "utile
926 4616 1289 4694 admodum“;
1315 4616 1473 4694 cujus
1500 4623 1819 4694 testimonio

226 4684 412 4761 saepius
467 4683 679 4761 utitilr~
714 4683 981 4761 Socrates
1012 4686 1069 4761 in
1117 4686 1203 4741 his
1234 4683 1820 4761 libr_i§._Reprehendit

228 4759 433 4837 tamenn
451 4772 597 4837 eum
647 4752 902 4837 Socrates
931 4755 1294 4837 plerisqueui-n
1333 4758 1489 4837 locis,
1525 4752 1650 4837 tum.
1670 4763 1817 4831 quod

229 4824 354 4904 mala
402 4824 515 4879 [ide
564 4840 713 4904 usus
744 4832 891 4904 esset
930 4824 987 4878 in
1033 4824 1172 4881 actis
1218 4826 1324 4904 illis
1364 4824 1716 4904 colligendis}
1747 4848 1817 4904 Aea

222 4893 433 4959 quidem
486 4894 762 4950 studiose
794 4894 1040 4952 referens
1080 4909 1199 4966 qua:
1238 4895 1307 4951 ad
1351 4893 1713 4955 astruVendam
1744 4901 1827 4973 ip-

1928 4495 2042 4539 tum
2078 4485 2223 4553 quod
2247 4479 2568 4539 ortliodoxis
2599 4482 2873 4553 episcopis
2898 4479 3415 4553 semperqinfensum
3439 4494 3497 4534 se

1922 4550 2256 4610 ostenderet.
2298 4553 2617 4621 Cuiusmodi
2638 4550 2805 4606 illud
2828 4561 2912 4607 est
2950 4550 3095 4621 quod
3125 4551 3231 4605 hoc
3262 4551 3384 4604 loco
3406 4565 3501 4621 re-

1918 4626 2025 4680 fert
2047 4625 2319 4689 Socrates,
2345 4620 2535 4678 Patres
2557 4623 2759 4678 Niemni
2795 4621 3012 4678 concilii
3039 4620 3256 4690 ignaros
3286 4636 3351 4673 ac
3372 4620 3501 4673 sim—

1917 4696 2087 4765 plices
2131 4694 2320 4748 l‘uisse.
2352 4693 2480 4765 ¥Sed
2526 4695 2768 4765 solemne
2798 4702 2883 4748 est
2919 4692 3210 4765 hmretieis,
3237 4691 3503 4765 adversus

1917 4758 2296 4820 sanctissimos
2351 4763 2612 4820 Ecclesiae
2665 4763 2853 4819 Patres
2895 4778 2960 4818 ac
3016 4761 3271 4817 doctores
3310 4758 3499 4815 convi-

1916 4835 2076 4889 ciari.

1684 5047 2065 5109 VARIORUM.

284 5161 463 5232 PA'Ir’
511 5161 682 5215 ὅταν
713 5162 875 5227 τινὲς
912 5161 1022 5230 τῆς
1054 5163 1125 5217 ἐν
1157 5165 1369 5232 Νικαίᾳ
1418 5164 1685 5219 συνόδου
1729 5167 1811 5231 ὡς

221 5230 340 5294 περὶ
388 5232 515 5296 τὴν
548 5232 771 5303 πίστιν
798 5233 1161 5303 σφαλείσης.
1186 5234 1305 5289 Νοη
1326 5230 1445 5288 sine
1488 5230 1817 5303 indignatio-

220 5314 300 5359 ne.
343 5303 629 5382 adeoque
650 5300 881 5356 horrore
903 5300 1137 5382 quodam
1166 5305 1349 5382 recolo
1375 5300 1699 5382 stupendam
1721 5320 1822 5382 eo-

222 5383 334 5422 rum
362 5373 700 5443 inseitiam.
726 5387 824 5426 seu
850 5373 1036 5443 potius
1062 5373 1283 5442 impiam
1319 5374 1619 5438 vesaniam,
1645 5375 1740 5443 qui
1764 5375 1819 5430 in

222 5441 579 5513 venerandos
615 5440 805 5496 Patres
846 5440 1096 5513 Nicaeus
1142 5440 1251 5497 non
1298 5444 1458 5498 veriti
1484 5451 1614 5497 sunt
1640 5440 1821 5513 palam

221 5507 590 5581 (lt-bacchari,
647 5518 906 5581 tanquam
951 5511 1046 5580 qui
1099 5514 1422 5569 catholicam
1469 5513 1536 5568 de
1587 5507 1819 5581 persona

224 5574 337 5632 Iesu
379 5580 619 5636 Christi
666 5574 993 5645 doctrinam,
1021 5580 1089 5636 ab
1130 5585 1393 5655 apostolis
1437 5574 1712 5651 tradiiam,
1757 5599 1821 5639 ac

1916 5184 2017 5239 per
2047 5168 2151 5223 tria
2195 5170 2376 5239 prima
2414 5168 2611 5223 szceula
2637 5167 2692 5222 in
2717 5166 2961 5223 Ecclesia
2985 5176 3384 5234 conservatam,
3413 5167 3500 5239 vel

1920 5237 2213 5303 malitiose,
2234 5239 2318 5294 vel
2344 5248 2493 5293 certe
2522 5254 2618 5307 per
2672 5238 3003 5307 imperitiam
3048 5253 3112 5292 ac
3152 5247 3361 5295 temere
3405 5237 3506 5307 de-

1918 5310 2297 5380 pravaverint,
2344 5306 2863 5380 novamque‘ﬁdem
2902 5306 3025 5361 orbi
3064 5307 3377 5380 Christiano
3402 5306 3505 5380 obj-

1918 5375 2204 5448 struerint.
2250 5379 2385 5448 Hoc
2407 5375 2629 5448 nomine
2663 5376 2747 5448 (ut
2768 5388 2997 5448 veteres
3016 5384 3223 5431 taceam
3251 5375 3505 5448 Arianos)

1918 5449 2047 5503 olim
2100 5447 2321 5503 infamis
2363 5446 2468 5502 fuit
2510 5442 2771 5512 Sabinus,
2821 5447 3221 5502 Macedonianae
3254 5442 3507 5499 factionis

1920 5518 2144 5574 assecla.
2178 5518 2280 5591 (Cl.
2308 5517 2497 5574 Bullus
2520 5517 2678 5583 initio
2702 5517 3030 5588 Defensionis
3057 5516 3201 5570 Fidei
3220 5512 3361 5582 Nic.)
