4046 6204
650 223 723 282 67
2112 210 2446 269 SOCRATIS

649 339 918 396 Caeterum
964 339 1158 386 cuncta
1200 327 1270 384 ad
1333 327 1646 382 institutum
1700 340 1864 382 suum
1908 339 2213 394 sensumqul

2298 341 2310 385 ι
2341 339 2441 385 τας
2470 322 2548 383 είς
2573 319 2822 390 ὁμόνοιαν
2851 319 3019 388 ἄγων,
3042 381 3048 396 ι
3071 319 3458 391 ὁμογνώμονας
3491 321 3604 376 καὶ
3655 323 3892 395 ὀμοδό

648 423 941 499 pertraxit.
967 422 1036 476 Et
1059 421 1358 476 Eusebium
1381 419 1604 488 quidem
1639 416 1934 487 Pamphili,
1965 423 2213 486 tanquam

2333 413 2683 482 κατέστησεν.
2733 411 2896 464 Ἀλλά
2931 410 3161 464 Σαϐίνου
3188 411 3310 480 μὲν,
3343 409 3400 464 εῐ
3427 429 3537 465 που
3573 416 3798 485 χρεία.
3838 435 3891 473 κ

648 525 848 573 testem
873 513 978 568 ﬁde
1000 511 1380 582 dignissimum
1406 509 1593 563 laudat
1619 527 1632 562 :
1660 508 2044 579 imperatorem
2084 521 2213 575 quo-

2333 522 2437 569 σοι,
2469 501 2806 576 ποιησόμεθα
2848 501 3088 573 μνήμην.
3129 502 3196 555 Ἥ
3223 502 3282 556 δὲ
3305 505 3365 556 ἐν
3396 503 3622 576 Νικαίᾳ
3671 510 3889 580 παρὰ

647 624 756 679 que
781 609 960 677 ipsum
998 602 1289 673 praeconiis
1333 601 1520 664 allicit,
1546 608 1739 670 utpote
1763 599 1858 668 qui
1900 597 2213 653 Christiana

2335 594 2577 666 μεγάλης
2617 593 2836 645 συνόδου
2861 591 3260 662 μεγαλοφώνως
3284 593 3652 667 ἐξενεχθεῖσα
3675 598 3835 670 {45)
3877 621 3892 654 <

650 698 776 753 ﬁdei
801 699 1053 767 dogmata
1083 693 1330 762 apprime
1353 693 1614 758 calleret;
1653 691 1817 745 ﬁdem
1858 704 1990 744 vero
2032 688 2213 743 Nicaea

2332 685 2506 756 φωνία
2523 686 2623 754 τῆς
2654 683 2888 746 πίστεως
2919 683 3065 737 ἔστιν
3089 685 3249 754 αὕτη·

645 793 950 858 expositam
1002 785 1379 855 reprehendit,
1425 792 1685 853 tanquam
1737 782 1807 836 ab
1853 780 2058 852 ignaris
2104 787 2162 834 et
2206 777 2484 850 imperitis
2525 775 2834 832 hominibus
2875 777 3364 848 conscriptam;et
3399 793 3576 848 quem
3628 783 3885 850 sapien

647 880 827 933 virum
847 893 911 932 ac
933 866 1410 932 veracem'testem
1436 875 1706 937 nominat,
1739 873 1860 942 ejus
1899 869 2068 926 verba
2091 869 2273 924 sciens
2317 883 2382 922 ac
2405 866 2655 938 prudens
2700 865 2937 936 deSpicit
2975 874 3033 922 et
3075 867 3404 925 contemnit.
3449 868 3786 927 Eusebius
3839 888 3892 927 e:

648 968 861 1032 scribit,
889 983 957 1022 ex
1006 964 1280 1020 ministris
1317 965 1416 1020 Dei
1462 964 1557 1034 qui
1601 963 1837 1018 Nicaeum
1885 960 2098 1033 synodo
2143 955 2541 1022 interfuerunt,
2586 955 2726 1011 alios
2771 971 3027 1012 sermone
3065 957 3371 1026 sapientiae,
3423 959 3574 1015 alios
3624 959 3794 1017 vita:
3853 978 3891 1017 c

649 1061 849 1117 stantia
885 1075 951 1115 ac
995 1059 1323 1114 fortitudine
1369 1057 1726 1121 excelluisse;
1775 1063 1833 1109 et
1857 1055 2248 1124 imperatorem
2288 1049 2466 1119 ipsum
2511 1047 2604 1117 qui
2645 1047 2856 1110 aderat,
2884 1047 2952 1101 ad
2977 1048 3326 1110 concordiam
3367 1056 3618 1104 cunctos
3668 1051 3890 1106 reduc

649 1160 778 1215 tem,
808 1151 1094 1206 unanimes
1120 1157 1179 1205 et
1212 1149 1631 1205 consentientes
1682 1146 2013 1201 reddidisse.
2064 1145 2273 1198 Verum
2311 1140 2380 1196 de
2422 1139 2626 1194 Sabino
2665 1138 2910 1208 quidem,
2937 1138 3114 1194 sicubi
3145 1140 3444 1195 necessitas
3465 1142 3787 1211 exegerit,
3823 1159 3888 1196 m

646 1241 848 1294 tionem
874 1241 1070 1294 facturi
1097 1256 1309 1295 sumus.
1346 1238 1497 1292 Fidei
1533 1252 1666 1292 vero
1704 1237 1994 1292 consensio
2035 1235 2230 1289 Nicaea:
2265 1247 2298 1287 a
2344 1245 2541 1300 magno
2577 1229 2813 1285 concilio
2857 1229 3144 1300 magniﬁce
3190 1230 3538 1301 promulgata
3570 1271 3588 1296 ,
3637 1231 3786 1287 haec
3842 1249 3892 1288 e:

712 1353 1000 1408 Credimus
1023 1354 1078 1407 in
1108 1369 1277 1408 unum
1303 1354 1497 1418 Deum,
1522 1353 1738 1406 Patrem
1764 1351 2213 1420 omnipotentem,

2398 1341 2734 1412 Πιστεύομεν
2772 1341 2853 1406 εἰς
2887 1339 2985 1394 ἕνα
3015 1340 3147 1394 Θεὸν
3171 1341 3316 1412 (ﬂ),
3353 1340 3584 1413 Πατέρα
3624 1360 3892 1415 παντοκ,

644 1443 892 1496 onmium
924 1443 1229 1497 visibilium
1278 1451 1334 1498 et
1380 1440 1742 1497 invisibilium
1783 1439 2139 1504 Creatorem;
2165 1446 2213 1492 et

2323 1453 2479 1508 τορα,
2514 1436 2732 1490 πάντων
2773 1433 2984 1506 ὁρατῶν
3012 1451 3072 1486 τε
3101 1432 3195 1486 καὶ
3227 1433 3474 1503 ἀοράτων
3520 1435 3831 1506 Ποιητήν·
3881 1457 3892 1491 :

647 1533 703 1586 in
729 1548 897 1586 unum
937 1534 1230 1588 Dominum
1271 1534 1457 1589 Iesum
1503 1531 1808 1596 Christum,
1857 1530 2213 1594 Filium,Dei,

2327 1529 2406 1591 είς
2436 1527 2534 1580 ἕνα
2568 1527 2768 1598 Κύριον
2815 1524 3021 1597 Ἰησοῦν
3052 1523 3284 1596 Χριστὸν
3319 1525 3408 1577 τὸν
3455 1524 3586 1578 Υἱὸν
3624 1527 3736 1579 τοῦ
3775 1528 3892 1581 Θεο

643 1621 888 1691 genitum
915 1637 982 1675 ex
1007 1623 1168 1676 Patre
1195 1620 1564 1690 unigenitum,
1591 1619 1698 1674 hoc
1719 1624 1825 1684 est,
1851 1632 1918 1671 ex
1955 1616 2215 1671 substan-

647 1712 720 1764 tia
745 1712 958 1766 Patris:
985 1713 1158 1766 Deum
1183 1712 1250 1766 de
1279 1713 1412 1776 Deo,
1445 1712 1631 1766 lumen
1676 1709 1743 1764 de
1789 1707 2018 1773 lumine,
2045 1707 2219 1761 Deum

643 1819 833 1857 verum
857 1803 924 1858 de
949 1805 1059 1858 Deo
1081 1819 1212 1858 vero
1235 1821 1248 1858 :
1275 1804 1545 1874 genitum,
1573 1817 1684 1856 non
1712 1801 1951 1866 factum;
1977 1799 2219 1854 consub-

642 1897 954 1951 stantialem
977 1897 1129 1951 Patri
1159 1915 1172 1950 :
1204 1913 1302 1966 per
1327 1912 1490 1966 quem
1518 1895 1702 1949 omnia
1727 1893 1868 1947 facta
1913 1898 2062 1956 sunt,
2099 1905 2221 1960 qua:

649 1989 704 2043 in
730 1990 872 2043 cmlo
896 1996 1025 2043 sunt
1048 1997 1105 2042 et
1147 1987 1202 2041 in
1234 1995 1400 2041 terra.
1426 1985 1528 2068 Qui
1554 1991 1778 2054 propter
1822 1997 1923 2036 nos
1969 1981 2221 2034 homines

643 2083 751 2150 22
790 2089 848 2135 et
889 2089 1114 2151 propter
1139 2082 1372 2135 salutem
1398 2087 1640 2134 nostram
1690 2075 1995 2139 descendit,
2041 2074 2220 2128 incar-

640 2178 911 2240 natusque
934 2179 990 2225 et
1016 2173 1180 2225 homo
1219 2171 1396 2224 factus
1434 2177 1540 2234 est,
1565 2176 1621 2223 et
1645 2183 1872 2238 passus;
1900 2165 1993 2234 qui
2034 2180 2219 2223 resur-

640 2264 784 2317 rexit
810 2264 971 2317 tertia
1011 2272 1134 2332 post
1162 2264 1290 2316 die:
1329 2261 1579 2317 ascendit
1622 2259 1689 2314 ad
1734 2259 1924 2323 caelos,
1949 2266 2220 2312 venturus

638 2360 809 2407 estut
847 2353 1002 2406 vivos
1041 2354 1252 2423 judieet
1296 2369 1359 2408 ac
1403 2359 1688 2406 mortuos:
1737 2350 2014 2406 credimus
2058 2357 2114 2404 et
2161 2349 2218 2403 in

639 2442 904 2512 Spiritum
936 2454 1206 2497 sanctum.
1234 2445 1341 2498 Eos
1365 2451 1548 2497 autem
1577 2442 1672 2512 qui
1699 2442 1928 2496 dicunt:
1961 2440 2084 2494 Fuit
2119 2439 2219 2494 ali-

639 2530 862 2600 quando
892 2538 1106 2600 tempus
1133 2548 1256 2585 cum
1308 2546 1419 2586 non
1465 2539 1637 2596 esset,
1683 2539 1740 2585 et
1782 2529 2088 2599 Antequam
2133 2528 2217 2597 gi-

636 2629 899 2692 gneretur
944 2639 1055 2676 non
1101 2631 1220 2677 erat
1249 2641 1262 2676 :
1290 2623 1376 2677 vel
1407 2623 1555 2693 quod
1601 2621 1670 2676 de
1722 2637 1832 2676 non
1871 2619 2219 2675 exstantibus

638 2713 817 2768 factus
840 2721 925 2768 est
950 2731 963 2766 :
993 2721 1087 2768 aut
1109 2715 1202 2783 qui
1227 2730 1292 2769 ex
1317 2715 1490 2768 altera
1515 2712 1821 2768 substantia
1863 2710 1950 2766 vel
1977 2709 2215 2766 essentia

636 2803 830 2859 dicunt
854 2819 975 2859 esse
1000 2803 1198 2858 Filium
1238 2806 1357 2869 Dei,
1384 2814 1478 2859 aut
1521 2813 1788 2868 creatum,
1837 2810 1933 2857 aut
1977 2817 2214 2857 conver-

636 2894 781 2949 sioni
862 2895 1267 2964 mutationique
1350 2894 1657 2949 obnoxium
1698 2934 1713 2959 ,

636 2975 827 3040 sancta
851 2983 1118 3038 catholica
1147 2992 1203 3037 et
1225 2984 1528 3054 apostolica
1553 2982 1818 3039 Ecclesia.

710 3072 866 3126 llanc
892 3072 1054 3128 ﬁdem
1082 3075 1314 3127 trecenti
1338 3073 1561 3142 quidem
1587 3082 1644 3128 et
1665 3073 1972 3129 octodecim
1998 3071 2218 3127 antisti-

638 3171 722 3219 tes
744 3164 1125 3234 probaverunt
1150 3173 1207 3220 et
1229 3165 1467 3235 amplexi
1509 3174 1637 3220 sunt
1665 3183 1678 3218 :
1728 3173 1914 3234 atque,
1942 3173 2005 3218 ut
2047 3165 2219 3219 Euse-

636 3253 764 3310 bius
786 3255 1004 3320 scribit,
1035 3273 1145 3310 uno
1169 3272 1363 3311 omnes
1388 3271 1484 3310 ore
1511 3265 1568 3311 et
1591 3257 1648 3310 in
1683 3271 1848 3310 unam
1887 3256 2214 3310 sententiam

635 3343 1024 3412 conspirantes
1059 3344 1526 3414 conscripserunt.
1565 3343 1819 3414 Quinque
1864 3351 2076 3398 tantum
2124 3361 2216 3399 rc-

638 3434 782 3504 perti
807 3441 956 3499 sunt,
982 3435 1077 3503 qui
1104 3435 1249 3488 illam
1292 3436 1547 3506 amplecti
1574 3437 1805 3502 nollent,
1853 3451 2041 3492 vocem
2086 3453 2215 3491 con-

635 3524 998 3580 substantialis
1022 3526 1530 3596 reprehendentes:
1569 3527 1843 3582 Eusebius
1879 3528 2088 3583 scilicet
2109 3528 2209 3582 Ni-

637 3617 1008 3673 comediensis
1052 3619 1364 3688 episcopus,
1434 3618 1711 3688 Theognis
1766 3619 1980 3683 Nicaeae,
2055 3620 2219 3675 Maris

635 3707 1023 3773 Chalcedonis,
1085 3709 1341 3764 Theonas
1399 3708 1768 3773 Marmaricae,
1815 3717 1873 3763 et
1930 3710 2217 3766 Secundus

637 3795 1014 3853 Ptolema‘idis.
1053 3796 1187 3850 Nam
1232 3795 1494 3865 quoniam
1540 3796 2030 3862 consubstantiale,
2081 3798 2214 3853 illud

634 3903 758 3941 esse
783 3886 1006 3942 aiebant
1046 3888 1190 3957 quod
1213 3904 1281 3943 ex
1325 3888 1433 3942 alio
1481 3895 1586 3952 est,
1633 3888 1717 3942 vel
1763 3889 2078 3958 partitione,
2126 3890 2212 3946 vel

635 3977 806 4043 ﬂuxu,
831 3979 916 4034 vel
941 3979 1232 4048 eruptione
1263 3997 1275 4032 :
1313 3979 1604 4049 eruptione
1632 3979 1880 4049 quidem,
1909 3987 1970 4034 ut
2006 3996 2074 4035 ex
2121 3996 2211 4036 ra-

2321 1618 2652 1689 γεννηθέντα
2704 1619 2768 1672 ὲκ
2800 1617 2895 1670 τοῦ
2929 1617 3142 1688 Πατρὸς
3189 1617 3484 1687 μονογενῆ,
3521 1619 3849 1672 τουτέστιν

2321 1713 2420 1780 τῆς
2467 1709 2654 1773 οὐσίας
2707 1707 2802 1763 τοῦ
2852 1707 3102 1780 Πατρὺς,
3146 1709 3279 1761 Θεὸν
3313 1710 3378 1762 ὲκ
3411 1709 3552 1762 Θεοῦ
3584 1711 3694 1764 καὶ
3731 1711 3865 1780 φῶς

2323 1799 2519 1869 φωτὸς,
2537 1797 2669 1850 Θεὸν
2697 1796 2949 1867 ἀληθινὸν
2976 1798 3040 1848 ὲκ
3068 1794 3202 1848 Θεοῦ
3233 1794 3522 1865 ἀληθινοῦ·
3556 1797 3892 1866 γεννηθέν-τ

2321 1891 2382 1943 οὐ
2409 1888 2701 1959 ποιηθέντα
2721 1929 2736 1953 ,
2773 1885 3055 1958 ὁμοούσιον
3081 1885 3160 1956 τῷ
3187 1885 3383 1956 Πατρίο
3415 1885 3483 1939 δι’
3519 1880 3585 1954 οὗ
3633 1885 3712 1939 τὰ
3757 1889 3892 1939 πάνα

2322 1981 2556 2050 ἐγένετο,
2585 1980 2652 2033 τά
2675 1997 2732 2031 τε
2757 1979 2813 2031 ὲν
2837 1976 2916 2048 τῷ
2941 1977 3155 2048 οὐρανῷ
3176 1977 3268 2029 καὶ
3290 1976 3360 2028 τὰ
3383 1977 3440 2028 ὲν
3458 1979 3528 2046 τῇ
3556 1979 3660 2047 γῇ·
3690 1977 3764 2030 δι’
3789 1980 3892 2047 ἠμί

2320 2072 2446 2134 τοὺς
2472 2069 2791 2141 ἀνθρώπους
2819 2070 2911 2122 καὶ
2940 2069 3028 2122 διὰ
3054 2069 3153 2140 τὴν
3175 2067 3450 2139 ἡμετέραν
3477 2067 3777 2138 σωτηρίαν
3804 2086 3891 2122 καλ

2321 2163 2542 2215 ελθόντα
2568 2161 2660 2215 καὶ
2695 2159 3050 2230 σαρκωθέντα
3084 2161 3178 2212 καὶ
3214 2159 3734 2230 ὲνανθρωπήσαντα
3763 2176 3778 2190 ⁸
3821 2178 3892 2213 πο

2322 2251 2482 2306 θόντα
2508 2253 2601 2305 καὶ
2629 2251 2933 2305 ἀναστάντα
2963 2253 3032 2320 τῇ
3073 2251 3230 2322 τρίτῃ
3255 2250 3457 2321 ἡμέρᾳ,
3494 2248 3812 2303 ἀνελθόντα
3850 2253 3892 2301 εὶ

2320 2337 2444 2399 τοὺς
2470 2335 2750 2406 οὐρανοὺς,
2775 2334 3066 2405 ἐρχόμενον
3091 2333 3272 2404 κρῖναι
3295 2334 3507 2399 ζῶντας
3528 2334 3628 2387 καὶ
3662 2334 3892 2405 νεκρούς

2320 2425 2412 2478 καὶ
2443 2426 2522 2488 είς
2549 2425 2609 2478 τὸ
2636 2424 2788 2493 ἅγιον
2815 2424 3041 2495 Πνεῦμα
3055 2433 3106 2479 τι.
3139 2425 3276 2487 Τοὺς
3295 2424 3350 2478 δὲ
3378 2423 3669 2493 λέγοντας,
3695 2426 3781 2479 ὅτι
3808 2422 3886 2478 Ἦ

2321 2533 2450 2570 ποτε
2492 2517 2580 2569 ὅτε
2619 2516 2717 2570 οὐκ
2747 2512 2834 2587 ἦν,
2868 2515 2965 2569 καὶ
2997 2516 3130 2588 Πρὶν
3162 2515 3490 2587 γεννηθῆναι
3538 2516 3643 2570 οὐκ
3682 2513 3775 2586 ἦν,
3820 2535 3891 2570 κα

2319 2607 2401 2660 ὅτι
2441 2605 2532 2671 Ἐξ
2559 2607 2660 2660 οὐκ
2682 2606 2848 2660 ὄντων
2871 2606 3156 2676 ὲγένετο,ἢ
3186 2606 3245 2671 ὲξ
3274 2607 3466 2678 ἑτέρας
3481 2608 3844 2670 ὑποστάσεως
3876 2610 3892 2661 i

2318 2699 2506 2763 οὐσίας
2533 2700 2838 2770 φάσκοντας
2864 2695 3022 2765 εἶναι,
3055 2699 3088 2770 ἢ
3129 2699 3363 2760 κτιστδν,
3397 2700 3431 2771 ἢ
3469 2701 3730 2772 τρεπτὸν,
3759 2701 3791 2771 ἤ
3821 2701 3888 2754 ἀλ

2317 2793 2539 2847 λοιωτδν
2558 2792 2650 2847 τὸν
2677 2793 2806 2846 Υίδν
2838 2793 2932 2846 τοῦ
2963 2792 3119 2858 Θεοῦ,
3149 2793 3535 2863 ἀναθεματίξει
3561 2795 3596 2864 ἠ
3627 2793 3761 2862 ἁγία
3800 2811 3892 2846 κα-

1789 2892 2218 2948 anathematizat
2243 2903 2287 2962 ο
2322 2882 2508 2956 θολικὴ
2547 2883 2642 2938 καὶ
2667 2882 2998 2955 ἀποστολικὴ
3034 2883 3351 2955 Ἐκκλησία.

2395 3065 2612 3136 Ταύτην
2639 3065 2738 3137 τὴν
2787 3063 2964 3119 πίστιν
2994 3065 3297 3136 τριακόσιοι
3345 3066 3443 3137 μὲν
3489 3066 3622 3138 πρὸς
3658 3068 3768 3130 τοῖς
3803 3067 3888 3120 δε-

2317 3157 2532 3214 καοκτὼ
2561 3158 2804 3226 ἑγνωσάν
2848 3175 2907 3211 τε
2945 3158 3035 3212 καὶ
3075 3157 3356 3228 ἔστερξαν,
3393 3160 3506 3222 καὶ,
3539 3158 3613 3222 ὥς
3654 3175 3814 3230 φησιν
3856 3162 3888 3213 ὁ

2319 3251 2580 3314 Εὐσέϐιος
2599 3291 2614 3314 ,
2642 3251 3097 3321 ὁμοφωνήσαντες
3127 3249 3221 3303 καὶ
3266 3251 3683 3321 ὁμοδοξήσαντες
3717 3250 3885 3320 ἔγρα-

2312 3360 2435 3413 φον.
2458 3342 2624 3395 Πέντε
2655 3342 2712 3395 δὲ
2741 3342 2892 3412 μόνοι
2918 3341 3028 3411 (45)
3050 3343 3110 3396 οὐ
3142 3340 3546 3413 προσεδέξαντο,
3564 3343 3658 3413 τῆς
3689 3341 3882 3405 λέξεως

2314 3435 2422 3490 τοῦ
2465 3435 2792 3507 όμοουσίου
2825 3435 3204 3504 ἐπιλαϐόμενοι
3225 3451 3238 3465 ·
3271 3435 3524 3498 Εὐσέἦιός
3554 3452 3608 3487 τε
3646 3436 3672 3488 ό
3719 3433 3878 3486 Νικο-

2320 3527 2546 3600 μηδείας
2566 3527 2885 3591 ἐπίσκοπος,
2913 3529 3005 3582 καὶ
3025 3529 3244 3598 Θέογνις
3266 3529 3514 3593 Νικαίας,
3540 3527 3710 3597 Μάρις
3733 3526 3874 3579 Χαλ.

2317 3617 2559 3689 κηδόνος,
2598 3617 2815 3681 Θεωνᾶς
2845 3619 3220 3690 Μαρμαρικῆς
3239 3660 3252 3680 ,
3287 3617 3569 3680 Σεκοῦνδος
3591 3615 3874 3686 Πτολεμαΐ-

2314 3707 2422 3772 δος.
2476 3709 2628 3761 Ἐπεὶ⁵
2657 3709 2765 3780 γὰρ
2800 3708 3008 3778 ἔφασαν
3051 3711 3337 3780 όμοούσιον
3375 3704 3511 3762 εἶναι
3532 3747 3547 3772 ,
3579 3708 3604 3761 ὃ
3639 3707 3696 3761 ἔκ
3726 3707 3868 3772 τινός

2313 3801 2478 3866 ἐστιν,
2512 3801 2545 3871 ἢ
2582 3800 2723 3853 κατά
2751 3802 3040 3872 μερισμὸν,
3073 3802 3106 3872 ἢ
3133 3801 3272 3856 κατὰ
3301 3801 3504 3874 ρεῦσιν,
3527 3801 3556 3872 ἢ
3580 3799 3707 3852 κατά
3738 3815 3867 3869 προ-

2317 3891 2498 3963 ϐολήνο
2533 3891 2675 3945 κατά
2705 3892 2973 3962 προόολὴν
3015 3893 3133 3964 μὲν,
3169 3894 3245 3957 ὡς
3276 3893 3341 3946 ὲκ
3375 3892 3530 3962 ῥιζῶν
3567 3891 3822 3963 βλάστημα
3843 3909 3867 3923 ν

2318 3981 2460 4035 κατά
2497 3981 2554 4034 δὲ
2583 3981 2796 4052 ρεῦσιν,
2833 3982 2906 4046 ὡς
2933 3985 2981 4037 οἱ
3019 3985 3275 4055 πατρικοὶ
3310 3985 3509 4051 παῖδες·
3545 3984 3671 4040 κατὰ
3710 3999 3858 4054 μερι-

1857 4155 2123 4212 VALESII
2158 4154 2706 4216 ANNOTATIONES.

707 4318 819 4388 (45)
843 4316 1311 4388 Μεγαλοφρόνως
1333 4313 1740 4388 ἐξενεχθεῖσα,
1765 4315 1825 4370 In
1847 4313 2037 4388 codice
2067 4314 2208 4368 Leo-

2312 4311 2761 4388 positum__fui_sse
2783 4329 2813 4368 a
2840 4314 3088 4381 Socrate,
3119 4324 3233 4372 tum
3269 4332 3334 4372 ex
3378 4318 3654 4388 Epiphanio
3681 4319 3840 4374 Scho-

630 4385 919 4443 nis'Allatii
939 4385 1038 4457 hic,
1071 4387 1226 4442 locus
1250 4387 1323 4440 ita
1347 4386 1550 4456 legitur
1583 4387 1654 4457 :61}
1675 4387 1741 4457 δὲ
1776 4387 1841 4457 ὲν
1861 4385 2070 4457 Num.qu
2102 4403 2208 4457 πα-

642 4457 708 4524 ρὰ
752 4457 849 4525 τῆς
891 4455 1130 4525 μεγάλης
1160 4458 1377 4508 συνόδου
1404 4454 1497 4509 καὶ
1532 4454 1929 4508 ὑπδίείὐσεϐίου
1972 4454 2204 4524 μεγαλο-

631 4525 824 4592 φώνως
867 4525 1209 4576 ἐπαινεθεῖσα
1239 4526 1544 4592 συμφωνία,
1584 4533 1689 4578 etc.
1722 4525 1982 4579 Eamde
2010 4525 2204 4580 lectio-

634 4591 756 4648 nem
786 4601 1007 4661 secutus
1027 4600 1110 4645 est
1135 4591 1477 4661 Epiphanius
1511 4593 1902 4648 Scholasticus.
1936 4593 2027 4648 Sic
2057 4595 2206 4651 enim

631 4663 802 4734 vertit
839 4679 850 4714 :
878 4660 1197 4734 Concordi!
1220 4679 1343 4732 ergo
1364 4661 1487 4734 ﬁdei
1513 4680 1546 4716 α
1575 4679 1767 4734 magno
1793 4663 1846 4734 in
1872 4662 2052 4716 Nica’a
2079 4682 2205 4734 pro-

630 4732 754 4785 lata:
776 4731 1014 4795 concilio,
1045 4731 1107 4784 ab
1137 4731 1358 4786 Eusebio
1382 4731 1532 4786 clara
1558 4731 1679 4786 voce
1701 4732 1942 4794 laudata,
1973 4731 2088 4787 haec
2107 4743 2203 4788 est.

630 4801 859 4874 Videtur
881 4801 1107 4874 omnino
1141 4802 1339 4874 legisse
1379 4802 1723 4872 Epiphanius
1753 4801 1901 4872 παρὰ
1937 4803 2038 4872 τῆς
2080 4821 2208 4874 μεγ.

631 4871 846 4943 συνόδου
877 4871 1215 4943 ἐξενεχθεῖσα
1241 4872 1353 4936 καί,
1374 4881 1438 4943 et
1477 4871 1695 4937 Caetera,
1721 4881 1783 4926 ut
1805 4871 1991 4942 supra.

705 4940 815 5013 (44)
848 4940 1214 5014 Πιστεύρμεν
1241 4945 1324 5014 εις
1362 4941 1666 5014 ἕναᾼθεόν.
1712 4940 2030 5014 Symbolum
2065 4945 2212 5012 quod

629 5009 723 5083 hic
762 5012 1030 5083 sequitur,
1059 5009 1212 5083 deest
1260 5012 1315 5083 in
1349 5012 1606 5067 omnibus
1650 5009 1856 5068 nostris
1885 5009 2212 5083 exemplari-

629 5081 802 5152 ribus.
829 5081 1016 5152 Regio,
1058 5081 1374 5152 Florentino
1402 5089 1459 5137 et
1485 5083 1780 5138 Sl'ortiano.
1817 5083 1985 5138 Recte
2031 5081 2212 5139 tamen

626 5151 1160 5222 Christoph'orsonus
1200 5151 1256 5207 id
1298 5153 1549 5224 reposuit
1588 5153 1698 5211 hoc
1726 5155 1867 5210 loco.
1919 5153 2020 5210 Hic
2065 5155 2214 5210 enim

2312 4383 2503 4436 lastico
2533 4383 2819 4456 discimus,
2868 4395 2980 4440 tum
3030 4403 3096 4441 ex
3144 4388 3330 4442 verbis
3359 4383 3492 4456 qui—ai
3512 4388 3721 4456 proxime
3750 4406 3837 4443 se-

2309 4463 2577 4526 quuntur,
2605 4455 2648 4505 Τ
2651 4455 2820 4524 αὐτην
2854 4457 2953 4526 τὴν
2999 4457 3180 4508 πίστιν
3204 4455 3626 4526 τριακόσιοιίθῐο.
3658 4457 3834 4512 Manu-

2308 4523 2500 4592 sCripti
2541 4533 2722 4578 autem
2767 4523 2986 4580 Codices
3029 4523 3333 4594 symbolum
3377 4525 3508 4579 istud
3547 4527 3624 4580 hic
3647 4530 3830 4582 omise-

2309 4602 2470 4668 runt,
2489 4609 2585 4668 eo_
2601 4594 2746 4668 quod
2769 4663 2779 4668 Α
2789 4595 2956 4668 paulo
2991 4604 3114 4664 post
3159 4603 3494 4665 repeteretur
3532 4595 3580 4650 in
3618 4599 3824 4668 epistola

2307 4662 2530 4717 Eusebii
2555 4662 2844 4732 Pamphili.

2383 4734 2492 4803 (45)
2514 4733 2703 4806 Πέντε
2746 4732 2815 4806 ge
2852 4734 3045 4801 μόνοι.
3088 4734 3209 4806 imo
3245 4734 3355 4806 duo
3377 4741 3563 4790 tantum
3591 4736 3818 4806 episcopi,

2313 4801 2600 4858 ScCundus
2646 4818 2710 4856 ac
2750 4802 3024 4867 Theonas,
3076 4804 3200 4859 ﬁdei
3254 4805 3476 4860 Nicena:
3520 4801 3818 4863 subscribere

2313 4881 2656 4945 recusarunt,
2677 4883 2736 4927 ut
2759 4882 2905 4945 recte
2927 4875 3122 4945 scribit
3145 4875 3498 4930 Thcodoritus
3518 4877 3561 4930 in
3581 4877 3696 4930 libro
3714 4878 3816 4945 pri-

2313 4944 2670 5016 mnillistoriae
2691 4944 3094 5016 ecclesiasticaz,
3119 4953 3175 4999 et
3197 4954 3325 4999 ante
3351 4945 3491 4999 illum
3508 4944 3811 5016 Hieronymus

2315 5012 2367 5098 in
2394 5014 2906 5098 Dialoﬁoadversus
2938 5013 3508 5098 Luciferianoosnzjd‘que
3527 5012 3807 5098 aperte'con-

2313 5083 2496 5155 ﬁrmat
2542 5084 2782 5155 Epistola
2834 5079 3095 5155 synodica
3141 5085 3357 5140 concilii
3405 5079 3708 5155 Nicani,qua:
3729 5085 3805 5139 hic

2313 5154 2550 5208 refertur
2571 5170 2600 5208 a
2630 5153 2872 5210 Socrate.

2062 5313 2442 5372 VARIORUM.

703 5455 746 5522 (ι⁸
774 5447 882 5502 Kal
923 5449 1010 5512 εις
1035 5447 1226 5522 Δἅγιον
1249 5450 1518 5522 Πνεῦμα.
1570 5450 1886 5522 Symbolum
1941 5450 2210 5522 originem

631 5518 776 5587 cepit
809 5534 882 5591 ex
922 5518 1200 5591 agnitiOne
1237 5519 1363 5574 ﬁdei
1391 5518 1427 5575 a
1448 5518 1792 5591 baptiiandis
1815 5519 1978 5591 facta,
2005 5518 2066 5572 ut
2093 5519 2212 5573 fuse

633 5589 870 5643 ostendit
905 5588 1130 5645 doctiss:
1157 5591 1468 5650 Pearsonus
1501 5588 1557 5647 in
1592 5598 1689 5647 s‘ua
1714 5590 1958 5662 Symboli
1993 5598 2212 5659 aposto-

2319 5447 2408 5502 lici
2430 5447 2787 5517 expositione,
2815 5462 2870 5517 p.
2896 5446 2997 5518 5},
3013 5445 3102 5511 35,
3126 5445 3360 5518 ideoque
3382 5448 3490 5502 olim
3512 5446 3623 5504 haud
3641 5445 3791 5518 plures

2322 5515 2515 5571 habuit
2557 5515 2845 5588 articulos.
2877 5515 3022 5588 (Yid.
3057 5515 3311 5588 eumdem
3329 5535 3441 5588 pag.
3461 5519 3556 5582 551,
3577 5526 3618 5572 et
3637 5515 3786 5570 Socra-

2321 5597 2430 5641 tem
2453 5597 2702 5643 nostrum
2728 5585 2895 5659 paulo
2919 5585 3062 5640 infra
3087 5586 3144 5643 in
3171 5588 3277 5644 hoc
3302 5585 3497 5658 capite.)
3551 5647 3554 5651 ,
3788 5594 3791 5597 ’
