4046 6204
288 253 347 308 69
1241 256 1570 316 HISTORIA
1605 261 2162 320 ECCLESIASTICA.
2204 297 2270 306 —
2310 266 2438 321 LIB.
2481 268 2522 322 1.
3442 279 3510 335 70

287 368 403 438 σμδν
428 367 502 432 δὲ,
624 365 793 435 βώλου
815 368 1067 438 χρυσίδες
1091 370 1182 424 δύο
1210 371 1243 443 ἢ
1265 375 1436 445 τρεῖς·
1453 375 1574 429 κατ’
1601 376 1752 432 οὐδὲν
1775 377 1823 431 δὲ

1935 378 2152 435 dieibus
2191 380 2469 449 germina;
2517 379 2692 446 ﬂuxu,
2731 389 2794 436 ut
2833 397 2902 438 ex
2946 385 3271 454 parentibus
3312 387 3507 458 liberi;

282 459 462 512 τούτων
497 457 639 511 ἐστὶν
665 459 694 509 ὁ
723 459 870 523 Υἱόςο
912 459 1002 513 διὰ
1033 460 1190 515 τοῦτο
1231 464 1292 516 οὑ
1342 466 1832 534 συγκατατίθεσθαι

281 553 335 622 τῇ
359 550 525 602 πίστει
557 549 761 619 ἔλεγον.
791 551 972 605 Πολλὰ
995 545 1087 606 οῦν
1114 555 1214 624 τὴν
1240 555 1384 622 λέξιν
1419 557 1514 611 τοῦ
1541 558 1829 629 ὁμοουσίου

283 641 600 709 σταῖψαντες,
640 644 707 712 τῇ
750 645 1065 717 καθαιρέσει
1121 649 1331 720 Ἀρείου
1375 651 1689 723 ὑπογράψαι
1731 654 1831 708 οὐκ

285 731 649 801 ἠϐουλήθησαν.
675 734 878 807 Διόπερ
907 739 940 807 ἡ
965 736 1180 803 σύνοδος
1209 741 1424 810 Ἀρειον
1457 742 1555 812 μὲν
1587 743 1678 796 καὶ
1704 744 1827 808 τοὺς

283 821 534 891 ὁμοδόξους
563 823 730 875 αὑτοῦ
768 825 1158 896 ἁνεθεμάτισεν
1196 830 1461 897 ἅπαντας,
1503 832 1830 904 προσθέντες

279 915 398 982 μήτε
425 911 721 966 ἐπιϐαίνειν
745 917 846 985 τῆς
893 915 1300 990 Ἀλεξανδρείας
1336 922 1520 975 αὐτόν·
1567 922 1829 993 βασιλέως

277 1004 324 1055 δὲ
352 1004 665 1074 πρόσταγμα
699 1006 794 1058 καὶ
831 1008 994 1062 αὐτόν
1021 1009 1114 1064 καὶ
1145 1013 1269 1074 τοὺς
1300 1013 1427 1084 περὶ⁹
1456 1014 1712 1068 ΕὑσέΕιον
1732 1015 1828 1069 καὶ

275 1094 492 1162 Θέογνιν,
541 1097 625 1158 είς
666 1096 885 1168 ὲξορίαν
922 1099 1263 1159 ἀπέστειλεν.
1299 1104 1555 1170 Εὐσέϐιος
1596 1107 1695 1178 μὲν
1733 1103 1827 1162 οῦν

275 1187 355 1239 καὶ
382 1186 597 1256 Θέογνις
626 1189 820 1261 μικρὸν
844 1190 1070 1263 ὕστερον
1090 1194 1227 1263 μετὰ
1253 1195 1352 1266 τὴν
1377 1197 1590 1269 ὲξορίαν
1623 1199 1826 1270 βιϐλίον

277 1279 536 1348 μετανοίας
568 1281 878 1346 ἐπιδόντες,
913 1286 978 1354 τῇ
1031 1285 1209 1339 πίστει
1235 1287 1328 1340 τοῦ
1372 1290 1654 1358 ὁμοουσίου
1704 1309 1828 1345 συν-

274 1369 453 1435 έθεντο,
475 1370 550 1433 ὡς
581 1372 866 1442 προϊόντες
901 1373 1230 1446 δηλώσομεν.
1265 1378 1398 1448 Τότε
1425 1379 1480 1432 δὲ
1518 1382 1576 1434 ὲν
1607 1383 1673 1452 τῇ
1701 1399 1825 1436 συν-

270 1463 363 1532 όδῳ
389 1457 656 1527 Εὐσέϐιος,
697 1466 726 1518 ό
767 1465 867 1535 τὴν
903 1467 1188 1537 Παμφίλου
1233 1471 1618 1541 προσωνυμίαν
1663 1473 1822 1544 ἔχων,

273 1555 470 1624 καὶτῆς
517 1556 578 1608 ὲν
614 1555 952 1629 Παλαιστίνῃ
997 1559 1335 1631 Καισαρείας
1381 1561 1480 1625 τὴν
1519 1565 1824 1636 ἐπισκοπὴν

1932 471 2232 540 partitione
2255 486 2414 537 vero,
2440 480 2503 526 ut
2525 486 2590 526 ex
2617 473 2738 527 auri
2764 489 2942 530 massa
2965 476 3088 532 dua:
3108 479 3195 533 vel
3224 486 3337 536 tres
3358 483 3514 551 phia-

1929 563 1997 618 la:
2026 581 2038 616 :
2064 564 2218 626 nullo
2241 579 2410 633 porro
2432 579 2501 618 ex
2529 564 2617 619 his
2641 565 2809 620 modo
2833 582 2955 622 esse
3002 569 3198 624 Filium
3243 572 3375 627 Dei:
3424 573 3509 628 id-

1930 655 2080 710 circo
2104 655 2160 709 in
2183 670 2304 710 eam
2329 655 2492 710 ﬁdem
2523 669 2581 711 se
2606 658 2919 712 consentire
2945 673 3053 712 non
3081 674 3241 730 posse
3289 678 3511 718 asseve-

1929 744 2144 798 rabant.
2212 745 2414 800 Vocem
2481 745 2650 816 igitur
2715 747 3197 804 consubstantialis
3261 752 3513 820 plurimis

1929 835 2140 890 cavillis
2164 851 2230 891 ac
2265 837 2516 892 dicteriis
2538 837 2817 903 insectati,
2845 838 2961 892 Arii
3002 839 3336 910 depositioni
3377 845 3510 899 sub-

1929 926 2173 981 scribere
2196 927 2516 983 noluerunt.
2546 927 2717 994 Quam
2745 929 2816 984 ob
2841 944 3060 984 causam
3099 932 3344 1002 synodus
3386 935 3510 1004 qui-

1928 1017 2054 1074 dem
2077 1020 2270 1074 Arium
2307 1029 2364 1075 et
2389 1035 2580 1076 omnes
2606 1021 2701 1090 qui
2736 1036 2860 1076 cum
2905 1036 2973 1076 eo
2995 1024 3327 1090 sentiebant,
3374 1042 3506 1080 ana-

1927 1111 2170 1167 themate
2193 1113 2469 1181 percussit
2494 1152 2507 1177 ,
2537 1113 2754 1184 adjecto
2776 1113 3003 1185 insuper
3027 1131 3096 1170 ne
3119 1115 3508 1182 Alexandriam

1928 1201 2139 1272 ingredi
2162 1203 2213 1256 ei
2238 1203 2448 1258 liceret.
2473 1203 2777 1273 Imperator
2799 1221 2931 1260 vero
2952 1213 3064 1260 tum
3091 1207 3282 1262 Arium
3306 1209 3507 1279 ipsum,

1929 1302 2042 1348 tum
2079 1291 2378 1346 Eusebium
2423 1307 2488 1347 ac
2530 1293 2814 1363 Theognin
2838 1296 3033 1350 exsilio
3077 1298 3387 1353 mulctavit.
3441 1301 3510 1356 Et

1924 1384 2198 1440 Eusebius
2223 1384 2444 1454 quidem
2470 1399 2534 1438 ac
2560 1385 2856 1455 Theognis,
2885 1389 3049 1456 paulo
3076 1397 3202 1458 post
3245 1406 3411 1458 quam
3452 1392 3507 1445 in

1923 1475 2187 1530 exsilium
2221 1475 2376 1528 missi
2401 1484 2608 1538 essent,
2633 1475 2817 1529 oblato
2842 1477 3180 1544 poenitentia:
3217 1479 3425 1545 libello,
3452 1480 3508 1536 in

1926 1565 2088 1620 ﬁdem
2112 1564 2600 1620 consubstantialis
2625 1580 2976 1630 consensere,
3003 1567 3146 1623 sicut
3170 1569 3224 1623 in
3250 1585 3506 1640 progres-

270 1650 682 1720 κεκληρωμένος,
713 1653 910 1723 μικρὸν
937 1653 1258 1724 ἐπιστήσας,
1281 1655 1375 1708 καὶ
1392 1655 1823 1728 διασκεψάμενος

1924 1671 1986 1709 su
2013 1655 2282 1710 orationis
2305 1657 2583 1710 ostensuri
2611 1671 2823 1710 sumus.
2852 1657 3008 1712 Tunc
3032 1673 3166 1713 vero
3211 1660 3505 1726 Eusebius,

270 1743 313 1792 εἰ
337 1741 407 1793 δεῖ
430 1739 825 1810 προσδέξασθαι
850 1744 942 1797 τὸν
963 1744 1085 1816 ὅρον
1115 1746 1211 1815 τῆς
1238 1745 1494 1812 πίστεως,
1517 1726 1687 1811 οὕτως
1711 1746 1823 1817 ἅμα

1928 1749 1976 1803 is
1998 1748 2089 1817 qui
2114 1757 2538 1818 cognomentum
2564 1749 2835 1818 Pamphili
2863 1749 3096 1804 sortitus
3117 1757 3222 1814 est,
3247 1750 3509 1806 Czesareae

267 1835 366 1896 τοῖς
391 1833 600 1897 πολλοῖς
641 1835 778 1887 πᾶσι
826 1835 1112 1906 συνῄνεσέν
1157 1853 1217 1888 τε
1258 1837 1353 1890 καὶ
1387 1838 1822 1909 συνυπέγραψεν·

269 1927 350 1978 καὶ
363 1925 434 1996 τῷ
462 1926 551 1980 ὑπ’
575 1925 740 1980 αὐτὸν
761 1926 877 1996 λαῷ
903 1927 1175 1996 ἔγγραφον
1203 1927 1294 1980 τὸν
1319 1927 1444 1999 ὅρον
1470 1929 1568 1999 τῆς
1595 1930 1826 1992 πίστεως

259 2019 592 2088 διεπέμψατο,
625 2019 723 2090 τὴν
749 2019 844 2072 τοῦ
866 2021 1150 2090 όμοουσίου
1175 2020 1323 2088 λέξιν
1349 2019 1713 2092 ἑρμηνεύσας.
1739 2019 1824 2074 ἵνα

267 2112 385 2180 μηδὲ
406 2112 536 2174 ὅλως
566 2128 654 2174 τις
688 2111 946 2164 ὑπόνοιαν
968 2110 1085 2164 ἀνθ’
1114 2103 1189 2164 ὧν
1221 2110 1525 2181 ἐπέστησεν
1554 2110 1651 2181 ἔχῃ
1695 2108 1825 2180 περὶ

263 2200 428 2256 αὑτοῦ.
461 2203 622 2257 Ἐστι
651 2201 710 2254 δὲ
739 2200 906 2255 αὐτοῦ
939 2202 1006 2254 τὰ
1033 2201 1315 2272 γραφέντα
1351 2201 1462 2274 (46)
1518 2200 1656 2255 κατά
1680 2201 1824 2267 λέξιν

261 2293 391 2347 τάδε·
420 2293 497 2348 Τὰ
529 2294 663 2363 περὶ
689 2293 788 2363 τῆς
811 2293 1270 2364 έκκλησιαστικῆς
1300 2293 1535 2358 πίστεως
1561 2309 1822 2362 πραγμα-

260 2386 498 2440 τευθέντα
528 2387 673 2439 κατὰ
717 2385 816 2456 τὴν
867 2385 1108 2456 μεγάλην
1141 2385 1358 2439 σύνοδον
1382 2385 1482 2455 τὴν
1519 2386 1577 2438 ὲν
1617 2383 1824 2456 Νικαία

264 2478 728 2548 συγκροτηθεῖσαν,
754 2477 900 2540 εἰκὸς
933 2477 1033 2546 μὲν
1081 2477 1175 2530 καὶ
1201 2477 1368 2546 ὑμᾶς,
1401 2475 1698 2547 ἀγαπητοὶ,
1733 2494 1822 2546 με·

263 2569 574 2639 μαθηκέναι,
605 2571 703 2641 τῆς
737 2571 925 2640 φήμης
949 2569 1272 2642 προτρέχειν
1297 2568 1554 2632 είωθυίας
1578 2569 1668 2622 τὸν
1695 2569 1823 2640 περὶ

259 2659 367 2712 τῶν
387 2660 759 2730 πραττομένων
779 2658 981 2732 ἀκριϐῆ
1001 2659 1178 2728 λόγον.
1207 2659 1344 2712 Ἀλλ’
1361 2659 1448 2713 ἵνα
1475 2660 1550 2730 μὴ
1569 2660 1632 2712 ὲκ
1655 2659 1821 2729 μόνης

259 2749 506 2819 τοιαύτης
562 2749 726 2818 ἀκοῆς
773 2751 840 2804 τὰ
906 2751 1006 2820 τῆς
1065 2751 1328 2821 ἀληθείας
1387 2749 1640 2818 ὲτεροίως
1693 2751 1821 2821 ὑμῖν

251 2840 670 2910 ἀπαγγέλληται,
688 2841 1000 2910 ἀναγκαίως
1019 2841 1168 2894 διεπε
1177 2841 1439 2912 μψόιμεθα
1460 2843 1589 2912 ὑμῖν
1608 2842 1822 2912 πρῶτον

251 2929 346 3000 μὲν
381 2930 476 3000 τὴν
522 2931 616 3000 ὑφ’
653 2930 810 3001 ἡμῶν
856 2930 1210 3002 προτεθεῖσαν
1261 2931 1390 3002 περ)⁸
1440 2931 1540 3000 τῆς
1583 2931 1820 2995 πίστεως

249 3023 472 3093 γραφὴν,
513 3022 712 3078 ἔπειτα
756 3022 856 3093 τὴν
911 3022 1200 3095 δευτέραν,
1249 3023 1314 3094 ἦν
1363 3026 1483 3088 ταῖς
1523 3023 1820 3096 ἡμετέραις
1847 3077 1888 3134 c

249 3122 438 3184 φωναῖς
475 3119 800 3192 πφσθήκας
839 3117 1189 3183 ἐπιϐαλόντες
1221 3118 1570 3174 ὲκδεδὼκασι.
1611 3120 1684 3172 Τὸ
1717 3120 1816 3190 μὲν

244 3205 326 3262 οὖν
352 3211 480 3281 παρ’
513 3213 546 3280 ἡ
558 3209 680 3278 μῶν
712 3209 966 3280 γράμμα,
1001 3209 1095 3261 ἐπὶ
1129 3209 1403 3280 παρουσίᾳ
1433 3200 1538 3262 τοῦ
1567 3201 1816 3278 θεοφιλε-

246 3301 422 3353 στάτου
452 3301 621 3372 ἡμῶν
649 3301 912 3372 βασιλέως
953 3301 1331 3370 ἀναγνωσθὲν,
1361 3295 1421 3354 εὖ
1449 3317 1509 3354 τε
1541 3300 1684 3371 ἔχειν
1723 3300 1817 3354 καὶ

240 3392 458 3463 δοκίμως
500 3393 848 3470 ἀποφανθὲν,
887 3394 1072 3446 τοῦτον
1099 3393 1212 3463 ἔχει
1240 3393 1330 3446 τὸν
1365 3393 1582 3463 τρόπον·
1620 3390 1816 3453 Καθὼς

242 3482 614 3553 παρελάϐομεν
656 3481 807 3554 παρὰ
847 3481 956 3536 τῶν
986 3481 1091 3552 πρὸ
1131 3481 1289 3552 ἡμῶν
1325 3481 1672 3547 ἐπισκόπων,
1722 3482 1814 3535 καὶ

240 3575 288 3626 ὲν
307 3576 368 3644 τῇ
389 3575 723 3646 κατηχήσει,
744 3575 838 3629 καὶ
862 3575 950 3628 ὅτε
972 3574 1032 3628 τὸ
1054 3574 1275 3645 λουτρὸν
1301 3573 1697 3644 ἐλαμϐάνομεν,
1721 3572 1817 3626 καὶ

240 3665 404 3728 καθὼς
424 3665 531 3718 ἀπὸ
568 3663 683 3716 τῶν
717 3663 876 3717 θείων
910 3665 948 3716 Γ
952 3663 1137 3734 ραφῶν
1169 3662 1588 3735 μεμαθήκαμεν,
1619 3663 1713 3717 καὶ
1739 3662 1816 3729 ὡς

240 3757 289 3808 ἓν
322 3757 395 3828 τῷ
420 3756 873 3829 πρεσϐυτερείῳ,
913 3756 1004 3810 καὶ
1032 3756 1092 3809 ἐν
1119 3756 1256 3828 αὐτῇ
1297 3757 1362 3827 τῇ
1392 3758 1662 3829 ἐπισκοπῇ
1695 3758 1816 3811 ἐπι-

241 3847 528 3920 στεύσαμέν
590 3866 650 3901 τε
697 3850 792 3901 καὶ
833 3847 1206 3918 ἐδιδάσκομεν,
1251 3847 1400 3903 οὓτω
1454 3849 1549 3903 καὶ⁸
1583 3848 1678 3902 νῦν
1725 3866 1814 3903 πι-

241 3940 518 4006 πτύοντες,
575 3942 681 4012 τὴν
709 3941 985 4013 ἡμετέραν
1014 3941 1196 3996 πίστιν
1239 3942 1366 4013 ὑμῖν
1405 3942 1814 4014 προσαναφέρο-

245 4050 347 4101 pro.
392 4036 552 4089 Ἔστι
596 4033 652 4087 δὲ
679 4033 854 4104 αὓτη·
895 4033 1226 4104 Πιστεύομεν
1259 4035 1341 4097 είς
1371 4033 1467 4088 ἕνα
1508 4033 1670 4098 Θεὸν,
1705 4033 1816 4086 Πα-

238 4123 356 4195 τέρα
379 4125 831 4196 παντοκράτορα,
862 4125 951 4179 τὸν
973 4125 1081 4179 τῶν
1113 4127 1366 4181 ἁπάντων
1399 4124 1610 4197 ὁρατῶν
1634 4141 1690 4178 τε
1719 4124 1814 4177 καὶ

239 4209 464 4282 ἀοράτων
517 4216 770 4286 Ποιητήν
792 4231 807 4246 ·
843 4216 936 4268 καὶ
963 4217 1044 4279 εἰς
1069 4214 1164 4268 ἕνα
1191 4214 1394 4285 Κύριον
1434 4213 1642 4284 Ἰησοῦν
1680 4215 1815 4286 Χρι⁹

241 4305 379 4372 στὸν,
422 4308 517 4362 τὸν
554 4305 662 4360 τοῦ
714 4305 846 4360 Θεοῦ
882 4306 1071 4376 Λόγον,
1110 4305 1242 4359 Θεδν
1287 4309 1351 4360 ὲκ
1394 4305 1550 4369 Θεοῦ,
1590 4305 1706 4376 φῶς
1748 4306 1814 4358 ὲκ

1925 1841 1981 1895 in
2020 1841 2311 1895 Palaestina
2338 1841 2712 1896 sacerdotium
2757 1856 2977 1910 gerens,
3021 1857 3146 1896 cum
3196 1843 3253 1896 in
3298 1843 3509 1915 synodo

1923 1932 2207 2002 paululum
2226 1931 2611 1996 hmsitavisset,
2628 1947 2925 2002 secumque
2943 1933 3297 2002 cxpendisset
3319 1943 3506 1990 utrum

1922 2022 2266 2077 admittenda
2291 2031 2439 2078 esset
2462 2022 2590 2079 ﬁdei
2629 2023 2888 2088 formula,
2919 2024 3140 2079 tandem
3180 2035 3237 2080 et
3260 2027 3375 2097 ipse
3397 2044 3504 2083 una

1922 2129 2048 2168 cum
2073 2114 2304 2185 reliquis
2330 2130 2589 2171 assensus
2624 2124 2709 2171 est
2732 2125 2792 2171 et
2812 2116 3148 2187 subscripsit
3176 2135 3190 2171 :
3234 2127 3292 2173 et
3329 2118 3504 2176 Cresa-

1922 2207 2200 2262 riensibus
2243 2208 2358 2264 suis
2399 2209 2774 2278 conscriptam
2819 2208 2945 2264 ﬁdei
2991 2209 3280 2265 formulam
3329 2211 3502 2277 misit,

1921 2314 2112 2354 vocem
2146 2299 2634 2355 consubstantialis
2676 2299 3096 2371 interpretatus,
3144 2315 3214 2355 ne
3258 2302 3383 2372 quis
3425 2303 3502 2357 si-

1919 2391 2156 2460 nistrum
2190 2391 2472 2461 quidpiam
2520 2391 2589 2446 de
2640 2392 2759 2461 ipso
2803 2391 3198 2462 suspicaretur,
3244 2408 3311 2447 eo
3355 2393 3502 2462 quod

1920 2483 2324 2552 aliquantulum
2363 2482 2720 2538 substitisset.
2763 2483 2938 2538 Porro
2981 2499 3104 2554 qua:
3147 2484 3218 2538 ab
3262 2484 3505 2538 Eusebio

1922 2573 2125 2644 scripta
2152 2581 2301 2638 sunt,
2329 2574 2411 2629 sic
2443 2589 2502 2628 se
2526 2573 2736 2627 habent
2763 2591 2775 2626 :
2818 2573 2951 2640 Quae
2994 2573 3063 2628 de
3110 2572 3217 2628 ﬁde
3239 2574 3502 2627 ecclesia-

1923 2665 2059 2719 stica
2084 2665 2140 2719 in
2165 2681 2364 2734 magno
2387 2665 2624 2720 concilio
2647 2665 2842 2720 Nicm
2891 2673 3224 2736 congregato
3269 2674 3503 2721 tractata

1922 2763 2071 2818 sunt,
2114 2755 2414 2810 verisimile
2451 2756 2677 2824 quidem
2725 2763 2812 2809 est
2849 2756 2961 2826 jam
3007 2771 3105 2810 vos
3146 2757 3368 2811 aliunde
3412 2757 3502 2811 di—

1922 2845 2162 2910 dicisse,
2215 2845 2420 2901 fratres
2477 2846 2826 2913 charissimi,
2875 2862 3001 2902 cum
3047 2856 3360 2901 accuratam
3408 2863 3500 2902 re-

1922 2954 2046 2992 rum
2133 2945 2414 3008 gestarum
2492 2939 2868 2994 narrationem
2960 2938 3104 2993 fama
3188 2939 3500 3011 plerunque

1922 3031 2094 3084 soleat
2137 3043 2501 3099 prazcurrere.
2551 3030 2755 3084 Verum
2807 3043 2878 3084 ne
2923 3029 3234 3085 istiusmodi
3277 3045 3501 3087 rumore

1920 3136 2009 3175 res
2035 3119 2138 3190 23
2164 3118 2323 3174 vobis
2361 3119 2521 3174 aliter
2557 3135 2719 3190 quam
2760 3135 2818 3175 se
2855 3120 3020 3174 habet
3052 3120 3362 3186 nuntietur,
3399 3137 3499 3176 ne-

1895 3214 2220 3270 ‘cessarium
2261 3213 2578 3283 putavimus
2613 3213 2682 3268 ad
2719 3228 2819 3267 vos
2852 3213 3071 3267 mittere
3099 3212 3336 3282 primum
3373 3211 3498 3282 qui-

1917 3305 2042 3360 dem
2087 3304 2214 3360 ﬁdei
2273 3304 2560 3358 formulam
2605 3320 2637 3359 a
2681 3304 2843 3359 nobis
2884 3303 3252 3374 propositam,
3298 3303 3498 3358 deinde

1917 3398 2165 3462 alteram,
2195 3411 2358 3466 quam
2385 3395 2628 3466 episcopi
2654 3394 2981 3464 quibusdam
3020 3394 3087 3449 ad
3121 3405 3364 3448 nostram
3397 3392 3498 3448 ad-

1910 3485 2074 3556 jectis
2096 3485 2495 3556 appendicibus
2516 3485 2952 3555 promulgarunt.
2973 3483 3170 3538 Nostra
3195 3483 3363 3554 igitur
3385 3483 3497 3538 for-

1915 3577 2085 3642 mula,
2111 3592 2231 3646 qua:
2267 3576 2323 3630 in
2349 3569 2644 3646 conspectu
2672 3573 3023 3644 imperatoris
3048 3574 3162 3629 Deo
3186 3574 3496 3630 eharissimi

1915 3665 2084 3729 lecta,
2109 3673 2257 3721 recte
2294 3681 2359 3720 ac
2390 3665 2562 3735 probe
2606 3680 2665 3720 se
2708 3664 2912 3720 habere
2950 3664 3207 3719 omnibus
3227 3665 3346 3720 visa
3381 3675 3496 3731 est,

1915 3757 1996 3814 sic
2017 3757 2184 3812 habet
2209 3775 2222 3810 :
2250 3755 2404 3812 Sicut
2437 3755 2506 3810 ab
2529 3755 2974 3811 antecessoribus
2998 3755 3200 3810 nostris
3223 3755 3499 3826 episc0pis

1914 3847 2256 3919 accepimus,
2300 3857 2430 3902 tunc
2472 3863 2596 3903 cum
2641 3846 2836 3917 primis
2875 3846 3001 3901 ﬁdei
3041 3847 3370 3902 rudimentis
3408 3847 3495 3900 in-

1916 3941 2137 4005 structi,
2165 3948 2368 3995 etcum
2412 3939 2636 3994 salutari
2665 3940 2884 3994 lavacro
2919 3939 3074 3994 tincti
3102 3955 3290 3995 sumus
3317 3958 3329 3993 :
3355 3939 3500 3994 sicut

1915 4048 1984 4088 ex
2010 4032 2213 4087 divinis
2249 4031 2553 4102 Scripturis
2575 4030 2892 4097 didicimus,
2919 4039 2976 4087 et
2999 4031 3141 4086 sicut
3165 4031 3267 4101 ipsi
3298 4038 3411 4085 tum
3441 4031 3494 4085 in

1914 4124 2289 4196 presbyterio,
2320 4131 2432 4178 tum
2472 4124 2528 4178 in
2565 4123 2864 4194 episcopali
2903 4105 3413 4194 gradu-constituti,
3440 4131 3498 4176 et

1913 4217 2250 4272 credidimus
2272 4222 2328 4270 et
2353 4215 2659 4277 docuimus,
2687 4214 2760 4268 ita
2791 4227 2939 4268 nunc
2977 4212 3143 4267 etiam
3182 4212 3494 4276 credentes,

1915 4309 2076 4365 ﬁdem
2116 4316 2358 4362 nostram
2392 4307 2548 4362 vobis
2587 4304 2935 4374 exponimus.
2963 4305 3058 4358 Est
3091 4311 3273 4357 autem
3302 4302 3493 4370 hujus-

239 4399 426 4466 φωτὸς,
459 4399 623 4471 ζωὴν
659 4400 725 4452 ἐκ
767 4397 911 4468 ζωῆς
942 4407 998 4465 τ,
1031 4399 1159 4452 Υίὸν
1211 4399 1506 4470 μονογενῆ,
1539 4399 1812 4469 πρωτότοο

1921 4401 2063 4456 modi
2094 4400 2422 4455 :Credimus
2447 4400 2503 4453 in
2541 4397 2710 4452 unum
2747 4399 2939 4460 Deum,
2981 4399 3196 4452 Patrem
3241 4395 3494 4465 omnipo-

239 4505 319 4541 πων
346 4483 531 4562 πάσης
573 4491 830 4553 κτίσεως,
863 4491 968 4560 πρὸ
997 4490 1213 4544 πάντων
1238 4489 1348 4543 τῶν
1383 4490 1592 4544 αἰώνων
1625 4493 1688 4543 ὲκ
1716 4491 1811 4543 τοῦ

1921 4499 2139 4555 Lentem,
2165 4488 2468 4544 visibilium
2495 4486 2740 4541 omnium
2782 4497 2839 4542 et
2875 4485 3232 4541 invisibilium
3267 4484 3494 4540 Creato-

239 4578 356 4631 Θεοῦ
389 4582 620 4652 Πατρὸς
645 4581 1042 4650 γεγεννημένον
1065 4598 1079 4612 ο
1132 4580 1199 4633 δι’
1249 4574 1308 4634 οῦ
1354 4582 1450 4632 καὶ
1483 4579 1698 4648 ἐγένετο
1745 4580 1812 4634 τὰ

1921 4599 2025 4638 rem
2057 4600 2070 4636 :
2100 4589 2158 4637 et
2193 4582 2247 4636 in
2287 4596 2457 4636 unum
2500 4579 2792 4635 Dominum
2834 4579 3020 4633 Jesum
3063 4576 3366 4641 Christum,
3395 4575 3492 4631 Dei

239 4671 416 4735 πάππα,
447 4673 543 4726 τὸν
575 4672 667 4725 διὰ
693 4673 794 4744 τὴν
821 4671 1092 4743 ἡμετέραν
1135 4673 1407 4744 σωτηρίαν
1440 4672 1810 4743 σαρκωθέντα,

1921 4672 2172 4735 Verbum,
2199 4671 2370 4726 Deum
2397 4670 2464 4725 de
2505 4670 2639 4734 Deo,
2662 4669 2848 4723 lumen
2874 4667 2942 4722 de
2967 4665 3198 4732 lumine,
3222 4666 3389 4720 vitam
3424 4681 3490 4720 ex

240 4769 318 4816 καὶ
341 4768 398 4816 ἐν
430 4763 753 4836 ἀνθρώποις
781 4762 1254 4834 πολιτευσάμενον·
1294 4765 1388 4817 καὶ
1427 4762 1685 4824 παθόντα,
1718 4762 1812 4814 καὶ

1921 4765 2041 4827 vita,
2069 4764 2266 4818 Filium
2293 4764 2657 4834 unigenitum,
2686 4760 3109 4832 primogenitum
3135 4759 3314 4814 omnis
3339 4774 3494 4814 crea-

239 4857 535 4913 ἀναστάντα
570 4859 637 4927 τῇ
668 4857 828 4930 τρίτῃ
855 4855 1070 4926 ἡμέρᾳ·
1105 4855 1198 4907 καὶ
1230 4854 1520 4908 ἀνελθόντα
1547 4853 1684 4923 πρὸς
1719 4839 1813 4907 τὸν

1921 4867 2072 4922 ιιιηε,
2095 4864 2221 4910 ante
2245 4855 2429 4909 omnia
2455 4853 2650 4909 smcula
2675 4868 2740 4907 ex
2765 4853 2876 4907 Deo
2902 4851 3063 4906 Patre
3102 4849 3366 4920 genitum,
3395 4865 3495 4919 per

239 4951 462 5024 Πατέρα,
495 4951 598 5006 καὶ
622 4947 820 5020 ἥξοντα
848 4948 1009 5011 πάλιν
1039 4949 1096 5001 ὲν
1121 4946 1246 5019 δόξῃ
1277 4951 1459 5019 κρῖναι
1487 4947 1694 5011 ζῶντας
1716 4947 1809 4999 καὶ

1921 4965 2079 5019 quem
2103 4947 2285 5002 omnia
2325 4947 2466 5001 facta
2503 4954 2630 5000 sunt
2655 4965 2667 4999 :
2697 4945 2789 5016 qui
2825 4953 3050 5014 propter
3074 4950 3315 4998 nostram
3341 4942 3493 4996 salu-

239 5045 470 5116 νεκρούς.
515 5045 855 5116 Πιστεύομεν
887 5043 984 5098 καὶ
1009 5043 1085 5106 είς
1116 5040 1174 5095 ἒν
1208 5039 1431 5111 Πνεῦμα
1462 5039 1634 5108 ἅγιον.
1671 5038 1809 5090 Τού-

1921 5050 2027 5097 tem
2067 5042 2383 5097 incarnatus
2417 5047 2522 5105 est,
2547 5047 2602 5094 et
2628 5039 2771 5094 inter
2803 5036 3054 5092 homines
3075 5043 3327 5092 versatus
3355 5052 3368 5088 :
3396 5034 3492 5104 qui

1435 5196 1705 5251 VALESII
1743 5193 2296 5252 ANNOTATIO‘NES.

306 5318 409 5387 μδ)
449 5320 629 5371 Ἔστι
675 5316 743 5387 δὲ
779 5315 967 5370 αὐτοῦ
1011 5314 1082 5368 τὰ
1124 5312 1440 5384 γραφέντα.
1508 5310 1569 5363 In
1630 5308 1819 5364 codice

1923 5311 2176 5367 orentino
2202 5319 2258 5366 et
2284 5309 2559 5365 Sfortiano
2600 5307 2799 5378 legitur
2838 5306 2956 5360 ἐστι
2998 5304 3056 5358 δὲ
3095 5303 3236 5360 αὐτὰ
3264 5301 3360 5358 τοῦ
3389 5301 3494 5355 Εὐ-

243 5389 409 5440 σεΰιου
441 5405 514 5442 τα
541 5386 844 5457 γραφέντα,
881 5394 988 5441 etc.
1685 5448 1823 5504 VAR

1921 5448 2067 5506 lUM.

303 5559 324 5585 τ
350 5550 532 5616 Ζωὴν
557 5549 624 5601 ἐκ
647 5547 814 5613 ζωῆς.
845 5545 1000 5601 Sicut
1020 5545 1293 5600 Eusebius
1313 5543 1511 5616 Filium
1538 5551 1698 5616 vocat
1721 5543 1802 5596 vi-
1911 5558 2033 5616 cap.
2059 5541 2094 5596 5
2123 5540 2285 5616 :_Ideo
2323 5540 2561 5616 Christus
2585 5540 2749 5616 virtus
2777 5545 2823 5590 et
2847 5538 3110 5616 sapientia
3135 5532 3494 5616 Baias/uiuae

239 5626 335 5672 tam
350 5597 786 5684 ⁷⁷άέἳξιῖξῖίὸ⁵
802 5597 1410 5686 alii-posteacirtutent
1428 5614 1728 5686 geyvirtute,
1756 5621 1806 5666 et
1913 5597 2076 5686 Pdtre
2117 5613 2310 5666 virtute
2355 5619 2404 5665 et
2444 5610 2705 5682 sapientia
2730 5617 2802 5662 est
2818 5625 2837 5674 ;
2866 5597 2998 5661 sicut
3043 5605 3218 5659 lumen
3243 5597 3304 5654 dé
3329 5597 3494 5658 Patre

236 5693 556 5760 sapientiam
581 5681 640 5742 de
662 5681 1031 5762 sapientia-3.
1067 5688 1296 5758 August.
1326 5685 1402 5741 De
1425 5683 1569 5738 Trin.
1595 5682 1805 5748 lib.vn,
1918 5681 2136 5748 lumine,
2165 5689 2272 5736 etc.
