4046 6204
692 259 752 312 7t
2153 252 2489 312 SOCRATIS

693 384 886 441 passus
905 378 1009 433 est,
1032 376 1090 424 et
1112 367 1417 426 resurrexit
1441 370 1605 424 tertia
1630 369 1754 439 die;
1798 370 2050 428 ascendit
2073 371 2143 427 ad
2177 372 2284 427 Pa-

2207 375 2284 427 ’a-
2311 379 2357 435 Α
2383 389 2493 427 των
2522 370 2754 425 ἕκαστον
2786 362 2924 424 εἶναι
2950 364 3045 421 καὶ
3066 363 3330 437 ὑπάρχειν
3354 359 3700 426 πιστεύοντες,
3718 361 3805 414 Παι

695 468 858 524 trem,
883 466 941 514 et
974 460 1176 516 iterum
1214 468 1480 517 venturus
1520 467 1608 516 est
1647 477 1772 517 cum
1816 462 1991 533 gloria
2026 471 2090 518 ut
2124 463 2282 519 vivos

2207 478 2282 519 Vos
2384 462 2602 535 ἀληθῶς
2627 459 2868 532 Πατέρα,
2900 458 2997 513 καὶ
3020 456 3151 510 Υἱὸν
3179 453 3394 526 ἀληθῶς
3427 451 3573 516 Υἱδν,
3608 450 3692 505 καὶ
3716 451 3805 503 Πνε

602 592 607 597 .
690 548 902 618 iudicet
923 565 989 605 ae
1010 560 1277 607 mortuos.
1306 549 1598 607 Credimus
1633 552 1800 607 etiam
1825 553 1883 608 in
1906 568 2078 609 unum
2104 552 2281 625 Spiri—

698 651 814 698 tum
840 651 1109 698 sanctum.
1138 643 1345 697 Horum
1370 659 1821 715 unumquemque
1868 660 1991 700 esse
2018 660 2083 700 ac
2103 645 2285 701 subsi-

696 742 843 790 stere
869 720 1160 789 credentes
1188 751 1201 788 :
1231 736 1451 791 Patrem
1491 751 1624 790 vere
1647 736 1889 801 Patrem,
1916 736 2116 791 Filium
2152 753 2283 793 vere
2320 742 2323 743 ⁷

699 825 919 889 Filium,
939 831 995 879 et
1010 824 1279 894 Spiritum
1299 834 1547 879 sanctum
1570 841 1700 880 vere
1713 824 1980 895 Spiritum
1999 834 2248 882 sanctum
2269 845 2282 879 :

700 915 843 972 sicut
879 923 935 970 et
976 916 1242 969 Dominus
1284 923 1504 981 noster,
1545 930 1670 970 cum
1715 916 2018 987 discipulos
2052 933 2182 974 suos
2216 918 2287 973 ad

700 1007 1110 1078 prmdieandum
1154 1007 1421 1071 mitteret,
1453 1007 1594 1061 dixit
1629 1025 1642 1061 :
1679 1008 1761 1062 Ite
1798 1025 1861 1063 ac
1895 1009 2071 1063 docete
2101 1026 2286 1067 omnes

700 1107 898 1170 gentes,
925 1098 1251 1169 baptizantes
1279 1115 1385 1161 eos,
1411 1100 1470 1153 in
1505 1101 1714 1155 nomine
1751 1101 1953 1167 Patris,
1992 1110 2041 1156 et
2069 1102 2211 1168 Filii,
2238 1110 2289 1157 et

702 1187 928 1259 Spiritus
955 1189 1123 1244 sancti
1139 1190 1203 1244 ιτ.
1219 1189 1298 1245 De
1323 1190 1526 1260 quibus
1542 1190 1705 1245 etiam
1721 1190 2073 1260 aliirmamus,
2090 1208 2193 1248 nos
2214 1193 2288 1248 ita

704 1286 891 1335 tenere
915 1289 1080 1350 atque
1104 1282 1180 1336 ita
1204 1283 1432 1343 sentire.
1456 1291 1513 1338 et
1546 1284 1682 1338 olim
1722 1284 1799 1338 ita
1826 1286 2090 1353 tenuisse,
2114 1295 2171 1340 et
2192 1302 2290 1342 us-

701 1385 807 1438 que
828 1370 913 1424 .ad
942 1379 1177 1426 mortem
1214 1379 1548 1439 retenturos,
1578 1382 1743 1445 atque
1786 1376 1841 1429 in
1885 1375 1989 1430 hac
2024 1375 2130 1431 fide
2156 1392 2289 1433 con-

702 1468 918 1515 stanter
941 1476 1334 1530 permansuros
1356 1478 1501 1527 esse,
1529 1480 1750 1520 omnem
1778 1464 2000 1535 impiam
2038 1466 2290 1522 haeresim

702 1553 1049 1609 anathemate
1073 1554 1415 1609 damnantes.
1447 1556 1575 1610 Ilzec
1610 1571 1713 1611 nos
1745 1556 1932 1610 omnia
1969 1558 2183 1614 sincere
2206 1566 2292 1612 at-

701 1658 809 1713 que
831 1660 899 1699 ex
924 1645 1107 1699 animo
1130 1645 1390 1711 sensisse,
1416 1661 1483 1701 ex
1507 1662 1617 1716 quo
1639 1648 1961 1718 nosmetipsi
1997 1664 2160 1704 nosse
2199 1665 2294 1719 po-

2385 555 2538 624 ἆγιον
2560 551 2775 623 ἀληθῶς
2795 549 2950 618 ἅγιον
2976 547 3201 617 Πνεῦμα
3215 563 3228 577 ο
3256 544 3442 608 καθὼς
3465 543 3555 598 καὶ
3577 542 3759 614 Κύριος
3780 544 3806 613 ἡ

2384 644 2739 700 ἀποστέλλων
2779 642 2858 705 εἰς
2898 641 2961 694 τὸ
3010 639 3271 710 κήρυγμα
3308 638 3436 702 τοὺς
3468 635 3649 690 ἐαυτοῦ
3684 636 3806 706 μαθη

2382 734 2503 789 εἷπε
2525 750 2538 766 ⁸
2576 732 2976 803 Πορευθέντες
3014 731 3429 801 μαθητεύσατε
3466 727 3649 782 πάντα
3674 728 3738 781 τὰ
3769 728 3806 781 ἐι

2378 823 2773 890 ,βαπτίζοντες
2821 821 3045 888 αὐτοὺς
3093 822 3180 886 εις
3221 819 3287 872 τὸ
3333 819 3521 887 ὄνομα
3558 816 3656 871 τοῦ
3699 821 3806 883 Har

2387 916 2486 970 καὶ
2516 915 2622 969 τοῦ
2655 914 2794 969 Υὶοῦ
2813 954 2826 978 ,
2860 913 2959 967 καὶ
3001 912 3105 965 τοῦ
3135 912 3305 981 ἁγίου
3332 911 3680 979 llr-stipator.
3708 909 3806 978 Περ

2387 1008 2480 1062 καὶ
2507 1005 2964 1077 διαϐεϐαιούμεθα
3002 1003 3173 1067 οὕτως
3208 1002 3385 1072 ἔχειν,
3419 1001 3514 1054 καὶ
3550 999 3679 1053 οὕτω
3712 1017 3806 1071 φρο

2388 1099 2479 1152 καὶ
2506 1098 2672 1152 πάλαι
2699 1096 2873 1160 οὕτως
2899 1095 3212 1165 ἐσχηκέναι,
3247 1093 3341 1146 καὶ
3372 1092 3533 1164 μέχρι
3563 1092 3777 1145 θανάτου
3803 1116 3806 1133 ι

2389 1191 2633 1259 σχήσειν,
2670 1188 2766 1243 καὶ
2806 1190 2862 1240 ἐν
2895 1188 3033 1256 αὐτῇ
3081 1183 3390 1237 ἐνίστασθαι
3426 1187 3493 1253 τῇ
3529 1183 3715 1243 πίστει,
3758 1185 3806 1236 de.

2393 1278 2704 1349 ματίζοντες
2735 1279 2916 1330 πᾶσαν
2943 1276 3154 1345 αἵρεσιν
3184 1272 3362 1328 ἄθεον.
3397 1272 3579 1327 Ταῦτα
3607 1272 3704 1325 ἀπὸ
3731 1290 3806 1343 και

2390 1369 2487 1422 καὶ⁵
2508 1367 2689 1438 ψυχῆς
2719 1368 2896 1421 πάντα
2923 1362 3345 1434 πεφρονηκέναι,
3371 1361 3430 1427 ἐξ
3453 1357 3616 1434 οὗπερ
3648 1362 3793 1443 ζσμεν

2391 1460 2537 1523 τοὺς,
2572 1460 2667 1512 καὶ
2690 1457 2787 1512 νῦν
2823 1459 3037 1528 φρονεῖν
3065 1472 3120 1507 τε
3150 1454 3243 1507 καὶ
3276 1453 3455 1522 λέγειν
3483 1454 3539 1520 ἐξ
3570 1454 3806 1524 ἀληθεέας

2390 1552 2486 1605 τοῦ
2531 1550 2665 1603 Θεοῦ
2698 1549 2790 1603 τοῦ
2822 1548 3259 1619 παντοκράτορος
3279 1585 3293 1611 ,
3326 1545 3419 1598 καὶ
3451 1546 3544 1598 τοῦ
3579 1545 3771 1615 Κυρίου
3801 1563 3806 1574 α

2407 1643 2581 1713 Ἰησοῦ
2611 1642 2847 1714 Χριστοῦ
2884 1639 3331 1712 μαρτυρούμεθα,
3362 1638 3630 1692 δεικνύναι
3665 1638 3806 1708 ἔχοντ

703 1736 928 1801 tuimus,
957 1744 1122 1807 atque
1145 1738 1449 1793 etiamnum
1477 1738 1685 1794 sentire
1718 1746 1776 1794 et
1808 1740 1958 1809 loqui
1986 1740 2292 1807 verissime,

2207 1757 2292 1807 ne,
2325 1735 2368 1790 Β
2395 1734 2745 1800 ἀποδείξεων,
2791 1734 2886 1786 καὶ
2919 1731 3127 1785 πείθειν
3165 1731 3332 1800 ὑμᾶς,
3369 1731 3453 1784 ὅτι
3485 1730 3576 1782 καὶ
3608 1730 3805 1793 τοὺςπι

702 1840 888 1880 coram
930 1828 1307 1898 omnipotente
1345 1829 1459 1883 Deo
1500 1836 1559 1884 et
1600 1844 1787 1884 coram
1827 1829 2061 1886 Domino
2100 1840 2294 1886 nostro

701 1918 832 1976 Jesu
853 1919 1075 1975 Christo
1115 1920 1496 1984 testiﬁcamur,
1522 1919 1703 1990 parati
1731 1920 2057 1977 certissimis
2090 1924 2294 1993 proba-

707 2001 1290 2075 tionibusbstendere,
1303 2006 1361 2065 ét
1374 2010 1533 2066 vobis
1548 2011 1909 2081 persuadere,
1935 2028 2039 2069 nos
2063 2022 2294 2083 prazter-

707 2101 799 2156 itis
819 2100 986 2156 etiam
1014 2102 1365 2171 temporibus
1407 2100 1485 2157 ita
1508 2102 1831 2169 credidisse,
1857 2111 2025 2175 atque
2052 2103 2127 2159 ita
2153 2121 2296 2175 prae-

704 2191 937 2246 dicasse.
964 2190 1103 2246 Cum
1127 2191 1244 2246 hanc
1276 2207 1306 2246 a
1334 2192 1498 2248 nobis
1533 2192 1670 2248 ﬁdes
1694 2201 1845 2249 esset
1875 2194 2142 2264 exposita,
2169 2196 2297 2250 nul-

705 2282 791 2337 lus
812 2292 933 2337 erat
958 2282 1372 2339 contradicendi
1410 2284 1584 2341 locus.
1625 2284 1734 2341 Sed
1769 2293 1827 2341 et
1858 2286 2156 2358 imperator
2180 2287 2299 2358 ipse

705 2380 893 2428 noster
915 2373 1028 2427 Deo
1054 2372 1431 2439 charissimus,
1469 2388 1591 2429 eam
1628 2373 1935 2431 rectissime
1978 2384 2297 2447 conceptam

707 2451 1085 2530 esseIpriinus
1114 2462 1361 2516 omnium
1391 2470 1623 2519 testatus
1646 2472 1731 2519 est
1755 2482 1768 2518 :
1797 2472 1961 2535 atque
1988 2465 2065 2522 ita
2089 2468 2298 2523 sentire

706 2568 765 2607 se
791 2552 1104 2618 allirmavit,
1132 2561 1469 2625 cunctosque
1494 2555 1752 2611 hortatus
1775 2563 1860 2612 est
1885 2565 1947 2612 ut
1971 2558 2024 2615 ei
2063 2560 2298 2614 assenti-

707 2649 902 2697 rentur
939 2651 1105 2714 atque
1133 2645 1569 2711 subscriberent,
1604 2653 1778 2716 utque
1820 2646 1875 2701 in
1912 2648 2056 2703 hanc
2092 2649 2299 2703 doctri-

706 2749 830 2789 nam
871 2748 1064 2790 omnes
1098 2737 1512 2806 conspirarent;
1555 2753 1664 2792 una
1699 2738 1964 2793 duntaxat
1998 2755 2131 2796 voce
2167 2758 2299 2795 eon-

706 2824 1084 2882 substantialis
1108 2828 1338 2898 adjecto.
1360 2829 1533 2895 Quam
1560 2830 1783 2898 quidem
1807 2846 1996 2886 vocem
2030 2832 2143 2902 ipse
2168 2850 2304 2902 quo-

707 2929 813 2984 que
830 2916 938 2988 24
954 2912 1353 2987 interpretatus
1377 2926 1480 2983 est,
1506 2935 1761 2974 asserens
1784 2923 2250 2989 eonsubstantialc
2271 2940 2300 2979 a

707 3006 909 3073 sedici,
923 3009 1195 3077 nonjuxta
1216 3010 1469 3078 corporis
1488 3010 1830 3074 allectione's,
1856 3028 2032 3082 neque
2055 3030 2154 3083 per
2164 3015 2302 3068 divi-

707 3102 918 3159 sionem
941 3114 1038 3160 aut
1058 3122 1159 3177 per
1181 3108 1477 3163 sectionem
1502 3109 1795 3179 quamdam
1822 3110 2018 3163 Filium
2041 3124 2109 3163 ex
2134 3111 2294 3165 Patre

707 3198 1011 3254 subsistere
1040 3218 1052 3253 :
1081 3198 1200 3255 ﬁeri
1225 3202 1372 3255 enim
1398 3218 1505 3255 non
1534 3218 1713 3272 posse,
1739 3211 1801 3257 ut
1832 3201 2076 3257 materiae
2100 3218 2295 3272 expers

707 3296 907 3345 natura
928 3300 983 3345 ct
1010 3291 1400 3348 intellectualis
1417 3303 1580 3364 atque
1606 3294 1935 3364 incorporea
1973 3310 2293 3365 corpoream

710 3379 876 3436 ullam
911 3383 1258 3438 ali‘ectionem
1284 3384 1538 3439 admittat
1564 3403 1577 3439 :
1604 3386 1699 3441 sed
1733 3385 1937 3440 divinis
1968 3386 2294 3456 arcanisque

2397 1830 2592 1889 θόντας
2619 1826 2848 1897 χρόνους
2877 1823 3051 1888 οὕτως
3084 1822 3440 1893 ἐπιστεύομέν
3467 1839 3525 1874 τε
3550 1822 3640 1874 καὶ
3671 1825 3802 1893 ἐκηρ

2399 1937 2500 1990 μεν
2545 1918 2766 1990 ὁμοίως.
2799 1916 3015 1987 Ταύτης
3060 1917 3150 1985 ὑφ’
3195 1915 3354 1986 ἡμῶν
3388 1914 3694 1985 ὲκτεθείσης
3738 1915 3802 1986 τῆ

2398 2028 2570 2075 στεως
2589 2050 2603 2076 ,
2634 2011 2810 2065 οὐδενὶ⁸
2844 2011 3024 2082 παρῆν
3060 2007 3373 2075 ἀντιλογίας
3406 2006 3591 2072 τόπος.
3642 2006 3774 2060 Ἀλλ’

2396 2120 2456 2158 τε
2480 2102 2699 2174 πρῶτος
2728 2105 2758 2157 ὁ
2784 2102 3197 2171 θεοφιλέστατος
3220 2100 3380 2170 ἡμῶν
3415 2097 3682 2169 βασιλεὺς,
3709 2098 3805 2168 ὀρθ

2398 2196 2675 2269 περιέχειν
2708 2196 2878 2266 αὐτὴν
2915 2193 3301 2265 ἐμαρτύρησεν
3323 2212 3334 2223 ·
3378 2192 3521 2245 οὕτω
3549 2208 3607 2245 τε
3652 2193 3744 2245 καὶ
3783 2193 3806 2245 ἐ

2401 2290 2617 2359 φρονεῖν
2652 2285 3020 2358 ἐμαρτύρατο,
3052 2284 3148 2336 καὶ⁵
3180 2281 3353 2355 ταύτῃ
3384 2283 3509 2346 τοὺς
3541 2282 3744 2346 πάντας
3773 2300 3803 2334 σ

2398 2380 2678 2447 ταθέσθαι,
2733 2381 2827 2433 καὶ
2859 2377 3202 2449 ὑπογράφειν
3235 2377 3348 2440 τοῖς
3396 2375 3664 2448 δόγμασι,
3696 2378 3787 2430 καὶ

2401 2474 2597 2540 φωνεῖν
2643 2470 2855 2534 τούτοις
2905 2469 3090 2533 αὐτοῖς
3153 2467 3591 2538 παρεκελεύετο,
3645 2469 3759 2532 ἑνὸς

2402 2561 2916 2632 προσεγγραφέντος
2973 2560 3214 2630 ῥήματος
3262 2557 3357 2610 τοῦ
3402 2557 3689 2627 ὁμοουσίου
3729 2557 3806 2617 (4ςῖ

2401 2656 2497 2707 καὶ
2549 2654 2714 2716 αὐτὸς
2762 2653 3075 2723 ἡρμήνευσε
3123 2651 3316 2720 λέγων,
3359 2652 3441 2705 ὅτι
3495 2651 3740 2722 μὴκατὰ
3770 2668 3806 2703 τς

2404 2746 2674 2816 σωμάτων
2706 2745 2854 2816 πάθη
2886 2745 3034 2815 λέγοι
3079 2743 3142 2798 τὸ
3184 2744 3468 2815 ὁμοούσιον
3488 2786 3502 2805 .
3528 2742 3649 2797 οὔτε
3698 2738 3790 2797 οὖν

2401 2838 2686 2909 διαίρεσιν,
2725 2836 2848 2890 οὒτε
2882 2838 3025 2889 κατά
3052 2854 3172 2890 τινα
3210 2836 3494 2908 ἀποτομὴν
3541 2838 3605 2889 ὲκ
3644 2836 3736 2889 τοῦ
3767 2836 3806 2887 ll

2404 2930 2723 2997 ὑποστῆναι·
2760 2929 2898 3000 μήτε
2926 2930 3034 2999 γὰρ
3059 2928 3321 2991 δύνασθαι
3348 2928 3445 2999 τὴν
3469 2928 3744 2987 adleuaui
3766 2946 3806 2981 νι

2404 3024 2500 3077 καὶ⁸
2541 3020 2835 3092 ἀσώματον
2879 3019 3060 3089 φύσιν,
3091 3021 3404 3091 σωματικόν
3439 3038 3493 3074 τι
3535 3018 3706 3082 πάθος
3748 3019 3806 3087 ὓς

2404 3115 2546 3169 σοαι·
2582 3113 2747 3175 θείοις
2783 3112 2840 3164 δέ
2877 3112 2973 3166 καὶ
3010 3112 3345 3184 ἀπορρήτοις
3392 3114 3599 3183 ῥήμασι
3640 3122 3661 3149 ³
3712 3127 3806 3181 πρε

2400 3205 2468 3259 τὰ
2497 3204 2717 3259 τοιαῦτα
2748 3204 2910 3257 νοεῖν.
2945 3202 3055 3256 Καὶ
3083 3204 3111 3256 ὁ
3155 3202 3252 3273 μὲν
3291 3202 3599 3271 σοφώτατος
3629 3204 3720 3255 καῖ
3751 3204 3806 3253 εὖ

2400 3293 2561 3363 ἡμῶν
2610 3285 2864 3362 βασίλεὺς
2892 3292 3070 3345 τοιάδε
3110 3292 3437 3361 ἐφιλοσόφει.
3477 3294 3538 3345 Ui
3587 3293 3676 3353 δὲ,
3714 3310 3806 3365 πρ(

2401 3385 2494 3438 τοῦ
2533 3382 2842 3454 ὁμοουσίου,
2880 3382 3038 3452 τήνδε
3075 3383 3175 3454 τὴν
3215 3384 3434 3454 γραφὴν
3478 3385 3806 3453 πεποιήκασι

711 3474 1019 3531 rationibus
1044 3476 1097 3531 id
1124 3494 1247 3533 esse
1285 3478 1723 3550 intelligendum.
1752 3479 1830 3534 Ac
1863 3479 2302 3550 sapientissimus
2340 3479 2561 3549 quidem
2587 3485 2644 3533 et
2686 3477 3135 3549 religiosissimus
3173 3478 3475 3549 imperator
3519 3479 3594 3532 ita
3641 3488 3759 3533 tum

709 3571 973 3641 sophatus
996 3581 1098 3629 est.
1126 3575 1208 3629 llli
1235 3591 1367 3631 vero
1393 3577 1681 3631 occasione
1704 3576 1857 3632 vocis
1880 3575 2027 3632 illius
2049 3575 2553 3641 consubstantialis,
2581 3574 2895 3647 huiusmodi
2929 3572 3219 3629 formulam
3243 3576 3693 3646 conscripserunt
3723 3597 3735 3631 :

1310 3686 1704 3742 SYMBOLUM.

778 3780 1067 3836 Credimus
1090 3778 1144 3833 in
1182 3793 1349 3832 unum
1376 3780 1569 3844 Deum,
1593 3780 1808 3834 Patrem
1836 3780 2287 3852 omnipotentem,

711 3874 957 3930 omnium
981 3870 1282 3928 visibilium
1306 3877 1361 3925 et
1384 3869 1746 3925 invisibilium
1770 3871 2090 3928 Creatorem
2115 3890 2127 3926 :
2157 3880 2212 3928 et
2235 3872 2293 3927 in

736 4088 739 4093 _
786 4010 828 4043 "
861 4007 1053 4064 Matth.
1081 4023 1268 4073 xxvui,
1298 4007 1385 4063 i9.

2924 3688 3052 3755 [ro
3093 3686 3414 3743 ΜΑΘΗΜΑ.

2470 3779 2806 3848 Πιστεύομεν
2846 3779 2925 3842 εἰς
2961 3778 3059 3832 ἕνα
3105 3778 3238 3833 Θεὸν
3273 3780 3492 3851 Πατέρα
3539 3799 3806 3852 παντοκρς

2403 3870 2623 3925 πάντων
2643 3870 2857 3942 ὁρατῶν
2884 3887 2944 3924 τε
2969 3871 3064 3923 καὶ
3092 3870 3339 3943 ἀοράτων
3370 3873 3635 3945 Ποιητήνσ
3674 3876 3773 3929 καί
3803 3897 3806 3921 ι

1910 4099 2187 4155 VALESll
2224 4099 2782 4158 ANNOTATIONES.

804 4191 894 4264 47)
927 4192 1503 4264 Προσεγγραεοέντοςη
1518 4191 1787 4264 ῥήματος
1815 4192 1922 4264 τοῦ
1941 4195 2291 4261 όμοουσίου.

712 4263 997 4319 Allirmare
1039 4263 1260 4319 videtur
1286 4264 1581 4328 Eusebius,
1610 4263 2029 4318 Constantinum
2056 4264 2296 4333 impera-

714 4341 890 4389 torem
918 4345 1200 4389 auctorem
1228 4334 1395 4389 fuisse
1428 4341 1489 4389 ut
1510 4334 1836 4389 vocabulum
1861 4334 2301 4389 consubstantia-

713 4404 783 4457 lis
815 4404 888 4475 in
928 4406 1177 4475 symbolo
1217 4406 1533 4460 adderetur.
1559 4404 1717 4471 Quod
1743 4412 1923 4458 tamen
1954 4418 2298 4473 nequaquam

682 4473 1013 4546 verisimile
1059 4483 1163 4530 est.
1213 4477 1401 4546 Neque
1448 4476 1596 4546 enim
1626 4475 1763 4530 adeo
1793 4475 2299 4546 doctusﬂeratCon-

714 4539 1009 4614 stantiuus,
1033 4546 1235 4614 quippe
1257 4539 1350 4614 qui
1377 4548 1465 4599 vix
1482 4545 1663 4599 adhuc
1685 4554 1831 4599 esset
1851 4545 2296 4599 catechumenus.

714 4610 806 4682 Sic
827 4611 993 4682 igitur
1032 4610 1150 4667 haec
1171 4610 1412 4669 'Eusebii
1456 4616 1702 4667 narratio
1734 4614 2084 4682 intelligenda
2106 4621 2210 4677 est,
2240 4623 2301 4668 ut

714 4681 960 4758 episcopi
1002 4683 1227 4753 quidem
1259 4692 1382 4753 post
1425 4684 1701 4753 prolatum
1739 4682 1821 4736 ab'
1852 4681 2093 4737 Eusebio
2118 4683 2299 4737 Gesa-

716 4765 896 4805 rtense
928 4751 1267 4806 Svmholum.
1294 4753 1597 4806 addendam
1622 4753 1700 4806 illi
1722 4767 1843 4806 esse
1866 4752 2187 4806 censuerint
2207 4768 2299 4806 vo-

716 4765 896 4805 rtense

714 4834 832 4874 cem
858 4823 1343 4887 consubstantialis,
1376 4824 1772 4879 Constantinus
1796 4837 1929 4877 vero
1959 4837 2152 4877 eorum
2177 4837 2303 4875 sen-

716 4891 946 4947 tentiam
973 4893 1403 4949 conﬁrmaverit.
1453 4893 1727 4949 Eusebius
1751 4908 1903 4958 vero,
1934 4892 2029 4964 qui
2054 4908 2112 4964 se
2156 4891 2303 4960 apud

716 4975 847 5046 suos
872 4972 1209 5046 purgarenet
1245 4979 1510 5046 eacusare
1548 4965 1850 5046 satagebat,
1880 4963 2027 5035 quod
2052 4963 2305 5046 formida:

716 5029 843 5086 fidei
871 5029 925 5087 in
950 5029 1185 5091 concilio
1206 5036 1368 5091 editae
1390 5029 1829 5105 subseripsisset,
1843 5029 2304 5105 quemadmodum

719 5110 953 5156 testatur
978 5105 1309 5162 Athanasius
1356 5106 1412 5160 in
1453 5105 1598 5160 libro
1611 5103 1696 5161 De
1723 5103 1965 5162 decretis
1987 5104 2179 5162 svnodi
2205 5103 2305 5158 Ni-

717 5186 900 5247 caenae,
926 5183 983 5247 et
1028 5177 1085 5247 in
1132 5177 1280 5232 libro
1307 5179 1384 5232 De
1408 5175 1634 5247 synodis
1659 5176 1896 5247 Arimini
1923 5184 1980 5231 et
2007 5174 2302 5247 Seleuciae,

716 5256 832 5317 rem
859 5242 925 5299 de
953 5245 1224 5317 industria
1264 5242 1531 5313 involvit,
1577 5254 1634 5301 et
1675 5246 2035 5302 Constantino
2061 5244 2295 5317 principi

718 5310 793 5438 illi“
830 5315 1081 5383 ascribit,
1132 5318 1279 5389 quod
1321 5310 1597 5388 episcopis
1620 5317 1806 5389 potius
1844 5326 1966 5374 erat
2011 5310 2297 5373 ascribed—

796 5399 870 5438 m.

796 5399 870 5439 IIl.

2473 4194 2585 4267 (48)
2620 4194 2805 4267 Τήνδε
2850 4194 3246 4267 τὴνίγραςοὴν
3291 4195 3682 4261 πεποιήκασι.
3719 4197 3805 4251 Po:

2398 4264 2590 4330 verba,
2616 4276 2742 4321 ante
2776 4264 3095 4336 Symbolum
3126 4264 3440 4331 'Nicmnum,
3467 4268 3522 4321 in
3548 4267 3747 4322 codice
3780 4269 3806 4319 Ρ

2403 4336 2525 4390 tino
2551 4346 2607 4390 et
2644 4335 2922 4391 Sfortiano
2944 4336 3223 4391 adduntur
3267 4339 3385 4393 haec
3418 4338 3611 4399 verba,
3655 4337 3717 4388 τὸ
3746 4353 3806 4404 με

2402 4406 3001 4479 ιῑειλϐιτεοὶξνοεοὶιαιιι
3028 4406 3344 4479 Symbolum
3379 4406 3526 4479 fidei.
3554 4422 3623 4460 eo
3668 4421 3805 4479 quoi:

2404 4477 2749 4531 teeliumenis
2776 4473 3093 4532 memoriter
3132 4478 3456 4531 disceretur.
3484 4475 3751 4529 Socrates
3779 4473 3806 4526 i1

2407 4548 2592 4611 tertio,
2623 4548 2805 4616 capite
2849 4548 2940 4611 25,
2972 4546 3306 4615 Πιστεύομεν
3336 4548 3416 4608 εἰς
3462 4545 3572 4616 ἕνα
3601 4544 3743 4597 Θεὸν
3786 4546 3805 4596 l

2406 4615 2850 4687 παντοκράτορα,
2893 4620 2987 4670 καὶ
3016 4619 3084 4670 τὰ
3118 4617 3281 4669 λοιπὰ
3301 4616 3417 4687 τοῦί
3439 4615 3797 4687 μαθήματοέ.

2406 4686 2516 4740 tius
2537 4683 2812 4741 Bisantius
2854 4689 2909 4740 in
2952 4688 3048 4742 lib.
3076 4687 3150 4741 De
3175 4687 3360 4750 sectis,
3390 4686 3457 4740 de
3480 4683 3701 4756 synodo
3730 4683 3806 4756 Cu

968 4751 1597 4829 yrhholum,_add_endam
1622 4753 1700 4829 illi
1722 4767 1843 4807 esse
1866 4752 2187 4806 censuerint
2207 4768 2302 4806 vo-
2334 4758 2376 4813 D
2408 4757 2566 4829 tinopi

2207 4768 2302 4806 νο-
2334 4758 2376 4813 D
2408 4757 2765 4829 tinopolitana
2788 4758 3020 4827 loquens
3046 4775 3059 4810 :
3085 4756 3194 4811 Καὶ
3220 4751 3524 4829 ὲκτφενταζ
3561 4757 3691 4827 ὅρον
3726 4755 3805 4829 ήττ

2406 4826 2552 4895 οημά
2584 4830 2841 4890 πίστεως,
2864 4826 3018 4896 ίὸπερ
3041 4829 3292 4897 λέγομεν.
3323 4827 3391 4881 Ει
3414 4826 3757 4897 ιηιιὶισροει
3785 4826 3806 4877 c

2402 4896 2531 4951 cilio
2553 4897 2987 4953 Chalcedonensi
3012 4896 3722 4967 Ιοιιυθιιελαιἐκτίθενται
3750 4912 3806 4967 μέ

2404 4966 2518 5038 πῶς
2547 4969 2626 5022 δεῖ
2654 4968 2949 5022 πιστεύειν,
2986 4970 3052 5023 Et
3077 4966 3269 5038 pagina
3295 4966 3418 5030 466,
3447 4966 3514 5020 de
3538 4966 3796 5038 Zenonis

2403 5036 2514 5110 lico
2535 5037 2786 5110 loquens,
2818 5036 3137 5110 Symbolum
3156 5036 3450 5110 'lfiicaenum
3473 5044 3645 5110 vocat
3675 5036 3806 5110 Top

2402 5106 3242 5180 crintév’Ntxalq.'Restitucnda
3266 5114 3437 5180 cst_ca
3465 5122 3578 5180 vos
3628 5106 3689 5159 in
3719 5107 3801 5180 lib

2403 5178 2588 5249 storias
2633 5176 2945 5249 tripertitae.
2990 5179 3127 5233 Nam
3153 5178 3247 5231 ubi
3287 5176 3449 5246 vulgo
3476 5176 3730 5249 legitur:
3766 5176 3806 5229 Ρ

2403 5248 2678 5302 concilium
2710 5248 3043 5304 celebratum
3092 5255 3188 5311 est,
3233 5262 3337 5300 non
3384 5257 3441 5300 ut
3488 5248 3797 5300 anathema

2405 5334 2572 5390 neque
2594 5325 2652 5371 ut
2672 5316 2796 5390 ﬁdei
2820 5319 3249 5390 explanationem
3273 5318 3564 5390 suscipiat,
3590 5326 3738 5382 etc.,
3758 5332 3806 5371 ε(

2406 5386 2535 5444 dum
2562 5396 2645 5445 est
2674 5386 2691 5442 ἐ
2716 5387 2834 5443 Non
2866 5386 2924 5443 ut
2959 5390 3226 5444 mathema
3248 5386 3436 5455 discat,
3461 5397 3573 5443 etc.

2307 5522 2544 5579 IORUM.

792 5623 816 5652 ³
868 5614 1239 5685 Ἀπορῤήτοις
1275 5614 1526 5687 ῥήμασι.
1570 5614 1797 5674 Rectius
1828 5615 2043 5688 legitur
2081 5521 2390 5687 ἁπῖἑέίλῗξῗέ

2166 5521 2544 5580 VARlORUM.
3471 5529 3476 5534 ’

2165 5614 2415 5687 ορῤἧτοις
2464 5615 2643 5683 λόγοις
2695 5615 2839 5689 apud
2873 5612 3199 5675 Theodorit.
3247 5617 3344 5676 lib.
3392 5634 3429 5685 ι,
3477 5632 3603 5690 cap.
3670 5615 3763 5669 l2.

720 5680 939 5743 Lowru.
