4046 6204
267 297 329 353 77
1253 296 1575 353 HISTORIA
1611 297 2162 355 ECCLESIASTICA.
2204 332 2271 340 ——
2310 303 2436 356 LIB.
2481 303 2518 356 1.
3438 299 3508 354 78

259 413 379 467 τότε
429 412 533 482 μὲν
579 414 671 466 καὶ
723 411 883 483 μέχρι
916 411 1152 482 ὑστάτης
1183 411 1332 482 ὥρας
1371 412 1724 484 ἐνιστάμεθα,
1758 413 1836 467 ὅθ’

1951 423 2095 468 mtea
2134 415 2446 486 hujusmodi
2481 415 2706 471 vocibus
2745 415 2823 470 uti
2867 414 3356 470 consuevissemus.
3385 415 3510 470 Haec

259 507 391 576 ημῖν
435 504 506 558 τὰ
538 505 792 576 ἐτεροίως
836 502 1116 574 γραφέντα
1168 504 1567 575 προσέκοπτεν·
1615 505 1738 558 τότε
1781 505 1839 558 δὲ

1951 506 2093 560 vobis
2128 507 2442 562 necessario
2483 506 2769 563 scribenda
2809 521 2930 561 esse
2966 506 3239 568 duximus,
3267 506 3510 562 dilectis-

256 597 621 667 ἀφιλονείκως
647 597 715 650 τὰ
746 597 819 667 μὴ
846 593 1118 649 λυποῦντα
1145 595 1568 667 κατεδεξάμεθα,
1596 597 1684 650 ὅτε
1710 598 1841 667 ἡμῖν

1951 597 2085 664 simi,
2111 607 2173 653 ut
2195 599 2350 654 vobis
2372 599 2578 670 liquido
2614 599 3134 662 demonstraremus,
3159 607 3364 668 quanto
3387 614 3510 653 cum

255 687 621 757 εὐγνωμόνως
674 684 990 751 ἐξετάζουσι
1036 683 1148 737 τῶν
1201 683 1376 752 λόγων
1426 684 1523 756 τὴν
1577 685 1839 753 διάνοιαν,

255 777 436 846 ἐφάνη
460 775 778 846 συντρέχειν
799 776 912 838 τοῖς
931 775 1020 844 ὑφ’
1043 775 1198 846 ἡμῶν
1218 775 1396 830 αὐτῶν
1415 777 1472 830 ἐν
1491 778 1557 847 τῇ
1582 791 1842 847 προεκτε-

257 869 413 939 Θείσῃ
473 870 655 921 πίστει
697 865 1159 938 ὡμολογημένοις.
1219 868 1456 921 Τοιαῦτα
1517 867 1616 939 μὲν
1661 867 1692 920 δ
1745 865 1841 920 τοῦ

257 959 552 1031 Παμφίλου
595 959 856 1022 Εὐσέϐιος
879 959 958 1022 είς
987 958 1086 1030 τὴν
1113 958 1481 1029 Παλαιστίνης
1505 958 1843 1031 Καισάρειαν

257 1051 625 1124 διεπέμψατο.
675 1051 790 1104 Καὶ
838 1053 903 1122 τῇ
964 1049 1358 1122 ’Δλεξανδρέων
1411 1050 1468 1104 δὲ
1527 1050 1842 1122 Ἐκκλησίᾳ,

257 1146 357 1199 καὶ
388 1147 504 1208 τοῖς
551 1145 611 1197 ἐν
666 1142 926 1213 Αἰγύπτῳ
972 1143 1067 1195 καὶ
1115 1140 1290 1212 Λιδύη
1342 1141 1438 1195 καὶ
1489 1142 1838 1208 Πενταπόλει,

259 1239 418 1306 κοινῇ
448 1234 618 1306 ψήφῳ
640 1234 767 1286 τάδε
797 1235 831 1304 ἠ
855 1232 1068 1295 σύνοδος
1099 1232 1367 1303 ἔγραψεν·

1933 689 2144 760 judicio
2183 697 2298 746 tum
2329 690 2630 754 dubitatio,
2668 697 2783 745 tum
2819 690 3064 744 assensio
3100 697 3284 744 nostra
3317 690 3510 746 librata

1939 781 2013 834 sit
2037 799 2051 834 :
2077 789 2132 836 et
2155 783 2301 854 quod
2325 790 2474 838 recte
2497 791 2661 853 atque
2681 782 2897 848 ordine,
2924 781 3163 853 primum
3188 781 3410 852 quidem
3444 783 3513 837 ad

1939 879 2241 928 extremam
2282 889 2456 944 usque
2496 873 2688 929 horam
2732 874 3054 939 restitimus,
3087 873 3328 944 quandiu
3372 889 3514 929 non-

1939 963 2274 1023 nullaaliter
2295 981 2458 1036 quam
2481 966 2725 1036 oportuit
2763 967 2962 1037 scripta
2988 981 3089 1020 nos
3119 965 3471 1021 oﬂ‘endebant
3499 983 3514 1019 τ

1941 1055 2160 1110 tandem
2183 1071 2315 1111 vero
2340 1071 2404 1112 ea
2430 1072 2553 1127 quae
2575 1056 2713 1110 nihil
2738 1056 3057 1112 offensionis
3079 1055 3374 1122 habebant,
3398 1056 3516 1112 sine

1939 1148 2290 1204 contentione
2311 1149 2544 1220 amplexi
2583 1163 2794 1214 sumus,
2819 1156 3107 1219 postquam
3129 1147 3291 1204 nobis
3315 1147 3515 1203 verbo~

1942 1254 2065 1294 rum
2087 1240 2415 1295 sententiam
2439 1241 2672 1297 candide
2694 1239 3132 1295 examinantibus
3160 1239 3430 1311 apparuit,
3452 1253 3516 1293 ea

260 1344 496 1402 prorsus
528 1343 656 1382 cum
695 1327 806 1382 illis
844 1325 1173 1390 convenire,
1195 1339 1318 1395 quae.
1354 1339 1456 1380 nos
1495 1323 1598 1395 ipsi
1637 1325 1694 1380 in
1733 1325 1839 1382 fide
1876 1329 2114 1398 primum
2139 1347 2170 1386 a
2206 1331 2367 1386 nobis
2390 1333 2636 1403 exposita
2678 1331 2912 1387 confessi
2964 1330 3261 1386 fueramus.
3322 1330 3520 1402 Hujus-

262 1426 420 1482 modi
458 1427 674 1481 litteras
708 1423 983 1479 Eusebius
1006 1420 1275 1493 Pamphili
1310 1421 1613 1478 Cesaream
1686 1423 1986 1480 Palaestina:
2043 1426 2263 1482 direxit.
2293 1429 2671 1484 Alexandrina:
2730 1443 2861 1484 vero
2895 1426 3172 1492 Ecclesia,
3205 1433 3262 1481 et
3305 1427 3519 1482 cunctis

264 1527 321 1580 in
363 1521 592 1594 Egypto
629 1528 687 1575 et
708 1519 881 1591 Libya
915 1534 981 1574 ac
1019 1516 1302 1588 Pentapoli
1335 1516 1692 1589 degentibus,
1728 1518 1844 1588 ipsa
1881 1521 2121 1593 synodus
2145 1522 2422 1578 communi
2448 1523 2716 1578 sententia
2740 1522 2817 1579 ita
2847 1522 3065 1593 scripsit
3094 1540 3106 1575 :

874 1633 1127 1690 ΚΕΦΛΛ.
1165 1633 1242 1687 Θ¹.

2591 1639 2741 1694 CAP.
2783 1639 2873 1693 IX.

279 1729 610 1798 Ἐπιστολὴ
632 1729 749 1803 ,τῆς
783 1726 1076 1803 avg-odor),
1115 1725 1249 1803 ξεερι
1272 1717 1361 1778 ὧν
1399 1722 1678 1803 ὥρισεν-ἠ
1696 1725 1847 1779 σύν-

1951 1729 2186 1803 Ερίεεοία
2212 1733 2417 1803 synodi,
2443 1732 2504 1785 de
2531 1732 2594 1785 iis
2619 1747 2736 1802 qua:
2761 1732 2823 1785 ab
2850 1732 2964 1802 ipsa
2993 1731 3276 1784 constituta
3297 1735 3450 1803 sunt;
3469 1737 3518 1780 et

339 1803 480 1868 οδος
498 1820 511 1833 ο
546 1795 644 1854 καὶ
674 1795 756 1864 ὡς
785 1796 1084 1866 καθῃρέθη
1114 1796 1345 1865 Ἀρειος
1377 1795 1476 1850 καὶ
1505 1798 1559 1850 οἱ
1592 1797 1844 1866 ὁμοφρο-

338 1874 594 1936 νοῦντες
617 1868 798 1933 αὐτῷ.

334 1977 417 2047 Τῇ
449 1975 581 2046 ἁγίᾳ
626 1971 762 2027 Θεοῦ
798 1969 1004 2043 χάριτι,
1051 1968 1147 2024 καὶ
1190 1968 1400 2041 μεγάλῃ
1456 1967 1848 2040 ’Δλεξανδρέων

275 2067 604 2138 Ἐκκλησία,
633 2066 726 2118 καὶ
761 2067 877 2128 τοῖς
909 2066 1030 2118 κατ’
1059 2062 1357 2132 Αἴγυπτον,
1402 2063 1494 2116 καὶ
1521 2061 1726 2133 Λιϐύην
1755 2062 1849 2116 καὶ

268 2159 605 2214 ηεντάπολιν
654 2157 960 2227 ἀγαπητοῖς
1008 2154 1275 2224 ἀδελφοῖς,
1314 2155 1364 2207 οι
1409 2154 1468 2208 ἐν
1491 2153 1694 2225 Νικαίᾳ
1723 2170 1849 2208 συν-

265 2251 546 2322 αχθέντες,
587 2250 680 2302 καὶ
727 2249 827 2318 τὴν
861 2247 1101 2318 μεγάλην
1147 2247 1242 2302 καὶ
1279 2246 1439 2315 ἁγίαν
1474 2245 1690 2299 σύνοδον
1721 2261 1849 2315 συγ-

266 2346 634 2412 κροτήσαντες
665 2341 973 2404 ἐπίσκοποι,
1003 2342 1060 2392 ἐν
1091 2339 1280 2410 Κυρίῳ
1305 2338 1536 2409 χαίρειν.

350 2434 575 2506 Ἐπειδὴ
611 2433 712 2502 τῆς
761 2431 858 2485 τοῦ
902 2430 1036 2484 Θεοῦ
1073 2433 1310 2503 χάριτος,
1350 2431 1445 2485 καὶ
1475 2429 1568 2484 τοῦ
1611 2428 1851 2499 θεοφιλε-

272 2526 476 2578 στάτου
503 2524 758 2594 βασιλέως
782 2523 1186 2578 Κωνσταντίνου
1205 2522 1598 2592 συναγαγόντος
1611 2523 1758 2593 ἡμᾶς
1786 2522 1851 2575 ἐκ

271 2614 556 2686 διαφόρων
588 2614 786 2667 πόλεών
817 2631 873 2666 τε
907 2614 1001 2666 καὶ
1028 2613 1325 2686 ἐπαρχιῶν,
1358 2612 1569 2684 μεγάλη
1597 2613 1692 2666 καὶ
1719 2611 1851 2680 ἁγία

277 2707 511 2770 σύνοδος
551 2709 608 2760 ἐν
648 2706 841 2777 Νίκαια
872 2705 1264 2776 συνεκροτήθη,
1305 2704 1366 2768 ἐξ
1414 2707 1649 2767 ἅπαντος
1687 2705 1853 2770 ἀναγ-

277 2801 442 2853 καῖον
463 2799 658 2868 ἐφάνη,
691 2797 830 2868 παρὰ
857 2799 954 2868 τῆς
987 2797 1138 2868 ἱερᾶς
1163 2796 1380 2850 συνόδου
1414 2797 1510 2850 καὶ
1549 2796 1684 2868 πρὸς
1707 2796 1852 2867 ὑμᾶς

269 2891 582 2945 ἐπιστεῖλαι
629 2890 958 2960 γράμματα·
1012 2889 1077 2962 ἵν’
1121 2889 1317 2942 εἰδέναι
1343 2888 1538 2959 ἔχοιτε,
1578 2890 1699 2943 τίνα
1751 2888 1851 2960 μὲν

265 2983 505 3054 ἐκινήθη
542 2983 638 3036 καὶ
671 2979 964 3051 ἐξητάσθη,
995 2979 1114 3032 τίνα
1140 2978 1197 3031 δὲ
1225 2977 1369 3043 ἔδοξε
1399 2978 1494 3031 καὶ
1522 2977 1846 3049 ἐκρατύνθη.

264 3076 500 3148 Πρῶτον
527 3075 627 3145 μὲν
657 3071 750 3128 οὖν
773 3074 834 3137 ἐξ
880 3073 1132 3128 ἁπάντων
1169 3070 1438 3142 ἐξητάσθη
1465 3071 1533 3124 τὰ
1578 3069 1718 3123 κατὰ
1749 3068 1846 3141 τὴν

264 3169 534 3224 ὰσὲὃειαν
591 3167 685 3220 καὶ
763 3165 863 3237 τὴν
923 3164 1265 3236 παρανομίαν
1333 3163 1538 3233 Ἀρείου
1595 3162 1688 3215 καὶ
1742 3161 1848 3215 τῶν

268 3264 370 3318 σῦν
414 3261 594 3332 αὐτῷ,
644 3262 739 3313 ἐπὶ
795 3259 1064 3330 παρουσίᾳ
1103 3256 1198 3310 τοῦ
1244 3255 1654 3324 Θεοφιλεστάτου
1697 3253 1850 3324 βασι-

264 3354 407 3416 λέως
431 3351 852 3406 Κωνσταντίνου
875 3365 889 3378 °
923 3349 1018 3402 καὶ
1052 3345 1344 3417 παμψηφεὶ
1381 3344 1555 3410 ἔδοξεν
1580 3343 1851 3413 ἀναθεμα-

264 3447 529 3518 τισθῆναι
563 3444 664 3515 τὴν
691 3443 864 3512 ἁσεΰῆ
892 3440 1055 3496 αὐτοῦ
1076 3440 1253 3507 δόξαν,
1280 3437 1463 3493 καὶτὰ
1495 3439 1714 3509 ῥήματα
1755 3435 1852 3489 καὶ

262 3541 333 3594 τὰ
375 3539 632 3608 ὀνόματα
686 3537 755 3589 τὰ
804 3535 1124 3606 βλάσφημα,
1176 3527 1256 3596 οἷς
1305 3531 1569 3602 ἐκέχρητο
1615 3528 1853 3598 βλασφη-

265 3631 409 3701 μῶν,
466 3630 564 3682 τὸν
593 3627 722 3680 Υίδν
767 3625 859 3679 τοῦ
902 3624 1036 3678 Θεοῦ
1089 3624 1263 3692 λέγων
1300 3621 1358 3688 ἐξ
1381 3623 1480 3674 οὐκ
1526 3620 1712 3684 ὄντων,
1758 3620 1852 3673 καὶ

262 3721 410 3777 εἷναί
447 3739 585 3776 ποτε
611 3722 698 3774 ὅτε
724 3720 825 3773 οὐκ
846 3714 915 3790 ἦν
933 3735 946 3748 ·
972 3718 1064 3771 καὶ
1087 3714 1518 3785 αὑτεξουσιότητι
1536 3711 1731 3776 κακίας
1759 3711 1852 3765 καὶ

261 3818 477 3889 ἀρετῆς
503 3814 751 3869 δεκτικὸν
773 3815 864 3867 τὸν
890 3812 1018 3866 Υίὸν
1041 3811 1134 3866 τοῦ
1161 3810 1294 3865 Θεοῦ
1316 3809 1562 3879 λέγοντος
1591 3808 1726 3876 (52),
1757 3806 1853 3860 καὶ

265 3911 488 3982 κτίσμα
540 3910 637 3962 καὶ
693 3907 905 3977 ποίημα
958 3901 1342 3974 ὀνομάζοντος,
1406 3901 1620 3956 ἅπαντα
1665 3898 1852 3953 ἀνεϐε-

269 4005 512 4074 μᾶτισεν
548 4004 582 4072 ὴ
618 4001 748 4070 ἁγία
775 3999 1007 4063 σύνοδος,
1041 3998 1161 4052 οὐδὲ
1191 3997 1311 4051 ὅσον
1341 3994 1569 4050 ἀκοῦσαι
1597 3994 1694 4063 τῆς
1725 3994 1854 4046 ἀσε-

269 4096 403 4160 εοῦς
437 4095 604 4165 δόξης
626 4095 660 4164 ἦ
689 4093 946 4155 ἀπονοίας
973 4091 1066 4144 καὶ
1091 4089 1200 4142 τῶν
1223 4088 1553 4158 βλασφήμων
1577 4086 1853 4158 ῥημάτων,

269 4183 654 4254 ανασχομένη.
697 4183 807 4235 Καὶ
825 4180 894 4233 τὰ
921 4179 1017 4250 μὲν
1050 4180 1171 4231 κατ’
1197 4177 1404 4231 ἐκείνου
1428 4177 1540 4231 οἵου
1562 4175 1746 4238 τέλους
1765 4191 1856 4227 τε-

272 4275 517 4345 rimus,
565 4273 784 4334 πάντως
822 4271 852 4342 ἢ
887 4271 1157 4340 ἀκηκόατε
1202 4268 1235 4339 ἢ
1272 4266 1599 4334 ἀκούσεσθε,
1647 4265 1736 4319 ἵνα
1781 4262 1857 4336 μὴ

2014 1797 2428 1926 (ιιῗςιιίεείΑι-ίιιδ
2461 1811 2508 1856 et
2541 1797 2641 1874 qui
2659 1819 2774 1855 cum
2802 1797 2915 1872 ipso
2941 1807 3332 1863 consenserant,
3359 1797 3517 1868 depo-

2014 1889 2056 1925 sr
2083 1890 2100 1926 ι
2123 1884 2264 1926 sunt.

2012 1884 2100 1926 διιι
2123 1884 2264 1926 sunt.

2017 1968 2228 2027 Sancta:
2250 1973 2425 2044 gratia
2447 1973 2544 2028 Dei
2567 1988 2881 2044 magnaeque
2903 1971 3395 2027 Alexandrinorum
3418 1969 3522 2026 Ec-

1946 2062 2144 2130 clesiae,
2167 2073 2224 2120 et
2245 2065 2460 2120 dilectis
2479 2065 2740 2120 fratribus
2762 2080 2861 2134 per
2881 2063 3192 2134 Egyptum,
3212 2061 3432 2132 Libyam
3457 2075 3521 2115 ac

1946 2155 2283 2227 Pentapolim
2316 2156 2648 2222 constitutis,
2683 2155 2926 2227 episcopi
2959 2155 3152 2210 Nicaea:
3187 2153 3516 2223 congregati,

1946 2256 2004 2304 et
2045 2264 2294 2320 magnam
2344 2257 2697 2320 sanctamque
2742 2247 3011 2320 synodum
3054 2247 3420 2317 complentes,
3464 2245 3520 2302 in

1946 2337 2179 2393 Domino
2215 2339 2465 2393 salutem.

2016 2428 2468 2500 Quandoquidem
2492 2430 2602 2484 Deo
2624 2430 2833 2500 optimo
2855 2431 3112 2496 maximo,
3133 2429 3293 2499 eique
3314 2423 3524 2481 charis-

1949 2523 2088 2578 simo
2123 2523 2365 2594 principe
2388 2522 2769 2589 Constantino,
2795 2540 2896 2580 nos
2927 2541 2995 2579 ex
3025 2521 3258 2578 diversis
3283 2516 3520 2575 civitati-

1949 2617 2053 2672 bus
2074 2633 2140 2672 ac
2163 2618 2460 2688 provinciis
2483 2627 2866 2690 congregante,
2891 2633 3045 2672 sacra
3067 2624 3123 2671 et
3143 2629 3336 2684 magna
3358 2625 3521 2683 syno-

1950 2708 2054 2764 dus
2078 2709 2271 2764 Nicaeze
2293 2710 2565 2765 celebrata
2588 2718 2693 2775 est,
2720 2725 2948 2781 prorsus
2972 2706 3337 2762 necessarium
3363 2702 3518 2758 duxi-

1949 2816 2101 2866 mus,
2140 2801 2211 2856 ab
2247 2802 2503 2857 universo
2526 2816 2683 2856 sacro
2722 2799 2953 2856 concilio
2991 2799 3154 2854 etiam
3194 2797 3263 2852 ad
3301 2810 3399 2850 vos
3433 2793 3526 2848 lit-

1952 2904 2097 2950 teras
2128 2894 2304 2959 mitti;
2342 2909 2409 2949 ex
2431 2893 2632 2964 quibus
2669 2893 2971 2963 intelligere
3011 2890 3233 2963 possitis
3274 2904 3522 2960 quaenam

1950 2987 2230 3060 proposita
2255 2995 2417 3058 atque
2441 2987 2769 3051 examinata,
2794 3001 3040 3057 quaenam
3065 2985 3193 3039 item
3219 2983 3438 3039 decreta
3459 2997 3524 3040 ac

1955 3079 2192 3137 stabilita
2224 3079 2351 3134 sint.
2380 3079 2621 3134 Primum
2651 3078 2816 3150 igitur
2842 3077 3026 3132 habita
3057 3084 3142 3131 est
3175 3074 3402 3145 quzestio
3426 3088 3521 3130 co-

1955 3186 2073 3226 ram
2101 3169 2345 3240 piissimo
2369 3169 2615 3241 principe
2649 3167 3026 3232 Constantino,
3051 3167 3120 3222 de
3151 3165 3428 3236 impietate
3459 3179 3524 3219 ac

1955 3263 2313 3332 perversitate
2335 3261 2450 3317 Arii
2485 3269 2540 3316 et
2572 3261 2844 3316 sociorum
2879 3259 3019 3329 ejus,
3056 3256 3376 3324 cunctisque
3406 3253 3523 3310 suf-

1955 3352 2292 3424 fragantibus
2333 3353 2536 3424 placuit
2580 3359 2639 3406 ut
2681 3351 2844 3422 impia
2895 3350 3014 3420 ejus
3064 3349 3247 3419 Opinio
3295 3348 3522 3403 anathe-

1957 3453 2102 3500 mate
2145 3445 2530 3508 damnaretur,
2569 3443 2845 3512 verbaque
2887 3456 2950 3496 ac
3000 3441 3221 3495 nomina
3265 3439 3523 3509 blasphe-

1957 3538 2081 3593 miae
2124 3540 2315 3609 plena,
2361 3537 2562 3607 quibus
2617 3539 2903 3601 utebatur,
2955 3533 3144 3589 dicens
3187 3532 3383 3587 Filium
3428 3530 3522 3587 Dei

1958 3640 2140 3686 ortum
2181 3646 2250 3686 ex
2285 3631 2484 3694 nihilo,
2520 3639 2576 3685 et
2614 3629 2782 3684 fuisse
2817 3626 3109 3698 aliquando
3148 3634 3363 3696 tempus
3399 3640 3521 3682 cum

1958 3738 2068 3778 non
2092 3729 2257 3786 esset,
2283 3730 2340 3776 et
2362 3737 2462 3792 pro
2500 3721 2712 3776 arbitrii
2748 3720 3001 3776 libertate
3031 3733 3157 3773 eum
3183 3717 3300 3773 vitii
3323 3732 3388 3772 ac
3407 3717 3522 3772 vir-

1961 3815 2066 3885 27
2102 3815 2234 3869 tutis
2257 3829 2509 3884 capacem
2544 3828 2664 3868 esse
2688 3831 2700 3867 :
2723 3821 2780 3868 et
2805 3820 3111 3868 creaturam
3137 3810 3289 3867 illum
3319 3824 3523 3866 vocans

1959 3916 2123 3977 atque
2165 3906 2448 3961 facturam.
2490 3903 2616 3960 [hec
2648 3904 2832 3960 omnia
2865 3904 3209 3960 anathemate
3248 3901 3524 3958 damnavit

1961 3999 2299 4054 sanctissima
2351 3998 2620 4071 synodus,
2663 3997 2938 4068 opinionis
2981 3996 3146 4067 hujus
3189 3995 3523 4066 impietatem

1961 4099 2124 4161 atque
2144 4092 2459 4153 amentiam,
2485 4099 2542 4145 et
2564 4089 2727 4144 verba
2752 4089 3101 4160 blasphemiae
3127 4090 3304 4159 plena,
3329 4103 3400 4143 ne
3423 4103 3523 4142 au-

1961 4180 2080 4235 dire
2103 4181 2326 4250 quidem
2363 4183 2634 4252 patienter
2658 4180 2954 4235 sustinens.
2981 4180 3048 4234 Et
3070 4195 3134 4234 ea
3158 4179 3380 4250 quidem
3402 4192 3525 4247 qua:

1962 4272 2223 4327 adversus
2246 4273 2398 4328 illum
2422 4281 2570 4344 gesta
2596 4281 2743 4335 sunt,
2769 4271 2852 4326 vel
2882 4269 3226 4339 comperistis
3253 4271 3362 4338 jam
3383 4307 3398 4331 ,
3437 4267 3521 4321 vel

269 4366 526 4436 δόξωμεν
550 4362 900 4433 ἐπεμδαίνειν
929 4361 1080 4432 ἀνδρὶ
1107 4360 1173 4413 δι’
1201 4359 1405 4412 οἰκείαν
1436 4357 1708 4429 ἁμαρτίαν
1733 4355 1849 4420 ἄξια

1963 4363 2116 4418 brevi
2151 4364 2481 4433 oompertnri
2514 4363 2685 4417 estis:
2717 4376 2784 4414 ne
2818 4375 2917 4414 nos
2954 4359 3212 4412 insultare
3242 4357 3525 4413 videamur

268 4461 339 4513 τὰ
369 4460 642 4528 ἐπίχειρα
679 4455 1050 4527 κομισαμένῳ.
1088 4451 1352 4507 Τοσοῦτον
1385 4451 1441 4505 δὲ
1478 4452 1663 4522 ἴσχυσε
1697 4449 1849 4504 αὐτοί

1965 4454 2172 4509 homini
2197 4455 2291 4524 qui
2328 4454 2552 4508 sceleris
2584 4451 2668 4506 sui
2707 4451 2925 4521 dignam
2961 4448 3269 4504 mercedem
3296 4447 3521 4518 recepit.

269 4555 304 4624 ἡ
332 4551 578 4606 ἀσέϐεια
614 4549 690 4613 ὡς
725 4548 821 4603 καὶ⁸
869 4545 1244 4617 παραπολέσαι
1277 4543 1494 4597 Θεωνᾶν
1543 4540 1653 4595 ἀπὺ
1704 4542 1864 4614 Μαρ-

1962 4547 2187 4602 Tantam
2215 4561 2344 4600 vero
2367 4545 2476 4600 vim
2497 4544 2686 4600 habuit
2710 4545 2830 4614 ejus
2855 4541 3127 4614 impietas,
3151 4549 3212 4597 ut
3247 4542 3524 4597 Theonam

275 4647 559 4717 μρικῆς,
599 4643 694 4696 καὶ
719 4639 1013 4694 Σεκοῦνδον
1045 4637 1154 4691 ἀπὸ
1183 4633 1560 4705 Πτολεμαΐδος.
1587 4633 1708 4686 Τῶν
1756 4634 1849 4705 γὰρ

1961 4639 2312 4702 Marmaricaz,
2340 4646 2395 4693 et
2421 4637 2733 4693 Secundum
2773 4634 3127 4692 Ptolemaidis
3169 4635 3484 4706 episcopum
3505 4674 3521 4698 ,

272 4737 465 4791 αὐτῶν
523 4735 764 4788 κάκεῖνοι
817 4733 1197 4802 τετυχήκασιν.
1255 4727 1394 4782 Ἀλλ’
1439 4725 1628 4792 ἐπειδὴ
1677 4727 1712 4795 ἠ
1749 4717 1849 4780 ¹τοί

1961 4743 2146 4784 secum
2201 4727 2256 4781 in
2296 4727 2523 4781 exitium
2575 4725 2926 4796 pertraxerit.
2984 4723 3120 4780 Nam
3155 4731 3212 4778 et
3252 4723 3307 4778 in
3351 4723 3522 4789 istos,

273 4827 415 4882 Θεοῦ
433 4827 630 4899 χάρις,
652 4826 749 4896 τῆς
775 4824 873 4895 μὲν
889 4819 1204 4885 κακοδοξίας
1230 4817 1558 4890 ἐκείνηςτκαὶ
1588 4817 1849 4880 ἀσεϐείας

1959 4819 2153 4875 eadem
2177 4833 2297 4888 quae
2320 4818 2374 4871 in
2398 4817 2549 4872 illum
2590 4817 2695 4871 lata
2720 4817 2992 4872 sententia
3016 4825 3118 4873 est.
3133 4816 3240 4872 Sed
3264 4817 3524 4887 quoniam

273 4923 372 4976 καὶ
400 4921 516 4990 τῆς
549 4917 922 4989 βλασφημίας,
951 4914 1046 4968 καὶ
1071 4913 1177 4966 τῶν
1205 4909 1510 4982 προσώπων
1533 4908 1642 4963 τῶν
1667 4909 1849 4980 τολμηι

1962 4909 2356 4980 omnipotentis
2401 4909 2496 4963 Dei
2547 4909 2747 4979 gratia.
2799 4909 3068 4978 pravitate
3117 4907 3339 4978 quidem
3381 4908 3528 4964 illius

277 5015 506 5068 σάντων
531 5010 816 5064 διάστασιν
843 5006 936 5060 καὶ
955 5005 1217 5074 διαίρεσιν
1247 5000 1575 5072 ποιήσασθαι
1597 4999 1691 5054 τοῦ
1718 5001 1849 5073 εἰρη-

1962 4999 2236 5071 Opinionis
2258 5009 2314 5056 et
2337 4999 2612 5070 impietate
2648 5009 2811 5069 atque
2853 5000 3216 5070 blasphemia,
3241 5005 3298 5054 et
3329 5000 3398 5056 iis
3431 5001 3528 5055 ho-

276 5104 584 5175 νευομὲνου
617 5099 822 5155 ἄνωθεν
849 5095 1005 5160 λαοῦ,
1033 5093 1400 5165 ἠλευθέρωσεν
1429 5091 1594 5163 ἡμᾶς·
1623 5090 1849 5143 ἐλείπετε

1960 5093 2202 5148 minibus
2242 5091 2335 5162 qui
2380 5093 2434 5146 in
2480 5091 2683 5160 populo
2725 5091 2958 5146 antehac
3000 5100 3192 5161 pacato
3233 5092 3422 5147 turbas
3464 5109 3528 5148 ac

275 5201 335 5252 δὲ
375 5198 444 5251 τὸ
475 5194 619 5250 κατά
661 5193 760 5264 τὴν
795 5191 1124 5264 προπέτειαν
1155 5185 1432 5248 Μελιτίου,
1473 5184 1566 5237 καὶ
1615 5183 1722 5235 τῶν
1773 5183 1849 5235 ὑπ

1960 5186 2185 5242 dissidia
2221 5185 2491 5240 concitare
2526 5183 2642 5236 ausi
2674 5181 2918 5247 fuerant,
2957 5197 3055 5235 vos
3091 5182 3199 5251 jam
3239 5183 3523 5247 liberavit;

1487 5365 1754 5423 \‘ALESII
1792 5361 2334 5422 ANNOTATIONES.

357 5512 486 5582 (52)
510 5513 617 5568 τὸν
649 5512 788 5566 nar
827 5509 937 5582 τοῦ
992 5508 1137 5582 Θεοῦ
1161 5509 1485 5582 λέγοντος,
1519 5507 1709 5582 Exstat
1737 5505 1849 5582 haec

1958 5497 2437 5582 quenti_per_icope'
2461 5495 2684 5582 omittit,
2827 5495 2942 5549 hac
2975 5492 3366 5582 omnia'jungit
3397 5507 3527 5582 eam

282 5562 531 5654 epist—oile-
549 5562 1137 5654 a’pudv'l'heodoritum
1160 5562 1380 5654 inlibro
1403 5562 1578 5654 primo
1605 5576 1855 5654 Historia
1908 5601 1910 5604 ν
1960 5562 2283 5654 praecedenti
2324 5562 2572 5654 periodq.
2586 5564 2872 5654 blugcodic‘e
2890 5562 3529 5654 quoque-ligonisll‘l‘la-

283 5633 696 5720 éEéiééiisEi’cé:
720 5633 1505 5722 aliquotinlocisdiscrepans
1527 5649 1594 5704 ab
1615 5648 1856 5702 editione
2059 5633 2469 5722 deesthverbum
2500 5634 3026 5722 λέγοντοςὶει-ηαορ
3059 5633 3306 5722 sequitur
3328 5633 3530 5704 ὀνομά-

286 5703 1327 5781 §E§ii§il§§u§fﬁéddoﬁidévocem
1348 5703 1598 5789 imm.
1628 5732 1749 5772 cum
1777 5731 1849 5770 se-

1967 5713 2171 5775 ζον-δοῖ.
2210 5709 2272 5763 El
2306 5723 2406 5778 pro
2433 5709 2664 5769 ἅπαντα,
2702 5704 2901 5773 legitur
2926 5703 3094 5758 ταῦτα
3119 5704 3316 5758 πάντα.
