4046 6204
483 284 550 337 87
1946 285 2279 341 SOCRATIS
3651 285 3722 340 88

480 393 728 449 examine
751 391 1012 448 dictatam
1036 392 1204 448 fuisse
1229 413 1241 448 :
1273 410 1374 448 nec
1385 395 1632 465 quaedam
1651 395 1706 449 in
1725 411 1790 450 eo
1817 397 2049 451 concilio

2153 399 2350 470 πολλῆς
2381 399 2726 470 συζητῆσεως
2751 397 2845 450 καὶ
2869 394 3189 466 δοκιμασίας
3221 394 3384 449 αὑτὸν
3413 393 3722 466 ὑπηγόρευ-

480 486 646 549 dicta,
670 483 916 555 quasdam
945 483 1164 539 silentio
1189 485 1387 540 tradita
1413 503 1427 552 ;
1454 486 1551 541 sed
1597 502 1935 557 quacunque
1977 488 2046 542 ad

479 576 948 632 conﬁrmationem
972 575 1244 646 dogmatis
1288 576 1397 632 dici
1443 585 1722 648 poterant,
1766 587 1960 634 cuncta
1991 579 2046 633 in

476 668 722 724 medium
747 667 916 722 fuisse
945 669 1194 738 prolata;
1220 685 1323 724 nec
1357 685 1577 724 causam
1619 677 1824 724 temere
1849 669 2045 724 defini—

479 771 609 821 tam,
638 759 734 814 sed
759 760 914 829 prius
939 769 1197 814 accurate
1230 760 1530 815 discussam
1570 760 1738 815 fuisse
1764 779 1776 814 ε
1827 761 1963 814 adeo
1988 770 2049 814 ut

480 863 598 918 qua:
625 848 1055 902 controversiam
1083 857 1176 903 aut
1198 849 1567 905 contentionis
1590 850 1875 904 materiam
1899 851 2046 904 exei-

481 947 595 994 tare
643 939 991 1004 videbantur,
1035 955 1066 994 e
1100 940 1282 995 medio
1325 941 1539 996 sublata
1582 942 1710 997 sint.
1747 942 1943 1012 Atque,
1991 949 2051 996 ut

480 1031 794 1085 summatim
823 1030 1027 1096 dicam,
1071 1033 1319 1086 omnium
1362 1033 1457 1102 qui
1505 1034 1636 1088 illuc
1673 1042 2052 1088 convenerunt

479 1123 836 1186 voluntatem,
864 1125 959 1178 Dei
994 1124 1333 1178 voluntatem
1375 1124 1612 1195 appellat
1640 1143 1652 1177 :
1704 1140 1806 1179 nec
1836 1124 2051 1179 dubitat

479 1214 612 1282 quin
634 1222 714 1268 tot
738 1231 800 1268 ac
826 1216 1016 1269 talium
1033 1216 1419 1287 episcoporum
1448 1216 1740 1270 consensio
1786 1232 1817 1270 a
1840 1215 2050 1284 Spiritu

480 1314 671 1359 sancto
722 1316 1020 1376 procurata
1067 1308 1158 1362 sit.
1200 1307 1437 1362 Sabinus
1478 1323 1610 1361 vero
1653 1307 2053 1361 Macedonians:

479 1403 640 1449 sectae
658 1396 1064 1468 antesignanus,
1083 1399 1262 1453 sciens
1276 1414 1338 1453 ac
1352 1399 1593 1469 prudens
1611 1398 1699 1454 his
1724 1398 2052 1453 testimoniis

485 1484 822 1555 refragatur:
849 1502 1054 1556 eosque
1093 1490 1187 1558 qui
1211 1489 1325 1543 illic
1346 1489 1656 1560 congregati
1679 1497 1827 1553 sunt,
1854 1487 2044 1553 rudes,

481 1576 740 1644 omnique
765 1577 998 1632 scientia
1021 1579 1313 1635 destitutos
1337 1581 1504 1635 fuisse
1541 1581 1711 1647 dicit;
1748 1597 2052 1651 parumque

2153 505 2249 541 σαν
2272 505 2288 519 ο
2310 489 2403 542 καὶ
2429 488 2526 558 οὐχ
2552 487 2632 541 ὄτι
2660 485 2781 540 τινὰ
2812 487 2909 556 μὲν
2929 485 3143 556 ἐλέχθη,
3165 483 3286 540 τινὰ
3305 485 3362 538 δὲ
3389 484 3720 556 ἁπεσιγήθη,

2148 580 2263 634 ἀλλ’
2293 581 2376 633 ὅτι
2403 579 2503 632 ὅσα
2526 577 2660 649 πρὸς
2681 577 2936 630 σύστασιν
2958 575 3051 630 τοῦ
3071 576 3336 645 δόγματος
3354 575 3610 645 λεχθῆναι
3625 577 3726 647 ἤρ-

2152 669 2280 741 μοζε
2298 668 2432 739 (65),
2452 667 2629 721 πάντα
2647 665 2870 738 ἐκινήθη
2891 682 2906 696 °
2937 666 3032 720 καὶ
3049 667 3133 719 ὅτι
3160 666 3258 736 οὐχ
3279 664 3466 728 ἁπλῶς
3490 665 3720 736 ὡρίσθη,

2147 760 2263 816 ἀλλ’
2303 759 2547 832 ἀκριϐῶς
2579 757 2847 830 ἐξητάσθη
2890 755 3181 829 πρότερον·
3227 755 3368 809 ὥστε
3413 756 3590 810 πάντα
3621 756 3726 809 ὅσα

2148 853 2182 924 ῆ
2217 850 2576 924 ἀμφιϐολίας,
2627 849 2661 922 ἥ
2694 848 2958 920 διχονοίας
2989 848 3257 918 πρόφασιν
3293 847 3464 900 ἐδόκει
3505 847 3722 917 γεννᾷν,

2147 943 2320 998 ταῦτα
2362 940 2605 996 ἐκποδὼν
2637 939 2986 1010 γεγενῆσθαι.
3033 938 3106 993 Τὸ
3151 937 3447 1008 κεφάλαιον
3493 937 3724 1008 γνώμην

2149 1034 2308 1097 Θεοῦ.
2337 1034 2436 1105 τὴν
2467 1033 2681 1087 πάντων
2703 1031 2811 1085 τῶν
2840 1032 2956 1083 ἐκεῖ
2981 1029 3339 1084 συνελθόντων
3369 1027 3594 1098 γνώμην
3619 1045 3725 1081 κα-

2149 1127 2252 1188 λεῖ,
2281 1125 2374 1177 καὶ
2415 1122 2692 1193 Πνεύματι
2720 1121 2880 1192 ἁγίῳ,
2915 1119 3025 1174 τῶν
3046 1119 3319 1173 τοσούτων
3347 1119 3442 1172 καὶ
3467 1117 3724 1188 τηλικού-

2149 1230 2258 1267 των
2297 1210 2607 1265 ἐπισκόπων
2633 1211 2732 1281 τὴν
2751 1209 3059 1281 ὁμοφωνίαν
3079 1208 3330 1278 γενέσθαι
3355 1208 3454 1262 οὐκ
3473 1209 3718 1261 ἀπιστεῖ.

2151 1306 2374 1370 Σαϐῖνος
2397 1306 2454 1359 δὲ
2478 1308 2506 1359 ὁ
2526 1307 2622 1376 τῆς
2641 1302 2971 1360 Μακεδονίου
2991 1303 3255 1373 αἱρέσεως
3274 1299 3574 1372 προεστὼς,
3595 1301 3726 1355 τού-

2151 1414 2264 1462 τοις
2295 1399 2392 1468 μὲν
2433 1395 2574 1450 ἑκὼν
2620 1397 2680 1449 ού
2729 1395 3014 1467 προσέχει·
3047 1393 3162 1447 ἀλλ’
3201 1392 3413 1457 ἰδιώτας
3437 1434 3452 1456 ,
3498 1393 3595 1446 καὶ
3647 1392 3727 1464 μὴ

2153 1487 2296 1559 ἔχειν
2310 1487 2529 1557 γνῶσιν,
2551 1487 2674 1551 τοὺς
2695 1488 2809 1540 ἐκεῖ
2821 1485 3169 1549 συνελθόντας
3189 1485 3369 1556 φησίν·
3400 1482 3728 1537 κινδυνεύων

2155 1579 2252 1632 καὶ
2280 1579 2442 1632 αὐτὸν
2469 1578 2560 1632 τὸν
2593 1578 2875 1650 Καισαρέα
2908 1577 3164 1630 Εὑσέϐιον
3205 1576 3295 1630 ἐπὶ
3329 1575 3574 1646 ἀγνωσία
3603 1575 3724 1628 δια-

480 1665 637 1721 abest
682 1669 816 1736 quin
862 1669 1040 1740 ipsum
1101 1670 1266 1725 etiam
1320 1670 1710 1726 Ciesaricnsem
1756 1670 2050 1725 Eusebium

2155 1669 2396 1723 ϐάλλεινο
2423 1670 2515 1724 καὶ
2548 1669 2647 1723 οὑκ
2676 1667 2984 1740 ἐνθυμεῖται
3009 1709 3024 1733 ,
3057 1667 3131 1730 ὡς
3161 1669 3210 1720 εί
3232 1665 3327 1721 καὶ
3355 1666 3555 1719 ἰδιῶται
3583 1661 3726 1737 ἦσαν

485 1758 775 1828 imperitia:
801 1771 1053 1816 accuset:
1077 1777 1254 1834 neque
1282 1763 1414 1816 illud
1462 1769 1698 1833 reputat,
1724 1778 1819 1817 cos
1850 1762 1942 1832 qui
1989 1761 2050 1816 ad

2156 1763 2203 1815 οί
2236 1762 2333 1832 τῆς
2382 1761 2622 1824 συνόδου,
2662 1761 3075 1831 κατελάμποντο
3099 1759 3154 1812 δὲ
3177 1759 3282 1813 ὑπὸ
3317 1758 3411 1812 τοῦ
3441 1757 3599 1824 Θεοῦ,
3629 1758 3726 1812 καὶ

485 1849 755 1918 synodum
780 1851 926 1905 illam
969 1861 1365 1917 convenerunt,
1390 1852 1641 1921 quamvis
1685 1852 1850 1907 rudes
1875 1861 2050 1907 essent

2153 1853 2250 1924 τῆς
2273 1853 2493 1924 χάριτος
2507 1852 2601 1906 τοῦ
2625 1851 2779 1921 ἁγίου
2807 1850 3122 1922 Πνεύματος
3143 1863 3191 1915 ι,
3215 1849 3463 1921 οὐδαμῶς
3489 1849 3726 1919 ἀστοχῆ-

484 1948 648 2009 atque
672 1940 935 2012 imperiti,
959 1944 1054 1998 Dei
1091 1953 1272 1998 tamen
1297 1954 1353 1998 et
1376 1944 1615 2014 Spiritus
1667 1945 1840 2000 sancti
1882 1945 2050 2015 gratia

2155 1961 2242 1997 σαι
2266 1945 2364 2014 τῆς
2389 1944 2643 2016 ἀληθείας
2673 1942 2945 1998 ἐδύναντο.
2990 1943 3322 1997 Ἐπὰκουσον
3356 1942 3486 2011 γοῦν
3513 1936 3602 1995 οἷα
3627 1943 3726 1996 καὶ

485 2029 805 2097 illustratos,
831 2034 1148 2090 nullatenus
1173 2051 1203 2090 a
1231 2035 1464 2090 veritate
1505 2036 1768 2091 aberrare
1791 2039 2054 2107 potuisse.

481 2119 685 2175 Verum
709 2123 993 2178 audiamus
1026 2125 1156 2194 quid
1205 2126 1502 2196 imperator
1543 2127 1600 2181 in
1651 2127 1755 2182 alia
1805 2129 2056 2198 epistola,

483 2213 749 2267 adversus
772 2213 889 2267 Arii
937 2225 1378 2286 scctatorumque
1414 2218 1535 2288 ejus
1577 2217 1828 2288 dogmata
1874 2219 2042 2288 legem

484 2311 749 2369 statuens,
775 2305 844 2360 ad
869 2322 1060 2364 omnes
1099 2308 1306 2380 ubique
1330 2310 1617 2381 episcopos
1654 2320 1709 2365 et
1740 2312 2052 2382 provincia-

480 2391 558 2448 les
581 2395 882 2466 scripserit.
910 2388 912 2391 ’

887 2509 1008 2564 Alia
1034 2511 1256 2582 epistola
1284 2511 1642 2569 Constantini.

483 2598 654 2656 Victor
695 2597 1092 2668 Constantinus,
1138 2604 1422 2680 Magni-mus,
1468 2606 1754 2679 Augustus,
1802 2611 2050 2680 episcopis

1112 2682 1163 2726 et
1185 2674 1442 2745 plebibus.

548 2782 685 2839 Cum
708 2784 881 2842 malos
901 2794 957 2841 et
983 2785 1179 2857 impios
1221 2787 1472 2848 homines
1501 2790 1745 2848 imitatus
1770 2793 1842 2847 sit
1863 2793 2048 2858 Arius,

475 2875 733 2930 eamdem
755 2892 880 2932 cum
904 2878 1012 2932 illis
1038 2895 1256 2948 poenam
1283 2881 1520 2937 infamia:
1565 2892 1814 2939 meretur
1837 2883 2044 2938 subire.

481 2966 950 3031 Quemadmodum
967 2983 1098 3038 ergo
1121 2969 1460 3042 Porphyrius
1504 2987 1650 3028 verae
1677 2973 1897 3042 pietatis
1941 2973 2050 3028 ini-

482 3057 682 3122 micus,
710 3059 1028 3128 compositis
1051 3059 1312 3116 adversus
1333 3061 1704 3118 Christianam
1728 3065 2051 3137 religionem

481 3148 703 3204 nefariis
722 3150 1112 3215 voluminibus,
1133 3151 1350 3222 dignam
1373 3153 1681 3210 mercedem
1700 3157 1905 3223 retulit,
1922 3166 1981 3213 ut
1996 3166 2052 3214 et

483 3241 599 3308 ipse
623 3240 842 3295 infamis
864 3241 936 3296 sit
967 3241 1110 3312 apud
1137 3251 1411 3312 posteros,
1439 3244 1735 3315 multisque
1763 3248 2041 3316 appetitus

481 3334 793 3405 opprobriis
818 3376 834 3400 ,
869 3344 925 3390 et
949 3337 1100 3407 impii
1131 3338 1249 3408 ejus
1271 3337 1400 3392 libri
1431 3338 1653 3409 penitus
1685 3339 1893 3395 fuerint
1913 3340 2050 3395 abo-

481 3425 565 3480 liti
604 3443 617 3478 :
673 3426 750 3480 ita
795 3442 942 3482 nunc
991 3428 1197 3498 placuit
1235 3429 1428 3484 Arium
1469 3439 1878 3502 sectatoresque
1928 3434 2051 3505 ejus

486 3517 894 3589 Porpliyrianos
911 3519 1118 3583 vocari,
1145 3529 1203 3575 ut
1227 3522 1385 3592 cujus
1430 3521 1629 3576 imitati
1682 3531 1812 3577 sunt
1847 3539 2050 3588 mores,

485 3610 607 3680 ejus
631 3610 796 3665 etiam
820 3609 1085 3667 vocabulo
1109 3613 1470 3682 appellentur.
1512 3614 1803 3679 Prazterea,
1853 3616 1900 3670 si
1929 3617 2054 3686 quis

489 3702 630 3756 forte
685 3702 827 3756 liber
876 3703 944 3757 ab
999 3703 1132 3758 Ario
1182 3706 1525 3775 conscriptus
1569 3707 1899 3778 reperiatur,
1945 3707 2052 3777 32

487 3793 721 3849 flammis
765 3811 894 3849 eum
934 3797 1147 3852 absumi
1194 3799 1582 3868 praecipimus:
1624 3809 1686 3855 ut
1720 3815 1831 3858 non
1874 3801 2051 3855 solum

486 3899 655 3954 prava
683 3884 833 3939 illius
878 3883 1130 3940 doctrina
1181 3885 1428 3942 funditus
1473 3887 1790 3954 aboleatur;
1840 3889 1936 3944 sed
1984 3906 2054 3945 ne

488 3984 902 4030 monumentum
927 3976 1147 4047 quidem
1173 3978 1291 4047 ejus
1321 3978 1488 4032 ullum
1523 3980 1830 4049 posteritati
1877 3980 2051 4036 relin-

2154 2035 2222 2088 δι’
2251 2035 2442 2106 ἐτέρας
2494 2035 2782 2106 ἐπιπολῆς
2830 2037 2857 2089 ὁ
2889 2035 3177 2106 βασιλεὺς,
3224 2035 3366 2089 κατά
3397 2050 3457 2086 τε
3508 2033 3726 2104 Ἀρείου

2155 2129 2249 2181 καὶ
2278 2127 2385 2182 τῶν
2410 2127 2680 2199 ὁμοδόξων
2709 2127 2874 2181 αὑτοῦ
2901 2126 3288 2198 νομοθετήσας,
3311 2128 3421 2190 τοῖς
3447 2122 3726 2194 πανταχοῦ

2152 2220 2471 2283 ἐπισκόποις
2495 2236 2553 2272 τε
2586 2219 2677 2272 καὶ
2711 2218 2857 2282 λαοῖς
2885 2217 3243 2288 διεπέμψατο.

2433 2518 2631 2585 Ἄλλη
2657 2515 2949 2584 ἐπιστολὴ
2980 2515 3458 2570 Κωνσταντίνου.

2146 2607 2411 2677 Νικητὴς
2452 2607 2933 2674 Κωνσταντῖνος,
2988 2605 3316 2677 Μέγισζφς,
3381 2605 3724 2673 Σεϐαστὸς,

2572 2678 2929 2743 ἐπισκόποις
2956 2676 3056 2730 καὶ
3085 2675 3278 2743 λαοῖς.

2216 2794 2353 2857 Τοὺς
2402 2791 2669 2864 πονηροὺς
2722 2791 2815 2844 καὶ
2875 2789 3092 2853 ἀσεϐεῖς
3167 2786 3285 2858 (66)
3347 2786 3730 2858 μιμησάμενος

2157 2885 2373 2955 Ἀρειος
2391 2923 2407 2946 ,
2430 2882 2635 2946 δίκαιός
2670 2885 2783 2935 ἐστι
2807 2881 2905 2952 τὴν
2925 2880 3092 2952 αὐτὴν
3119 2880 3346 2942 ἐκείνοις
3369 2879 3582 2948 ὑπέχειν
3605 2877 3730 2930 ἀτι-

2158 2976 2303 3047 μίαν.
2361 2975 2571 3046 Ὥσπερ
2618 2974 2796 3027 τοίνυν
2852 2972 3160 3044 Πορφύριος
3204 2973 3233 3024 ό
3267 2971 3366 3041 τῆς
3413 2969 3730 3033 θεοσεϐείας

2153 3067 2380 3140 ἐχθρὸς,
2411 3067 2765 3139 συντάγματα
2804 3066 3096 3138 παράνομα
3125 3064 3269 3119 κατὰ
3299 3063 3396 3133 τῆς
3424 3061 3729 3133 θρησκείας

2154 3159 2560 3230 συστησάμενος
2585 3199 2601 3224 ,
2635 3157 2784 3224 ἄξιον
2831 3156 3023 3226 εὕρετο
3054 3156 3263 3226 μισθὸν,
3312 3154 3406 3207 καὶ
3460 3151 3727 3217 τοιοῦτον,

2152 3250 2292 3303 ὥστε
2326 3249 2686 3304 ἐπονείδιστον
2723 3249 2818 3319 μὲν
2848 3248 3009 3301 αὑτὸν
3045 3247 3180 3319 πρὸς
3206 3245 3296 3299 τον
3319 3245 3448 3314 ἑξῆς
3474 3243 3730 3312 γενέσθαι

2153 3342 2361 3413 χρόνον,
2383 3342 2475 3397 καὶ
2495 3341 2752 3414 πλείστης
2780 3340 3188 3412 ἀναπλησθῆναι
3217 3337 3554 3406 κακοδοξίας,
3587 3337 3726 3406 ἀφα-

2155 3433 2404 3504 νισθῆναι
2428 3435 2486 3488 δὲ
2505 3434 2575 3488 τὰ
2597 3435 2766 3505 ἀσεϐῆ
2798 3433 2959 3487 αὐτοῦ
2987 3432 3421 3502 συγγράμματαο
3455 3429 3596 3482 οὕτω
3624 3429 3726 3481 καὶ

2157 3524 2252 3578 νῦν
2281 3524 2457 3592 ἔδοξεν
2484 3527 2702 3596 ’Ἄρειόν
2717 3544 2776 3578 τε
2801 3526 2895 3579 καὶ¹
2923 3526 3048 3589 τοὺς
3081 3526 3289 3595 Ἀρείου
3316 3523 3728 3595 ὁμογνώμονας,

2157 3617 2564 3690 Πορφυριανοὺς
2607 3619 2704 3689 μὲν
2733 3617 3012 3672 καλεῖσθαι
3043 3617 3094 3683 ι),
3144 3618 3212 3670 ἵν’
3243 3610 3318 3671 ὧν
3343 3618 3467 3679 τοὺς
3492 3615 3727 3686 τρόπους

2162 3709 2498 3780 μεμίμηνται
2524 3749 2540 3772 ,
2583 3709 2787 3764 τούτων
2838 3709 3001 3780 ἔχωσι
3051 3710 3146 3763 καὶ
3189 3709 3284 3780 τὴν
3334 3707 3726 3778 προσηγορίαν.

2161 3798 2304 3869 Πρὸς
2331 3798 2388 3852 δὲ
2439 3800 2649 3864 τούτοις
2689 3802 2782 3854 καὶ
2814 3799 2868 3852 εί
2895 3818 2948 3853 τι
2999 3799 3338 3870 σύγγραμμα
3374 3799 3480 3852 ὑπὸ
3520 3796 3726 3868 Ἀρείου

2161 3890 2586 3960 συντεταγμένον
2613 3889 2937 3962 εὑρίσκοιτο,
2960 3888 3117 3942 τοῦτο
3144 3888 3277 3958 πυρὶ
3307 3883 3694 3958 παραδίδοσθαι
3712 3899 3727 3915 ·

2161 3983 2248 4035 ἵνα
2279 3983 2353 4054 μὴ
2388 3983 2546 4052 μόνον
2591 3983 2661 4036 τὰ
2691 3981 2870 4052 φαῦλα
2895 3982 3056 4035 αὐτοῦ
3081 3982 3178 4053 τῆς
3207 3979 3555 4042 διδασκαλίας
3585 3978 3724 4045 ἀφα-

1674 4151 1940 4207 ΥΜᾸΞΞΠ
1980 4153 2526 4215 ANNOTATIONES.

564 4289 999 4379 ᾼξζᾷἦιςαι
1045 4292 1276 4379 ἥρμοζε.
1325 4293 1455 4347 Post
1506 4294 1623 4348 haec
1664 4292 1834 4347 verba
1881 4293 2050 4348 codex

2159 4295 2294 4350 tium
2320 4296 2567 4379 apposui,
2592 4298 2821 4379 proprie
2864 4312 2994 4379 non
3019 4297 3264 4379 pertinet
3305 4294 3374 4348 ad
3418 4291 3724 4379 sinodum;

486 4362 669 4449 Alla‘tii
693 4362 846 4451 addit
872 4363 1046 4416 πάντα
1073 4363 1332 4488 ὲκινῆθἬ

560 4432 671 4488 (66)
702 4437 848 4488 Tovc
873 4433 971 4486 καὶ
1001 4434 1257 4488 ἀσεϐεις.

560 4432 671 4507 (66)
702 4433 848 4507 Τοὺς
873 4433 971 4486 καὶ
1001 4432 1257 4507 ἀσεϐεῖς.
1289 4432 1412 4507 Haac
1432 4434 1774 4507 Constantini
1816 4436 2058 4507 impera-

489 4502 626 4555 toris
651 4502 884 4570 epistola
904 4517 1016 4556 non
1046 4519 1146 4557 suo
1173 4505 1296 4558 loco
1322 4505 1413 4558 hic
1452 4506 1690 4560 refertur
1733 4521 1764 4560 a
1806 4502 2054 4562 Socrate.

484 4571 812 4642 collocanda
837 4571 1023 4640 potius
1044 4580 1164 4626 erat
1208 4582 1331 4642 post
1377 4575 1662 4641 epistolam
1706 4575 2057 4630 Constantini

485 4639 878 4714 ad‘Ecclesias,
901 4656 1023 4710 quae
1045 4639 1292 4714 proxime
1339 4639 1584 4714 sequitur
1630 4642 1691 4714 in
1722 4643 1828 4697 hoc
1853 4646 2051 4714 capite.

485 4707 669 4782 Primo
693 4709 840 4782 enim
865 4707 986 4782 loco
1013 4707 1317 4782 referenda:
1341 4707 1468 4782 sunt
1500 4712 1745 4782 epistola:
1769 4728 1890 4782 qua:
1920 4707 2057 4782 'per-

485 4778 666 4834 tinent
687 4778 753 4833 ad
781 4779 1047 4850 synodum
1070 4779 1365 4834 Nicmnam.
1405 4778 1556 4835 Hzec'
1570 4797 1701 4834 vero
1748 4778 1905 4852 cujus
1934 4778 2054 4836 'ini-

2156 4383 2260 4442 nec
2305 4359 2470 4442 uﬂalu
2517 4359 2716 4442 synodi
2755 4359 3396 4442 continetattentionem:
3447 4359 3617 4442 Porro
3660 4359 3729 4441 ad

2157 4437 2300 4512 banc
2342 4435 2684 4512 Constantini
2717 4439 3014 4512 epistolam
3062 4437 3256 4512 alludit
3299 4435 3730 4512 Athanasiusjn

2157 4508 2400 4580 Epistola
2427 4509 2496 4562 ad
2522 4503 2816 4580 solitario—5,
2842 4508 2935 4562 ubi
2960 4508 3027 4580 de
3053 4506 3374 4580 Constanti_o
3409 4505 3525 4558 haec
3548 4503 3684 4580 dicit
3712 4519 3726 4553 :

2297 4579 2349 4632 τί
2380 4580 2506 4642 τοὺς
2557 4579 2880 4655 ςΔρεια-ίοὺς
2927 4577 3020 4640 οὒς
3067 4579 3274 4655 ἐκεῖνος
3315 4571 3732 4655 μορφυριανοίές

2153 4647 2426 4717 ὠνόμασε,
2481 4640 2700 4710 τούτους
2734 4640 2888 4710 οὗτος
2929 4651 3009 4710 εἰς
3071 4640 3732 4717 Ἑκκλησίανέίσαγαγείν

2159 4718 2445 4780 σπουδάζει
2467 4735 2484 4784 ;

1920 4939 2301 4998 VABIORUM.

559 5092 588 5120 ⁸
618 5077 1081 5149 Κατξλὰμποντο
1113 5076 1181 5131 δὲ
1209 5076 1328 5130 ὑπὸ
1351 5078 1457 5149 τοῦ
1481 5078 1649 5141 Θεοῦ,
1682 5079 1777 5132 καὶ
1814 5077 1922 5146 τῆς
1951 5077 2050 5148 χά-

2153 5096 2361 5149 μονας,
2387 5079 2841 5149 Πορφυριανοὺς
2850 5078 2968 5148 μὲν
2991 5077 3324 5149 καλεῖσθαι.
3365 5078 3730 5135 Doctissimus

474 5165 646 5218 ριτος
663 5147 770 5202 τοῦ
799 5149 973 5218 ἁγίου
1006 5148 1477 5218 Πνεύματοςν.71ιι
1521 5165 1585 5204 ea
1634 5151 1906 5204 sententia
1950 5147 2056 5205 fuit

487 5217 853 5290 Socrates,gut
891 5217 1160 5290 crederet,
1209 5217 1465 5290 concilio
1498 5219 1881 5290 episcoporum
1923 5235 2054 5275 vere

485 5289 808 5362 universali
833 5303 1049 5358 semper
1078 5287 1268 5342 adesse
1328 5287 1566 5358 Spiritus
1619 5287 1793 5362 sancti
1824 5289 2054 5362 gratiam

485 5358 955 5430 illuminatricem,
981 5373 1103 5428 qua:
1125 5373 1242 5430 eos,
1287 5367 1564 5430 utcunque
1592 5359 1758 5414 rudes
1777 5358 1848 5414 et'
1881 5360 2054 5430 impe—

487 5431 627 5486 ritos
678 5428 846 5554 good
890 5427 1073 5482 tamen
1119 5427 1358 5482 Sabinus
1405 5427 1763 5484 de‘Patribus
1810 5427 2046 5486 Nicaahis

488 5503 626 5554 falso
648 5516 680 5554 a
741 5498 1031 5554 rmaveratl
1064 5498 1133 5553 ab
1159 5513 1371 5554 errore.
1401 5501 1590 5554 saltem
1620 5501 1675 5554 in
1720 5501 2045 5554 necessariis

488 5503 626 5556 falso
648 5498 1031 5568 afﬁrmaverat)
1064 5498 1133 5553 ab
1159 5513 1371 5560 errore,
1401 5501 1590 5554 saltem
1620 5501 1675 5556 in
1720 5501 2045 5556 necessariis

489 5571 617 5643 ﬁdei
648 5570 941 5643 articulis,
960 5569 1586 5643 immun_es_custod_iret.
1618 5571 1775 5643 (Vide
1791 5569 1872 5627 Cl.
1904 5571 2044 5628 Bulli

488 5641 701 5711 Πρῖσκε.
726 5641 851 5709 ﬁdei
879 5639 992 5696 Nic.
1020 5639 1209 5711 p833,
1240 5637 1360 5711 Τοῖς)
1432 5638 1448 5711 ί

563 5711 589 5752 δ
616 5708 868 5780 Ἔδοξεν
905 5708 1125 5781 Ἄρειόν
1153 5725 1208 5763 τε
1235 5708 1327 5763 καί
1355 5709 1491 5776 τοὺς
1535 5712 1747 5780 Ἀρείου
1793 5712 2049 5786 ὁμογνώ-

2151 5148 2554 5214 Cudwortbus,
2592 5150 2647 5204 in
2685 5148 3042 5220 Intetiectuati
3073 5157 3383 5220 systemqte,
3427 5164 3551 5220 pag.
3603 5149 3727 5215 592,

2151 5220 2394 5291 coniicit,
2444 5234 2645 5291 nomen
2689 5219 2796 5275 hoc
2826 5219 2958 5274 ideo
3009 5218 3229 5291 Arianis
3276 5218 3532 5291 inditum,
3582 5221 3728 5290 quod

2152 5289 2327 5361 instar
2349 5290 2637 5361 Porphyrii
2666 5291 3010 5361 aliorumque
3037 5304 3080 5361 eg
3093 5289 3300 5361 juniori
3321 5289 3730 5344 Platonicorum

2151 5359 2732 5442 s_cbola,ggrz_idationes
2755 5360 3020 5442 quasdam
3069 5359 3214 5442 inter
3246 5359 3493 5442 diversas
3526 5370 3733 5416 sancta:

2151 5431 2434 5512 Trinitatis
2453 5431 2774 5512 bypostases
2792 5431 3164 5512 excogitarant
3183 5449 3196 5485 :
3215 5445 3326 5512 quo
3352 5439 3518 5512 pacto
3529 5444 3732 5485 secun-

2151 5499 2277 5571 dam
2303 5509 2359 5555 et
2387 5499 2603 5555 tertiam
2643 5499 2954 5571 personam'
2977 5500 3034 5556 in
3083 5499 3459 5571 creaturarum
3494 5499 3734 5571 feregor-

2152 5570 2338 5642 dinem
2367 5569 2700 5642 rediget-ent.
2730 5569 2862 5642 _lmo
2911 5571 3067 5627 Plato
3119 5571 3236 5642 ipse
3261 5587 3292 5626 a
3327 5570 3531 5642 Cyrillo
3569 5569 3728 5642 Alex.

2156 5639 2522 5712 redarguitur'.
2553 5640 2651 5696 lib.
2676 5656 2692 5695 ι
2717 5639 2920 5712 Contra
2963 5639 3264 5703 Julian—um,
3325 5639 3482 5712 quasi
3511 5640 3732 5712 grada-

2156 5711 2406 5769 tionibus
2433 5712 2546 5770 suis
2575 5712 2719 5768 viam
2743 5711 3050 5770 Arianismo
3068 5711 3355 5771 sterneret
3387 5713 3474 5770 ΧΥ.
3507 5711 3727 5768 Lowm.
