  <div class='ocr_page' id='page_1' title='image "/cluster/home/n/w/nwhite01/storage/ocr_20150623/67/hvd.32044020707378/050.png"; bbox 0 0 4046 6204; ppageno 0'>
   <div class='ocr_carea' id='block_1_1' title="bbox 390 268 3636 355">
    <p class='ocr_par' dir='ltr' id='par_1_1' title="bbox 390 268 3636 355">
     <span class='ocr_line' id='line_1_1' title="bbox 390 268 3636 355; baseline 0.004 -14"><span class='ocrx_word' id='word_1_1' title='bbox 390 268 461 327; x_wconf 73' lang='lat'><strong>89</strong></span> <span class='ocrx_word' id='word_1_2' title='bbox 1384 290 1707 350; x_wconf 77' lang='lat' dir='ltr'><strong>HISTORIA</strong></span> <span class='ocrx_word' id='word_1_3' title='bbox 1745 294 2295 352; x_wconf 77' lang='lat' dir='ltr'><strong>ECCLESIASTICA.</strong></span> <span class='ocrx_word' id='word_1_4' title='bbox 2334 326 2403 336; x_wconf 80' lang='grc'><strong>-</strong></span> <span class='ocrx_word' id='word_1_5' title='bbox 2440 296 2568 351; x_wconf 78' lang='lat' dir='ltr'><strong>us.</strong></span> <span class='ocrx_word' id='word_1_6' title='bbox 2611 297 2652 351; x_wconf 89' lang='grc' dir='ltr'>ι.</span> <span class='ocrx_word' id='word_1_7' title='bbox 3564 299 3636 355; x_wconf 79' lang='lat' dir='ltr'><strong>oo</strong></span> 
     </span>
    </p>
   </div>
   <div class='ocr_carea' id='block_1_2' title="bbox 392 384 1976 485">
    <p class='ocr_par' dir='ltr' id='par_1_2' title="bbox 392 384 1974 485">
     <span class='ocr_line' id='line_1_2' title="bbox 392 384 1974 485; baseline 0.016 -47"><span class='ocrx_word' id='word_1_8' title='bbox 392 384 816 485; x_wconf 41' lang='lat' dir='ltr'><strong>wﬂrlnltﬂdc‘t</strong></span> <span class='ocrx_word' id='word_1_9' title='bbox 857 391 993 485; x_wconf 75' lang='grc' dir='ltr'>μηδὲ</span> <span class='ocrx_word' id='word_1_10' title='bbox 1025 394 1327 471; x_wconf 81' lang='grc' dir='ltr'>ὑπόμνημα</span> <span class='ocrx_word' id='word_1_11' title='bbox 1359 402 1525 457; x_wconf 74' lang='grc' dir='ltr'>αὑτοῦ</span> <span class='ocrx_word' id='word_1_12' title='bbox 1573 406 1712 471; x_wconf 80' lang='grc' dir='ltr'>ὅλως</span> <span class='ocrx_word' id='word_1_13' title='bbox 1760 408 1974 462; x_wconf 83' lang='grc' dir='ltr'>ὑπολεί-</span> 
     </span>
    </p>
   </div>
   <div class='ocr_carea' id='block_1_3' title="bbox 2075 384 3636 485">
    <p class='ocr_par' dir='ltr' id='par_1_3' title="bbox 2075 410 3636 485">
     <span class='ocr_line' id='line_1_3' title="bbox 2075 410 3636 485; baseline 0.003 -21"><span class='ocrx_word' id='word_1_14' title='bbox 2075 419 2293 479; x_wconf 86' lang='lat' dir='ltr'><strong>quatur.</strong></span> <span class='ocrx_word' id='word_1_15' title='bbox 2325 410 2466 466; x_wconf 75' lang='lat' dir='ltr'><strong>Illud</strong></span> <span class='ocrx_word' id='word_1_16' title='bbox 2493 411 2662 467; x_wconf 85' lang='lat' dir='ltr'><strong>etiam</strong></span> <span class='ocrx_word' id='word_1_17' title='bbox 2686 410 2975 478; x_wconf 86' lang='lat' dir='ltr'><strong>denuntio,</strong></span> <span class='ocrx_word' id='word_1_18' title='bbox 3011 413 3158 482; x_wconf 81' lang='lat' dir='ltr'><strong>quod</strong></span> <span class='ocrx_word' id='word_1_19' title='bbox 3189 413 3233 469; x_wconf 92' lang='lat' dir='ltr'><strong>si</strong></span> <span class='ocrx_word' id='word_1_20' title='bbox 3258 414 3384 485; x_wconf 85' lang='lat' dir='ltr'><strong>quis</strong></span> <span class='ocrx_word' id='word_1_21' title='bbox 3432 413 3636 469; x_wconf 86' lang='lat' dir='ltr'><strong>librum</strong></span> 
     </span>
    </p>
   </div>
   <div class='ocr_carea' id='block_1_4' title="bbox 394 478 1972 567">
    <p class='ocr_par' dir='ltr' id='par_1_4' title="bbox 394 478 1972 567">
     <span class='ocr_line' id='line_1_4' title="bbox 394 478 1972 567; baseline 0.015 -39"><span class='ocrx_word' id='word_1_22' title='bbox 394 492 574 532; x_wconf 71' lang='lat' dir='ltr'><strong>mtto.</strong></span> <span class='ocrx_word' id='word_1_23' title='bbox 613 478 817 534; x_wconf 83' lang='grc' dir='ltr'>Ἐκεῖνο</span> <span class='ocrx_word' id='word_1_24' title='bbox 855 484 1041 552; x_wconf 79' lang='grc' dir='ltr'>μέντοι</span> <span class='ocrx_word' id='word_1_25' title='bbox 1069 490 1425 560; x_wconf 74' lang='grc' dir='ltr'><strong>προαγορεύω</strong></span> <span class='ocrx_word' id='word_1_26' title='bbox 1449 533 1465 556; x_wconf 94' lang='grc'><strong>,</strong></span> <span class='ocrx_word' id='word_1_27' title='bbox 1492 494 1570 558; x_wconf 80' lang='grc' dir='ltr'><strong>ὡς</strong></span> <span class='ocrx_word' id='word_1_28' title='bbox 1614 495 1667 548; x_wconf 85' lang='grc' dir='ltr'><strong>εί</strong></span> <span class='ocrx_word' id='word_1_29' title='bbox 1705 514 1791 561; x_wconf 87' lang='grc' dir='ltr'><strong>τις</strong></span> <span class='ocrx_word' id='word_1_30' title='bbox 1837 497 1972 567; x_wconf 88' lang='grc' dir='ltr'>σύγ-</span> 
     </span>
    </p>
   </div>
   <div class='ocr_carea' id='block_1_5' title="bbox 397 569 1974 659">
    <p class='ocr_par' dir='ltr' id='par_1_5' title="bbox 397 569 1974 659">
     <span class='ocr_line' id='line_1_5' title="bbox 397 569 1974 659; baseline 0.015 -41"><span class='ocrx_word' id='word_1_31' title='bbox 397 581 635 659; x_wconf 82' lang='grc' dir='ltr'>γραμμα</span> <span class='ocrx_word' id='word_1_32' title='bbox 656 569 762 623; x_wconf 81' lang='grc' dir='ltr'><strong>ὑπὸ</strong></span> <span class='ocrx_word' id='word_1_33' title='bbox 796 571 1007 643; x_wconf 78' lang='grc' dir='ltr'>’Δρείου</span> <span class='ocrx_word' id='word_1_34' title='bbox 1035 579 1296 647; x_wconf 82' lang='grc' dir='ltr'>συνταγὲν</span> <span class='ocrx_word' id='word_1_35' title='bbox 1318 583 1596 656; x_wconf 78' lang='grc' dir='ltr'><strong>φωραθείη</strong></span> <span class='ocrx_word' id='word_1_36' title='bbox 1623 586 1857 659; x_wconf 79' lang='grc' dir='ltr'><strong>κρύψας,</strong></span> <span class='ocrx_word' id='word_1_37' title='bbox 1881 589 1974 643; x_wconf 80' lang='grc' dir='ltr'>καὶ</span> 
     </span>
    </p>
   </div>
   <div class='ocr_carea' id='block_1_6' title="bbox 399 657 1975 752">
    <p class='ocr_par' dir='ltr' id='par_1_6' title="bbox 399 657 1975 752">
     <span class='ocr_line' id='line_1_6' title="bbox 399 657 1975 752; baseline 0.015 -43"><span class='ocrx_word' id='word_1_38' title='bbox 399 659 477 752; x_wconf 77' lang='grc' dir='ltr'>μὴ</span> <span class='ocrx_word' id='word_1_39' title='bbox 520 657 727 726; x_wconf 79' lang='grc' dir='ltr'>εὐθέως</span> <span class='ocrx_word' id='word_1_40' title='bbox 761 666 1140 736; x_wconf 76' lang='grc' dir='ltr'><strong>προσενεγκὼν</strong></span> <span class='ocrx_word' id='word_1_41' title='bbox 1180 672 1317 743; x_wconf 71' lang='grc' dir='ltr'>πυρὶ</span> <span class='ocrx_word' id='word_1_42' title='bbox 1365 657 1766 752; x_wconf 78' lang='grc' dir='ltr'>καταναλώσῃ,</span> <span class='ocrx_word' id='word_1_43' title='bbox 1799 680 1975 752; x_wconf 83' lang='grc' dir='ltr'>τούτῳ</span> 
     </span>
    </p>
   </div>
   <div class='ocr_carea' id='block_1_7' title="bbox 399 750 1975 842">
    <p class='ocr_par' dir='ltr' id='par_1_7' title="bbox 399 750 1975 842">
     <span class='ocr_line' id='line_1_7' title="bbox 399 750 1975 842; baseline 0.016 -38"><span class='ocrx_word' id='word_1_44' title='bbox 399 750 629 817; x_wconf 84' lang='grc' dir='ltr'>θάνατος</span> <span class='ocrx_word' id='word_1_45' title='bbox 654 755 808 811; x_wconf 72' lang='grc' dir='ltr'>ἔσται</span> <span class='ocrx_word' id='word_1_46' title='bbox 834 760 869 830; x_wconf 88' lang='grc' dir='ltr'><strong>ή</strong></span> <span class='ocrx_word' id='word_1_47' title='bbox 901 758 1074 831; x_wconf 81' lang='grc' dir='ltr'>ζημία</span> <span class='ocrx_word' id='word_1_48' title='bbox 1095 780 1108 793; x_wconf 91' lang='grc'><strong>·</strong></span> <span class='ocrx_word' id='word_1_49' title='bbox 1160 769 1502 840; x_wconf 81' lang='grc' dir='ltr'>παραχρῆμα</span> <span class='ocrx_word' id='word_1_50' title='bbox 1532 770 1639 842; x_wconf 80' lang='grc' dir='ltr'>γὰρ</span> <span class='ocrx_word' id='word_1_51' title='bbox 1677 750 1839 837; x_wconf 81' lang='grc' dir='ltr'>άλοὺς</span> <span class='ocrx_word' id='word_1_52' title='bbox 1880 750 1975 829; x_wconf 64' lang='grc' dir='ltr'>ιτέι</span> 
     </span>
    </p>
   </div>
   <div class='ocr_carea' id='block_1_8' title="bbox 395 842 1975 930">
    <p class='ocr_par' dir='ltr' id='par_1_8' title="bbox 395 842 1975 930">
     <span class='ocr_line' id='line_1_8' title="bbox 395 842 1975 930; baseline 0.015 -36"><span class='ocrx_word' id='word_1_53' title='bbox 395 842 611 912; x_wconf 81' lang='grc' dir='ltr'>τούτῳ,</span> <span class='ocrx_word' id='word_1_54' title='bbox 650 846 951 920; x_wconf 62' lang='grc' dir='ltr'>κεφαλικήν</span> <span class='ocrx_word' id='word_1_55' title='bbox 992 851 1357 924; x_wconf 83' lang='grc' dir='ltr'>ὑποστήσεται</span> <span class='ocrx_word' id='word_1_56' title='bbox 1396 861 1688 930; x_wconf 79' lang='grc' dir='ltr'><strong>τιμωρίαν.</strong></span> <span class='ocrx_word' id='word_1_57' title='bbox 1735 862 1795 918; x_wconf 84' lang='lat'><strong>&#39;0</strong></span> <span class='ocrx_word' id='word_1_58' title='bbox 1841 863 1975 929; x_wconf 82' lang='grc' dir='ltr'>Θεὸς</span> 
     </span>
    </p>
   </div>
   <div class='ocr_carea' id='block_1_9' title="bbox 398 932 918 1008">
    <p class='ocr_par' dir='ltr' id='par_1_9' title="bbox 398 932 918 1008">
     <span class='ocr_line' id='line_1_9' title="bbox 398 932 918 1008; baseline 0.013 -22"><span class='ocrx_word' id='word_1_59' title='bbox 398 932 547 1005; x_wconf 76' lang='grc' dir='ltr'>ὑμᾶς</span> <span class='ocrx_word' id='word_1_60' title='bbox 580 934 918 1008; x_wconf 72' lang='grc' dir='ltr'>διαφυλάξοι,</span> 
     </span>
    </p>
   </div>
   <div class='ocr_carea' id='block_1_10' title="bbox 932 1074 1456 1149">
    <p class='ocr_par' dir='ltr' id='par_1_10' title="bbox 932 1074 1456 1149">
     <span class='ocr_line' id='line_1_10' title="bbox 932 1074 1456 1149; baseline 0.021 -21"><span class='ocrx_word' id='word_1_61' title='bbox 932 1074 1116 1145; x_wconf 68' lang='grc' dir='ltr'>Ἄλλη</span> <span class='ocrx_word' id='word_1_62' title='bbox 1141 1077 1456 1149; x_wconf 70' lang='grc' dir='ltr'>ἐπιστολή.</span> 
     </span>
    </p>
   </div>
   <div class='ocr_carea' id='block_1_11' title="bbox 470 1166 1898 1246">
    <p class='ocr_par' dir='ltr' id='par_1_11' title="bbox 470 1166 1898 1246">
     <span class='ocr_line' id='line_1_11' title="bbox 470 1166 1898 1246; baseline 0.01 -27"><span class='ocrx_word' id='word_1_63' title='bbox 470 1166 929 1234; x_wconf 77' lang='grc' dir='ltr'>Κωνσταντῖνος</span> <span class='ocrx_word' id='word_1_64' title='bbox 960 1170 1279 1238; x_wconf 82' lang='grc' dir='ltr'>Σεϐαστὸς,</span> <span class='ocrx_word' id='word_1_65' title='bbox 1314 1173 1437 1232; x_wconf 79' lang='grc' dir='ltr'>ταῖς</span> <span class='ocrx_word' id='word_1_66' title='bbox 1487 1176 1898 1246; x_wconf 60' lang='lat' dir='ltr'><strong>Tauno-(atq.</strong></span> 
     </span>
    </p>
   </div>
   <div class='ocr_carea' id='block_1_12' title="bbox 471 1278 1970 1366">
    <p class='ocr_par' dir='ltr' id='par_1_12' title="bbox 471 1278 1970 1366">
     <span class='ocr_line' id='line_1_12' title="bbox 471 1278 1970 1366; baseline 0.011 -34"><span class='ocrx_word' id='word_1_67' title='bbox 471 1279 679 1350; x_wconf 83' lang='grc' dir='ltr'>Πεῖραν</span> <span class='ocrx_word' id='word_1_68' title='bbox 705 1278 888 1336; x_wconf 86' lang='grc' dir='ltr'>λαϐὼν</span> <span class='ocrx_word' id='word_1_69' title='bbox 926 1283 992 1336; x_wconf 75' lang='grc' dir='ltr'>ἐκ</span> <span class='ocrx_word' id='word_1_70' title='bbox 1032 1284 1132 1355; x_wconf 85' lang='grc' dir='ltr'>τῆς</span> <span class='ocrx_word' id='word_1_71' title='bbox 1160 1285 1269 1339; x_wconf 86' lang='grc' dir='ltr'><strong>τῶν</strong></span> <span class='ocrx_word' id='word_1_72' title='bbox 1290 1288 1484 1343; x_wconf 79' lang='grc' dir='ltr'>κοινῶν</span> <span class='ocrx_word' id='word_1_73' title='bbox 1516 1291 1837 1362; x_wconf 77' lang='grc' dir='ltr'>εὐπραξίας,</span> <span class='ocrx_word' id='word_1_74' title='bbox 1872 1295 1970 1366; x_wconf 78' lang='grc' dir='ltr'>ὅση</span> 
     </span>
    </p>
   </div>
   <div class='ocr_carea' id='block_1_13' title="bbox 402 1365 1975 1455">
    <p class='ocr_par' dir='ltr' id='par_1_13' title="bbox 402 1365 1975 1455">
     <span class='ocr_line' id='line_1_13' title="bbox 402 1365 1975 1455; baseline 0.012 -37"><span class='ocrx_word' id='word_1_75' title='bbox 402 1365 508 1435; x_wconf 73' lang='grc' dir='ltr'>τῆς</span> <span class='ocrx_word' id='word_1_76' title='bbox 543 1367 693 1430; x_wconf 89' lang='grc' dir='ltr'>θείας</span> <span class='ocrx_word' id='word_1_77' title='bbox 747 1368 1029 1441; x_wconf 85' lang='grc' dir='ltr'>δυνάμεως</span> <span class='ocrx_word' id='word_1_78' title='bbox 1064 1372 1274 1444; x_wconf 78' lang='grc' dir='ltr'>πέφυκε</span> <span class='ocrx_word' id='word_1_79' title='bbox 1308 1376 1499 1446; x_wconf 87' lang='grc' dir='ltr'>χάρις,</span> <span class='ocrx_word' id='word_1_80' title='bbox 1531 1379 1718 1435; x_wconf 83' lang='grc' dir='ltr'>τοῦτόν</span> <span class='ocrx_word' id='word_1_81' title='bbox 1765 1399 1826 1436; x_wconf 82' lang='grc' dir='ltr'><strong>τε</strong></span> <span class='ocrx_word' id='word_1_82' title='bbox 1868 1365 1975 1455; x_wconf 76' lang='grc' dir='ltr'><strong>πρὸ</strong></span> 
     </span>
    </p>
   </div>
   <div class='ocr_carea' id='block_1_14' title="bbox 403 1456 1972 1539">
    <p class='ocr_par' dir='ltr' id='par_1_14' title="bbox 403 1456 1972 1539">
     <span class='ocr_line' id='line_1_14' title="bbox 403 1456 1972 1539; baseline 0.01 -30"><span class='ocrx_word' id='word_1_83' title='bbox 403 1457 626 1511; x_wconf 84' lang='grc' dir='ltr'>πάντων</span> <span class='ocrx_word' id='word_1_84' title='bbox 654 1457 842 1530; x_wconf 84' lang='grc' dir='ltr'>ἔκρινα</span> <span class='ocrx_word' id='word_1_85' title='bbox 883 1456 1022 1537; x_wconf 73' lang='grc' dir='ltr'>εζναί</span> <span class='ocrx_word' id='word_1_86' title='bbox 1062 1480 1151 1533; x_wconf 83' lang='grc' dir='ltr'><strong>μοι</strong></span> <span class='ocrx_word' id='word_1_87' title='bbox 1202 1466 1497 1537; x_wconf 80' lang='grc' dir='ltr'>προσήκειν</span> <span class='ocrx_word' id='word_1_88' title='bbox 1544 1469 1779 1537; x_wconf 81' lang='grc' dir='ltr'>σκοπὸν,</span> <span class='ocrx_word' id='word_1_89' title='bbox 1826 1471 1972 1539; x_wconf 81' lang='grc' dir='ltr'>ὅπως</span> 
     </span>
    </p>
   </div>
   <div class='ocr_carea' id='block_1_15' title="bbox 405 1550 1973 1634">
    <p class='ocr_par' dir='ltr' id='par_1_15' title="bbox 405 1550 1973 1634">
     <span class='ocr_line' id='line_1_15' title="bbox 405 1550 1973 1634; baseline 0.01 -32"><span class='ocrx_word' id='word_1_90' title='bbox 405 1550 559 1620; x_wconf 67' lang='grc' dir='ltr'>παρὰ</span> <span class='ocrx_word' id='word_1_91' title='bbox 575 1553 689 1613; x_wconf 84' lang='grc' dir='ltr'>τοῖς</span> <span class='ocrx_word' id='word_1_92' title='bbox 720 1553 1157 1623; x_wconf 76' lang='grc' dir='ltr'>μακαριωτάτοις</span> <span class='ocrx_word' id='word_1_93' title='bbox 1184 1556 1282 1627; x_wconf 85' lang='grc' dir='ltr'>τῆς</span> <span class='ocrx_word' id='word_1_94' title='bbox 1327 1557 1621 1632; x_wconf 83' lang='grc' dir='ltr'>καθολικῆς</span> <span class='ocrx_word' id='word_1_95' title='bbox 1653 1562 1973 1634; x_wconf 84' lang='grc' dir='ltr'>Ἑκκλησίας</span> 
     </span>
    </p>
   </div>
   <div class='ocr_carea' id='block_1_16' title="bbox 407 1641 1974 1726">
    <p class='ocr_par' dir='ltr' id='par_1_16' title="bbox 407 1641 1974 1726">
     <span class='ocr_line' id='line_1_16' title="bbox 407 1641 1974 1726; baseline 0.01 -33"><span class='ocrx_word' id='word_1_96' title='bbox 407 1641 636 1711; x_wconf 78' lang='grc' dir='ltr'><strong>πλήθεσι</strong></span> <span class='ocrx_word' id='word_1_97' title='bbox 669 1644 851 1707; x_wconf 82' lang='grc' dir='ltr'>πίστις</span> <span class='ocrx_word' id='word_1_98' title='bbox 880 1643 997 1714; x_wconf 86' lang='grc' dir='ltr'>μία,</span> <span class='ocrx_word' id='word_1_99' title='bbox 1029 1646 1123 1699; x_wconf 74' lang='grc' dir='ltr'>καὶ</span> <span class='ocrx_word' id='word_1_100' title='bbox 1165 1648 1461 1723; x_wconf 81' lang='grc' dir='ltr'>εἰλικρινής</span> <span class='ocrx_word' id='word_1_101' title='bbox 1497 1652 1707 1724; x_wconf 88' lang='grc' dir='ltr'>ἀγάπη,</span> <span class='ocrx_word' id='word_1_102' title='bbox 1732 1654 1974 1726; x_wconf 86' lang='grc' dir='ltr'>ὁμογνώ-</span> 
     </span>
    </p>
   </div>
   <div class='ocr_carea' id='block_1_17' title="bbox 2073 501 3638 575">
    <p class='ocr_par' dir='ltr' id='par_1_17' title="bbox 2073 501 3638 575">
     <span class='ocr_line' id='line_1_17' title="bbox 2073 501 3638 575; baseline 0.003 -19"><span class='ocrx_word' id='word_1_103' title='bbox 2073 501 2144 556; x_wconf 87' lang='lat' dir='ltr'><strong>ab</strong></span> <span class='ocrx_word' id='word_1_104' title='bbox 2170 503 2304 558; x_wconf 86' lang='lat' dir='ltr'><strong>Ario</strong></span> <span class='ocrx_word' id='word_1_105' title='bbox 2320 505 2681 574; x_wconf 83' lang='lat' dir='ltr'><strong>compositum</strong></span> <span class='ocrx_word' id='word_1_106' title='bbox 2699 504 3002 561; x_wconf 70' lang='lat' dir='ltr'><strong>occultasse</strong></span> <span class='ocrx_word' id='word_1_107' title='bbox 3023 504 3397 575; x_wconf 88' lang='lat' dir='ltr'><strong>deprehensus</strong></span> <span class='ocrx_word' id='word_1_108' title='bbox 3420 508 3511 571; x_wconf 89' lang='lat' dir='ltr'><strong>sit,</strong></span> <span class='ocrx_word' id='word_1_109' title='bbox 3537 523 3638 561; x_wconf 90' lang='lat' dir='ltr'><strong>nec</strong></span> 
     </span>
    </p>
   </div>
   <div class='ocr_carea' id='block_1_18' title="bbox 2073 595 3636 669">
    <p class='ocr_par' dir='ltr' id='par_1_18' title="bbox 2073 595 3636 669">
     <span class='ocr_line' id='line_1_18' title="bbox 2073 595 3636 669; baseline 0.004 -21"><span class='ocrx_word' id='word_1_110' title='bbox 2073 609 2201 649; x_wconf 89' lang='lat' dir='ltr'><strong>eum</strong></span> <span class='ocrx_word' id='word_1_111' title='bbox 2232 595 2418 650; x_wconf 85' lang='lat' dir='ltr'><strong>statim</strong></span> <span class='ocrx_word' id='word_1_112' title='bbox 2443 595 2688 652; x_wconf 88' lang='lat' dir='ltr'><strong>oblatum</strong></span> <span class='ocrx_word' id='word_1_113' title='bbox 2712 596 2837 667; x_wconf 81' lang='lat' dir='ltr'><strong>igne</strong></span> <span class='ocrx_word' id='word_1_114' title='bbox 2863 596 3246 662; x_wconf 84' lang='lat' dir='ltr'><strong>combusserit,</strong></span> <span class='ocrx_word' id='word_1_115' title='bbox 3292 598 3484 652; x_wconf 79' lang='lat' dir='ltr'><strong>mortis</strong></span> <span class='ocrx_word' id='word_1_116' title='bbox 3517 615 3636 669; x_wconf 71' lang='lat' dir='ltr'><strong>pce—</strong></span> 
     </span>
    </p>
   </div>
   <div class='ocr_carea' id='block_1_19' title="bbox 2072 688 3636 760">
    <p class='ocr_par' dir='ltr' id='par_1_19' title="bbox 2072 688 3636 760">
     <span class='ocr_line' id='line_1_19' title="bbox 2072 688 3636 760; baseline 0.001 -18"><span class='ocrx_word' id='word_1_117' title='bbox 2072 703 2201 742; x_wconf 89' lang='lat' dir='ltr'><strong>nam</strong></span> <span class='ocrx_word' id='word_1_118' title='bbox 2241 688 2491 744; x_wconf 81' lang='lat' dir='ltr'><strong>subibit:</strong></span> <span class='ocrx_word' id='word_1_119' title='bbox 2536 690 2699 745; x_wconf 85' lang='lat' dir='ltr'><strong>simul</strong></span> <span class='ocrx_word' id='word_1_120' title='bbox 2739 700 2904 760; x_wconf 86' lang='lat' dir='ltr'><strong>atque</strong></span> <span class='ocrx_word' id='word_1_121' title='bbox 2946 690 3097 746; x_wconf 90' lang='lat' dir='ltr'><strong>enim</strong></span> <span class='ocrx_word' id='word_1_122' title='bbox 3142 688 3197 743; x_wconf 92' lang='lat' dir='ltr'><strong>in</strong></span> <span class='ocrx_word' id='word_1_123' title='bbox 3247 689 3351 744; x_wconf 89' lang='lat' dir='ltr'><strong>hoc</strong></span> <span class='ocrx_word' id='word_1_124' title='bbox 3395 689 3636 744; x_wconf 80' lang='lat' dir='ltr'><strong>facinore</strong></span> 
     </span>
    </p>
   </div>
   <div class='ocr_carea' id='block_1_20' title="bbox 2072 778 3633 852">
    <p class='ocr_par' dir='ltr' id='par_1_20' title="bbox 2072 778 3633 852">
     <span class='ocr_line' id='line_1_20' title="bbox 2072 778 3633 852; baseline 0.001 -19"><span class='ocrx_word' id='word_1_125' title='bbox 2072 778 2240 834; x_wconf 88' lang='lat' dir='ltr'><strong>fuerit</strong></span> <span class='ocrx_word' id='word_1_126' title='bbox 2258 778 2651 850; x_wconf 88' lang='lat' dir='ltr'><strong>deprehensus,</strong></span> <span class='ocrx_word' id='word_1_127' title='bbox 2679 781 2902 852; x_wconf 84' lang='lat' dir='ltr'><strong>capitali</strong></span> <span class='ocrx_word' id='word_1_128' title='bbox 2926 781 3201 851; x_wconf 89' lang='lat' dir='ltr'><strong>supplicio</strong></span> <span class='ocrx_word' id='word_1_129' title='bbox 3226 780 3482 835; x_wconf 87' lang='lat' dir='ltr'><strong>ferietur.</strong></span> <span class='ocrx_word' id='word_1_130' title='bbox 3536 780 3633 834; x_wconf 84' lang='lat' dir='ltr'><strong>Di-</strong></span> 
     </span>
    </p>
   </div>
   <div class='ocr_carea' id='block_1_21' title="bbox 2071 866 2615 925">
    <p class='ocr_par' dir='ltr' id='par_1_21' title="bbox 2071 866 2615 925">
     <span class='ocr_line' id='line_1_21' title="bbox 2071 866 2615 925; baseline 0.004 -3"><span class='ocrx_word' id='word_1_131' title='bbox 2071 866 2273 925; x_wconf 82' lang='lat' dir='ltr'><strong>vinitas</strong></span> <span class='ocrx_word' id='word_1_132' title='bbox 2293 883 2393 925; x_wconf 85' lang='lat' dir='ltr'><strong>vos</strong></span> <span class='ocrx_word' id='word_1_133' title='bbox 2415 878 2615 925; x_wconf 80' lang='lat' dir='ltr'><strong>servet.</strong></span> 
     </span>
    </p>
   </div>
   <div class='ocr_carea' id='block_1_22' title="bbox 2476 1088 3229 1162">
    <p class='ocr_par' dir='ltr' id='par_1_22' title="bbox 2476 1088 3229 1162">
     <span class='ocr_line' id='line_1_22' title="bbox 2476 1088 3229 1162; baseline -0.001 -17"><span class='ocrx_word' id='word_1_134' title='bbox 2476 1088 2598 1145; x_wconf 78' lang='lat' dir='ltr'><strong>Alia</strong></span> <span class='ocrx_word' id='word_1_135' title='bbox 2625 1090 2849 1162; x_wconf 82' lang='lat' dir='ltr'><strong>epistola</strong></span> <span class='ocrx_word' id='word_1_136' title='bbox 2872 1089 3229 1145; x_wconf 75' lang='lat' dir='ltr'><strong>Constantini.</strong></span> 
     </span>
    </p>
   </div>
   <div class='ocr_carea' id='block_1_23' title="bbox 2351 1180 3349 1253">
    <p class='ocr_par' dir='ltr' id='par_1_23' title="bbox 2351 1180 3349 1253">
     <span class='ocr_line' id='line_1_23' title="bbox 2351 1180 3349 1253; baseline -0.002 -16"><span class='ocrx_word' id='word_1_137' title='bbox 2351 1180 2728 1237; x_wconf 73' lang='lat' dir='ltr'><strong>Constantinus</strong></span> <span class='ocrx_word' id='word_1_138' title='bbox 2772 1181 3057 1253; x_wconf 80' lang='lat' dir='ltr'><strong>Augustus,</strong></span> <span class='ocrx_word' id='word_1_139' title='bbox 3082 1180 3349 1236; x_wconf 75' lang='lat' dir='ltr'><strong>Ecclesiis.</strong></span> 
     </span>
    </p>
   </div>
   <div class='ocr_carea' id='block_1_24' title="bbox 2139 1291 3636 1364">
    <p class='ocr_par' dir='ltr' id='par_1_24' title="bbox 2139 1291 3636 1364">
     <span class='ocr_line' id='line_1_24' title="bbox 2139 1291 3636 1364; baseline 0 -16"><span class='ocrx_word' id='word_1_140' title='bbox 2139 1291 2277 1348; x_wconf 87' lang='lat' dir='ltr'><strong>Cum</strong></span> <span class='ocrx_word' id='word_1_141' title='bbox 2300 1308 2368 1347; x_wconf 82' lang='lat' dir='ltr'><strong>ex</strong></span> <span class='ocrx_word' id='word_1_142' title='bbox 2394 1293 2610 1348; x_wconf 81' lang='lat' dir='ltr'><strong>florenti</strong></span> <span class='ocrx_word' id='word_1_143' title='bbox 2638 1292 2957 1364; x_wconf 57' lang='lat' dir='ltr'><strong>reipublicae</strong></span> <span class='ocrx_word' id='word_1_144' title='bbox 2979 1302 3125 1348; x_wconf 87' lang='lat' dir='ltr'><strong>statu</strong></span> <span class='ocrx_word' id='word_1_145' title='bbox 3167 1303 3505 1364; x_wconf 89' lang='lat' dir='ltr'><strong>compertum</strong></span> <span class='ocrx_word' id='word_1_146' title='bbox 3535 1293 3636 1348; x_wconf 87' lang='lat' dir='ltr'><strong>ha-</strong></span> 
     </span>
    </p>
   </div>
   <div class='ocr_carea' id='block_1_25' title="bbox 2071 1382 3634 1454">
    <p class='ocr_par' dir='ltr' id='par_1_25' title="bbox 2071 1382 3634 1454">
     <span class='ocr_line' id='line_1_25' title="bbox 2071 1382 3634 1454; baseline -0.001 -15"><span class='ocrx_word' id='word_1_147' title='bbox 2071 1382 2262 1439; x_wconf 86' lang='lat' dir='ltr'><strong>berem</strong></span> <span class='ocrx_word' id='word_1_148' title='bbox 2294 1393 2500 1453; x_wconf 87' lang='lat' dir='ltr'><strong>quanta</strong></span> <span class='ocrx_word' id='word_1_149' title='bbox 2546 1383 2740 1438; x_wconf 77' lang='lat' dir='ltr'><strong>fuisset</strong></span> <span class='ocrx_word' id='word_1_150' title='bbox 2785 1400 2914 1454; x_wconf 81' lang='lat' dir='ltr'><strong>erga</strong></span> <span class='ocrx_word' id='word_1_151' title='bbox 2957 1398 3056 1438; x_wconf 90' lang='lat' dir='ltr'><strong>nos</strong></span> <span class='ocrx_word' id='word_1_152' title='bbox 3100 1384 3493 1453; x_wconf 88' lang='lat' dir='ltr'><strong>omnipotentis</strong></span> <span class='ocrx_word' id='word_1_153' title='bbox 3538 1384 3634 1441; x_wconf 86' lang='lat' dir='ltr'><strong>Dei</strong></span> 
     </span>
    </p>
   </div>
   <div class='ocr_carea' id='block_1_26' title="bbox 2072 1471 3634 1545">
    <p class='ocr_par' dir='ltr' id='par_1_26' title="bbox 2072 1471 3634 1545">
     <span class='ocr_line' id='line_1_26' title="bbox 2072 1471 3634 1545; baseline 0 -17"><span class='ocrx_word' id='word_1_154' title='bbox 2072 1471 2381 1545; x_wconf 77' lang='lat' dir='ltr'><strong>benignitas</strong></span> <span class='ocrx_word' id='word_1_155' title='bbox 2407 1513 2423 1539; x_wconf 91' lang='lat'><strong>,</strong></span> <span class='ocrx_word' id='word_1_156' title='bbox 2475 1473 2529 1527; x_wconf 91' lang='lat' dir='ltr'><strong>in</strong></span> <span class='ocrx_word' id='word_1_157' title='bbox 2555 1473 2661 1528; x_wconf 91' lang='lat' dir='ltr'><strong>hoc</strong></span> <span class='ocrx_word' id='word_1_158' title='bbox 2683 1474 2956 1545; x_wconf 57' lang='lat' dir='ltr'><strong>praecipue</strong></span> <span class='ocrx_word' id='word_1_159' title='bbox 3000 1474 3135 1528; x_wconf 88' lang='lat' dir='ltr'><strong>mihi</strong></span> <span class='ocrx_word' id='word_1_160' title='bbox 3179 1490 3299 1530; x_wconf 90' lang='lat' dir='ltr'><strong>esse</strong></span> <span class='ocrx_word' id='word_1_161' title='bbox 3346 1475 3634 1529; x_wconf 88' lang='lat' dir='ltr'><strong>elaboran-</strong></span> 
     </span>
    </p>
   </div>
   <div class='ocr_carea' id='block_1_27' title="bbox 2075 1560 3638 1627">
    <p class='ocr_par' dir='ltr' id='par_1_27' title="bbox 2075 1560 3638 1627">
     <span class='ocr_line' id='line_1_27' title="bbox 2075 1560 3638 1627; baseline 0.001 -11"><span class='ocrx_word' id='word_1_162' title='bbox 2075 1560 2206 1616; x_wconf 87' lang='lat' dir='ltr'><strong>dum</strong></span> <span class='ocrx_word' id='word_1_163' title='bbox 2231 1560 2561 1627; x_wconf 75' lang='lat' dir='ltr'><strong>existimavi,</strong></span> <span class='ocrx_word' id='word_1_164' title='bbox 2588 1570 2704 1616; x_wconf 89' lang='lat' dir='ltr'><strong>uta</strong></span> <span class='ocrx_word' id='word_1_165' title='bbox 2744 1563 3107 1617; x_wconf 81' lang='lat' dir='ltr'><strong>sanctissimis</strong></span> <span class='ocrx_word' id='word_1_166' title='bbox 3148 1563 3405 1618; x_wconf 73' lang='lat' dir='ltr'><strong>Ecclesia:</strong></span> <span class='ocrx_word' id='word_1_167' title='bbox 3452 1565 3638 1619; x_wconf 74' lang='lat' dir='ltr'><strong>catho-</strong></span> 
     </span>
    </p>
   </div>
   <div class='ocr_carea' id='block_1_28' title="bbox 2072 1650 3634 1722">
    <p class='ocr_par' dir='ltr' id='par_1_28' title="bbox 2072 1650 3634 1722">
     <span class='ocr_line' id='line_1_28' title="bbox 2072 1650 3634 1722; baseline 0.003 -17"><span class='ocrx_word' id='word_1_168' title='bbox 2072 1652 2189 1707; x_wconf 73' lang='lat' dir='ltr'><strong>lica:</strong></span> <span class='ocrx_word' id='word_1_169' title='bbox 2212 1650 2428 1722; x_wconf 86' lang='lat' dir='ltr'><strong>populis</strong></span> <span class='ocrx_word' id='word_1_170' title='bbox 2455 1669 2561 1707; x_wconf 90' lang='lat' dir='ltr'><strong>una</strong></span> <span class='ocrx_word' id='word_1_171' title='bbox 2585 1652 2740 1718; x_wconf 79' lang='lat' dir='ltr'><strong>fides,</strong></span> <span class='ocrx_word' id='word_1_172' title='bbox 2768 1654 2984 1709; x_wconf 79' lang='lat' dir='ltr'><strong>sincera</strong></span> <span class='ocrx_word' id='word_1_173' title='bbox 3034 1654 3294 1719; x_wconf 79' lang='lat' dir='ltr'><strong>Charitas,</strong></span> <span class='ocrx_word' id='word_1_174' title='bbox 3321 1665 3377 1710; x_wconf 89' lang='lat' dir='ltr'><strong>et</strong></span> <span class='ocrx_word' id='word_1_175' title='bbox 3398 1672 3634 1711; x_wconf 84' lang='lat' dir='ltr'><strong>consona</strong></span> 
     </span>
    </p>
   </div>
   <div class='ocr_carea' id='block_1_29' title="bbox 405 1735 1976 1816">
    <p class='ocr_par' dir='ltr' id='par_1_29' title="bbox 405 1735 1970 1816">
     <span class='ocr_line' id='line_1_29' title="bbox 405 1735 1970 1816; baseline 0.008 -30"><span class='ocrx_word' id='word_1_176' title='bbox 405 1751 528 1804; x_wconf 84' lang='grc' dir='ltr'><strong>μων</strong></span> <span class='ocrx_word' id='word_1_177' title='bbox 569 1750 627 1787; x_wconf 82' lang='grc' dir='ltr'><strong>τε</strong></span> <span class='ocrx_word' id='word_1_178' title='bbox 660 1736 788 1803; x_wconf 70' lang='grc' dir='ltr'>περὶ</span> <span class='ocrx_word' id='word_1_179' title='bbox 812 1735 905 1788; x_wconf 74' lang='grc' dir='ltr'>τὸν</span> <span class='ocrx_word' id='word_1_180' title='bbox 934 1737 1226 1810; x_wconf 84' lang='grc' dir='ltr'>παγκρατῆ</span> <span class='ocrx_word' id='word_1_181' title='bbox 1264 1739 1398 1795; x_wconf 74' lang='grc' dir='ltr'>Θεὸν</span> <span class='ocrx_word' id='word_1_182' title='bbox 1440 1740 1690 1797; x_wconf 78' lang='grc' dir='ltr'>εὐσέϐεια</span> <span class='ocrx_word' id='word_1_183' title='bbox 1717 1746 1970 1816; x_wconf 74' lang='grc' dir='ltr'>τηρῆταιο</span> 
     </span>
    </p>
   </div>
   <div class='ocr_carea' id='block_1_30' title="bbox 2075 1735 3633 1816">
    <p class='ocr_par' dir='ltr' id='par_1_30' title="bbox 2075 1743 3633 1815">
     <span class='ocr_line' id='line_1_30' title="bbox 2075 1743 3633 1815; baseline 0.003 -18"><span class='ocrx_word' id='word_1_184' title='bbox 2075 1758 2201 1814; x_wconf 81' lang='lat' dir='ltr'><strong>erga</strong></span> <span class='ocrx_word' id='word_1_185' title='bbox 2223 1743 2652 1813; x_wconf 86' lang='lat' dir='ltr'><strong>omnipotentem</strong></span> <span class='ocrx_word' id='word_1_186' title='bbox 2680 1744 2853 1798; x_wconf 87' lang='lat' dir='ltr'><strong>Deum</strong></span> <span class='ocrx_word' id='word_1_187' title='bbox 2903 1745 3094 1815; x_wconf 77' lang='lat' dir='ltr'><strong>religio</strong></span> <span class='ocrx_word' id='word_1_188' title='bbox 3140 1756 3476 1804; x_wconf 83' lang='lat' dir='ltr'><strong>servaretur.</strong></span> <span class='ocrx_word' id='word_1_189' title='bbox 3526 1745 3633 1801; x_wconf 86' lang='lat' dir='ltr'><strong>Sed</strong></span> 
     </span>
    </p>
   </div>
   <div class='ocr_carea' id='block_1_31' title="bbox 398 1820 1973 1906">
    <p class='ocr_par' dir='ltr' id='par_1_31' title="bbox 398 1820 1973 1906">
     <span class='ocr_line' id='line_1_31' title="bbox 398 1820 1973 1906; baseline 0.01 -33"><span class='ocrx_word' id='word_1_190' title='bbox 398 1820 520 1874; x_wconf 78' lang='grc' dir='ltr'>ἀλλ’</span> <span class='ocrx_word' id='word_1_191' title='bbox 552 1822 737 1896; x_wconf 69' lang='grc' dir='ltr'>ἐπειδὴ</span> <span class='ocrx_word' id='word_1_192' title='bbox 776 1823 936 1878; x_wconf 82' lang='grc' dir='ltr'>τοῦτο</span> <span class='ocrx_word' id='word_1_193' title='bbox 962 1826 1162 1899; x_wconf 76' lang='grc' dir='ltr'>ἑτέρως</span> <span class='ocrx_word' id='word_1_194' title='bbox 1190 1829 1289 1899; x_wconf 77' lang='grc' dir='ltr'>οὐχ</span> <span class='ocrx_word' id='word_1_195' title='bbox 1319 1826 1431 1883; x_wconf 75' lang='grc' dir='ltr'>οἶόν</span> <span class='ocrx_word' id='word_1_196' title='bbox 1459 1848 1520 1886; x_wconf 87' lang='grc' dir='ltr'><strong>τε</strong></span> <span class='ocrx_word' id='word_1_197' title='bbox 1548 1828 1617 1905; x_wconf 78' lang='grc' dir='ltr'>ἦν</span> <span class='ocrx_word' id='word_1_198' title='bbox 1646 1833 1842 1906; x_wconf 86' lang='grc' dir='ltr'>ἀκλινῆ</span> <span class='ocrx_word' id='word_1_199' title='bbox 1882 1836 1973 1889; x_wconf 74' lang='grc' dir='ltr'><strong>καὶ</strong></span> 
     </span>
    </p>
   </div>
   <div class='ocr_carea' id='block_1_32' title="bbox 398 1909 1969 1998">
    <p class='ocr_par' dir='ltr' id='par_1_32' title="bbox 398 1909 1969 1998">
     <span class='ocr_line' id='line_1_32' title="bbox 398 1909 1969 1998; baseline 0.011 -35"><span class='ocrx_word' id='word_1_200' title='bbox 398 1909 626 1981; x_wconf 81' lang='grc' dir='ltr'>βεϐαίαν</span> <span class='ocrx_word' id='word_1_201' title='bbox 657 1913 811 1978; x_wconf 78' lang='grc' dir='ltr'>τάξιν</span> <span class='ocrx_word' id='word_1_202' title='bbox 842 1913 1048 1981; x_wconf 89' lang='grc' dir='ltr'>λαϐεῖν,</span> <span class='ocrx_word' id='word_1_203' title='bbox 1083 1919 1131 1970; x_wconf 85' lang='grc' dir='ltr'><strong>εί</strong></span> <span class='ocrx_word' id='word_1_204' title='bbox 1167 1918 1241 1989; x_wconf 85' lang='grc' dir='ltr'>μὴ</span> <span class='ocrx_word' id='word_1_205' title='bbox 1276 1921 1354 1985; x_wconf 87' lang='grc' dir='ltr'>εἰς</span> <span class='ocrx_word' id='word_1_206' title='bbox 1384 1922 1548 1976; x_wconf 79' lang='grc' dir='ltr'>ταὺτὸ</span> <span class='ocrx_word' id='word_1_207' title='bbox 1579 1925 1792 1978; x_wconf 83' lang='grc' dir='ltr'>πάντων</span> <span class='ocrx_word' id='word_1_208' title='bbox 1815 1926 1969 1998; x_wconf 74' lang='grc' dir='ltr'>ὁμοῦ,</span> 
     </span>
    </p>
   </div>
   <div class='ocr_carea' id='block_1_33' title="bbox 396 2002 1973 2079">
    <p class='ocr_par' dir='ltr' id='par_1_33' title="bbox 396 2002 1973 2079">
     <span class='ocr_line' id='line_1_33' title="bbox 396 2002 1973 2079; baseline 0.011 -24"><span class='ocrx_word' id='word_1_209' title='bbox 396 2002 434 2072; x_wconf 75' lang='grc' dir='ltr'>ἦ</span> <span class='ocrx_word' id='word_1_210' title='bbox 452 2002 561 2057; x_wconf 84' lang='grc' dir='ltr'><strong>τῶν</strong></span> <span class='ocrx_word' id='word_1_211' title='bbox 578 2004 707 2073; x_wconf 79' lang='grc' dir='ltr'>γοῦν</span> <span class='ocrx_word' id='word_1_212' title='bbox 722 2006 986 2062; x_wconf 78' lang='grc' dir='ltr'>πλειόνων</span> <span class='ocrx_word' id='word_1_213' title='bbox 1014 2009 1325 2064; x_wconf 82' lang='grc' dir='ltr'>ἐπισκόπων</span> <span class='ocrx_word' id='word_1_214' title='bbox 1348 2014 1725 2079; x_wconf 76' lang='grc' dir='ltr'>συνελθόντων,</span> <span class='ocrx_word' id='word_1_215' title='bbox 1745 2018 1973 2072; x_wconf 77' lang='grc' dir='ltr'><strong>ἑκάστου</strong></span> 
     </span>
    </p>
   </div>
   <div class='ocr_carea' id='block_1_34' title="bbox 397 2098 1974 2184">
    <p class='ocr_par' dir='ltr' id='par_1_34' title="bbox 397 2098 1974 2184">
     <span class='ocr_line' id='line_1_34' title="bbox 397 2098 1974 2184; baseline 0.01 -32"><span class='ocrx_word' id='word_1_216' title='bbox 397 2098 508 2152; x_wconf 83' lang='grc' dir='ltr'><strong>τῶν</strong></span> <span class='ocrx_word' id='word_1_217' title='bbox 551 2102 938 2173; x_wconf 78' lang='grc' dir='ltr'>προσηκόντων</span> <span class='ocrx_word' id='word_1_218' title='bbox 981 2106 1048 2174; x_wconf 84' lang='grc' dir='ltr'><strong>τῇ</strong></span> <span class='ocrx_word' id='word_1_219' title='bbox 1084 2105 1363 2180; x_wconf 76' lang='grc' dir='ltr'>ἁγιωτάτῃ</span> <span class='ocrx_word' id='word_1_220' title='bbox 1405 2107 1669 2182; x_wconf 71' lang='grc' dir='ltr'>θρησκεία</span> <span class='ocrx_word' id='word_1_221' title='bbox 1706 2111 1974 2184; x_wconf 82' lang='grc' dir='ltr'>διάκρισις</span> 
     </span>
    </p>
   </div>
   <div class='ocr_carea' id='block_1_35' title="bbox 397 2191 1975 2276">
    <p class='ocr_par' dir='ltr' id='par_1_35' title="bbox 397 2191 1975 2276">
     <span class='ocr_line' id='line_1_35' title="bbox 397 2191 1975 2276; baseline 0.009 -31"><span class='ocrx_word' id='word_1_222' title='bbox 397 2191 609 2261; x_wconf 80' lang='grc' dir='ltr'>γένοιτο</span> <span class='ocrx_word' id='word_1_223' title='bbox 636 2210 653 2226; x_wconf 87' lang='grc'><strong>·</strong></span> <span class='ocrx_word' id='word_1_224' title='bbox 678 2194 871 2249; x_wconf 82' lang='grc' dir='ltr'>τούτου</span> <span class='ocrx_word' id='word_1_225' title='bbox 897 2196 1083 2250; x_wconf 70' lang='grc' dir='ltr'>ἕνεκεν</span> <span class='ocrx_word' id='word_1_226' title='bbox 1106 2198 1374 2253; x_wconf 84' lang='grc' dir='ltr'>πλείστων</span> <span class='ocrx_word' id='word_1_227' title='bbox 1397 2201 1535 2255; x_wconf 83' lang='grc' dir='ltr'>ὅσων</span> <span class='ocrx_word' id='word_1_228' title='bbox 1570 2202 1975 2276; x_wconf 77' lang='grc' dir='ltr'>συναθροισθέν-</span> 
     </span>
    </p>
   </div>
   <div class='ocr_carea' id='block_1_36' title="bbox 395 2287 1974 2368">
    <p class='ocr_par' dir='ltr' id='par_1_36' title="bbox 395 2287 1974 2368">
     <span class='ocr_line' id='line_1_36' title="bbox 395 2287 1974 2368; baseline 0.009 -31"><span class='ocrx_word' id='word_1_229' title='bbox 395 2301 531 2350; x_wconf 85' lang='grc' dir='ltr'>των,</span> <span class='ocrx_word' id='word_1_230' title='bbox 584 2287 680 2340; x_wconf 75' lang='grc' dir='ltr'>καὶ</span> <span class='ocrx_word' id='word_1_231' title='bbox 711 2287 878 2352; x_wconf 77' lang='grc' dir='ltr'>αὐτὸς</span> <span class='ocrx_word' id='word_1_232' title='bbox 914 2288 971 2342; x_wconf 79' lang='grc' dir='ltr'>δὲ</span> <span class='ocrx_word' id='word_1_233' title='bbox 1020 2290 1269 2362; x_wconf 85' lang='grc' dir='ltr'>καθάπερ</span> <span class='ocrx_word' id='word_1_234' title='bbox 1295 2287 1375 2358; x_wconf 78' lang='grc' dir='ltr'>εἷς</span> <span class='ocrx_word' id='word_1_235' title='bbox 1401 2293 1463 2359; x_wconf 76' lang='grc' dir='ltr'>ἐξ</span> <span class='ocrx_word' id='word_1_236' title='bbox 1505 2293 1657 2366; x_wconf 79' lang='grc' dir='ltr'>ὑμῶν</span> <span class='ocrx_word' id='word_1_237' title='bbox 1682 2296 1974 2368; x_wconf 75' lang='grc' dir='ltr'>ἐτύγχανον</span> 
     </span>
    </p>
   </div>
   <div class='ocr_carea' id='block_1_37' title="bbox 403 2380 1974 2459">
    <p class='ocr_par' dir='ltr' id='par_1_37' title="bbox 403 2380 1974 2459">
     <span class='ocr_line' id='line_1_37' title="bbox 403 2380 1974 2459; baseline 0.008 -28"><span class='ocrx_word' id='word_1_238' title='bbox 403 2380 709 2451; x_wconf 84' lang='grc' dir='ltr'>συμπαρών</span> <span class='ocrx_word' id='word_1_239' title='bbox 733 2396 748 2411; x_wconf 77' lang='grc' dir='ltr'><strong>ο</strong></span> <span class='ocrx_word' id='word_1_240' title='bbox 784 2381 877 2452; x_wconf 75' lang='grc' dir='ltr'><strong>(οὐ</strong></span> <span class='ocrx_word' id='word_1_241' title='bbox 912 2382 1022 2454; x_wconf 82' lang='grc' dir='ltr'><strong>γάρ</strong></span> <span class='ocrx_word' id='word_1_242' title='bbox 1058 2383 1404 2456; x_wconf 82' lang='grc' dir='ltr'>ἀρνησαίμην</span> <span class='ocrx_word' id='word_1_243' title='bbox 1450 2384 1515 2440; x_wconf 79' lang='grc' dir='ltr'>ἄν</span> <span class='ocrx_word' id='word_1_244' title='bbox 1544 2386 1630 2455; x_wconf 55' lang='grc' dir='ltr'><strong>ἐφ’</strong></span> <span class='ocrx_word' id='word_1_245' title='bbox 1656 2380 1701 2458; x_wconf 81' lang='grc' dir='ltr'>ᾧ</span> <span class='ocrx_word' id='word_1_246' title='bbox 1740 2388 1974 2459; x_wconf 84' lang='grc' dir='ltr'>μάλιστα</span> 
     </span>
    </p>
   </div>
   <div class='ocr_carea' id='block_1_38' title="bbox 406 2471 1974 2552">
    <p class='ocr_par' dir='ltr' id='par_1_38' title="bbox 406 2471 1974 2552">
     <span class='ocr_line' id='line_1_38' title="bbox 406 2471 1974 2552; baseline 0.01 -30"><span class='ocrx_word' id='word_1_247' title='bbox 406 2471 607 2542; x_wconf 77' lang='grc' dir='ltr'>χαίρω,</span> <span class='ocrx_word' id='word_1_248' title='bbox 633 2472 974 2544; x_wconf 81' lang='grc' dir='ltr'>συνθεράπων</span> <span class='ocrx_word' id='word_1_249' title='bbox 1006 2475 1267 2546; x_wconf 78' lang='grc' dir='ltr'>ὑμέτερος</span> <span class='ocrx_word' id='word_1_250' title='bbox 1291 2477 1640 2549; x_wconf 73' lang='grc' dir='ltr'>πεφυκέναιο)</span> <span class='ocrx_word' id='word_1_251' title='bbox 1676 2481 1805 2552; x_wconf 78' lang='grc' dir='ltr'>ἄχρι</span> <span class='ocrx_word' id='word_1_252' title='bbox 1851 2500 1974 2537; x_wconf 84' lang='grc' dir='ltr'>τοσ-</span> 
     </span>
    </p>
   </div>
   <div class='ocr_carea' id='block_1_39' title="bbox 410 2560 1975 2642">
    <p class='ocr_par' dir='ltr' id='par_1_39' title="bbox 410 2560 1975 2642">
     <span class='ocr_line' id='line_1_39' title="bbox 410 2560 1975 2642; baseline 0.009 -28"><span class='ocrx_word' id='word_1_253' title='bbox 410 2560 573 2615; x_wconf 80' lang='grc' dir='ltr'>ούτου</span> <span class='ocrx_word' id='word_1_254' title='bbox 623 2562 842 2617; x_wconf 73' lang='grc' dir='ltr'>ἅπαντα</span> <span class='ocrx_word' id='word_1_255' title='bbox 879 2565 979 2635; x_wconf 86' lang='grc' dir='ltr'><strong>τῆς</strong></span> <span class='ocrx_word' id='word_1_256' title='bbox 1034 2566 1420 2639; x_wconf 77' lang='grc' dir='ltr'>προσηκούσης</span> <span class='ocrx_word' id='word_1_257' title='bbox 1456 2570 1753 2642; x_wconf 82' lang='grc' dir='ltr'>τετύχηκεν</span> <span class='ocrx_word' id='word_1_258' title='bbox 1792 2572 1975 2639; x_wconf 76' lang='grc' dir='ltr'>ἐξετά-</span> 
     </span>
    </p>
   </div>
   <div class='ocr_carea' id='block_1_40' title="bbox 412 2648 1972 2737">
    <p class='ocr_par' dir='ltr' id='par_1_40' title="bbox 412 2648 1972 2737">
     <span class='ocr_line' id='line_1_40' title="bbox 412 2648 1972 2737; baseline 0.007 -31"><span class='ocrx_word' id='word_1_259' title='bbox 412 2670 573 2717; x_wconf 83' lang='grc' dir='ltr'>σεως,</span> <span class='ocrx_word' id='word_1_260' title='bbox 595 2653 755 2726; x_wconf 81' lang='grc' dir='ltr'>ἄχρις</span> <span class='ocrx_word' id='word_1_261' title='bbox 774 2648 833 2708; x_wconf 75' lang='grc' dir='ltr'><strong>οὒ</strong></span> <span class='ocrx_word' id='word_1_262' title='bbox 852 2656 974 2728; x_wconf 83' lang='grc' dir='ltr'>ήτῷ</span> <span class='ocrx_word' id='word_1_263' title='bbox 992 2656 1206 2711; x_wconf 83' lang='grc' dir='ltr'>πάντων</span> <span class='ocrx_word' id='word_1_264' title='bbox 1226 2659 1407 2731; x_wconf 76' lang='grc' dir='ltr'>ὲφόρῳ</span> <span class='ocrx_word' id='word_1_265' title='bbox 1428 2660 1735 2733; x_wconf 79' lang='grc' dir='ltr'>ἀρέσκουσα</span> <span class='ocrx_word' id='word_1_266' title='bbox 1758 2662 1972 2737; x_wconf 80' lang='grc' dir='ltr'>γνώμη,</span> 
     </span>
    </p>
   </div>
   <div class='ocr_carea' id='block_1_41' title="bbox 406 2744 1972 2829">
    <p class='ocr_par' dir='ltr' id='par_1_41' title="bbox 406 2744 1972 2829">
     <span class='ocr_line' id='line_1_41' title="bbox 406 2744 1972 2829; baseline 0.009 -33"><span class='ocrx_word' id='word_1_267' title='bbox 406 2744 547 2814; x_wconf 83' lang='grc' dir='ltr'>πρὸς</span> <span class='ocrx_word' id='word_1_268' title='bbox 566 2744 665 2815; x_wconf 80' lang='grc' dir='ltr'><strong>τήν</strong></span> <span class='ocrx_word' id='word_1_269' title='bbox 692 2746 791 2817; x_wconf 82' lang='grc' dir='ltr'><strong>τῆς</strong></span> <span class='ocrx_word' id='word_1_270' title='bbox 812 2746 1065 2818; x_wconf 63' lang='grc' dir='ltr'>ἑνότητπ</span> <span class='ocrx_word' id='word_1_271' title='bbox 1097 2752 1416 2821; x_wconf 73' lang='grc' dir='ltr'>συμφωνίαν</span> <span class='ocrx_word' id='word_1_272' title='bbox 1441 2754 1521 2817; x_wconf 90' lang='grc' dir='ltr'><strong>είς</strong></span> <span class='ocrx_word' id='word_1_273' title='bbox 1543 2753 1659 2824; x_wconf 81' lang='grc' dir='ltr'><strong>φῶς</strong></span> <span class='ocrx_word' id='word_1_274' title='bbox 1687 2755 1936 2829; x_wconf 76' lang='grc' dir='ltr'>προήχθη</span> <span class='ocrx_word' id='word_1_275' title='bbox 1956 2773 1972 2790; x_wconf 75' lang='grc' dir='ltr'><strong>ο</strong></span> 
     </span>
    </p>
   </div>
   <div class='ocr_carea' id='block_1_42' title="bbox 396 2832 1973 2917">
    <p class='ocr_par' dir='ltr' id='par_1_42' title="bbox 396 2832 1973 2917">
     <span class='ocr_line' id='line_1_42' title="bbox 396 2832 1973 2917; baseline 0.011 -34"><span class='ocrx_word' id='word_1_276' title='bbox 396 2832 478 2897; x_wconf 75' lang='grc' dir='ltr'>ὡς</span> <span class='ocrx_word' id='word_1_277' title='bbox 496 2834 663 2905; x_wconf 82' lang='grc' dir='ltr'>μηδὲν</span> <span class='ocrx_word' id='word_1_278' title='bbox 682 2833 763 2888; x_wconf 76' lang='grc' dir='ltr'>ἔτι</span> <span class='ocrx_word' id='word_1_279' title='bbox 787 2836 925 2907; x_wconf 77' lang='grc' dir='ltr'>πρὸς</span> <span class='ocrx_word' id='word_1_280' title='bbox 938 2836 1218 2909; x_wconf 79' lang='grc' dir='ltr'>διχόνοιαν,</span> <span class='ocrx_word' id='word_1_281' title='bbox 1243 2841 1275 2913; x_wconf 78' lang='grc' dir='ltr'>ἢ</span> <span class='ocrx_word' id='word_1_282' title='bbox 1299 2840 1536 2908; x_wconf 79' lang='grc' dir='ltr'>πίστεως</span> <span class='ocrx_word' id='word_1_283' title='bbox 1560 2845 1973 2917; x_wconf 79' lang='grc' dir='ltr'>ἀμφισϐήτησιν</span> 
     </span>
    </p>
   </div>
   <div class='ocr_carea' id='block_1_43' title="bbox 398 2925 1973 3005">
    <p class='ocr_par' dir='ltr' id='par_1_43' title="bbox 398 2925 1973 3005">
     <span class='ocr_line' id='line_1_43' title="bbox 398 2925 1973 3005; baseline 0.007 -27"><span class='ocrx_word' id='word_1_284' title='bbox 398 2925 809 2983; x_wconf 81' lang='grc' dir='ltr'>ὑπολείπεσθαι.</span> <span class='ocrx_word' id='word_1_285' title='bbox 849 2926 1017 2981; x_wconf 83' lang='grc' dir='ltr'>Ἔνθα</span> <span class='ocrx_word' id='word_1_286' title='bbox 1055 2931 1149 2983; x_wconf 75' lang='grc' dir='ltr'>καὶ</span> <span class='ocrx_word' id='word_1_287' title='bbox 1177 2933 1306 3003; x_wconf 75' lang='grc' dir='ltr'>περὶ</span> <span class='ocrx_word' id='word_1_288' title='bbox 1335 2932 1436 3003; x_wconf 83' lang='grc' dir='ltr'>τῆς</span> <span class='ocrx_word' id='word_1_289' title='bbox 1461 2933 1556 2987; x_wconf 78' lang='grc' dir='ltr'><strong>τοῦ</strong></span> <span class='ocrx_word' id='word_1_290' title='bbox 1581 2935 1771 3005; x_wconf 82' lang='grc' dir='ltr'>Πάσχα</span> <span class='ocrx_word' id='word_1_291' title='bbox 1804 2936 1973 3004; x_wconf 86' lang='grc' dir='ltr'>ἁγιω-</span> 
     </span>
    </p>
   </div>
   <div class='ocr_carea' id='block_1_44' title="bbox 394 3016 1971 3099">
    <p class='ocr_par' dir='ltr' id='par_1_44' title="bbox 394 3016 1971 3099">
     <span class='ocr_line' id='line_1_44' title="bbox 394 3016 1971 3099; baseline 0.009 -32"><span class='ocrx_word' id='word_1_292' title='bbox 394 3016 566 3083; x_wconf 86' lang='grc' dir='ltr'>τάτης</span> <span class='ocrx_word' id='word_1_293' title='bbox 585 3018 618 3087; x_wconf 88' lang='grc' dir='ltr'><strong>ή</strong></span> <span class='ocrx_word' id='word_1_294' title='bbox 629 3017 806 3089; x_wconf 80' lang='grc' dir='ltr'>μέρας</span> <span class='ocrx_word' id='word_1_295' title='bbox 815 3018 1113 3089; x_wconf 81' lang='grc' dir='ltr'>γενομένης</span> <span class='ocrx_word' id='word_1_296' title='bbox 1133 3020 1432 3091; x_wconf 83' lang='grc' dir='ltr'>ζητήσεως,</span> <span class='ocrx_word' id='word_1_297' title='bbox 1451 3022 1592 3091; x_wconf 76' lang='grc' dir='ltr'>ἔδοξε</span> <span class='ocrx_word' id='word_1_298' title='bbox 1615 3028 1765 3097; x_wconf 77' lang='grc' dir='ltr'>κοινῇ</span> <span class='ocrx_word' id='word_1_299' title='bbox 1783 3026 1971 3099; x_wconf 81' lang='grc' dir='ltr'>γνώμῃ</span> 
     </span>
    </p>
   </div>
   <div class='ocr_carea' id='block_1_45' title="bbox 397 3107 1970 3184">
    <p class='ocr_par' dir='ltr' id='par_1_45' title="bbox 397 3107 1970 3184">
     <span class='ocr_line' id='line_1_45' title="bbox 397 3107 1970 3184; baseline 0.008 -24"><span class='ocrx_word' id='word_1_300' title='bbox 397 3107 577 3171; x_wconf 86' lang='grc' dir='ltr'>καλῶς</span> <span class='ocrx_word' id='word_1_301' title='bbox 600 3108 770 3180; x_wconf 77' lang='grc' dir='ltr'>ἔχειν,</span> <span class='ocrx_word' id='word_1_302' title='bbox 805 3111 902 3163; x_wconf 70' lang='grc' dir='ltr'><strong>ἐπὶ</strong></span> <span class='ocrx_word' id='word_1_303' title='bbox 935 3113 1065 3180; x_wconf 78' lang='grc' dir='ltr'>μιᾶς</span> <span class='ocrx_word' id='word_1_304' title='bbox 1092 3113 1305 3184; x_wconf 75' lang='grc' dir='ltr'>ἡμέρας</span> <span class='ocrx_word' id='word_1_305' title='bbox 1338 3115 1545 3180; x_wconf 80' lang='grc' dir='ltr'>πάντας</span> <span class='ocrx_word' id='word_1_306' title='bbox 1574 3119 1700 3182; x_wconf 75' lang='grc' dir='ltr'>τοὺς</span> <span class='ocrx_word' id='word_1_307' title='bbox 1726 3119 1970 3173; x_wconf 78' lang='grc' dir='ltr'>ἅπαντα·</span> 
     </span>
    </p>
   </div>
   <div class='ocr_carea' id='block_1_46' title="bbox 398 3198 1974 3281">
    <p class='ocr_par' dir='ltr' id='par_1_46' title="bbox 398 3198 1974 3281">
     <span class='ocr_line' id='line_1_46' title="bbox 398 3198 1974 3281; baseline 0.009 -30"><span class='ocrx_word' id='word_1_308' title='bbox 398 3198 490 3271; x_wconf 78' lang='grc' dir='ltr'><strong>χοῦ</strong></span> <span class='ocrx_word' id='word_1_309' title='bbox 515 3200 808 3255; x_wconf 74' lang='grc' dir='ltr'>ἐπιτελεῖν.</span> <span class='ocrx_word' id='word_1_310' title='bbox 840 3202 908 3255; x_wconf 86' lang='grc' dir='ltr'>Τί</span> <span class='ocrx_word' id='word_1_311' title='bbox 940 3200 1049 3273; x_wconf 82' lang='grc' dir='ltr'><strong>γάρ</strong></span> <span class='ocrx_word' id='word_1_312' title='bbox 1070 3203 1197 3274; x_wconf 80' lang='grc' dir='ltr'>ἡμῖν</span> <span class='ocrx_word' id='word_1_313' title='bbox 1220 3205 1457 3273; x_wconf 86' lang='grc' dir='ltr'>κάλλιον,</span> <span class='ocrx_word' id='word_1_314' title='bbox 1492 3208 1543 3261; x_wconf 89' lang='grc' dir='ltr'><strong>τί</strong></span> <span class='ocrx_word' id='word_1_315' title='bbox 1567 3208 1623 3262; x_wconf 81' lang='grc' dir='ltr'>δὲ</span> <span class='ocrx_word' id='word_1_316' title='bbox 1653 3210 1974 3281; x_wconf 85' lang='grc' dir='ltr'>σεμνότερον</span> 
     </span>
    </p>
   </div>
   <div class='ocr_carea' id='block_1_47' title="bbox 398 3293 1975 3376">
    <p class='ocr_par' dir='ltr' id='par_1_47' title="bbox 398 3293 1975 3376">
     <span class='ocr_line' id='line_1_47' title="bbox 398 3293 1975 3376; baseline 0.008 -31"><span class='ocrx_word' id='word_1_317' title='bbox 398 3293 633 3365; x_wconf 80' lang='grc' dir='ltr'>ὑπάρξαι</span> <span class='ocrx_word' id='word_1_318' title='bbox 656 3295 974 3366; x_wconf 86' lang='grc' dir='ltr'>δυνήσεται,</span> <span class='ocrx_word' id='word_1_319' title='bbox 1007 3296 1100 3348; x_wconf 76' lang='grc' dir='ltr'><strong>τοῦ</strong></span> <span class='ocrx_word' id='word_1_320' title='bbox 1130 3297 1229 3369; x_wconf 79' lang='grc' dir='ltr'>τὴν</span> <span class='ocrx_word' id='word_1_321' title='bbox 1259 3298 1451 3371; x_wconf 80' lang='grc' dir='ltr'>ἑορτὴν</span> <span class='ocrx_word' id='word_1_322' title='bbox 1477 3300 1698 3373; x_wconf 87' lang='grc' dir='ltr'>ταύτην,</span> <span class='ocrx_word' id='word_1_323' title='bbox 1742 3305 1871 3375; x_wconf 79' lang='grc' dir='ltr'>παρ’</span> <span class='ocrx_word' id='word_1_324' title='bbox 1906 3300 1975 3376; x_wconf 78' lang='grc' dir='ltr'>ἧς</span> 
     </span>
    </p>
   </div>
   <div class='ocr_carea' id='block_1_48' title="bbox 396 3386 1974 3467">
    <p class='ocr_par' dir='ltr' id='par_1_48' title="bbox 396 3386 1974 3467">
     <span class='ocr_line' id='line_1_48' title="bbox 396 3386 1974 3467; baseline 0.008 -29"><span class='ocrx_word' id='word_1_325' title='bbox 396 3386 495 3458; x_wconf 79' lang='grc' dir='ltr'><strong>τήν</strong></span> <span class='ocrx_word' id='word_1_326' title='bbox 521 3387 623 3457; x_wconf 83' lang='grc' dir='ltr'><strong>τῆς</strong></span> <span class='ocrx_word' id='word_1_327' title='bbox 647 3387 950 3449; x_wconf 80' lang='grc' dir='ltr'>ἀθανασίας</span> <span class='ocrx_word' id='word_1_328' title='bbox 982 3388 1280 3460; x_wconf 75' lang='grc' dir='ltr'>εἰλήφαμεν</span> <span class='ocrx_word' id='word_1_329' title='bbox 1304 3391 1517 3458; x_wconf 82' lang='grc' dir='ltr'>ἐλπίδα,</span> <span class='ocrx_word' id='word_1_330' title='bbox 1560 3396 1657 3467; x_wconf 83' lang='grc' dir='ltr'><strong>μιᾷ</strong></span> <span class='ocrx_word' id='word_1_331' title='bbox 1692 3396 1844 3462; x_wconf 81' lang='grc' dir='ltr'>τάξει</span> <span class='ocrx_word' id='word_1_332' title='bbox 1880 3398 1974 3450; x_wconf 76' lang='grc' dir='ltr'>καὶ</span> 
     </span>
    </p>
   </div>
   <div class='ocr_carea' id='block_1_49' title="bbox 400 3479 1972 3556">
    <p class='ocr_par' dir='ltr' id='par_1_49' title="bbox 400 3479 1972 3556">
     <span class='ocr_line' id='line_1_49' title="bbox 400 3479 1972 3556; baseline 0.007 -25"><span class='ocrx_word' id='word_1_333' title='bbox 400 3479 614 3551; x_wconf 79' lang='grc' dir='ltr'>φανερῷ</span> <span class='ocrx_word' id='word_1_334' title='bbox 633 3481 801 3553; x_wconf 83' lang='grc' dir='ltr'>λόγῳ,</span> <span class='ocrx_word' id='word_1_335' title='bbox 833 3482 983 3551; x_wconf 84' lang='grc' dir='ltr'><strong>παρά</strong></span> <span class='ocrx_word' id='word_1_336' title='bbox 1012 3483 1178 3535; x_wconf 79' lang='grc' dir='ltr'>πΞσιν</span> <span class='ocrx_word' id='word_1_337' title='bbox 1195 3483 1548 3550; x_wconf 82' lang='grc' dir='ltr'>ἀδιαπτώτως</span> <span class='ocrx_word' id='word_1_338' title='bbox 1580 3487 1972 3556; x_wconf 80' lang='grc' dir='ltr'>φυλάττεσθαι;</span> 
     </span>
    </p>
   </div>
   <div class='ocr_carea' id='block_1_50' title="bbox 402 3571 1975 3651">
    <p class='ocr_par' dir='ltr' id='par_1_50' title="bbox 402 3571 1975 3651">
     <span class='ocr_line' id='line_1_50' title="bbox 402 3571 1975 3651; baseline 0.006 -28"><span class='ocrx_word' id='word_1_339' title='bbox 402 3571 495 3623; x_wconf 77' lang='grc' dir='ltr'>καὶ</span> <span class='ocrx_word' id='word_1_340' title='bbox 520 3571 740 3644; x_wconf 87' lang='grc' dir='ltr'>πρῶτον</span> <span class='ocrx_word' id='word_1_341' title='bbox 772 3575 893 3644; x_wconf 73' lang='grc' dir='ltr'>μὲν,</span> <span class='ocrx_word' id='word_1_342' title='bbox 920 3575 1137 3641; x_wconf 77' lang='grc' dir='ltr'>ἀνάξιον</span> <span class='ocrx_word' id='word_1_343' title='bbox 1166 3574 1343 3640; x_wconf 78' lang='grc' dir='ltr'>ἔδοξεν</span> <span class='ocrx_word' id='word_1_344' title='bbox 1368 3572 1507 3631; x_wconf 74' lang='grc' dir='ltr'>εἶναι</span> <span class='ocrx_word' id='word_1_345' title='bbox 1541 3577 1638 3649; x_wconf 84' lang='grc' dir='ltr'>τὴν</span> <span class='ocrx_word' id='word_1_346' title='bbox 1667 3579 1975 3651; x_wconf 86' lang='grc' dir='ltr'>ἁγιωτάτην</span> 
     </span>
    </p>
   </div>
   <div class='ocr_carea' id='block_1_51' title="bbox 401 3663 1978 3743">
    <p class='ocr_par' dir='ltr' id='par_1_51' title="bbox 401 3663 1978 3743">
     <span class='ocr_line' id='line_1_51' title="bbox 401 3663 1978 3743; baseline 0.005 -28"><span class='ocrx_word' id='word_1_347' title='bbox 401 3663 613 3734; x_wconf 68' lang='grc' dir='ltr'>ἐκείνην</span> <span class='ocrx_word' id='word_1_348' title='bbox 633 3664 851 3736; x_wconf 77' lang='grc' dir='ltr'>ἑορτὴν,</span> <span class='ocrx_word' id='word_1_349' title='bbox 873 3669 940 3738; x_wconf 78' lang='grc' dir='ltr'>τῇ</span> <span class='ocrx_word' id='word_1_350' title='bbox 964 3667 1073 3720; x_wconf 84' lang='grc' dir='ltr'><strong>τῶν</strong></span> <span class='ocrx_word' id='word_1_351' title='bbox 1105 3667 1374 3721; x_wconf 84' lang='grc' dir='ltr'>Ἰουδαίων</span> <span class='ocrx_word' id='word_1_352' title='bbox 1394 3669 1691 3740; x_wconf 79' lang='grc' dir='ltr'>ἑπομένους</span> <span class='ocrx_word' id='word_1_353' title='bbox 1721 3670 1978 3743; x_wconf 72' lang='grc' dir='ltr'>συνηθείᾳ</span> 
     </span>
    </p>
   </div>
   <div class='ocr_carea' id='block_1_52' title="bbox 405 3753 1976 3833">
    <p class='ocr_par' dir='ltr' id='par_1_52' title="bbox 405 3753 1976 3833">
     <span class='ocr_line' id='line_1_52' title="bbox 405 3753 1976 3833; baseline 0.005 -26"><span class='ocrx_word' id='word_1_354' title='bbox 405 3753 674 3826; x_wconf 76' lang='grc' dir='ltr'>πληροῦν·</span> <span class='ocrx_word' id='word_1_355' title='bbox 709 3756 760 3809; x_wconf 81' lang='grc' dir='ltr'><strong>οῖ</strong></span> <span class='ocrx_word' id='word_1_356' title='bbox 794 3757 894 3821; x_wconf 75' lang='grc' dir='ltr'><strong>τὰς</strong></span> <span class='ocrx_word' id='word_1_357' title='bbox 921 3758 1129 3813; x_wconf 81' lang='grc' dir='ltr'>ἑαυτῶν</span> <span class='ocrx_word' id='word_1_358' title='bbox 1158 3763 1347 3833; x_wconf 84' lang='grc' dir='ltr'>χεῖρας</span> <span class='ocrx_word' id='word_1_359' title='bbox 1373 3760 1616 3832; x_wconf 81' lang='grc' dir='ltr'>ἀθεμίτῳ</span> <span class='ocrx_word' id='word_1_360' title='bbox 1656 3761 1976 3833; x_wconf 84' lang='grc' dir='ltr'>πλημμελή-</span> 
     </span>
    </p>
   </div>
   <div class='ocr_carea' id='block_1_53' title="bbox 411 3849 1978 3927">
    <p class='ocr_par' dir='ltr' id='par_1_53' title="bbox 411 3849 1978 3927">
     <span class='ocr_line' id='line_1_53' title="bbox 411 3849 1978 3927; baseline 0.006 -28"><span class='ocrx_word' id='word_1_361' title='bbox 411 3863 533 3917; x_wconf 88' lang='grc' dir='ltr'>ματι</span> <span class='ocrx_word' id='word_1_362' title='bbox 561 3849 881 3919; x_wconf 83' lang='grc' dir='ltr'>χράναντες,</span> <span class='ocrx_word' id='word_1_363' title='bbox 904 3852 1125 3918; x_wconf 74' lang='grc' dir='ltr'>εἰκότως</span> <span class='ocrx_word' id='word_1_364' title='bbox 1142 3853 1239 3918; x_wconf 71' lang='grc' dir='ltr'>τὰς</span> <span class='ocrx_word' id='word_1_365' title='bbox 1261 3853 1437 3925; x_wconf 79' lang='grc' dir='ltr'>ψυχάς</span> <span class='ocrx_word' id='word_1_366' title='bbox 1462 3855 1512 3907; x_wconf 87' lang='grc' dir='ltr'>οἱ</span> <span class='ocrx_word' id='word_1_367' title='bbox 1535 3854 1721 3927; x_wconf 77' lang='grc' dir='ltr'>μιαροὶ</span> <span class='ocrx_word' id='word_1_368' title='bbox 1736 3854 1978 3924; x_wconf 79' lang='grc' dir='ltr'>τυφλώτ-</span> 
     </span>
    </p>
   </div>
   <div class='ocr_carea' id='block_1_54' title="bbox 408 3940 1976 4018">
    <p class='ocr_par' dir='ltr' id='par_1_54' title="bbox 408 3940 1976 4018">
     <span class='ocr_line' id='line_1_54' title="bbox 408 3940 1976 4018; baseline 0.006 -29"><span class='ocrx_word' id='word_1_369' title='bbox 408 3951 608 3992; x_wconf 83' lang='grc' dir='ltr'>τουσιν.</span> <span class='ocrx_word' id='word_1_370' title='bbox 649 3940 867 4005; x_wconf 78' lang='grc' dir='ltr'>Ἔξεστι</span> <span class='ocrx_word' id='word_1_371' title='bbox 905 3941 1015 4014; x_wconf 84' lang='grc' dir='ltr'>γὰρ</span> <span class='ocrx_word' id='word_1_372' title='bbox 1041 3943 1135 3997; x_wconf 82' lang='grc' dir='ltr'><strong>τοῦ</strong></span> <span class='ocrx_word' id='word_1_373' title='bbox 1183 3943 1404 3999; x_wconf 76' lang='grc' dir='ltr'>ἐκείνων</span> <span class='ocrx_word' id='word_1_374' title='bbox 1432 3943 1617 4010; x_wconf 78' lang='grc' dir='ltr'>ἔθνους</span> <span class='ocrx_word' id='word_1_375' title='bbox 1644 3944 1976 4018; x_wconf 80' lang='grc' dir='ltr'>ἀποϐληθέν-</span> 
     </span>
    </p>
   </div>
   <div class='ocr_carea' id='block_1_55' title="bbox 410 4030 1971 4109">
    <p class='ocr_par' dir='ltr' id='par_1_55' title="bbox 410 4030 1971 4109">
     <span class='ocr_line' id='line_1_55' title="bbox 410 4030 1971 4109; baseline 0.008 -29"><span class='ocrx_word' id='word_1_376' title='bbox 410 4044 497 4092; x_wconf 87' lang='grc' dir='ltr'><strong>τος</strong></span> <span class='ocrx_word' id='word_1_377' title='bbox 539 4039 586 4095; x_wconf 71' lang='grc'>⁸,</span> <span class='ocrx_word' id='word_1_378' title='bbox 619 4030 958 4104; x_wconf 74' lang='grc' dir='ltr'>ἀληθεστέρα</span> <span class='ocrx_word' id='word_1_379' title='bbox 993 4033 1160 4099; x_wconf 78' lang='grc' dir='ltr'>τάξει,</span> <span class='ocrx_word' id='word_1_380' title='bbox 1196 4037 1265 4109; x_wconf 83' lang='grc' dir='ltr'>ἥν</span> <span class='ocrx_word' id='word_1_381' title='bbox 1290 4037 1356 4090; x_wconf 82' lang='grc' dir='ltr'>ὲκ</span> <span class='ocrx_word' id='word_1_382' title='bbox 1385 4034 1609 4109; x_wconf 83' lang='grc' dir='ltr'>πρώτης</span> <span class='ocrx_word' id='word_1_383' title='bbox 1638 4037 1734 4092; x_wconf 75' lang='grc' dir='ltr'><strong>τοῦ</strong></span> <span class='ocrx_word' id='word_1_384' title='bbox 1763 4036 1971 4104; x_wconf 87' lang='grc' dir='ltr'>πάθους</span> 
     </span>
    </p>
   </div>
   <div class='ocr_carea' id='block_1_56' title="bbox 412 4121 1978 4202">
    <p class='ocr_par' dir='ltr' id='par_1_56' title="bbox 412 4121 1978 4202">
     <span class='ocr_line' id='line_1_56' title="bbox 412 4121 1978 4202; baseline 0.008 -29"><span class='ocrx_word' id='word_1_385' title='bbox 412 4121 618 4193; x_wconf 74' lang='grc' dir='ltr'>ἡμέρας</span> <span class='ocrx_word' id='word_1_386' title='bbox 648 4123 809 4194; x_wconf 79' lang='grc' dir='ltr'>μέχρι</span> <span class='ocrx_word' id='word_1_387' title='bbox 835 4125 930 4178; x_wconf 80' lang='grc' dir='ltr'>τοῦ</span> <span class='ocrx_word' id='word_1_388' title='bbox 954 4126 1213 4199; x_wconf 76' lang='grc' dir='ltr'>παρόντος</span> <span class='ocrx_word' id='word_1_389' title='bbox 1238 4128 1601 4202; x_wconf 78' lang='grc' dir='ltr'>ἑφυλάξαμεν,</span> <span class='ocrx_word' id='word_1_390' title='bbox 1629 4129 1723 4184; x_wconf 71' lang='grc' dir='ltr'>καὶ</span> <span class='ocrx_word' id='word_1_391' title='bbox 1740 4131 1831 4184; x_wconf 74' lang='grc' dir='ltr'><strong>ἐπὶ</strong></span> <span class='ocrx_word' id='word_1_392' title='bbox 1851 4131 1978 4197; x_wconf 70' lang='grc' dir='ltr'>τοὺς</span> 
     </span>
    </p>
   </div>
   <div class='ocr_carea' id='block_1_57' title="bbox 417 4211 1978 4292">
    <p class='ocr_par' dir='ltr' id='par_1_57' title="bbox 417 4211 1978 4292">
     <span class='ocr_line' id='line_1_57' title="bbox 417 4211 1978 4292; baseline 0.006 -28"><span class='ocrx_word' id='word_1_393' title='bbox 417 4211 702 4281; x_wconf 79' lang='grc' dir='ltr'>μέλλοντας</span> <span class='ocrx_word' id='word_1_394' title='bbox 725 4214 928 4279; x_wconf 74' lang='grc' dir='ltr'>αἰῶνας</span> <span class='ocrx_word' id='word_1_395' title='bbox 956 4217 1054 4289; x_wconf 82' lang='grc' dir='ltr'>τὴν</span> <span class='ocrx_word' id='word_1_396' title='bbox 1082 4218 1182 4287; x_wconf 77' lang='grc' dir='ltr'>τῆς</span> <span class='ocrx_word' id='word_1_397' title='bbox 1205 4221 1579 4290; x_wconf 77' lang='grc' dir='ltr'>ὲπιτηρήσεως</span> <span class='ocrx_word' id='word_1_398' title='bbox 1605 4219 1809 4292; x_wconf 79' lang='grc' dir='ltr'>ταύτης</span> <span class='ocrx_word' id='word_1_399' title='bbox 1839 4238 1978 4292; x_wconf 86' lang='grc' dir='ltr'>συμ-</span> 
     </span>
    </p>
   </div>
   <div class='ocr_carea' id='block_1_58' title="bbox 414 4302 1978 4383">
    <p class='ocr_par' dir='ltr' id='par_1_58' title="bbox 414 4302 1978 4383">
     <span class='ocr_line' id='line_1_58' title="bbox 414 4302 1978 4383; baseline 0.006 -26"><span class='ocrx_word' id='word_1_400' title='bbox 414 4302 688 4377; x_wconf 78' lang='grc' dir='ltr'>πλήρωσιν</span> <span class='ocrx_word' id='word_1_401' title='bbox 718 4307 1044 4375; x_wconf 73' lang='grc' dir='ltr'>ἐγγίνεσθαι.</span> <span class='ocrx_word' id='word_1_402' title='bbox 1080 4309 1255 4379; x_wconf 79' lang='grc' dir='ltr'>Μηδὲν</span> <span class='ocrx_word' id='word_1_403' title='bbox 1278 4311 1453 4364; x_wconf 84' lang='grc' dir='ltr'>τοίνυν</span> <span class='ocrx_word' id='word_1_404' title='bbox 1478 4311 1618 4365; x_wconf 74' lang='grc' dir='ltr'>ἔστω</span> <span class='ocrx_word' id='word_1_405' title='bbox 1646 4312 1771 4383; x_wconf 82' lang='grc' dir='ltr'>ὑμῖν</span> <span class='ocrx_word' id='word_1_406' title='bbox 1799 4312 1978 4368; x_wconf 76' lang='grc' dir='ltr'>κοινὸν</span> 
     </span>
    </p>
   </div>
   <div class='ocr_carea' id='block_1_59' title="bbox 417 4396 2050 4490">
    <p class='ocr_par' dir='ltr' id='par_1_59' title="bbox 417 4396 2050 4490">
     <span class='ocr_line' id='line_1_59' title="bbox 417 4396 2050 4490; baseline 0.003 -42"><span class='ocrx_word' id='word_1_407' title='bbox 417 4396 552 4464; x_wconf 82' lang='grc' dir='ltr'><strong>μετά</strong></span> <span class='ocrx_word' id='word_1_408' title='bbox 597 4396 695 4449; x_wconf 78' lang='grc' dir='ltr'><strong>τοῦ</strong></span> <span class='ocrx_word' id='word_1_409' title='bbox 730 4396 981 4468; x_wconf 77' lang='grc' dir='ltr'>ἐχθίστου</span> <span class='ocrx_word' id='word_1_410' title='bbox 1010 4398 1119 4452; x_wconf 87' lang='grc' dir='ltr'><strong>τῶν</strong></span> <span class='ocrx_word' id='word_1_411' title='bbox 1160 4398 1426 4453; x_wconf 79' lang='grc' dir='ltr'>Ἰουδαίων</span> <span class='ocrx_word' id='word_1_412' title='bbox 1456 4400 1634 4470; x_wconf 80' lang='grc' dir='ltr'>ὄχλου.</span> <span class='ocrx_word' id='word_1_413' title='bbox 1662 4399 1973 4471; x_wconf 82' lang='grc' dir='ltr'>Εἰλήφαμεν</span> <span class='ocrx_word' id='word_1_414' title='bbox 2006 4435 2050 4490; x_wconf 73' lang='lat' dir='ltr'><strong>D</strong></span> 
     </span>
    </p>
   </div>
   <div class='ocr_carea' id='block_1_60' title="bbox 414 4487 1975 4562">
    <p class='ocr_par' dir='ltr' id='par_1_60' title="bbox 414 4487 1975 4562">
     <span class='ocr_line' id='line_1_60' title="bbox 414 4487 1975 4562; baseline 0.002 -21"><span class='ocrx_word' id='word_1_415' title='bbox 414 4487 557 4561; x_wconf 80' lang='grc' dir='ltr'><strong>παρά</strong></span> <span class='ocrx_word' id='word_1_416' title='bbox 582 4488 675 4541; x_wconf 79' lang='grc' dir='ltr'><strong>τοῦ</strong></span> <span class='ocrx_word' id='word_1_417' title='bbox 691 4489 943 4560; x_wconf 78' lang='grc' dir='ltr'>Σωτῆρος</span> <span class='ocrx_word' id='word_1_418' title='bbox 954 4489 1142 4561; x_wconf 77' lang='grc' dir='ltr'>ἑτέραν</span> <span class='ocrx_word' id='word_1_419' title='bbox 1168 4491 1302 4544; x_wconf 76' lang='grc' dir='ltr'>ὀδόν.</span> <span class='ocrx_word' id='word_1_420' title='bbox 1328 4491 1620 4561; x_wconf 80' lang='grc' dir='ltr'>Πρόκειται</span> <span class='ocrx_word' id='word_1_421' title='bbox 1640 4490 1748 4562; x_wconf 83' lang='grc' dir='ltr'><strong>γὰρ</strong></span> <span class='ocrx_word' id='word_1_422' title='bbox 1776 4490 1975 4562; x_wconf 88' lang='grc' dir='ltr'>δρόμος</span> 
     </span>
    </p>
   </div>
   <div class='ocr_carea' id='block_1_61' title="bbox 412 4578 1977 4652">
    <p class='ocr_par' dir='ltr' id='par_1_61' title="bbox 412 4578 1977 4652">
     <span class='ocr_line' id='line_1_61' title="bbox 412 4578 1977 4652; baseline 0.003 -22"><span class='ocrx_word' id='word_1_423' title='bbox 412 4580 475 4649; x_wconf 71' lang='grc' dir='ltr'>τῇ</span> <span class='ocrx_word' id='word_1_424' title='bbox 503 4579 772 4651; x_wconf 82' lang='grc' dir='ltr'>ίερωτάτῃ</span> <span class='ocrx_word' id='word_1_425' title='bbox 804 4578 958 4650; x_wconf 82' lang='grc' dir='ltr'>ήμῶν</span> <span class='ocrx_word' id='word_1_426' title='bbox 992 4578 1283 4652; x_wconf 72' lang='grc' dir='ltr'>θρησκείᾳ,</span> <span class='ocrx_word' id='word_1_427' title='bbox 1320 4581 1413 4633; x_wconf 73' lang='grc' dir='ltr'>καὶ</span> <span class='ocrx_word' id='word_1_428' title='bbox 1443 4581 1673 4652; x_wconf 86' lang='grc' dir='ltr'>νόμιμος</span> <span class='ocrx_word' id='word_1_429' title='bbox 1710 4580 1806 4635; x_wconf 73' lang='grc' dir='ltr'>καὶ</span> <span class='ocrx_word' id='word_1_430' title='bbox 1840 4579 1977 4652; x_wconf 75' lang='grc' dir='ltr'>πρέ-</span> 
     </span>
    </p>
   </div>
   <div class='ocr_carea' id='block_1_62' title="bbox 415 4669 1977 4743">
    <p class='ocr_par' dir='ltr' id='par_1_62' title="bbox 415 4669 1977 4743">
     <span class='ocr_line' id='line_1_62' title="bbox 415 4669 1977 4743; baseline 0.002 -19"><span class='ocrx_word' id='word_1_431' title='bbox 415 4685 545 4725; x_wconf 78' lang='grc' dir='ltr'>πων.</span> <span class='ocrx_word' id='word_1_432' title='bbox 563 4669 767 4725; x_wconf 84' lang='grc' dir='ltr'>Τούτου</span> <span class='ocrx_word' id='word_1_433' title='bbox 782 4670 1084 4742; x_wconf 78' lang='grc' dir='ltr'>συμφώνως</span> <span class='ocrx_word' id='word_1_434' title='bbox 1098 4671 1643 4743; x_wconf 83' lang='grc' dir='ltr'>ἀντιλαμϐανόμενοι,</span> <span class='ocrx_word' id='word_1_435' title='bbox 1657 4672 1756 4742; x_wconf 80' lang='grc' dir='ltr'><strong>τῆς</strong></span> <span class='ocrx_word' id='word_1_436' title='bbox 1779 4671 1977 4743; x_wconf 73' lang='grc' dir='ltr'>ἔχθρας</span> 
     </span>
    </p>
   </div>
   <div class='ocr_carea' id='block_1_63' title="bbox 415 4760 1976 4834">
    <p class='ocr_par' dir='ltr' id='par_1_63' title="bbox 415 4760 1976 4834">
     <span class='ocr_line' id='line_1_63' title="bbox 415 4760 1976 4834; baseline 0.001 -19"><span class='ocrx_word' id='word_1_437' title='bbox 415 4760 623 4833; x_wconf 70' lang='grc' dir='ltr'>ἐκείνης</span> <span class='ocrx_word' id='word_1_438' title='bbox 652 4763 878 4826; x_wconf 74' lang='grc' dir='ltr'>ἑαυτοὺς</span> <span class='ocrx_word' id='word_1_439' title='bbox 911 4763 1263 4834; x_wconf 84' lang='grc' dir='ltr'>συνειδήσεως</span> <span class='ocrx_word' id='word_1_440' title='bbox 1298 4764 1728 4834; x_wconf 83' lang='grc' dir='ltr'>ἀποσπάσωμεν,</span> <span class='ocrx_word' id='word_1_441' title='bbox 1759 4764 1976 4833; x_wconf 73' lang='grc' dir='ltr'>ἀδελφοὶ</span> 
     </span>
    </p>
   </div>
   <div class='ocr_carea' id='block_1_64' title="bbox 413 4853 1977 4927">
    <p class='ocr_par' dir='ltr' id='par_1_64' title="bbox 413 4853 1977 4927">
     <span class='ocr_line' id='line_1_64' title="bbox 413 4853 1977 4927; baseline 0.001 -20"><span class='ocrx_word' id='word_1_442' title='bbox 413 4853 910 4925; x_wconf 75' lang='grc' dir='ltr'>τιμιώτατοιοἚστι</span> <span class='ocrx_word' id='word_1_443' title='bbox 926 4854 1034 4927; x_wconf 81' lang='grc' dir='ltr'><strong>γὰρ</strong></span> <span class='ocrx_word' id='word_1_444' title='bbox 1048 4854 1121 4919; x_wconf 81' lang='grc' dir='ltr'>ὡς</span> <span class='ocrx_word' id='word_1_445' title='bbox 1134 4854 1346 4927; x_wconf 80' lang='grc' dir='ltr'>ἀληθῶς</span> <span class='ocrx_word' id='word_1_446' title='bbox 1358 4855 1725 4922; x_wconf 82' lang='grc' dir='ltr'>ἀτοπώτατον,</span> <span class='ocrx_word' id='word_1_447' title='bbox 1738 4856 1977 4920; x_wconf 81' lang='grc' dir='ltr'>ἐκείνους</span> 
     </span>
    </p>
   </div>
   <div class='ocr_carea' id='block_1_65' title="bbox 414 4945 1978 5017">
    <p class='ocr_par' dir='ltr' id='par_1_65' title="bbox 414 4945 1978 5017">
     <span class='ocr_line' id='line_1_65' title="bbox 414 4945 1978 5017; baseline -0.001 -19"><span class='ocrx_word' id='word_1_448' title='bbox 414 4946 610 5016; x_wconf 81' lang='grc' dir='ltr'>αὐχεῖν,</span> <span class='ocrx_word' id='word_1_449' title='bbox 660 4946 737 5008; x_wconf 85' lang='grc' dir='ltr'>ὡς</span> <span class='ocrx_word' id='word_1_450' title='bbox 778 4946 887 5016; x_wconf 74' lang='grc' dir='ltr'>ἄρα</span> <span class='ocrx_word' id='word_1_451' title='bbox 935 4947 1209 5017; x_wconf 80' lang='grc' dir='ltr'>παρεκτὸς</span> <span class='ocrx_word' id='word_1_452' title='bbox 1247 4946 1347 5017; x_wconf 80' lang='grc' dir='ltr'>τῆς</span> <span class='ocrx_word' id='word_1_453' title='bbox 1395 4945 1576 5001; x_wconf 81' lang='grc' dir='ltr'>αὐτῶν</span> <span class='ocrx_word' id='word_1_454' title='bbox 1630 4945 1978 5008; x_wconf 80' lang='grc' dir='ltr'>διδασκαλίας</span> 
     </span>
    </p>
   </div>
   <div class='ocr_carea' id='block_1_66' title="bbox 412 5033 1979 5111">
    <p class='ocr_par' dir='ltr' id='par_1_66' title="bbox 412 5033 1979 5111">
     <span class='ocr_line' id='line_1_66' title="bbox 412 5033 1979 5111; baseline 0.001 -23"><span class='ocrx_word' id='word_1_455' title='bbox 412 5036 577 5092; x_wconf 73' lang='grc' dir='ltr'>ταῦτα</span> <span class='ocrx_word' id='word_1_456' title='bbox 622 5038 915 5107; x_wconf 73' lang='grc' dir='ltr'>φυλάττειν</span> <span class='ocrx_word' id='word_1_457' title='bbox 959 5038 1059 5093; x_wconf 77' lang='grc' dir='ltr'>οὐκ</span> <span class='ocrx_word' id='word_1_458' title='bbox 1102 5033 1246 5110; x_wconf 81' lang='grc' dir='ltr'>ἦμεν</span> <span class='ocrx_word' id='word_1_459' title='bbox 1299 5040 1492 5093; x_wconf 84' lang='grc' dir='ltr'>ἱκανοί.</span> <span class='ocrx_word' id='word_1_460' title='bbox 1545 5038 1610 5093; x_wconf 89' lang='grc' dir='ltr'><strong>Τί</strong></span> <span class='ocrx_word' id='word_1_461' title='bbox 1651 5040 1709 5094; x_wconf 82' lang='grc' dir='ltr'>δὲ</span> <span class='ocrx_word' id='word_1_462' title='bbox 1763 5042 1979 5111; x_wconf 78' lang='grc' dir='ltr'>φρονεῖν</span> 
     </span>
    </p>
   </div>
   <div class='ocr_carea' id='block_1_67' title="bbox 414 5131 1977 5205">
    <p class='ocr_par' dir='ltr' id='par_1_67' title="bbox 414 5131 1977 5205">
     <span class='ocr_line' id='line_1_67' title="bbox 414 5131 1977 5205; baseline 0.002 -23"><span class='ocrx_word' id='word_1_463' title='bbox 414 5131 601 5186; x_wconf 78' lang='grc' dir='ltr'>ἐκεῖνοι</span> <span class='ocrx_word' id='word_1_464' title='bbox 642 5132 802 5204; x_wconf 71' lang='grc' dir='ltr'>ὀρθὸν</span> <span class='ocrx_word' id='word_1_465' title='bbox 839 5132 1179 5203; x_wconf 84' lang='grc' dir='ltr'>δυνήσονται,</span> <span class='ocrx_word' id='word_1_466' title='bbox 1208 5132 1257 5186; x_wconf 80' lang='grc' dir='ltr'>οἳ</span> <span class='ocrx_word' id='word_1_467' title='bbox 1305 5134 1443 5204; x_wconf 83' lang='grc' dir='ltr'><strong>μετά</strong></span> <span class='ocrx_word' id='word_1_468' title='bbox 1468 5132 1568 5205; x_wconf 79' lang='grc' dir='ltr'>τὴν</span> <span class='ocrx_word' id='word_1_469' title='bbox 1607 5131 1977 5203; x_wconf 83' lang='grc' dir='ltr'>κυριοκτονίαν</span> 
     </span>
    </p>
   </div>
   <div class='ocr_carea' id='block_1_68' title="bbox 413 5222 1977 5296">
    <p class='ocr_par' dir='ltr' id='par_1_68' title="bbox 413 5222 1977 5296">
     <span class='ocr_line' id='line_1_68' title="bbox 413 5222 1977 5296; baseline -0.001 -20"><span class='ocrx_word' id='word_1_470' title='bbox 413 5222 618 5294; x_wconf 72' lang='grc' dir='ltr'>ἐκείνην</span> <span class='ocrx_word' id='word_1_471' title='bbox 643 5224 937 5288; x_wconf 77' lang='grc' dir='ltr'>ἐκστάντες</span> <span class='ocrx_word' id='word_1_472' title='bbox 980 5224 1086 5278; x_wconf 85' lang='grc' dir='ltr'><strong>τῶν</strong></span> <span class='ocrx_word' id='word_1_473' title='bbox 1113 5223 1345 5296; x_wconf 75' lang='grc' dir='ltr'>φρενῶν,</span> <span class='ocrx_word' id='word_1_474' title='bbox 1388 5225 1608 5294; x_wconf 85' lang='grc' dir='ltr'>ἄγονται</span> <span class='ocrx_word' id='word_1_475' title='bbox 1637 5224 1699 5277; x_wconf 84' lang='grc' dir='ltr'>οὐ</span> <span class='ocrx_word' id='word_1_476' title='bbox 1732 5222 1977 5293; x_wconf 83' lang='grc' dir='ltr'>λογισμῷ</span> 
     </span>
    </p>
   </div>
   <div class='ocr_carea' id='block_1_69' title="bbox 412 5314 1979 5389">
    <p class='ocr_par' dir='ltr' id='par_1_69' title="bbox 412 5314 1979 5389">
     <span class='ocr_line' id='line_1_69' title="bbox 412 5314 1979 5389; baseline 0.011 -22"><span class='ocrx_word' id='word_1_477' title='bbox 412 5329 532 5377; x_wconf 86' lang='grc' dir='ltr'>τινι,</span> <span class='ocrx_word' id='word_1_478' title='bbox 557 5315 672 5369; x_wconf 83' lang='grc' dir='ltr'>ἀλλ’</span> <span class='ocrx_word' id='word_1_479' title='bbox 709 5318 855 5388; x_wconf 75' lang='grc' dir='ltr'>ὁρμῇ</span> <span class='ocrx_word' id='word_1_480' title='bbox 902 5318 1280 5389; x_wconf 76' lang='grc' dir='ltr'>ἀκατασχὲτῳ,</span> <span class='ocrx_word' id='word_1_481' title='bbox 1328 5318 1451 5371; x_wconf 85' lang='grc' dir='ltr'>ὅποι</span> <span class='ocrx_word' id='word_1_482' title='bbox 1490 5316 1555 5371; x_wconf 79' lang='grc' dir='ltr'>ἂν</span> <span class='ocrx_word' id='word_1_483' title='bbox 1586 5315 1783 5378; x_wconf 73' lang='grc' dir='ltr'>αὐτοὺς</span> <span class='ocrx_word' id='word_1_484' title='bbox 1816 5315 1849 5385; x_wconf 75' lang='grc' dir='ltr'>ἢ</span> <span class='ocrx_word' id='word_1_485' title='bbox 1880 5314 1979 5384; x_wconf 62' lang='grc' dir='ltr'><strong>ἔμ’</strong></span> 
     </span>
    </p>
   </div>
   <div class='ocr_carea' id='block_1_70' title="bbox 2075 1834 3636 1906">
    <p class='ocr_par' dir='ltr' id='par_1_70' title="bbox 2075 1834 3636 1906">
     <span class='ocr_line' id='line_1_70' title="bbox 2075 1834 3636 1906; baseline 0.001 -17"><span class='ocrx_word' id='word_1_486' title='bbox 2075 1835 2332 1905; x_wconf 90' lang='lat' dir='ltr'><strong>quoniam</strong></span> <span class='ocrx_word' id='word_1_487' title='bbox 2359 1834 2473 1890; x_wconf 85' lang='lat' dir='ltr'><strong>ﬁeri</strong></span> <span class='ocrx_word' id='word_1_488' title='bbox 2499 1850 2608 1889; x_wconf 84' lang='lat' dir='ltr'><strong>non</strong></span> <span class='ocrx_word' id='word_1_489' title='bbox 2633 1844 2846 1906; x_wconf 81' lang='lat' dir='ltr'><strong>poterat</strong></span> <span class='ocrx_word' id='word_1_490' title='bbox 2888 1844 2946 1890; x_wconf 90' lang='lat' dir='ltr'><strong>ut</strong></span> <span class='ocrx_word' id='word_1_491' title='bbox 2971 1852 3033 1891; x_wconf 88' lang='lat' dir='ltr'><strong>ea</strong></span> <span class='ocrx_word' id='word_1_492' title='bbox 3062 1852 3148 1890; x_wconf 86' lang='lat' dir='ltr'><strong>res</strong></span> <span class='ocrx_word' id='word_1_493' title='bbox 3174 1837 3328 1891; x_wconf 82' lang='lat' dir='ltr'><strong>firme</strong></span> <span class='ocrx_word' id='word_1_494' title='bbox 3373 1854 3435 1892; x_wconf 89' lang='lat' dir='ltr'><strong>ac</strong></span> <span class='ocrx_word' id='word_1_495' title='bbox 3461 1838 3636 1893; x_wconf 86' lang='lat' dir='ltr'><strong>stabi-</strong></span> 
     </span>
    </p>
   </div>
   <div class='ocr_carea' id='block_1_71' title="bbox 2072 1925 3634 1999">
    <p class='ocr_par' dir='ltr' id='par_1_71' title="bbox 2072 1925 3634 1999">
     <span class='ocr_line' id='line_1_71' title="bbox 2072 1925 3634 1999; baseline 0.003 -20"><span class='ocrx_word' id='word_1_496' title='bbox 2072 1925 2200 1980; x_wconf 81' lang='lat' dir='ltr'><strong>liter</strong></span> <span class='ocrx_word' id='word_1_497' title='bbox 2244 1926 2708 1991; x_wconf 87' lang='lat' dir='ltr'><strong>constitueretur,</strong></span> <span class='ocrx_word' id='word_1_498' title='bbox 2754 1927 2862 1981; x_wconf 86' lang='lat' dir='ltr'><strong>nisi</strong></span> <span class='ocrx_word' id='word_1_499' title='bbox 2910 1928 3166 1983; x_wconf 88' lang='lat' dir='ltr'><strong>omnibus</strong></span> <span class='ocrx_word' id='word_1_500' title='bbox 3207 1928 3503 1999; x_wconf 80' lang='lat' dir='ltr'><strong>episcopis,</strong></span> <span class='ocrx_word' id='word_1_501' title='bbox 3548 1931 3634 1984; x_wconf 89' lang='lat' dir='ltr'><strong>vel</strong></span> 
     </span>
    </p>
   </div>
   <div class='ocr_carea' id='block_1_72' title="bbox 2074 2017 3637 2092">
    <p class='ocr_par' dir='ltr' id='par_1_72' title="bbox 2074 2017 3637 2092">
     <span class='ocr_line' id='line_1_72' title="bbox 2074 2017 3637 2092; baseline 0.003 -20"><span class='ocrx_word' id='word_1_502' title='bbox 2074 2026 2223 2073; x_wconf 90' lang='lat' dir='ltr'><strong>certe</strong></span> <span class='ocrx_word' id='word_1_503' title='bbox 2247 2018 2501 2088; x_wconf 90' lang='lat' dir='ltr'><strong>plurimis</strong></span> <span class='ocrx_word' id='word_1_504' title='bbox 2522 2033 2733 2083; x_wconf 89' lang='lat' dir='ltr'><strong>eorum,</strong></span> <span class='ocrx_word' id='word_1_505' title='bbox 2759 2017 2815 2071; x_wconf 91' lang='lat' dir='ltr'><strong>in</strong></span> <span class='ocrx_word' id='word_1_506' title='bbox 2839 2033 3009 2071; x_wconf 89' lang='lat' dir='ltr'><strong>unum</strong></span> <span class='ocrx_word' id='word_1_507' title='bbox 3033 2021 3396 2090; x_wconf 81' lang='lat' dir='ltr'><strong>congregatis,</strong></span> <span class='ocrx_word' id='word_1_508' title='bbox 3422 2020 3637 2092; x_wconf 83' lang='lat' dir='ltr'><strong>singula</strong></span> 
     </span>
    </p>
   </div>
   <div class='ocr_carea' id='block_1_73' title="bbox 2073 2109 3638 2180">
    <p class='ocr_par' dir='ltr' id='par_1_73' title="bbox 2073 2109 3638 2180">
     <span class='ocr_line' id='line_1_73' title="bbox 2073 2109 3638 2180; baseline 0.001 -17"><span class='ocrx_word' id='word_1_509' title='bbox 2073 2125 2193 2180; x_wconf 69' lang='lat' dir='ltr'><strong>qua:</strong></span> <span class='ocrx_word' id='word_1_510' title='bbox 2213 2109 2280 2163; x_wconf 84' lang='lat' dir='ltr'><strong>ad</strong></span> <span class='ocrx_word' id='word_1_511' title='bbox 2306 2109 2726 2164; x_wconf 89' lang='lat' dir='ltr'><strong>sacratissimam</strong></span> <span class='ocrx_word' id='word_1_512' title='bbox 2780 2109 3097 2180; x_wconf 79' lang='lat' dir='ltr'><strong>religionem</strong></span> <span class='ocrx_word' id='word_1_513' title='bbox 3142 2110 3437 2180; x_wconf 85' lang='lat' dir='ltr'><strong>pertinent,</strong></span> <span class='ocrx_word' id='word_1_514' title='bbox 3462 2111 3638 2166; x_wconf 88' lang='lat' dir='ltr'><strong>disce-</strong></span> 
     </span>
    </p>
   </div>
   <div class='ocr_carea' id='block_1_74' title="bbox 2072 2201 3635 2273">
    <p class='ocr_par' dir='ltr' id='par_1_74' title="bbox 2072 2201 3635 2273">
     <span class='ocr_line' id='line_1_74' title="bbox 2072 2201 3635 2273; baseline 0 -17"><span class='ocrx_word' id='word_1_515' title='bbox 2072 2210 2220 2273; x_wconf 84' lang='lat' dir='ltr'><strong>ptata</strong></span> <span class='ocrx_word' id='word_1_516' title='bbox 2242 2202 2395 2273; x_wconf 91' lang='lat' dir='ltr'><strong>prius</strong></span> <span class='ocrx_word' id='word_1_517' title='bbox 2420 2201 2650 2257; x_wconf 80' lang='lat' dir='ltr'><strong>fuissent</strong></span> <span class='ocrx_word' id='word_1_518' title='bbox 2675 2219 2688 2255; x_wconf 88' lang='lat'><strong>:</strong></span> <span class='ocrx_word' id='word_1_519' title='bbox 2716 2201 2858 2255; x_wconf 89' lang='lat' dir='ltr'><strong>hanc</strong></span> <span class='ocrx_word' id='word_1_520' title='bbox 2883 2201 2953 2255; x_wconf 89' lang='lat' dir='ltr'><strong>ob</strong></span> <span class='ocrx_word' id='word_1_521' title='bbox 2979 2217 3198 2255; x_wconf 88' lang='lat' dir='ltr'><strong>causam</strong></span> <span class='ocrx_word' id='word_1_522' title='bbox 3248 2202 3450 2256; x_wconf 86' lang='lat' dir='ltr'><strong>coactis</strong></span> <span class='ocrx_word' id='word_1_523' title='bbox 3473 2217 3635 2273; x_wconf 81' lang='lat' dir='ltr'><strong>quam</strong></span> 
     </span>
    </p>
   </div>
   <div class='ocr_carea' id='block_1_75' title="bbox 2074 2293 3637 2365">
    <p class='ocr_par' dir='ltr' id='par_1_75' title="bbox 2074 2293 3637 2365">
     <span class='ocr_line' id='line_1_75' title="bbox 2074 2293 3637 2365; baseline 0.001 -17"><span class='ocrx_word' id='word_1_524' title='bbox 2074 2293 2191 2349; x_wconf 82' lang='lat' dir='ltr'><strong>fieri</strong></span> <span class='ocrx_word' id='word_1_525' title='bbox 2216 2293 2397 2365; x_wconf 89' lang='lat' dir='ltr'><strong>potuit</strong></span> <span class='ocrx_word' id='word_1_526' title='bbox 2419 2293 2672 2364; x_wconf 88' lang='lat' dir='ltr'><strong>plurimis</strong></span> <span class='ocrx_word' id='word_1_527' title='bbox 2696 2293 3072 2348; x_wconf 84' lang='lat' dir='ltr'><strong>sacerdotibus</strong></span> <span class='ocrx_word' id='word_1_528' title='bbox 3097 2310 3111 2360; x_wconf 89' lang='lat'><strong>;</strong></span> <span class='ocrx_word' id='word_1_529' title='bbox 3143 2309 3227 2347; x_wconf 90' lang='lat' dir='ltr'><strong>me</strong></span> <span class='ocrx_word' id='word_1_530' title='bbox 3251 2311 3469 2365; x_wconf 86' lang='lat' dir='ltr'><strong>quoque</strong></span> <span class='ocrx_word' id='word_1_531' title='bbox 3515 2304 3637 2351; x_wconf 85' lang='lat' dir='ltr'><strong>tan-</strong></span> 
     </span>
    </p>
   </div>
   <div class='ocr_carea' id='block_1_76' title="bbox 2073 2381 3635 2456">
    <p class='ocr_par' dir='ltr' id='par_1_76' title="bbox 2073 2381 3635 2456">
     <span class='ocr_line' id='line_1_76' title="bbox 2073 2381 3635 2456; baseline -0.001 -17"><span class='ocrx_word' id='word_1_532' title='bbox 2073 2400 2235 2455; x_wconf 91' lang='lat' dir='ltr'><strong>quam</strong></span> <span class='ocrx_word' id='word_1_533' title='bbox 2262 2400 2371 2440; x_wconf 90' lang='lat' dir='ltr'><strong>uno</strong></span> <span class='ocrx_word' id='word_1_534' title='bbox 2393 2401 2461 2439; x_wconf 81' lang='lat' dir='ltr'><strong>ex</strong></span> <span class='ocrx_word' id='word_1_535' title='bbox 2483 2383 2641 2438; x_wconf 83' lang='lat' dir='ltr'><strong>vobis</strong></span> <span class='ocrx_word' id='word_1_536' title='bbox 2664 2393 2933 2453; x_wconf 60' lang='lat' dir='ltr'><strong>praesente</strong></span> <span class='ocrx_word' id='word_1_537' title='bbox 2961 2381 3161 2456; x_wconf 80' lang='lat' dir='ltr'><strong>(neque</strong></span> <span class='ocrx_word' id='word_1_538' title='bbox 3199 2385 3348 2438; x_wconf 87' lang='lat' dir='ltr'><strong>enim</strong></span> <span class='ocrx_word' id='word_1_539' title='bbox 3399 2401 3635 2455; x_wconf 70' lang='lat' dir='ltr'><strong>negave-</strong></span> 
     </span>
    </p>
   </div>
   <div class='ocr_carea' id='block_1_77' title="bbox 2074 2474 3633 2545">
    <p class='ocr_par' dir='ltr' id='par_1_77' title="bbox 2074 2474 3633 2545">
     <span class='ocr_line' id='line_1_77' title="bbox 2074 2474 3633 2545; baseline -0.001 -16"><span class='ocrx_word' id='word_1_540' title='bbox 2074 2476 2179 2529; x_wconf 89' lang='lat' dir='ltr'><strong>rim</strong></span> <span class='ocrx_word' id='word_1_541' title='bbox 2202 2474 2257 2529; x_wconf 82' lang='lat' dir='ltr'><strong>id</strong></span> <span class='ocrx_word' id='word_1_542' title='bbox 2277 2490 2386 2545; x_wconf 91' lang='lat' dir='ltr'><strong>quo</strong></span> <span class='ocrx_word' id='word_1_543' title='bbox 2409 2474 2642 2528; x_wconf 82' lang='lat' dir='ltr'><strong>maxime</strong></span> <span class='ocrx_word' id='word_1_544' title='bbox 2663 2474 2897 2539; x_wconf 78' lang='lat' dir='ltr'><strong>exsulto,</strong></span> <span class='ocrx_word' id='word_1_545' title='bbox 2922 2489 3247 2529; x_wconf 83' lang='lat' dir='ltr'><strong>conservum</strong></span> <span class='ocrx_word' id='word_1_546' title='bbox 3275 2491 3359 2530; x_wconf 85' lang='lat' dir='ltr'><strong>me</strong></span> <span class='ocrx_word' id='word_1_547' title='bbox 3395 2484 3633 2530; x_wconf 79' lang='lat' dir='ltr'><strong>vestrum</strong></span> 
     </span>
    </p>
   </div>
   <div class='ocr_carea' id='block_1_78' title="bbox 2072 2565 3634 2636">
    <p class='ocr_par' dir='ltr' id='par_1_78' title="bbox 2072 2565 3634 2636">
     <span class='ocr_line' id='line_1_78' title="bbox 2072 2565 3634 2636; baseline 0.001 -16"><span class='ocrx_word' id='word_1_548' title='bbox 2072 2565 2211 2635; x_wconf 89' lang='lat' dir='ltr'><strong>esse)</strong></span> <span class='ocrx_word' id='word_1_549' title='bbox 2238 2574 2431 2621; x_wconf 85' lang='lat' dir='ltr'><strong>cuncta</strong></span> <span class='ocrx_word' id='word_1_550' title='bbox 2458 2565 2787 2635; x_wconf 88' lang='lat' dir='ltr'><strong>competenti</strong></span> <span class='ocrx_word' id='word_1_551' title='bbox 2812 2567 3061 2621; x_wconf 81' lang='lat' dir='ltr'><strong>examine</strong></span> <span class='ocrx_word' id='word_1_552' title='bbox 3086 2581 3151 2620; x_wconf 92' lang='lat' dir='ltr'><strong>eo</strong></span> <span class='ocrx_word' id='word_1_553' title='bbox 3197 2582 3367 2636; x_wconf 82' lang='lat' dir='ltr'><strong>usque</strong></span> <span class='ocrx_word' id='word_1_554' title='bbox 3393 2566 3634 2621; x_wconf 83' lang='lat' dir='ltr'><strong>discussa</strong></span> 
     </span>
    </p>
   </div>
   <div class='ocr_carea' id='block_1_79' title="bbox 2074 2656 3639 2728">
    <p class='ocr_par' dir='ltr' id='par_1_79' title="bbox 2074 2656 3639 2728">
     <span class='ocr_line' id='line_1_79' title="bbox 2074 2656 3639 2728; baseline -0.001 -14"><span class='ocrx_word' id='word_1_555' title='bbox 2074 2668 2221 2723; x_wconf 91' lang='lat' dir='ltr'><strong>sunt,</strong></span> <span class='ocrx_word' id='word_1_556' title='bbox 2245 2658 2419 2713; x_wconf 89' lang='lat' dir='ltr'><strong>donec</strong></span> <span class='ocrx_word' id='word_1_557' title='bbox 2443 2656 2737 2728; x_wconf 84' lang='lat' dir='ltr'><strong>inSpectori</strong></span> <span class='ocrx_word' id='word_1_558' title='bbox 2760 2657 3005 2710; x_wconf 88' lang='lat' dir='ltr'><strong>omnium</strong></span> <span class='ocrx_word' id='word_1_559' title='bbox 3032 2658 3142 2711; x_wconf 89' lang='lat' dir='ltr'><strong>Deo</strong></span> <span class='ocrx_word' id='word_1_560' title='bbox 3167 2667 3388 2727; x_wconf 84' lang='lat' dir='ltr'><strong>accepta</strong></span> <span class='ocrx_word' id='word_1_561' title='bbox 3416 2668 3639 2713; x_wconf 85' lang='lat' dir='ltr'><strong>sentcn-</strong></span> 
     </span>
    </p>
   </div>
   <div class='ocr_carea' id='block_1_80' title="bbox 2076 2745 3632 2815">
    <p class='ocr_par' dir='ltr' id='par_1_80' title="bbox 2076 2745 3632 2815">
     <span class='ocr_line' id='line_1_80' title="bbox 2076 2745 3632 2815; baseline -0.002 -12"><span class='ocrx_word' id='word_1_562' title='bbox 2076 2749 2171 2813; x_wconf 85' lang='lat' dir='ltr'><strong>tia,</strong></span> <span class='ocrx_word' id='word_1_563' title='bbox 2196 2747 2265 2803; x_wconf 90' lang='lat' dir='ltr'><strong>ad</strong></span> <span class='ocrx_word' id='word_1_564' title='bbox 2285 2747 2513 2802; x_wconf 87' lang='lat' dir='ltr'><strong>unitatis</strong></span> <span class='ocrx_word' id='word_1_565' title='bbox 2552 2754 2880 2801; x_wconf 89' lang='lat' dir='ltr'><strong>concentum</strong></span> <span class='ocrx_word' id='word_1_566' title='bbox 2933 2745 3273 2815; x_wconf 88' lang='lat' dir='ltr'><strong>proferretur</strong></span> <span class='ocrx_word' id='word_1_567' title='bbox 3322 2747 3377 2800; x_wconf 92' lang='lat' dir='ltr'><strong>in</strong></span> <span class='ocrx_word' id='word_1_568' title='bbox 3420 2746 3632 2801; x_wconf 88' lang='lat' dir='ltr'><strong>lucem:</strong></span> 
     </span>
    </p>
   </div>
   <div class='ocr_carea' id='block_1_81' title="bbox 2074 2835 3633 2900">
    <p class='ocr_par' dir='ltr' id='par_1_81' title="bbox 2074 2835 3633 2900">
     <span class='ocr_line' id='line_1_81' title="bbox 2074 2835 3633 2900; baseline -0.001 -7"><span class='ocrx_word' id='word_1_569' title='bbox 2074 2838 2147 2893; x_wconf 89' lang='lat' dir='ltr'><strong>ita</strong></span> <span class='ocrx_word' id='word_1_570' title='bbox 2176 2847 2236 2892; x_wconf 92' lang='lat' dir='ltr'><strong>ut</strong></span> <span class='ocrx_word' id='word_1_571' title='bbox 2280 2838 2464 2893; x_wconf 89' lang='lat' dir='ltr'><strong>nullus</strong></span> <span class='ocrx_word' id='word_1_572' title='bbox 2508 2835 2859 2900; x_wconf 87' lang='lat' dir='ltr'><strong>dissensioni,</strong></span> <span class='ocrx_word' id='word_1_573' title='bbox 2906 2836 3092 2890; x_wconf 69' lang='lat' dir='ltr'><strong>nullus</strong></span> <span class='ocrx_word' id='word_1_574' title='bbox 3136 2838 3524 2892; x_wconf 69' lang='lat' dir='ltr'><strong>controversia:</strong></span> <span class='ocrx_word' id='word_1_575' title='bbox 3565 2839 3633 2892; x_wconf 91' lang='lat' dir='ltr'><strong>dc</strong></span> 
     </span>
    </p>
   </div>
   <div class='ocr_carea' id='block_1_82' title="bbox 2075 2928 3638 3000">
    <p class='ocr_par' dir='ltr' id='par_1_82' title="bbox 2075 2928 3638 3000">
     <span class='ocr_line' id='line_1_82' title="bbox 2075 2928 3638 3000; baseline -0.002 -14"><span class='ocrx_word' id='word_1_576' title='bbox 2075 2930 2179 2986; x_wconf 74' lang='lat' dir='ltr'><strong>ﬁde</strong></span> <span class='ocrx_word' id='word_1_577' title='bbox 2204 2930 2356 2986; x_wconf 90' lang='lat' dir='ltr'><strong>locus</strong></span> <span class='ocrx_word' id='word_1_578' title='bbox 2377 2929 2612 3000; x_wconf 88' lang='lat' dir='ltr'><strong>amplius</strong></span> <span class='ocrx_word' id='word_1_579' title='bbox 2632 2928 3057 2998; x_wconf 86' lang='lat' dir='ltr'><strong>relinqueretur.</strong></span> <span class='ocrx_word' id='word_1_580' title='bbox 3104 2928 3207 2984; x_wconf 86' lang='lat' dir='ltr'><strong>Ubi</strong></span> <span class='ocrx_word' id='word_1_581' title='bbox 3249 2944 3371 2983; x_wconf 91' lang='lat' dir='ltr'><strong>cum</strong></span> <span class='ocrx_word' id='word_1_582' title='bbox 3407 2928 3475 2983; x_wconf 89' lang='lat' dir='ltr'><strong>de</strong></span> <span class='ocrx_word' id='word_1_583' title='bbox 3515 2944 3638 2983; x_wconf 88' lang='lat' dir='ltr'><strong>san-</strong></span> 
     </span>
    </p>
   </div>
   <div class='ocr_carea' id='block_1_83' title="bbox 2074 3016 3636 3087">
    <p class='ocr_par' dir='ltr' id='par_1_83' title="bbox 2074 3016 3636 3087">
     <span class='ocr_line' id='line_1_83' title="bbox 2074 3016 3636 3087; baseline -0.003 -13"><span class='ocrx_word' id='word_1_584' title='bbox 2074 3018 2318 3074; x_wconf 88' lang='lat' dir='ltr'><strong>ctissimo</strong></span> <span class='ocrx_word' id='word_1_585' title='bbox 2342 3018 2506 3073; x_wconf 87' lang='lat' dir='ltr'><strong>etiam</strong></span> <span class='ocrx_word' id='word_1_586' title='bbox 2532 3016 2754 3073; x_wconf 70' lang='lat' dir='ltr'><strong>Pascha:</strong></span> <span class='ocrx_word' id='word_1_587' title='bbox 2790 3016 2881 3071; x_wconf 88' lang='lat' dir='ltr'><strong>die</strong></span> <span class='ocrx_word' id='word_1_588' title='bbox 2906 3017 3434 3087; x_wconf 43' lang='lat' dir='ltr'><strong>quaesitnm&#39;fuisset,</strong></span> <span class='ocrx_word' id='word_1_589' title='bbox 3485 3033 3636 3072; x_wconf 90' lang='lat' dir='ltr'><strong>com-</strong></span> 
     </span>
    </p>
   </div>
   <div class='ocr_carea' id='block_1_84' title="bbox 2075 3108 3637 3174">
    <p class='ocr_par' dir='ltr' id='par_1_84' title="bbox 2075 3108 3637 3174">
     <span class='ocr_line' id='line_1_84' title="bbox 2075 3108 3637 3174; baseline -0.003 -8"><span class='ocrx_word' id='word_1_590' title='bbox 2075 3112 2227 3166; x_wconf 89' lang='lat' dir='ltr'><strong>muni</strong></span> <span class='ocrx_word' id='word_1_591' title='bbox 2253 3110 2499 3165; x_wconf 91' lang='lat' dir='ltr'><strong>omnium</strong></span> <span class='ocrx_word' id='word_1_592' title='bbox 2522 3109 2792 3165; x_wconf 82' lang='lat' dir='ltr'><strong>sententia</strong></span> <span class='ocrx_word' id='word_1_593' title='bbox 2817 3108 3098 3163; x_wconf 89' lang='lat' dir='ltr'><strong>decretum</strong></span> <span class='ocrx_word' id='word_1_594' title='bbox 3127 3118 3230 3174; x_wconf 88' lang='lat' dir='ltr'><strong>est,</strong></span> <span class='ocrx_word' id='word_1_595' title='bbox 3256 3125 3376 3164; x_wconf 86' lang='lat' dir='ltr'><strong>eam</strong></span> <span class='ocrx_word' id='word_1_596' title='bbox 3422 3109 3637 3164; x_wconf 89' lang='lat' dir='ltr'><strong>festivi-</strong></span> 
     </span>
    </p>
   </div>
   <div class='ocr_carea' id='block_1_85' title="bbox 2076 3198 3635 3270">
    <p class='ocr_par' dir='ltr' id='par_1_85' title="bbox 2076 3198 3635 3270">
     <span class='ocr_line' id='line_1_85' title="bbox 2076 3198 3635 3270; baseline -0.002 -12"><span class='ocrx_word' id='word_1_597' title='bbox 2076 3210 2242 3258; x_wconf 89' lang='lat' dir='ltr'><strong>tatem</strong></span> <span class='ocrx_word' id='word_1_598' title='bbox 2268 3216 2379 3257; x_wconf 92' lang='lat' dir='ltr'><strong>uno</strong></span> <span class='ocrx_word' id='word_1_599' title='bbox 2400 3200 2702 3270; x_wconf 87' lang='lat' dir='ltr'><strong>eodemque</strong></span> <span class='ocrx_word' id='word_1_600' title='bbox 2725 3198 2813 3254; x_wconf 90' lang='lat' dir='ltr'><strong>die</strong></span> <span class='ocrx_word' id='word_1_601' title='bbox 2838 3198 2907 3254; x_wconf 88' lang='lat' dir='ltr'><strong>ab</strong></span> <span class='ocrx_word' id='word_1_602' title='bbox 2933 3198 3189 3254; x_wconf 89' lang='lat' dir='ltr'><strong>omnibus</strong></span> <span class='ocrx_word' id='word_1_603' title='bbox 3238 3201 3442 3270; x_wconf 85' lang='lat' dir='ltr'><strong>ubique</strong></span> <span class='ocrx_word' id='word_1_604' title='bbox 3487 3203 3635 3256; x_wconf 86' lang='lat' dir='ltr'><strong>cele-</strong></span> 
     </span>
    </p>
   </div>
   <div class='ocr_carea' id='block_1_86' title="bbox 2074 3289 3639 3362">
    <p class='ocr_par' dir='ltr' id='par_1_86' title="bbox 2074 3289 3639 3362">
     <span class='ocr_line' id='line_1_86' title="bbox 2074 3289 3639 3362; baseline -0.001 -15"><span class='ocrx_word' id='word_1_605' title='bbox 2074 3292 2223 3347; x_wconf 86' lang='lat' dir='ltr'><strong>brari</strong></span> <span class='ocrx_word' id='word_1_606' title='bbox 2247 3300 2516 3362; x_wconf 85' lang='lat' dir='ltr'><strong>oportere.</strong></span> <span class='ocrx_word' id='word_1_607' title='bbox 2542 3289 2683 3357; x_wconf 83' lang='lat' dir='ltr'><strong>Quid</strong></span> <span class='ocrx_word' id='word_1_608' title='bbox 2706 3290 2852 3344; x_wconf 91' lang='lat' dir='ltr'><strong>enim</strong></span> <span class='ocrx_word' id='word_1_609' title='bbox 2878 3290 3180 3360; x_wconf 84' lang='lat' dir='ltr'><strong>pulchrius,</strong></span> <span class='ocrx_word' id='word_1_610' title='bbox 3199 3290 3330 3361; x_wconf 89' lang='lat' dir='ltr'><strong>quid</strong></span> <span class='ocrx_word' id='word_1_611' title='bbox 3356 3291 3639 3347; x_wconf 83' lang='lat' dir='ltr'><strong>honestius</strong></span> 
     </span>
    </p>
   </div>
   <div class='ocr_carea' id='block_1_87' title="bbox 2073 3381 3639 3454">
    <p class='ocr_par' dir='ltr' id='par_1_87' title="bbox 2073 3381 3639 3454">
     <span class='ocr_line' id='line_1_87' title="bbox 2073 3381 3639 3454; baseline 0.001 -17"><span class='ocrx_word' id='word_1_612' title='bbox 2073 3382 2235 3437; x_wconf 88' lang='lat' dir='ltr'><strong>nobis</strong></span> <span class='ocrx_word' id='word_1_613' title='bbox 2258 3396 2379 3437; x_wconf 88' lang='lat' dir='ltr'><strong>esse</strong></span> <span class='ocrx_word' id='word_1_614' title='bbox 2422 3381 2614 3451; x_wconf 86' lang='lat' dir='ltr'><strong>possit,</strong></span> <span class='ocrx_word' id='word_1_615' title='bbox 2663 3396 2826 3450; x_wconf 90' lang='lat' dir='ltr'><strong>quam</strong></span> <span class='ocrx_word' id='word_1_616' title='bbox 2872 3389 2934 3435; x_wconf 92' lang='lat' dir='ltr'><strong>ut</strong></span> <span class='ocrx_word' id='word_1_617' title='bbox 2980 3381 3095 3436; x_wconf 65' lang='lat' dir='ltr'><strong>haec</strong></span> <span class='ocrx_word' id='word_1_618' title='bbox 3122 3382 3417 3448; x_wconf 82' lang='lat' dir='ltr'><strong>festivitas,</strong></span> <span class='ocrx_word' id='word_1_619' title='bbox 3441 3399 3508 3438; x_wconf 80' lang='lat' dir='ltr'><strong>ex</strong></span> <span class='ocrx_word' id='word_1_620' title='bbox 3531 3399 3639 3454; x_wconf 89' lang='lat' dir='ltr'><strong>qua</strong></span> 
     </span>
    </p>
   </div>
   <div class='ocr_carea' id='block_1_88' title="bbox 2076 3472 3636 3544">
    <p class='ocr_par' dir='ltr' id='par_1_88' title="bbox 2076 3472 3636 3544">
     <span class='ocr_line' id='line_1_88' title="bbox 2076 3472 3636 3544; baseline 0 -16"><span class='ocrx_word' id='word_1_621' title='bbox 2076 3487 2228 3544; x_wconf 90' lang='lat' dir='ltr'><strong>spem</strong></span> <span class='ocrx_word' id='word_1_622' title='bbox 2253 3472 2678 3527; x_wconf 86' lang='lat' dir='ltr'><strong>immortalitatis</strong></span> <span class='ocrx_word' id='word_1_623' title='bbox 2699 3472 3032 3541; x_wconf 87' lang='lat' dir='ltr'><strong>accepimus,</strong></span> <span class='ocrx_word' id='word_1_624' title='bbox 3061 3487 3172 3527; x_wconf 91' lang='lat' dir='ltr'><strong>uno</strong></span> <span class='ocrx_word' id='word_1_625' title='bbox 3195 3473 3497 3544; x_wconf 83' lang='lat' dir='ltr'><strong>eodemque</strong></span> <span class='ocrx_word' id='word_1_626' title='bbox 3540 3492 3636 3528; x_wconf 90' lang='lat' dir='ltr'><strong>or—</strong></span> 
     </span>
    </p>
   </div>
   <div class='ocr_carea' id='block_1_89' title="bbox 2077 3560 3636 3618">
    <p class='ocr_par' dir='ltr' id='par_1_89' title="bbox 2077 3560 3636 3618">
     <span class='ocr_line' id='line_1_89' title="bbox 2077 3560 3636 3618; baseline 0.001 -1"><span class='ocrx_word' id='word_1_627' title='bbox 2077 3562 2205 3618; x_wconf 90' lang='lat' dir='ltr'><strong>dine</strong></span> <span class='ocrx_word' id='word_1_628' title='bbox 2222 3571 2276 3618; x_wconf 88' lang='lat' dir='ltr'><strong>et</strong></span> <span class='ocrx_word' id='word_1_629' title='bbox 2301 3570 2450 3617; x_wconf 87' lang='lat' dir='ltr'><strong>certa</strong></span> <span class='ocrx_word' id='word_1_630' title='bbox 2476 3561 2685 3615; x_wconf 86' lang='lat' dir='ltr'><strong>ratione</strong></span> <span class='ocrx_word' id='word_1_631' title='bbox 2710 3560 2779 3616; x_wconf 91' lang='lat' dir='ltr'><strong>ab</strong></span> <span class='ocrx_word' id='word_1_632' title='bbox 2802 3561 3056 3615; x_wconf 88' lang='lat' dir='ltr'><strong>omnibus</strong></span> <span class='ocrx_word' id='word_1_633' title='bbox 3083 3562 3348 3617; x_wconf 72' lang='lat' dir='ltr'><strong>inoffense</strong></span> <span class='ocrx_word' id='word_1_634' title='bbox 3372 3564 3636 3618; x_wconf 82' lang='lat' dir='ltr'><strong>observe-</strong></span> 
     </span>
    </p>
   </div>
   <div class='ocr_carea' id='block_1_90' title="bbox 2079 3656 3638 3732">
    <p class='ocr_par' dir='ltr' id='par_1_90' title="bbox 2079 3656 3638 3732">
     <span class='ocr_line' id='line_1_90' title="bbox 2079 3656 3638 3732; baseline -0.004 -16"><span class='ocrx_word' id='word_1_635' title='bbox 2079 3662 2205 3716; x_wconf 89' lang='lat' dir='ltr'><strong>tur?</strong></span> <span class='ocrx_word' id='word_1_636' title='bbox 2244 3664 2321 3715; x_wconf 84' lang='lat' dir='ltr'><strong>Ac</strong></span> <span class='ocrx_word' id='word_1_637' title='bbox 2360 3660 2596 3732; x_wconf 89' lang='lat' dir='ltr'><strong>primum</strong></span> <span class='ocrx_word' id='word_1_638' title='bbox 2622 3658 2841 3730; x_wconf 89' lang='lat' dir='ltr'><strong>quidem</strong></span> <span class='ocrx_word' id='word_1_639' title='bbox 2865 3658 3044 3713; x_wconf 87' lang='lat' dir='ltr'><strong>visum</strong></span> <span class='ocrx_word' id='word_1_640' title='bbox 3089 3665 3175 3712; x_wconf 89' lang='lat' dir='ltr'><strong>est</strong></span> <span class='ocrx_word' id='word_1_641' title='bbox 3223 3656 3475 3710; x_wconf 85' lang='lat' dir='ltr'><strong>omnibus</strong></span> <span class='ocrx_word' id='word_1_642' title='bbox 3524 3671 3638 3709; x_wconf 89' lang='lat' dir='ltr'><strong>rem</strong></span> 
     </span>
    </p>
   </div>
   <div class='ocr_carea' id='block_1_91' title="bbox 2076 3747 3638 3822">
    <p class='ocr_par' dir='ltr' id='par_1_91' title="bbox 2076 3747 3638 3822">
     <span class='ocr_line' id='line_1_91' title="bbox 2076 3747 3638 3822; baseline -0.004 -15"><span class='ocrx_word' id='word_1_643' title='bbox 2076 3767 2197 3807; x_wconf 90' lang='lat' dir='ltr'><strong>esse</strong></span> <span class='ocrx_word' id='word_1_644' title='bbox 2223 3766 2448 3821; x_wconf 86' lang='lat' dir='ltr'><strong>prorsus</strong></span> <span class='ocrx_word' id='word_1_645' title='bbox 2469 3751 2744 3822; x_wconf 80' lang='lat' dir='ltr'><strong>indignam</strong></span> <span class='ocrx_word' id='word_1_646' title='bbox 2775 3749 2914 3804; x_wconf 87' lang='lat' dir='ltr'><strong>utin</strong></span> <span class='ocrx_word' id='word_1_647' title='bbox 2956 3748 3314 3805; x_wconf 74' lang='lat' dir='ltr'><strong>sanctissima:</strong></span> <span class='ocrx_word' id='word_1_648' title='bbox 3362 3747 3524 3818; x_wconf 85' lang='lat' dir='ltr'><strong>hujus</strong></span> <span class='ocrx_word' id='word_1_649' title='bbox 3546 3762 3638 3801; x_wconf 89' lang='lat' dir='ltr'><strong>s0-</strong></span> 
     </span>
    </p>
   </div>
   <div class='ocr_carea' id='block_1_92' title="bbox 2076 3839 3637 3899">
    <p class='ocr_par' dir='ltr' id='par_1_92' title="bbox 2076 3839 3637 3899">
     <span class='ocr_line' id='line_1_92' title="bbox 2076 3839 3637 3899; baseline -0.003 -1"><span class='ocrx_word' id='word_1_650' title='bbox 2076 3843 2382 3898; x_wconf 87' lang='lat' dir='ltr'><strong>lemnitatis</strong></span> <span class='ocrx_word' id='word_1_651' title='bbox 2405 3844 2774 3899; x_wconf 85' lang='lat' dir='ltr'><strong>celebratione</strong></span> <span class='ocrx_word' id='word_1_652' title='bbox 2826 3840 3284 3898; x_wconf 87' lang='lat' dir='ltr'><strong>consuetudinem</strong></span> <span class='ocrx_word' id='word_1_653' title='bbox 3328 3839 3637 3897; x_wconf 73' lang='lat' dir='ltr'><strong>Iudaeorum</strong></span> 
     </span>
    </p>
   </div>
   <div class='ocr_carea' id='block_1_93' title="bbox 2076 3932 3639 4007">
    <p class='ocr_par' dir='ltr' id='par_1_93' title="bbox 2076 3932 3639 4007">
     <span class='ocr_line' id='line_1_93' title="bbox 2076 3932 3639 4007; baseline -0.004 -16"><span class='ocrx_word' id='word_1_654' title='bbox 2076 3950 2463 4006; x_wconf 87' lang='lat' dir='ltr'><strong>sequeremur:</strong></span> <span class='ocrx_word' id='word_1_655' title='bbox 2493 3936 2735 4007; x_wconf 87' lang='lat' dir='ltr'><strong>quicum</strong></span> <span class='ocrx_word' id='word_1_656' title='bbox 2763 3950 2957 3990; x_wconf 89' lang='lat' dir='ltr'><strong>manus</strong></span> <span class='ocrx_word' id='word_1_657' title='bbox 2995 3949 3123 3990; x_wconf 90' lang='lat' dir='ltr'><strong>suas</strong></span> <span class='ocrx_word' id='word_1_658' title='bbox 3167 3932 3380 3988; x_wconf 88' lang='lat' dir='ltr'><strong>nefario</strong></span> <span class='ocrx_word' id='word_1_659' title='bbox 3431 3934 3639 3987; x_wconf 88' lang='lat' dir='ltr'><strong>scelere</strong></span> 
     </span>
    </p>
   </div>
   <div class='ocr_carea' id='block_1_94' title="bbox 2077 4023 3641 4097">
    <p class='ocr_par' dir='ltr' id='par_1_94' title="bbox 2077 4023 3641 4097">
     <span class='ocr_line' id='line_1_94' title="bbox 2077 4023 3641 4097; baseline -0.006 -13"><span class='ocrx_word' id='word_1_660' title='bbox 2077 4027 2537 4092; x_wconf 89' lang='lat' dir='ltr'><strong>contaminarint,</strong></span> <span class='ocrx_word' id='word_1_661' title='bbox 2585 4028 2781 4083; x_wconf 89' lang='lat' dir='ltr'><strong>merito</strong></span> <span class='ocrx_word' id='word_1_662' title='bbox 2823 4026 3028 4097; x_wconf 91' lang='lat' dir='ltr'><strong>impuri</strong></span> <span class='ocrx_word' id='word_1_663' title='bbox 3088 4025 3339 4080; x_wconf 89' lang='lat' dir='ltr'><strong>homines</strong></span> <span class='ocrx_word' id='word_1_664' title='bbox 3402 4023 3641 4078; x_wconf 65' lang='lat' dir='ltr'><strong>caecitate</strong></span> 
     </span>
    </p>
   </div>
   <div class='ocr_carea' id='block_1_95' title="bbox 2075 4117 3642 4192">
    <p class='ocr_par' dir='ltr' id='par_1_95' title="bbox 2075 4117 3642 4192">
     <span class='ocr_line' id='line_1_95' title="bbox 2075 4117 3642 4192; baseline -0.007 -15"><span class='ocrx_word' id='word_1_665' title='bbox 2075 4120 2278 4177; x_wconf 89' lang='lat' dir='ltr'><strong>mentis</strong></span> <span class='ocrx_word' id='word_1_666' title='bbox 2299 4122 2574 4178; x_wconf 86' lang='lat' dir='ltr'><strong>laborant.</strong></span> <span class='ocrx_word' id='word_1_667' title='bbox 2599 4119 2809 4192; x_wconf 83' lang='lat' dir='ltr'><strong>Quippe</strong></span> <span class='ocrx_word' id='word_1_668' title='bbox 2835 4121 3039 4189; x_wconf 87' lang='lat' dir='ltr'><strong>rejecta</strong></span> <span class='ocrx_word' id='word_1_669' title='bbox 3082 4117 3302 4172; x_wconf 87' lang='lat' dir='ltr'><strong>illorum</strong></span> <span class='ocrx_word' id='word_1_670' title='bbox 3348 4121 3642 4169; x_wconf 82' lang='lat' dir='ltr'><strong>consuetu-</strong></span> 
     </span>
    </p>
   </div>
   <div class='ocr_carea' id='block_1_96' title="bbox 2078 4206 3633 4284">
    <p class='ocr_par' dir='ltr' id='par_1_96' title="bbox 2078 4206 3633 4284">
     <span class='ocr_line' id='line_1_96' title="bbox 2078 4206 3633 4284; baseline -0.007 -17"><span class='ocrx_word' id='word_1_671' title='bbox 2078 4211 2226 4279; x_wconf 88' lang='lat' dir='ltr'><strong>dine,</strong></span> <span class='ocrx_word' id='word_1_672' title='bbox 2253 4227 2542 4284; x_wconf 90' lang='lat' dir='ltr'><strong>possumus</strong></span> <span class='ocrx_word' id='word_1_673' title='bbox 2564 4212 2785 4268; x_wconf 88' lang='lat' dir='ltr'><strong>rectiori</strong></span> <span class='ocrx_word' id='word_1_674' title='bbox 2808 4210 3027 4274; x_wconf 91' lang='lat' dir='ltr'><strong>ordine,</strong></span> <span class='ocrx_word' id='word_1_675' title='bbox 3054 4224 3219 4280; x_wconf 81' lang='lat' dir='ltr'><strong>quem</strong></span> <span class='ocrx_word' id='word_1_676' title='bbox 3246 4223 3276 4262; x_wconf 87' lang='lat' dir='ltr'><strong>a</strong></span> <span class='ocrx_word' id='word_1_677' title='bbox 3303 4206 3478 4276; x_wconf 85' lang='lat' dir='ltr'><strong>primo</strong></span> <span class='ocrx_word' id='word_1_678' title='bbox 3503 4219 3633 4274; x_wconf 86' lang='lat' dir='ltr'><strong>pas-</strong></span> 
     </span>
    </p>
   </div>
   <div class='ocr_carea' id='block_1_97' title="bbox 2078 4296 3640 4372">
    <p class='ocr_par' dir='ltr' id='par_1_97' title="bbox 2078 4296 3640 4372">
     <span class='ocr_line' id='line_1_97' title="bbox 2078 4296 3640 4372; baseline -0.007 -12"><span class='ocrx_word' id='word_1_679' title='bbox 2078 4304 2249 4360; x_wconf 91' lang='lat' dir='ltr'><strong>sionis</strong></span> <span class='ocrx_word' id='word_1_680' title='bbox 2270 4304 2360 4358; x_wconf 89' lang='lat' dir='ltr'><strong>die</strong></span> <span class='ocrx_word' id='word_1_681' title='bbox 2401 4304 2467 4360; x_wconf 87' lang='lat' dir='ltr'><strong>ad</strong></span> <span class='ocrx_word' id='word_1_682' title='bbox 2501 4304 2618 4359; x_wconf 56' lang='lat' dir='ltr'><strong>hac</strong></span> <span class='ocrx_word' id='word_1_683' title='bbox 2666 4317 2838 4372; x_wconf 87' lang='lat' dir='ltr'><strong>usque</strong></span> <span class='ocrx_word' id='word_1_684' title='bbox 2887 4310 3134 4371; x_wconf 88' lang='lat' dir='ltr'><strong>tempora</strong></span> <span class='ocrx_word' id='word_1_685' title='bbox 3181 4298 3544 4361; x_wconf 86' lang='lat' dir='ltr'><strong>servavimus,</strong></span> <span class='ocrx_word' id='word_1_686' title='bbox 3573 4296 3640 4351; x_wconf 79' lang='lat' dir='ltr'><strong>ad</strong></span> 
     </span>
    </p>
   </div>
   <div class='ocr_carea' id='block_1_98' title="bbox 2078 4389 3641 4462">
    <p class='ocr_par' dir='ltr' id='par_1_98' title="bbox 2078 4389 3641 4462">
     <span class='ocr_line' id='line_1_98' title="bbox 2078 4389 3641 4462; baseline -0.004 -15"><span class='ocrx_word' id='word_1_687' title='bbox 2078 4393 2263 4448; x_wconf 86' lang='lat' dir='ltr'><strong>futura</strong></span> <span class='ocrx_word' id='word_1_688' title='bbox 2284 4394 2450 4447; x_wconf 89' lang='lat' dir='ltr'><strong>etiam</strong></span> <span class='ocrx_word' id='word_1_689' title='bbox 2473 4392 2670 4447; x_wconf 66' lang='lat' dir='ltr'><strong>saecula</strong></span> <span class='ocrx_word' id='word_1_690' title='bbox 2697 4391 2863 4462; x_wconf 86' lang='lat' dir='ltr'><strong>hujus</strong></span> <span class='ocrx_word' id='word_1_691' title='bbox 2884 4392 3251 4446; x_wconf 63' lang='lat' dir='ltr'><strong>observantia:</strong></span> <span class='ocrx_word' id='word_1_692' title='bbox 3298 4389 3463 4443; x_wconf 88' lang='lat' dir='ltr'><strong>ritum</strong></span> <span class='ocrx_word' id='word_1_693' title='bbox 3512 4404 3641 4458; x_wconf 88' lang='lat' dir='ltr'><strong>pro-</strong></span> 
     </span>
    </p>
   </div>
   <div class='ocr_carea' id='block_1_99' title="bbox 2080 4478 3638 4557">
    <p class='ocr_par' dir='ltr' id='par_1_99' title="bbox 2080 4478 3638 4557">
     <span class='ocr_line' id='line_1_99' title="bbox 2080 4478 3638 4557; baseline -0.005 -16"><span class='ocrx_word' id='word_1_694' title='bbox 2080 4478 2293 4557; x_wconf 80' lang='lat' dir='ltr'><strong>pagare.</strong></span> <span class='ocrx_word' id='word_1_695' title='bbox 2319 4485 2467 4540; x_wconf 90' lang='lat' dir='ltr'><strong>Nihil</strong></span> <span class='ocrx_word' id='word_1_696' title='bbox 2492 4499 2620 4555; x_wconf 78' lang='lat' dir='ltr'><strong>ergo</strong></span> <span class='ocrx_word' id='word_1_697' title='bbox 2644 4483 2803 4539; x_wconf 89' lang='lat' dir='ltr'><strong>nobis</strong></span> <span class='ocrx_word' id='word_1_698' title='bbox 2845 4497 3135 4539; x_wconf 90' lang='lat' dir='ltr'><strong>commune</strong></span> <span class='ocrx_word' id='word_1_699' title='bbox 3180 4483 3253 4537; x_wconf 92' lang='lat' dir='ltr'><strong>sit</strong></span> <span class='ocrx_word' id='word_1_700' title='bbox 3298 4496 3424 4535; x_wconf 88' lang='lat' dir='ltr'><strong>cum</strong></span> <span class='ocrx_word' id='word_1_701' title='bbox 3453 4480 3638 4534; x_wconf 83' lang='lat' dir='ltr'><strong>inimi-</strong></span> 
     </span>
    </p>
   </div>
   <div class='ocr_carea' id='block_1_100' title="bbox 2081 4574 3648 4635">
    <p class='ocr_par' dir='ltr' id='par_1_100' title="bbox 2081 4574 3648 4635">
     <span class='ocr_line' id='line_1_100' title="bbox 2081 4574 3648 4635; baseline -0.004 -2"><span class='ocrx_word' id='word_1_702' title='bbox 2081 4579 2296 4634; x_wconf 80' lang='lat' dir='ltr'><strong>cissima</strong></span> <span class='ocrx_word' id='word_1_703' title='bbox 2319 4578 2631 4635; x_wconf 67' lang='lat' dir='ltr'><strong>Judmorum</strong></span> <span class='ocrx_word' id='word_1_704' title='bbox 2658 4577 2839 4632; x_wconf 87' lang='lat' dir='ltr'><strong>turba.</strong></span> <span class='ocrx_word' id='word_1_705' title='bbox 2865 4576 3039 4631; x_wconf 78' lang='lat' dir='ltr'><strong>Aliam</strong></span> <span class='ocrx_word' id='word_1_706' title='bbox 3057 4576 3204 4630; x_wconf 89' lang='lat' dir='ltr'><strong>enim</strong></span> <span class='ocrx_word' id='word_1_707' title='bbox 3230 4575 3373 4629; x_wconf 90' lang='lat' dir='ltr'><strong>viam</strong></span> <span class='ocrx_word' id='word_1_708' title='bbox 3397 4589 3427 4628; x_wconf 89' lang='lat' dir='ltr'><strong>a</strong></span> <span class='ocrx_word' id='word_1_709' title='bbox 3452 4574 3648 4628; x_wconf 83' lang='lat' dir='ltr'><strong>Serva-</strong></span> 
     </span>
    </p>
   </div>
   <div class='ocr_carea' id='block_1_101' title="bbox 2082 4668 3643 4743">
    <p class='ocr_par' dir='ltr' id='par_1_101' title="bbox 2082 4668 3643 4743">
     <span class='ocr_line' id='line_1_101' title="bbox 2082 4668 3643 4743; baseline -0.006 -15"><span class='ocrx_word' id='word_1_710' title='bbox 2082 4681 2200 4728; x_wconf 89' lang='lat' dir='ltr'><strong>tore</strong></span> <span class='ocrx_word' id='word_1_711' title='bbox 2223 4674 2551 4743; x_wconf 88' lang='lat' dir='ltr'><strong>accepimus.</strong></span> <span class='ocrx_word' id='word_1_712' title='bbox 2597 4671 2915 4741; x_wconf 86' lang='lat' dir='ltr'><strong>Propositus</strong></span> <span class='ocrx_word' id='word_1_713' title='bbox 2959 4676 3043 4723; x_wconf 89' lang='lat' dir='ltr'><strong>est</strong></span> <span class='ocrx_word' id='word_1_714' title='bbox 3088 4668 3471 4724; x_wconf 72' lang='lat' dir='ltr'><strong>sacratissima:</strong></span> <span class='ocrx_word' id='word_1_715' title='bbox 3512 4668 3643 4721; x_wconf 87' lang='lat' dir='ltr'><strong>reli-</strong></span> 
     </span>
    </p>
   </div>
   <div class='ocr_carea' id='block_1_102' title="bbox 2079 4756 3647 4833">
    <p class='ocr_par' dir='ltr' id='par_1_102' title="bbox 2079 4756 3647 4833">
     <span class='ocr_line' id='line_1_102' title="bbox 2079 4756 3647 4833; baseline -0.004 -17"><span class='ocrx_word' id='word_1_716' title='bbox 2079 4762 2226 4833; x_wconf 79' lang='lat' dir='ltr'><strong>gioni</strong></span> <span class='ocrx_word' id='word_1_717' title='bbox 2253 4771 2452 4816; x_wconf 66' lang='lat' dir='ltr'><strong>nostrae</strong></span> <span class='ocrx_word' id='word_1_718' title='bbox 2496 4776 2691 4815; x_wconf 85' lang='lat' dir='ltr'><strong>cursus</strong></span> <span class='ocrx_word' id='word_1_719' title='bbox 2736 4760 3014 4831; x_wconf 77' lang='lat' dir='ltr'><strong>legitimus</strong></span> <span class='ocrx_word' id='word_1_720' title='bbox 3060 4768 3115 4813; x_wconf 91' lang='lat' dir='ltr'><strong>et</strong></span> <span class='ocrx_word' id='word_1_721' title='bbox 3160 4759 3443 4812; x_wconf 77' lang='lat' dir='ltr'><strong>honestus.</strong></span> <span class='ocrx_word' id='word_1_722' title='bbox 3490 4756 3647 4810; x_wconf 80' lang='lat' dir='ltr'><strong>Hunc</strong></span> 
     </span>
    </p>
   </div>
   <div class='ocr_carea' id='block_1_103' title="bbox 2081 4847 3646 4918">
    <p class='ocr_par' dir='ltr' id='par_1_103' title="bbox 2081 4847 3646 4918">
     <span class='ocr_line' id='line_1_103' title="bbox 2081 4847 3646 4918; baseline -0.005 -9"><span class='ocrx_word' id='word_1_723' title='bbox 2081 4855 2324 4910; x_wconf 86' lang='lat' dir='ltr'><strong>unanimi</strong></span> <span class='ocrx_word' id='word_1_724' title='bbox 2368 4868 2636 4908; x_wconf 86' lang='lat' dir='ltr'><strong>consensu</strong></span> <span class='ocrx_word' id='word_1_725' title='bbox 2686 4854 3016 4916; x_wconf 85' lang='lat' dir='ltr'><strong>retinentes,</strong></span> <span class='ocrx_word' id='word_1_726' title='bbox 3070 4851 3139 4905; x_wconf 87' lang='lat' dir='ltr'><strong>ab</strong></span> <span class='ocrx_word' id='word_1_727' title='bbox 3190 4851 3279 4904; x_wconf 80' lang='lat' dir='ltr'><strong>illa</strong></span> <span class='ocrx_word' id='word_1_728' title='bbox 3325 4847 3646 4918; x_wconf 83' lang='lat' dir='ltr'><strong>turpissima</strong></span> 
     </span>
    </p>
   </div>
   <div class='ocr_carea' id='block_1_104' title="bbox 2078 4940 3649 5002">
    <p class='ocr_par' dir='ltr' id='par_1_104' title="bbox 2078 4940 3649 5002">
     <span class='ocr_line' id='line_1_104' title="bbox 2078 4940 3649 5002; baseline -0.008 0"><span class='ocrx_word' id='word_1_729' title='bbox 2078 4947 2339 5002; x_wconf 71' lang='lat' dir='ltr'><strong>sacietatc</strong></span> <span class='ocrx_word' id='word_1_730' title='bbox 2365 4953 2423 4999; x_wconf 91' lang='lat' dir='ltr'><strong>ct</strong></span> <span class='ocrx_word' id='word_1_731' title='bbox 2468 4943 2805 5000; x_wconf 89' lang='lat' dir='ltr'><strong>conscientia</strong></span> <span class='ocrx_word' id='word_1_732' title='bbox 2852 4958 2954 4998; x_wconf 89' lang='lat' dir='ltr'><strong>nos</strong></span> <span class='ocrx_word' id='word_1_733' title='bbox 2998 4941 3400 5001; x_wconf 81' lang='lat' dir='ltr'><strong>abstrahamns,</strong></span> <span class='ocrx_word' id='word_1_734' title='bbox 3451 4940 3649 4993; x_wconf 80' lang='lat' dir='ltr'><strong>fratres</strong></span> 
     </span>
    </p>
   </div>
   <div class='ocr_carea' id='block_1_105' title="bbox 2078 5030 3646 5106">
    <p class='ocr_par' dir='ltr' id='par_1_105' title="bbox 2078 5030 3646 5106">
     <span class='ocr_line' id='line_1_105' title="bbox 2078 5030 3646 5106; baseline -0.006 -15"><span class='ocrx_word' id='word_1_735' title='bbox 2078 5035 2403 5092; x_wconf 79' lang='lat' dir='ltr'><strong>charissimi.</strong></span> <span class='ocrx_word' id='word_1_736' title='bbox 2430 5035 2526 5090; x_wconf 84' lang='lat' dir='ltr'><strong>Est</strong></span> <span class='ocrx_word' id='word_1_737' title='bbox 2551 5035 2696 5089; x_wconf 91' lang='lat' dir='ltr'><strong>cnim</strong></span> <span class='ocrx_word' id='word_1_738' title='bbox 2719 5036 2968 5106; x_wconf 88' lang='lat' dir='ltr'><strong>profecto</strong></span> <span class='ocrx_word' id='word_1_739' title='bbox 2991 5032 3476 5089; x_wconf 69' lang='lat' dir='ltr'><strong>absurdissimum.</strong></span> <span class='ocrx_word' id='word_1_740' title='bbox 3501 5030 3646 5099; x_wconf 79' lang='lat' dir='ltr'><strong>quod</strong></span> 
     </span>
    </p>
   </div>
   <div class='ocr_carea' id='block_1_106' title="bbox 2079 5120 3648 5198">
    <p class='ocr_par' dir='ltr' id='par_1_106' title="bbox 2079 5120 3648 5198">
     <span class='ocr_line' id='line_1_106' title="bbox 2079 5120 3648 5198; baseline -0.008 -15"><span class='ocrx_word' id='word_1_741' title='bbox 2079 5127 2157 5183; x_wconf 88' lang='lat' dir='ltr'><strong>illi</strong></span> <span class='ocrx_word' id='word_1_742' title='bbox 2181 5126 2466 5198; x_wconf 82' lang='lat' dir='ltr'><strong>magniﬁce</strong></span> <span class='ocrx_word' id='word_1_743' title='bbox 2487 5126 2715 5197; x_wconf 74' lang='lat' dir='ltr'><strong>iactant,</strong></span> <span class='ocrx_word' id='word_1_744' title='bbox 2742 5141 2843 5181; x_wconf 88' lang='lat' dir='ltr'><strong>nos</strong></span> <span class='ocrx_word' id='word_1_745' title='bbox 2867 5127 3072 5195; x_wconf 83' lang='lat' dir='ltr'><strong>absque</strong></span> <span class='ocrx_word' id='word_1_746' title='bbox 3098 5124 3342 5194; x_wconf 89' lang='lat' dir='ltr'><strong>ipsorum</strong></span> <span class='ocrx_word' id='word_1_747' title='bbox 3389 5120 3648 5189; x_wconf 71' lang='lat' dir='ltr'><strong>magiste-</strong></span> 
     </span>
    </p>
   </div>
   <div class='ocr_carea' id='block_1_107' title="bbox 2079 5208 3648 5285">
    <p class='ocr_par' dir='ltr' id='par_1_107' title="bbox 2079 5208 3648 5285">
     <span class='ocr_line' id='line_1_107' title="bbox 2079 5208 3648 5285; baseline -0.008 -12"><span class='ocrx_word' id='word_1_748' title='bbox 2079 5219 2164 5274; x_wconf 86' lang='lat' dir='ltr'><strong>rio</strong></span> <span class='ocrx_word' id='word_1_749' title='bbox 2186 5218 2304 5275; x_wconf 65' lang='lat' dir='ltr'><strong>haec</strong></span> <span class='ocrx_word' id='word_1_750' title='bbox 2323 5216 2607 5274; x_wconf 89' lang='lat' dir='ltr'><strong>commode</strong></span> <span class='ocrx_word' id='word_1_751' title='bbox 2631 5217 2925 5272; x_wconf 86' lang='lat' dir='ltr'><strong>observare</strong></span> <span class='ocrx_word' id='word_1_752' title='bbox 2948 5216 3055 5285; x_wconf 81' lang='lat'><strong>33</strong></span> <span class='ocrx_word' id='word_1_753' title='bbox 3096 5230 3205 5268; x_wconf 89' lang='lat' dir='ltr'><strong>non</strong></span> <span class='ocrx_word' id='word_1_754' title='bbox 3249 5228 3425 5283; x_wconf 76' lang='lat' dir='ltr'><strong>posse.</strong></span> <span class='ocrx_word' id='word_1_755' title='bbox 3475 5208 3648 5276; x_wconf 84' lang='lat' dir='ltr'><strong>Quid-</strong></span> 
     </span>
    </p>
   </div>
   <div class='ocr_carea' id='block_1_108' title="bbox 2081 5303 3649 5377">
    <p class='ocr_par' dir='ltr' id='par_1_108' title="bbox 2081 5303 3649 5377">
     <span class='ocr_line' id='line_1_108' title="bbox 2081 5303 3649 5377; baseline -0.009 -14"><span class='ocrx_word' id='word_1_756' title='bbox 2081 5325 2206 5364; x_wconf 90' lang='lat' dir='ltr'><strong>nam</strong></span> <span class='ocrx_word' id='word_1_757' title='bbox 2232 5323 2363 5363; x_wconf 89' lang='lat' dir='ltr'><strong>vero</strong></span> <span class='ocrx_word' id='word_1_758' title='bbox 2386 5309 2460 5363; x_wconf 91' lang='lat' dir='ltr'><strong>illi</strong></span> <span class='ocrx_word' id='word_1_759' title='bbox 2488 5318 2632 5363; x_wconf 87' lang='lat' dir='ltr'><strong>recte</strong></span> <span class='ocrx_word' id='word_1_760' title='bbox 2657 5308 2862 5362; x_wconf 77' lang='lat' dir='ltr'><strong>sentire</strong></span> <span class='ocrx_word' id='word_1_761' title='bbox 2891 5309 3121 5377; x_wconf 78' lang='lat' dir='ltr'><strong>possint,</strong></span> <span class='ocrx_word' id='word_1_762' title='bbox 3147 5303 3240 5375; x_wconf 88' lang='lat' dir='ltr'><strong>qui</strong></span> <span class='ocrx_word' id='word_1_763' title='bbox 3290 5312 3411 5374; x_wconf 83' lang='lat' dir='ltr'><strong>post</strong></span> <span class='ocrx_word' id='word_1_764' title='bbox 3456 5310 3649 5353; x_wconf 87' lang='lat' dir='ltr'><strong>necem</strong></span> 
     </span>
    </p>
   </div>
   <div class='ocr_carea' id='block_1_109' title="bbox 1552 5492 2498 5560">
    <p class='ocr_par' dir='ltr' id='par_1_109' title="bbox 1552 5492 2498 5560">
     <span class='ocr_line' id='line_1_109' title="bbox 1552 5492 2498 5560; baseline -0.007 -7"><span class='ocrx_word' id='word_1_765' title='bbox 1552 5497 1916 5560; x_wconf 74' lang='lat' dir='ltr'><strong>VARIORUM</strong></span> <span class='ocrx_word' id='word_1_766' title='bbox 1952 5492 2498 5552; x_wconf 69' lang='lat' dir='ltr'><strong>ANNUTATIONES.</strong></span> 
     </span>
    </p>
   </div>
   <div class='ocr_carea' id='block_1_110' title="bbox 485 5611 1976 5697">
    <p class='ocr_par' dir='ltr' id='par_1_110' title="bbox 485 5626 1953 5697">
     <span class='ocr_line' id='line_1_110' title="bbox 485 5626 1953 5697; baseline 0.001 -16"><span class='ocrx_word' id='word_1_767' title='bbox 485 5634 509 5664; x_wconf 69' lang='grc'><strong>⁸</strong></span> <span class='ocrx_word' id='word_1_768' title='bbox 544 5626 655 5681; x_wconf 82' lang='grc' dir='ltr'><strong>Τοῦ</strong></span> <span class='ocrx_word' id='word_1_769' title='bbox 700 5627 949 5681; x_wconf 76' lang='grc' dir='ltr'>ἐκείνων</span> <span class='ocrx_word' id='word_1_770' title='bbox 1000 5628 1211 5692; x_wconf 72' lang='grc' dir='ltr'>ἔθνους</span> <span class='ocrx_word' id='word_1_771' title='bbox 1269 5628 1730 5697; x_wconf 64' lang='grc' dir='ltr'>ἁποϐληθέντος.</span> <span class='ocrx_word' id='word_1_772' title='bbox 1787 5628 1953 5684; x_wconf 81' lang='lat' dir='ltr'><strong>Recte</strong></span> 
     </span>
    </p>
   </div>
   <div class='ocr_carea' id='block_1_111' title="bbox 2075 5611 3644 5697">
    <p class='ocr_par' dir='ltr' id='par_1_111' title="bbox 2075 5611 3644 5688">
     <span class='ocr_line' id='line_1_111' title="bbox 2075 5611 3644 5688; baseline -0.006 -8"><span class='ocrx_word' id='word_1_773' title='bbox 2075 5643 2167 5688; x_wconf 81' lang='grc' dir='ltr'>&gt;υς</span> <span class='ocrx_word' id='word_1_774' title='bbox 2219 5623 2533 5682; x_wconf 86' lang='lat' dir='ltr'><strong>emendavit</strong></span> <span class='ocrx_word' id='word_1_775' title='bbox 2587 5622 2831 5680; x_wconf 76' lang='lat' dir='ltr'><strong>Valesius</strong></span> <span class='ocrx_word' id='word_1_776' title='bbox 2882 5620 2949 5676; x_wconf 73' lang='lat' dir='ltr'><strong>ad</strong></span> <span class='ocrx_word' id='word_1_777' title='bbox 3023 5618 3319 5675; x_wconf 77' lang='lat' dir='ltr'><strong>Eusebium</strong></span> <span class='ocrx_word' id='word_1_778' title='bbox 3387 5616 3452 5670; x_wconf 87' lang='lat' dir='ltr'><strong>de</strong></span> <span class='ocrx_word' id='word_1_779' title='bbox 3523 5611 3644 5676; x_wconf 77' lang='lat' dir='ltr'><strong>Vita</strong></span> 
     </span>
    </p>
   </div>
   <div class='ocr_carea' id='block_1_112' title="bbox 413 5694 1325 5769">
    <p class='ocr_par' dir='ltr' id='par_1_112' title="bbox 413 5694 1325 5769">
     <span class='ocr_line' id='line_1_112' title="bbox 413 5694 1325 5769; baseline -0.002 -18"><span class='ocrx_word' id='word_1_780' title='bbox 413 5694 700 5753; x_wconf 75' lang='lat' dir='ltr'><strong>(castam.</strong></span> <span class='ocrx_word' id='word_1_781' title='bbox 732 5698 828 5753; x_wconf 83' lang='lat' dir='ltr'><strong>lib.</strong></span> <span class='ocrx_word' id='word_1_782' title='bbox 865 5713 944 5763; x_wconf 86' lang='grc' dir='ltr'>ιιι,</span> <span class='ocrx_word' id='word_1_783' title='bbox 976 5712 1094 5769; x_wconf 85' lang='lat' dir='ltr'><strong>cap.</strong></span> <span class='ocrx_word' id='word_1_784' title='bbox 1132 5697 1215 5753; x_wconf 75' lang='grc'><strong>18.</strong></span> <span class='ocrx_word' id='word_1_785' title='bbox 1256 5697 1325 5752; x_wconf 83' lang='lat' dir='ltr'><strong>lo.</strong></span> 
     </span>
    </p>
   </div>
  </div>
