4046 6204
401 378 434 435 9
448 379 463 431 Ι
1862 377 2198 434 εοειιιτιε
2346 414 2351 419 ο
3574 375 3643 431 92

399 491 639 556 Domini,
667 500 790 563 post
815 492 946 548 illud
971 492 1351 564 parricidium,
1396 500 1577 548 mente
1621 492 1762 562 capti
1796 531 1810 555 ,
1858 507 1968 546 non

2078 510 2237 561 φυτος
2268 493 2449 546 αὐτῶν
2474 493 2659 568 ἀγάγῃ
2693 492 2859 565 μανία
2882 509 2897 559 ;
2940 492 3179 546 Ἐκεῖθεν
3200 488 3377 546 τοίνυν
3402 488 3503 544 κάν
3526 489 3645 542 τού-

398 582 643 647 ratione,
674 582 769 638 sed
794 585 1059 654 praecipiti
1085 585 1290 655 impetu
1318 583 1593 648 feruntur,
1639 597 1969 653 quocunque

399 670 621 725 innatus
645 670 801 725 furor
826 672 974 741 ipsos
1002 671 1327 742 impulerit?
1351 671 1487 725 Hinc
1512 681 1598 726 est
1620 670 1768 741 quod
1814 684 1885 724 ne
1912 669 1971 725 in

398 760 501 816 hac
544 762 764 831 quidem
810 772 966 832 parte
1014 764 1303 818 veritatem
1350 762 1523 833 ipsam
1569 762 1911 833 perspiciunt
1951 777 1967 814 :

395 853 533 908 adeo
562 861 675 908 uta
698 855 1045 913 convcnienti
1070 854 1456 910 emendatione
1503 854 1820 926 longissime
1867 855 1969 909 ab-

393 955 662 1009 errantes,
690 962 799 1000 uno
822 947 1125 1018 eodemque
1178 962 1326 1001 anno
1371 947 1482 1002 duo
1527 947 1793 1003 Paschata
1818 948 1966 1003 celeo

397 1032 579 1088 brent.
626 1034 766 1101 Quid
814 1051 946 1106 ergo
992 1045 1076 1091 est
1121 1053 1222 1091 cur
1269 1037 1404 1091 istos
1449 1052 1783 1108 sequamur,
1829 1054 1969 1108 quos

395 1135 612 1181 constat
631 1128 952 1198 gravissimo
993 1130 1202 1184 erroris
1248 1128 1442 1183 morbo
1487 1128 1782 1185 laborare?
1832 1130 1969 1186 Nam

398 1232 508 1271 uno
531 1218 724 1273 eodem
751 1235 895 1274 anno
921 1220 1198 1290 geminum
1225 1219 1430 1274 Pascha
1457 1219 1661 1285 facere,
1687 1237 1967 1291 nunquam

397 1308 643 1379 profecto
685 1311 1098 1367 sustinebimus.
1148 1313 1349 1369 Verum
1412 1314 1627 1369 etiamsi
1675 1330 1797 1385 quae
1853 1314 1967 1371 dixi

397 1402 622 1457 minime
647 1413 1025 1474 suppeterent,
1051 1414 1246 1460 vestra:
1272 1414 1453 1460 tamen
1498 1406 1735 1461 solertia:
1778 1416 1863 1460 est
1911 1407 1966 1461 id

393 1507 592 1547 curare
617 1493 874 1549 omnibus
897 1495 1073 1549 modis
1118 1506 1281 1566 atque
1326 1506 1540 1565 optare,
1586 1513 1655 1552 ne
1705 1499 1967 1556 sanctitas

391 1580 700 1635 animarum
749 1592 1080 1649 vestrarum,
1135 1586 1188 1639 in
1235 1586 1400 1641 ullius
1451 1588 1528 1642 rei
1579 1588 1963 1656 similitudine,

391 1688 518 1727 cum
541 1674 1007 1744 nequissimorum
1051 1677 1336 1732 hominum
1383 1680 1635 1735 moribus
1682 1681 1882 1737 sociari
1910 1691 1967 1737 et

389 1766 733 1821 commisceri
758 1767 1026 1823 videatur.
1053 1769 1190 1825 Illud
1210 1782 1473 1841 praeterea
1498 1776 1963 1832 considerandum

2074 601 2156 654 τῳ
2196 586 2274 656 τῷ
2304 586 2457 657 μέρει
2486 586 2584 657 τὴν
2631 584 2886 656 ἀλήθειαν
2912 583 3008 654 ούχ
3036 582 3255 653 ὁρῶσιν,
3282 579 3359 646 ὡς
3389 581 3475 635 ἀεὶ
3503 584 3645 635 κατά

2074 678 2325 731 πλεῖστον
2348 678 2545 740 αὐτοὺς
2588 676 2971 747 πλανωμένους
2999 676 3133 743 (67),
3167 676 3288 728 ἀντὶ
3332 673 3431 743 τῆς
3474 688 3645 742 προσ-

2072 768 2315 839 ηκούσης
2335 766 2780 839 ἐπανορθώσεως,
2806 769 2864 821 ὲν
2894 767 2972 837 τῷ
2999 765 3146 835 αύτῴ
3174 764 3283 817 ἔτει
3308 761 3557 832 δεύτερον
3582 759 3646 813 τδ

2076 860 2266 929 Πάσχα
2304 858 2587 913 ἐπιτελεῖν.
2624 859 2780 922 Τίνος
2824 854 2915 913 οὖν
2943 858 3099 929 χάριν
3125 855 3333 917 τούτοις
3377 851 3641 923 ἑπόμεθα,

2072 948 2123 1003 οἳ
2158 948 2336 1021 δεινὴν
2366 949 2572 1019 πλάνην
2618 950 2792 1001 νοσεῖν
2827 946 3243 1017 ὡμολόγηνταις
3276 942 3535 1011 Δεύτερόν
3579 957 3644 1008 γε

2073 1040 2135 1094 τὸ
2167 1041 2358 1111 Πάσχα
2391 1042 2447 1094 ἑν
2480 1039 2560 1094 ἑνὶ
2585 1037 2814 1108 ἐνιαυτῷ
2850 1038 2948 1090 ούκ
2974 1035 3040 1090 ἄν
3082 1051 3211 1088 ποτε
3238 1035 3410 1086 ποιεῖν
3439 1029 3643 1097 ἁνεξὼ-

2078 1131 2239 1202 μεθα.
2282 1132 2422 1184 Ἀλλ’
2453 1133 2502 1184 εί
2538 1132 2633 1183 καὶ
2659 1128 2831 1183 ταῦτα
2878 1127 2953 1199 μὴ
2977 1125 3287 1197 προῦκειτο,
3322 1122 3419 1194 τὴν
3450 1122 3644 1191 ὑμετέ-

2077 1240 2175 1293 ραν
2208 1222 2487 1292 ἀγχίνοιαν
2522 1222 2689 1293 ἐχρῆν
2735 1221 2830 1274 καλ¹
2867 1218 2952 1272 διὰ
2983 1217 3211 1287 σπουδῆς
3250 1216 3343 1270 καὶ
3371 1214 3438 1268 δι’
3473 1212 3642 1283 εὐχῆς

2073 1316 2217 1387 ἔχειν
2250 1315 2504 1377 πάντοτε,
2531 1317 2589 1368 ἑν
2619 1311 2844 1385 μηδενὸς
2871 1310 3150 1381 ὁμοιότητι
3178 1309 3238 1361 τὸ
3272 1306 3509 1377 καθαρδν
3542 1306 3643 1375 τῆς

2072 1407 2344 1479 ἡμετέρας
2370 1405 2547 1476 ψυχῆς
2576 1406 2871 1467 κοινωνεῖν,
2906 1402 2940 1471 ἢ
2969 1401 3142 1453 δοκεῖν
3170 1397 3468 1471 ἀνθρώπων
3496 1394 3649 1471 ἔθεσι

2074 1497 2395 1567 παγκάκων.
2427 1497 2569 1568 Πρὸς
2600 1495 2828 1558 τούτοις,
2863 1494 3082 1545 κάκεῖνο
3120 1491 3351 1561 πάρεστι
3386 1490 3646 1560 συνορᾷν,

2070 1590 2145 1653 ὡς
2173 1592 2230 1643 ὲν
2283 1587 2586 1659 τηλικούτῳ
2630 1586 2915 1657 πράγματι
2963 1585 3057 1638 καὶ
3084 1582 3304 1654 τοιαύτῃ
3345 1580 3647 1653 θρησκείας

2072 1684 2232 1755 ἑορτῇ
2286 1679 2395 1749 (68)
2452 1677 2746 1748 διαφωνίαν
2784 1676 3070 1746 ὑπάρχειν,
3120 1675 3266 1727 ἐστὶν
3314 1672 3647 1727 άθεώτατον.

2072 1773 2217 1827 Μίαν
2243 1769 2350 1841 γὰρ
2381 1770 2511 1840 ἡμῖν
2535 1768 2631 1837 τὴν
2649 1765 2748 1835 τῆς
2772 1764 3048 1836 ἡμετέρας
3079 1760 3388 1833 ἐλευθερίας
3412 1757 3650 1839 ἡμέραν⁹

389 1865 498 1920 est,
524 1857 675 1913 nefas
696 1874 816 1914 esse
842 1861 982 1915 utin
1031 1864 1166 1917 tanti
1201 1867 1464 1921 momenti
1515 1868 1755 1938 negotio,
1802 1878 1860 1924 et
1904 1870 1962 1923 in

2078 1865 2304 1921 τουτέστι
2358 1863 2456 1934 τὴν
2513 1859 2607 1913 τοῦ
2663 1856 2965 1928 άγιωτάτου
3015 1855 3243 1919 πάθους,
3303 1854 3331 1908 ὁ
3377 1853 3649 1926 ἡμέτερος

394 1945 707 2019 hujusmodi
745 1950 1026 2021 religionis
1050 1952 1394 2011 solemnitate
1419 1956 1691 2013 dissensio
1718 1960 1963 2030 reperia-

395 2049 506 2094 tur.
534 2039 713 2097 Unum
737 2044 887 2098 enim
914 2044 1188 2102 libertatis
1215 2057 1415 2105 nostra:
1438 2049 1639 2105 festum
1666 2050 1833 2113 diem,
1861 2051 1966 2106 hoc

392 2141 478 2188 est
498 2131 644 2189 diem
693 2137 1080 2193 sacratissima:
1141 2141 1433 2211 passionis,
1490 2141 1748 2196 Servator
1780 2153 1968 2199 noster

393 2226 556 2280 nobis
586 2228 830 2298 reliquit,
856 2245 1130 2300 unamque
1155 2246 1275 2286 esse
1297 2232 1473 2287 voluit
1511 2233 1833 2289 catholicam
1860 2234 1968 2289 Ec-

396 2319 644 2374 clesiam.
688 2319 857 2393 Cujus
903 2323 1145 2377 membra
1191 2324 1320 2379 licet
1343 2325 1512 2380 variis
1535 2325 1672 2380 locis
1720 2325 1969 2396 dispersa

393 2412 528 2477 sint,
557 2428 666 2470 uno
692 2422 873 2469 tamen
901 2416 1125 2485 spiritu,
1154 2417 1249 2471 Dei
1299 2417 1510 2472 scilicet
1551 2418 1855 2484 voluntate,
1883 2418 1969 2474 fo—

396 2515 616 2563 ventur.
640 2503 989 2571 Consideret,
1038 2523 1247 2577 quzeso,
1278 2517 1474 2564 vestra:
1530 2510 1841 2566 sanctitatis
1878 2526 1970 2566 so-

394 2594 575 2660 lertia,
603 2612 765 2667 quam
789 2613 953 2669 grave
981 2598 1054 2653 sit
1075 2608 1133 2653 et
1161 2600 1504 2662 indecorum,
1531 2602 1728 2658 iisdem
1773 2603 1972 2659 diebus

396 2686 536 2740 alios
558 2687 780 2756 quidem
817 2689 1043 2759 jejuniis
1069 2689 1311 2745 intentos
1334 2707 1486 2757 esse,
1516 2694 1654 2749 alios
1686 2709 1817 2750 vero
1844 2711 1974 2751 con-

396 2778 541 2834 vivia
564 2780 849 2837 celebrare
875 2800 888 2835 :
912 2791 969 2837 et
1007 2792 1130 2852 post
1153 2784 1271 2839 dies
1297 2784 1541 2853 Paschze,
1568 2787 1707 2843 alios
1747 2788 1973 2859 quidem

398 2869 452 2924 in
486 2871 881 2928 festivitatibus
901 2882 958 2927 et
984 2874 1296 2928 animorum
1346 2876 1678 2934 remissione
1723 2881 1971 2945 versari,

395 2964 535 3018 alios
558 2978 689 3018 vero
715 2964 957 3020 deﬁnitis
981 2980 1177 3020 vacare
1194 2967 1440 3036 jejuniis:
1471 2968 1584 3023 Hoc
1608 2969 1792 3039 itaque
1838 2986 1973 3025 con-

397 3054 639 3110 venienti
665 3055 1046 3111 emendatione
1078 3059 1304 3129 corrigi,
1330 3068 1386 3113 et
1408 3059 1477 3114 ad
1505 3076 1669 3115 unam
1693 3062 1976 3120 eamdem-

395 3161 504 3216 que
528 3146 758 3202 formam
793 3147 967 3219 redigi
992 3148 1181 3205 divina
1204 3151 1322 3206 vult
1366 3152 1734 3223 providentia,
1780 3170 1975 3226 quem-

395 3238 690 3292 admodum
724 3254 919 3295 omnes
951 3256 1077 3296 meo
1121 3243 1345 3313 quidem
1383 3244 1596 3315 judicio
1644 3246 1967 3319 intelligitis.

397 3329 633 3384 Proinde
648 3345 772 3385 cum
791 3331 895 3387 hoc
920 3333 995 3389 ita
1019 3334 1301 3390 emendari
1321 3344 1626 3406 oporteret,
1645 3345 1705 3393 ut
1718 3339 1858 3393 nihil
1874 3356 1973 3395 no-

398 3422 487 3477 bis
497 3438 786 3479 commune
797 3435 1076 3485 essetcum
1094 3427 1309 3482 illorum
1325 3428 1541 3484 Domini
1559 3430 1971 3487 interfectorum

396 3521 456 3567 et
476 3512 873 3581 parricidarum
917 3516 1360 3572 consuetudine:
1408 3533 1647 3590 cumque
1695 3519 1787 3575 hic
1833 3521 1973 3576 ordo

398 3604 819 3661 decentissimus
842 3607 935 3672 sit,
980 3624 1143 3678 quem
1169 3623 1362 3663 omnes
1397 3617 1507 3664 tam
1551 3610 1975 3667 occidentalium

397 3712 563 3767 quam
590 3698 1022 3754 meridianarum
1048 3709 1105 3755 et
1129 3701 1645 3769 septentrionalium
1670 3703 1823 3758 orbis
1846 3720 1974 3774 par-

399 3787 538 3843 tium
593 3789 871 3855 Ecclesiae,
925 3806 989 3846 ac
1033 3792 1310 3847 nonnullae
1355 3808 1573 3863 quoque
1625 3795 1975 3851 orientalium

398 3888 621 3934 servant
647 3897 660 3933 :
686 3879 894 3936 idcirco
915 3881 972 3935 id
991 3897 1210 3952 aequum
1257 3891 1583 3953 rectumque
1620 3900 1740 3942 esse
1785 3901 1978 3941 omnes

392 3969 804 4040 judicaverunt,
837 3973 983 4042 quod
1008 3982 1064 4028 et
1103 3974 1261 4030 vobis
1303 3976 1633 4046 placiturum
1684 3993 1805 4034 esse
1848 3995 1977 4050 spo-

398 4061 602 4132 pondi;
643 4071 705 4117 ut
730 4063 944 4119 scilicet
966 4065 1113 4136 quod
1143 4066 1199 4121 in
1228 4067 1364 4122 urbe
1388 4067 1580 4133 Roma,
1606 4085 1814 4140 perque
1857 4087 1979 4126 om-

400 4170 526 4210 nem
553 4155 787 4223 Italiam,
811 4157 1080 4225 Africam,
1116 4159 1449 4232 tEgyptum;
1494 4178 1594 4232 per
1638 4163 1978 4234 Hispaniam,

396 4247 618 4314 Gallias,
638 4250 968 4316 Britannias,
986 4251 1186 4326 Libyas
1209 4270 1223 4319 ;
1252 4269 1349 4324 per
1375 4256 1684 4310 universam
1698 4256 1977 4324 Achaiam;

400 4356 499 4410 per
517 4340 775 4398 Asianam
802 4352 859 4400 et
880 4344 1161 4401 Ponticam
1207 4346 1533 4413 dioecesim;
1584 4363 1684 4419 per
1730 4346 1981 4405 Ciliciam

400 4431 640 4503 denique
678 4434 944 4490 concordi
987 4437 1263 4493 sententia
1306 4438 1659 4506 observatur,
1704 4438 1758 4494 id
1799 4448 1982 4496 vestra

2066 1956 2349 2027 παρέδωκε
2395 1952 2607 2023 Σωτὴρ,
2658 1950 2785 2022 μίαν
2831 1943 2969 2001 εἶναι
3005 1947 3105 2019 τὴν
3152 1945 3446 2016 καθολικὴν
3480 1941 3648 2023 αὑτοῦ

2077 2046 2396 2116 Ἐκκλησίαν
2429 2043 2767 2116 βεὸούληται.
2814 2035 2921 2105 Ἦς
2962 2042 3010 2093 εἰ
3059 2040 3153 2093 καὶ
3175 2039 3244 2091 τὰ
3294 2037 3528 2109 μάλιστα
3565 2036 3648 2099 είς

2068 2137 2297 2202 πολλούς
2326 2154 2384 2190 τε
2413 2138 2505 2189 καὶ
2545 2134 2833 2205 διαφόρους
2863 2132 3061 2195 τόπους
3085 2130 3152 2184 τὰ
3195 2129 3335 2201 μέρη
3368 2128 3648 2200 διῄρηται,

2068 2231 2181 2285 ἀλλ’
2206 2231 2354 2301 ὅμως
2382 2229 2462 2282 ἑνὶ
2483 2226 2774 2296 πνεύματι,
2798 2222 3045 2277 τουτέστι
3070 2219 3147 2292 τῷ
3168 2220 3299 2291 θείῳ
3324 2219 3646 2291 βουλήματι,

2069 2322 2350 2376 θάλπεται.
2384 2316 2705 2387 Λογισάσθω
2748 2314 2803 2369 δὲ
2850 2313 3014 2387 ἠτῆς
3056 2312 3327 2385 ὑμετέρας
3367 2310 3651 2378 ὁσιότητος

2070 2413 2341 2485 ἀγχίνοια,
2390 2412 2536 2473 ὅπως
2586 2407 2703 2461 ἑστὶ
2734 2406 2902 2459 δεινόν
2948 2422 3007 2459 τε
3048 2406 3142 2458 καὶ
3174 2402 3439 2475 ἀπρεπὲς,
3499 2401 3648 2454 κατὰ

2070 2506 2168 2569 τὰς
2191 2504 2623 2577 αὒτὰςνήμέρας,
2672 2501 2891 2574 ἑτέρους
2944 2500 3042 2571 μὲν
3070 2500 3191 2562 ταῖς
3224 2497 3497 2568 νηστείαις
3524 2510 3647 2565 σχο-

2071 2600 2278 2665 λάζειν,
2325 2599 2544 2670 ἑτέρους
2580 2596 2637 2650 δὲ
2680 2595 2954 2667 συμπόσια
3000 2591 3174 2647 τελεῖν
3198 2608 3211 2622 ι
3255 2591 3347 2644 καὶ
3381 2589 3516 2661 μετὰ
3544 2588 3650 2650 τάς

2072 2691 2167 2745 τοῦ
2203 2692 2393 2761 Πάσχα
2426 2688 2657 2761 ἡμέρας,
2696 2686 2888 2750 ἄλλους
2942 2685 3037 2757 μὲν
3079 2685 3136 2737 ἑν
3165 2684 3376 2754 ἑορταῖς
3416 2681 3509 2735 καὶ
3549 2680 3646 2732 άν-

2075 2785 2254 2839 έσεσιν
2283 2782 2649 2849 ἑξετάζεσθαι,
2699 2780 2888 2843 ἄλλους
2915 2778 2969 2832 δὲ
2992 2781 3110 2841 ταῖς
3132 2775 3460 2849 ὡρισμέναις
3492 2772 3647 2826 ἑκδε-

2075 2875 2263 2929 δόσθαι
2294 2873 2587 2945 νηστείαις.
2628 2873 2727 2926 Διὰ
2756 2871 2911 2926 τοῦτο
2955 2870 3081 2941 γοῦν
3127 2869 3227 2941 τῆς
3268 2866 3647 2941 προσηκούσης

2076 2965 2499 3038 ἐπανορθώσεως
2544 2967 2749 3036 τυχεῖν,
2803 2964 2897 3018 καὶ
2951 2963 3086 3035 πρὸς
3136 2963 3265 3035 μίαν
3315 2960 3647 3014 διατύπωσιν

2078 3056 2306 3127 ἄγεσθαι
2342 3056 2522 3120 τοῦτο,
2571 3059 2605 3127 ἡ
2649 3057 2766 3111 θεία
2805 3058 3031 3129 πρόνοια
3072 3055 3335 3127 βούλεται,
3370 3054 3444 3119 ὡς
3473 3052 3649 3122 ἑγωγε

2081 3150 2323 3213 ἅπαντας
2346 3146 2586 3220 ἠγοῦμαι
2611 3150 2861 3220 συνορᾷν.
2896 3147 3058 3201 Ὅθεν
3085 3146 3271 3218 ἐπειδὴ
3294 3145 3448 3200 τοῦτο
3477 3145 3661 3208 οὓτως

2080 3239 2507 3311 ἐπανορθοῦσθαι
2561 3239 2860 3312 προσῆκεν,
2906 3239 2979 3303 ὡς
3022 3238 3188 3310 μηδὲν
3238 3238 3374 3310 μετὰ
3419 3234 3514 3289 τοῦ
3541 3236 3653 3290 τῶν

2073 3332 2448 3405 πατροκτόνων
2479 3350 2537 3386 τε
2558 3333 2653 3385 καὶ
2686 3331 3045 3403 κυριοκτόνων
3072 3331 3296 3385 ἐκείνων
3321 3329 3505 3394 ἑθνους
3537 3329 3652 3399 (69)

2072 3420 2208 3480 εἶναι
2239 3424 2412 3479 κοινόν
2433 3443 2447 3455 ’
2479 3423 2593 3477 ἑστι
2617 3441 2676 3477 τε
2701 3423 2853 3490 τάξις
2882 3422 3181 3495 εὐπρεπὴς,
3212 3422 3280 3494 ἢν
3301 3420 3507 3476 ἅπασαι
3544 3420 3654 3474 τῶν

2072 3517 2304 3572 δυτικῶν
2374 3534 2433 3569 τε
2490 3518 2583 3571 καὶ
2636 3516 3021 3588 μεσημϐρινῶν
3078 3516 3172 3569 καὶ
3237 3512 3502 3588 ἀρκτῴων
3556 3513 3657 3584 τῆς

2074 3609 2395 3682 οἰκουμένης
2434 3609 2618 3681 μερῶν
2665 3608 3178 3679 παραφυλάττουσιν
3220 3608 3276 3662 αί
3315 3605 3654 3675 Ἐκκλησίαι,

2076 3703 2169 3756 καί
2196 3719 2341 3766 τινες
2371 3703 2479 3756 τῶν
2527 3701 2664 3773 μετὰ
2694 3701 2791 3773 τὴν
2833 3700 2972 3772 ἑῴαν
2998 3700 3175 3754 τόπων
3194 3717 3206 3731 ’
3239 3693 3313 3754 ὧν
3338 3698 3525 3753 ’ἐνεκεν
3562 3699 3661 3751 ἑπὶς

2079 3792 2172 3847 τοῦ
2200 3794 2468 3865 παρόντος
2501 3793 2681 3856 καλῶς
2728 3792 2871 3863 ἔχειν
2919 3792 3156 3856 ἅπαντες
3199 3792 3508 3862 ἡγήσαντο·
3561 3790 3658 3843 καὶ

2076 3884 2237 3950 αύτδς
2284 3885 2341 3940 δὲ
2385 3887 2450 3956 τῇ
2484 3883 2721 3954 ὑμετέρᾳ
2753 3883 3002 3955 ἀγχινοίᾳ
3055 3881 3275 3955 άρέσειν
3307 3880 3654 3952 ὑπεσχόμηνο

2080 3978 2147 4033 ἶν’
2175 3979 2308 4051 ὅπερ
2336 3976 2401 4030 ἂν
2438 3976 2579 4030 κατὰ
2628 3976 2724 4049 τὴν
2774 3977 3065 4047 Ῥωμαίων
3110 3975 3282 4040 πόλιν,
3328 3974 3553 4029 Ἰταλίαν
3599 3989 3659 4025 τε

2081 4072 2176 4124 καὶ
2210 4067 2494 4141 Ἀφρικὴν,
2521 4067 2739 4122 ἃπασαν
2761 4068 3055 4137 Αἴγυπτον,
3092 4067 3387 4130 Ἱσπανίας,
3405 4065 3661 4130 Γαλλίας,

2085 4160 2434 4231 Βρεττανίας,
2496 4158 2723 4230 Λιϐύην,
2781 4158 2910 4231 ὃλην
2974 4156 3216 4223 Ἐλλάδα,
3292 4157 3544 4228 ’Δσιανήν
3596 4172 3660 4209 τε

2081 4253 2343 4322 διοίκησιν
2371 4252 2463 4306 καὶ
2494 4251 2792 4322 Ποντικὴν,
2828 4250 2919 4304 καὶ
2960 4249 3235 4312 Κιλικίαν,
3280 4242 3377 4320 μιᾷ
3402 4248 3497 4301 καὶ¹
3524 4266 3662 4319 συμ-

2085 4344 2245 4415 φώνῳ
2281 4344 2614 4413 φυλάττηται
2648 4340 2861 4413 γνώμῃ,
2892 4342 3143 4412 ἁσμένως
3168 4339 3324 4393 τοῦτο
3348 4339 3439 4392 καὶ
3471 4338 3506 4409 ἡ
3536 4337 3666 4410 69.5-

2083 4438 2219 4511 τέρα
2246 4436 2606 4510 προσδέξηται
2656 4437 2901 4500 σύνεσις’
2937 4433 3260 4504 λογιζομένη
3290 4433 3365 4496 ὼς
3410 4432 3469 4485 ού
3502 4431 3666 4503 μόνον

400 4538 622 4593 quoque
648 4526 944 4595 prudentia
983 4529 1289 4584 libentibus
1331 4530 1531 4585 animis
1572 4532 1972 4601 amplectatur:

2086 4531 2283 4585 πλείων
2314 4523 2459 4585 ἐστὶν
2485 4532 2512 4584 ὁ
2541 4530 2648 4583 τῶν
2688 4528 2827 4582 κατὰ
2856 4528 2980 4590 τοὺς
3000 4525 3431 4598 προειρημένους
3463 4523 3664 4588 τόπους

403 4612 541 4667 illud
565 4615 826 4670 nimirum
849 4617 1163 4682 attendens,
1210 4633 1321 4671 non
1345 4619 1512 4672 modo
1552 4622 1814 4689 majorem
1860 4640 1981 4678 esse

401 4721 695 4761 numerum
720 4708 1091 4764 Ecclesiarum
1136 4709 1191 4762 iu
1226 4709 1362 4763 locis
1407 4724 1574 4778 supra
1617 4715 1976 4778 memoratis;

403 4813 598 4852 verum
621 4799 788 4853 etiam
831 4798 1209 4869 arquissimum
1244 4815 1364 4854 esse
1389 4809 1451 4855 ut
1489 4816 1682 4858 omnes
1723 4804 1779 4858 in
1823 4821 1976 4860 com-

404 4907 573 4947 mune
599 4892 654 4947 id
679 4892 848 4947 velint
872 4892 1021 4962 quod
1065 4894 1257 4948 stricta
1285 4895 1427 4950 ratio
1450 4894 1671 4966 exigere
1718 4897 1939 4953 videtur
1960 4941 1976 4966 ,

405 4996 510 5037 nec
532 4982 697 5037 ullam
718 4998 845 5037 cum
867 4982 1183 5039 Iudaeorum
1213 4982 1322 5056 34
1365 4984 1615 5056 perjurio
1659 4986 1984 5041 societatem

406 5075 634 5131 habere.
679 5074 860 5147 Atque
905 5086 966 5132 ut
1007 5077 1321 5131 summatim
1363 5093 1428 5132 ac
1476 5077 1720 5133 breviter
1760 5077 1978 5145 dicam,

406 5167 614 5240 placuit
656 5171 936 5226 communi
978 5169 1223 5225 omnium
1264 5169 1498 5241 judicio,
1529 5177 1590 5224 ut
1632 5172 1979 5227 sanctissima

2101 4622 2435 4692 Ἑκκλησιῶν
2489 4623 2754 4692 ἀριθμός·
2802 4620 2936 4674 ἀλλὰ
2984 4619 3077 4672 καὶ
3127 4617 3203 4682 ὡς
3238 4617 3395 4672 τοῦτο
3432 4616 3667 4688 μάλιστα

2088 4715 2239 4783 κοινῇ
2273 4713 2483 4773 πάντας
2516 4712 2808 4765 όσιὼτατόν
2835 4713 2949 4764 ἐστι
2985 4708 3289 4780 βούλεσθαι,
3344 4709 3481 4780 ὅπερ
3514 4709 3605 4762 καὶ
3635 4711 3666 4762 ό

2086 4801 2320 4873 ἀκριϐὴς
2340 4803 2591 4856 ἀπαιτεῖν
2621 4802 2767 4855 δοκεῖ
2788 4802 2967 4870 λόγος.
3004 4800 3097 4854 καὶ
3123 4800 3381 4870 οὐδεμίαν
3406 4798 3545 4870 μετὰ
3565 4798 3666 4869 τῆς

2099 4893 2367 4948 Ἰουδαίων
2416 4893 2703 4967 ἐπιορκίας
2735 4892 2881 4964 ἔχειν
2908 4892 3213 4945 κοινωνίαν.
3257 4891 3372 4944 Ἵνα
3409 4891 3465 4943 δὲ
3490 4888 3549 4942 τὸ
3577 4905 3669 4941 κε-

2086 4987 2555 5057 φαλαιωδέστατον
2582 4985 2863 5057 συντόμως
2890 4985 3048 5048 εἴπω,
3079 4986 3230 5055 κοινῇ
3262 4983 3480 5038 πάντων
3500 4983 3667 5053 ἧρεσε

2082 5080 2283 5152 κρίσει,
2333 5081 2433 5151 τὴν
2486 5078 2800 5149 άγιωτάτην
2839 5076 2933 5131 τοῦ
2983 5078 3173 5149 Πάσχα
3204 5078 3397 5147 ἑορτὴν
3442 5077 3542 5148 μιᾷ
3574 5076 3668 5129 καὶ

2076 5176 2144 5245 τῇ
2193 5174 2329 5244 αὐτῇ
2367 5172 2550 5245 ἡμέρᾳ.
2587 5170 2974 5226 συντελεῖσθαι.
3008 5170 3146 5226 Οὐδὲ
3195 5171 3304 5241 γὰρ
3358 5169 3558 5241 πρέπει
3608 5169 3668 5219 ἑν

1605 5326 1873 5383 VALESII
1913 5327 2464 5386 ANNOTATIONES.

483 5417 594 5490 (67)
623 5418 727 5490 ΫὨς
755 5416 1356 5490 δεῗνκατὰ-νπγζεῖστοι·
1406 5418 1626 5490 αὐτοὺς
1665 5417 1975 5490 πὶίανωμέ-

411 5488 583 5555 vaec,
619 5489 677 5544 In
702 5489 906 5544 nostris
949 5488 1232 5542 codicibus
1261 5489 1574 5542 Florentino
1598 5500 1653 5543 ct
1696 5488 1977 5542 Sl'ortiano

413 5560 616 5629 legitur
639 5561 713 5623 ὼς
766 5559 870 5629 ἀεί.
920 5557 1093 5625 Quam
1143 5559 1434 5613 lectionem
1477 5559 1979 5629 conﬁrmatietiam

416 5628 804 5707 Theodoritus.
825 5628 983 5707 Apud
1006 5629 1303 5707 Eusebium
1330 5629 1395 5707 in
1410 5629 1552 5682 libro
1572 5631 1746 5707 tertio
1769 5628 1986 5707 de_Vita
2091 5628 2117 5707 ξ
2154 5632 2263 5702 (69)
2285 5628 2972 5707 _It’vptoxz_'drw~r_~_éggelro_)r
2992 5628 3226 5707 ἐθνορς.
3258 5628 3535 5707 Postrema

410 5697 760 5756 Constantini
786 5690 1054 5770 scriptum
1089 5708 1173 5753 est
1208 5700 1322 5762 εὼς
1350 5699 1414 5770 δὴ
1458 5701 1597 5770 κατὰ
1629 5701 1691 5751 τὸ
1738 5698 1972 5770 πλεῖστοι

2086 5690 2256 5755 όρὸει’
2284 5702 2337 5756 in
2365 5690 2570 5755 nostris
2594 5696 2879 5770 codicibus
2904 5690 3222 5770 Florentino
3269 5702 3326 5752 et
3372 5690 3676 5750 Sfortiauo.

414 5770 612 5833 αὐτοὺς
671 5769 1054 5841 πλανωμένους
1110 5770 1206 5848 τῇς
1261 5769 1640 5848 προσηκούσης
1672 5769 1985 5848 ἐπανορθώ-

422 5853 576 5904 σεως.
605 5840 684 5894 Ad
710 5840 874 5911 quem
899 5842 1076 5898 locum
1105 5840 1227 5896 vide
1255 5840 1299 5895 si
1330 5840 1506 5909 placet
1532 5855 1651 5908 qme
1679 5840 1880 5892 notavi.

2150 5420 2260 5495 (68)
2297 5420 2540 5495 τοιαύτῃ
2585 5416 2910 5495 θρησκείας
2967 5415 3163 5495 ἑορτῇ.
3201 5416 3261 5495 ln
3311 5412 3501 5495 codice
3547 5412 3671 5491 Flo-

2076 5487 2296 5564 rentino
2325 5487 2535 5564 legitur
2545 5488 3153 5564 τοιαύτηςηηοιι-ῃιιιιο..
3186 5487 3365 5564 Atque
3399 5487 3670 5564 _ita.scri-

2086 5568 2243 5631 ptum
2271 5554 2440 5615 habit
2461 5559 2633 5631 codex
2654 5554 2847 5631 Allatii
2871 5557 2926 5611 in
2954 5557 3190 5631 Historia
3228 5554 3568 5631 Tjicodoriti.

2154 5632 2263 5702 (69)
2292 5628 2972 5702 Κυριοκιζόνωκλὲξςείνωκ
2992 5628 3226 5702 ἐθνορλς.
3258 5626 3539 5702 Postrema
3566 5638 3668 5676 vox

2092 5788 2189 5827 nec
2216 5772 2450 5828 habetur
2478 5770 2620 5839 apud
2656 5768 3071 5826 Theodoritum.

4020 2660 4046 2693 ιι

4021 2738 4046 2785 L.

4020 2841 4046 2876 :

4018 2932 4046 2971 :3,
