4046 6204
321 246 420 299 105

1770 247 2106 305 SOCRATIS

3452 236 3552 295 101

318 372 580 447 episcopi,
602 368 902 442 presbyteri
925 376 980 425 et
1000 368 1238 432 diaconi,
1256 366 1325 422 ab
1346 381 1576 421 uxorum
1599 382 1736 437 quas
1759 381 1885 420 cum

2005 367 2106 428 ταῖς
2138 364 2422 434 γαμεταῖς,
2451 360 2517 426 ἀς
2551 359 2629 414 ἔτι
2658 356 2838 413 λαῖκοὶ
2869 358 3020 422 ὄντες
3059 355 3327 427 ἠγάγοντο
3348 356 3400 410 ιι.
3441 353 3553 411 Καὶ

321 466 442 522 laici
470 469 672 527 essent,
702 459 1034 516 matrimonii
1050 460 1173 531 jure
1201 458 1308 514 sibi
1345 458 1721 522 sociaverant,
1751 473 1886 512 con—

319 556 509 611 cubitu
534 552 890 608 abstinerent.
914 548 1160 620 Cumque
1186 550 1290 605 hac
1310 564 1370 604 re
1399 548 1455 604 in
1486 548 1727 604 medium
1755 563 1887 618 pro-

321 650 525 720 posita,
571 646 910 716 singulorum
958 642 1242 698 sententia:
1279 649 1624 714 rogarentur,
1659 655 1890 712 surgens

322 743 377 796 in
411 740 591 796 medio
618 737 998 808 episcoporum
1026 750 1283 791 consessu
1321 735 1663 806 Paphnutius
1681 774 1697 800 ,
1720 734 1889 787 vehe-

322 848 531 894 menter
552 836 886 890 vociferatus
909 839 1015 898 est,
1034 849 1147 888 non
1172 847 1293 887 esse
1314 829 1705 902 imponendum
1732 829 1892 885 cleri-

319 933 400 987 cis
437 938 493 984 et
531 926 911 983 sacerdotibus
938 941 1102 996 grave
1146 925 1253 979 hoc
1282 924 1509 995 jugum:
1541 921 1894 976 honorabiles

320 1022 539 1092 nuptias
561 1028 617 1075 et
638 1028 816 1073 torum
842 1017 1250 1072 immaculatum
1278 1017 1320 1048 ¹⁸
1347 1030 1467 1070 esse
1488 1013 1697 1078 dicens,
1720 1028 1790 1068 ne
1826 1028 1893 1068 ex

320 1113 489 1168 nimia
516 1110 805 1167 severitate
828 1109 1087 1164 damnum
1112 1108 1297 1178 potius
1317 1106 1581 1163 inferrent
1601 1104 1890 1160 Ecclesia:

320 1221 498 1277 neque
521 1205 669 1259 enim
692 1218 884 1259 omnes
912 1201 1057 1257 ferre
1088 1216 1249 1272 posse
1283 1209 1391 1255 tam
1417 1199 1681 1253 districta:
1713 1195 1891 1252 conti-

321 1297 519 1351 nentia:
542 1295 904 1365 disciplinam,
937 1310 1002 1348 ac
1024 1292 1252 1347 forsitan
1271 1291 1399 1345 inde
1421 1297 1746 1346 eventurum
1772 1302 1894 1341 esse

323 1395 383 1441 ut
426 1387 690 1457 cujusque
732 1384 920 1440 uxoris
961 1383 1183 1439 castitas
1235 1381 1460 1436 minime
1504 1379 1891 1435 custodiretur.

319 1478 640 1533 Castitatem
681 1481 863 1528 autem
915 1471 1149 1527 vocabat
1203 1483 1559 1538 congressum
1611 1466 1715 1520 viri
1770 1479 1894 1520 cum

322 1582 492 1623 uxore
523 1565 779 1636 legitima.
807 1562 953 1617 Satis
977 1576 1119 1626 esse,
1142 1568 1204 1614 ut
1227 1561 1317 1630 qui
1352 1561 1404 1613 in
1429 1559 1635 1613 clerum
1667 1556 1898 1612 fuissent

1987 459 2110 512 ἐπεὶ
2140 458 2266 528 περὶ
2304 456 2493 510 τούτου
2537 452 2882 525 βουλεύεσθαι
2916 451 3235 525 προύκειτο,
3266 450 3557 513 διαναστὰς

1987 551 2045 602 ὲν
2070 547 2218 618 μέσῳ
2238 546 2330 601 τοῦ
2356 546 2610 613 συλλόγου
2633 544 2740 598 τῶν
2770 542 3078 598 ἐπισκόπων
3098 544 3127 596 ὁ
3152 539 3489 611 Παφνούτιος
3506 541 3550 603 ί,

1987 640 2117 694 ἐϐόα
2149 639 2356 711 μακρὰ,
2386 638 2460 710 μὴ
2490 637 2660 708 βαρὺν
2687 634 2849 706 ζυγόν
2878 635 3144 689 ἐπιθεῖναι
3182 635 3294 697 τοῖς
3321 632 3556 704 ἱερωμέ-

1987 748 2097 795 νοις
2125 731 2350 802 ἀνδράσι
2368 746 2382 762 ο
2413 730 2590 800 τίμιον
2622 723 2758 783 εἶναι
2790 727 2882 781 καὶ
2907 726 3007 798 τὴν
3033 726 3238 795 κοίτην,
3274 725 3366 778 καὶ
3394 721 3558 777 αὑτὸν

1988 825 2251 895 ἀμίαντον
2296 824 2393 879 τὸν
2421 824 2596 895 γάμον
2645 823 2835 892 λέγων.
2894 820 2967 892 μὴ
3015 821 3079 891 τῇ
3127 817 3400 891 ὑπερϐολῇ
3453 817 3557 887 τῆς
3604 845 3610 853 ·
3648 886 3662 893 _

1988 912 2291 984 ἀκριϐείας,
2317 912 2515 983 μᾶλλον
2542 911 2642 983 τὴν
2686 909 3004 980 Ἐκκλησίαν
3027 908 3466 980 προσϐλάψωσιν·
3491 908 3554 962 ού

1989 1005 2098 1078 γὰρ
2121 1005 2327 1070 πάντας
2348 1004 2602 1059 δύνασθαι
2636 1006 2821 1076 φέρειν
2844 1003 2943 1075 τῆς
2974 1001 3239 1065 ἀπαθείας
3260 1000 3358 1071 τὴν
3385 1001 3559 1072 ἄσκηο

1992 1118 2094 1168 σιν,
2125 1099 2246 1154 οὐδὲ
2276 1101 2405 1164 ἴσως
2447 1098 2884 1171 φυλαχθήσεσθαι
2932 1095 3029 1168 τὴν
3066 1092 3418 1167 σωφροσύνην
3453 1093 3557 1163 τῆς

1990 1195 2219 1248 ἑκάστου
2245 1193 2511 1265 γαμετῆς.
2536 1192 2897 1263 Σωφροσύνην
2926 1190 2983 1245 δὲ
3007 1189 3189 1244 ἐκάλει
3216 1187 3309 1242 καὶ
3338 1187 3437 1259 τῆς
3472 1203 3559 1240 νο-

1995 1286 2160 1357 μίμου
2193 1286 2447 1355 γυναικὸς
2491 1285 2588 1357 τὴν
2636 1284 2962 1338 συνέλευσιν.
3021 1279 3333 1352 Ἀρκεῖσθαί
3378 1295 3438 1332 τε
3467 1277 3561 1331 τὸν

1993 1379 2273 1448 φθάσαντα
2315 1378 2517 1450 κλήρου
2551 1379 2754 1447 τυχεῖν,
2818 1374 3013 1446 μηκέτι
3045 1372 3139 1426 ἐπὶ
3182 1371 3359 1443 γάμον
3404 1370 3563 1442 ἔρχε-

1994 1468 2149 1536 σθαι,
2187 1469 2327 1522 κατὰ
2354 1470 2452 1539 τὴν
2477 1469 2575 1539 τῆς
2615 1467 2937 1538 Ἐκκλησίας
2969 1465 3199 1538 ἀρχαίαν
3227 1463 3523 1534 παράδοσιν
3541 1478 3559 1493 ⁸

1997 1559 2134 1630 μήτε
2169 1557 2273 1630 μὴν
2314 1558 2742 1629 ἀποζεύγνυσθαι
2768 1558 2989 1628 ταύτης,
3020 1557 3085 1626 ἦν
3114 1553 3260 1620 ἅπαξ
3297 1554 3397 1625 ἥδη
3425 1552 3562 1625 πρό-

322 1657 580 1728 ascripti,
616 1656 769 1726 juxta
806 1660 1049 1707 veterem
1085 1650 1342 1705 Ecclesiae
1370 1649 1749 1712 traditionem,
1781 1647 1894 1719 jam

2005 1667 2151 1723 τερον
2181 1650 2366 1716 λαῖκδς
2395 1649 2468 1704 ὢν
2495 1652 2754 1722 ἠγάγετο.
2799 1651 2909 1705 Καὶ
2940 1648 3089 1703 ταῦτ’
3128 1648 3312 1708 ἔλεγεν
3337 1648 3566 1719 ἄπειρος

324 1767 433 1806 non
470 1748 708 1819 amplius
750 1760 953 1800 uxores
989 1743 1284 1799 ducerent:
1326 1758 1439 1797 non
1480 1749 1662 1796 tamen
1700 1754 1894 1811 quem-

2005 1742 2073 1796 ὣν
2105 1741 2308 1813 γάμου,
2355 1743 2449 1796 καὶ
2493 1742 2679 1804 ἁπλῶς
2722 1743 2915 1806 εἰπεῖν,
2952 1740 3209 1809 γυναικός
3238 1738 3339 1792 ’ἐκ
3377 1736 3568 1801 παιδὸς

322 1858 487 1914 quam
519 1838 915 1911 sejungendum
942 1851 1063 1893 esse
1089 1835 1158 1890 ab
1188 1850 1251 1889 ca
1278 1849 1442 1904 quam
1470 1834 1723 1897 antehae,
1770 1840 1902 1886 tunc

323 1952 449 1991 eum
483 1941 632 1990 esset
682 1934 876 1997 laicus,
924 1930 1168 2003 legitime
1225 1929 1489 1984 duxisset.
1549 1929 1727 1997 Atque
1786 1927 1904 1981 liazc

324 2028 483 2093 dixit,
518 2028 634 2097 ipse
665 2042 774 2080 non
809 2024 974 2079 modo
1001 2020 1242 2093 conjugii
1263 2061 1278 2087 ,
1318 2020 1416 2076 sed
1452 2019 1739 2074 muliebris
1767 2034 1903 2073 con—

325 2134 545 2190 gressus
571 2117 795 2189 penitus
821 2129 1054 2186 expers;
1091 2114 1292 2185 quippe
1320 2112 1415 2184 qui
1440 2128 1470 2167 a
1500 2126 1672 2183 puero
1698 2111 1754 2165 in
1783 2126 1904 2165 mo-

326 2211 567 2267 nasterio
595 2209 862 2265 educatus
894 2206 1126 2269 fuisset,
1153 2210 1209 2259 et
1245 2204 1316 2259 ob
1355 2203 1689 2274 singularem
1736 2202 1907 2257 casti-

327 2303 566 2358 moniam
597 2300 666 2356 ab
687 2298 942 2355 omnibus
970 2297 1299 2353 celebratus.
1318 2295 1587 2352 Caeterum
1618 2295 1905 2351 universus

1994 1832 2104 1904 γάρ
2130 1834 2188 1885 ἐν
2217 1832 2537 1904 ἀσκητηρίῳ
2563 1832 2950 1905 ἀνετέθραπτο,
2983 1830 3077 1884 καὶ
3100 1831 3193 1884 ἐπὶ
3220 1826 3563 1901 σωφροσύνῃ,

1995 1924 2045 1977 εἰ
2074 1924 2167 1978 καί
2191 1941 2275 1987 τις
2310 1923 2487 1988 ἄλλος,
2516 1924 2837 1996 περιϐόητος
2862 1923 2956 1979 ὥν.
2980 1922 3234 1975 Πείθεται
3272 1921 3379 1984 πᾶς
3402 1921 3432 1973 ό
3456 1918 3568 1972 τῶν

2000 2016 2308 2089 ἱερωμένων
2339 2015 2593 2086 σύλλογος
2618 2019 2731 2080 τοῖς
2757 2016 3098 2086 Παφνουτίου
3129 2015 3326 2084 λόγοις.
3356 2013 3447 2067 Διδ
3472 2013 3571 2067 καὶ

1998 2110 2097 2182 τὴν
2126 2110 2256 2183 περὶ
2279 2109 2464 2165 τούτου
2498 2108 2722 2183 ζήτησιν
2749 2109 3112 2179 ἀπεσίγησαν,
3137 2109 3205 2179 τῇ
3232 2107 3426 2176 γνώμῃ
3454 2104 3566 2158 τῶν

2005 2203 2341 2276 βουλομένων
2369 2203 2667 2275 ἀπέχεσθαι
2691 2203 2789 2274 τῆς
2818 2201 3033 2274 ὁμιλίας
3058 2201 3165 2255 τῶν
3193 2198 3449 2272 γαμετῶν
3473 2214 3571 2252 κα-

2000 2296 2370 2367 ταλείψαντες.
2396 2297 2508 2351 Καὶ
2529 2295 2766 2351 τοσαῦτα
2794 2296 2890 2367 μὲν
2923 2296 3050 2366 περὶ
3080 2293 3437 2363 Παφνουτίον.

328 2398 675 2455 sacerdotum
709 2402 884 2451 cintus
911 2392 1207 2464 Paphnutii
1253 2391 1600 2446 sermonibus
1647 2406 1905 2447 assensus
1940 2400 2044 2448 est.
2086 2392 2321 2448 Proinde
2360 2392 2561 2447 omissa
2613 2392 2733 2460 ejus
2775 2391 2857 2445 rei
2910 2389 3327 2460 disceptatione,
3379 2387 3568 2458 singu-

328 2492 507 2545 lorum
549 2487 780 2544 arbitrio
831 2484 1203 2557 permiserunt
1245 2490 1308 2538 ut
1357 2483 1428 2538 ab
1469 2498 1701 2538 uxorum
1736 2484 2134 2541 consuetudine
2176 2485 2517 2541 abstinerent
2541 2514 2558 2543 υ
2607 2483 2652 2539 si
2710 2483 2931 2538 vellent.
2972 2481 3039 2537 Et
3079 2482 3197 2536 haec
3233 2478 3454 2551 quidem
3499 2478 3572 2535 de

329 2580 659 2654 Paphnutio.

972 2691 1122 2747 CAP.
1149 2691 1266 2746 XII.

609 2784 688 2838 De
711 2781 1004 2854 Spyridone
1027 2779 1342 2851 Cypriorum
1368 2781 1623 2851 episcopo.

400 2876 560 2932 Nunc
591 2875 661 2930 ad
706 2873 1068 2945 Spyridonem
1118 2881 1477 2926 transeamus.
1528 2871 1699 2926 Tanta
1742 2873 1799 2926 in
1838 2887 1909 2927 eo

332 2968 516 3023 adhuc
534 2967 719 3021 ovium
743 2974 959 3034 pastore
984 2962 1164 3017 inerat
1187 2960 1312 3015 vitae
1327 2961 1606 3028 sanctitas,
1630 2969 1692 3017 ut
1712 2962 1911 3033 dignus

337 3059 557 3114 habitus
582 3055 654 3110 sit
676 3055 770 3125 qui
795 3054 1076 3108 hominum
1119 3067 1337 3123 quoque
1372 3061 1558 3122 pastor
1597 3054 1905 3110 exsisteret.

336 3148 438 3204 llic
459 3147 611 3202 urbis
633 3144 915 3215 cujusdam
944 3146 1000 3198 in
1021 3142 1222 3215 Cypro,
1249 3142 1472 3197 nomine
1493 3142 1905 3213 Trimitbuntis,

335 3240 709 3309 episcopatum
733 3236 959 3291 sortitus
982 3244 1086 3289 est.
1112 3234 1314 3290 Verum
1340 3233 1411 3288 ob
1437 3232 1767 3305 singularem
1789 3236 1910 3292 ani-

336 3332 410 3386 mi
436 3329 779 3392 modestiam,
804 3328 967 3382 etiam
996 3328 1050 3381 in
1072 3326 1390 3397 episcopatu
1413 3340 1542 3381 oves
1556 3341 1781 3398 pascere
1796 3345 1909 3386 non

337 3421 565 3478 destitit.
595 3421 661 3475 Et
685 3420 853 3474 multa
883 3417 1102 3488 quidem
1150 3417 1218 3473 de
1259 3418 1363 3474 hoc
1408 3418 1529 3471 viro
1575 3416 1908 3475 referuntur.

339 3516 452 3586 Ego
478 3527 609 3570 vero
644 3528 814 3568 unum
842 3512 1104 3573 duntaxat
1125 3517 1220 3564 aut
1263 3510 1500 3565 alterum
1544 3511 1665 3581 ejus
1703 3509 1917 3568 facinus

338 3604 799 3671 commemorabo,
826 3619 896 3658 ne
921 3603 1138 3675 longius
1157 3603 1227 3658 ab
1250 3602 1502 3684 instituto
1531 3601 1723 3658 videar
1760 3602 1919 3658 aber-

340 3716 484 3756 rare.
512 3700 681 3777 Fures
718 3697 899 3754 media
939 3705 1102 3752 nocte
1145 3697 1330 3751 caulas
1374 3697 1494 3768 ejus
1537 3695 1785 3752 clanculo
1829 3695 1917 3751 in-

341 3787 540 3864 gressi.
568 3805 697 3846 oves
718 3786 842 3844 inde
867 3787 1142 3843 abducere
1170 3788 1469 3843 tentabant.
1492 3787 1600 3860 40
1624 3786 1729 3843 Sed
1752 3788 1917 3854 Deus,

340 3883 435 3955 qui
459 3891 732 3954 pastorem
755 3880 933 3950 ipsum
956 3878 1231 3944 servabat,
1255 3894 1386 3934 oves
1405 3894 1621 3949 quoque
1640 3879 1760 3949 ejus
1784 3893 1916 3934 con-

341 3973 600 4032 servavit.
666 3972 841 4027 Furcs
908 3970 1056 4026 enim
1114 3970 1374 4025 invisibili
1421 3969 1656 4040 quadam
1713 3969 1916 4026 virtute

342 4064 634 4121 constricti
663 4063 730 4118 ad
753 4062 917 4117 ovilia
943 4062 1291 4117 tenebantur.
1331 4061 1450 4117 Jam
1487 4061 1607 4118 dies
1632 4063 1917 4119 illucesce-

344 4156 437 4211 bat
480 4171 495 4209 :
534 4155 623 4210 ille
690 4151 757 4207 ad
825 4168 958 4207 oves
1002 4151 1266 4217 veniens,
1330 4159 1621 4221 postquam
1686 4151 1917 4223 juvenes

343 4247 596 4305 manibus
628 4254 751 4316 post
782 4251 991 4315 tergum
1035 4243 1295 4299 revinctis
1335 4241 1493 4306 vidit,
1545 4242 1727 4298 statim
1762 4242 1918 4298 intel-

416 4363 461 4394 ¹¹¹
488 4360 655 4417 Hebr.
682 4377 801 4425 xm,
836 4361 887 4415 ό.

2589 2693 2836 2746 ΚΕΦΔΛ.
2879 2693 2980 2746 lB'.

2115 2787 2249 2855 Περὶ
2275 2783 2653 2854 Σπυρίδωνος
2680 2784 2786 2838 τοῦ
2813 2784 3086 2854 Κυπρίων
3110 2783 3460 2838 ἐπισκόπου.

2080 2875 2215 2947 Περὶ
2241 2874 2297 2929 δὲ
2323 2874 2663 2948 Σπυρίδωνος
2682 2870 2730 2939 i,
2755 2873 2992 2944 τοσαύτη
3017 2870 3095 2946 τῷ
3122 2873 3334 2946 ποιμένι
3358 2871 3569 2944 προσῆν

2009 2964 2256 3035 ὁσιότης,
2306 2963 2382 3029 ὡς
2427 2962 2520 3019 καὶ
2580 2962 2874 3035 ἀξιωθῆναι
2918 2965 3079 3019 αὐτὸν
3126 2966 3222 3020 καὶ
3270 2962 3570 3035 ἀνθρώπων

2012 3055 2244 3127 ποιμένα
2276 3055 2549 3124 γενέσθαι.
2600 3058 2696 3120 Ὃς
2743 3057 2872 3128 μιᾶς
2902 3056 3012 3111 τῶν
3041 3058 3098 3110 ὲν
3129 3058 3337 3130 Κύπρῳ
3366 3058 3572 3113 πόλεων

2011 3147 2235 3218 ὀνόματι
2281 3146 2703 3221 Τριμιθοῦντος,
2750 3149 2851 3222 τὴν
2879 3150 3182 3223 ἐπισκοπὴν
3209 3150 3571 3223 ἰκεκλήρωτο.

2013 3238 2110 3292 Διά
2158 3238 2216 3293 δὲ
2262 3239 2492 3311 ἀτυφίαν
2539 3240 2759 3314 πολλὴν,
2817 3242 3071 3314 ἐχόμενος
3117 3245 3215 3311 τῆς
3268 3242 3578 3312 ἐπισκοπῆς

2013 3330 2298 3403 ἐποίμαινε
2326 3331 2511 3386 καὶτὰ
2554 3332 2820 3404 πρόϐατα.
2856 3332 3034 3388 Πολλὰ
3073 3333 3172 3405 μὲν
3207 3329 3302 3388 οὗν
3339 3334 3406 3390 τὰ
3447 3336 3580 3407 περὶ

2015 3421 2179 3475 αὐτοῦ
2208 3422 2493 3493 λεγόμενα.
2528 3423 2676 3489 Ἐνὸς
2705 3424 2764 3479 δὲ
2788 3425 2822 3496 ἢ
2844 3425 2936 3479 δύο
2959 3425 3460 3498 ἐπιμνησθήσομαι,
3489 3427 3580 3481 ἶνα

2015 3514 2090 3586 μὴ
2118 3514 2224 3581 ἔξω
2254 3514 2346 3568 τοῦ
2376 3504 2735 3586 προκειμένου
2764 3515 2900 3580 δόξω
2930 3515 3252 3571 πλανᾶσθαι.
3290 3517 3580 3589 Μεσούσης

2014 3606 2145 3660 ποτὲ
2188 3607 2287 3678 τῆς
2314 3606 2537 3672 νυκτὸς,
2569 3607 2797 3663 κλέπται
2841 3611 2958 3673 ταῖς
3003 3609 3264 3664 ὲπαύλεσι
3296 3611 3402 3664 τῶν
3439 3628 3579 3683 προ-

2014 3697 2193 3753 ϐάτων
2221 3697 2495 3771 λαθραίως
2532 3698 2877 3765 ἐπελθόντες,
2907 3701 3257 3771 ἀφαιρεῖσθαι
3289 3701 3398 3755 τῶν
3445 3719 3578 3774 προ-

2016 3790 2195 3845 ϐάτων
2249 3792 2596 3857 ἐσπούδαζον.
2643 3793 2703 3846 '0
2731 3792 2863 3857 Θεὸς
2905 3793 2963 3847 δὲ
2991 3793 3098 3865 ἄρα
3142 3794 3171 3847 ό
3220 3793 3312 3847 τὸν
3343 3793 3576 3866 ποιμένα

2016 3878 2224 3943 σώζων,
2265 3881 2435 3946 ἔσωζε
2477 3882 2572 3937 καὶ
2619 3883 2688 3937 τὰ
2734 3883 3001 3954 πρόϐατα.
3064 3884 3127 3938 Oi
3172 3882 3280 3956 γὰρ
3324 3883 3553 3938 κλέπται

2013 3971 2230 4044 ἀοράτῳ
2256 3973 2481 4045 δυνάμει
2510 3974 2660 4047 παρά
2684 3977 2803 4039 ταῖς
2837 3975 3126 4031 ἐπαύλεσιν
3155 3976 3408 4030 ἐδέδεντο.
3445 3978 3579 4048 "Op-

2014 4061 2141 4135 θρος
2166 4081 2226 4119 τε
2258 4060 2324 4137 ἦν
2343 4082 2358 4097 ’
2391 4065 2487 4119 καὶ
2516 4062 2621 4139 ἧκε
2661 4067 2809 4138 παρά
2834 4066 2903 4121 τὰ
2932 4067 3177 4139 ποίμνια.
3221 4067 3307 4131 Ὠς
3332 4067 3388 4121 δὲ
3418 4062 3579 4140 εὗρεν

2014 4155 2189 4210 ὀπίσω
2233 4156 2331 4221 τὰς
2372 4160 2559 4229 χεῖρας
2603 4157 2845 4229 ἔχοντας,
2905 4158 3043 4228 ἔγνω
3074 4158 3134 4213 τὸ
3186 4159 3406 4230 γεγονός
3424 4174 3439 4188 °
3481 4160 3578 4214 καὶ

2017 4246 2324 4318 εὐχόμενος,
2346 4247 2461 4302 λύει
2493 4249 2619 4315 τοὺς
2652 4248 2906 4318 κλέπτας,
2930 4250 3099 4304 πολλά
3129 4268 3188 4304 τε
3225 4251 3572 4325 νουθετήσας,

1506 4450 1861 4508 VARIORUM
1913 4450 2460 4512 ANNOTATIONES.

414 4566 444 4606 ll
470 4565 570 4645 Μὴ
587 4569 1020 4645 σμγ-καθεύδειν
1041 4567 1168 4634 ταῖς
1194 4566 1908 4645 γαμεταῖςεαεζ-ἕτιέαῖκοι

2017 4573 2250 4645 riensem
2280 4573 2631 4645 Expositione
2672 4573 2888 4630 articuli
2931 4573 3126 4629 XXXII
3166 4572 3420 4629 Ecclesiae
3466 4574 3579 4630 An-

347 4638 516 4711 ὄγςες
537 4636 855 4711 ἠγάγοντο,
877 4637 1064 4711 Canon
1089 4637 1425 4711 apostolicus
1442 4636 1612 4711 XXVI
1638 4637 1795 4711 :_T6gv
1829 4641 1908 4711 είς

2014 4642 2260 4711 glicanze.

348 4706 547 4777 κλῆρον
590 4705 996 4778 προσελθόντων
1029 4705 1275 4777 ἀγάμων,
1318 4706 1609 4778 κελεύομεν
1638 4705 1914 4778 ,βουλομέ-

348 4775 473 4839 νους
526 4775 741 4845 γαμεῖν,
788 4775 1152 4846 ἀναγνώστας
1191 4778 1288 4831 καὶ
1318 4775 1528 4846 ψάλτας
1584 4776 1795 4844 μόνους.
1819 4775 1828 4778 ’
1852 4777 1913 4833 In

349 4860 511 4916 quem
551 4860 815 4902 canonem
849 4846 965 4902 haec
994 4847 1160 4917 habet
1181 4847 1471 4902 Balsamon
1505 4862 1519 4900 :
1546 4846 1659 4917 Πρὸ
1685 4846 1782 4917 τῆς
1806 4865 1918 4917 χει-

354 4915 591 4989 ροτονίας
612 4919 775 4989 πᾶσιν
795 4917 1003 4989 ἐφεῖται
1029 4916 1389 4989 συνάπτεσθαι
1407 4915 1640 4989 γυναιξὶ,
1656 4915 1753 4989 καὶ
1775 4915 1918 4972 οὕτω

351 4985 772 5059 χειροτονεῖσθαι
808 4985 1028 5059 τούτους
1066 4985 1486 5059 πρεσϐυτέρους,
1514 4986 1794 5059 διακόνους
1823 4989 1918 5043 καὶ

353 5056 783 5130 ύπόδιακόνουςχ
807 5057 943 5130 μετά
983 5057 1040 5130 δὲ
1063 5056 1176 5130 τῂν
1189 5056 1543 5130 χειροτονίαν,
1576 5057 1751 5129 μόνοις
1784 5061 1918 5130 ἀνας

352 5125 627 5198 γνώσταις
641 5118 735 5181 καὶ
755 5118 983 5196 ψάλταις
1010 5118 1222 5198 ἐνεδόθῆ
1239 5118 1456 5198 γαμεῖν.
1475 5118 1692 5198 canone
1714 5118 1917 5186 etiam]

355 5195 546 5270 synodi
582 5195 1015 5270 Neoczesareana:
1051 5195 1328 5270 statutum
1366 5207 1470 5263 est,
1526 5197 1914 5270 Presbyterum,

353 5267 401 5320 si
443 5282 661 5320 uxorem
695 5267 920 5331 duxerit,
964 5267 1146 5323 ordine
1188 5286 1285 5323 suo
1323 5284 1431 5323 esse
1470 5267 1797 5323 movendum.
1841 5269 1918 5323 De

359 5337 609 5408 conjugio
642 5337 982 5408 sacerdotum
1012 5338 1124 5392 vid.
1160 5339 1418 5394 Pearson.
1447 5339 1503 5393 in
1529 5346 1688 5408 tract.
1722 5340 1789 5395 de
1814 5354 1915 5408 an—

357 5406 444 5479 nis
464 5406 718 5479 priorum
751 5407 939 5479 Romae
979 5409 1379 5478 episcoporum,
1406 5424 1459 5479 p.
1491 5406 1610 5471 186,
1643 5418 1773 5479 etc.,
1817 5407 1920 5479 sub

361 5476 447 5531 his
478 5476 650 5532 titulis
693 5489 710 5528 :
747 5476 884 5532 Nihil
919 5476 1224 5533 imminutus
1247 5476 1524 5534 sacerdotii
1560 5479 1724 5532 honor
1755 5477 1923 5546 legiti-

363 5562 444 5621 rno
470 5547 832 5621 matrimonio.
859 5546 984 5613 Quis
1008 5550 1267 5621 euzzuclms
1309 5557 1539 5621 prapter_
1566 5563 1785 5621 regnum
1826 5562 1925 5621 cm:

365 5616 553 5670 lorum.
576 5617 869 5673 Commoda
913 5625 1093 5671 autem
1141 5627 1198 5674 et
1236 5615 1576 5674 incommoda
1618 5615 1924 5671 istiusmodi

366 5687 601 5758 conjugii
648 5687 758 5745 vid.
793 5687 934 5758 apud
974 5688 1275 5744 Gilbertum
1308 5689 1622 5759 episcopum
1673 5686 1924 5741 Sarisbu-

2088 4709 2469 4784 idtaraatdc
2491 4714 2561 4769 ἑν
2597 4714 2765 4784 μέσῳ
2812 4713 2919 4769 τοῦ
2959 4714 3287 4784 συλλόγου,
3314 4712 3432 4767 τῶν
3453 4714 3579 4768 ἐπι-

2012 4782 2260 4837 σκόπων
2288 4782 2678 4854 Παφνούτιὸς.
2707 4783 2958 4839 Narratio
3000 4783 3116 4839 hrec
3156 4784 3225 4838 de
3272 4782 3582 4854 Paphnutio

2021 4860 2275 4924 suspecta
2302 4861 2413 4924 gest
2458 4853 2707 4920 Valesio;
2751 4869 2943 4909 verum
2993 4854 3221 4924 hujusce
3254 4855 3583 4923 suspicionis

2021 4922 2234 4977 nullum
2265 4922 2523 4997 idoneum
2567 4933 2947 4997 argumentum
2978 4922 3138 4997 all‘ert
3165 4922 3502 4997 vir_doctus.
3539 4925 3582 4981 E

2021 5000 2233 5066 contra,
2266 4994 2531 5066 sententia
2578 4993 2682 5050 ista
2707 4994 3217 5066 Paphnutiigposlea
3255 4994 3373 5066 lege
3405 4993 3583 5066 impe-

2023 5009 2233 5056 contra,
2266 5009 2531 5050 sententia
2578 5009 2682 5050 ista
2710 5009 2999 5065 rapnnutn
3024 5009 3098 5118 pro

2023 5062 2146 5147 riali
2168 5063 2619 5147 conﬁrmata'est,
2649 5081 2771 5147 qua:
2795 5073 2973 5147 exstat
3000 5065 3037 5119 ιι
3084 5106 3098 5118 .

2022 5132 2157 5198 dos.,
2214 5134 2317 5206 leg.
2362 5134 2452 5199 44,
2489 5135 2567 5206 De
2602 5132 2872 5206 episcopis
2905 5143 2962 5190 et

3042 5134 3354 5206 resbyteris.
3396 5132 3583 5204 Itaque

2021 5202 2347 5275 nongminus
2369 5203 2596 5275 candide
2622 5202 2805 5275 quam'
2825 5219 2954 5260 vere

3037 5219 3101 5259 ac
3137 5205 3205 5260 de
3236 5219 3294 5260 re
3340 5219 3584 5274 pronun-
3635 5205 3655 5238 ιδ

2023 5271 2428 5344 ιίονίιᾼςὶοοιίεε.
2462 5274 2544 5329 Du
2575 5271 2696 5340 Pin,
2726 5274 2941 5344 scilicet
2957 5274 3120 5344 hujus
3148 5271 3389 5332 historiae
3418 5273 3583 5329 fidem

2014 5357 2125 5396 non
2147 5341 2257 5414 alia
2288 5342 2356 5397 de
2385 5358 2549 5399 causa
2578 5344 2632 5400 in
2659 5344 2886 5400 dubium
2921 5341 3089 5400 fuisse
3110 5356 3374 5408 vocatam,
3416 5359 3583 5414 quam

2017 5410 2163 5534 quod
2194 5420 2425 5534 recepta:
2456 5414 2710 5472 Ecclesiae
2738 5414 2995 5470 Romanae
3022 5414 3324 5486 disciplinae
3362 5410 3584 5470 contra-

2060 5489 2183 5534 teat.
2206 5482 2294 5534 W.
2366 5499 2537 5534 ow'm.

2060 5482 2183 5534 icat.
2206 5482 2294 5536 W.
2324 5482 2537 5538 Lowru.

2094 5551 2109 5599 ί
2148 5553 2287 5629 μξρὶ
2313 5552 2380 5605 δὲ
2406 5553 2799 5629 Σπυριςᾷωνος.
2830 5555 2906 5629 De
2936 5554 3243 5629 _Spyridone
3269 5555 3427 5629 plura
3456 5553 3582 5615 vide

2023 5619 2166 5690 apud
2191 5619 2551 5679 Sozomenum
2588 5624 2683 5679 lib.
2711 5619 2895 5696 r,'ca’p.
2928 5619 3014 5681 if.

3125 5080 3213 5119 xvr
3243 5063 3372 5120 Cod.
3400 5063 3583 5133 Theo-
3636 5064 3671 5133 ὲ
