4046 6204
330 305 437 362 {05

1325 294 1658 351 HISTORIA
1694 289 2252 349 ECCLESIASTICA.
2294 321 2364 331 —-
2399 290 2529 346 LIB.
2571 291 2610 344 I.

3482 289 3586 343 I06

332 418 431 475 καὶ
473 415 816 489 παραινέσας
857 414 922 466 ἐκ
973 409 1202 465 δικαίων
1254 410 1427 464 πόνων
1466 409 1810 475 σπουδάζειν,
1843 408 1918 479 μὴ

2027 406 2156 461 lexit
2180 405 2237 460 id
2267 402 2415 475 quod
2438 411 2653 474 gestum
2677 401 2876 459 fuerat.
2905 398 3176 470 Factaque
3204 399 3454 454 oratione
3484 399 3586 453 ah-

335 514 448 584 μὴν
480 509 544 575 ἐξ
579 506 792 569 ἀδικίας
820 503 1150 575 λαμϐάνεινο
1185 502 1340 573 κριόν
1378 518 1438 555 τε
1473 502 1653 565 αὐτοῖς
1684 501 1914 573 χαρισά-

334 610 500 666 μενος
528 590 769 646 ἀπέλυσε
788 629 804 655 ,
835 592 931 644 καὶ
957 589 1255 661 χαριέντως
1282 588 1773 660 ἐπιφθεγξάμενος,
1803 588 1918 643 Ἵνα

334 686 450 759 μὴ,
484 686 652 757 φησὶ,
690 684 869 755 μάτην
898 681 1312 752 ἠγρυπνηκότες
1362 681 1639 752 φανείητε.
1682 681 1776 734 Ἓν
1820 680 1919 751 μὲν

330 779 399 850 δὴ
426 776 589 831 τοῦτο
619 774 730 829 τῶν
757 774 888 845 περὶ
910 773 1252 844 Σπυρίδωνος
1271 772 1587 843 θαυμάτων.
1614 773 1839 842 Ἕτερον
1862 771 1920 825 δὲ

331 867 548 925 τοιοῦτο
567 884 581 897 ο
605 864 675 939 ἦν
695 864 844 935 αὐτῷ
876 863 1127 934 θυγάτηρ
1157 862 1447 935 παρθένος,
1476 862 1576 932 τῆς
1604 861 1698 916 τοῦ
1718 862 1919 931 πατρὸς

331 960 624 1022 εὐλαϐείας
656 957 977 1029 μετέχουσα,
995 952 1232 1025 τοῦνομα
1255 955 1480 1025 Εἰρήνη.
1514 952 1695 1024 Ταύτῃ
1723 951 1921 1023 γνώριο

333 1053 437 1126 μός
454 1068 553 1114 τιςξ
568 1047 868 1119 πολύτιμον
905 1046 1171 1118 παρέθετο
1185 1046 1430 1116 κόσμιον’
1454 1047 1488 1115 ἡ
1514 1045 1571 1099 δὲ
1597 1044 1924 1113 ἀσφαλέστε-

331 1158 428 1214 ρον
457 1138 715 1203 ποιοῦσα,
744 1141 817 1207 γῇ
849 1135 949 1207 τὴν
971 1133 1442 1205 παρακαταθήκην
1471 1131 1674 1204 ἔκρυψε
1695 1151 1708 1164 .
1739 1132 1851 1202 μετ’
1870 1137 1932 1192 οὐ

331 1233 470 1287 πολὺ
490 1232 550 1286 δὲ
580 1230 675 1284 τὸν
704 1229 816 1299 βίον
841 1225 1292 1282 άπέλιπεν.”Ηκει
1325 1224 1462 1295 μετὰ
1484 1223 1674 1294 χρόνον
1693 1225 1722 1277 6
1741 1240 1815 1276 πα
1824 1239 1922 1292 ρα-

328 1324 585 1394 θέμενος.
638 1319 732 1391 Μὴ
797 1315 974 1390 εὑρών
1028 1334 1087 1370 τε
1126 1315 1226 1387 τὴν
1268 1313 1557 1386 παρθένον,
1591 1313 1922 1385 ἐμπλέκεται

329 1414 416 1486 τῷ
440 1413 632 1484 πατρὶ,
655 1412 749 1464 νῦν
783 1409 883 1480 μὲν
905 1407 1171 1477 ἐγκαλῶν,
1188 1406 1334 1460 ιἐστιν
1355 1406 1412 1459 δὲ
1439 1407 1528 1460 ὅτε
1554 1406 1649 1459 καὶ
1672 1416 1915 1477 παρακα-

329 1500 469 1559 λῶν.
516 1502 665 1556 Ἐπεὶ
695 1500 753 1554 δὲ
784 1498 1069 1571 συμφορὰν
1096 1499 1331 1551 ἐποιεῖτο
1361 1496 1458 1567 τὴν
1485 1496 1577 1549 τοῦ
1609 1491 1923 1566 παραθεμέ-

331 1613 432 1651 νου
477 1593 677 1665 ζημίαν
724 1592 753 1643 6
795 1591 998 1660 γέρων,
1033 1587 1202 1642 ἐλθὼν
1234 1587 1326 1641 ἐπὶ
1360 1587 1421 1640 τὸ
1454 1589 1643 1659 μνῆμα
1679 1587 1779 1657 τῆς
1829 1585 1925 1637 θυ-

335 1685 569 1756 γατρὸς,
622 1683 942 1736 ἐπεκαλεῖτο
999 1676 1091 1734 τὸν
1134 1677 1287 1744 Θεὸν,
1341 1676 1447 1749 πρὸ
1497 1677 1693 1748 καιροῦ
1753 1675 1922 1742 δεῖξαι

2017 498 2180 553 solvit
2200 496 2376 562 fures,
2403 495 2705 550 admonens
2725 507 2823 548 eos
2857 500 3020 561 atque
3060 490 3375 555 exhortans,
3417 498 3480 544 ut
3523 505 3591 545 ex

2013 588 2178 659 justis
2195 585 2501 650 laboribus,
2536 598 2649 639 non
2672 598 2770 655 per
2806 581 3058 637 fraudem
3099 587 3262 650 atque
3307 581 3590 652 iniuriam,

2018 679 2223 733 victum
2250 676 2354 732 sibi
2389 691 2583 748 parare
2625 673 3040 729 contenderent.
3091 671 3331 727 Arietem
3376 688 3595 744 quoque

2020 765 2102 820 eis
2124 764 2368 831 donavit,
2394 764 2608 836 adjecto
2631 764 2737 818 hoc
2757 763 2933 818 facete
2959 761 3140 816 dicto:
3164 760 3244 815 Ne
3265 760 3466 817 frustra
3508 762 3595 815 vi-

2020 858 2216 928 gilasse
2261 857 2581 912 videamini.
2627 855 2805 925 Atque
2848 854 2923 909 ita
2971 854 3181 910 solutos
3224 868 3320 909 eos
3364 852 3593 909 dimisit.

2022 949 2137 1004 lloc
2160 958 2247 1005 est
2269 964 2439 1004 unum
2463 964 2495 1005 e
2521 946 2845 1020 Spyridonis
2870 946 3167 1001 miraculis.
3192 945 3439 1001 Alterum
3458 961 3597 1001 vero

2020 1049 2107 1095 est
2168 1041 2507 1113 hujusmodi.
2555 1041 2748 1096 Filiam
2795 1038 2989 1094 habuit
3020 1037 3312 1109 virginem,
3357 1044 3601 1108 paterna:

2021 1134 2244 1204 pietatis
2273 1133 2547 1198 aemulam,
2588 1132 2811 1187 nomine
2853 1132 3085 1186 Irenem.
3132 1131 3272 1185 lIuic
3313 1129 3603 1185 familiaris

2021 1223 2246 1296 quidam
2272 1223 2576 1294 pretiosum
2601 1223 2790 1278 nescio
2816 1224 2964 1293 quod
2989 1230 3375 1279 ornamentum
3410 1228 3599 1277 custo—

2022 1318 2285 1373 diendum
2312 1316 2632 1371 tradiderat.
2659 1315 2752 1369 Illa
2783 1331 2894 1386 quo
2929 1315 3101 1370 tutius
3146 1321 3391 1369 servaret
3432 1313 3601 1382 depo-

2023 1406 2212 1471 situm,
2237 1405 2295 1459 in
2318 1411 2523 1459 terram
2546 1403 2779 1470 abdidit,
2816 1419 2880 1459 ac
2914 1404 3078 1474 paulo
3118 1410 3243 1473 post
3285 1402 3524 1458 decessit
3567 1418 3600 1457 e
3632 1422 3637 1423 ί

2023 1496 2154 1551 vita.
2180 1496 2477 1565 Aliquanto
2501 1503 2626 1566 post
2647 1504 2896 1565 tempore
2931 1496 3084 1550 venit
3125 1494 3173 1549 is
3208 1494 3301 1564 qui
3340 1509 3457 1549 rem
3500 1494 3601 1548 de-

2023 1593 2304 1655 posuerat.
2334 1586 2550 1640 Etcum
2588 1585 2857 1655 virginem
2899 1600 3010 1639 non
3053 1584 3342 1653 reperiret,
3387 1592 3599 1653 patrem

2025 1678 2253 1734 adortus
2275 1685 2395 1744 est,
2430 1693 2581 1733 nunc
2607 1678 2932 1735 insimulans
2952 1692 3100 1742 eum,
3126 1677 3599 1731 nuncobsecrans.
3626 1670 3630 1674 ’

333 1752 496 1843 ἀοτῷ
528 1772 622 1842 τὴν
649 1767 1127 1840 έπαγγελλομένην
1149 1766 1467 1822 ἀνάστασιν.
1499 1767 1611 1820 Καὶ
1634 1764 1735 1835 τῆς
1764 1764 1916 1818 ἐλπί-

2027 1768 2223 1833 Senex,
2247 1784 2372 1823 cum
2399 1768 2660 1823 damnum
2686 1769 2805 1840 ejus
2827 1767 2923 1837 qui
2947 1782 3061 1822 rem
3081 1767 3427 1837 deposuerat,
3448 1783 3602 1822 suam

333 1862 430 1924 δος
457 1860 556 1930 οὐχ
593 1860 830 1930 ἥμαρτε.
871 1857 1028 1910 Ζῶσα
1079 1856 1188 1927 γὰρ
1224 1852 1380 1918 αὖθις
1409 1856 1443 1926 ἡ
1471 1854 1758 1926 παρθένος,
1791 1854 1920 1922 φαί-

290 1926 309 1941 ’
335 1967 491 2004 νεται
522 1926 828 2021 ἒὲῷὲωιὲιρι.
875 1948 985 2002 Καὶ
1022 1947 1112 2000 τὸν
1138 1926 1302 2000 τόπον
1337 1947 1629 2017 σημάνασα
1648 1986 1663 2010 ,
1704 1944 1832 1998 ἔνθα
1860 1945 1920 1998 τὸ

337 2043 568 2113 κόσμιον
591 2040 999 2111 ἀπεκέκρυπτο,
1032 2034 1187 2103 αὖθις
1231 2037 1528 2109 ἀπεχώρει.
1558 2036 1802 2091 Τοιοῦτοι
1831 2038 1923 2092 ἄν·

336 2134 467 2209 δρες
491 2135 550 2186 ὲν
576 2135 687 2196 τοῖς
708 2134 922 2203 χρόνοις
941 2129 1034 2184 τοῦ
1058 2129 1320 2201 βασιλέως
1343 2130 1753 2184 Κωνσταντίνου
1779 2128 1922 2183 κατὰ

337 2226 444 2287 τάς
486 2223 811 2294 Ἐκκλησίας
837 2221 1160 2293 ἐξέλαμπον.
1186 2220 1372 2275 Ταῦτα
1399 2221 1457 2275 δὲ
1485 2220 1596 2290 ἐγὼ
1636 2222 1733 2274 καὶ
1783 2222 1920 2291 ἀκοῇ

339 2314 499 2385 παρὰ
524 2314 734 2368 πολλῶν
785 2313 1052 2385 Κυπρίων
1082 2312 1412 2384 παρέλαϐον,
1456 2312 1550 2366 καὶ
1586 2312 1926 2382 συντάγματι

352 2406 636 2475 Ῥουφίνου
681 2403 828 2469 τινὸς
872 2404 1246 2476 πρεσϐυτέρου
1302 2403 1576 2474 ἐνέτυχον,
1644 2402 1923 2475 Ῥωμαϊκῇ

340 2496 490 2563 λέξει
516 2496 1007 2568 συγγεγραμμένῳ.
1053 2495 1169 2566 Ἀφ’
1191 2487 1267 2549 ὧν
1293 2494 1469 2549 ταῦτα
1498 2496 1591 2548 καὶ
1613 2495 1781 2566 ἕτερὰ
1806 2512 1926 2549 τινα

339 2587 457 2641 τῶν
493 2589 607 2658 μετ’
642 2589 701 2641 ού
730 2588 863 2642 πολὺ
894 2586 1284 2659 ῥηθησομένων
1316 2585 1641 2658 συνήγαγον.

2024 1859 2200 1927 ipsius
2224 1857 2452 1913 duceret
2492 1873 2613 1913 esse
2651 1860 2947 1929 jacturam,
2986 1857 3138 1911 venit
3175 1857 3243 1911 ad
3288 1857 3603 1927 sepulcrum

2024 1948 2170 2014 filiae,
2196 1950 2479 2019 Deumque
2500 1959 2759 2019 precatus
2796 1956 2882 2003 est
2922 1956 2986 2002 ut
3046 1949 3370 2021 promissam
3416 1963 3603 2002 resur-

2023 2038 2329 2093 rectionem
2353 2040 2459 2095 sibi
2504 2048 2632 2095 ante
2675 2048 2894 2110 tempus
2940 2040 3277 2096 ostenderet.
3322 2040 3436 2095 Nec
3480 2054 3607 2109 spes

2026 2144 2154 2185 eum
2195 2129 2407 2184 fefellit.
2471 2130 2667 2185 Statim
2714 2131 2865 2185 enim
2909 2131 3091 2201 puella
3136 2130 3384 2185 rediviva
3430 2131 3608 2185 astitit

2027 2225 2193 2294 patri.
2226 2224 2474 2295 Cumque
2505 2225 2685 2279 locum
2737 2224 3034 2280 indicasset
3066 2224 3124 2278 in
3160 2239 3271 2295 quo
3312 2223 3608 2279 abscondi-

2028 2324 2146 2369 tum
2168 2322 2292 2370 erat
2313 2324 2722 2381 ornamentum,
2749 2331 2943 2371 rursus
2963 2331 3031 2370 ex
3059 2316 3164 2370 hac
3183 2315 3305 2370 luce
3328 2316 3605 2385 migravit.

2026 2408 2355 2480 Hujusmodi
2399 2408 2652 2463 homines
2692 2408 3041 2479 imperatoris
3084 2407 3429 2463 Constantini
3468 2416 3609 2463 tem-

2026 2500 2258 2570 poribus
2285 2500 2343 2554 in
2371 2496 2618 2555 Ecclesia
2640 2498 2970 2554 ﬂoruerunt.
3013 2497 3189 2568 Atque
3214 2499 3329 2554 haec
3356 2514 3457 2569 ego
3493 2507 3611 2553 tum

2028 2605 2062 2645 a
2084 2590 2273 2645 multis
2292 2589 2506 2662 Cypriis
2527 2591 2721 2645 auditu
2747 2591 2968 2661 accepi,
3006 2599 3122 2645 tum
3165 2591 3220 2644 in
3252 2591 3392 2644 libro
3426 2590 3610 2645 Rufini

341 2677 643 2746 mliusdam
659 2678 953 2751 presbyteri
977 2678 1174 2732 Latina
1192 2676 1378 2747 lingua
1402 2677 1718 2746 conscripto
1753 2674 1932 2745 posita
1969 2677 2174 2734 inveni.
2233 2680 2313 2734 Ex
2366 2695 2476 2749 quo
2515 2679 2735 2749 quidem
2785 2680 2950 2745 libro,
2990 2686 3106 2733 tum
3150 2680 3267 2734 hzec
3312 2681 3449 2750 ipsa,
3496 2688 3611 2734 tum

345 2766 461 2824 alia
488 2781 612 2838 qua
627 2768 791 2839 paulo
810 2776 998 2838 postea
1021 2767 1296 2833 dicentur,
1323 2767 1537 2839 collegi.

938 2883 1191 2936 ΚΕΦΔΛ.
1231 2881 1331 2936 II".

628 2973 771 3043 Περὶ
802 2972 1179 3042 Εὐτυχιανοῦ
1212 2973 1321 3028 τοῦ
1341 2973 1637 3042 μοναχοῦ.

420 3063 670 3119 Ἤκουσα
700 3061 759 3116 δὲ
789 3060 903 3130 ἐγὼ
930 3061 1028 3116 καὶ
1071 3062 1200 3133 περὶ
1243 3062 1601 3133 Εὐτυχιανοῦ,
1645 3061 1927 3135 θεοφιλοῦς

343 3155 542 3229 ἀνδρὸς
569 3155 715 3209 κατὰ
749 3153 878 3218 τοὺς
924 3152 1120 3218 αὐτοὺς
1150 3153 1376 3224 χρόνους
1420 3155 1795 3229 ἀκμάσαντος.
1831 3159 1929 3222 Ὃς

345 3251 447 3305 καὶ
460 3248 623 3311 αὐτὸς
640 3247 741 3317 τῆς
770 3245 1096 3316 Ἑκκλησίας
1114 3246 1223 3300 τῶν
1241 3247 1600 3303 Ναυατιανῶν
1618 3250 1922 3320 τυγχάνων,

240 3420 243 3421 ν
347 3338 705 3410 παραπλήσια
737 3335 875 3408 ἔργα
903 3335 1073 3390 ποιῶν
1115 3336 1473 3409 ἐθαυμάζετο.
1507 3339 1604 3403 Τίς
1637 3357 1695 3395 τε
1728 3343 1757 3393 6
1800 3341 1928 3410 περ)⁸

348 3430 540 3484 τούτου
587 3428 1013 3500 διηγησάμενος,
1049 3428 1161 3496 ἐρῶ
1185 3430 1324 3500 μετὰ
1365 3430 1683 3502 ἀκριϐείας,
1710 3431 1804 3485 καὶ
1826 3432 1928 3486 οὐκ

347 3519 757 3591 ἀποκρύψομαι,
799 3520 901 3575 κᾶν
946 3519 1081 3586 δόξω
1124 3522 1265 3576 τισὶν
1308 3522 1723 3593 ἀπεχθάνεσθαι.
1748 3522 1928 3589 A656-

350 3629 459 3666 νων
487 3629 575 3676 τις
620 3614 722 3683 τῆς
768 3610 1124 3667 Ναυατιανῶν
1169 3613 1494 3686 Ἐκκλησίας
1540 3614 1925 3688 πρεσϐύτερος,

353 3699 805 3773 μακροϐιώτατος
827 3701 1049 3771 γέγονεν
1068 3719 1082 3734 ·
1109 3700 1167 3765 ὃς
1192 3701 1288 3755 καὶ
1310 3704 1376 3773 τῇ
1409 3704 1467 3756 ὲν
1493 3703 1699 3774 Νικαίᾳ
1729 3704 1928 3775 συνόδῳ

352 3793 551 3864 κομιδῇ
600 3793 793 3863 νήπιος
823 3790 921 3858 ὢν,
949 3791 1063 3863 ἅμα
1098 3792 1177 3864 τῷ
1218 3791 1447 3864 ’Δκεσίῳ
1477 3793 1805 3863 παρέϐαλλε,
1834 3795 1930 3849 καὶ

356 3884 426 3938 τὰ
456 3884 601 3940 θεατὰ
643 3883 890 3938 Ἀκέσιον
918 3884 1041 3954 ἐμοὶ
1069 3884 1385 3956 διηγήσατο.
1418 3880 1584 3949 Οὗτος
1620 3885 1679 3952 ἐξ
1708 3886 1929 3941 ἐκείνων

350 3974 463 4029 τῶν
483 3975 715 4047 χρόνων,
745 3974 877 4045 ἄχρι
911 3974 1011 4045 τῆς
1048 3973 1324 4044 βασιλείας
1349 3974 1444 4028 τοῦ
1474 3975 1614 4028 Νέου
1643 3975 1928 4031 Θεοδοσίου

350 4064 608 4130 iitum,
631 4065 728 4119 καὶ
747 4065 996 4134 νεωτέρῳ
1021 4081 1109 4135 μοι
1130 4065 1333 4137 σφόδρα
1350 4064 1688 4136 τυγχάνοντι,
1711 4065 1780 4119 τὰ
1801 4067 1930 4140 περ)⁵

351 4152 689 4224 Εὐτυχιανοῦ
716 4153 1034 4225 διηγήσατο,
1060 4154 1231 4207 πολλὰ
1255 4155 1353 4226 μὲν
1371 4155 1665 4223 διεξελθὼν
1688 4159 1817 4230 περὶ
1832 4162 1930 4229 τῆς

352 4244 666 4315 προσούσης
688 4244 841 4314 αὐτῷ
861 4244 1009 4309 θείας
1030 4246 1252 4318 χάριτος
1270 4263 1286 4277 ·
1312 4246 1370 4300 ἓν
1391 4247 1448 4300 δὲ
1469 4249 1687 4303 κάκεῖνο
1713 4252 1931 4322 μνήμης

350 4337 502 4404 ἄξιον
533 4338 632 4391 ἐπὶ
658 4337 754 4392 τοῦ
787 4338 1055 4415 βασιλέως
1092 4339 1196 4411 ἔφη
1233 4342 1666 4397 Κωνσταντίνου.
1700 4344 1822 4398 Τῶν
1848 4346 1933 4399 δο-

352 4430 606 4500 ρυφόρων
633 4446 721 4493 τις
738 4470 754 4495 ,
778 4428 871 4493 οὓς
902 4430 1133 4494 οἰκείους
1159 4430 1315 4484 καλεῖ
1346 4434 1374 4485 6
1395 4431 1648 4501 βασιλεὺς
1675 4433 1813 4505 (8i),
1841 4453 1933 4489 τυ-

351 4521 586 4590 ραννικά
634 4538 760 4575 τινα
814 4523 1074 4592 πράττειν
1127 4521 1515 4588 ὑποπτευθεὶς,
1572 4529 1717 4597 φυγῇ
1771 4529 1934 4597 ἐχρή-

347 4625 499 4665 σατο.
544 4612 607 4665 ’0
642 4611 898 4682 βασιλεὺς
941 4612 998 4665 δὲ
1037 4613 1324 4668 ἐκέλευσεν
1359 4615 1556 4687 ἀπειλῇ
1601 4618 1939 4688 ἀναιρεῖσθαι

345 4698 538 4765 αὐτὸν,
572 4700 701 4757 ἔνθα
727 4701 794 4755 ἂν
827 4702 1152 4773 εὑρίσκοιτο.
1188 4704 1284 4767 Ὃς
1308 4705 1436 4777 περὶ
1476 4706 1568 4759 τὺν
1592 4705 1812 4761 Βιθυνὸν
1839 4710 1933 4760 ὐ-

346 4791 561 4862 λυμπον
602 4793 868 4864 εὑρεθεὶς,
910 4793 1231 4865 βαρυτάτοις
1277 4796 1371 4849 καὶ
1410 4796 1664 4866 χαλεποῖς
1694 4797 1935 4868 σιδήροις

346 4884 405 4937 ἒν
439 4885 632 4955 είρκτῇ
676 4886 1117 4953 κατεκέκλειστο,
1157 4888 1285 4957 περὶ
1319 4887 1387 4940 τὰ
1418 4887 1557 4958 μέρη
1599 4887 1693 4942 τοῦ
1739 4890 1936 4961 Ὀλύμ-

347 4991 475 5039 mu,
492 4975 625 5027 ἔνθα
639 4971 710 5046 ἦν
734 4978 828 5030 καὶ
843 4979 871 5029 6
892 4978 1221 5048 Εὐτυχιανὸς
1242 4978 1332 5031 τὸν
1355 4981 1562 5050 μονήρη
1592 4980 1704 5050 βίον
1724 4981 1931 5047 ἀσκῶν,

347 5064 566 5120 πολλῶν
610 5085 669 5120 τε
711 5068 782 5121 τά
815 5068 1044 5139 σώματα
1076 5070 1171 5123 καὶ
1212 5069 1310 5133 τὰς
1356 5060 1531 5141 ψυχὰς
1580 5070 1930 5142 ἐθεράπευεν.

346 5154 524 5225 Συνῆν
562 5155 620 5209 δὲ
644 5156 796 5227 αὐτῷ
837 5158 932 5211 καὶ
964 5161 992 5212 ὀ
1031 5156 1475 5229 μακροϐιώτατος
1504 5158 1782 5226 Λύξάνων,
1817 5161 1934 5226 νέος

345 5244 425 5298 ῶν
465 5247 644 5313 πάνυ,
667 5250 764 5303 καὶ
788 5248 858 5303 τὰ
889 5250 980 5303 τοῦ
1012 5249 1307 5321 μοναχικοῦ
1344 5250 1461 5320 βίου
1501 5251 1592 5305 ὑπ’
1621 5251 1771 5322 αὐτῷ
1813 5266 1935 5305 παι-

343 5336 655 5409 δευόμενος.
685 5341 849 5412 Παρὰ
874 5340 1061 5395 τοῦτον
1085 5341 1178 5395 τὸν
1206 5341 1538 5412 Εὑτυχιανὸν
1564 5337 1699 5415 ἧκον
1726 5342 1930 5408 πολλοὶ,

2657 2884 2805 2941 CAP.
2832 2883 2974 2939 XIII.

2447 2975 2526 3030 De
2549 2974 2885 3047 Eutychiano
2908 2977 3183 3031 monacho.

2098 3067 2504 3141 Eutychianum
2526 3081 2745 3136 quoque
2761 3067 2942 3121 virum
2963 3067 3366 3125 sanctissimum
3412 3070 3612 3128 iisdem

2027 3158 2369 3230 temporibus
2392 3155 2644 3212 ﬂoruisse
2665 3157 2929 3227 comperi.
2964 3156 3067 3224 Qui
3107 3173 3233 3213 cum
3278 3168 3335 3215 et
3380 3161 3498 3232 ipse
3543 3178 3611 3219 ex

2026 3246 2275 3305 Ecclesia
2316 3246 2745 3302 Novatianorum
2792 3262 2940 3303 unus
2979 3257 3145 3314 esset,
3194 3251 3366 3306 multa
3427 3260 3612 3310 tamen

2027 3354 2191 3409 opera
2231 3338 2320 3394 his
2357 3337 2557 3392 similia
2599 3352 2721 3408 quae
2762 3354 2929 3409 supra
2970 3344 3290 3409 memoravi,
3326 3359 3438 3400 non
3494 3347 3614 3402 sine

2028 3443 2225 3498 magna
2247 3426 2611 3482 admiratione
2634 3427 2822 3497 gessit.
2861 3427 3126 3494 Quisnam
3170 3440 3354 3488 autem
3400 3435 3470 3491 de
3518 3437 3614 3492 illo

2035 3519 2173 3575 mihi
2221 3519 2498 3583 retulerit,
2540 3519 2719 3574 dicam
2763 3529 3046 3589 accurate;
3096 3538 3199 3579 nec
3255 3525 3614 3583 dissimulabo

2029 3610 2350 3681 quidquam,
2403 3610 2619 3666 tametsi
2669 3612 2968 3684 intelligam
3030 3615 3175 3684 apud
3217 3619 3512 3675 nonnullos
3556 3621 3611 3676 id

2026 3702 2166 3756 mihi
2193 3702 2485 3758 offensioni
2506 3701 2647 3758 fore.
2664 3703 2936 3784 Auxanon
2950 3706 3171 3776 quidam
3183 3708 3607 3768 Novatianorum

2030 3793 2289 3850 Ecclesiae
2311 3794 2621 3866 presbyter,
2641 3795 2936 3852 admodum
2966 3797 3244 3869 longaevus
3259 3801 3392 3857 fuit:
3424 3805 3518 3874 qui
3540 3805 3611 3859 ad

2031 3884 2307 3956 synodum
2334 3885 2614 3940 Nicasnam
2643 3902 2752 3940 una
2780 3902 2906 3941 cum
2927 3887 3123 3945 Acesio
3147 3893 3296 3946 venit
3317 3893 3498 3949 adhuc
3512 3895 3611 3951 ad-

2031 3976 2258 4031 modum
2281 3975 2624 4042 adolescens,
2652 3985 2709 4031 et
2732 3992 2855 4046 quae
2890 3977 2959 4032 de
2993 3979 3191 4035 Acesio
3230 3985 3483 4053 superius
3524 3986 3612 4041 di-

2032 4077 2119 4122 cta
2135 4068 2424 4133 sunt,mihi
2439 4068 2913 4122 commemoravit.
2936 4068 3037 4124 Hic
3056 4070 3125 4124 ab
3141 4071 3248 4126 illis
3268 4076 3614 4144 temporibus

2032 4159 2101 4215 ad
2124 4159 2495 4230 principatum
2517 4174 2692 4228 usque
2716 4159 3012 4215 Theodosii
3034 4160 3276 4217 Junioris
3297 4163 3465 4218 vitam
3489 4182 3613 4234 pro-

2032 4251 2213 4316 duxit.
2257 4251 2506 4320 mihique
2549 4251 2848 4306 admodum
2904 4252 3093 4322 juveni
3146 4253 3214 4307 de
3272 4254 3614 4326 Eutychiano

2031 4339 2309 4394 narravit:
2338 4342 2507 4393 multa
2532 4340 2754 4409 quidem
2786 4339 3034 4395 referens
3068 4342 3137 4397 de
3171 4342 3357 4397 divina
3401 4361 3523 4415 qua:
3556 4347 3612 4403 in

2035 4432 2132 4486 illo
2172 4430 2292 4484 viro
2337 4430 2517 4485 inerat
2558 4429 2760 4500 gratia:
2809 4446 2980 4484 unum
3024 4440 3207 4487 tamen
3249 4450 3363 4504 prae
3404 4439 3617 4493 caeteris

2034 4521 2301 4581 memoria
2324 4522 2551 4592 dignum
2574 4522 2777 4587 aiebat,
2802 4523 2948 4592 quod
2970 4523 3331 4581 Constantino
3353 4538 3616 4599 regnante

2038 4622 2251 4685 gestum
2272 4623 2375 4668 est.
2402 4612 2635 4680 Quidam
2659 4630 2689 4669 e
2713 4630 2943 4670 numero
2980 4617 3306 4687 stipatorum
3342 4635 3480 4691 quos
3514 4623 3617 4676 im-

2037 4711 2258 4775 perator
2283 4704 2613 4760 domesticos
2633 4721 2831 4761 vocare
2872 4708 3028 4774 solet,
3075 4726 3201 4764 cum
3246 4712 3303 4765 in
3344 4714 3614 4783 suspicio-

2034 4810 2162 4849 nem
2186 4796 2453 4851 aﬂ‘ectatre
2475 4797 2782 4868 tyrannidis
2804 4799 3065 4864 venisset,
3100 4800 3224 4873 fuga
3260 4802 3373 4857 sibi
3419 4818 3620 4859 consu-

2033 4886 2153 4941 luit.
2179 4886 2482 4957 Imperator
2502 4887 2606 4961 41
2643 4905 2776 4944 vero
2815 4889 2896 4945 ira
2940 4893 3206 4962 percitus,
3250 4898 3511 4967 praecepit
3555 4906 3619 4952 ut

2039 4977 2360 5048 ubicunque
2383 4979 2764 5049 deprehensus
2786 4981 3001 5051 fuisset,
3030 4986 3395 5044 occideretur.
3413 4990 3617 5061 Captus

2038 5084 2170 5140 ergo
2218 5070 2365 5125 circa
2390 5069 2678 5143 Olympum
2703 5074 2946 5131 montem
2969 5076 3255 5150 Bithyniae,
3280 5082 3619 5151 gravissimis

2038 5163 2258 5216 vinctus
2280 5162 2491 5218 catenis
2514 5164 2569 5217 in
2594 5179 2867 5220 carcerem
2891 5169 3202 5240 conjicitur,
3241 5172 3388 5228 haud
3423 5174 3615 5244 procul

2038 5250 2107 5304 ab
2128 5266 2195 5305 eo
2220 5258 2396 5305 tractu
2419 5249 2638 5324 Olympi.
2658 5254 2714 5308 in
2736 5270 2847 5325 quo
2876 5256 3268 5329 Eutychianus,
3313 5262 3616 5318 solitariam

2037 5342 2242 5414 degens
2264 5344 2456 5411 vitam,
2485 5345 2783 5401 multorum
2807 5347 3091 5405 hominum
3130 5365 3361 5421 corpora
3405 5362 3462 5406 et
3498 5350 3612 5407 aui-

1553 5498 1823 5555 VALESII
1861 5498 2412 5557 ANNOTATIONES.

418 5610 534 5690 (ἧς)
557 5610 967 5690 Οὓς-σίκείους
1012 5612 1246 5690 κανζεῖνό
1266 5612 1599 5690 βασιλεύς.-
1614 5611 1926 5670 Domestica

2027 5622 2348 5671 irotectores
2379 5616 2658 5689 intelligit,
2695 5619 2765 5675 de
2791 5590 2994 5690 quibus
3022 5618 3219 5689 scripsi
3266 5617 3325 5673 in
3362 5618 3608 5673 Annola-

348 5678 596 5736 tionibus
624 5682 694 5738 ad
741 5681 947 5735 librum
973 5697 1064 5735 xxv
1094 5683 1273 5736 Amm.
1303 5684 1624 5739 Marcellini.

666 5773 946 5833 PATROL.
991 5772 1109 5833 Gn.
1153 5773 1387 5835 LXVII.

3143 5773 3178 5835 4
