4046 6204
385 294 480 350 Hi

1853 280 2189 336 SOCRATIS

3535 283 3636 338 112

379 409 573 469 exsilio
601 404 864 469 revocati,
891 400 1164 456 Ecclesias
1197 412 1324 453 suas
1362 402 1716 465 receperunt;
1754 410 1949 463 eosque

2061 394 2438 466 ἀνεκλήθησάν
2460 412 2518 448 τε
2547 395 2646 465 τῆς
2669 394 2885 465 ἐξορίας
2911 395 2973 447 ὲκ
2995 392 3270 463 βασιλικοῦ
3295 392 3641 466 προστάγμα-

380 500 475 570 qui
501 499 557 554 in
584 496 828 566 ipsorum
853 494 1035 548 locum
1061 488 1301 545 ordinati
1327 487 1565 550 fuerant,
1590 485 1952 556 expulerunt,

380 591 744 661 Amphionem
812 587 1034 657 quidem
1104 582 1418 647 Eusebius,
1487 579 1778 635 Cbrestum
1823 593 1956 633 vero

381 679 673 749 Theognis.
697 678 867 747 Cujus
887 676 1109 747 quidem
1131 672 1300 728 libelli
1326 669 1635 740 exemplum
1680 668 1786 723 hoc
1832 674 1953 723 est:

384 769 496 824 Nos
529 768 750 837 quidem
777 782 808 820 a
830 768 1035 837 pietate
1060 772 1242 818 vestra
1264 760 1473 816 dudum
1497 757 1843 814 condemnati
1871 757 1956 812 in-

379 856 525 910 dicta
549 854 1026 925 causa,judicium
1059 850 1367 907 sanctitatis
1409 855 1606 903 vestrae
1646 846 1859 916 placide
1902 854 1958 902 et

381 963 507 1004 cum
532 945 756 1001 silentio
779 945 924 1000 ferre
969 944 1255 1000 debemus.
1304 940 1413 996 Sed
1458 939 1717 1010 quoniam
1758 939 1956 995 absur-

378 1040 509 1093 dum
550 1045 638 1093 est
687 1042 1070 1106 argumentum
1119 1031 1409 1089 calumniae
1456 1030 1722 1086 adversus
1761 1038 1959 1087 semet—

379 1130 559 1199 ipsum
593 1126 813 1182 silentio
858 1140 958 1180 suo
996 1124 1279 1195 pratbere,
1340 1122 1546 1177 idcirco
1587 1120 1958 1192 signiﬁcamus

377 1216 556 1281 vobis,
573 1230 675 1269 nos
695 1221 751 1269 et
771 1214 826 1268 in
844 1213 949 1267 ﬁde
968 1213 1253 1267 unanimes
1274 1213 1641 1281 conspirasse,
1663 1219 1720 1266 et
1734 1212 1957 1271 notione

378 1303 862 1361 consubstantialis
882 1302 1176 1374 diligenter
1219 1301 1553 1367 examinata,
1589 1301 1740 1356 omni
1774 1299 1958 1355 studio

379 1398 439 1451 in
462 1411 653 1466 pacem
676 1394 1014 1459 incubuisse,
1033 1394 1238 1449 nullam
1254 1408 1495 1462 unquam
1519 1392 1768 1448 haeresim
1804 1408 1960 1448 secu-

376 1498 482 1542 tos.
512 1486 758 1555 Cumque
782 1485 853 1540 ob
877 1485 1230 1540 securitatem
1271 1489 1327 1538 et
1372 1482 1820 1552 tranquillitatem
1852 1482 1957 1536 Ec-

376 1579 667 1634 elesiarum
691 1593 754 1632 ea
783 1576 1245 1648 suggessissemus
1267 1590 1391 1645 qua:
1413 1574 1577 1629 nobis
1622 1574 1680 1628 in
1717 1581 1959 1628 mentem

376 1669 695 1735 veniebant,
720 1676 777 1723 et
797 1683 893 1724 eos
916 1668 1117 1739 quibus
1154 1683 1187 1721 a
1228 1667 1391 1721 nobis
1438 1663 1694 1720 satisﬁeri
1736 1671 1958 1734 oporte-

2058 497 2147 543 τος
2167 523 2182 547 ,
2216 481 2310 535 καὶ
2342 480 2441 545 τὰς
2478 482 2802 550 Ἐκκλησίας
2833 481 3042 536 ἑαυτῶν
3070 481 3342 536 ἀπέλαϐον
3360 521 3379 548 ,
3406 483 3533 545 τοὺς
3560 484 3641 546 εις

2056 571 2219 624 τόπον
2266 571 2473 625 ἑαυτῶν
2526 572 3005 644 χειροτονηθέντας
3050 572 3441 643 ὲξωθήσαντες,
3510 574 3641 645 Ἀμ-

2059 662 2234 730 φίωνα
2269 662 2368 732 μὲν
2396 662 2675 728 Εὑσέσιος,
2701 664 2948 734 Χρῆστον
2977 663 3034 715 δὲ
3055 663 3299 732 Θέογνις.
3326 658 3403 718 OB
3433 663 3640 735 βιϐλίου

2057 752 2118 805 τὸ
2152 752 2488 823 ἀντίγραφόν
2529 755 2645 807 ἐστι
2686 752 2841 806 τόδε·
2878 752 3020 822 Ἤδη
3057 752 3154 823 μὲν
3191 749 3287 807 οὖν
3328 750 3641 822 καταψηφι-

2060 838 2277 905 σθέντες
2322 841 2432 913 (91)
2477 840 2582 912 πρὸ
2615 841 2849 912 κρίσεως
2882 840 2994 911 (92)
3036 840 3190 912 παρὰ
3230 841 3331 911 τῆς
3359 839 3643 904 εὐλαϐείας

2061 931 2235 1002 ὑμῶν,
2284 933 2343 985 ἐν
2386 932 2587 1003 ἡσυχίᾳ.
2636 932 2825 1002 φέρειν
2875 931 2945 985 τὰ
2989 931 3293 1002 κεκριμένα
3349 933 3498 1003 παρὰ
3543 934 3642 1003 τῆς

2060 1020 2221 1088 ἁγίας
2279 1019 2434 1091 ὑμῶν
2488 1020 2816 1091 ἐπικρίσεως
2876 1020 3185 1091 ὀφείλομεν.
3261 1020 3401 1073 Ἀλλ’
3453 1022 3641 1092 ἐπειδὴ

2060 1112 2284 1172 ἄτοπον.
2335 1108 2456 1164 καθ’
2511 1108 2725 1163 ἑαυτῶν
2768 1109 2953 1163 δοῦναι
2997 1108 3108 1162 τῶν
3156 1109 3509 1179 συκοφαντῶν
3542 1111 3643 1180 τὴν

2058 1200 2333 1266 ἀπόδειξιν
2380 1202 2447 1271 τῇ
2479 1202 2695 1272 σιωπῇ,
2724 1199 2915 1254 τούτου
2961 1200 3127 1253 ἕνεκα
3166 1199 3531 1271 ἀναφέρομεν,
3566 1200 3641 1262 ὡς

2059 1293 2220 1362 ἡμεῖς
2254 1291 2348 1345 καὶ
2379 1294 2446 1363 τῇ
2485 1291 2666 1344 πίστει
2700 1290 3132 1362 συνεδράμομεν,
3171 1292 3264 1345 καὶ
3307 1290 3405 1361 τὴν
3432 1290 3643 1344 ἔννοιαν

2059 1382 2411 1448 ἐξετάσαντες
2454 1382 2546 1434 ἐπὶ
2591 1380 2669 1453 τῷ
2704 1380 2977 1452 ὀμοουσίῳ
3003 1419 3019 1448 ,
3045 1380 3155 1435 ὅλοι
3195 1379 3500 1452 ἐγενόμεθα.
3541 1383 3642 1452 τῆς

2060 1474 2312 1545 εἰρήνης,
2347 1474 2395 1527 οἱ
2444 1472 2692 1543 μηδαμοῦ
2732 1475 2799 1542 τῇ
2848 1471 3056 1544 αἱρέσει
3095 1471 3638 1542 ἐξακολουθήσαντες.

2072 1564 2511 1634 ’Υπομνήσαντες
2536 1562 2593 1614 δὲ
2616 1561 2707 1615 ἐπὶ
2732 1561 2998 1633 ἀσφαλείᾳ
3021 1560 3127 1615 τῶν
3163 1559 3518 1631 Ἐκκλησιῶν,
3540 1561 3641 1613 ὅσα

2059 1655 2149 1709 τὸν
2177 1654 2434 1726 λογισμὸν
2467 1653 2624 1724 ἡμῶν
2665 1652 2953 1725 ὕπέτρεχε,
2990 1653 3087 1707 καὶ
3125 1652 3640 1723 πληροφορήσαντες

373 1759 467 1814 bat
488 1758 987 1823 conﬁrmassemus,
1004 1757 1128 1813 ﬁdei
1150 1758 1372 1827 quidem
1392 1756 1804 1827 subscripsisse,
1828 1772 1949 1811 ana-

2065 1745 2191 1811 τοὺς
2218 1745 2283 1799 δι’
2309 1744 2466 1816 ἡμῶν
2488 1744 2778 1815 πεισθῆναι
2804 1744 3138 1813 ὀφείλοντας,
3166 1742 3640 1815 ὑπεσημηνάμεθα

373 1845 726 1901 thematismo
754 1860 887 1901 vero
914 1845 1158 1900 noluisse
1188 1846 1562 1911 subscribere;
1581 1860 1690 1899 non
1713 1845 1859 1915 quod
1893 1843 1949 1898 ﬁ-

2060 1840 2127 1909 τῇ
2164 1838 2377 1891 πίστεν
2419 1836 2498 1908 τῷ
2527 1837 2583 1891 δὲ
2622 1835 3049 1907 ἀναθεματισμῷ
3080 1835 3178 1906 οὐχ
3218 1834 3638 1906 ὑπεγράψαμεν,

378 1934 505 1990 dem
532 1932 1085 2003 reprehenderemus,
1132 1933 1228 1987 scd
1266 1933 1395 2002 quia
1431 1932 1656 1986 minime
1699 1931 1949 1987 credeba-

2059 1930 2157 2000 οὐχ
2200 1928 2276 1992 ὡς
2316 1929 2415 1999 τῆς
2461 1928 2699 1992 πίστεως
2739 1927 3190 1999 κατηγοροῦντες,
3234 1927 3349 1981 ἀλλ’
3392 1928 3469 1991 ὡς
3518 1928 3642 1982 ἀπι-

372 2042 498 2081 mus
554 2026 711 2080 illum
751 2024 848 2095 qui
894 2031 1183 2080 accusatus
1225 2023 1425 2089 fuerat,
1475 2022 1746 2095 ejusmodi
1793 2038 1955 2089 esse,

373 2131 499 2169 eum
525 2113 724 2183 partim
748 2128 811 2167 cx
838 2112 905 2167 iis
927 2128 1046 2182 quae
1076 2111 1143 2165 ad
1169 2126 1271 2166 nos
1289 2111 1612 2182 perlitteras
1641 2109 1952 2179 scripserat,

370 2204 573 2275 partim
600 2220 669 2258 ex
692 2204 813 2275 ejus
844 2203 1192 2259 sermonibus
1214 2203 1269 2256 in
1291 2210 1590 2273 conspectu
1630 2210 1821 2257 nostro
1851 2201 1951 2256 ha-

370 2295 521 2359 bitis,
548 2302 887 2365 compertum
921 2294 1251 2349 haberemus
1304 2293 1459 2347 illum
1481 2293 1645 2347 talem
1668 2307 1775 2346 non
1806 2307 1948 2347 esse.

374 2382 532 2449 Quod
550 2383 591 2438 si
620 2381 969 2437 sanctissimo
990 2380 1227 2436 concilio
1252 2388 1437 2435 vestro
1463 2380 1805 2435 satisfactum
1844 2390 1950 2444 est,

1594 2536 1869 2593 VALESII
1904 2535 2460 2594 ANNOTATIONES.

369 2634 673 2691 nobiliores
700 2646 1008 2704 episcopos,
1056 2631 1141 2704 ab
1149 2630 1350 2704 exsilio
1382 2642 1503 2704 e_ss_e
1536 2635 1840 2704 revocatos.
1889 2625 1959 2683 At

367 2705 637 2761 Baronius
651 2697 935 2758 contendit
952 2700 1355 2755 bunclibellum
1368 2698 1437 2752 ab
1452 2697 1693 2752 Eusebio
1711 2697 1958 2751 oblatum

367 2789 490 2855 esse
521 2772 798 2855 episcopis
820 2773 877 2826 in
902 2770 1111 2852 synodo
1136 2769 1375 2855 Ijicaana.
1407 2768 1650 2855 Primum
1673 2766 1955 2855 enitare-

366 2836 574 2916 gulam'
596 2836 728 2916 ﬁdei
753 2844 829 2896 ait
854 2836 1113 2916 scriptam
1141 2839 1332 2903 fuisse,
1357 2838 1457 2916 leni
1484 2836 1758 2916 Eusebius
1787 2836 1955 2916 iﬁico-

367 2905 668 2970 inediensis
712 2926 836 2966 cum
870 2905 994 2964 aliis
1018 2916 1255 2977 quatuor
1283 2906 1558 2977 episcopis
1603 2905 1955 2977 subscribere

367 2982 657 3039 recusarit.
685 2979 949 3037 Eumdem
976 2974 1161 3033 tamen
1181 2974 1390 3046 postea,
1417 2975 1614 3046 oblato;
1634 2974 1957 3046 satistaetio-

368 3054 459 3108 nis
501 3051 714 3113 libello,
750 3050 819 3104 iis
849 3063 971 3119 quae
1013 3044 1234 3119 decreta
1266 3045 1485 3119 fuerant
1534 3044 1946 3119 subscripsisse.

2059 2015 2311 2080 στοῦντες
2336 2015 2573 2070 τοιοῦτον
2615 2011 2756 2072 εἶναι
2791 2016 2883 2071 τδν
2917 2016 3392 2089 κατηγορηθέντα,
3424 2017 3488 2069 ἐκ
3528 2016 3640 2070 τῶν

2061 2108 2167 2179 ἰδίᾳ
2211 2107 2347 2179 πρὸς
2376 2109 2524 2179 ἡμᾶς
2562 2108 2694 2179 παρ’
2732 2106 2897 2161 αὐτοῦ
2941 2106 3031 2161 διά
3072 2124 3131 2161 τε
3175 2106 3493 2174 ἐπιστολῶν,
3545 2109 3641 2163 καὶ

2056 2198 2166 2253 τῶν
2198 2201 2275 2263 εις
2319 2200 2608 2269 πρόσωπον
2645 2196 2928 2263 διαλέξεων
2947 2239 2961 2262 ,
2993 2198 3537 2273 πεπληροφορημένοι
3562 2200 3640 2273 μὴ

2057 2289 2296 2344 τοιοῦτον
2351 2286 2511 2346 εἶναι.
2563 2292 2629 2345 Εἰ
2672 2290 2729 2344 δὲ
2779 2290 3004 2361 ἐπείσθη
3059 2292 3092 2361 ἡ
3134 2290 3267 2359 ἁγία
3308 2291 3465 2362 ὑμῶν
3515 2293 3641 2346 σύν-

2056 2379 2173 2443 οδος
2202 2380 2337 2451 (93),
2370 2380 2470 2434 οὐκ
2501 2379 2913 2445 ἁντιτείνοντες,
2948 2368 3083 2433 ἀλλᾶ
3122 2382 3491 2453 συντιθέμενοι
3524 2387 3639 2449 τοῖς

2053 2626 2149 2701 qui
2172 2626 2407 2701 'synodo
2453 2626 2839 2701 interfuerant,
2869 2636 3009 2701 tum_
3028 2642 3096 2682 ex
3118 2628 3255 2701 actis
3270 2589 3414 2699 ipsis
3441 2632 3636 2701 synodi

2052 2696 2308 2783 Nicmiite,
2338 2697 2391 2783 iii
2425 2696 2628 2778 quibus
2673 2696 2818 2783 inter
2863 2697 3088 2783 ndmina
3129 2696 3513 2783 episcoporum
3537 2703 3636 2783 qui

2053 2768 2267 2837 synodo
2285 2767 3037 2838 subscripserant,Eusehius
3064 2776 3122 2823 et
3146 2767 3342 2838 reliqui
3366 2785 3502 2838 quos
3520 2767 3633 2826 dixi

2053 2836 2503 2919 recensebantur.
2533 2836 2682 2919 idem
2707 2852 2925 2919 quoque
2947 2846 3182 2919 testatur
3207 2836 3630 2919 Philositprgius,

2051 2907 2147 2974 qui
2197 2907 2644 2978 tiribus_circiter
2687 2907 2969 2978 mensibus
2994 2908 3195 2978 elapsis
3217 2916 3340 2977 post
3360 2907 3635 2965 Nicainam

2059 2976 2350 3049 synodum,
2379 2975 2678 3049 Eusebium
2706 2976 2782 3049 ait
2807 2975 3438 3049 esse_relegatum.iCum
3467 2979 3635 3049 igitur

2108 3046 2333 3119 usehius
2376 3061 2440 3101 ae
2484 3045 2885 3119 Theogniusise
2911 3045 3317 3119 damnatosab
3361 3045 3637 3119 episcopis

365 3122 615 3178 Posthzec
636 3134 771 3174 vero
794 3114 920 3189 cuin
943 3117 1185 3189 synodus
1208 3115 1400 3189 Arium
1431 3115 1779 3189 anathemate
1802 3114 1954 3189 dam-
1980 3128 2022 3186 ο
2056 3130 2178 3170 esse
2202 3115 2498 3179 fateantur,
2528 3116 2583 3171 id
2609 3123 2790 3170 autem
2816 3116 2872 3171 in
2910 3117 3119 3187 synodo
3152 3114 3637 3189 Nomina—factum

364 3199 571 3253 nasset,
608 3188 908 3243 Eusebium
954 3183 1018 3241 ac
1063 3185 1406 3255 Theognium
1431 3184 1562 3255 huic
1582 3183 1949 3255 anathemati-

365 3276 487 3317 smo
508 3260 750 3314 noluisse
773 3256 1120 3313 subscribere
1150 3272 1162 3307 :
1193 3253 1423 3325 eamque
1454 3254 1526 3309 ob
1549 3253 1949 3325 causamdam-

364 3340 528 3385 natos
575 3344 642 3384 ac
680 3327 963 3397 depositos
1008 3341 1128 3397 esse
1159 3341 1190 3380 a
1223 3322 1451 3397 synodo,
1485 3334 1542 3379 et
1585 3322 1950 3397 Amphionem

363 3416 431 3455 ac
461 3395 769 3455 Chrestum'
786 3398 841 3453 in
867 3411 1060 3452 eorum
1092 3396 1285 3450 locum
1307 3395 1650 3463 subrogatos.
1684 3395 1952 3447 Constan-

367 3470 543 3524 tinum
581 3477 762 3523 tamen
788 3468 1173 3537 imperatorem
1196 3465 1596 3537 intercessisse,
1629 3471 1952 3537 ne_sen_ten-

364 3540 439 3593 tia
466 3538 804 3594 exsceutioni
850 3532 1222 3599 mandaretur,
1247 3534 1533 3603 egissequc
1575 3542 1635 3587 ut
1678 3532 1953 3588 Eusebius

364 3624 429 3664 ac
474 3609 791 3678 Theognins
807 3607 1013 3678 oblato
1030 3605 1365 3678 paenitentia:
1390 3604 1578 3658 libello
1601 3603 1949 3678 susciperen-

364 3687 454 3733 tur
477 3694 508 3755 a_
535 3671 902 3755 synodo:_Se_d
937 3671 1173 3755 primum
1223 3676 1385 3755 ineo
1410 3684 1620 3755 “peccat
1658 3671 1947 3755 Baroncins,

406 3747 512 3803 uod
556 3741 697 3801 duos
730 3741 953 3801 libellos
987 3746 1056 3799 ab
1105 3743 1342 3799 Eusebio
1375 3741 1589 3798 oblatos
1633 3758 1753 3798 esse
1792 3741 1946 3796 dicit.

412 3833 498 3895 am
525 3816 591 3895 de
616 3816 802 3895 priore
826 3814 1133 3895 illo.lihello‘
1154 3829 1315 3895 nemo
1340 3813 1948 3895 unquam-mentionem

362 3886 515 3942 fecit.
555 3881 761 3941 Deinde
794 3885 939 3954 quod
972 3885 1048 3939 ait
1102 3884 1170 3938 de
1222 3881 1567 3954 depositione
1610 3898 1675 3937 ac
1720 3881 1947 3954 damna-

364 3955 514 4011 tione
558 3955 784 4010 Eusebii
812 3950 978 4023 atque
1017 3950 1470 4023 Tbeognii'facta
1502 3953 1558 4006 in
1584 3950 1947 4023 concilioLNi-

365 4041 540 4088 caeno,
570 4025 693 4094 ejus
727 4025 806 4081 rei
840 4020 1052 4079 nullum
1084 4020 1367 4094 auctorem
1409 4023 1558 4094 citat.
1594 4021 1757 4094 Cerie
1800 4020 1947 4076 Con-

363 4090 642 4151 stantinus
694 4096 751 4148 in
798 4095 1031 4164 epistola
1081 4094 1160 4148 ad.
1197 4090 1950 4164 iNicomedienseslidnt‘unc

362 4164 568 4221 factum
601 4180 723 4220 esse
762 4160 873 4219 non
920 4165 1073 4229 dicit,
1115 4163 1211 4218 sed
1261 4172 1473 4217 tantum
1526 4162 1602 4216 ait
1645 4160 1948 4216 Eusebium

364 4236 628 4291 metuisse
683 4251 753 4291 ne
788 4235 842 4289 id
885 4233 1058 4289 ﬁeret.
1096 4233 1341 4302 Denique
1373 4231 1521 4302 quod
1573 4231 1653 4286 ait
1698 4231 1947 4302 libellum

362 4305 702 4374 poenitentia
732 4306 801 4361 ab
829 4304 1068 4360 Eusebio
1095 4301 1340 4358 oblatum
1381 4301 1501 4358 esse
1519 4301 1949 4374 Δἱῑιηεγηοάρ-Ιξίἰ-

364 4369 536 4440 caena,
570 4375 625 4430 id
646 4392 714 4445 ex
753 4376 872 4445 ipso
903 4375 1088 4429 libello
1119 4374 1405 4445 manifeste
1425 4369 1738 4445 refellitur.
1783 4369 1947 4445 Obla-

2055 3199 2167 3259 no_n
2207 3200 2328 3239 esse
2375 3193 2608 3249 constet,
2648 3200 2874 3259 necesse
2916 3194 3002 3242 est
3043 3196 3105 3241 ut
3148 3188 3202 3259 in
3246 3187 3356 3259 aiio
3379 3189 3634 3259 quopiam

2054 3254 2436 3340 episcoporum
2467 3263 2761 3340 “conuentu
2804 3256 2878 3338 id.
2902 3265 3115 3337 gestum
3142 3257 3231 3339 sit.
3257 3254 3635 3340 Caus—tiniiqui-

2054 3322 2377 3397 demipsam
2401 3324 2569 3397 refert
2599 3322 2992 3397 Constantinus
3016 3327 3071 3397 in
3099 3327 3328 3397 cpistola
3352 3328 3425 3383 ad
3470 3322 3636 3383 Nico-

2054 3395 2383 3449 medienscs.
2410 3395 2620 3449 ideirco
2641 3395 2788 3449 enim
2813 3411 2872 3451 se
2903 3397 3028 3451 illos
3059 3396 3115 3451 in
3135 3395 3391 3451 exsilium
3416 3397 3635 3454 misisse

2055 3461 2208 3536 dicit,
2236 3464 2383 3536 quod
2427 3463 2716 3536 haereticos
2740 3465 3026 3533 quosdam,
3053 3482 3192 3535 quos
3218 3466 3333 3536 ipse
3379 3467 3449 3522 ab
3495 3469 3636 3525 urbe

2052 3531 2385 3588 Alexandria
2427 3531 2869 3607 admcomitat—um
2894 3536 3036 3591 mitti
3071 3531 3333 3607 jussefat,
3359 3539 3634 3607 suscepis-

2053 3611 2195 3689 sent,
2220 3611 2275 3689 ei
2300 3618 2425 3657 cum
2463 3603 3492 3689 illis‘communi’c‘asseni‘iit‘iiaronius
3516 3603 3636 3689 qui-

2052 3670 2176 3727 dem
2205 3673 2273 3728 ad
2298 3689 2503 3726 annum
2554 3672 2760 3728 Christi
2806 3675 2909 3729 529
2967 3675 3068 3729 bos
3114 3675 3422 3730 Melitianos
3460 3670 3634 3733 fuisse

2052 3750 2259 3823 censei,
2306 3758 2611 3823 perpe_ram.
2637 3744 3193 3823 “EgoveroArianos
3218 3744 3405 3823 fuisse
3438 3747 3636 3823 potius

2051 3811 2594 3886 crediderimi’ldque
2620 3811 2824 3869 disérte
2848 3822 3132 3886 tesiantnri
3145 3814 3384 3886 episcopi
3410 3811 3633 3886 Egypti

2051 3880 2106 3955 in
2129 3882 2361 3955 epistola
2382 3880 2652 3955 Synodica
2674 3898 2838 3951 quam
2863 3883 3033 3955 refert
3047 3880 3380 3955 Athanasius
3406 3884 3461 3940 in
3481 3880 3632 3955 Apo-

2050 3948 2195 4022 logia
2241 3948 2485 4025 secunda
2531 3948 2800 4025 adversus
2848 3954 3100 4025 Arianos.
3149 3952 3233 4008 0b
3279 3954 3421 4025 hanc
3465 3948 3635 4025 igitur

2051 4021 2274 4094 causam
2318 4022 2584 4094 synodum
2617 4021 2844 4094 aliquot
2888 4024 3275 4094 episcoporum
3307 4024 3423 4078 ﬁeri
3466 4021 3635 4094 jussit

2049 4090 2462 4163 Constantinus,
2485 4107 2515 4146 a
2538 4090 2741 4163 quibus
2761 4090 3034 4148 Eusebius
3056 4090 3120 4148 ac
3136 4093 3451 4163 Theognius
3467 4090 3631 4149 dam-

2049 4162 2169 4232 nasti
2202 4168 2326 4232 sunt
2368 4170 2532 4231 atque
2555 4160 2812 4231 depositi,
2847 4165 2964 4232 ipse
2984 4177 3118 4217 vero
3140 4179 3237 4218 eos
3281 4160 3337 4217 in
3377 4163 3630 4219 exsilium

2049 4231 2219 4311 misit.
2244 4230 2416 4311 quue
2444 4230 2655 4311 aperte
2677 4230 3345 4311 conﬁrmatJithanasins
3382 4234 3440 4287 in
3462 4233 3632 4311 _libro

2049 4301 2126 4376 ρο
2157 4300 2397 4376 synodis,
2424 4300 2575 4376 μέτα
2595 4302 2703 4373 γὰρ
2744 4304 2843 4376 τῂν
2869 4303 2928 4357 ἐν
2964 4302 3166 4373 Νικαίᾳ
3191 4302 3478 4376 συνοδονῂοῑ
3502 4304 3633 4376 περὶ

2050 4371 2329 4443 Εὐσέϐιονλ
2340 4371 2748 4443 καθῃρέθησαν.
2777 4372 2925 4427 Idem
2953 4371 3175 4443 quoque
3197 4372 3331 4427 dicit
3374 4371 3631 4430 Theodo-

364 4451 457 4497 tus
483 4452 568 4500 est
596 4444 745 4498 enim
774 4441 884 4498 'bic
923 4444 1145 4498 libellus
1174 4444 1245 4497 ab
1277 4443 1515 4498 Eusebio
1556 4458 1681 4496 cum
1717 4450 1862 4496 esset
1889 4441 1944 4511 in
1978 4456 2021 4511 ι)
2051 4441 2191 4496 ritus
2218 4441 2272 4495 in
2297 4441 2440 4496 libro
2464 4441 2481 4494 ι
2506 4442 2670 4506 llist.,
2699 4456 2819 4510 cap.
2852 4443 2936 4497 l9.

364 4512 581 4576 exsilio,
614 4521 675 4566 ut
706 4520 937 4567 testatur
980 4512 1068 4565 his
1110 4512 1317 4576 verbis,
1347 4513 1442 4564 καὶ
1487 4511 1574 4564 διὰ
1604 4511 1793 4563 τούτου
1846 4510 1940 4563 τοῦ

364 4581 693 4652 γράμματος
717 4580 1287 4652 πληροφοροῦμεντῂν
1317 4578 1732 4652 συγκατάθεσψ,
1760 4580 1821 4631 οὐ
1843 4579 1941 4648 τὴν

366 4648 581 4721 ἔξορίαν
616 4648 1129 4721 βαρέῳξφέρὸντες,
1162 4648 1478 4721 ἁλλὰ-τὴν,Δ
1512 4656 1617 4721 etc.
1672 4648 1944 4721 Praeterea

365 4716 567 4775 missus
597 4716 702 4774 est'
739 4720 829 4773 hic
865 4716 1097 4775 libellus
1125 4734 1251 4773 cum
1308 4716 1419 4788 jam
1453 4716 1616 4771 Arius
1647 4717 1716 4788 ab
1750 4717 1945 4788 exsilio

365 4797 511 4844 esset
534 4796 839 4844 revocatus.
868 4788 925 4843 ld
962 4788 1111 4843 enim
1143 4787 1412 4843 testantur
1446 4788 1561 4842 haec
1591 4787 1784 4849 verba,
1817 4787 1942 4840 ἄτο-

368 4875 469 4911 πον
495 4858 573 4921 δὲ,
600 4859 693 4912 τοῦ
743 4857 1029 4921 δοκοῦντος
1059 4854 1197 4912 εἶναι
1231 4855 1532 4910 ὑπευθύνου
1564 4856 1943 4924 ἀνακεκλημέ-

366 4945 457 4980 νου
487 4930 583 4981 καὶ
618 4928 1123 4997 ἀπολογησαμένου,
1152 4937 1258 4982 etc.
1287 4928 1459 4981 Porro
1492 4926 1653 4983 Arius
1685 4925 1816 4979 satis
1847 4926 1943 4979 diu

366 5005 491 5068 post
511 4999 789 5068 synodum
813 4999 1084 5068 Nicmiiam
1103 4997 1505 5068 aConstantino
1528 5004 1939 5068 revocatus_est.

440 5064 564 5137 (9l)'
588 5067 730 5135 Ἤδη
753 5069 869 5136 μὲν
906 5064 1020 5122 οὖν
1061 5066 1644 5137 καταψηφισθέντα,
1669 5075 1777 5120 etc.
1806 5066 1944 5137 Cum

367 5135 639 5209 Eusebius
677 5135 760 5209 ac
787 5138 1100 5209 Theognius
1134 5138 1200 5209 in
1232 5136 1458 5209 exordio
1496 5136 1662 5209 hujus
1700 5136 1945 5209 epistolae

368 5206 555 5262 dicant
581 5222 638 5262 se
663 5206 1037 5263 damnatos‘ah
1060 5207 1351 5276 episcopis,
1385 5207 1556 5275 quaeri
1606 5206 1805 5260 merito
1844 5220 1943 5275 po-

367 5276 596 5348 testubi
638 5285 696 5331 et
734 5278 955 5348 quando
999 5278 1206 5348 fuerint
1253 5276 1621 5348 condemnati.
1673 5276 1945 5348 Baronius

366 5346 589 5417 quidem
637 5363 732 5401 eos
752 5345 830 5401 'in
875 5347 1082 5417 synodo
1105 5347 1322 5401 Nicaena
1355 5346 1641 5401 damnatos
1664 5362 1785 5402 esse
1802 5345 1947 5417 dicit

367 5407 533 5486 atque
577 5417 874 5486 depositus.
903 5407 1007 5473 Sed
1058 5427 1250 5471 contra
1304 5425 1388 5471 est
1438 5417 1741 5471 auctoritas
1799 5416 1945 5471 beati

366 5484 703 5557 Hieronymi,
730 5489 821 5556 qui
866 5490 919 5541 in
969 5488 1191 5557 Dialogo
1236 5486 1501 5557 adversus
1543 5487 1941 5550 Lueiferianos,

367 5552 827 5626 diserte'testat'ur
851 5552 1149 5611 Eusebium
1176 5572 1240 5611 ac
1264 5556 1603 5626 Theognium
1651 5572 1775 5611 cum
1823 5557 1945 5610 aliis

367 5625 637 5697 episcopis
663 5626 877 5697 Arianae
902 5626 1156 5682 factionis
1189 5643 1221 5681 a
1244 5625 1451 5697 synodo
1493 5627 1711 5697 Nicaena
1755 5641 1942 5681 susce»

368 5701 488 5763 ptes
513 5694 701 5751 fuisse.
728 5696 895 5767 quue
920 5698 1117 5767 probat
1163 5694 1286 5751 tum‘
1309 5712 1377 5751 ex
1407 5696 1723 5752 testimonio
1750 5711 1942 5752 eorum

2123 4512 2233 4581 (92)
2263 4513 2381 4582 Πρὸ
2419 4512 2689 4582 κρίσεως,
2717 4510 2844 4565 Haec
2886 4513 3054 4567 verba
3081 4511 3137 4566 in
3174 4512 3632 4582 interpretatione

2045 4578 2143 4635 sua
2180 4578 2366 4634 omisit
2408 4578 2942 4652 Christophorsonus
2966 4591 3022 4636 et
3069 4578 3386 4652 Museulus,
3411 4581 3631 4652 Legun-

2046 4659 2137 4730 iur
2168 4657 2352 4730 tamen
2398 4650 2564 4705 etiam
2595 4649 2740 4730 apud
2769 4651 3180 4730 _S_osomepum;
3214 4660 3270 4707 et
3292 4649 3631 4730 Epiphanius

2046 4720 2418 4792 Schioiasticus
2453 4735 2518 4792 ea
2566 4718 2648 4774 sic
2674 4719 2932 4792 reddidit
2961 4739 2973 4774 :
3004 4721 3218 4775 Dudum
3263 4718 3473 4792 quidem
3506 4731 3629 4775 ante

2048 4789 2304 4857 iudicium
2351 4789 2683 4843 condemnati
2710 4808 2743 4844 a
2792 4792 3083 4845 reverentia
3125 4789 3320 4855 vestra,
3369 4792 3631 4857 patienter

2054 4859 2190 4929 ferre
2214 4875 2330 4929 qua
2360 4858 2569 4929 decreta
2592 4868 2713 4913 sunt
2742 4877 2774 4913 α
2799 4870 2982 4914 sancto
3014 4870 3183 4916 vestro
3209 4858 3425 4914 concilio
3451 4859 3632 4913 debui-

2044 4928 2182 5002 inus.
2219 4928 2313 5002 Sic
2358 4928 2528 4997 igitur
2565 4930 2938 5002 construenda
2976 4938 3105 5002 sunt
3145 4933 3264 4987 haec
3306 4929 3497 5002 verba,
3526 4931 3628 5002 ἤδη

2044 5000 2149 5070 πρὸ
2173 4999 2406 5070 κρίσεως
2444 5000 2969 5070 καταψηφισθέντες.
3007 5000 3220 5067 Quibus
3258 4999 3444 5053 verbis
3493 4999 3630 5055 sub;

2043 5068 2289 5124 indicare
2314 5068 2534 5138 videtur
2558 5069 2852 5138 Eusebius,
2880 5086 2937 5124 se
2965 5071 3166 5125 indicta
3192 5085 3375 5130 causa,
3401 5078 3459 5123 et
3482 5085 3627 5138 pra:-

2039 5139 2251 5210 judicio
2275 5137 2513 5210 quodam
2540 5137 2859 5210 damnatum
2885 5140 3055 5195 fuisse
3088 5158 3100 5193 :
3131 5140 3257 5210 quia
3285 5137 3499 5194 scilicet
3524 5140 3629 5193 im-

2080 5217 2265 5264 erator
2304 5207 2482 5276 ipsum
2523 5219 2685 5277 antea
2721 5208 3096 5271 damnaverat,
3128 5207 3373 5264 infensus
3420 5209 3630 5264 scilicet

2080 5226 2265 5264 erator
2304 5226 2482 5276 ipsum
2523 5226 2685 5262 antea
2721 5226 3096 5271 damnaverat,
3128 5226 3373 5264 lmensns
3420 5226 3629 5264 senicet

2042 5226 2283 5351 Eusebio
2308 5277 2382 5351 oi)
2397 5272 2580 5351 varias
2602 5293 2817 5351 causas,
2834 5293 2980 5348 quas
3002 5279 3127 5335 vide
3154 5280 3208 5334 in
3232 5278 3462 5351 epistola
3487 5278 3629 5334 Con.

2043 5348 2268 5402 stantini
2299 5347 2365 5402 ad
2398 5348 2865 5402 Nicomedienses.

2080 5418 2191 5487 (95)
2224 5421 2287 5471 Ei
2310 5417 2379 5470 δὲ
2401 5418 2650 5483 ἐπείσθη
2678 5418 2715 5484 ἡ
2739 5417 2880 5487 ἁγίᾳ
2915 5416 3082 5485 ὑμῶν
3103 5417 3388 5482 σύνοδος.
3418 5417 3628 5487 Horum

2041 5488 2339 5542 verborum
2366 5488 2456 5541 hic
2481 5495 2567 5541 est
2599 5501 2793 5540 sensus
2817 5503 2829 5539 :
2857 5486 2911 5541 Si
2945 5497 3095 5551 tunc,
3122 5488 3321 5557 inquit,
3356 5486 3627 5546 satisfeci-

2043 5573 2167 5611 mus
2204 5565 2394 5611 sancto
2432 5557 2671 5610 concilio
2708 5564 2914 5623 vestro,
2942 5557 3161 5612 Nieamo
3206 5558 3437 5619 scilicet,
3466 5557 3630 5625 eique

2043 5626 2420 5696 persuasimus
2438 5628 2639 5696 justam
2666 5640 2768 5679 nos
2795 5642 3017 5682 causam
3065 5627 3345 5690 habuisse,
3373 5642 3473 5681 cur
3497 5641 3631 5680 ana—

2044 5694 2411 5752 thematismis
2433 5694 2705 5751 nollemus
2728 5696 3108 5762 subscribere,
3125 5712 3274 5753 nunc
3297 5710 3628 5752 consensum
