4046 6204
432 226 535 284 ΗΞ)

1873 224 2211 282 SOCRATIS

3596 224 3693 281 ΙΞῦ

425 360 546 415 gem
583 358 703 398 esse
738 340 1054 398 Judmorum
1087 344 1256 399 variis
1288 344 1493 417 linguis
1530 359 1597 400 ac
1633 344 1835 400 litteris
1872 361 2001 417 pro-

2112 345 2254 415 λύπη
2284 347 2502 415 κατεῖχε
2534 344 2632 415 τήν
2663 344 2758 398 τοῦ
2786 344 3049 415 βασιλέως
3072 344 3304 414 μητέρα.
3336 342 3451 396 οὐκ
3481 342 3563 405 εἰς
3587 360 3691 413 μα-

425 435 788 493 nuntiaverat.
815 432 922 488 Sed
945 434 1206 502 quoniam
1231 435 1551 507 ambiguum
1604 445 1726 495 erat
1758 452 2006 508 quamam

425 535 571 582 esset
590 541 724 581 crux
749 525 840 581 illa
862 541 984 596 qua:
1020 526 1390 596 quaarebatur,
1436 533 1615 583 mater
1655 527 2010 598 imperatoris

426 633 536 672 non
557 617 823 672 mediocri
842 616 1028 673 dolore
1054 618 1250 674 affecta
1272 626 1376 674 est.
1402 617 1576 685 Quem
1596 618 1820 688 quidem
1851 619 2009 674 brevi

428 714 549 776 post
592 713 836 776 tempore
877 706 1382 778 Hierosolymorum
1430 709 1743 780 episcopus,
1788 709 2009 763 nomine

428 795 715 860 Macarius,
758 795 973 851 sedavit
1024 804 1081 850 et
1129 795 1548 867 ambiguitatem
1597 811 1819 852 omnem
1880 794 2009 851 fidei

427 887 629 942 virtute
650 886 919 942 dissolvit.
948 887 1175 958 Signum
1210 888 1361 943 enim
1384 904 1415 943 a
1440 888 1554 943 Deo
1576 888 1759 958 petiit,
1799 897 1857 943 et
1901 887 2007 942 im-

428 977 682 1048 petravit.
714 977 942 1049 Signum
981 992 1112 1033 vero
1137 977 1244 1033 fuit
1283 977 1620 1048 hujusmodi.
1644 977 1840 1033 Mulier
1863 992 2011 1048 qua:-

425 1071 552 1125 dam
586 1070 735 1126 illius
778 1070 910 1135 loci,
954 1070 1223 1126 diuturno
1248 1070 1501 1127 confecta
1544 1071 1758 1137 morbo,
1801 1072 1913 1142 jam
1951 1070 2010 1124 in

427 1161 546 1231 ipso
564 1162 760 1216 mortis
781 1162 1015 1217 articulo
1037 1170 1157 1218 erat
1192 1164 1511 1219 constituta.
1540 1162 1681 1218 Huic
1717 1178 1849 1234 ergo
1888 1162 2009 1217 ani-

427 1267 571 1306 mam
593 1251 798 1323 agenti,
821 1252 1112 1322 episcopus
1132 1252 1374 1323 singulas
1396 1266 1590 1307 cruces
1612 1252 1810 1322 apponi
1832 1250 2007 1322 jubet,

425 1344 729 1398 certissime
756 1343 863 1398 sibi
906 1342 1247 1413 persuadens
1282 1342 1401 1398 fore
1458 1350 1519 1397 ut
1544 1342 1743 1396 mulier
1763 1341 2011 1411 pristina:

426 1432 728 1487 valetudini
762 1434 1181 1496 restitueretur,
1221 1433 1266 1487 si
1292 1433 1592 1503 pretiosam
1632 1432 1850 1487 Domini
1886 1447 2011 1486 cru-

426 1538 544 1577 cem
568 1523 857 1593 attigisset.
884 1523 996 1578 Nec
1026 1538 1158 1579 vero
1196 1538 1322 1592 spes
1355 1538 1482 1577 eum
1507 1521 1718 1576 fefellit.
1758 1520 2009 1577 Admotis

424 1612 574 1666 enim
622 1610 840 1667 duabus
862 1612 1124 1667 crucibus
1164 1628 1287 1683 quae
1328 1612 1627 1668 Dominicze
1673 1627 1783 1667 non
1827 1620 2006 1679 erant,

2108 439 2247 511 κρᾶιν
2263 439 2322 492 δὲ
2332 437 2494 492 παύει
2511 436 2582 492 τά
2595 438 2695 507 τῆς
2710 436 2887 507 λύπης
2901 437 2930 488 6
2944 433 3052 489 τῶν
3066 432 3453 504 Ἱεροσολύμων
3464 432 3693 487 ἐπισκον

2108 545 2229 593 πος,
2258 521 2302 596 ᾧ
2329 528 2502 599 ὄνομα
2533 523 2601 597 ἦν
2634 524 2941 596 Μακάριος.
2978 521 3112 577 Λύει
3138 521 3196 574 δὲ
3223 520 3405 574 πίστει
3432 520 3498 573 τὸ
3519 521 3694 592 ἀμφί-

2108 618 2282 675 ϐολον.
2309 619 2543 688 Σημεῖον
2563 618 2672 689 γὰρ
2689 616 2809 688 ᾔτει
2825 614 2978 685 παρὰ
2994 612 3089 667 τοῦ
3112 611 3271 673 Θεοῦ.
3286 611 3382 666 καὶ
3392 611 3690 681 ἐλάμϐανε.

2109 710 2184 764 Τὸ
2214 710 2270 763 δέ
2300 712 2526 781 σημεῖον
2558 705 2625 781 ἦν
2663 707 2875 762 τοιοῦτο
2897 725 2911 739 ·
2948 707 3084 777 γυνή
3131 722 3217 769 τις
3244 704 3353 758 τῶν
3386 703 3691 775 ἐγχωρίων,

2109 808 2250 877 νόσῳ
2279 805 2470 878 χρονίᾳ
2495 805 2780 876 ληφθεῖσα,
2809 805 2947 875 πρὸς
2970 800 3125 872 αὐτῷ
3152 799 3339 853 λοιπὸν
3362 797 3442 870 τῷ
3475 797 3693 868 θανάτῳ

2108 898 2347 966 ἐγένετο.
2415 897 2794 969 Προσάγεσθαι
2849 891 2943 950 οὖν
2992 897 3057 965 τῇ
3115 892 3535 963 ἀποθνησκούσῃ
3581 890 3693 943 τῶν

2112 987 2360 1059 σταυρῶν
2387 988 2617 1041 ἕκαστον
2645 990 2675 1041 6
2702 987 3000 1049 ἐπίσκοπος
3033 982 3439 1055 παρεσκεύασε.
3468 979 3685 1034 πιστεύ·

2112 1094 2211 1141 σας
2252 1075 2671 1149 ἀναρρωσθῆναι
2711 1077 2811 1148 τήν
2840 1077 3074 1143 γυναῖκα
3096 1112 3111 1136 ,
3148 1072 3435 1143 ἀψαμένην
3464 1070 3560 1124 τοῦ
3607 1087 3691 1122 τι·
3760 1060 3763 1063 ’

2113 1171 2237 1241 μίου
2269 1170 2529 1243 σταυροῦ.
2565 1171 2676 1224 Καὶ
2703 1169 2806 1240 τῆς
2836 1168 3050 1233 ἐλπίδος
3082 1168 3184 1238 οὐχ
3214 1166 3459 1237 ἥμαρτε.
3512 1165 3690 1234 Προσ-

2109 1262 2436 1333 ενεχθέντων
2456 1261 2567 1332 γάρ
2580 1260 2689 1314 τῶν
2720 1259 2797 1331 μὴ
2826 1260 3048 1330 Κυρίων
3071 1258 3163 1311 δύο
3197 1255 3466 1328 σταυρῶν,
3497 1255 3693 1326 ἔμενεν

2109 1354 2261 1408 οὐδὲν
2288 1350 2449 1425 ἦττον
2486 1356 2518 1425 ἠ
2548 1353 2686 1422 γυνὴ
2714 1351 3155 1423 ἀποθνῄσκουσα.
3192 1351 3281 1414 Ὠς
3308 1349 3367 1403 δέ
3390 1350 3419 1401 6
3443 1348 3628 1419 τρίτος
3662 1348 3693 1399 6

2110 1446 2334 1516 γνήσιος
2363 1440 2709 1515 προσηνέχθη
2731 1482 2747 1505 ,
2779 1444 2815 1510 ἡ
2865 1440 3292 1510 ἀποθνῄσκουσα
3319 1436 3486 1499 εὐθὺς
3531 1436 3693 1505 ἀνερ-

2113 1535 2298 1609 ρώσθη
2322 1575 2337 1596 .
2374 1535 2468 1588 καὶ
2505 1534 2563 1586 ἐν
2592 1534 2706 1597 τοῖς
2744 1531 3078 1601 ὑγιαίνουσιν
3105 1526 3196 1601 ἦν.
3234 1527 3438 1583 Τοῦτον
3470 1525 3569 1596 μὲν
3595 1521 3694 1579 οὖν

2060 1654 2077 1696 ί
2108 1627 2200 1680 τὸν
2231 1626 2432 1696 τρόπον
2455 1624 2518 1678 τὸ
2548 1622 2642 1679 τοῦ
2664 1622 2897 1693 σταυροῦ
2933 1621 3088 1689 ξύλον
3110 1620 3370 1692 ηὕρηται.
3417 1619 3482 1672 Ἡ
3510 1617 3569 1670 δέ
3595 1615 3690 1669 τοῦ

423 1703 625 1756 mulier
647 1703 1005 1759 nihilominus
1044 1703 1102 1758 in
1143 1719 1359 1759 summo
1399 1703 1526 1759 vitae
1558 1703 1877 1759 discrimine
1925 1720 2011 1759 rev

2116 1691 2377 1789 βασιλέως
2426 1718 2643 1789 μήτηρ,
2696 1691 2845 1770 οἷκον
2896 1715 2997 1786 μὲν
3040 1691 3329 1784 εύκτήριον
3378 1713 3439 1764 ἐν
3482 1708 3564 1779 τῷ
3593 1706 3692 1761 τοῦ

422 1794 644 1848 mansit.
673 1793 937 1850 Adhibita
958 1810 1091 1850 vero
1117 1795 1299 1858 tertia,
1326 1809 1448 1864 quae
1473 1809 1605 1850 vera
1635 1795 1851 1850 Domini
1877 1810 2013 1849 crux

423 1891 565 1949 erat,
590 1884 683 1938 illa
724 1884 782 1939 in
819 1885 944 1939 vitae
981 1885 1288 1954 mortisque
1321 1884 1561 1939 confinio
1584 1885 1784 1955 posita,
1825 1887 2010 1941 Statim

372 2006 377 2033 ξ
424 1975 724 2038 convaluit,
768 1982 825 2029 et
859 1974 1157 2045 pristinum
1201 1975 1446 2045 vigorem
1491 1974 1853 2044 recuperavit.
1898 1974 2014 2029 Hoc

424 2066 595 2135 igitur
618 2066 783 2121 modo
806 2074 1088 2143 repertum
1111 2074 1197 2121 est
1232 2066 1415 2120 crucis
1435 2065 1666 2137 lignum.
1712 2065 2013 2135 imperato-

424 2153 504 2209 ris
527 2163 709 2210 autem
733 2164 930 2221 mater,
968 2156 1024 2210 in
1048 2155 1167 2225 ipso
1193 2154 1415 2225 quidem
1450 2154 1690 2226 sepulcri
1727 2154 1848 2209 loco
1872 2161 2011 2208 tem-

423 2242 577 2314 plum
622 2244 973 2315 magnificum
1005 2245 1294 2310 exstruxit,
1322 2251 1380 2299 et
1420 2244 1628 2299 Novam
1672 2243 2013 2298 Hierusalem

426 2336 853 2406 cognominavit,
875 2351 1039 2406 quam
1062 2351 1131 2391 ex
1151 2334 1383 2390 adverso
1407 2334 1611 2390 veteris
1643 2334 1792 2389 illius
1816 2348 1880 2389 ac
1910 2333 2017 2390 (ιο--

427 2434 590 2482 serta:
613 2425 955 2483 condiderat.
980 2426 1088 2499 4⁸1
1128 2426 1333 2482 Crucis
1346 2441 1479 2481 vero
1500 2427 1811 2496 portionem
1845 2441 2013 2480 unam

426 2523 685 2587 argentea
708 2515 976 2572 inclusam
1004 2516 1183 2579 theca,
1212 2515 1281 2570 iis
1300 2516 1396 2585 qui
1421 2515 1602 2570 visere
1639 2529 1762 2571 eam
1788 2515 2011 2581 vellent,

427 2603 498 2658 ad
521 2611 845 2675 perpetuam
871 2604 1196 2660 memoriam
1214 2604 1323 2659 illic
1347 2604 1608 2674 reliquit;
1636 2605 1862 2661 alteram
1879 2619 2014 2660 vero

430 2694 501 2753 ad
527 2695 919 2765 imperatorem
954 2695 1125 2750 misit.
1162 2695 1337 2763 Quam
1383 2694 1475 2750 ille
1524 2709 1648 2749 cum
1691 2694 2011 2765 accepisset,

425 2800 529 2855 pro
550 2793 707 2841 certo
750 2786 959 2841 habens
995 2786 1272 2842 civitatem
1312 2786 1461 2842 illam
1506 2794 1777 2857 perpetuo
1801 2786 2013 2842 incolu-

427 2889 575 2929 mem
622 2873 743 2929 fore
779 2875 835 2929 in
858 2890 968 2943 qua
999 2875 1105 2929 hoc
1141 2875 1337 2944 pignus
1367 2880 1700 2938 servaretur,
1735 2874 1792 2928 in
1834 2882 2015 2930 statua

430 2981 531 3020 sua
555 2964 885 3030 recondidit,
931 2980 1053 3035 qua:
1095 2964 1567 3034 Constantinopoli
1610 2964 1670 3019 in
1711 2963 1833 3019 foro
1864 2966 2013 3036 quod
2040 3019 2081 3075 Ω

430 3056 775 3112 Constantini
797 3056 1022 3120 dicitur,
1047 3072 1213 3127 super
1229 3056 1435 3126 ingenti
1458 3055 1713 3111 columna
1736 3072 2013 3126 purpurea

431 3144 607 3215 posita
634 3153 737 3200 est.
763 3144 941 3214 Atque
974 3146 1080 3200 hoc
1114 3144 1337 3214 quidem
1379 3144 1663 3201 auditione
1705 3155 2015 3217 acceptum,

430 3238 564 3292 huic
584 3237 829 3292 historia;
853 3237 1081 3294 inserui.
1106 3237 1310 3294 Omnes
1332 3249 1515 3295 tamen
1552 3239 1727 3296 ferme
1759 3241 1857 3311 qui
1877 3240 2020 3297 Con-

431 3329 845 3399 stantinopolim
886 3330 1170 3396 incolunt,
1215 3330 1271 3385 id
1312 3346 1507 3386 verum
1549 3346 1671 3387 esse
1713 3332 2013 3388 afﬁrmant.

431 3420 628 3477 Clavus
648 3431 916 3491 praeterea
937 3422 1139 3493 quibus
1159 3420 1366 3477 Christi
1390 3438 1587 3479 manus
1609 3424 1763 3480 cruci
1800 3424 2021 3481 fuerant

431 3511 624 3578 affixas,
647 3528 773 3567 cum
812 3513 959 3569 idem
997 3514 1299 3585 imperator
1324 3514 1625 3586 accepisset
1648 3516 1797 3589 (nam
1820 3523 1878 3571 et
1916 3517 2018 3572 hos

433 3604 491 3658 in
528 3613 890 3660 monumento
920 3615 1175 3676 repertos
1206 3614 1384 3662 mater
1429 3607 1497 3662 ad
1540 3607 1723 3678 ipsum
1745 3609 2014 3679 miserat),

432 3695 590 3751 frena
610 3710 678 3751 ex
700 3696 808 3753 illis
830 3705 887 3752 et
910 3697 1121 3769 galeam
1157 3699 1417 3754 fabricari
1434 3700 1630 3771 jussit;
1672 3701 1851 3769 iisque
1884 3716 2019 3756 usus

431 3806 519 3853 est
543 3797 601 3852 in
624 3798 789 3855 bello.
812 3799 1087 3855 Caeterum
1124 3801 1431 3873 imperator
1478 3803 1702 3873 quidem
1728 3804 2017 3859 materiam

432 3905 651 3947 omnem
674 3892 742 3946 ad
763 3895 1230 3950 constructionem
1260 3895 1617 3951 ecclesiarum
1639 3894 1846 3951 all‘atim
1882 3896 2011 3951 sub-

432 3983 781 4040 ministravit.
810 3984 1041 4056 Scripsit
1061 3987 1229 4043 etiam
1254 3986 1323 4043 ad
1356 3988 1650 4042 Macarium
1693 3988 2022 4059 episcOpum
2048 3994 2053 3997 ’

2117 1812 2398 1882 μνήματος
2416 1810 2566 1879 τόπῳ
2591 1808 2853 1878 πολυτελῆ
2877 1805 3298 1869 κατεσκεύασεν,
3338 1800 3692 1874 Ἰερουσαλήμ

2111 1920 2171 1956 τε
2206 1901 2348 1956 Νέαν
2379 1900 2456 1973 (5)
2504 1900 2881 1970 ἐπωνόμασεν,
2917 1896 3331 1967 ἀντιπρόσωπον
3365 1895 3432 1964 τῇ
3483 1890 3692 1961 παλαιᾷ

2112 1993 2298 2065 ἐκείνῃ
2333 1993 2429 2046 καὶ
2459 1988 2930 2060 καταλελειμμένῃ
2971 1987 3269 2055 ποιήσασα.
3301 1983 3409 2037 Τοῦ
3442 1982 3499 2036 δὲ
3527 1997 3692 2035 σταυ-
3722 2016 3745 2047 χ

2117 2084 2233 2156 ροῦ,
2269 2082 2437 2155 μέρος
2464 2082 2567 2153 μέν
2596 2099 2650 2134 τι
2678 2080 2819 2151 θήκῃ
2846 2079 3064 2150 ἀργυρᾷ
3088 2074 3483 2147 περικλείσασα
3502 2112 3518 2136 ,
3552 2087 3692 2143 μνη-

2116 2175 2346 2247 μόσυνον
2380 2177 2494 2238 τοῖς
2537 2174 2772 2245 ἱστορεῖν
2794 2170 3158 2243 βουλομένοις,
3174 2167 3363 2222 αὐτόθι
3394 2164 3684 2221 κατέλιπε·

2111 2270 2174 2323 τδ
2203 2269 2258 2323 δὲ
2291 2269 2476 2341 ἕτερον
2512 2267 2676 2338 μέρος
2740 2261 3058 2318 ἀποστέλλει
3092 2258 3174 2330 τῷ
3223 2258 3452 2329 βασιλεῖ.
3500 2256 3689 2326 Ὅπερ

2112 2359 2439 2432 δεξάμενος,
2485 2359 2579 2412 καὶ
2626 2354 2924 2418 πιστεύσας
2953 2352 3175 2416 τελείως
3212 2347 3552 2421 σωθήσεσθαι
3588 2345 3688 2416 τήν

2116 2452 2272 2506 πόλιν
2309 2450 2437 2505 ἔνθα
2462 2450 2529 2505 ἂν
2564 2450 2740 2503 ἐκεῖνο
2775 2445 3128 2517 φυλάττηται,
3160 2441 3239 2513 τῷ
3267 2439 3460 2495 ἑαυτοῦ
3501 2439 3691 2511 ἀνδρι-

2115 2539 2234 2594 ἀντι
2246 2536 2610 2611 κατέκρυψεν,
2623 2535 2682 2599 ὃς
2698 2537 2754 2591 ἐν
2767 2536 2834 2606 τῇ
2852 2532 2994 2589 κατὰ
3007 2530 3414 2587 Κωνσταντίνου
3428 2526 3687 2598 πόλινμ),

2115 2632 2173 2684 ἐν
2203 2633 2272 2703 τῇ
2320 2629 2681 2702 ἐπιλεγομένη
2735 2626 2917 2698 ἀγορᾷ
2968 2621 3411 2683 Κωνσταντινου,
3455 2619 3549 2672 ἐπὶ
3595 2615 3688 2671 τοῦ

2115 2717 2399 2793 πορφυροῢ
2445 2718 2541 2772 καὶ
2592 2716 2829 2789 μεγάλου
2876 2713 3054 2775 κίονος
3095 2711 3324 2783 ἵδρυται.
3367 2710 3412 2765 Τ
3414 2707 3538 2762 οὖτο
3590 2705 3691 2777 μὲν

2114 2813 2251 2883 ἀκοῇ
2284 2809 2499 2882 γράψας
2521 2808 2649 2880 ἔχω.
2669 2808 2877 2870 Πάντες
2906 2804 2964 2859 δέ
2986 2803 3171 2875 σχεδὸν
3196 2803 3243 2856 οἱ
3272 2800 3370 2873 τὴν
3402 2800 3693 2853 Κωνστανο

2114 2903 2262 2959 τενου
2297 2901 2452 2955 πόλιν
2480 2899 2787 2964 οἰκοῦντες,
2816 2897 3014 2970 ἀληθὲς
3052 2894 3191 2950 εἶναι
3222 2910 3374 2964 φασι.
3414 2891 3523 2945 Καὶ
3558 2890 3689 2956 τοὺς

2115 2994 2282 3065 ἥλους
2312 2992 2393 3057 δὲ,
2423 2991 2474 3045 οἳ
2506 2994 2628 3055 ταῖς
2664 2990 2823 3062 χερσὶ
2848 2987 2945 3043 τοῦ
2975 2985 3215 3059 Χριστοῦ
3244 2982 3384 3039 κατά
3417 2982 3507 3036 τὸν
3535 2998 3693 3037 σταυ-

2118 3083 2208 3155 ρδν
2230 3082 2594 3154 ἐνεπάγησαν,
2620 3082 2650 3134 6
2676 3081 3084 3145 Κωνσταντῖνος
3111 3076 3294 3132 λαϐὼν
3320 3076 3439 3148 (καὶ
3466 3074 3574 3146 γὰρ
3596 3073 3692 3127 καὶ

2113 3174 2337 3238 τούτους
2364 3176 2398 3247 ή
2424 3173 2606 3246 μήτηρ
2634 3174 2692 3228 ἐν
2707 3171 2785 3243 τῷ
2812 3173 3055 3243 μνήματι
3069 3168 3305 3241 εὑροῦσα
3325 3163 3688 3237 ἀπέστειλεν),

2115 3264 2367 3336 χαλινούς
2398 3282 2460 3318 τε
2487 3264 2584 3319 καὶ
2616 3263 3049 3335 περικεφαλαίαν
3077 3262 3340 3333 ποιήσας,
3368 3261 3426 3314 ἐν
3453 3261 3563 3321 τοῖς
3592 3274 3690 3309 πο-

2114 3355 2301 3425 λέμοις
2331 3353 2613 3426 ἐκέχρητο.
2653 3354 2939 3425 Ἑχορήγει
2979 3351 3078 3423 μὲν
3105 3347 3199 3405 οὖν
3228 3350 3409 3412 πάσας
3428 3348 3534 3412 ,τὰς
3560 3345 3691 3411 ὔλας

2117 3448 2147 3499 6
2205 3445 2455 3517 βασιλεὺς
2509 3448 2588 3509 εἰς
2635 3445 2734 3516 τὴν
2787 3442 3129 3514 κατασκευὴν
3182 3441 3290 3497 τῶν
3356 3436 3686 3509 ἐκκλησιῶν.

2119 3536 2367 3607 Ἔγραφε
2386 3536 2443 3589 δὲ
2476 3536 2570 3590 καὶ
2598 3536 2874 3608 Μακαρίῳ
2900 3535 2977 3606 τῷ
3009 3533 3311 3604 ἐπισκόπῳ,
3343 3529 3691 3584 ἐπισπεύδειν

2113 3627 2213 3692 τὰς
2246 3628 2551 3697 οἰκοδομάς.
2593 3628 2660 3682 'll
2686 3629 2744 3681 δὲ
2773 3628 2868 3682 τοῦ
2900 3627 3165 3699 βασιλέως
3188 3628 3389 3697 μήτηρ,
3419 3624 3691 3693 ποιήσασα

2115 3719 2212 3791 τὴν
2235 3719 2379 3773 Νέαν
2412 3717 2888 3790 Ἰερουσαλὴμ,καὶ
2905 3719 2961 3771 ἐν
2984 3716 3063 3787 τῶ
3084 3716 3262 3787 ἄντρῳ
3292 3715 3393 3785 τῆς
3418 3714 3689 3785 Βηθλεέμ,

2117 3811 2246 3865 ἔνθα
2287 3813 2320 3883 ή
2362 3810 2503 3865 κατά
2541 3810 2723 3882 σάρκα
2759 3811 3012 3881 γέννησις
3060 3807 3154 3862 τοῦ
3196 3804 3457 3880 Χριστοῦ,
3495 3805 3690 3877 ἑτέραν

2118 3902 2412 3973 ἐκκλησίαν
2441 3901 2537 3973 οὐχ
2566 3896 2728 3974 ἦττον
2755 3899 3156 3965 κατεσκεύαζεν
3182 3900 3280 3969 (5).
3311 3898 3386 3952 Οὐ
3421 3898 3528 3969 μὴν
3556 3896 3693 3951 ἀλλά

2122 3993 2215 4046 καὶ
2242 3996 2298 4046 ἐν
2332 3991 2411 4063 τῷ
2441 3991 2557 4063 δρει
2594 3996 2693 4063 τῆς
2721 3992 3059 4067 ἀναλήψεως.
3085 3990 3241 4049 Οὕτω
3273 3989 3330 4047 δὲ
3364 3985 3509 4061 εἶχεν
3536 3987 3692 4042 εὐλα-

1633 4173 1907 4230 VALESll
1932 4175 2493 4273 έλΝΝΟΤΑΤΙΟΝΕΒ.

504 4280 989 4355 (5)-Ἱεροιισαλὴμ
1008 4280 1654 4355 jVégyﬂesumpsithgec
1674 4280 1937 4355 Socrates
1951 4298 2014 4355 es

2123 4288 2366 4347 bendum
2420 4297 2506 4344 est
2562 4307 2574 4342 :

429 4350 658 4408 Eusebii
707 4352 853 4407 libro
898 4368 953 4406 ιιι
991 4350 1059 4407 de
1098 4352 1222 4408 Vita
1246 4350 1615 4415 Constantini,
1644 4367 1764 4423 cap.
1792 4352 1878 4407 53.
1906 4352 2016 4408 Sed

430 4424 696 4492 deceptus
717 4431 834 4487 est,
878 4438 1005 4477 cum
1052 4423 1387 4478 existimavit
1408 4422 1696 4479 ecclesiam
1714 4422 1869 4479 illam
1894 4439 2018 4492 quae

423 4493 580 4563 juxta
610 4492 944 4563 sepulcrum
968 4493 1183 4563 Domini
1229 4493 1314 4563 ab
1342 4493 1568 4563 Helena,
1618 4508 1713 4547 seu
1759 4495 1946 4563 potius
1987 4509 2019 4547 a

429 4560 812 4622 Constantino,
840 4560 1114 4614 aedificata
1140 4569 1243 4621 est,
1272 4560 1476 4614 Novam
1506 4560 1850 4616 Hierusalem
1896 4578 2018 4618 esse

430 4629 776 4698 appellatam.
802 4628 991 4697 Neque
1013 4629 1159 4683 enim
1189 4629 1242 4681 id
1285 4628 1420 4681 dicit
1444 4629 1748 4694 Eusebius;
1774 4630 1866 4684 sed
1896 4640 2020 4684 tan-

433 4697 550 4750 tum
594 4698 793 4753 alludit
815 4698 883 4751 ad
925 4713 1125 4752 novam
1153 4697 1517 4761 Hierusalem,
1544 4699 1702 4767 cujus
1726 4701 1933 4754 mentio
1958 4699 2020 4753 ﬁt

429 4769 487 4839 in
514 4768 837 4839 Apocalypsi
859 4767 1288 4839 Joannis.Vide_
1309 4782 1431 4836 qua:
1463 4769 1648 4822 notavi
1670 4768 1760 4839 ad
1810 4769 2018 4823 dictum

430 4837 612 4892 locum
637 4837 880 4893 Eusebii.
912 4839 1083 4892 Porro
1109 4838 1257 4893 hunc
1277 4837 1458 4891 locum
1483 4838 1772 4893 emendavi
1796 4854 1864 4892 ex
1889 4839 2014 4893 Flo-

432 4908 651 4978 rentino
674 4909 886 4973 codice,
912 4909 968 4962 in
991 4923 1101 4976 quo
1140 4907 1215 4962 ita
1242 4907 1466 4978 diserte
1492 4909 1775 4971 scribitur,
1816 4910 2015 4978 Ἰερου-

432 4977 617 5057 σαλήμ
640 4994 700 5057 τε
725 4980 872 5057 νέειν,
922 4986 981 5057 u_t
1016 4977 1346 5057 jampridem
1372 4980 1586 5057 monuit
1611 4995 1697 5034 me
1743 4979 2015 5057 per_l_itte-

429 5063 519 5120 ras
541 5047 720 5120 virAcl.
772 5047 1059 5120 Emericus
1082 5048 1347 5120 Bigotius,
1373 5064 1497 5103 cum
1543 5049 1723 5119 ipsum
1746 5047 2014 5105 ’codicem

429 5116 760 5186 inspexisset
785 5119 1096 5174 Florentiae.

502 5187 577 5257 ('4)
617 5188 723 5251 ’ος
744 5188 912 5258 ὲντῇ
938 5189 1087 5244 κατὰ
1133 5187 1558 5249 Κωνστατίνου
1606 5189 1805 5243 πόλιν.
1862 5188 2011 5243 Scri-

2639 4289 2698 4351 δς
2748 4287 2806 4340 ἐν
2832 4288 2899 4358 τῇ
2944 4283 3085 4358 κατά
3126 4283 3693 4358 Κωνσταντινούπολιν

2124 4359 2487 4430 ἐπιλεγομένη
2540 4358 2715 4429 ἀγορᾷ
2764 4353 3195 4430 Κωνσταντίνου.
3235 4354 3311 4430 I_)e
3371 4353 3473 4430 hac
3527 4368 3695 4422 porro

2115 4417 2835 4507 Constantini':statuﬂa'quae
2869 4441 3047 4507 super
3096 4417 3547 4507 forphvreticani
3596 4438 3693 4507 cof

2117 4504 2364 4556 lumnam
2389 4501 2446 4554 in
2472 4499 2592 4553 foro
2621 4499 2966 4553 Constantini
2991 4499 3173 4564 posita
3206 4505 3381 4564 eratL
3402 4499 3605 4564 mirum
3630 4506 3695 4546 ac

2117 4586 2259 4642 pene
2314 4568 2640 4642 incredibile
2697 4574 2781 4620 est
2835 4562 3219 4642 quodinarrat
3268 4562 3692 4642 Philostorgius,

2117 4631 2236 4695 eam
2265 4656 2296 4693 a
2326 4638 2527 4710 populo
2573 4637 2704 4691 illuc
2724 4631 3047 4710 cum—cereis
3078 4634 3439 4687 conveniente
3475 4631 3694 4710 adorari

2119 4700 2358 4763 solitarii.
2394 4700 2452 4762 id
2486 4715 2669 4779 tamen
2682 4704 3005 4779 testimonio
3032 4717 3250 4779 quoque
3284 4718 3384 4779 suo
3406 4700 3697 4779 confirmat

2120 4779 2489 4834 Theodoritus
2550 4777 2607 4830 in
2658 4775 2806 4830 libro
2865 4769 3068 4843 primo'
3120 4769 3372 4843 Historia:
3432 4769 3695 4843 ecclesia-

2115 4850 2265 4904 stic'e
2297 4846 2681 4919 capnultim‘o:
2808 4838 2885 4919 ᾷέἶ
2905 4860 2989 4906 τις
3030 4842 3256 4919 ἐκεινοις
3285 4841 3575 4919 ῥιαπιστεῖ,
3628 4838 3697 4919 τὰ

2114 4920 2209 4973 νῦν
2243 4906 2495 4989 περὶέτὴν
2517 4916 2725 4969 ἐκείνου
2764 4913 2938 4989 θήκην
2970 4912 3065 4989 xu}
3091 4910 3183 4963 τὸν
3215 4910 3508 4989 ἀνδριάντα
3540 4906 3690 4975 γενόο

2119 5005 2264 5058 μενα
2298 4979 2530 5058 βλέπωμν,
2564 4979 3083 5058 πιστευσάσθωμτοξς
3114 4979 3554 5058 γεγραμμένοις.

2187 5048 2418 5130 (Si-0625
2458 5048 2641 5126 ἧττον
2678 5048 3135 5111 κατεσκεύαζεν.
3173 5048 3540 5105 scribendum
3589 5052 3695 5109 est,

2121 5130 2223 5207 οὐχ
2254 5129 2473 5197 ἥττονα.

1880 5341 2238 5399 V’ARIORUM
2249 5385 2260 5398 .

427 5460 602 5517 currit
625 5459 767 5527 apud
790 5458 1110 5521 Eusebium,
1141 5458 1333 5529 inloco
1357 5458 1488 5511 huic
1513 5457 1794 5529 parallelo,
1824 5458 1920 5512 lib.
1949 5474 2005 5511 ιιι

425 5534 494 5585 de
520 5531 642 5585 Vita
662 5530 972 5591 Constant,
999 5543 1117 5597 cap.
1146 5527 1234 5581 ‘28.
1264 5528 1466 5581 Verum
1509 5528 1749 5597 Cyrillus
1789 5528 2006 5597 cpisco-

427 5617 530 5672 pus
545 5599 1090 5672 Hierosolymitanus,
1107 5598 1405 5672 quieodem
1429 5597 1628 5672 sagcuio
1642 5598 1795 5672 vixit.
1818 5605 2007 5672 aperte

431 5668 662 5725 testatur
681 5668 886 5742 lignum
905 5669 1117 5724 Sancta:
1135 5668 1314 5723 crucis
1331 5668 1825 5743 imp.Constantino
1870 5668 2010 5722 divi-

2108 5460 2262 5512 nitus
2293 5465 2576 5512 ostensum
2602 5496 2617 5518 ,
2668 5457 2724 5510 in
2746 5456 2977 5525 epistola
3001 5456 3067 5510 ad
3098 5454 3268 5510 ﬁlium
3286 5456 3405 5525 ejus
3432 5452 3700 5525 Conslan-

2109 5528 2278 5593 tinm;
2308 5528 2438 5580 item
2469 5526 2524 5579 in
2543 5523 2816 5581 catechesi
2847 5525 2916 5596 de
2941 5527 3062 5596 ejus
3086 5523 3405 5580 inventione
3426 5523 3691 5596 loquitur,

2113 5607 2174 5652 nt
2197 5592 2346 5652 dere
2386 5596 2643 5650 omnibus
2664 5603 2813 5650 nota.
2841 5592 3107 5661 Quocirca
3152 5597 3221 5651 de
3267 5592 3699 5665 liistoritehujus

2125 5668 2229 5723 fide
2261 5666 2500 5721 dubitari
2526 5681 2634 5721 non
2658 5673 2858 5737 potest.
2889 5666 2973 5721 W.
3002 5666 3218 5720 Lowrn.
