4046 6204
294 182 400 237 125

1744 186 2082 245 SCCRATIS

3467 179 3577 233 124

291 304 450 373 cujus
471 301 730 373 praesidio
758 313 908 360 tutus
938 307 1140 378 ubique
1162 318 1283 364 erat
1306 309 1721 373 Constantinus,
1749 316 1881 361 tunc

1986 301 2277 374 ἐκκλησίας
2325 301 2498 355 ἐποίει
2527 317 2542 333 ο
2592 300 2689 355 καὶ
2734 300 2865 370 μίαν
2917 297 3018 370 μὲν
3066 299 3126 353 ἐν
3158 299 3225 368 τῇ
3262 297 3573 370 καλουμένῃ

292 395 529 464 primum
557 396 792 464 amplexi
817 396 945 452 sint.
962 399 1081 469 Ipse
1106 416 1234 455 vero
1257 403 1393 456 alias
1415 417 1607 456 rursus
1622 399 1886 455 ecclesias

292 485 617 539 aediﬁcavit:
651 496 708 541 et
746 504 908 542 unam
944 492 1165 560 quidem
1204 493 1273 547 ad
1313 508 1581 562 quercum
1618 491 1881 555 Mambre,

293 576 397 630 sub
425 593 532 646 qua
556 579 775 647 angelos
800 580 1038 650 hospitio
1063 592 1322 654 exceptos
1348 585 1418 638 ab
1456 584 1773 638 Ahrahamo
1795 582 1884 635 di-

290 665 419 719 vina
450 673 718 720 testantur
739 670 1029 734 oracula”,
1050 674 1376 727 construxit.
1395 671 1532 727 Cum
1558 672 1706 725 enim
1730 685 1884 725 com-

294 755 527 825 perisset
567 772 690 811 aras
726 758 829 811 sub
869 775 933 813 ea
958 777 1165 829 quercu
1201 765 1409 832 positas
1440 779 1582 827 esse,
1609 770 1665 817 et
1703 764 1886 833 genti-

297 846 432 900 lium
476 846 583 900 ritu
622 848 732 902 illic
768 849 1034 905 sacriﬁcia
1075 854 1262 924 peragi
1286 894 1299 915 ,
1338 854 1634 908 Eusebium
1661 855 1885 924 quidem

296 936 685 992 Caesariensem
707 941 1023 1010 episcopum
1071 945 1312 1013 graviter
1337 960 1435 1014 per
1457 945 1673 1000 litteras
1696 961 1888 1015 repre-

298 1026 533 1081 hendit:
569 1045 719 1083 aram
757 1048 890 1086 vero
928 1033 1101 1103 ipsam
1137 1035 1461 1100 disturbari,
1493 1045 1551 1091 et
1596 1037 1887 1091 ecclesiam

290 1117 447 1187 juxta
470 1135 735 1188 quercum
764 1122 1021 1178 fabricari
1044 1127 1234 1195 jussit.
1262 1127 1507 1182 Alteram
1535 1143 1669 1182 vero
1706 1129 1885 1183 eccle-

297 1207 433 1261 siam
482 1210 751 1280 Heliopoli
800 1213 857 1266 in
903 1216 1166 1272 Phoenice
1211 1219 1457 1274 construi
1503 1219 1765 1287 praecepit
1815 1220 1887 1273 ob

298 1299 615 1370 huiusmodi
639 1320 880 1360 causam.
910 1307 1250 1387 lleliopolitaa
1273 1325 1437 1379 quem
1460 1310 1891 1387 olimvlegislato-

300 1405 416 1443 rem
446 1391 762 1459 habuerint,
788 1405 844 1450 et
870 1384 1176 1467 cujusmodi
1208 1402 1457 1456 moribus
1483 1402 1531 1456 is
1552 1384 1720 1456 fuerit
1745 1418 1886 1470 prae-

299 1481 478 1546 ditus,
524 1486 777 1554 equidem
821 1504 932 1543 non
978 1505 1203 1558 possum
1250 1493 1434 1548 dicere
1464 1512 1478 1547 :
1506 1510 1697 1549 verum
1741 1494 1889 1549 illius

299 1585 481 1625 mores
505 1572 702 1628 civitas
726 1575 840 1643 ipsa
865 1578 1000 1632 satis
1034 1580 1292 1635 ostendit.
1319 1581 1531 1652 Quippe
1567 1584 1713 1651 apud
1766 1583 1889 1639 illos

298 1657 385 1712 lex
422 1661 598 1729 patria
635 1663 794 1731 jubet
830 1680 1030 1721 uxores
1071 1684 1391 1725 communes
1425 1686 1565 1726 esse.
1594 1671 1775 1737 Quam
1815 1673 1888 1727 ob

302 1761 522 1802 causam
548 1751 739 1804 incerti
759 1754 902 1822 apud
928 1770 1022 1809 eos
1039 1764 1196 1810 erant
1222 1758 1401 1812 liberi.
1421 1760 1717 1815 Parentum
1739 1761 1888 1815 enim

302 1852 366 1891 ac
387 1838 684 1893 liberorum
710 1843 860 1896 nulla
886 1852 1002 1897 erat
1028 1845 1328 1901 distinctio.
1354 1849 1608 1919 Virgines
1630 1866 1761 1904 vero
1785 1850 1887 1904 ho-

303 1931 537 1999 spitibus
586 1934 678 2001 qui
716 1934 784 1987 ad
820 1935 965 2003 ipsos
990 1947 1273 2003 venerant,
1308 1942 1742 2010 constuprandas
1781 1950 1890 1996 tra-

302 2018 525 2073 debant.
562 2021 676 2075 Hoc
719 2022 1057 2091 institutum,
1092 2027 1238 2095 quod
1283 2028 1353 2081 ab
1388 2029 1580 2083 ultima
1615 2038 1887 2086 vetustate

302 2110 449 2177 apud
495 2112 617 2167 illos
662 2114 998 2181 obtinuerat,
1048 2117 1349 2187 imperator
1391 2120 1611 2175 abolere
1652 2122 1883 2177 studuit.

304 2198 531 2255 Sublato
558 2204 703 2257 enim
742 2221 839 2274 per
878 2208 1163 2271 honestam
1200 2210 1373 2281 legem
1407 2214 1730 2282 turpissima:
1753 2230 1886 2269 con-

304 2293 617 2348 suetudinis
661 2295 871 2366 flagitio
892 2339 905 2361 ,
942 2299 994 2352 id
1019 2300 1251 2368 perfecit
1276 2310 1333 2354 ut
1357 2303 1563 2371 seipsas
1588 2320 1886 2375 cognosce-

303 2392 425 2438 rent
457 2385 694 2441 familiaa.
737 2390 995 2446 Ecclesiis
1028 2402 1290 2460 praeterea
1328 2394 1629 2458 :edilieatis,
1669 2397 1884 2466 episco-

302 2495 431 2549 pum
493 2481 603 2536 illic
665 2484 942 2549 ordinari,
989 2494 1044 2539 et
1098 2502 1314 2541 sacrum
1368 2489 1577 2542 clerum
1624 2489 1885 2543 constitui

301 2572 532 2624 curavit.
555 2571 613 2625 ln
646 2573 793 2627 hunc
828 2575 1047 2628 modum
1086 2575 1384 2644 imperator
1436 2577 1886 2647 Hcliopolitarum

303 2673 485 2714 mores
529 2676 596 2714 ex
650 2663 901 2729 pessimis
972 2664 1334 2719 modestiores
1386 2666 1645 2720 reddidit.
1707 2667 1880 2722 Simili

302 2751 514 2805 ratione
568 2751 858 2807 delubrum
919 2755 1148 2809 Veneris
1216 2757 1270 2810 in
1324 2757 1562 2826 Aphacis
1603 2759 1671 2812 ad
1731 2775 1886 2814 mon-

303 2849 411 2895 tem
439 2842 704 2896 Libanum
731 2844 1048 2908 demolitus,
1076 2846 1310 2901 nefanda
1343 2864 1464 2916 qua:
1491 2849 1602 2902 illic
1627 2852 1884 2904 commit-

1986 394 2107 465 δρυῒ
2138 398 2204 466 τῇ
2224 394 2489 465 Μαμϐρῇ,
2518 394 2607 463 ὑφ’
2626 393 2693 463 ἢν
2709 394 2835 455 τοὺς
2857 391 3121 459 ἀγγέλους
3138 389 3404 454 ἐξενίσθαι
3434 392 3573 461 πρὸς

1985 483 2078 536 τοῦ
2121 483 2368 553 Ἀϐρααμ
2406 484 2455 535 οἱ
2491 481 2625 551 ἱεροὶ
2652 481 2801 548 λόγοι
2848 478 3143 550 μηνύουσι,
3176 478 3570 541 κατεσκεύαζε.

1987 575 2189 629 Μαθὼν
2216 576 2324 646 γὰρ
2343 578 2371 628 6
2401 575 2650 645 βασιλεὺς
2674 573 2889 643 βωμοὺς
2918 572 3021 624 ὑπὸ
3042 574 3107 642 τῇ
3138 569 3263 641 δρυῒ
3300 570 3570 641 ἱδρῦσθαι,

1987 667 2080 718 καὶ
2114 666 2303 730 θυσίας
2346 665 2657 735 Ἑλληνικὰς
2676 662 2945 717 τελεῖσθαι
2975 663 3060 715 ἐπ’
3085 662 3251 730 αὐτῷ,
3298 661 3573 732 μέμφεται

1993 758 2096 827 μὲν
2127 758 2195 811 δι’
2223 757 2511 826 ἐπιστολῆς
2564 755 2809 825 Εὑσεϐίῳ
2839 752 2917 824 τῷ
2953 755 3052 822 τῆς
3082 752 3418 822 Καισαρείας
3447 754 3570 806 ἐπι-

1990 849 2215 919 σκόπῳσ
2260 848 2473 901 κελεύει
2512 848 2604 911 δὲ,
2631 844 2722 899 τὸν
2764 845 2863 915 μὲν
2916 845 3100 915 βωμὸν
3150 844 3563 915 ἀνατραπῆναι’

1988 940 2124 1009 πρὸς
2149 939 2206 992 δὲ
2234 939 2331 1009 τὴν
2358 939 2488 1009 δρῦν
2517 936 3031 1006 κατασκευασθῆναι
3057 932 3205 988 οἷκον
3252 936 3565 1006 εὐκτήριον.

2000 1030 2222 1100 Ἑτέραν
2254 1030 2312 1082 δὲ
2355 1029 2648 1100 ἐκκλησίαν
2677 1030 2735 1080 ἐν
2769 1027 2949 1080 Ἡλίου
2996 1026 3147 1081 πόλει
3187 1029 3287 1097 τῆς
3321 1027 3572 1095 Φοινίκης

1988 1119 2494 1191 κατασκευασθῆναι
2523 1117 2851 1189 προσέταξε,
2892 1117 2956 1169 δι’
2980 1116 3158 1170 αἰτίαν
3180 1116 3437 1186 τοιαύτην
3468 1133 3483 1147 δ
3513 1117 3564 1169 οί

2000 1210 2182 1263 Ἠλίου
2215 1210 2448 1274 πολῖται,
2488 1208 2610 1262 τινα
2652 1208 2750 1277 μὲν
2781 1207 2937 1276 ἔσχον
2975 1206 3037 1271 ἐξ
3070 1206 3241 1277 ἀρχῆς
3273 1206 3572 1279 νομοθέτην

1987 1302 2089 1355 οὐκ
2118 1301 2226 1373 ἔχω
2253 1304 2447 1365 εἰπεῖν,
2483 1304 2665 1363 ὁποῖος
2690 1296 2756 1371 ἦν
2782 1299 2842 1352 τὺ
2866 1295 2998 1369 ἦθος
3017 1315 3032 1330 ο
3052 1298 3114 1351 τὸ
3132 1298 3191 1351 δὲ
3222 1294 3352 1369 ἦθος
3378 1300 3442 1352 ἐκ
3468 1298 3571 1369 τῆς

1992 1391 2205 1453 πόλεως
2235 1391 2531 1446 δείκνυται.
2560 1391 2761 1454 Κοινὰς
2794 1390 2902 1460 γὰρ
2930 1385 3069 1442 εἶναι
3092 1391 3224 1460 παρ’
3256 1391 3439 1453 αὐτοῖς
3470 1390 3572 1454 τὰς

1988 1485 2251 1551 γυναῖκας
2307 1482 2571 1553 ἐγχώριος
2615 1482 2778 1553 νόμος
2831 1481 3069 1536 ἐκέλευε.
3121 1482 3231 1535 Καὶ
3251 1481 3337 1535 διὰ
3372 1480 3566 1547 τοῦτο,

1990 1572 2271 1642 ἀμφίϐολα
2298 1572 2394 1641 μὲν
2424 1567 2491 1642 ἦν
2521 1572 2653 1642 παρ’
2693 1573 2876 1634 αὐτοῖς
2902 1570 2973 1623 τὰ
3011 1571 3325 1640 τικτόμενα.
3361 1571 3569 1625 Γονέων

1992 1666 2111 1736 γαρ»
2134 1666 2229 1718 καὶ
2255 1664 2458 1717 τέκνων
2480 1662 2703 1734 οὐδεμία
2732 1663 2999 1733 διάκρισις
3021 1658 3110 1732 ἦν.
3151 1663 3263 1725 Τὰς
3287 1662 3343 1715 δέ
3366 1662 3569 1732 παρθέο

1991 1773 2114 1818 νους
2148 1759 2261 1819 τοῖς
2294 1755 2549 1826 παριοῦσι
2589 1755 2664 1824 (9)
2702 1752 2869 1817 ξένοις
2895 1755 3153 1823 παρεῖχον
3187 1752 3565 1823 πορνεύεσθαι.

1991 1849 2101 1901 Καὶ
2133 1847 2290 1899 τοῦτο
2338 1846 2396 1911 ἐξ
2428 1845 2655 1916 ἀρχαίου
2694 1844 2929 1916 κρατοῦν
2966 1845 3095 1915 παρ’
3147 1844 3329 1906 αὐτοῖς
3352 1883 3365 1904 ,
3406 1843 3566 1896 λῦσαι

1989 1940 2305 1993 ἐσπούδασε.
2341 1939 2509 2008 Νόμῳ
2559 1938 2668 2009 γὰρ
2719 1937 2900 2007 σεμνῷ
2940 1937 3047 1990 τῶν
3091 1936 3331 2006 αἰσχρῶν
3362 1935 3567 1989 ἀνελὼν

1986 2033 2046 2085 τὸ
2075 2031 2145 2102 μῦ
2158 2048 2264 2093 σος,
2282 2032 2347 2085 τὰ
2368 2030 2496 2101 γένη
2530 2030 2697 2083 ἑαυτὰ
2726 2028 3104 2099 ἐπιγινώσκειν
3134 2027 3563 2097 παρεσκεύασεν.

1998 2121 2324 2193 Ἐκκλησίας
2349 2139 2406 2175 τε
2438 2121 2649 2183 κτίσας,
2685 2123 2778 2174 καὶ
2803 2122 3099 2173 ἐπίσκοπον
3127 2118 3567 2189 χειροτονηθῆναι

1989 2213 2381 2283 παρεσκεύασε,
2417 2213 2509 2265 καὶ
2538 2212 2741 2283 κλῆρον
2784 2213 2948 2283 ἱερόν.
2984 2211 3140 2264 Οῦτω
3168 2211 3237 2264 τὰ
3286 2210 3567 2265 Ἡλιουπο-

1987 2303 2147 2356 λιτῶν
2194 2303 2341 2357 κακᾶ
2378 2302 2714 2374 μετριώτερα
2757 2304 3147 2373 ἀπειργάσατο.
3194 2301 3567 2374 Παραπλησίῳ

1985 2393 2042 2446 δὲ
2075 2394 2260 2464 τρόπῳ
2289 2393 2381 2446 καὶ
2421 2393 2480 2445 τὺ
2507 2395 2561 2445 έν
2609 2392 2866 2462 ’Λφάκοις
2894 2392 2985 2446 τοῦ
3026 2392 3258 2446 Λιϐάνου
3295 2392 3435 2463 ἱερὸν
3465 2392 3567 2462 τῆς

1999 2483 2313 2554 Ἀφροδίτης
2358 2482 2629 2548 καθελὼν,
2663 2484 2763 2546 τὰς
2810 2486 2924 2536 ἐκεῖ
2967 2485 3294 2555 γιγνομένας
3342 2483 3567 2554 ἀναίδην

1984 2577 2375 2646 ἁρρητθπθιῖίς
2404 2575 2648 2645 ἐξέκοψε·
2697 2575 2762 2627 Τί
2790 2576 2834 2628 δ’
2865 2575 2930 2628 ἂν
2962 2578 3189 2647 εἴποιμι,
3219 2578 3364 2638 ὅπως
3392 2575 3482 2629 τὸν
3508 2577 3567 2629 ἐν

1985 2666 2206 2735 Κιλικίᾳ
2254 2665 2567 2719 Πυθωνικὸν
2605 2666 2831 2737 ἐξήλασε
2858 2667 3109 2737 δαίμονα,
3137 2669 3226 2719 τὸν
3253 2665 3398 2721 οῗκον
3437 2669 3494 2719 ὲν

1985 2758 2335 2827 ἐνεφώλευεν,
2359 2761 2420 2812 ἐκ
2440 2758 2701 2828 θεμελίων
2721 2760 3099 2831 ἀνατραπῆναι
3122 2759 3398 2824 κελεύσας,
3424 2760 3562 2812 Τοσ-

1984 2848 2140 2911 οὗτος
2169 2849 2223 2900 δὲ
2254 2843 2321 2919 ἦν
2350 2851 2378 2901 ὁ
2416 2849 2507 2901 τοῦ
2541 2849 2814 2918 βασιλέως
2850 2851 2978 2920 περὶ
3018 2851 3108 2902 τὸν
3140 2850 3561 2920 Χριστιανισμὸν

303 2932 560 2985 tcbantur
588 2933 786 3002 ﬂagitia
812 2936 1031 3002 penitus
1054 2939 1396 3006 exstirpavit.
1416 2937 1555 3003 Quid
1582 2956 1712 2994 vero
1738 2957 1884 2995 com-

1989 2936 2169 2999 πόθος,
2197 2937 2272 3000 ὼς
2294 2938 2386 2990 καὶ
2404 2935 2672 3008 Περσικοῦ
2706 2936 2988 3008 μέλλοντος
3014 2938 3274 2990 κινεῖσθαι
3304 2937 3559 3007 πολέμου,

302 3037 622 3087 memorem,
675 3026 1133 3093 quemadmodum
1177 3028 1536 3098 Pythoaicum
1581 3032 1884 3090 daemonem

302 3113 360 3167 in
381 3112 567 3168 Cilicia
593 3114 830 3184 fugavit,
857 3118 973 3171 aede
999 3118 1053 3172 in
1087 3135 1194 3189 qua
1231 3120 1319 3175 ille
1356 3121 1731 3192 delitescebat,
1758 3128 1884 3182 fun-

302 3204 451 3258 ditus
472 3205 646 3257 everti
678 3206 869 3273 jussa?
896 3206 1102 3263 Tantus
1144 3224 1309 3278 porro
1333 3212 1388 3266 in
1426 3212 1519 3268 illo
1545 3224 1661 3270 erat
1682 3219 1886 3273 amoris

303 3295 468 3349 ardor
488 3309 615 3365 erga
637 3295 841 3351 Christi
869 3298 1213 3368 religionem,
1240 3311 1300 3356 ut
1324 3320 1447 3358 eum
1472 3306 1675 3361 bellum
1701 3309 1883 3364 Persi-

304 3402 431 3441 cum
459 3387 788 3453 immineret,
806 3391 1219 3447 tabernaculum
1247 3396 1313 3449 ad
1340 3397 1513 3451 instar
1528 3400 1791 3467 ecclesiae,
1818 3420 1886 3458 ex

303 3475 415 3547 49
431 3478 596 3531 variis
613 3478 881 3549 pictisque
898 3481 1031 3535 velis
1043 3483 1236 3538 confici
1251 3487 1496 3555 jusserit,
1516 3490 1658 3543 sicut
1676 3491 1886 3564 Moyses

304 3570 434 3623 olim
452 3570 506 3623 in
524 3572 817 3628 solitudine
839 3573 1043 3628 fecerat
1071 3617 1084 3639 ,
1114 3584 1279 3646 atque
1307 3578 1441 3633 illud
1466 3596 1650 3635 secum
1676 3583 1883 3652 portari

305 3661 574 3726 voluerit,
593 3670 655 3716 ut
678 3664 733 3717 in
759 3665 895 3719 locis
916 3667 1080 3720 etiam
1106 3668 1495 3726 desertissimis
1518 3682 1767 3741 paratum
1791 3675 1885 3729 ha-

306 3751 465 3806 beret
502 3756 822 3809 oratorium.
865 3756 971 3811 Sed
1016 3759 1217 3813 bellum
1261 3777 1328 3815 eo
1370 3764 1589 3832 quidem
1640 3772 1884 3836 tempore

306 3841 539 3895 ulterius
561 3858 670 3897 non
711 3847 995 3913 processit.
1025 3847 1218 3902 Statim
1242 3852 1388 3904 enim
1425 3855 1751 3909 exstinctum
1779 3864 1881 3921 est,

305 3931 376 3985 ob
413 3942 616 3986 metum
651 3950 813 4002 quem
854 3937 1037 3992 Persis
1074 3940 1372 4009 imperator
1407 3945 1729 4001 incusserat.
1764 3950 1884 4004 .lam

304 4037 436 4076 vero
476 4023 621 4092 quod
663 4024 717 4078 in
761 4028 1065 4083 condendis
1110 4031 1274 4083 etiam
1322 4034 1553 4089 urbibus
1588 4038 1883 4105 plurimum

304 4112 471 4165 studii
494 4114 758 4182 posuerit,
778 4124 831 4170 et
848 4119 1308 4187 quemadmodum
1325 4138 1389 4176 ex
1408 4125 1732 4192 quibusdam
1752 4129 1886 4185 vicis

305 4206 558 4260 civitates
594 4208 861 4277 effecerit,
887 4218 948 4264 ut
979 4212 1287 4283 Drepanem
1314 4230 1381 4270 ex
1411 4218 1602 4273 matris
1640 4220 1881 4285 nomine,

304 4305 360 4351 et
382 4296 437 4350 in
459 4297 744 4353 Palaestina
767 4300 1145 4357 Constantiam
1162 4320 1230 4357 ex
1254 4305 1460 4360 sororis
1486 4322 1596 4362 suae
1620 4309 1883 4364 vocabulo

304 4390 609 4457 appellarit,
652 4393 1093 4462 intempestivum
1129 4396 1369 4452 arbitror
1392 4398 1483 4452 hic
1519 4400 1745 4455 referre.
1773 4402 1884 4456 Neu

304 4489 410 4540 que
432 4474 579 4527 enim
613 4478 773 4531 nobis
796 4484 1135 4548 propositum
1175 4493 1260 4539 est
1309 4502 1396 4539 res
1430 4497 1611 4554 gestas
1646 4489 1885 4558 impera-

306 4562 442 4615 toris
487 4579 679 4619 omncs
731 4582 1052 4632 recensere,
1099 4573 1193 4625 sed
1242 4588 1337 4626 eas
1380 4581 1592 4628 tantum
1650 4594 1770 4645 qua:
1815 4581 1884 4633 ad

303 4653 508 4707 Christi
534 4656 850 4725 religionem
876 4662 1173 4727 pertinent,
1202 4670 1259 4716 et
1282 4664 1554 4733 praecipue
1579 4682 1700 4735 qua:
1739 4669 1883 4723 circa

303 4743 562 4799 ecclesias
595 4747 962 4818 contigerunt.
987 4752 1221 4807 Proinde
1250 4754 1505 4822 praeclara
1536 4755 1883 4826 imperatoris

304 4833 577 4900 facinora,
617 4839 819 4909 quippe
851 4856 971 4911 qua:
1023 4843 1250 4899 alterius
1296 4845 1405 4899 sint
1449 4851 1787 4918 argumenti,
1826 4859 1883 4905 et

304 4925 585 4995 proprium
633 4946 773 4997 opus
813 4932 1146 4999 desiderent,
1188 4938 1312 4993 aliis
1360 4939 1631 5008 relinquo,
1679 4941 1773 5009 qui
1818 4958 1883 4996 ea

304 5017 587 5072 commode
628 5032 855 5087 possunt
885 5025 1247 5092 perscribere.
1274 5028 1386 5098 Ego
1413 5045 1564 5092 vero,
1589 5029 1634 5082 si
1658 5030 1881 5099 quidem

304 5106 545 5162 Ecclesia
563 5125 758 5179 expers
774 5114 1060 5170 seditionis
1074 5133 1138 5171 ac
1159 5118 1445 5174 discordiae
1458 5122 1869 5190 permansisset,

305 5193 420 5263 ipse
441 5210 659 5266 quoque
681 5200 901 5267 penitus
921 5203 1326 5261 conticuissem.
1351 5207 1562 5278 Quippe
1587 5208 1679 5262 ubi
1704 5224 1870 5279 argu-

377 5311 421 5344 ²⁰
445 5309 582 5370 Gen.
611 5331 760 5381 XVIII,
798 5315 823 5370 ί
858 5333 977 5389 sqq.

1990 3031 2400 3090 κατασκευάσας
2427 3031 2630 3101 σκηνὴν
2660 3033 2721 3084 ἐκ
2750 3031 2998 3096 ποικίλης
3022 3029 3230 3095 ὀθόνης,
3274 3028 3563 3097 ἐκκλησίας

1985 3124 2152 3177 τύπον
2198 3122 2599 3185 ἀποτελοῦσαν,
2652 3121 2841 3193 ὥσπερ
2878 3123 3121 3191 Μιοῡσῆς
3151 3124 3207 3174 ἐν
3253 3124 3319 3192 τῇ
3373 3123 3565 3192 ἐρήμῳ

1990 3217 2300 3284 πεποιήκει,
2346 3215 2440 3268 καὶ
2467 3213 2670 3285 ταύτην
2703 3212 2985 3286 φέρεσθαι,
3018 3214 3102 3265 ἵνα
3131 3213 3243 3283 ἔχοι
3279 3212 3420 3265 κατὰ
3440 3215 3564 3277 τοὺς

1988 3307 2355 3376 ἐρημοτάτους
2385 3305 2583 3368 τόπους
2611 3306 2896 3377 εῦκτήριον
2930 3304 3379 3374 ηὑτρεπισμένον.
3426 3304 3564 3356 Ἀλλ’

1985 3399 2046 3451 οῦ
2088 3398 2291 3469 προέϐη
2313 3397 2433 3450 τότε
2474 3398 2502 3449 6
2534 3397 2786 3467 πόλεμος
2834 3397 2970 3468 ἔφθη
3004 3398 3110 3469 γὰρ
3151 3396 3256 3449 δέει
3286 3395 3378 3449 τοῦ
3411 3395 3564 3466 βασι-

1985 3488 2122 3550 λέως
2173 3487 2481 3558 σϐεσθῆναι.
2517 3488 2721 3541 ’Ὀτιδέ
2772 3489 2863 3540 καὶ
2914 3487 3042 3558 περὶ
3082 3488 3142 3540 τὸ
3176 3486 3434 3558 ἀνορθοῦν
3467 3486 3565 3549 τὰς

1989 3580 2169 3642 πόλεις
2200 3579 2482 3642 σπουδαῖος
2531 3574 2599 3648 ἦν
2636 3581 2662 3632 6
2708 3579 2982 3648 βασιλεὺς,
3038 3579 3132 3631 καὶ
3176 3579 3324 3640 ὅπως
3371 3577 3566 3649 κώμας

1988 3670 2204 3732 πολλὰς,
2230 3670 2411 3732 πόλεις
2431 3669 2731 3733 ἀπέδειξεν,
2754 3669 2828 3732 ὡς
2844 3670 2941 3740 τὴν
2958 3670 3260 3740 Δρεπάνην,
3281 3669 3567 3739 ἐπώνυμον

1985 3758 2084 3827 τῆς
2122 3758 2347 3829 μητρὸς,
2382 3759 2477 3811 καὶ
2525 3760 2582 3812 ὲν
2644 3758 2979 3830 Παλαιστίνῃ
3026 3759 3429 3823 Κωνσταντίαν,
3477 3759 3563 3811 ἐπ’

1985 3848 2207 3918 ὀνόματι
2279 3848 2381 3918 τῆς
2452 3847 2644 3902 ἑαυτοῦ
2705 3848 2936 3918 ἀδελφῆς
2990 3850 3400 3913 Κωνσταντίας,
3465 3851 3565 3903 οὐκ

1987 3939 2239 4009 εὔκαιρον
2272 3938 2511 4009 ἡγοῦμαι
2553 3940 2806 4010 γράφειν.
2855 3942 2930 3993 Οὐ
2986 3940 3092 4010 γὰρ
3145 3941 3429 4011 πρόκειται
3467 3941 3565 4003 τὰς

1988 4030 2216 4100 πράξεις
2246 4029 2339 4081 τοῦ
2394 4029 2657 4099 βασιλέως
2705 4029 2977 4102 ἀριθμεῖν,
3011 4032 3091 4085 ὃτι
3147 4031 3221 4102 μὴ
3266 4033 3384 4085 ὅσαι
3430 4032 3566 4102 πρὸς

1987 4117 2029 4168 Χ
2041 4117 2417 4187 ριστιανισμὸν
2450 4117 2803 4188 ἀρμόζουσιν,
2826 4118 2939 4172 ἀλλ’
2959 4122 3078 4173 ὅσαι
3119 4122 3277 4189 μόνον
3309 4121 3438 4192 ’περὶ⁵
3465 4124 3564 4185 τὰς

1987 4207 2283 4278 ἐκκλησίας
2310 4207 2573 4276 ἐγένοντο.
2624 4209 2715 4263 Διὸ
2740 4209 2806 4263 τὰ
2854 4211 3250 4283 κατορθώματα
3284 4212 3375 4266 τοῦ
3407 4212 3562 4281 βασι-

1915 4292 2123 4361 υλέως
2186 4297 2377 4369 ἐτέρας
2439 4300 2747 4365 ὑποθέσεως
2799 4302 2967 4367 ὄντα,
3027 4303 3161 4368 ἰδίας
3218 4322 3277 4357 τε
3336 4305 3564 4374 δεόμενα

1982 4390 2385 4461 πραγματείας,
2427 4392 2632 4462 ἑτέροις
2676 4394 2897 4463 ἀρίημι,
2924 4397 3034 4457 τοῖς
3080 4396 3146 4448 τὰ
3177 4396 3400 4449 τοιαῦτα
3435 4413 3565 4465 συγο

1982 4482 2213 4551 γράφειν
2255 4483 2593 4551 δυναμένοις·
2650 4484 2761 4552 ἐγὼ
2808 4486 2887 4549 δὲ,
2945 4489 2989 4539 εἰ
3043 4487 3141 4557 μὲν
3188 4487 3491 4557 ἀδιαίρετος
3528 4490 3562 4557 ἠ

1982 4569 2247 4640 ἐκκλησία
2301 4574 2639 4642 μεμενήκει,
2690 4575 2784 4627 καὶ
2822 4576 2981 4639 αὐτὸς
3014 4578 3239 4648 ἡσυχίαν
3294 4579 3359 4632 ἂν
3404 4574 3560 4647 ἦγον.

1987 4663 2159 4714 Ὅπου
2186 4664 2290 4732 γὰρ
2320 4663 2571 4728 ὑπόθεσις
2595 4666 2668 4737 μὴ
2685 4671 2909 4739 χορηγεῖ
2928 4670 2995 4721 τὰ
3013 4672 3129 4737 γινό
3137 4687 3292 4740 μενοι,
3313 4674 3562 4741 περιττὸς

1981 4755 2009 4806 6
2030 4753 2204 4820 λέγων
2234 4755 2397 4810 ἐστίν.
2446 4756 2665 4829 Ἐπειδὴ
2695 4760 2752 4812 δὲ
2778 4761 2875 4831 τὴν
2909 4762 3272 4832 ἀποστολικὴν
3308 4762 3400 4815 τοῦ
3430 4764 3472 4814 Χ
3483 4781 3558 4832 ρι·

1981 4846 2299 4916 στιανισμοῦ
2353 4849 2562 4913 πίστιν,
2623 4851 2655 4921 ἡ
2703 4850 3013 4924 διαλεκτικὴ
3063 4854 3156 4919 καὶ
3208 4854 3337 4925 κενὴ
3376 4855 3561 4921 ἀπάτη

1982 4937 2229 5006 συνέχεεν
2251 4940 2307 4990 ἐν
2328 4940 2507 5009 ταῦτῴ
2534 4941 2625 4993 καὶ
2657 4941 2987 5014 διέσπειρεν,
3022 4944 3206 5015 ᾠήθην
3233 4946 3343 4997 δεῖν
3374 4948 3559 5016 γραφῇ

1979 5028 2151 5082 ταῦτα
2181 5031 2536 5100 παραδοῦναι,
2588 5035 2736 5098 ὅπως
2784 5035 2849 5090 ἂν
2897 5037 2972 5108 μὴ
3028 5039 3207 5107 ἁφανῆ
3238 5039 3458 5107 γένηται
3495 5038 3565 5090 τὰ

1983 5120 2123 5173 κατά
2156 5122 2254 5185 τὰς
2298 5123 2592 5192 ἐκκλησίας
2622 5129 2909 5197 γενόμενα·
2960 5132 2991 5199 ἡ
3042 5129 3150 5200 γὰρ
3182 5130 3311 5199 περὶ
3357 5129 3563 5182 τούτων

1981 5211 2202 5279 γνῶσις,
2239 5213 2390 5285 παρὰ
2417 5215 2514 5283 μὲν
2541 5219 2652 5281 τοῖς
2694 5219 2907 5282 πολλοῖς
2958 5220 3052 5273 καὶ
3093 5222 3343 5275 εῦκλειαν
3384 5223 3556 5292 φέρει·

1506 5441 1775 5497 VALESll
1814 5444 2367 5503 ANNOTATIONES.

380 5525 454 5621 (ρ)
489 5528 730 5621 Τιὶςηθςῖρ
775 5534 1106 5621 παρθένους
1139 5534 1255 5600 τοῖς
1280 5538 1553 5604 παροῦσι.
1606 5540 1763 5596 lluuc
1790 5541 1884 5597 low

2011 5544 2296 5599 emendavi
2351 5560 2416 5599 ex
2440 5543 2628 5600 codice
2658 5545 2857 5602 Leonis
2913 5548 3117 5605 Allatii.
3165 5550 3383 5621 Reliqui
3413 5550 3559 5604 enim

309 5595 529 5653 codices
556 5595 702 5654 nihil
729 5595 958 5656 mutant.
