4046 6204
278 292 385 350 429

1324 281 1655 338 HISTORIA
1698 280 2251 338 ECCLESIASTICA.
2296 312 2363 319 κ-
2405 282 2529 335 LIB.
2572 282 2616 336 I.

3480 285 3581 342 I30

274 406 503 473 διδάξας
543 404 615 459 τά
638 421 695 457 τε
728 406 826 475 τῆς
857 399 1053 454 ἑαυτοῦ
1077 399 1407 470 ἀποδημίας,
1436 400 1530 452 καὶ
1561 399 1638 464 ὡς
1672 400 1880 465 ἐλπίδας

1993 396 2381 454 Alexandriam
2400 396 2637 462 delatus,
2659 394 2960 452 Athanasio
2978 397 3234 469 episcopo
3248 398 3342 470 qui
3364 408 3479 456 tum
3498 417 3583 458 re-

276 501 500 571 ἔχουσιν
570 494 726 551 Ἰνδοὶ
787 494 882 546 τὸν
951 490 1380 563 Χριστιανισμὸν
1444 489 1889 560 παραδέξασθαι*

280 587 592 644 ἐπίσκοπόν
621 604 683 640 τε
742 586 837 639 καὶ
867 584 1073 655 κλῆρον
1101 582 1455 636 ἀποστέλλειν
1502 582 1638 652 (16),
1664 581 1759 635 καὶ
1790 598 1892 652 μη-

278 679 472 749 δαμῶς
491 678 761 748 περιορᾷν
778 675 907 737 τοὺς
927 670 1261 743 δυναμένους
1284 669 1546 742 σωθῆναι.
1576 668 1891 734 Ἀθανάσιος

278 771 337 825 δὲ
370 767 557 823 λαϐὼν
578 768 660 830 εἰς
684 767 895 819 ἔννοιαν
920 763 981 817 τὸ
997 761 1299 828 λυσιτελὲς,
1328 761 1493 814 αὐτὸν
1527 761 1890 831 Φουρμέντιον

279 862 378 932 τὴν
401 858 720 927 ἐπισκοπὴν
748 854 1114 922 ἀναδέξασθαι
1147 851 1585 925 παρεσκεύασεν,
1612 851 1781 907 εἰπὼν
1813 851 1888 923 μὴ

282 954 431 1025 ἔχειν
473 949 645 1004 αὑτοῦ
676 947 1137 1019 ἐπιτηδειότερον.
1192 945 1409 998 Γίνεται
1451 944 1517 1015 δὴ
1552 943 1732 999 τοῦτο.
1775 944 1888 998 Καὶ

279 1043 648 1115 Φουρμέντιος
661 1039 917 1105 ἀξιωθεὶς
931 1039 1032 1109 τῆς
1041 1036 1353 1107 ἐπισκοπῆς
1367 1036 1413 1106 (I
1425 1038 1499 1102 7),
1515 1031 1669 1101 αὖθις
1681 1036 1774 1090 ἐπὶ
1786 1034 1887 1109 τὴν

294 1135 481 1191 Ἰνδῶν
510 1130 877 1204 παραγίνεται
900 1128 1108 1199 χώραν,
1156 1126 1254 1180 καὶ
1282 1124 1460 1197 κήρυξ
1494 1124 1591 1179 τοῦ
1626 1126 1887 1196 Χριστια-

285 1222 489 1290 νισμοῦ
516 1221 749 1290 γίνεται,
770 1217 1040 1288 εύκτήριά
1071 1233 1131 1270 τε
1172 1215 1347 1269 πολλὰ
1377 1214 1569 1285 ἱδρύει.
1610 1214 1886 1280 Ἀξιωθείς

312 1334 339 1372 ε
372 1316 530 1379 θείας
565 1314 810 1385 χάριτος,
840 1310 1013 1364 πολλὰ
1060 1307 1159 1379 μὲν
1204 1309 1426 1378 σημεῖα,
1456 1305 1669 1361 πολλῶν
1699 1306 1755 1360 δὲ
1786 1308 1884 1361 σὺν

283 1409 346 1479 τῇ
372 1407 528 1477 ψυχῇ
553 1405 649 1459 καὶ
674 1403 742 1457 τὰ
769 1402 1001 1472 σώματα
1027 1398 1347 1470 ἐθεράπευε.
1380 1397 1566 1452 Ταῦτα
1600 1398 1657 1452 δὲ
1678 1401 1707 1452 ὁ
1733 1399 1884 1452 Ῥου-

283 1499 441 1563 φῖνος
454 1495 611 1566 παρὰ
631 1493 720 1548 τοῦ
736 1492 1006 1558 Δίδεσίου,
1025 1489 1150 1543 ὓστε
1159 1506 1249 1560 ρον
1275 1489 1367 1543 καὶ
1384 1487 1551 1543 αὐτοῦ
1582 1488 1883 1561 ἱερωσύνης

285 1586 618 1652 ἀξιωθέντος
645 1585 744 1654 τῆς
773 1584 831 1636 ὲν
858 1581 1043 1653 Τύρῳ,
1081 1579 1379 1649 ἀκηκοέναι
1409 1578 1595 1650 φησίν.

1994 503 2129 544 cens
2149 488 2416 543 honorem
2441 487 2596 542 illum
2617 487 2851 556 adeptus
2876 486 2979 558 51
3000 487 3201 555 fuerat,
3221 506 3338 546 rem
3359 507 3582 550 omnem

1994 581 2204 649 refert,
2231 579 2691 652 peregrinationis
2715 594 2828 635 sua:
2852 588 3110 635 eventum
3135 596 3397 638 narrans:
3426 599 3583 655 spem

1992 688 2147 740 esse,
2223 673 2389 729 Indos
2432 670 2637 728 Christi
2701 670 2865 725 ﬁdem
2916 678 3291 741 suscepturos.
3344 673 3583 730 Proinde

1991 774 2117 821 orat
2141 774 2205 821 ut
2240 766 2564 836 episcopum
2594 773 2653 821 et
2691 765 2901 819 elerum
2931 763 3000 818 ad
3036 778 3134 818 eos
3167 763 3443 829 mitteret,
3479 780 3585 820 nec

1990 858 2269 914 ullatenus
2312 859 2620 929 negligeret
2658 857 2913 913 homines
2971 855 3068 927 qui
3111 856 3181 912 ad
3215 856 3410 912 salutis
3436 856 3582 911 viam

1986 951 2149 1007 facile
2193 950 2391 1006 deduci
2432 960 2677 1020 possent.
2713 947 3047 1003 Athanasius
3084 947 3217 1017 quid
3264 945 3409 1002 facto
3442 961 3583 1016 opus

1985 1049 2133 1098 esset
2166 1041 2542 1106 considerans,
2570 1042 2751 1111 ipsum
2788 1039 3171 1095 Frumentium
3204 1039 3582 1109 episcopatum

1986 1134 2268 1203 suscipere
2312 1134 2588 1197 hortatur,
2623 1147 2880 1187 asserens
2915 1131 3124 1186 nullum
3161 1146 3221 1186 se
3266 1130 3473 1185 habere
3511 1130 3579 1186 ad

1987 1224 2092 1279 hoc
2126 1240 2330 1280 munus
2371 1224 2642 1294 aptiorem
2689 1223 2828 1293 ipso.
2876 1222 3057 1292 Atque
3103 1222 3177 1277 ita
3222 1221 3426 1276 factum
3473 1229 3579 1277 est.

1985 1316 2344 1371 Frumentius
2370 1330 2528 1385 ergo,
2560 1314 2857 1385 episcopali
2880 1313 3032 1383 apice
3055 1312 3366 1378 decoratus,
3392 1311 3460 1368 ad
3489 1329 3579 1366 re-

1985 1407 2202 1476 gionem
2245 1407 2509 1462 Indorum
2545 1406 2879 1472 revertitur;
2911 1413 2968 1459 et
3003 1404 3212 1461 Christi
3256 1404 3579 1475 religionem

1984 1497 2097 1552 illic
2137 1497 2468 1567 praedicans,
2499 1496 2703 1551 multas
2734 1496 2939 1565 passim
2985 1495 3248 1550 ecclesias
3284 1495 3577 1551 construit.

1982 1582 2232 1654 Cumque
2255 1584 2441 1639 divina
2465 1585 2515 1638 ei
2539 1584 2758 1639 adesset
2783 1583 2978 1654 gratia,
3003 1583 3295 1637 innumera
3314 1583 3579 1637 miracula

285 1681 487 1744 edidit,
527 1686 585 1734 et
622 1677 989 1747 plurimorum
1034 1674 1412 1745 languentium
1452 1674 1668 1730 animos
1708 1674 1872 1730 simul
1910 1677 2125 1733 curavit
2153 1687 2211 1734 et
2252 1694 2504 1749 corpora.
2535 1679 2662 1734 [iam
2726 1677 2960 1733 Ruﬁnus
2988 1678 3059 1733 ab
3114 1677 3370 1745 (Edesio,
3400 1677 3578 1747 quiet

287 1773 406 1843 ipse
429 1770 561 1842 Tyri
587 1769 874 1840 presbyter
904 1767 1254 1838 postmodum
1281 1766 1461 1823 factus
1492 1774 1601 1832 est,
1632 1782 1693 1831 se
1714 1767 1992 1838 accepisse
2022 1779 2233 1827 narrat.

886 1886 1141 1938 ΚΕΦΔΛ.
1184 1885 1271 1941 ις’.

502 1979 643 2033 Τίνα
666 1977 894 2047 τρόπον
928 1978 1151 2045 Ἴϐηρες
1177 1975 1650 2046 ἐχριστιάνισαν.

357 2088 566 2160 Καιρδς
600 2089 658 2143 δὲ
706 2089 811 2160 ἢδη
850 2087 1055 2158 λέγειν,
1089 2089 1239 2153 ὅπως
1261 2090 1356 2143 καὶ
1392 2089 1613 2162 Ἴϐηρες
1641 2090 1746 2145 ὑπὸ
1782 2090 1876 2146 τὸν

286 2181 453 2235 αὐτὸν
502 2181 694 2252 χρόνον
736 2181 1165 2251 ὲχριστιάνισαν.
1227 2182 1367 2254 Γυνή
1392 2199 1475 2245 τις
1519 2182 1633 2252 βίον
1681 2183 1877 2255 σεμνὸν

289 2275 386 2328 καὶ
412 2271 691 2345 σώφρονα
745 2273 1115 2344 μετερχομένη
1137 2314 1153 2339 ,
1204 2272 1326 2344 θείᾳ⁵
1384 2274 1493 2329 τινὶ
1520 2275 1756 2346 Προνοίᾳ
1784 2275 1877 2328 ὑπ’

301 2362 531 2435 Ἰϐήρων
585 2362 935 2433 αἰχμάλωτος
987 2362 1217 2430 γίνεται.
1282 2363 1502 2435 Ἴϐηρες
1557 2364 1616 2418 δὲ
1674 2358 1871 2418 οὗτοιν

288 2453 648 2527 προσοικοῦσι
680 2455 775 2526 μὲν
803 2453 896 2507 τὸν
921 2453 1177 2519 Εὔξεινον
1206 2455 1409 2509 Πόντον
1428 2472 1443 2487 ο
1474 2456 1690 2510 ἄποικοι
1726 2456 1783 2510 δέ
1811 2459 1888 2511 εί-

294 2564 384 2600 σιν
445 2546 673 2616 Ἰϐήρων
727 2545 838 2599 τῶν
887 2547 945 2599 ὲν
998 2544 1261 2615 Ἱσπανίᾳ.
1314 2545 1379 2598 Ἦ
1432 2545 1571 2615 γυνὴ
1620 2547 1796 2599 τοίνυν
1851 2547 1885 2617 ἡ

288 2638 643 2709 αἰχμάλωτος
665 2676 682 2701 ,
726 2638 782 2690 ὲν
829 2637 1020 2708 μέσοις
1053 2634 1188 2691 οὖσα
1217 2640 1330 2700 τοῖς
1377 2637 1677 2709 βαρϐάροις
1704 2637 1885 2708 ἐφιλο-

290 2728 493 2799 σόφειο
521 2729 618 2781 σὺν
649 2726 756 2797 γὰρ
779 2730 843 2799 τῇ
892 2727 1064 2799 πολλῇ
1095 2728 1195 2798 τῆς
1229 2728 1584 2800 σωφροσύνης
1626 2728 1879 2798 ἀσκήσει,

287 2818 525 2891 νηστείᾳ
562 2836 623 2871 τε
658 2817 930 2890 βαθυτάτῃ
976 2818 1071 2871 καὶ
1101 2818 1374 2882 συντόνοις
1411 2818 1732 2889 προσέκειτο
1761 2819 1882 2881 ταῖς

290 2912 499 2983 εὐχαῖς.
528 2908 699 2964 Τοῦτο
728 2909 782 2963 δὲ
824 2908 1061 2981 ὁρῶντες
1099 2909 1148 2963 οἱ
1194 2908 1480 2979 βάρϐαροι,
1505 2909 1596 2962 τὸν
1627 2908 1879 2979 ξενισμὸν

2088 1980 2359 2048 Quomodo
2389 1983 2529 2038 Iberi
2558 1888 3039 2050 αῗέίῗιῖὶδξῗῑαεπι
3077 1981 3313 2035 conversi
3338 1981 3466 2034 sint.

2051 2092 2171 2149 Jam
2213 2109 2346 2148 vero
2396 2100 2613 2162 tempus
2662 2098 2747 2145 est
2790 2096 2851 2145 ut
2890 2106 2997 2160 qua
3041 2090 3254 2145 ratione
3292 2090 3436 2145 Iberi
3470 2088 3573 2145 sub

1984 2182 2131 2238 idem
2167 2190 2385 2253 tempus
2425 2182 2495 2237 ad
2535 2180 2744 2237 Christi
2786 2179 2950 2235 ﬁdem
2984 2170 3234 2235 conversi
3269 2180 3380 2234 sint
3411 2196 3578 2250 expo-

1985 2290 2133 2329 nam.
2173 2273 2369 2329 Mulier
2416 2272 2667 2344 quaedam
2714 2278 2922 2326 castam
2970 2284 3035 2323 ac
3080 2269 3320 2324 sobriam
3366 2268 3575 2325 ducens

1985 2367 2191 2431 vitam,
2243 2363 2431 2419 divina
2482 2364 2810 2433 disponente
2863 2360 3216 2417 Providentia
3274 2360 3343 2415 ab
3400 2360 3577 2416 Iberis

1985 2467 2144 2527 capta
2167 2465 2269 2512 est.
2301 2456 2397 2511 Isti
2423 2455 2528 2526 52
2558 2471 2725 2525 porro
2758 2453 2904 2509 Iberi
2939 2452 3005 2507 ad
3035 2453 3311 2508 Euxinum
3336 2453 3574 2509 Pontum

1985 2547 2262 2601 habitant.
2305 2546 2592 2599 Iberorum
2635 2544 2729 2613 qui
2775 2551 2905 2598 sunt
2947 2543 3004 2597 in
3045 2543 3327 2613 Hispania,
3368 2544 3572 2599 coloni.

1983 2637 2179 2690 Mulier
2220 2634 2387 2704 igitur
2423 2633 2658 2703 captiva,
2686 2632 2828 2687 inter
2862 2632 3011 2701 ipsos
3036 2632 3301 2687 barbaros
3328 2634 3574 2703 philoso-

1984 2726 2209 2797 phicum
2260 2723 2484 2778 vivendi
2543 2737 2717 2792 genus
2774 2721 3088 2776 sectabatur
3135 2740 3149 2774 :
3193 2737 3320 2776 nam
3375 2732 3575 2792 prmter

1984 2816 2346 2873 arctissimam
2403 2814 2742 2870 castimoniae
2795 2813 3178 2884 disciplinam,
3240 2813 3574 2884 longissimis

1985 2909 2153 2965 etiam
2202 2906 2427 2980 jejuniis
2481 2915 2539 2961 et
2592 2905 2871 2962 continuis
2916 2905 3263 2961 orationibus
3319 2905 3569 2961 vacabat.

1512 3085 1786 3143 VALESII
1823 3085 2376 3144 ANNOTATIONES.

363 3206 478 3278 (I6)
502 3204 614 3259 Καὶ
644 3203 876 3271 κλῆρον
901 3200 1327 3257 ἀποστέλλειν.
1360 3199 1691 3255 Addendum
1723 3199 1878 3255 vide-

1983 3201 2096 3257 haac
2122 3202 2353 3278 epistola
2383 3216 2529 3278 anno
2554 3200 2759 3278 Christi
2789 3200 2911 3278 7356.
2938 3200 3045 3278 §ed
3073 3200 3343 3278 Baroniu_s
3376 3203 3432 3259 in
3456 3204 3573 3260 An-

295 3277 391 3333 tur
420 3277 553 3329 δεῖν.

366 3345 497 3417 (ιη
517 3342 918 3417 Φουρμέντιος
952 3340 1215 3417 ἀξιωθεὶς
1243 3338 1357 3417 τῇς
1380 3339 1745 3417 ἐπᾼιοςκοπῆις.
1799 3340 1878 3417 De

293 3410 404 3472 hoc
453 3410 778 3470 Frumentio
820 3412 1085 3482 episcopo
1142 3410 1390 3481 loquitur
1430 3411 1773 3482 Athanasius
1802 3411 1881 3482 in

292 3485 660 3570 Apologetico
674 3483 743 3537 ad
928 3480 1311 3570 Constantium
1335 3499 1348 3533 :
1381 3481 1513 3566 Ἰδοὺ
1527 3480 1880 3570 ’πάλινμτρίτη

305 3550 396 3619 τῖς
421 3550 723 3608 κᾶτέλαϐεν
754 3550 911 3621 ἀκοὴ,
939 3552 1023 3622 ὅτι
1057 3553 1365 3622 γέγραπται
1391 3553 1504 3622 τοῖς
1523 3553 1581 3603 ὲν
1609 3550 1881 3622 Αύξούμει

292 3626 601 3708 ευράννοιςι
631 3621 775 3708 ὤθεε
810 3620 1880 3708 verme?)‘§?,,€e‘9¥?1°9?.7i5ﬁ?-

294 3689 555 3762 Eodpem;
585 3691 810 3762 ἐκεῖθεν
827 3689 1095 3762 ἀχθῆναι.
1122 3691 1192 3745 Ει
1218 3691 1383 3760 paqu
1406 3698 1534 3762 post
1556 3689 1725 3745 refert
1755 3690 1876 3760 epi-

294 3759 494 3820 stolam
529 3761 839 3818 Constantii
884 3759 953 3815 ad
975 3759 1248 3815 'Aizanam
1292 3769 1347 3815 et

291 3850 395 3891 nos
464 3831 901 3912 Augumis_,qua
947 3830 1015 3884 iis
1063 3830 1316 3912 praecipit
1362 3837 1425 3884 ut
1472 3830 1875 3912 Frumentium,

326 3919 455 3959 uem
482 3899 824 3956 Athanasius
856 3899 1126 3956 Auxumis
1156 3899 1477 3970 episcopum
1502 3899 1877 3970 ordinaverat,

326 3921 455 3959 nem
482 3921 817 3956 Atnanasws
856 3921 1126 3956 AUXUIBIS
1156 3921 1477 3970 episcopum
1502 3921 1877 3966 οῐωηδγετω,

288 3921 685 4030 Xlexandriam
710 3972 934 4026 mittant
973 3970 1040 4025 ad
1067 3970 1360 4041 Georgium
1396 3969 1547 4041 illius
1577 3969 1734 4025 urbis
1757 3970 1878 4039 epi-

286 4058 544 4113 scopum,
577 4049 637 4095 ut
675 4041 745 4095 ab
786 4041 882 4113 ill_o
923 4055 1069 4095 verae
1092 4040 1231 4113 ﬁdei
1261 4040 1571 4095 doctrinam
1607 4040 1872 4113 accipiat.

286 4114 366 4191 Sx
384 4110 523 4191 ξιιᾳο
563 4110 1202 4191 apparetfrumentjum
1232 4118 1366 4191 tune
1388 4110 1879 4191 temporisrecens

287 4184 354 4233 ab
382 4178 694 4237 Athanasio
716 4181 1029 4251 ordinatum
1074 4179 1265 4235 fuisse.
1324 4178 1542 4250 Scripta
1584 4188 1770 4235 autem
1792 4188 1879 4236 est

1437 3775 1661 3814 azanam
1690 3766 1879 3831 tyran-

1977 3272 2356 3344 notationibus
2384 3272 2450 3327 ad
2476 3271 2918 3344 Martyrologium
2946 3271 3273 3344 Romanum,
3300 3274 3573 3330 Frumen-

1980 3342 2121 3413 tium
2153 3342 2302 3413 hunc
2323 3342 2592 3397 Auxumis
2620 3342 2950 3413 ‘episc0pnm
2977 3342 3426 3413 distinguendum
3449 3361 3571 3402 esse

1979 3411 2117 3485 dicit
2139 3412 2207 3466 ab
2230 3412 2407 3485 altero
2430 3411 2751 3485 Frumen’tio
2773 3411 3038 3467 Indorum
3055 3411 3337 3485 gpiScopo,
3363 3411 3431 3470 de
3457 3432 3571 3485 quo

1978 3481 2213 3552 Ruﬁnus
2269 3488 2327 3537 et
2372 3482 2628 3537 Socrates
2676 3483 3002 3552 loquuntur.
3054 3482 3174 3552 Ego
3212 3481 3346 3539 vero
3397 3481 3569 3540 unum

1979 3551 2352 3624 eumdemque
2385 3552 2766 3624 Frumentium
2792 3566 2921 3624 esse
2944 3551 3250 3624 contendo,
3302 3569 3443 3624 eum,
3475 3556 3572 3624 qui

1976 3621 2266 3686 Auxumis,
2314 3630 2519 3690 eteum
2569 3622 2665 3691 qui
2711 3621 2991 3691 Indorunr
3021 3621 3315 3691 episcopus
3338 3621 3567 3680 dicitur.

1975 3690 2257 3763 Auxumis
2286 3689 2433 3746 enim
2469 3689 2795 3763 metropolis
2818 3699 2909 3763 est
2928 3689 3242 3763 Ethiopiai.
3272 3691 3572 3763 fEthiopcs

1977 3770 2165 3833 autem
2210 3761 2565 3833 abqantiiquis
2590 3761 2855 3833 confundi
2889 3761 3071 3833 solent
3101 3778 3226 3833 cum
3267 3762 3437 3817 Indis.
3471 3761 3573 3821 Sic

1976 3831 2386 3902 Philostorgius
2403 3830 2735 3902 llomeritas,
2762 3830 2854 3902 qui
2883 3830 3199 3902 Auxumitis
3220 3833 3387 3888 vicini
3412 3845 3565 3900 sunt,

1976 3900 2144 3973 Indos
2160 3900 2344 3973 vocat.
2368 3901 2477 3971 Ipsi
2507 3917 2724 3973 quoque
2750 3900 3036 3971 [EthiOpes
3078 3901 3176 3971 qui
3214 3919 3364 3957 nunc
3391 3903 3569 3973 Ahys-

1977 3971 2083 4043 sini
2113 3971 2545 4043 dicuntur,'sese
2570 3972 2734 4027 Indos
2756 3980 2976 4035 vocant,
3002 3979 3059 4026 et
3092 3975 3401 4041 apostolum
3432 3971 3568 4043 gen-

1987 4041 2058 4096 tis
2082 4057 2193 4096 suae
2216 4041 2597 4098 Frumentium
2649 4048 2982 4111 agnoscunt,
3033 4049 3097 4095 ut
3131 4050 3365 4098 testatur
3392 4041 3573 4099 Lucas

1988 4111 2307 4185 Holstenius
2338 4112 2392 4167 in
2416 4113 2576 4185 Notis
2602 4111 2671 4166 ad
2694 4111 3140 4185 Martyrologium
3166 4112 3411 4178 Baronii,
3446 4129 3571 4183 quae

1986 4196 2165 4251 nuper
2190 4180 2378 4237 Romae
2410 4182 2755 4252 prodierunt.

1750 4333 2112 4392 VARIORUM
2120 4377 2133 4389 .

290 4448 609 4520 ordinatum
639 4449 821 4504 redire
845 4448 1003 4520 jubet
1039 4465 1053 4500 :
1086 4465 1276 4520 exrquo
1298 4450 1351 4501 in
1377 4449 1545 4504 India:
1571 4449 1807 4519 partibus
1829 4460 1879 4504 et

290 4518 472 4588 populi
503 4518 925 4573 Christianorum
961 4532 1009 4571 et
1059 4518 1287 4574 ecclesia:
1319 4520 1474 4588 facta
1502 4518 1645 4583 sunt,
1694 4528 1743 4572 et
1786 4537 1877 4574 sa-

289 4589 584 4641 cerdotium
613 4590 807 4644 creuit:
836 4588 913 4642 ita
944 4588 1195 4643 Ruﬁnus.
1224 4589 1359 4643 Cum
1384 4604 1516 4643 vero
1550 4589 1606 4643 S.
1636 4588 1879 4644 Athana-

289 4658 404 4741 sius
447 4672 638 4712 mense
683 4658 970 4741 Decembri
1016 4658 1615 4741 a.nni__526‘cpiscopus
1644 4658 1879 4741 Alexan-

288 4726 486 4782 drinus
531 4730 887 4784 renuntiatus
917 4727 1105 4789 fuerit,
1133 4728 1307 4797 liquet
1334 4726 1439 4783 hoc
1474 4726 1698 4783 circiter
1734 4736 1874 4784 tem-

288 4811 443 4865 pore,
468 4807 533 4851 ut
559 4805 714 4868 recte
745 4799 887 4851 vidit
918 4797 1622 4868 Baronius,.Frumentium
1655 4799 1873 4868 episco-

289 4882 415 4939 pum
442 4868 499 4920 in
533 4867 896 4939 :‘I‘Sthiopiam,
931 4867 1155 4939 Indiam
1201 4884 1233 4921 a
1281 4867 1483 4939 Ruﬁno
1523 4867 1873 4938 appellatam,

289 4936 515 4992 missum
565 4954 709 5001 esse,
730 4936 1174 5008 'Mcmpiumquc,
1207 4952 1336 5008 cum
1380 4936 1609 4995 IEdesio
1647 4946 1701 4991 ct
1736 4939 1875 4992 Fru-

287 5008 516 5088 mentio,
553 5008 677 5088 ejus
708 5006 1077 5088 propinquis,
1099 5022 1243 5088 anno
1282 5006 1484 5088 Christi
1518 5009 1748 5088 circiter
1765 5008 1876 5088 516

288 5078 789 5147 peregrinationem
816 5079 966 5133 illam
997 5078 1325 5147 suscepisse,
1351 5085 1407 5131 et
1437 5093 1548 5133 uno
1573 5086 1669 5133 aut
1700 5079 1877 5132 altero
1911 5109 1925 5120 —

287 5154 446 5219 antea
478 5163 630 5201 anno
674 5147 1069 5219 Metrodorum,
1106 5150 1269 5219 cujus
1316 5149 1568 5219 exemplo
1616 5149 1878 5219 invitatus

288 5214 407 5296 fuit,
452 5231 643 5271 veram
678 5217 907 5300 lndia'm,
933 5235 1115 5300 quam
1151 5214 1384 5300 Ruﬁnus
1414 5214 1701 5300 perperam
1735 5218 1874 5273 cite-

290 5286 493 5340 riorem
546 5297 730 5358 vocat,
784 5286 1119 5358 penetrasse.
1185 5286 1582 5358 Ncquerienim
1639 5304 1870 5358 parvum

290 5362 505 5423 tempus
556 5357 612 5411 in
654 5357 838 5412 eundo
859 5366 917 5413 et
947 5359 1252 5423 redeundo,
1292 5366 1349 5413 et
1392 5357 1595 5412 ibidem
1628 5373 1875 5411 commo—

290 5426 479 5500 gndo,
514 5426 693 5483 donec
744 5428 895 5483 ﬁlius
954 5431 1098 5500 regis
1131 5429 1508 5500 adolesceret,
1555 5427 1779 5483 IEdcsio
1819 5434 1877 5483 et

289 5493 607 5568 Frumentio
640 5493 1075 5554 consumendum
1119 5499 1242 5554 fuit.
1297 5499 1418 5556 Non
1466 5500 1652 5568 itaque
1683 5504 1875 5552 contra

289 5565 722 5642 chronologiam,
748 5570 842 5642 sed
865 5580 1057 5642 contra
1080 5570 1465 5642 geographiam
1492 5565 1725 5642 Ruﬁnus
1749 5583 1876 5642 pec-

289 5637 441 5693 cavit.
490 5637 737 5693 ls_cnim
769 5637 1299 5695 Historiam'suam'
1333 5637 1762 5695 ecclesiasticam
1817 5639 1873 5692 in

291 5703 432 5763 Italia
464 5710 695 5793 scripsit.
725 5719 848 5780 post
894 5727 1101 5765 annum
1135 5710 1268 5766 Chr.
1307 5710 1444 5777 400;
1476 5709 1711 5781 ideoque
1747 5724 1871 5764 cum

1980 4449 2205 4505 Parthia
2242 4449 2401 4518 limes
2433 4446 2600 4518 fuerit
2629 4446 2844 4518 imperii
2872 4446 3124 4518 Romani,
3155 4447 3443 4518 mediaque
3480 4450 3566 4504 in.

1982 4530 2068 4574 tcr
2125 4519 2264 4573 duas
2296 4517 2514 4581 Indias,
2547 4517 2700 4588 India
2744 4533 2907 4588 quam
2962 4517 3273 4572 citeriorem
3329 4517 3564 4588 appellat

1982 4589 2235 4651 Ruﬁnus,
2284 4588 2437 4643 India
2483 4587 2717 4643 ulterior
2762 4587 2886 4650 fuit,
2943 4594 3000 4641 et
3030 4603 3195 4656 quam
3241 4587 3563 4646 ulteriorem

1981 4661 2135 4721 dicit,
2171 4658 2396 4714 citerior
2427 4658 2747 4728 appellanda
2781 4666 2918 4712 erat.
2949 4658 3218 4713 Praeterea
3258 4658 3465 4713 fallitur
3507 4662 3563 4716 in

1981 4745 2048 4784 eo
2100 4730 2245 4799 quod
2272 4728 2644 4800 Metrodorum
2678 4728 2886 4800 Indiam
2915 4743 3076 4797 quam
3111 4728 3431 4783 ulteriorem
3459 4746 3561 4800 ap-

2017 4796 2168 4861 ella't,
2203 4815 2298 4853 seu
2323 4798 2657 4868 Ethiopiam
2691 4796 3032 4868 hodiernam,
3069 4805 3387 4866 penetrasse
3422 4796 3562 4853 scri-

2017 4815 2168 4861 enat,
2203 4815 2298 4853 seu
2323 4815 2657 4868 mtmopnam
2692 4815 3032 4861 nomernam,
3069 4815 3387 4866 penetrasse
3422 4816 3562 4853 scn-

1974 4815 2074 4923 git.
2119 4869 2464 4923 Metrodorus
2494 4868 2640 4921 enim
2684 4882 2792 4922 non
2834 4866 3190 4937 Ethiopiam,
3226 4884 3321 4923 seu
3350 4869 3562 4924 Indiam

1974 4947 2225 5007 respectu
2268 4945 2460 4992 nostro
2501 4937 2835 5001 citeriorem,
2869 4938 2965 4992 scd
2998 4953 3181 4992 veram
3206 4938 3438 5004 Indiam,
3465 4957 3562 4995 seu

1976 5008 2185 5063 Indiam
2229 5008 2550 5062 ulteriorem
2605 5007 2703 5078 (ut
2729 5024 2777 5078 a7
2807 5007 2951 5078 viro
2973 5007 3064 5076 qui
3101 5008 3155 5078 in
3182 5008 3413 5077 imperio
3446 5011 3560 5065 Ro-

1976 5094 2136 5132 mano
2186 5078 2489 5149 scribebat,
2524 5074 2708 5149 vocari
2748 5074 2962 5149 debuit)
2988 5074 3373 5146 perlustra—vit.
3407 5079 3557 5149 (Ant.

1974 5149 2103 5219 Pagi
2130 5148 2197 5203 ad
2232 5147 2594 5219 ann._3_2'i,_n.
2628 5145 2858 5219 15,16.)

2051 5212 2080 5256 ξ
2114 5220 2342 5285 Ἴϐηρες
2366 5216 2434 5270 δὲ
2470 5212 2667 5287 οὗτοι.
2716 5212 2914 5287 Iberia,
2948 5216 3098 5287 regio
3127 5214 3270 5273 Asiae
3305 5216 3561 5274 Straboni

1978 5294 2034 5342 et
2057 5288 2370 5352 Ptolemmo,
2419 5286 2564 5341 inter
2587 5285 2875 5341 Albaniam
2913 5286 2984 5341 ad
3016 5285 3221 5352 crtum,
3255 5295 3312 5343 et
3342 5288 3563 5344 Colchi-

1972 5359 2099 5413 dem
2158 5359 2226 5412 ad
2285 5358 2561 5420 occasdm,
2610 5355 2883 5412 Armeniae
2943 5357 3138 5426 majori
3173 5358 3239 5412 ad
3274 5358 3558 5411 meridiem

1973 5428 2336 5489 contermina,
2366 5427 2434 5481 ad
2465 5428 2901 5496 septentrionem
2932 5427 3217 5482 montibus
3262 5426 3559 5496 Caucaseis

1971 5513 2001 5552 a
2027 5496 2296 5553 Sarmatia
2322 5495 2586 5567 Europzea
2608 5505 2878 5567 separata,
2902 5511 3052 5567 nunc
3074 5495 3307 5567 Georgia
3333 5495 3553 5563 propria

1971 5568 2196 5631 dicitur,
2236 5567 2436 5623 incolis
2467 5566 2844 5633 Chartueloba,
2877 5566 3134 5636 Asiaticis
3163 5566 3479 5636 Gurgistan,
3498 5568 3556 5615 et

1970 5636 2141 5761 gallis
2189 5638 2242 5692 la
2289 5637 2540 5709 Georgia,
2589 5645 2783 5710 estque
2809 5630 2940 5711 pars
2971 5630 3551 5702 orientalis‘GeOrgiaz.

2016 5724 2276 5761 AUDRAND.

2016 5724 2276 5764 AUDRAND.
