4046 6204
367 251 458 305 131
1801 232 2138 290 SOCEATIS

3520 224 3626 280 1Ξί

366 366 522 434 Quod
555 380 680 420 cum
709 365 958 419 viderent
995 361 1238 426 barbari,
1267 359 1382 431 ipsa
1419 358 1499 414 rei
1540 358 1784 413 novitate
1821 373 1946 426 per-

2065 353 2140 406 τοῦ
2173 351 2550 424 πραττομένου
2584 347 2912 419 ἐθαύμαζον.
2948 345 3242 416 Συμϐαίνει
3262 345 3329 416 δὴ
3353 344 3446 398 τὸν
3477 343 3629 415 βασι⁸

367 451 504 507 culsi
539 459 687 506 sunt.
728 451 888 505 Forte
928 449 1129 504 accidit
1189 456 1250 502 ut
1294 447 1438 518 regis
1473 445 1618 500 ﬁlius
1650 443 1945 498 admodum

367 557 506 610 puer
531 541 586 594 in
613 540 864 594 morbum
889 538 1177 592 incideret.
1214 538 1353 592 Eum
1390 536 1602 607 regina,
1632 551 1701 589 ex
1725 543 1948 604 recepto

369 628 515 683 illius
539 628 716 698 gentis
741 643 914 693 more,
943 629 1012 685 ad
1043 629 1180 683 alias
1201 627 1464 681 mulieres
1491 625 1794 680 curandum
1819 623 1947 676 mit-

369 719 474 772 tit:
502 719 546 773 si
587 718 736 788 quod
785 719 926 774 forte
977 718 1154 773 morbi
1204 716 1510 772 remedium
1561 723 1806 779 nossent,
1844 729 1948 768 usu

368 809 488 879 ipso
519 809 748 864 edoctae.
777 809 882 864 Sed
916 823 1040 863 cum
1075 808 1487 863 circumductus
1516 822 1548 860 a
1577 806 1788 860 nutrice
1813 821 1950 874 puer

369 901 574 954 nullam
603 915 761 970 opem
790 900 859 953 ab
883 900 1006 954 aliis
1040 899 1366 954 mulieribus
1400 897 1716 967 reperisset,
1741 903 1952 968 postre-

367 1007 458 1046 mo
495 991 562 1047 ad
602 975 891 1046 mulierem
939 991 1208 1060 captivam
1252 990 1566 1046 deducitur.
1617 989 1711 1042 Illa
1763 987 1952 1041 multis

368 1083 698 1138 mulieribus
734 1081 1130 1152 spectantibus,
1158 1081 1368 1135 nullum
1411 1081 1633 1150 quidem
1669 1076 1951 1148 corporale

369 1170 674 1225 remedium
701 1171 972 1235 adhibuit,
995 1171 1200 1241 quippe
1223 1187 1344 1240 qum
1365 1170 1577 1224 nullum
1603 1177 1788 1224 nosset
1809 1170 1954 1239 ejus-

371 1261 540 1315 modi.
585 1259 693 1315 Sed
727 1269 1012 1331 acceptum
1055 1277 1310 1332 puerum,
1345 1261 1400 1315 in
1433 1261 1674 1332 stragulo
1705 1260 1852 1330 quod
1884 1276 1953 1314 ex

369 1351 496 1420 pilis
542 1359 858 1406 contextum
905 1350 1177 1416 habebat,
1219 1351 1534 1420 deponens;
1581 1351 1698 1404 hate
1741 1357 1952 1402 tantum

371 1441 598 1508 protulit
621 1441 824 1494 verba:
864 1440 1135 1505 Christus,
1176 1441 1273 1510 qui
1313 1441 1515 1494 multos
1549 1439 1777 1501 sanavit,
1805 1439 1954 1493 hunc

372 1529 535 1582 etiam
572 1530 788 1583 sanabit
823 1529 1108 1584 infantem.
1139 1531 1272 1584 Post
1311 1530 1428 1584 haec
1463 1529 1630 1582 verba
1669 1543 1792 1582 cum
1827 1543 1952 1582 ora-

373 1619 577 1673 tionem
603 1619 842 1684 fceissct,
867 1621 1073 1690 Deique
1097 1621 1362 1675 auxilium
1387 1621 1715 1682 invocasset,
1739 1637 1768 1674 e
1793 1619 1957 1674 vesti-

2048 434 2182 506 λέωξ
2218 443 2385 495 παῖδα
2416 443 2608 512 νήπιον
2641 440 2790 505 ὄντα,
2831 436 3111 508 ἀρρωστίᾳ
3143 437 3482 507 περιπεσεῖν.
3516 435 3632 488 Καὶ

2049 533 2160 587 ἔθει
2187 534 2294 586 τινὶ
2341 533 2628 604 ἐγχωρίῳ,
2663 529 2814 601 παρὰ
2847 529 2946 588 τὰς
2972 527 3136 591 ἄλλας
3164 530 3428 596 γυναῖκας
3465 529 3500 598 ὴ
3534 527 3629 581 τοῦ

2051 623 2315 694 βασιλέως
2339 623 2476 694 γυνὴ
2513 624 2725 693 ἔπεμπε
2750 621 2840 673 τὸν
2871 619 3034 672 παῖδα
3065 618 3627 688 θεραπευθησόμενον,

2051 717 2204 770 εἵπου
2235 733 2288 769 τι
2319 714 2571 786 βοήθημα
2600 714 2736 785 πρὸς
2761 713 2860 785 τὴν
2885 713 3037 767 νόσον
3067 713 3132 762 ὲκ
3154 711 3350 781 πείρας
3377 711 3634 764 ἐπίσταν-

2049 824 2158 860 ται.
2201 805 2289 867 Ὠς
2317 805 2374 858 δὲ
2411 804 2730 876 περιαχθεὶς
2752 806 2778 856 6
2817 806 2944 866 παῖς
2978 803 3083 856 ὑπὸ
3115 804 3212 871 τῆς
3239 801 3460 871 τροφοῦ,
3501 801 3630 871 παρ’

2049 899 2308 969 οὐδεμιᾶς
2348 897 2458 950 τῶν
2487 895 2782 964 γυναικῶν
2810 893 3106 965 θεραπείας
3152 891 3435 962 ἐτύγχανε,
3479 891 3634 954 τέλος

2052 989 2242 1057 ἄγεται
2289 987 2426 1058 πρὸς
2473 985 2571 1056 τὴν
2601 983 2967 1055 αἰχμάλωτον.
3010 983 3073 1036 Ἦ
3108 981 3199 1044 δὲ,
3228 982 3321 1034 ἐπὶ
3359 981 3635 1052 παρουσίᾳ

2054 1078 2262 1132 πολλῶν
2293 1075 2600 1146 γυναικῶν,
2643 1075 2826 1128 ὑλικὸν
2873 1074 2971 1145 μὲν
2999 1073 3254 1144 βοήθημα
3294 1072 3638 1144 προσέφερεν

2051 1171 2202 1222 οὐδέν
2223 1185 2236 1199 ’
2269 1169 2388 1221 οὐδὲ
2431 1169 2540 1238 γὰρ
2573 1167 2860 1236 ἠπίστατο.
2914 1163 3190 1234 Δεξαμένη
3234 1163 3290 1215 δὲ
3321 1163 3414 1216 τὸν
3443 1164 3633 1225 παῖδα,

2054 1261 2144 1314 καὶ
2193 1261 2275 1322 εἰς
2316 1259 2376 1311 τὸ
2423 1261 2487 1310 ὲκ
2528 1256 2734 1328 τριχῶν
2773 1255 3083 1324 ὑφασμένον
3115 1254 3253 1324 αὐτῇ
3290 1252 3637 1323 στρωμάτων

2053 1351 2410 1415 ἀνακλίνασα,
2438 1349 2596 1416 λόγον
2625 1343 2776 1400 εἶπεν
2801 1345 3034 1399 ἁπλοῦν·
3073 1345 3132 1396 '0
3165 1345 3420 1414 Χριστὸς,
3447 1343 3634 1412 φησὶν,

2053 1447 2081 1496 ὁ
2121 1443 2350 1504 πολλοὺς
2401 1441 2714 1510 ἰασάμενος,
2755 1438 2850 1490 καὶ
2885 1437 3046 1490 τοῦτο
3075 1436 3137 1488 τὸ
3173 1435 3370 1506 βρέφος
3401 1434 3632 1490 ἰάσεται.

2070 1532 2480 1604 Ἐπευξαμένης
2511 1549 2570 1584 τε
2619 1530 2712 1582 ἐπὶ
2748 1529 2828 1598 τῷ
2854 1529 2996 1599 λόγῳ
3037 1527 3230 1599 τούτῳ,
3259 1529 3352 1580 καὶ
3384 1528 3640 1582 ἐπικαλε-

2059 1625 2299 1695 σαμένης
2327 1623 2483 1685 Θεὸν,
2528 1623 2864 1692 παραχρῆμα
2894 1621 2922 1672 6
2951 1621 3079 1681 παῖς
3116 1617 3516 1688 ἀνερρώννυτο,
3541 1619 3640 1672 καὶ

373 1709 462 1777 giu
484 1718 706 1764 sanatus
731 1719 814 1765 est
836 1727 992 1781 puer,
1018 1721 1075 1766 et
1097 1712 1152 1765 in
1177 1720 1456 1782 posterum
1487 1721 1636 1766 recte
1661 1727 1718 1765 se
1741 1711 1952 1765 habuit.

2065 1711 2200 1784 εἶχεν
2228 1710 2524 1777 ἐξοὲκείνου
2556 1709 2755 1772 καλῶς.
2793 1709 2955 1778 Φήμη
2982 1725 3040 1760 τε
3069 1706 3318 1760 ἐντεῦθεν
3363 1707 3464 1770 τὰς
3493 1707 3640 1778 Βαρ-

375 1799 540 1853 Fama
571 1800 770 1855 exinde
809 1802 878 1855 ad
903 1802 1142 1872 reliquas
1185 1802 1546 1856 barbarorum
1587 1802 1866 1865 mulieres,
1899 1809 1956 1855 et

375 1889 442 1942 ad
475 1890 646 1959 ipsam
671 1907 844 1962 usque
868 1893 1112 1962 reginam
1137 1893 1390 1962 pervenit
1416 1911 1428 1946 :
1459 1908 1767 1962 nomenque
1790 1892 1958 1962 capti—

374 1993 458 2033 vae
483 1980 753 2037 illustrius
776 1984 1002 2038 exstitit.
1022 1984 1134 2039 Nec
1157 1984 1328 2038 multo
1351 1992 1472 2054 post
1495 1984 1610 2054 ipsa
1633 1999 1848 2053 quoque
1864 1999 1956 2038 re-

376 2071 502 2140 gina
525 2071 580 2126 in
603 2074 855 2128 morbum
883 2075 1124 2145 delapsa,
1150 2075 1437 2130 mulierem
1473 2076 1742 2145 captivam
1777 2091 1961 2130 accer-

378 2162 470 2214 sit.
511 2160 643 2228 Quae
677 2181 803 2219 cum
845 2182 959 2236 prae
998 2167 1208 2236 pudore
1250 2183 1315 2222 ac
1353 2167 1621 2222 modestia
1657 2173 1956 2233 recusaret,

378 2251 496 2322 ipsa
538 2254 608 2308 ad
655 2255 804 2310 illam
848 2258 1034 2328 regina
1079 2258 1342 2314 defertur.
1387 2260 1485 2314 Illa
1520 2271 1686 2324 Vero,
1735 2274 1858 2329 quae
1902 2259 1957 2313 in

379 2357 551 2412 puero
587 2353 748 2401 antea
786 2347 1011 2413 fecerat,
1037 2349 1226 2404 eadem
1261 2357 1317 2404 et
1353 2350 1445 2405 hic
1477 2350 1624 2404 facit.
1656 2349 1958 2420 Statimque

379 2433 567 2504 regina
600 2437 881 2492 convaluit
919 2455 985 2493 ex
1020 2440 1235 2505 morbo,
1259 2449 1315 2496 et
1351 2441 1568 2495 mulieri
1598 2441 1800 2512 gratias
1825 2441 1956 2512 egit.

378 2521 449 2577 At
494 2525 620 2591 illa,
669 2527 791 2581 Non
834 2543 1052 2596 meum,
1099 2531 1310 2601 inquit,
1354 2542 1439 2587 est
1483 2533 1590 2587 hoc
1633 2549 1806 2604 opus;
1863 2533 1957 2589 sed

378 2613 603 2682 Christi,
636 2617 729 2688 qui
758 2620 929 2675 Filius
967 2631 1052 2676 est
1088 2621 1184 2676 Dei
1216 2624 1520 2679 conditoris
1551 2625 1714 2695 hujus
1745 2625 1958 2680 mundi.

381 2706 646 2762 Hortatur
687 2724 819 2781 ergo
859 2718 920 2765 ut
964 2712 1116 2766 illum
1162 2712 1402 2780 invocet,
1444 2732 1746 2784 verumque
1789 2715 1960 2770 Deum

381 2805 659 2865 agnoscat.
687 2799 857 2854 Porro
881 2800 1164 2855 lberorum
1190 2818 1285 2856 rex
1309 2812 1416 2856 tam
1445 2803 1639 2858 subitae
1664 2804 1963 2858 curationis

381 2887 650 2942 miraculo
699 2890 1150 2959 obstupefactus,
1191 2900 1545 2961 percontatus
1597 2895 1849 2964 quisnam
1906 2894 1962 2948 id

381 2977 606 3047 egisset,
633 2980 905 3049 captivam
941 2981 1099 3036 donis
1144 2992 1526 3052 remuneratus
1566 2993 1668 3040 est.
1701 2985 1794 3040 Illa
1831 3001 1962 3040 vero

2058 1805 2242 1875 ϐἀρων
2287 1803 2586 1872 γυναῖκας,
2637 1801 2733 1854 καὶ
2764 1798 2932 1870 αὐτὴν
2977 1797 3075 1867 τὴν
3109 1795 3206 1850 τοῦ
3256 1796 3521 1866 βασιλέως
3553 1799 3639 1851 δι-

2059 1894 2245 1966 έτρεχε
2265 1909 2279 1923 ·
2313 1892 2408 1947 καὶ
2439 1890 2794 1963 φανερωτέρα
2821 1891 2854 1958 ἡ
2879 1889 3218 1960 αἰχμάλωτος
3249 1889 3474 1957 ἐγίνετο.
3501 1891 3638 1944 Μετ’

2064 1988 2124 2041 οὐ
2149 1985 2282 2040 πολὺ
2315 1985 2373 2038 δὲ
2409 1985 2503 2038 καὶ
2531 1985 2564 2055 ἡ
2594 1983 2687 2038 τοῦ
2723 1981 2988 2054 βασιλέως
3017 1981 3154 2052 γυνὴ
3182 1979 3459 2052 ἀρρωστίᾳ
3482 1997 3642 2051 περι-

2059 2079 2322 2141 πεσοῦσα,
2345 2077 2444 2148 τὴν
2463 2077 2808 2147 αἰχμάλωτον
2843 2077 3080 2144 γυναῖκα
3103 2074 3500 2143 μετεπέμπετο.
3527 2075 3640 2144 Τῆς

2063 2162 2120 2224 δὲ
2159 2168 2666 2240 παραιτησαμένης,
2703 2164 3102 2238 μετριαζούσης
3128 2182 3185 2218 τε
3203 2166 3258 2217 ἐν
3289 2167 3400 2227 τοῖς
3427 2165 3638 2236 ἤθεσιν,

2059 2255 2197 2332 αὑτὴ
2228 2261 2452 2332 φέρεται
2484 2261 2613 2332 παρ’
2645 2259 2836 2327 αὑτήν.
2869 2259 3018 2310 Ποιεῐ
3047 2257 3104 2310 δὲ
3135 2257 3168 2326 ὴ
3205 2256 3567 2327 αἰχμάλωτος,
3603 2255 3642 2310 ἃ

2062 2357 2155 2413 καὶ
2185 2357 2276 2408 ἐπὶ
2309 2354 2402 2408 τοῦ
2435 2353 2622 2415 παιδὸς
2661 2351 2952 2423 πεποιήκει
2979 2349 3265 2420 πρότερον.
3293 2349 3641 2418 Παραχρῆμα

2061 2451 2148 2514 δὲ,
2180 2451 2213 2519 ἡ
2247 2447 2476 2502 νοσοῦσα
2505 2442 2785 2518 ἐρρώσθη,
2819 2442 2912 2496 καὶ
2944 2439 3261 2511 ηὐχαρίστει
3301 2441 3367 2508 τῇ
3399 2437 3640 2508 γυναικί.

2073 2540 2137 2592 ’Ῑί
2164 2539 2239 2602 ει,
2277 2539 2389 2590 Οὐκ
2431 2538 2582 2606 ἐμὸν,
2627 2533 2751 2602 ἔφη,
2799 2533 2860 2586 τὸ
2909 2532 3089 2603 ἔργον,
3123 2529 3258 2584 ἀλλὰ
3289 2528 3547 2600 Χριστοῦ,
3581 2528 3641 2592 ὃς

2062 2631 2190 2694 Υἱός
2213 2632 2326 2682 ἐστι
2349 2627 2442 2682 τοῦ
2473 2625 2629 2690 Θεοῦ,
2659 2625 2754 2678 τοῦ
2790 2624 2880 2676 τὸν
2903 2624 3107 2694 κόσμον
3134 2623 3478 2696 ποιήσαντος.
3506 2621 3642 2674 Τοῦ-

2061 2723 2153 2776 τόν
2195 2739 2255 2775 τε
2303 2718 2687 2772 ἐπικαλεῖσθαι
2738 2714 3102 2786 παρῄνει,καὶ
3152 2715 3325 2784 ἀληθῆ
3356 2711 3643 2785 γνωρίζειν

2063 2815 2214 2868 Θεόν.
2263 2811 2560 2883 Θαυμάσας
2600 2809 2658 2861 δὲ
2689 2811 2716 2862 ὀ
2766 2806 3022 2878 βασιλεὺς
3047 2805 3152 2858 τῶν
3195 2805 3416 2876 Ἰϐήρων
3443 2806 3543 2876 τὴν
3573 2807 3642 2858 ἐκ

2063 2905 2162 2975 τῆς
2193 2905 2348 2958 νόσου
2380 2903 2460 2966 εἰς
2483 2902 2674 2970 ὑγείαν
2696 2900 2968 2970 ταχυτῆτα
2987 2940 3002 2964 ,
3040 2897 3336 2968 πυθόμενός
3359 2914 3416 2949 τε
3441 2897 3523 2959 τίς
3553 2897 3642 2966 εἴη

2063 3001 2091 3052 6
2125 2996 2486 3068 θεραπεύσας.
2519 2993 2711 3066 δώροις
2752 2991 3009 3062 ἠμείϐετο
3039 2991 3136 3062 τὴν
3168 2991 3532 3062 αἰχμάλωτον.
3576 2991 3642 3043 'll

383 3067 594 3123 divitiis
618 3069 841 3138 quidem
880 3087 938 3126 se
973 3089 1319 3144 nequaquam
1343 3091 1480 3146 opus
1503 3076 1706 3132 habere
1731 3091 1960 3146 respon-

2065 3091 2118 3143 δὲ
2147 3091 2246 3142 οὐκ
2278 3089 2381 3158 ἔφη
2412 3086 2616 3140 δεῖσθαι
2659 3085 2888 3137 πλούτου
2909 3100 2922 3115 °
2959 3083 3104 3154 ἔχειν
3144 3084 3252 3154 γὰρ
3297 3081 3522 3136 πλοῦτον
3546 3083 3642 3151 τὴν

385 3159 466 3213 dit
497 3179 509 3214 :
535 3161 793 3231 pietatem
833 3163 980 3217 enim
1013 3165 1120 3218 sibi
1153 3181 1252 3236 pro
1285 3167 1495 3221 divitiis
1525 3183 1674 3234 esse;
1704 3175 1962 3222 cmtcrum

386 3253 568 3324 magni
601 3253 846 3309 muneris
874 3255 994 3310 loco
1028 3255 1336 3324 dueturam,
1362 3260 1408 3313 si
1443 3259 1616 3314 Deum
1651 3275 1813 3329 quem
1847 3259 1964 3329 ipsa

387 3344 616 3410 coleret,
655 3346 771 3416 ipse
815 3364 1033 3417 quoque
1076 3349 1241 3403 vellet
1287 3365 1600 3420 agnoscere.
1645 3351 1744 3405 His
1780 3351 1960 3416 dictis,

387 3436 532 3491 dona
569 3453 667 3491 sua
702 3437 770 3491 ad
813 3453 996 3508 regem
1034 3440 1265 3494 remisit.
1295 3440 1364 3494 At
1389 3457 1484 3495 rex
1507 3457 1813 3509 sermonem
1839 3457 1964 3496 mu-

387 3534 540 3592 lieris
578 3543 692 3589 tum
731 3535 954 3606 quidem
998 3537 1054 3592 in
1097 3537 1281 3592 animo
1323 3537 1649 3593 recondidit.
1695 3537 1964 3592 Postridie

387 3643 522 3684 vero
545 3643 670 3683 cum
694 3629 762 3684 ad
785 3630 1100 3685 venandum
1127 3638 1271 3685 esset
1309 3617 1588 3701 egressus,
1605 3629 1712 3684 tale
1743 3629 1874 3699 quid
1913 3630 1964 3684 ei

389 3719 618 3790 contigit
644 3737 657 3773 :
683 3721 952 3775 montium
985 3723 1112 3792 iuga
1150 3729 1207 3777 et
1247 3722 1417 3776 saltus
1459 3721 1516 3774 in
1559 3721 1761 3790 quibus
1804 3735 1968 3776 vena-

389 3810 574 3876 batur,
603 3812 803 3866 nehula
834 3820 890 3868 et
917 3798 1189 3882 profunda
1223 3812 1452 3884 caligine
1487 3812 1688 3866 obduci
1725 3827 1962 3882 cmpere.

391 3903 630 3958 Proinde
667 3913 726 3959 et
762 3905 982 3958 venatio
1021 3904 1278 3969 dillicilis,
1303 3911 1360 3959 et
1387 3903 1476 3959 via
1512 3903 1770 3974 impedita
1803 3909 1968 3971 atque

395 3994 792 4049 inextricabilis
812 3994 1166 4050 reddebatur.
1214 3994 1368 4060 Rex,
1409 3994 1567 4065 inops
1623 3991 1870 4056 consilii,
1913 3999 1968 4046 et

393 4083 522 4154 quid
545 4092 730 4156 ageret
775 4085 1040 4148 incertus,
1059 4083 1288 4138 deorum
1311 4099 1536 4139 suorum
1557 4099 1716 4154 opem
1739 4090 1968 4138 conten-

393 4175 604 4232 tissime
643 4177 918 4247 implorat.
963 4175 1071 4232 Sed
1110 4191 1234 4230 cum
1270 4176 1409 4232 nihil
1434 4175 1743 4246 proficeret,
1772 4173 1839 4228 ad
1873 4189 1969 4227 ex-

395 4275 632 4324 tremum
655 4268 809 4325 venit
831 4268 911 4323 illi
938 4269 991 4323 in
1017 4279 1254 4324 mentem
1281 4269 1506 4339 captiva:
1535 4267 1784 4322 mulieris
1805 4267 1967 4320 Deus.

395 4359 552 4413 llunc
574 4359 742 4431 igitur
765 4361 1070 4431 adiutorem
1095 4369 1274 4416 vocat.
1298 4363 1398 4418 Vix
1425 4360 1792 4432 precationem
1818 4357 1974 4414 finie-

395 4457 500 4509 rat,
537 4463 660 4500 cum
705 4449 879 4518 caligo
909 4450 1125 4504 nebulae
1173 4450 1357 4504 subito
1384 4451 1627 4504 discussa
1647 4457 1751 4504 est.
1778 4447 1970 4503 Admi-

399 4542 552 4589 ratus
591 4537 699 4589 hoc
743 4535 950 4590 factum
996 4552 1126 4601 rex,
1169 4537 1393 4590 domum
1437 4537 1594 4590 laetus
1639 4538 1968 4608 regreditur.

395 4628 642 4697 Cumque
679 4643 795 4682 rem
832 4643 1049 4681 omnem
1083 4636 1145 4681 ut
1182 4627 1456 4681 acciderat
1503 4627 1658 4680 uxori
1687 4629 1972 4697 exposuis-

397 4727 500 4782 set,
527 4719 673 4774 illico
699 4718 968 4788 captivam
996 4719 1281 4773 mulierem
1307 4717 1560 4772 accersiri
1585 4719 1764 4789 jubet,
1789 4719 1976 4773 scisci-

401 4818 656 4880 taturque
681 4825 749 4864 ex
771 4825 832 4865 ea
885 4808 1134 4878 quisnam
1173 4815 1318 4864 esset
1353 4809 1497 4864 Deus
1525 4809 1615 4864 ille
1643 4825 1803 4878 quem
1833 4811 1975 4864 cole-

401 4909 500 4956 ret.
531 4901 626 4956 Illa
660 4917 786 4956 cum
827 4901 885 4956 in
917 4911 1270 4970 conspectum
1309 4902 1451 4972 regis
1484 4901 1744 4966 venisset,
1773 4901 1828 4955 id
1853 4917 1976 4972 per-

399 4990 530 5046 fecit
575 4998 634 5045 ut
681 5005 777 5045 rex
837 4989 1121 5046 lberorum
1188 4989 1391 5046 Christi
1439 4989 1728 5046 exsisteret
1773 5008 1971 5062 praeco.

398 5080 612 5153 Quippe
649 5081 740 5136 ille
775 5083 879 5152 piae
915 5081 1160 5136 mulieris
1202 5081 1454 5147 hortatu,-
1495 5082 1778 5152 amplexus
1812 5083 1975 5138 ﬁdem

397 5171 626 5236 Christi,
653 5171 940 5227 universos
960 5171 1148 5228 lberos
1172 5172 1266 5244 qui
1297 5171 1470 5244 ipsius
1504 5173 1769 5243 parebant
1807 5174 1978 5246 impe-

401 5266 504 5330 rio,
539 5265 609 5320 ad
652 5264 974 5320 concionem
1009 5273 1188 5321 vocat.
1225 5266 1559 5338 Cunctisque
1603 5275 1710 5321 tam
1757 5283 1879 5337 quze
1920 5267 1977 5320 in

401 5360 685 5416 curatione
705 5358 892 5414 uxoris
915 5375 978 5415 ac
1003 5359 1106 5430 53
1130 5359 1250 5427 filii,
1274 5375 1436 5430 quam
1463 5373 1586 5430 qua:
1611 5359 1669 5414 in
1687 5359 1976 5415 venatione

401 5452 750 5517 accidissent,
769 5451 1082 5524 singillatim
1106 5453 1386 5524 expositis,
1410 5460 1471 5507 ut
1487 5451 1715 5524 captivae
1730 5451 1978 5507 mulieris

405 5546 573 5601 Deum
616 5545 896 5610 colerent,
944 5544 1213 5600 hortatur.
1269 5544 1445 5601 Ambo
1490 5543 1656 5616 igitur
1697 5533 1978 5615 priecones

407 5643 530 5698 facti
574 5649 702 5698 sunt
739 5641 944 5699 Christi
973 5659 986 5696 :
1011 5657 1111 5699 rex
1151 5641 1372 5712 quidem
1413 5639 1582 5696 viris.
1619 5638 1804 5711 regina
1844 5653 1976 5694 vero

2064 3180 2364 3237 εὐσέϐειαν.
2415 3179 2510 3232 καὶ
2538 3177 2787 3247 δέχεσθαι
2830 3177 2972 3246 μέγα
3003 3175 3196 3248 δῶρον,
3241 3175 3290 3228 εί
3321 3174 3643 3244 ἐπιγνώσειε

2063 3272 2152 3324 τὸν
2171 3271 2324 3334 Θεὸν,
2345 3269 2436 3322 τὸν
2459 3269 2550 3322 ὑπ’
2567 3267 2737 3336 αὐτῆς
2755 3265 3178 3336 γινωσκόμενον.
3193 3266 3378 3318 Ταῦτα
3393 3265 3640 3331 εἰποῦσα,

2062 3363 2131 3415 τὰ
2161 3361 2308 3432 δῶρα
2354 3360 2728 3428 ἀντέπεμπεν·
2764 3359 2791 3410 6
2819 3358 2876 3410 δὲ
2927 3358 3202 3428 βασιλεὺς,
3233 3359 3324 3411 τὸν
3353 3360 3450 3430 μὲν
3489 3361 3644 3428 λόγον

2067 3451 2444 3522 ἐταμιεύσατο.
2493 3450 2627 3504 Μεθ’
2672 3449 2884 3521 ἡμέραν
2938 3449 2996 3502 δὲ
3053 3449 3321 3515 ἐξελθόντι
3380 3451 3527 3521 αὐτῷ
3566 3453 3645 3514 εἰς

2067 3542 2263 3613 θήραν,
2291 3540 2576 3610 συμϐαίνει
2602 3537 2810 3592 τοιοῦτό
2836 3555 2908 3590 τι.
2940 3538 3050 3600 Τὰς
3078 3538 3320 3608 κορυφὰς
3342 3539 3450 3590 τῶν
3476 3539 3646 3610 ὀρέων

2066 3629 2162 3682 καὶ
2190 3629 2287 3690 τὰς
2325 3627 2502 3690 νάπας
2532 3625 2661 3680 ἔνθα
2693 3627 2886 3697 ἐθήρα,
2917 3626 3176 3696 κατέχεεν
3204 3627 3424 3698 ὁμίχλη,
3457 3631 3648 3692 σκότος

2065 3736 2124 3772 τε
2155 3717 2311 3771 πολύ.
2345 3717 2456 3770 Καὶ
2483 3713 2550 3787 ἦν
2582 3716 2785 3787 ἄπορος
2816 3715 2916 3786 μὲν
2945 3717 2978 3785 ἡ
3019 3716 3195 3786 θήρα,
3232 3716 3566 3788 ἀδιεξίτητος
3591 3717 3648 3769 δὲ

2069 3813 2103 3882 ἡ
2129 3810 2245 3874 ὁδός
2271 3827 2284 3840 ο
2325 3811 2384 3862 ὲν
2412 3809 2691 3879 ἀμηχανία
2717 3808 2771 3860 δὲ
2813 3808 3123 3879 γενόμενος,
3156 3808 3290 3860 πολὺ
3323 3810 3447 3882 τοὺς
3491 3809 3648 3871 Θεοὺς

2068 3901 2387 3955 ἐπεκαλεῖτο
2408 3901 2502 3964 οὒς
2525 3899 2732 3955 ἔσεϐεν.
2769 3900 2854 3964 Ὡς
2881 3901 2936 3952 δὲ
2958 3901 3108 3954 οὐδὲν
3131 3901 3260 3971 ἤνυε
3287 3901 3467 3966 πλέον,
3497 3900 3650 3964 τέλος

2069 3993 2150 4056 είς
2176 3991 2382 4046 ἔννοιαν
2410 3993 2508 4062 τῆς
2541 3991 2886 4060 αἰχμαλώτου
2931 3989 3197 4060 λαμϐάνει
3231 3989 3322 4043 τὸν
3349 3989 3502 4056 θεὸν,
3555 3991 3649 4044 καὶ

2069 4082 2257 4137 τοῦτον
2309 4085 2464 4138 καλεῖ
2495 4082 2706 4154 βοηθόν.
2750 4083 2860 4136 Καὶ
2888 4083 3003 4152 ἃμα
3033 4098 3096 4148 γε
3126 4079 3344 4151 ηὔχετο,
3375 4080 3472 4134 καὶ
3495 4080 3555 4132 τὸ
3584 4083 3650 4133 ἐκ

2070 4175 2169 4242 τῆς
2201 4173 2430 4244 ὁμίχλης
2472 4171 2712 4238 διελύετο
2753 4171 2966 4234 σκότος.
3017 4169 3329 4240 Θαυμὰζων
3375 4169 3432 4222 δὲ
3461 4169 3520 4223 τὸ
3551 4185 3650 4236 γε-

2073 4265 2318 4335 νόμενον,
2368 4263 2575 4336 χαίρων
2623 4263 2716 4316 ἐπὶ
2763 4262 2835 4314 τὰ
2867 4263 3042 4315 οἰκεῖα
3089 4260 3374 4332 ἀνεχώρει.
3429 4258 3540 4313 Καὶ
3589 4259 3652 4313 τὸ

2077 4375 2139 4411 συ
2148 4355 2420 4428 μϐεϐηκὸς
2441 4355 2677 4424 διηγεῖτο
2699 4355 2764 4424 τῇ
2792 4353 3031 4422 γυναικί.
3057 4355 3168 4408 Καὶ
3189 4355 3288 4422 τὴν
3307 4349 3652 4422 αἰχμάλωτον

2075 4447 2235 4511 εὐθὺς
2261 4446 2698 4518 μεταπέμπεται,
2726 4444 2820 4498 καὶ
2841 4443 2924 4508 τίς
2954 4445 3040 4512 εἴη
3067 4443 3126 4496 ὃν
3161 4442 3309 4496 σέϐει
3339 4441 3472 4494 Θεὸν
3495 4443 3656 4494 ὲπυν-

2077 4539 2286 4594 θάνετο.
2335 4539 2403 4591 Ἦ
2452 4537 2530 4602 δὲ,
2567 4539 2646 4600 εἰς
2691 4537 2980 4608 πρόσωπον
3013 4534 3260 4597 ἐλθοῦσα,
3307 4535 3520 4607 κήρυκα
3559 4531 3677 4610 τοῦ(

2074 4631 2310 4704 Χριστοῦ
2333 4630 2422 4684 τὸν
2452 4629 2560 4682 τῶν
2605 4628 2830 4700 Ἰϐήρων
2863 4629 3085 4700 βασιλέα
3117 4628 3340 4697 ἐποίησε
3371 4623 3652 4695 γενέσθαι·

2075 4722 2370 4785 πιστεύσας
2393 4720 2501 4792 γὰρ
2521 4719 2598 4792 τῷ
2619 4720 2838 4791 Χριστῷ
2859 4721 2945 4774 διὰ
2969 4721 3066 4790 τῆς
3094 4717 3349 4782 εὐσεϐοῦς
3371 4718 3652 4786 γυναικὸς,

2077 4813 2284 4875 πάντας
2314 4814 2440 4876 τοὺς
2491 4813 2581 4865 ὑπ’
2629 4813 2790 4865 αὑτὸν
2833 4812 3060 4882 Ἴϐηρας
3113 4809 3392 4879 συγκαλεῖ.
3443 4809 3554 4863 Καὶ
3587 4808 3657 4864 τὰ

2078 4906 2362 4976 συμϐάντι
2400 4905 2526 4977 περί
2571 4922 2630 4958 τε
2667 4905 2762 4976 τῆς
2791 4903 3085 4976 θεραπείας
3127 4904 3224 4974 τῆς
3257 4901 3514 4971 γυναικὸς
3563 4900 3659 4954 καὶ

2075 4997 2168 5052 τοῦ
2199 4997 2435 5058 παιδίου,
2483 4998 2543 5049 ού
2589 4997 2692 5067 μὴν
2728 4995 2862 5049 ἀλλά
2903 4995 2998 5048 καὶ
3040 4993 3112 5047 τὰ
3161 4993 3304 5046 κατὰ
3351 4991 3448 5063 τὴν
3484 4991 3658 5062 θήραν

2078 5087 2401 5160 ἐκθέμενος,
2456 5088 2686 5159 παρῄνει
2736 5087 2988 5140 σέϐεσθαι
3029 5085 3119 5138 τὸν
3166 5085 3267 5155 τῆς
3307 5083 3656 5156 αἰχμαλώτου

2077 5179 2228 5233 Θεόν.
2271 5178 2548 5248 Ἐγένοντο
2569 5175 2660 5232 οὖν
2685 5178 2984 5249 ἀμφότεροι
3013 5178 3254 5248 κήρυκες
3279 5176 3372 5230 τοῦ
3396 5175 3653 5247 Χριστοῖν

2077 5271 2106 5323 6
2136 5269 2233 5339 μὲν
2261 5268 2513 5338 βασιλεὺς
2543 5271 2654 5332 τοῖς
2679 5268 2958 5338 ἀνδράσιν,
2985 5269 3018 5340 ἡ
3039 5268 3095 5320 δὲ
3116 5269 3252 5339 γυνὴ
3275 5271 3393 5330 ταῖς
3418 5267 3654 5335 γυναιξί.

2079 5359 2282 5416 Μαθὼν
2343 5359 2400 5412 δὲ
2451 5359 2602 5430 παρά
2651 5358 2751 5428 τῆς
2804 5359 3148 5430 αἰχμαλώτου
3207 5359 3268 5412 τὸ
3306 5359 3493 5430 σχῆμα
3548 5359 3658 5412 τῶν

2081 5451 2231 5522 παρὰ
2261 5448 2552 5520 Ῥωμαιοις
2578 5447 2902 5518 ἐκκλησιῶν,
2927 5449 3213 5521 εύκτήριον
3237 5445 3383 5503 οἶκον
3405 5447 3659 5502 ἐκέλευσε

2081 5542 2364 5612 γενέσθαιο
2401 5539 2565 5604 εὐθύς
2607 5555 2666 5594 τε
2711 5540 2779 5594 τὰ
2825 5541 2964 5612 πρὸς
2993 5541 3282 5612 οἰκοδομὴν
3326 5539 3661 5610 προσέταξεν

2082 5633 2522 5708 εὐτρεπίζεσθαι.
2566 5631 2670 5687 Καὶ
2709 5635 2738 5682 ὁ
2786 5629 2932 5697 θ’νος
2963 5631 3237 5704 ἠγείρετο.
3295 5631 3447 5686 Ἐπεὶ
3475 5632 3532 5686 δὲ
3565 5631 3659 5684 καὶ
