  <div class='ocr_page' id='page_1' title='image "/cluster/home/n/w/nwhite01/storage/ocr_20150623/67/hvd.32044020707378/072.png"; bbox 0 0 4046 6204; ppageno 0'>
   <div class='ocr_carea' id='block_1_1' title="bbox 384 221 493 275">
    <p class='ocr_par' dir='ltr' id='par_1_1' title="bbox 384 221 493 275">
     <span class='ocr_line' id='line_1_1' title="bbox 384 221 493 275; baseline 0.018 -3"><span class='ocrx_word' id='word_1_1' title='bbox 384 221 493 275; x_wconf 63' lang='lat'><strong>173</strong></span> 
     </span>
    </p>
   </div>
   <div class='ocr_carea' id='block_1_2' title="bbox 1424 213 2721 278">
    <p class='ocr_par' dir='ltr' id='par_1_2' title="bbox 1424 213 2721 278">
     <span class='ocr_line' id='line_1_2' title="bbox 1424 213 2721 278; baseline 0.006 -8"><span class='ocrx_word' id='word_1_2' title='bbox 1424 213 1755 271; x_wconf 74' lang='lat' dir='ltr'><strong>HISTORIA</strong></span> <span class='ocrx_word' id='word_1_3' title='bbox 1801 216 2358 276; x_wconf 78' lang='lat' dir='ltr'><strong>ECCLESIASTICA.</strong></span> <span class='ocrx_word' id='word_1_4' title='bbox 2401 253 2467 262; x_wconf 92' lang='lat'><strong>—</strong></span> <span class='ocrx_word' id='word_1_5' title='bbox 2508 222 2636 278; x_wconf 82' lang='lat' dir='ltr'><strong>LIB.</strong></span> <span class='ocrx_word' id='word_1_6' title='bbox 2679 225 2721 278; x_wconf 88' lang='grc'><strong>1.</strong></span> 
     </span>
    </p>
   </div>
   <div class='ocr_carea' id='block_1_3' title="bbox 3577 235 3679 291">
    <p class='ocr_par' dir='ltr' id='par_1_3' title="bbox 3577 235 3679 291">
     <span class='ocr_line' id='line_1_3' title="bbox 3577 235 3679 291; baseline 0 0"><span class='ocrx_word' id='word_1_7' title='bbox 3577 235 3679 291; x_wconf 66' lang='grc' dir='ltr'><strong>ιδι</strong></span> 
     </span>
    </p>
   </div>
   <div class='ocr_carea' id='block_1_4' title="bbox 377 333 1972 414">
    <p class='ocr_par' dir='ltr' id='par_1_4' title="bbox 377 333 1972 408">
     <span class='ocr_line' id='line_1_4' title="bbox 377 333 1972 408; baseline -0.001 -20"><span class='ocrx_word' id='word_1_8' title='bbox 377 339 507 402; x_wconf 74' lang='grc' dir='ltr'>τοὺς</span> <span class='ocrx_word' id='word_1_9' title='bbox 544 338 771 400; x_wconf 83' lang='grc' dir='ltr'>στύλους</span> <span class='ocrx_word' id='word_1_10' title='bbox 803 336 1065 408; x_wconf 79' lang='grc' dir='ltr'>ἀνορθοῦν</span> <span class='ocrx_word' id='word_1_11' title='bbox 1095 334 1415 405; x_wconf 75' lang='grc' dir='ltr'><strong>ἐπειρῶντο,</strong></span> <span class='ocrx_word' id='word_1_12' title='bbox 1446 335 1720 403; x_wconf 78' lang='grc' dir='ltr'><strong>οἰκονομεῖ</strong></span> <span class='ocrx_word' id='word_1_13' title='bbox 1752 351 1807 388; x_wconf 88' lang='grc' dir='ltr'><strong>τι</strong></span> <span class='ocrx_word' id='word_1_14' title='bbox 1843 333 1972 405; x_wconf 75' lang='grc' dir='ltr'>πρὸς</span> 
     </span>
    </p>
   </div>
   <div class='ocr_carea' id='block_1_5' title="bbox 2075 333 3681 414">
    <p class='ocr_par' dir='ltr' id='par_1_5' title="bbox 2088 336 3681 414">
     <span class='ocr_line' id='line_1_5' title="bbox 2088 336 3681 414; baseline 0.006 -25"><span class='ocrx_word' id='word_1_15' title='bbox 2088 336 2438 393; x_wconf 83' lang='lat' dir='ltr'><strong>mulieribus.</strong></span> <span class='ocrx_word' id='word_1_16' title='bbox 2467 339 2583 395; x_wconf 80' lang='lat' dir='ltr'><strong>Rex</strong></span> <span class='ocrx_word' id='word_1_17' title='bbox 2608 354 2774 409; x_wconf 89' lang='lat' dir='ltr'><strong>porro</strong></span> <span class='ocrx_word' id='word_1_18' title='bbox 2801 354 2926 394; x_wconf 92' lang='lat' dir='ltr'><strong>cum</strong></span> <span class='ocrx_word' id='word_1_19' title='bbox 2962 356 3030 395; x_wconf 80' lang='lat' dir='ltr'><strong>ex</strong></span> <span class='ocrx_word' id='word_1_20' title='bbox 3067 343 3282 414; x_wconf 74' lang='lat' dir='ltr'><strong>captiva</strong></span> <span class='ocrx_word' id='word_1_21' title='bbox 3313 344 3546 401; x_wconf 75' lang='lat' dir='ltr'><strong>muliere</strong></span> <span class='ocrx_word' id='word_1_22' title='bbox 3572 350 3681 403; x_wconf 78' lang='lat' dir='ltr'><strong>lor-</strong></span> 
     </span>
    </p>
   </div>
   <div class='ocr_carea' id='block_1_6' title="bbox 383 424 1985 496">
    <p class='ocr_par' dir='ltr' id='par_1_6' title="bbox 383 424 1985 496">
     <span class='ocr_line' id='line_1_6' title="bbox 383 424 1985 496; baseline -0.004 -14"><span class='ocrx_word' id='word_1_23' title='bbox 383 434 573 484; x_wconf 77' lang='grc' dir='ltr'>πίστιν</span> <span class='ocrx_word' id='word_1_24' title='bbox 612 430 736 492; x_wconf 65' lang='grc' dir='ltr'>τοὺς</span> <span class='ocrx_word' id='word_1_25' title='bbox 786 426 1134 489; x_wconf 80' lang='grc' dir='ltr'><strong>ἐνοικοῦντας</strong></span> <span class='ocrx_word' id='word_1_26' title='bbox 1166 428 1199 496; x_wconf 83' lang='grc' dir='ltr'><strong>ἡ</strong></span> <span class='ocrx_word' id='word_1_27' title='bbox 1226 424 1323 478; x_wconf 84' lang='grc' dir='ltr'><strong>τοῦ</strong></span> <span class='ocrx_word' id='word_1_28' title='bbox 1379 424 1517 478; x_wconf 80' lang='grc' dir='ltr'>Θεοῦ</span> <span class='ocrx_word' id='word_1_29' title='bbox 1560 424 1794 478; x_wconf 72' lang='grc' dir='ltr'>ἕλκουσα</span> <span class='ocrx_word' id='word_1_30' title='bbox 1844 424 1985 495; x_wconf 65' lang='grc' dir='ltr'>Πρός</span> 
     </span>
    </p>
   </div>
   <div class='ocr_carea' id='block_1_7' title="bbox 380 516 1985 592">
    <p class='ocr_par' dir='ltr' id='par_1_7' title="bbox 380 516 1985 592">
     <span class='ocr_line' id='line_1_7' title="bbox 380 516 1985 592; baseline -0.004 -17"><span class='ocrx_word' id='word_1_31' title='bbox 380 538 525 576; x_wconf 83' lang='grc' dir='ltr'>νοια.</span> <span class='ocrx_word' id='word_1_32' title='bbox 574 516 672 584; x_wconf 76' lang='grc' dir='ltr'><strong>Εἷς</strong></span> <span class='ocrx_word' id='word_1_33' title='bbox 718 520 828 592; x_wconf 74' lang='grc' dir='ltr'><strong>γὰρ</strong></span> <span class='ocrx_word' id='word_1_34' title='bbox 861 519 973 574; x_wconf 90' lang='grc' dir='ltr'><strong>τῶν</strong></span> <span class='ocrx_word' id='word_1_35' title='bbox 1001 519 1210 574; x_wconf 88' lang='grc' dir='ltr'>στύλων</span> <span class='ocrx_word' id='word_1_36' title='bbox 1239 518 1498 587; x_wconf 81' lang='grc' dir='ltr'><strong>ἀκίνητος</strong></span> <span class='ocrx_word' id='word_1_37' title='bbox 1537 517 1695 588; x_wconf 82' lang='grc' dir='ltr'>ἔμενε</span> <span class='ocrx_word' id='word_1_38' title='bbox 1725 533 1738 547; x_wconf 90' lang='grc'><strong>·</strong></span> <span class='ocrx_word' id='word_1_39' title='bbox 1772 518 1865 570; x_wconf 74' lang='grc' dir='ltr'>καὶ</span> <span class='ocrx_word' id='word_1_40' title='bbox 1893 518 1985 569; x_wconf 79' lang='grc' dir='ltr'>ού-</span> 
     </span>
    </p>
   </div>
   <div class='ocr_carea' id='block_1_8' title="bbox 380 607 1980 684">
    <p class='ocr_par' dir='ltr' id='par_1_8' title="bbox 380 607 1980 684">
     <span class='ocr_line' id='line_1_8' title="bbox 380 607 1980 684; baseline -0.001 -19"><span class='ocrx_word' id='word_1_41' title='bbox 380 612 547 682; x_wconf 82' lang='grc' dir='ltr'>δεμία</span> <span class='ocrx_word' id='word_1_42' title='bbox 591 612 881 684; x_wconf 78' lang='grc' dir='ltr'>εὑρίσκετο</span> <span class='ocrx_word' id='word_1_43' title='bbox 923 610 1167 681; x_wconf 81' lang='grc' dir='ltr'><strong>μηχανὴ,</strong></span> <span class='ocrx_word' id='word_1_44' title='bbox 1213 607 1489 679; x_wconf 78' lang='grc' dir='ltr'><strong>δυναμένη</strong></span> <span class='ocrx_word' id='word_1_45' title='bbox 1539 609 1755 676; x_wconf 81' lang='grc' dir='ltr'><strong>κινῆσαι</strong></span> <span class='ocrx_word' id='word_1_46' title='bbox 1794 609 1980 664; x_wconf 77' lang='grc' dir='ltr'>αὐτόν.</span> 
     </span>
    </p>
   </div>
   <div class='ocr_carea' id='block_1_9' title="bbox 395 700 1984 773">
    <p class='ocr_par' dir='ltr' id='par_1_9' title="bbox 395 700 1984 773">
     <span class='ocr_line' id='line_1_9' title="bbox 395 700 1984 773; baseline -0.003 -17"><span class='ocrx_word' id='word_1_47' title='bbox 395 704 559 759; x_wconf 76' lang='grc' dir='ltr'>Ἀλλὰ</span> <span class='ocrx_word' id='word_1_48' title='bbox 588 704 658 757; x_wconf 67' lang='grc' dir='ltr'>τὰ</span> <span class='ocrx_word' id='word_1_49' title='bbox 699 704 799 773; x_wconf 78' lang='grc' dir='ltr'><strong>μὲν</strong></span> <span class='ocrx_word' id='word_1_50' title='bbox 830 703 1071 756; x_wconf 77' lang='grc' dir='ltr'><strong>καλώδια</strong></span> <span class='ocrx_word' id='word_1_51' title='bbox 1103 702 1496 772; x_wconf 63' lang='grc' dir='ltr'>διερρήγνυτο,</span> <span class='ocrx_word' id='word_1_52' title='bbox 1532 703 1601 753; x_wconf 69' lang='grc' dir='ltr'>τὰ</span> <span class='ocrx_word' id='word_1_53' title='bbox 1645 701 1703 753; x_wconf 75' lang='grc' dir='ltr'>δὲ</span> <span class='ocrx_word' id='word_1_54' title='bbox 1735 700 1984 771; x_wconf 82' lang='grc' dir='ltr'><strong>μηχανή-</strong></span> 
     </span>
    </p>
   </div>
   <div class='ocr_carea' id='block_1_10' title="bbox 380 785 1980 864">
    <p class='ocr_par' dir='ltr' id='par_1_10' title="bbox 380 785 1980 864">
     <span class='ocr_line' id='line_1_10' title="bbox 380 785 1980 864; baseline -0.003 -18"><span class='ocrx_word' id='word_1_55' title='bbox 380 811 535 864; x_wconf 86' lang='grc' dir='ltr'>ματα</span> <span class='ocrx_word' id='word_1_56' title='bbox 566 793 904 860; x_wconf 75' lang='grc' dir='ltr'>κατεάγνυτο</span> <span class='ocrx_word' id='word_1_57' title='bbox 927 809 942 822; x_wconf 73' lang='grc' dir='ltr'><strong>ο</strong></span> <span class='ocrx_word' id='word_1_58' title='bbox 991 789 1373 859; x_wconf 78' lang='grc' dir='ltr'><strong>ἀπεγνωκότες</strong></span> <span class='ocrx_word' id='word_1_59' title='bbox 1398 785 1491 843; x_wconf 81' lang='grc' dir='ltr'>οῦν</span> <span class='ocrx_word' id='word_1_60' title='bbox 1518 790 1569 844; x_wconf 82' lang='grc' dir='ltr'><strong>οἱ</strong></span> <span class='ocrx_word' id='word_1_61' title='bbox 1601 788 1980 860; x_wconf 75' lang='grc' dir='ltr'>ἐργαζόμενοι,</span> 
     </span>
    </p>
   </div>
   <div class='ocr_carea' id='block_1_11' title="bbox 377 879 1978 955">
    <p class='ocr_par' dir='ltr' id='par_1_11' title="bbox 377 879 1978 955">
     <span class='ocr_line' id='line_1_11' title="bbox 377 879 1978 955; baseline -0.002 -17"><span class='ocrx_word' id='word_1_62' title='bbox 377 884 725 955; x_wconf 78' lang='grc' dir='ltr'>ἀπεχώρουν.</span> <span class='ocrx_word' id='word_1_63' title='bbox 750 884 886 936; x_wconf 84' lang='grc' dir='ltr'>Τότε</span> <span class='ocrx_word' id='word_1_64' title='bbox 914 883 1193 935; x_wconf 73' lang='grc' dir='ltr'>δείκνυται</span> <span class='ocrx_word' id='word_1_65' title='bbox 1218 882 1315 949; x_wconf 79' lang='grc' dir='ltr'>τῆς</span> <span class='ocrx_word' id='word_1_66' title='bbox 1338 879 1687 952; x_wconf 74' lang='grc' dir='ltr'><strong>αἰχμαλώτου</strong></span> <span class='ocrx_word' id='word_1_67' title='bbox 1711 883 1744 952; x_wconf 83' lang='grc' dir='ltr'>ἡ</span> <span class='ocrx_word' id='word_1_68' title='bbox 1774 881 1978 945; x_wconf 83' lang='grc' dir='ltr'><strong>πίστις.</strong></span> 
     </span>
    </p>
   </div>
   <div class='ocr_carea' id='block_1_12' title="bbox 378 973 1981 1047">
    <p class='ocr_par' dir='ltr' id='par_1_12' title="bbox 378 973 1981 1047">
     <span class='ocr_line' id='line_1_12' title="bbox 378 973 1981 1047; baseline -0.002 -18"><span class='ocrx_word' id='word_1_69' title='bbox 378 977 597 1039; x_wconf 68' lang='grc' dir='ltr'>Νυκτὸς</span> <span class='ocrx_word' id='word_1_70' title='bbox 644 976 774 1047; x_wconf 75' lang='grc' dir='ltr'>γὰρ,</span> <span class='ocrx_word' id='word_1_71' title='bbox 814 974 1041 1046; x_wconf 76' lang='grc' dir='ltr'>μηδενὸς</span> <span class='ocrx_word' id='word_1_72' title='bbox 1075 973 1398 1043; x_wconf 75' lang='grc' dir='ltr'>ἐγνωκότος,</span> <span class='ocrx_word' id='word_1_73' title='bbox 1448 973 1858 1044; x_wconf 77' lang='grc' dir='ltr'><strong>καταλαμϐάνει</strong></span> <span class='ocrx_word' id='word_1_74' title='bbox 1890 973 1981 1026; x_wconf 75' lang='grc' dir='ltr'><strong>τὸν</strong></span> 
     </span>
    </p>
   </div>
   <div class='ocr_carea' id='block_1_13' title="bbox 375 1064 1979 1137">
    <p class='ocr_par' dir='ltr' id='par_1_13' title="bbox 375 1064 1979 1137">
     <span class='ocr_line' id='line_1_13' title="bbox 375 1064 1979 1137; baseline -0.002 -16"><span class='ocrx_word' id='word_1_75' title='bbox 375 1068 568 1133; x_wconf 81' lang='grc' dir='ltr'>τόπον,</span> <span class='ocrx_word' id='word_1_76' title='bbox 626 1069 720 1120; x_wconf 71' lang='grc' dir='ltr'><strong>καὶ</strong></span> <span class='ocrx_word' id='word_1_77' title='bbox 745 1065 1153 1137; x_wconf 81' lang='grc' dir='ltr'>διανυκτερεύει</span> <span class='ocrx_word' id='word_1_78' title='bbox 1183 1068 1247 1135; x_wconf 84' lang='grc' dir='ltr'>τῇ</span> <span class='ocrx_word' id='word_1_79' title='bbox 1289 1065 1421 1136; x_wconf 83' lang='grc' dir='ltr'>εὐχῇ</span> <span class='ocrx_word' id='word_1_80' title='bbox 1457 1064 1813 1134; x_wconf 74' lang='grc' dir='ltr'>σχολάζουσα.</span> <span class='ocrx_word' id='word_1_81' title='bbox 1846 1066 1979 1136; x_wconf 82' lang='grc' dir='ltr'><strong>Προ·</strong></span> 
     </span>
    </p>
   </div>
   <div class='ocr_carea' id='block_1_14' title="bbox 376 1156 1981 1230">
    <p class='ocr_par' dir='ltr' id='par_1_14' title="bbox 376 1156 1981 1230">
     <span class='ocr_line' id='line_1_14' title="bbox 376 1156 1981 1230; baseline -0.002 -17"><span class='ocrx_word' id='word_1_82' title='bbox 376 1159 499 1230; x_wconf 73' lang='grc' dir='ltr'>νοία</span> <span class='ocrx_word' id='word_1_83' title='bbox 524 1177 585 1213; x_wconf 87' lang='grc' dir='ltr'><strong>τε</strong></span> <span class='ocrx_word' id='word_1_84' title='bbox 608 1159 745 1212; x_wconf 85' lang='grc' dir='ltr'>Θεοῦ</span> <span class='ocrx_word' id='word_1_85' title='bbox 768 1160 796 1211; x_wconf 82' lang='grc' dir='ltr'><strong><em>ὁ</em></strong></span> <span class='ocrx_word' id='word_1_86' title='bbox 819 1158 1009 1220; x_wconf 83' lang='grc' dir='ltr'>στύλος</span> <span class='ocrx_word' id='word_1_87' title='bbox 1035 1156 1378 1227; x_wconf 74' lang='grc' dir='ltr'>ἀνορθοῦται,</span> <span class='ocrx_word' id='word_1_88' title='bbox 1404 1157 1498 1210; x_wconf 80' lang='grc' dir='ltr'><strong>καὶ</strong></span> <span class='ocrx_word' id='word_1_89' title='bbox 1524 1157 1853 1228; x_wconf 73' lang='grc' dir='ltr'>ὑψηλότερος</span> <span class='ocrx_word' id='word_1_90' title='bbox 1883 1157 1981 1228; x_wconf 82' lang='grc' dir='ltr'><strong>τῆς</strong></span> 
     </span>
    </p>
   </div>
   <div class='ocr_carea' id='block_1_15' title="bbox 378 1248 1979 1321">
    <p class='ocr_par' dir='ltr' id='par_1_15' title="bbox 378 1248 1979 1321">
     <span class='ocr_line' id='line_1_15' title="bbox 378 1248 1979 1321; baseline -0.001 -16"><span class='ocrx_word' id='word_1_91' title='bbox 378 1251 592 1321; x_wconf 72' lang='grc' dir='ltr'>βάσεως</span> <span class='ocrx_word' id='word_1_92' title='bbox 612 1252 669 1302; x_wconf 78' lang='grc' dir='ltr'>ἐν</span> <span class='ocrx_word' id='word_1_93' title='bbox 685 1249 762 1321; x_wconf 82' lang='grc' dir='ltr'>τῷ</span> <span class='ocrx_word' id='word_1_94' title='bbox 782 1251 908 1321; x_wconf 86' lang='grc' dir='ltr'>ἀέρι</span> <span class='ocrx_word' id='word_1_95' title='bbox 943 1250 1258 1319; x_wconf 80' lang='grc' dir='ltr'>ἐστήρικτο,</span> <span class='ocrx_word' id='word_1_96' title='bbox 1300 1248 1567 1320; x_wconf 81' lang='grc' dir='ltr'><strong>μηδαμῶς</strong></span> <span class='ocrx_word' id='word_1_97' title='bbox 1592 1251 1691 1321; x_wconf 80' lang='grc' dir='ltr'>τῆς</span> <span class='ocrx_word' id='word_1_98' title='bbox 1718 1250 1979 1320; x_wconf 74' lang='grc' dir='ltr'>κρηπῖδος</span> 
     </span>
    </p>
   </div>
   <div class='ocr_carea' id='block_1_16' title="bbox 376 1337 1978 1413">
    <p class='ocr_par' dir='ltr' id='par_1_16' title="bbox 376 1337 1978 1413">
     <span class='ocr_line' id='line_1_16' title="bbox 376 1337 1978 1413; baseline -0.001 -17"><span class='ocrx_word' id='word_1_99' title='bbox 376 1344 712 1413; x_wconf 80' lang='grc' dir='ltr'>ἁπτόμενος.</span> <span class='ocrx_word' id='word_1_100' title='bbox 778 1342 994 1413; x_wconf 80' lang='grc' dir='ltr'>Ἡμέρα</span> <span class='ocrx_word' id='word_1_101' title='bbox 1034 1342 1091 1394; x_wconf 85' lang='grc' dir='ltr'>δὲ</span> <span class='ocrx_word' id='word_1_102' title='bbox 1123 1337 1214 1411; x_wconf 85' lang='grc' dir='ltr'>ἦν,</span> <span class='ocrx_word' id='word_1_103' title='bbox 1248 1342 1341 1393; x_wconf 73' lang='grc' dir='ltr'><strong>καὶ</strong></span> <span class='ocrx_word' id='word_1_104' title='bbox 1387 1341 1414 1392; x_wconf 89' lang='grc' dir='ltr'><strong>ό</strong></span> <span class='ocrx_word' id='word_1_105' title='bbox 1455 1340 1708 1411; x_wconf 83' lang='grc' dir='ltr'>βασιλεὺς</span> <span class='ocrx_word' id='word_1_106' title='bbox 1753 1342 1978 1413; x_wconf 79' lang='grc' dir='ltr'><strong>ἔμφρων</strong></span> 
     </span>
    </p>
   </div>
   <div class='ocr_carea' id='block_1_17' title="bbox 358 1420 1977 1507">
    <p class='ocr_par' dir='ltr' id='par_1_17' title="bbox 358 1420 1977 1507">
     <span class='ocr_line' id='line_1_17' title="bbox 358 1420 1977 1507; baseline -0.001 -19"><span class='ocrx_word' id='word_1_107' title='bbox 358 1420 465 1507; x_wconf 33' lang='grc' dir='ltr'>έτις</span> <span class='ocrx_word' id='word_1_108' title='bbox 507 1433 584 1487; x_wconf 84' lang='grc' dir='ltr'>ῶν</span> <span class='ocrx_word' id='word_1_109' title='bbox 629 1435 760 1504; x_wconf 77' lang='grc'><strong>(18),</strong></span> <span class='ocrx_word' id='word_1_110' title='bbox 797 1436 891 1487; x_wconf 73' lang='grc' dir='ltr'>ἐπὶ</span> <span class='ocrx_word' id='word_1_111' title='bbox 926 1432 1025 1504; x_wconf 77' lang='grc' dir='ltr'>τὴν</span> <span class='ocrx_word' id='word_1_112' title='bbox 1072 1431 1358 1502; x_wconf 77' lang='grc' dir='ltr'>οἰκοδομὴν</span> <span class='ocrx_word' id='word_1_113' title='bbox 1394 1434 1577 1503; x_wconf 81' lang='grc' dir='ltr'>παρῆν</span> <span class='ocrx_word' id='word_1_114' title='bbox 1604 1449 1616 1461; x_wconf 88' lang='grc'><strong>·</strong></span> <span class='ocrx_word' id='word_1_115' title='bbox 1647 1434 1750 1503; x_wconf 78' lang='grc' dir='ltr'>ὁρᾷ</span> <span class='ocrx_word' id='word_1_116' title='bbox 1796 1450 1855 1486; x_wconf 88' lang='grc' dir='ltr'><strong>τε</strong></span> <span class='ocrx_word' id='word_1_117' title='bbox 1887 1433 1977 1487; x_wconf 72' lang='grc' dir='ltr'><strong>τὸν</strong></span> 
     </span>
    </p>
   </div>
   <div class='ocr_carea' id='block_1_18' title="bbox 377 1523 1980 1596">
    <p class='ocr_par' dir='ltr' id='par_1_18' title="bbox 377 1523 1980 1596">
     <span class='ocr_line' id='line_1_18' title="bbox 377 1523 1980 1596; baseline -0.008 -16"><span class='ocrx_word' id='word_1_118' title='bbox 377 1526 577 1580; x_wconf 87' lang='grc' dir='ltr'>στύλον</span> <span class='ocrx_word' id='word_1_119' title='bbox 608 1527 702 1579; x_wconf 73' lang='grc' dir='ltr'>ἐπὶ</span> <span class='ocrx_word' id='word_1_120' title='bbox 735 1525 831 1596; x_wconf 78' lang='grc' dir='ltr'><strong>τὴν</strong></span> <span class='ocrx_word' id='word_1_121' title='bbox 868 1525 1008 1578; x_wconf 77' lang='grc' dir='ltr'>ἰδίαν</span> <span class='ocrx_word' id='word_1_122' title='bbox 1033 1524 1381 1596; x_wconf 81' lang='grc' dir='ltr'>κρεμάμενον</span> <span class='ocrx_word' id='word_1_123' title='bbox 1408 1523 1592 1593; x_wconf 78' lang='grc' dir='ltr'><strong>βάσιν·</strong></span> <span class='ocrx_word' id='word_1_124' title='bbox 1629 1526 1721 1578; x_wconf 82' lang='grc' dir='ltr'>καὶ</span> <span class='ocrx_word' id='word_1_125' title='bbox 1750 1525 1980 1595; x_wconf 75' lang='grc' dir='ltr'>ἐκπλήτ-</span> 
     </span>
    </p>
   </div>
   <div class='ocr_carea' id='block_1_19' title="bbox 371 1614 1975 1690">
    <p class='ocr_par' dir='ltr' id='par_1_19' title="bbox 371 1614 1975 1690">
     <span class='ocr_line' id='line_1_19' title="bbox 371 1614 1975 1690; baseline -0.002 -18"><span class='ocrx_word' id='word_1_126' title='bbox 371 1638 536 1674; x_wconf 84' lang='grc' dir='ltr'>τεται</span> <span class='ocrx_word' id='word_1_127' title='bbox 570 1620 668 1690; x_wconf 80' lang='grc' dir='ltr'><strong>μὲν</strong></span> <span class='ocrx_word' id='word_1_128' title='bbox 705 1618 870 1679; x_wconf 74' lang='grc' dir='ltr'>αὐτὸς</span> <span class='ocrx_word' id='word_1_129' title='bbox 913 1616 1008 1668; x_wconf 72' lang='grc' dir='ltr'><strong>ἐπὶ</strong></span> <span class='ocrx_word' id='word_1_130' title='bbox 1044 1614 1122 1680; x_wconf 83' lang='grc' dir='ltr'><strong>τῷ</strong></span> <span class='ocrx_word' id='word_1_131' title='bbox 1149 1614 1417 1683; x_wconf 76' lang='grc' dir='ltr'>γεγονότι.</span> <span class='ocrx_word' id='word_1_132' title='bbox 1464 1615 1890 1687; x_wconf 79' lang='grc' dir='ltr'>Ἐκπλὴττονται</span> <span class='ocrx_word' id='word_1_133' title='bbox 1919 1617 1975 1669; x_wconf 69' lang='grc' dir='ltr'>δὲ</span> 
     </span>
    </p>
   </div>
   <div class='ocr_carea' id='block_1_20' title="bbox 374 1706 1972 1782">
    <p class='ocr_par' dir='ltr' id='par_1_20' title="bbox 374 1706 1972 1782">
     <span class='ocr_line' id='line_1_20' title="bbox 374 1706 1972 1782; baseline -0.004 -16"><span class='ocrx_word' id='word_1_134' title='bbox 374 1712 472 1767; x_wconf 74' lang='grc' dir='ltr'>καὶ</span> <span class='ocrx_word' id='word_1_135' title='bbox 501 1713 553 1765; x_wconf 73' lang='grc' dir='ltr'><strong>οἱ</strong></span> <span class='ocrx_word' id='word_1_136' title='bbox 600 1710 865 1782; x_wconf 86' lang='grc' dir='ltr'>παρόντες</span> <span class='ocrx_word' id='word_1_137' title='bbox 917 1709 1015 1761; x_wconf 76' lang='grc' dir='ltr'><strong>σὺν</strong></span> <span class='ocrx_word' id='word_1_138' title='bbox 1066 1706 1234 1777; x_wconf 76' lang='grc' dir='ltr'>αὐτῷ.</span> <span class='ocrx_word' id='word_1_139' title='bbox 1279 1707 1412 1759; x_wconf 85' lang='grc' dir='ltr'><strong>Μετ’</strong></span> <span class='ocrx_word' id='word_1_140' title='bbox 1465 1707 1526 1760; x_wconf 84' lang='grc' dir='ltr'>οὐ</span> <span class='ocrx_word' id='word_1_141' title='bbox 1564 1707 1698 1761; x_wconf 80' lang='grc' dir='ltr'>πολὺ</span> <span class='ocrx_word' id='word_1_142' title='bbox 1732 1708 1839 1779; x_wconf 69' lang='grc' dir='ltr'><strong>γὰρ</strong></span> <span class='ocrx_word' id='word_1_143' title='bbox 1886 1708 1972 1761; x_wconf 75' lang='grc' dir='ltr'><strong>ἐπ’</strong></span> 
     </span>
    </p>
   </div>
   <div class='ocr_carea' id='block_1_21' title="bbox 373 1799 1972 1876">
    <p class='ocr_par' dir='ltr' id='par_1_21' title="bbox 373 1799 1972 1876">
     <span class='ocr_line' id='line_1_21' title="bbox 373 1799 1972 1876; baseline -0.005 -17"><span class='ocrx_word' id='word_1_144' title='bbox 373 1806 680 1876; x_wconf 58' lang='grc' dir='ltr'>ὀφθαλμοῖς</span> <span class='ocrx_word' id='word_1_145' title='bbox 727 1802 933 1865; x_wconf 71' lang='grc' dir='ltr'>αὐτῶν,</span> <span class='ocrx_word' id='word_1_146' title='bbox 990 1803 1055 1872; x_wconf 78' lang='grc' dir='ltr'>τῇ</span> <span class='ocrx_word' id='word_1_147' title='bbox 1094 1801 1200 1871; x_wconf 70' lang='grc' dir='ltr'>ἰδίᾳ</span> <span class='ocrx_word' id='word_1_148' title='bbox 1239 1800 1393 1869; x_wconf 77' lang='grc' dir='ltr'>βάσει</span> <span class='ocrx_word' id='word_1_149' title='bbox 1439 1801 1467 1852; x_wconf 87' lang='grc' dir='ltr'><strong>ὁ</strong></span> <span class='ocrx_word' id='word_1_150' title='bbox 1511 1800 1701 1864; x_wconf 83' lang='grc' dir='ltr'>στύλος</span> <span class='ocrx_word' id='word_1_151' title='bbox 1748 1799 1972 1862; x_wconf 77' lang='grc' dir='ltr'>κατιὼν,</span> 
     </span>
    </p>
   </div>
   <div class='ocr_carea' id='block_1_22' title="bbox 376 1889 1972 1969">
    <p class='ocr_par' dir='ltr' id='par_1_22' title="bbox 376 1889 1972 1969">
     <span class='ocr_line' id='line_1_22' title="bbox 376 1889 1972 1969; baseline -0.004 -18"><span class='ocrx_word' id='word_1_152' title='bbox 376 1898 643 1969; x_wconf 71' lang='grc' dir='ltr'>ἱδρύεται.</span> <span class='ocrx_word' id='word_1_153' title='bbox 693 1895 801 1967; x_wconf 82' lang='grc' dir='ltr'><strong>Βοή</strong></span> <span class='ocrx_word' id='word_1_154' title='bbox 849 1912 909 1946; x_wconf 90' lang='grc' dir='ltr'>τε</span> <span class='ocrx_word' id='word_1_155' title='bbox 936 1892 1183 1946; x_wconf 76' lang='grc' dir='ltr'>ἐντεῦθεν</span> <span class='ocrx_word' id='word_1_156' title='bbox 1210 1890 1318 1944; x_wconf 89' lang='grc' dir='ltr'>τῶν</span> <span class='ocrx_word' id='word_1_157' title='bbox 1359 1889 1665 1962; x_wconf 79' lang='grc' dir='ltr'>ἀνθρώπιον</span> <span class='ocrx_word' id='word_1_158' title='bbox 1703 1890 1972 1961; x_wconf 85' lang='grc' dir='ltr'>βοώντων,</span> 
     </span>
    </p>
   </div>
   <div class='ocr_carea' id='block_1_23' title="bbox 376 1981 1971 2057">
    <p class='ocr_par' dir='ltr' id='par_1_23' title="bbox 376 1981 1971 2057">
     <span class='ocr_line' id='line_1_23' title="bbox 376 1981 1971 2057; baseline -0.004 -16"><span class='ocrx_word' id='word_1_159' title='bbox 376 1989 471 2042; x_wconf 64' lang='grc' dir='ltr'><strong>κα)⁵</strong></span> <span class='ocrx_word' id='word_1_160' title='bbox 514 1985 689 2057; x_wconf 68' lang='grc' dir='ltr'><strong>ἀληθῆ</strong></span> <span class='ocrx_word' id='word_1_161' title='bbox 724 1983 823 2054; x_wconf 77' lang='grc' dir='ltr'>τὴν</span> <span class='ocrx_word' id='word_1_162' title='bbox 865 1984 1048 2036; x_wconf 69' lang='grc' dir='ltr'>πίστιν</span> <span class='ocrx_word' id='word_1_163' title='bbox 1088 1981 1507 2036; x_wconf 75' lang='grc' dir='ltr'>ἀνακαλούντων</span> <span class='ocrx_word' id='word_1_164' title='bbox 1546 1982 1639 2035; x_wconf 88' lang='grc' dir='ltr'><strong>τοῦ</strong></span> <span class='ocrx_word' id='word_1_165' title='bbox 1684 1982 1971 2052; x_wconf 78' lang='grc' dir='ltr'>βασιλέως,</span> 
     </span>
    </p>
   </div>
   <div class='ocr_carea' id='block_1_24' title="bbox 375 2073 1973 2151">
    <p class='ocr_par' dir='ltr' id='par_1_24' title="bbox 375 2073 1973 2151">
     <span class='ocr_line' id='line_1_24' title="bbox 375 2073 1973 2151; baseline -0.003 -18"><span class='ocrx_word' id='word_1_166' title='bbox 375 2080 467 2133; x_wconf 77' lang='grc' dir='ltr'><strong>καὶ</strong></span> <span class='ocrx_word' id='word_1_167' title='bbox 491 2076 805 2151; x_wconf 77' lang='grc' dir='ltr'>ὑμνούντων</span> <span class='ocrx_word' id='word_1_168' title='bbox 835 2075 924 2128; x_wconf 75' lang='grc' dir='ltr'><strong>τὸν</strong></span> <span class='ocrx_word' id='word_1_169' title='bbox 948 2077 1044 2144; x_wconf 81' lang='grc' dir='ltr'>τῆς</span> <span class='ocrx_word' id='word_1_170' title='bbox 1071 2073 1422 2145; x_wconf 74' lang='grc' dir='ltr'>αἰχμαλώτου</span> <span class='ocrx_word' id='word_1_171' title='bbox 1447 2074 1603 2127; x_wconf 81' lang='grc' dir='ltr'>Θεόν.</span> <span class='ocrx_word' id='word_1_172' title='bbox 1658 2075 1973 2128; x_wconf 82' lang='grc' dir='ltr'>Ἐπίστευόν</span> 
     </span>
    </p>
   </div>
   <div class='ocr_carea' id='block_1_25' title="bbox 370 2166 1968 2238">
    <p class='ocr_par' dir='ltr' id='par_1_25' title="bbox 370 2166 1968 2238">
     <span class='ocr_line' id='line_1_25' title="bbox 370 2166 1968 2238; baseline -0.003 -12"><span class='ocrx_word' id='word_1_173' title='bbox 370 2191 430 2226; x_wconf 85' lang='grc' dir='ltr'><strong>τε</strong></span> <span class='ocrx_word' id='word_1_174' title='bbox 459 2171 665 2238; x_wconf 72' lang='grc' dir='ltr'>λοιπὸν,</span> <span class='ocrx_word' id='word_1_175' title='bbox 703 2171 799 2224; x_wconf 69' lang='grc' dir='ltr'>καὶ</span> <span class='ocrx_word' id='word_1_176' title='bbox 831 2170 929 2222; x_wconf 83' lang='grc' dir='ltr'><strong>σὺν</strong></span> <span class='ocrx_word' id='word_1_177' title='bbox 960 2166 1238 2238; x_wconf 63' lang='grc' dir='ltr'>προθυμίᾳ</span> <span class='ocrx_word' id='word_1_178' title='bbox 1268 2167 1437 2238; x_wconf 83' lang='grc' dir='ltr'>πολλῇ</span> <span class='ocrx_word' id='word_1_179' title='bbox 1474 2167 1602 2230; x_wconf 78' lang='grc' dir='ltr'>τοὺς</span> <span class='ocrx_word' id='word_1_180' title='bbox 1635 2167 1968 2231; x_wconf 78' lang='grc' dir='ltr'><strong>ὑπολοίπους</strong></span> 
     </span>
    </p>
   </div>
   <div class='ocr_carea' id='block_1_26' title="bbox 376 2259 1974 2331">
    <p class='ocr_par' dir='ltr' id='par_1_26' title="bbox 376 2259 1974 2331">
     <span class='ocr_line' id='line_1_26' title="bbox 376 2259 1974 2331; baseline -0.004 -13"><span class='ocrx_word' id='word_1_181' title='bbox 376 2264 600 2325; x_wconf 78' lang='grc' dir='ltr'><strong>στύλους</strong></span> <span class='ocrx_word' id='word_1_182' title='bbox 621 2260 924 2331; x_wconf 81' lang='grc' dir='ltr'>ἁνώροουν,</span> <span class='ocrx_word' id='word_1_183' title='bbox 942 2260 1035 2313; x_wconf 85' lang='grc' dir='ltr'>καί</span> <span class='ocrx_word' id='word_1_184' title='bbox 1053 2261 1153 2312; x_wconf 83' lang='grc' dir='ltr'>οὐκ</span> <span class='ocrx_word' id='word_1_185' title='bbox 1177 2261 1255 2323; x_wconf 84' lang='grc' dir='ltr'>εἰς</span> <span class='ocrx_word' id='word_1_186' title='bbox 1278 2260 1495 2331; x_wconf 65' lang='grc' dir='ltr'>μακρὰν</span> <span class='ocrx_word' id='word_1_187' title='bbox 1511 2259 1571 2313; x_wconf 71' lang='grc' dir='ltr'>τὸ</span> <span class='ocrx_word' id='word_1_188' title='bbox 1589 2259 1748 2331; x_wconf 74' lang='grc' dir='ltr'>ἔργον</span> <span class='ocrx_word' id='word_1_189' title='bbox 1762 2260 1974 2313; x_wconf 83' lang='grc' dir='ltr'>τετέλε-</span> 
     </span>
    </p>
   </div>
   <div class='ocr_carea' id='block_1_27' title="bbox 376 2351 1974 2427">
    <p class='ocr_par' dir='ltr' id='par_1_27' title="bbox 376 2351 1974 2427">
     <span class='ocr_line' id='line_1_27' title="bbox 376 2351 1974 2427; baseline -0.004 -16"><span class='ocrx_word' id='word_1_190' title='bbox 376 2375 491 2411; x_wconf 87' lang='grc' dir='ltr'>στο.</span> <span class='ocrx_word' id='word_1_191' title='bbox 515 2354 791 2427; x_wconf 77' lang='grc' dir='ltr'>Πρεσϐεία</span> <span class='ocrx_word' id='word_1_192' title='bbox 825 2351 1077 2407; x_wconf 81' lang='grc' dir='ltr'>ἐντεῦθεν</span> <span class='ocrx_word' id='word_1_193' title='bbox 1112 2352 1251 2422; x_wconf 78' lang='grc' dir='ltr'>πρὸς</span> <span class='ocrx_word' id='word_1_194' title='bbox 1299 2352 1391 2405; x_wconf 74' lang='grc' dir='ltr'><strong>τὸν</strong></span> <span class='ocrx_word' id='word_1_195' title='bbox 1423 2351 1650 2422; x_wconf 78' lang='grc' dir='ltr'>βασιλέα</span> <span class='ocrx_word' id='word_1_196' title='bbox 1683 2354 1974 2406; x_wconf 85' lang='grc' dir='ltr'>Κωνσταν-</span> 
     </span>
    </p>
   </div>
   <div class='ocr_carea' id='block_1_28' title="bbox 372 2443 1971 2516">
    <p class='ocr_par' dir='ltr' id='par_1_28' title="bbox 372 2443 1971 2516">
     <span class='ocr_line' id='line_1_28' title="bbox 372 2443 1971 2516; baseline -0.004 -14"><span class='ocrx_word' id='word_1_197' title='bbox 372 2453 521 2503; x_wconf 84' lang='grc' dir='ltr'>τίνον</span> <span class='ocrx_word' id='word_1_198' title='bbox 550 2448 766 2516; x_wconf 73' lang='grc' dir='ltr'><strong>ἐγένετο</strong></span> <span class='ocrx_word' id='word_1_199' title='bbox 794 2464 808 2477; x_wconf 87' lang='grc'><strong>·</strong></span> <span class='ocrx_word' id='word_1_200' title='bbox 842 2445 1191 2516; x_wconf 67' lang='grc' dir='ltr'>παρεκάλουν</span> <span class='ocrx_word' id='word_1_201' title='bbox 1234 2461 1291 2496; x_wconf 88' lang='grc' dir='ltr'><strong>τε</strong></span> <span class='ocrx_word' id='word_1_202' title='bbox 1323 2444 1416 2497; x_wconf 83' lang='grc' dir='ltr'><strong>τοῦ</strong></span> <span class='ocrx_word' id='word_1_203' title='bbox 1469 2443 1658 2496; x_wconf 86' lang='grc' dir='ltr'>λοιποῦ</span> <span class='ocrx_word' id='word_1_204' title='bbox 1702 2444 1971 2497; x_wconf 78' lang='grc' dir='ltr'>ὑπόσπον-</span> 
     </span>
    </p>
   </div>
   <div class='ocr_carea' id='block_1_29' title="bbox 372 2537 1971 2610">
    <p class='ocr_par' dir='ltr' id='par_1_29' title="bbox 372 2537 1971 2610">
     <span class='ocr_line' id='line_1_29' title="bbox 372 2537 1971 2610; baseline -0.004 -15"><span class='ocrx_word' id='word_1_205' title='bbox 372 2542 457 2596; x_wconf 78' lang='grc' dir='ltr'><strong>δοι</strong></span> <span class='ocrx_word' id='word_1_206' title='bbox 498 2540 781 2610; x_wconf 70' lang='grc' dir='ltr'>Ῥωμαίων</span> <span class='ocrx_word' id='word_1_207' title='bbox 812 2537 1081 2607; x_wconf 81' lang='grc' dir='ltr'>γίνεσθαι,</span> <span class='ocrx_word' id='word_1_208' title='bbox 1122 2537 1420 2606; x_wconf 73' lang='grc' dir='ltr'>λαμϐάνειν</span> <span class='ocrx_word' id='word_1_209' title='bbox 1450 2554 1510 2591; x_wconf 86' lang='grc' dir='ltr'><strong>τε</strong></span> <span class='ocrx_word' id='word_1_210' title='bbox 1539 2537 1838 2590; x_wconf 83' lang='grc' dir='ltr'>ἐπίσκοπον</span> <span class='ocrx_word' id='word_1_211' title='bbox 1877 2537 1971 2589; x_wconf 76' lang='grc' dir='ltr'>καὶ</span> 
     </span>
    </p>
   </div>
   <div class='ocr_carea' id='block_1_30' title="bbox 376 2626 1971 2704">
    <p class='ocr_par' dir='ltr' id='par_1_30' title="bbox 376 2626 1971 2704">
     <span class='ocr_line' id='line_1_30' title="bbox 376 2626 1971 2704; baseline -0.006 -16"><span class='ocrx_word' id='word_1_212' title='bbox 376 2633 530 2704; x_wconf 80' lang='grc' dir='ltr'>ἱερὸν</span> <span class='ocrx_word' id='word_1_213' title='bbox 579 2632 797 2701; x_wconf 70' lang='grc' dir='ltr'>κλῆρον,</span> <span class='ocrx_word' id='word_1_214' title='bbox 842 2629 1120 2684; x_wconf 81' lang='grc' dir='ltr'>πιστεύειν</span> <span class='ocrx_word' id='word_1_215' title='bbox 1148 2630 1259 2698; x_wconf 73' lang='grc' dir='ltr'>γὰρ</span> <span class='ocrx_word' id='word_1_216' title='bbox 1311 2627 1621 2700; x_wconf 77' lang='grc' dir='ltr'>εἰλικρινῶς</span> <span class='ocrx_word' id='word_1_217' title='bbox 1678 2627 1863 2696; x_wconf 80' lang='grc' dir='ltr'>ἔλεγον</span> <span class='ocrx_word' id='word_1_218' title='bbox 1892 2626 1971 2697; x_wconf 82' lang='grc' dir='ltr'>τῷ</span> 
     </span>
    </p>
   </div>
   <div class='ocr_carea' id='block_1_31' title="bbox 373 2718 1970 2794">
    <p class='ocr_par' dir='ltr' id='par_1_31' title="bbox 373 2718 1970 2794">
     <span class='ocr_line' id='line_1_31' title="bbox 373 2718 1970 2794; baseline -0.004 -17"><span class='ocrx_word' id='word_1_219' title='bbox 373 2724 627 2794; x_wconf 79' lang='grc' dir='ltr'>Χριστῷ.</span> <span class='ocrx_word' id='word_1_220' title='bbox 692 2722 872 2776; x_wconf 81' lang='grc' dir='ltr'><strong>Ταῦτά</strong></span> <span class='ocrx_word' id='word_1_221' title='bbox 929 2738 1096 2791; x_wconf 74' lang='grc' dir='ltr'>φησιν</span> <span class='ocrx_word' id='word_1_222' title='bbox 1142 2722 1171 2774; x_wconf 87' lang='grc' dir='ltr'><strong>ὁ</strong></span> <span class='ocrx_word' id='word_1_223' title='bbox 1228 2720 1505 2789; x_wconf 65' lang='grc' dir='ltr'>Ῥουφῖνος</span> <span class='ocrx_word' id='word_1_224' title='bbox 1564 2718 1714 2788; x_wconf 79' lang='grc' dir='ltr'>παρὰ</span> <span class='ocrx_word' id='word_1_225' title='bbox 1766 2719 1970 2771; x_wconf 78' lang='grc' dir='ltr'>Βακου-</span> 
     </span>
    </p>
   </div>
   <div class='ocr_carea' id='block_1_32' title="bbox 374 2805 1969 2888">
    <p class='ocr_par' dir='ltr' id='par_1_32' title="bbox 374 2805 1969 2888">
     <span class='ocr_line' id='line_1_32' title="bbox 374 2805 1969 2888; baseline -0.006 -19"><span class='ocrx_word' id='word_1_226' title='bbox 374 2817 495 2888; x_wconf 78' lang='grc' dir='ltr'>ρὶου</span> <span class='ocrx_word' id='word_1_227' title='bbox 528 2816 639 2885; x_wconf 81' lang='grc'><strong>(19)</strong></span> <span class='ocrx_word' id='word_1_228' title='bbox 666 2828 690 2855; x_wconf 74' lang='grc' dir='ltr'><strong>ι</strong></span> <span class='ocrx_word' id='word_1_229' title='bbox 719 2812 1120 2885; x_wconf 76' lang='grc' dir='ltr'><strong>μεμαθηκέναι,</strong></span> <span class='ocrx_word' id='word_1_230' title='bbox 1145 2812 1203 2874; x_wconf 88' lang='grc' dir='ltr'>ὃς</span> <span class='ocrx_word' id='word_1_231' title='bbox 1232 2812 1494 2883; x_wconf 75' lang='grc' dir='ltr'>πρότερος</span> <span class='ocrx_word' id='word_1_232' title='bbox 1532 2812 1629 2881; x_wconf 74' lang='grc' dir='ltr'><strong>μὲν</strong></span> <span class='ocrx_word' id='word_1_233' title='bbox 1660 2805 1725 2880; x_wconf 72' lang='grc' dir='ltr'><strong>ἦν</strong></span> <span class='ocrx_word' id='word_1_234' title='bbox 1761 2808 1969 2879; x_wconf 75' lang='grc' dir='ltr'>βασιλί-</span> 
     </span>
    </p>
   </div>
   <div class='ocr_carea' id='block_1_33' title="bbox 375 2901 1966 2978">
    <p class='ocr_par' dir='ltr' id='par_1_33' title="bbox 375 2901 1966 2978">
     <span class='ocr_line' id='line_1_33' title="bbox 375 2901 1966 2978; baseline -0.006 -15"><span class='ocrx_word' id='word_1_235' title='bbox 375 2926 503 2972; x_wconf 84' lang='grc' dir='ltr'>σκος</span> <span class='ocrx_word' id='word_1_236' title='bbox 570 2907 829 2978; x_wconf 64' lang='grc' dir='ltr'><strong>Ἰϐήρωψ</strong></span> <span class='ocrx_word' id='word_1_237' title='bbox 901 2905 1126 2975; x_wconf 77' lang='grc' dir='ltr'>ὕστερον</span> <span class='ocrx_word' id='word_1_238' title='bbox 1173 2904 1229 2957; x_wconf 80' lang='grc' dir='ltr'>δὲ</span> <span class='ocrx_word' id='word_1_239' title='bbox 1281 2903 1572 2973; x_wconf 73' lang='grc' dir='ltr'>Ῥωμαίοις</span> <span class='ocrx_word' id='word_1_240' title='bbox 1630 2901 1966 2973; x_wconf 67' lang='grc' dir='ltr'>προσελθὼν,</span> 
     </span>
    </p>
   </div>
   <div class='ocr_carea' id='block_1_34' title="bbox 371 2994 1964 3073">
    <p class='ocr_par' dir='ltr' id='par_1_34' title="bbox 371 2994 1964 3073">
     <span class='ocr_line' id='line_1_34' title="bbox 371 2994 1964 3073; baseline -0.006 -17"><span class='ocrx_word' id='word_1_241' title='bbox 371 3002 664 3073; x_wconf 78' lang='grc' dir='ltr'>ταξίαρχος</span> <span class='ocrx_word' id='word_1_242' title='bbox 719 2999 815 3053; x_wconf 83' lang='grc' dir='ltr'><strong>τοῦ</strong></span> <span class='ocrx_word' id='word_1_243' title='bbox 872 3001 930 3052; x_wconf 81' lang='grc' dir='ltr'>ὲν</span> <span class='ocrx_word' id='word_1_244' title='bbox 986 2996 1316 3067; x_wconf 79' lang='grc' dir='ltr'>Παλαιστίνῃ</span> <span class='ocrx_word' id='word_1_245' title='bbox 1377 2994 1771 3067; x_wconf 82' lang='grc' dir='ltr'>στρατιωτικοῦ</span> <span class='ocrx_word' id='word_1_246' title='bbox 1830 3012 1964 3047; x_wconf 63' lang='grc' dir='ltr'>κατ»</span> 
     </span>
    </p>
   </div>
   <div class='ocr_carea' id='block_1_35' title="bbox 2088 430 3676 502">
    <p class='ocr_par' dir='ltr' id='par_1_35' title="bbox 2088 430 3676 502">
     <span class='ocr_line' id='line_1_35' title="bbox 2088 430 3676 502; baseline 0.007 -21"><span class='ocrx_word' id='word_1_247' title='bbox 2088 443 2231 483; x_wconf 91' lang='lat' dir='ltr'><strong>mam</strong></span> <span class='ocrx_word' id='word_1_248' title='bbox 2271 430 2632 485; x_wconf 82' lang='lat' dir='ltr'><strong>ecclesiarum</strong></span> <span class='ocrx_word' id='word_1_249' title='bbox 2676 447 2799 502; x_wconf 69' lang='lat' dir='ltr'><strong>qua:</strong></span> <span class='ocrx_word' id='word_1_250' title='bbox 2844 433 2991 502; x_wconf 87' lang='lat' dir='ltr'><strong>apud</strong></span> <span class='ocrx_word' id='word_1_251' title='bbox 3032 434 3310 490; x_wconf 89' lang='lat' dir='ltr'><strong>Romanos</strong></span> <span class='ocrx_word' id='word_1_252' title='bbox 3351 448 3481 493; x_wconf 85' lang='lat' dir='ltr'><strong>sunt</strong></span> <span class='ocrx_word' id='word_1_253' title='bbox 3528 438 3676 496; x_wconf 85' lang='lat' dir='ltr'><strong>didi-</strong></span> 
     </span>
    </p>
   </div>
   <div class='ocr_carea' id='block_1_36' title="bbox 2087 518 3677 597">
    <p class='ocr_par' dir='ltr' id='par_1_36' title="bbox 2087 518 3677 597">
     <span class='ocr_line' id='line_1_36' title="bbox 2087 518 3677 597; baseline 0.006 -24"><span class='ocrx_word' id='word_1_254' title='bbox 2087 518 2273 583; x_wconf 90' lang='lat' dir='ltr'><strong>cisset,</strong></span> <span class='ocrx_word' id='word_1_255' title='bbox 2300 521 2590 576; x_wconf 78' lang='lat' dir='ltr'><strong>ecclesiam</strong></span> <span class='ocrx_word' id='word_1_256' title='bbox 2624 523 2871 577; x_wconf 79' lang='lat' dir='ltr'><strong>construi</strong></span> <span class='ocrx_word' id='word_1_257' title='bbox 2907 523 3094 594; x_wconf 85' lang='lat' dir='ltr'><strong>jussit,</strong></span> <span class='ocrx_word' id='word_1_258' title='bbox 3127 534 3185 579; x_wconf 91' lang='lat' dir='ltr'><strong>et</strong></span> <span class='ocrx_word' id='word_1_259' title='bbox 3222 536 3420 582; x_wconf 91' lang='lat' dir='ltr'><strong>cuncta</strong></span> <span class='ocrx_word' id='word_1_260' title='bbox 3452 544 3576 597; x_wconf 70' lang='lat' dir='ltr'><strong>qua:</strong></span> <span class='ocrx_word' id='word_1_261' title='bbox 3607 528 3677 583; x_wconf 88' lang='lat' dir='ltr'><strong>ad</strong></span> 
     </span>
    </p>
   </div>
   <div class='ocr_carea' id='block_1_37' title="bbox 2086 613 3678 687">
    <p class='ocr_par' dir='ltr' id='par_1_37' title="bbox 2086 613 3678 687">
     <span class='ocr_line' id='line_1_37' title="bbox 2086 613 3678 687; baseline 0.008 -23"><span class='ocrx_word' id='word_1_262' title='bbox 2086 625 2228 680; x_wconf 91' lang='lat' dir='ltr'><strong>opus</strong></span> <span class='ocrx_word' id='word_1_263' title='bbox 2270 613 2583 667; x_wconf 87' lang='lat' dir='ltr'><strong>necessaria</strong></span> <span class='ocrx_word' id='word_1_264' title='bbox 2634 623 2813 679; x_wconf 88' lang='lat' dir='ltr'><strong>erant,</strong></span> <span class='ocrx_word' id='word_1_265' title='bbox 2853 616 3144 671; x_wconf 79' lang='lat' dir='ltr'><strong>confestim</strong></span> <span class='ocrx_word' id='word_1_266' title='bbox 3186 620 3388 687; x_wconf 87' lang='lat' dir='ltr'><strong>parari.</strong></span> <span class='ocrx_word' id='word_1_267' title='bbox 3434 620 3678 677; x_wconf 82' lang='lat' dir='ltr'><strong>Ecclesia</strong></span> 
     </span>
    </p>
   </div>
   <div class='ocr_carea' id='block_1_38' title="bbox 2085 706 3680 784">
    <p class='ocr_par' dir='ltr' id='par_1_38' title="bbox 2085 706 3680 784">
     <span class='ocr_line' id='line_1_38' title="bbox 2085 706 3680 784; baseline 0.008 -27"><span class='ocrx_word' id='word_1_268' title='bbox 2085 718 2220 773; x_wconf 79' lang='lat' dir='ltr'><strong>ergo</strong></span> <span class='ocrx_word' id='word_1_269' title='bbox 2244 707 2606 760; x_wconf 88' lang='lat' dir='ltr'><strong>construitur.</strong></span> <span class='ocrx_word' id='word_1_270' title='bbox 2634 706 2771 761; x_wconf 89' lang='lat' dir='ltr'><strong>Cum</strong></span> <span class='ocrx_word' id='word_1_271' title='bbox 2798 725 2933 763; x_wconf 73' lang='lat' dir='ltr'><strong>vero</strong></span> <span class='ocrx_word' id='word_1_272' title='bbox 2959 711 3245 765; x_wconf 82' lang='lat' dir='ltr'><strong>columnas</strong></span> <span class='ocrx_word' id='word_1_273' title='bbox 3273 718 3438 766; x_wconf 87' lang='lat' dir='ltr'><strong>etiam</strong></span> <span class='ocrx_word' id='word_1_274' title='bbox 3468 714 3680 784; x_wconf 76' lang='lat' dir='ltr'><strong>erigere</strong></span> 
     </span>
    </p>
   </div>
   <div class='ocr_carea' id='block_1_39' title="bbox 2085 798 3676 873">
    <p class='ocr_par' dir='ltr' id='par_1_39' title="bbox 2085 798 3676 873">
     <span class='ocr_line' id='line_1_39' title="bbox 2085 798 3676 873; baseline 0.005 -24"><span class='ocrx_word' id='word_1_275' title='bbox 2085 805 2423 851; x_wconf 84' lang='lat' dir='ltr'><strong>conarentur</strong></span> <span class='ocrx_word' id='word_1_276' title='bbox 2466 798 2728 864; x_wconf 90' lang='lat' dir='ltr'><strong>artiﬁces,</strong></span> <span class='ocrx_word' id='word_1_277' title='bbox 2766 801 2952 855; x_wconf 89' lang='lat' dir='ltr'><strong>divina</strong></span> <span class='ocrx_word' id='word_1_278' title='bbox 2996 802 3350 857; x_wconf 74' lang='lat' dir='ltr'><strong>Providentia</strong></span> <span class='ocrx_word' id='word_1_279' title='bbox 3396 803 3676 873; x_wconf 83' lang='lat' dir='ltr'><strong>quidpiam</strong></span> 
     </span>
    </p>
   </div>
   <div class='ocr_carea' id='block_1_40' title="bbox 2084 888 3676 958">
    <p class='ocr_par' dir='ltr' id='par_1_40' title="bbox 2084 888 3676 958">
     <span class='ocr_line' id='line_1_40' title="bbox 2084 888 3676 958; baseline 0.007 -19"><span class='ocrx_word' id='word_1_280' title='bbox 2084 888 2331 951; x_wconf 86' lang='lat' dir='ltr'><strong>molitur,</strong></span> <span class='ocrx_word' id='word_1_281' title='bbox 2365 904 2475 958; x_wconf 89' lang='lat' dir='ltr'><strong>quo</strong></span> <span class='ocrx_word' id='word_1_282' title='bbox 2518 889 2824 945; x_wconf 84' lang='lat' dir='ltr'><strong>incolarum</strong></span> <span class='ocrx_word' id='word_1_283' title='bbox 2859 893 3075 948; x_wconf 91' lang='lat' dir='ltr'><strong>animos</strong></span> <span class='ocrx_word' id='word_1_284' title='bbox 3108 894 3354 948; x_wconf 81' lang='lat' dir='ltr'><strong>alliceret</strong></span> <span class='ocrx_word' id='word_1_285' title='bbox 3384 895 3451 949; x_wconf 92' lang='lat' dir='ltr'><strong>ad</strong></span> <span class='ocrx_word' id='word_1_286' title='bbox 3492 895 3676 953; x_wconf 90' lang='lat' dir='ltr'><strong>ﬁdem.</strong></span> 
     </span>
    </p>
   </div>
   <div class='ocr_carea' id='block_1_41' title="bbox 2082 970 3677 1053">
    <p class='ocr_par' dir='ltr' id='par_1_41' title="bbox 2082 970 3677 1053">
     <span class='ocr_line' id='line_1_41' title="bbox 2082 970 3677 1053; baseline 0.005 -17"><span class='ocrx_word' id='word_1_287' title='bbox 2082 980 2199 1036; x_wconf 91' lang='lat' dir='ltr'><strong>Una</strong></span> <span class='ocrx_word' id='word_1_288' title='bbox 2228 982 2377 1035; x_wconf 92' lang='lat' dir='ltr'><strong>enim</strong></span> <span class='ocrx_word' id='word_1_289' title='bbox 2400 970 2479 1036; x_wconf 60' lang='lat' dir='ltr'><strong>ex</strong></span> <span class='ocrx_word' id='word_1_290' title='bbox 2522 984 2795 1039; x_wconf 91' lang='lat' dir='ltr'><strong>columnis</strong></span> <span class='ocrx_word' id='word_1_291' title='bbox 2831 987 3034 1041; x_wconf 88' lang='lat' dir='ltr'><strong>mansit</strong></span> <span class='ocrx_word' id='word_1_292' title='bbox 3076 986 3372 1041; x_wconf 86' lang='lat' dir='ltr'><strong>immobilis</strong></span> <span class='ocrx_word' id='word_1_293' title='bbox 3400 1028 3413 1053; x_wconf 96' lang='lat'><strong>,</strong></span> <span class='ocrx_word' id='word_1_294' title='bbox 3441 1004 3546 1043; x_wconf 90' lang='lat' dir='ltr'><strong>nec</strong></span> <span class='ocrx_word' id='word_1_295' title='bbox 3570 990 3677 1044; x_wconf 89' lang='lat' dir='ltr'><strong>ulla</strong></span> 
     </span>
    </p>
   </div>
   <div class='ocr_carea' id='block_1_42' title="bbox 2084 1072 3675 1151">
    <p class='ocr_par' dir='ltr' id='par_1_42' title="bbox 2084 1072 3675 1151">
     <span class='ocr_line' id='line_1_42' title="bbox 2084 1072 3675 1151; baseline 0.006 -26"><span class='ocrx_word' id='word_1_296' title='bbox 2084 1072 2470 1128; x_wconf 84' lang='lat' dir='ltr'><strong>inveniebatur</strong></span> <span class='ocrx_word' id='word_1_297' title='bbox 2493 1075 2749 1151; x_wconf 73' lang='lat' dir='ltr'><strong>machina</strong></span> <span class='ocrx_word' id='word_1_298' title='bbox 2800 1093 2920 1146; x_wconf 66' lang='lat' dir='ltr'><strong>qua:</strong></span> <span class='ocrx_word' id='word_1_299' title='bbox 2947 1087 3133 1148; x_wconf 85' lang='lat' dir='ltr'><strong>posset</strong></span> <span class='ocrx_word' id='word_1_300' title='bbox 3160 1094 3280 1133; x_wconf 89' lang='lat' dir='ltr'><strong>eam</strong></span> <span class='ocrx_word' id='word_1_301' title='bbox 3306 1095 3675 1136; x_wconf 74' lang='lat' dir='ltr'><strong>commorere.</strong></span> 
     </span>
    </p>
   </div>
   <div class='ocr_carea' id='block_1_43' title="bbox 2081 1162 3677 1241">
    <p class='ocr_par' dir='ltr' id='par_1_43' title="bbox 2081 1162 3677 1241">
     <span class='ocr_line' id='line_1_43' title="bbox 2081 1162 3677 1241; baseline 0.005 -25"><span class='ocrx_word' id='word_1_302' title='bbox 2081 1162 2218 1216; x_wconf 91' lang='lat' dir='ltr'><strong>Nam</strong></span> <span class='ocrx_word' id='word_1_303' title='bbox 2257 1174 2314 1219; x_wconf 89' lang='lat' dir='ltr'><strong>et</strong></span> <span class='ocrx_word' id='word_1_304' title='bbox 2352 1163 2513 1220; x_wconf 82' lang='lat' dir='ltr'><strong>funes</strong></span> <span class='ocrx_word' id='word_1_305' title='bbox 2555 1166 3064 1236; x_wconf 88' lang='lat' dir='ltr'><strong>disrumpebantur,</strong></span> <span class='ocrx_word' id='word_1_306' title='bbox 3096 1176 3153 1223; x_wconf 90' lang='lat' dir='ltr'><strong>et</strong></span> <span class='ocrx_word' id='word_1_307' title='bbox 3200 1169 3317 1238; x_wconf 88' lang='lat' dir='ltr'><strong>ipsa</strong></span> <span class='ocrx_word' id='word_1_308' title='bbox 3361 1169 3677 1241; x_wconf 83' lang='lat' dir='ltr'><strong>confringe-</strong></span> 
     </span>
    </p>
   </div>
   <div class='ocr_carea' id='block_1_44' title="bbox 2083 1254 3677 1330">
    <p class='ocr_par' dir='ltr' id='par_1_44' title="bbox 2083 1254 3677 1330">
     <span class='ocr_line' id='line_1_44' title="bbox 2083 1254 3677 1330; baseline 0.004 -22"><span class='ocrx_word' id='word_1_309' title='bbox 2083 1254 2285 1309; x_wconf 88' lang='lat' dir='ltr'><strong>bantur</strong></span> <span class='ocrx_word' id='word_1_310' title='bbox 2328 1257 2771 1313; x_wconf 87' lang='lat' dir='ltr'><strong>machinamenta</strong></span> <span class='ocrx_word' id='word_1_311' title='bbox 2816 1260 3097 1329; x_wconf 87' lang='lat' dir='ltr'><strong>:proinde</strong></span> <span class='ocrx_word' id='word_1_312' title='bbox 3143 1260 3382 1330; x_wconf 86' lang='lat' dir='ltr'><strong>operarii</strong></span> <span class='ocrx_word' id='word_1_313' title='bbox 3430 1262 3677 1316; x_wconf 90' lang='lat' dir='ltr'><strong>animum</strong></span> 
     </span>
    </p>
   </div>
   <div class='ocr_carea' id='block_1_45' title="bbox 2081 1334 3677 1420">
    <p class='ocr_par' dir='ltr' id='par_1_45' title="bbox 2081 1334 3677 1420">
     <span class='ocr_line' id='line_1_45' title="bbox 2081 1334 3677 1420; baseline 0.004 -21"><span class='ocrx_word' id='word_1_314' title='bbox 2081 1345 2489 1415; x_wconf 89' lang='lat' dir='ltr'><strong>despondentes</strong></span> <span class='ocrx_word' id='word_1_315' title='bbox 2528 1350 2922 1404; x_wconf 86' lang='lat' dir='ltr'><strong>abscedebant.</strong></span> <span class='ocrx_word' id='word_1_316' title='bbox 2968 1350 3070 1404; x_wconf 87' lang='lat' dir='ltr'><strong>llic</strong></span> <span class='ocrx_word' id='word_1_317' title='bbox 3109 1367 3243 1405; x_wconf 74' lang='lat' dir='ltr'><strong>vero</strong></span> <span class='ocrx_word' id='word_1_318' title='bbox 3280 1334 3510 1420; x_wconf 65' lang='lat' dir='ltr'><strong>captiva:</strong></span> <span class='ocrx_word' id='word_1_319' title='bbox 3550 1368 3677 1406; x_wconf 86' lang='lat' dir='ltr'><strong>mu-</strong></span> 
     </span>
    </p>
   </div>
   <div class='ocr_carea' id='block_1_46' title="bbox 2080 1438 3678 1508">
    <p class='ocr_par' dir='ltr' id='par_1_46' title="bbox 2080 1438 3678 1508">
     <span class='ocr_line' id='line_1_46' title="bbox 2080 1438 3678 1508; baseline 0.004 -18"><span class='ocrx_word' id='word_1_320' title='bbox 2080 1438 2234 1492; x_wconf 86' lang='lat' dir='ltr'><strong>lieris</strong></span> <span class='ocrx_word' id='word_1_321' title='bbox 2270 1439 2405 1494; x_wconf 88' lang='lat' dir='ltr'><strong>ﬁdes</strong></span> <span class='ocrx_word' id='word_1_322' title='bbox 2442 1441 2718 1496; x_wconf 89' lang='lat' dir='ltr'><strong>declarata</strong></span> <span class='ocrx_word' id='word_1_323' title='bbox 2750 1450 2854 1496; x_wconf 90' lang='lat' dir='ltr'><strong>est.</strong></span> <span class='ocrx_word' id='word_1_324' title='bbox 2882 1442 3057 1496; x_wconf 69' lang='lat' dir='ltr'><strong>Noctu</strong></span> <span class='ocrx_word' id='word_1_325' title='bbox 3083 1444 3252 1508; x_wconf 88' lang='lat' dir='ltr'><strong>enim,</strong></span> <span class='ocrx_word' id='word_1_326' title='bbox 3293 1443 3516 1497; x_wconf 89' lang='lat' dir='ltr'><strong>nemine</strong></span> <span class='ocrx_word' id='word_1_327' title='bbox 3547 1458 3678 1497; x_wconf 90' lang='lat' dir='ltr'><strong>con-</strong></span> 
     </span>
    </p>
   </div>
   <div class='ocr_carea' id='block_1_47' title="bbox 2082 1530 3678 1602">
    <p class='ocr_par' dir='ltr' id='par_1_47' title="bbox 2082 1530 3678 1602">
     <span class='ocr_line' id='line_1_47' title="bbox 2082 1530 3678 1602; baseline 0.002 -18"><span class='ocrx_word' id='word_1_328' title='bbox 2082 1530 2219 1595; x_wconf 90' lang='lat' dir='ltr'><strong>scio,</strong></span> <span class='ocrx_word' id='word_1_329' title='bbox 2253 1531 2321 1584; x_wconf 88' lang='lat' dir='ltr'><strong>ad</strong></span> <span class='ocrx_word' id='word_1_330' title='bbox 2361 1548 2487 1586; x_wconf 90' lang='lat' dir='ltr'><strong>eum</strong></span> <span class='ocrx_word' id='word_1_331' title='bbox 2532 1533 2712 1588; x_wconf 91' lang='lat' dir='ltr'><strong>locum</strong></span> <span class='ocrx_word' id='word_1_332' title='bbox 2759 1535 3019 1598; x_wconf 86' lang='lat' dir='ltr'><strong>accessit,</strong></span> <span class='ocrx_word' id='word_1_333' title='bbox 3066 1534 3251 1602; x_wconf 79' lang='lat' dir='ltr'><strong>ibique</strong></span> <span class='ocrx_word' id='word_1_334' title='bbox 3296 1534 3535 1589; x_wconf 83' lang='lat' dir='ltr'><strong>orationi</strong></span> <span class='ocrx_word' id='word_1_335' title='bbox 3586 1548 3678 1587; x_wconf 75' lang='lat' dir='ltr'><strong>ra—</strong></span> 
     </span>
    </p>
   </div>
   <div class='ocr_carea' id='block_1_48' title="bbox 2081 1624 3675 1694">
    <p class='ocr_par' dir='ltr' id='par_1_48' title="bbox 2081 1624 3675 1694">
     <span class='ocr_line' id='line_1_48' title="bbox 2081 1624 3675 1694; baseline 0.003 -21"><span class='ocrx_word' id='word_1_336' title='bbox 2081 1635 2231 1685; x_wconf 90' lang='lat' dir='ltr'><strong>cans,</strong></span> <span class='ocrx_word' id='word_1_337' title='bbox 2257 1629 2427 1675; x_wconf 89' lang='lat' dir='ltr'><strong>totam</strong></span> <span class='ocrx_word' id='word_1_338' title='bbox 2456 1630 2673 1677; x_wconf 82' lang='lat' dir='ltr'><strong>noctem</strong></span> <span class='ocrx_word' id='word_1_339' title='bbox 2697 1624 2896 1694; x_wconf 76' lang='lat' dir='ltr'><strong>exegit.</strong></span> <span class='ocrx_word' id='word_1_340' title='bbox 2925 1624 3080 1678; x_wconf 93' lang='lat' dir='ltr'><strong>Tunc</strong></span> <span class='ocrx_word' id='word_1_341' title='bbox 3094 1626 3229 1678; x_wconf 68' lang='lat' dir='ltr'><strong>&#39;Vero</strong></span> <span class='ocrx_word' id='word_1_342' title='bbox 3247 1625 3430 1678; x_wconf 77' lang='lat' dir='ltr'><strong>divina</strong></span> <span class='ocrx_word' id='word_1_343' title='bbox 3458 1625 3675 1679; x_wconf 70' lang='lat' dir='ltr'><strong>favente</strong></span> 
     </span>
    </p>
   </div>
   <div class='ocr_carea' id='block_1_49' title="bbox 2028 1716 3673 1787">
    <p class='ocr_par' dir='ltr' id='par_1_49' title="bbox 2028 1716 3673 1787">
     <span class='ocr_line' id='line_1_49' title="bbox 2028 1716 3673 1787; baseline 0.001 -18"><span class='ocrx_word' id='word_1_344' title='bbox 2028 1716 2451 1779; x_wconf 72' lang='lat' dir='ltr'><strong>:Providentia,</strong></span> <span class='ocrx_word' id='word_1_345' title='bbox 2490 1717 2744 1771; x_wconf 89' lang='lat' dir='ltr'><strong>columna</strong></span> <span class='ocrx_word' id='word_1_346' title='bbox 2792 1717 2926 1787; x_wconf 79' lang='lat' dir='ltr'><strong>erigi</strong></span> <span class='ocrx_word' id='word_1_347' title='bbox 2970 1718 3156 1787; x_wconf 73' lang='lat' dir='ltr'><strong>cmpit,</strong></span> <span class='ocrx_word' id='word_1_348' title='bbox 3190 1726 3246 1771; x_wconf 90' lang='lat' dir='ltr'><strong>et</strong></span> <span class='ocrx_word' id='word_1_349' title='bbox 3292 1733 3456 1787; x_wconf 86' lang='lat' dir='ltr'><strong>supra</strong></span> <span class='ocrx_word' id='word_1_350' title='bbox 3500 1718 3673 1787; x_wconf 84' lang='lat' dir='ltr'><strong>ipsam</strong></span> 
     </span>
    </p>
   </div>
   <div class='ocr_carea' id='block_1_50' title="bbox 2078 1803 3675 1876">
    <p class='ocr_par' dir='ltr' id='par_1_50' title="bbox 2078 1803 3675 1876">
     <span class='ocr_line' id='line_1_50' title="bbox 2078 1803 3675 1876; baseline 0.003 -20"><span class='ocrx_word' id='word_1_351' title='bbox 2078 1803 2255 1858; x_wconf 86' lang='lat' dir='ltr'><strong>basim</strong></span> <span class='ocrx_word' id='word_1_352' title='bbox 2309 1806 2463 1859; x_wconf 82' lang='lat' dir='ltr'><strong>stetit</strong></span> <span class='ocrx_word' id='word_1_353' title='bbox 2519 1805 2571 1859; x_wconf 90' lang='lat' dir='ltr'><strong>in</strong></span> <span class='ocrx_word' id='word_1_354' title='bbox 2621 1823 2747 1860; x_wconf 89' lang='lat' dir='ltr'><strong>aere</strong></span> <span class='ocrx_word' id='word_1_355' title='bbox 2800 1822 3087 1876; x_wconf 72' lang='lat' dir='ltr'><strong>SIISpensa,</strong></span> <span class='ocrx_word' id='word_1_356' title='bbox 3130 1809 3204 1861; x_wconf 89' lang='lat' dir='ltr'><strong>ita</strong></span> <span class='ocrx_word' id='word_1_357' title='bbox 3252 1816 3313 1861; x_wconf 90' lang='lat' dir='ltr'><strong>ut</strong></span> <span class='ocrx_word' id='word_1_358' title='bbox 3360 1808 3675 1861; x_wconf 78' lang='lat' dir='ltr'><strong>nullatenus</strong></span> 
     </span>
    </p>
   </div>
   <div class='ocr_carea' id='block_1_51' title="bbox 2077 1895 3672 1970">
    <p class='ocr_par' dir='ltr' id='par_1_51' title="bbox 2077 1895 3672 1970">
     <span class='ocr_line' id='line_1_51' title="bbox 2077 1895 3672 1970; baseline 0.002 -21"><span class='ocrx_word' id='word_1_359' title='bbox 2077 1895 2253 1950; x_wconf 73' lang='lat' dir='ltr'><strong>basim</strong></span> <span class='ocrx_word' id='word_1_360' title='bbox 2278 1898 2639 1967; x_wconf 82' lang='lat' dir='ltr'><strong>contingeret.</strong></span> <span class='ocrx_word' id='word_1_361' title='bbox 2677 1897 2810 1952; x_wconf 90' lang='lat' dir='ltr'><strong>Orto</strong></span> <span class='ocrx_word' id='word_1_362' title='bbox 2841 1914 2965 1952; x_wconf 81' lang='lat' dir='ltr'><strong>mox</strong></span> <span class='ocrx_word' id='word_1_363' title='bbox 2994 1900 3105 1963; x_wconf 90' lang='lat' dir='ltr'><strong>die,</strong></span> <span class='ocrx_word' id='word_1_364' title='bbox 3138 1915 3234 1953; x_wconf 80' lang='lat' dir='ltr'><strong>rex</strong></span> <span class='ocrx_word' id='word_1_365' title='bbox 3274 1908 3461 1970; x_wconf 87' lang='lat' dir='ltr'><strong>utpote</strong></span> <span class='ocrx_word' id='word_1_366' title='bbox 3488 1899 3672 1952; x_wconf 85' lang='lat' dir='ltr'><strong>archi-</strong></span> 
     </span>
    </p>
   </div>
   <div class='ocr_carea' id='block_1_52' title="bbox 2079 1991 3674 2063">
    <p class='ocr_par' dir='ltr' id='par_1_52' title="bbox 2079 1991 3674 2063">
     <span class='ocr_line' id='line_1_52' title="bbox 2079 1991 3674 2063; baseline 0.004 -22"><span class='ocrx_word' id='word_1_367' title='bbox 2079 1997 2304 2044; x_wconf 69' lang='lat' dir='ltr'><strong>tecturae.</strong></span> <span class='ocrx_word' id='word_1_368' title='bbox 2341 1992 2573 2059; x_wconf 86' lang='lat' dir='ltr'><strong>peritus,</strong></span> <span class='ocrx_word' id='word_1_369' title='bbox 2609 1991 2675 2044; x_wconf 91' lang='lat' dir='ltr'><strong>ad</strong></span> <span class='ocrx_word' id='word_1_370' title='bbox 2715 1991 2976 2047; x_wconf 82' lang='lat' dir='ltr'><strong>fabricam</strong></span> <span class='ocrx_word' id='word_1_371' title='bbox 3016 1995 3166 2047; x_wconf 75' lang='lat' dir='ltr'><strong>venit</strong></span> <span class='ocrx_word' id='word_1_372' title='bbox 3202 2011 3213 2045; x_wconf 90' lang='lat'>:</span> <span class='ocrx_word' id='word_1_373' title='bbox 3248 2001 3413 2063; x_wconf 88' lang='lat' dir='ltr'><strong>atque</strong></span> <span class='ocrx_word' id='word_1_374' title='bbox 3452 1994 3528 2047; x_wconf 87' lang='lat' dir='ltr'><strong>ibi</strong></span> <span class='ocrx_word' id='word_1_375' title='bbox 3578 2009 3674 2048; x_wconf 83' lang='lat' dir='ltr'><strong>co-</strong></span> 
     </span>
    </p>
   </div>
   <div class='ocr_carea' id='block_1_53' title="bbox 2076 2081 3673 2156">
    <p class='ocr_par' dir='ltr' id='par_1_53' title="bbox 2076 2081 3673 2156">
     <span class='ocr_line' id='line_1_53' title="bbox 2076 2081 3673 2156; baseline 0.005 -23"><span class='ocrx_word' id='word_1_376' title='bbox 2076 2081 2318 2153; x_wconf 82' lang='lat' dir='ltr'><strong>lumnam</strong></span> <span class='ocrx_word' id='word_1_377' title='bbox 2355 2098 2520 2152; x_wconf 86' lang='lat' dir='ltr'><strong>supra</strong></span> <span class='ocrx_word' id='word_1_378' title='bbox 2550 2084 2721 2138; x_wconf 87' lang='lat' dir='ltr'><strong>basim</strong></span> <span class='ocrx_word' id='word_1_379' title='bbox 2750 2084 2803 2138; x_wconf 92' lang='lat' dir='ltr'><strong>in</strong></span> <span class='ocrx_word' id='word_1_380' title='bbox 2833 2085 3053 2139; x_wconf 85' lang='lat' dir='ltr'><strong>sublimi</strong></span> <span class='ocrx_word' id='word_1_381' title='bbox 3086 2085 3416 2154; x_wconf 88' lang='lat' dir='ltr'><strong>pendentem</strong></span> <span class='ocrx_word' id='word_1_382' title='bbox 3452 2087 3673 2156; x_wconf 89' lang='lat' dir='ltr'><strong>conspi-</strong></span> 
     </span>
    </p>
   </div>
   <div class='ocr_carea' id='block_1_54' title="bbox 2074 2174 3672 2247">
    <p class='ocr_par' dir='ltr' id='par_1_54' title="bbox 2074 2174 3672 2247">
     <span class='ocr_line' id='line_1_54' title="bbox 2074 2174 3672 2247; baseline 0.004 -21"><span class='ocrx_word' id='word_1_383' title='bbox 2074 2182 2264 2239; x_wconf 84' lang='lat' dir='ltr'><strong>catus,</strong></span> <span class='ocrx_word' id='word_1_384' title='bbox 2304 2181 2418 2228; x_wconf 88' lang='lat' dir='ltr'><strong>tum</strong></span> <span class='ocrx_word' id='word_1_385' title='bbox 2464 2174 2601 2245; x_wconf 84' lang='lat' dir='ltr'><strong>ipse,</strong></span> <span class='ocrx_word' id='word_1_386' title='bbox 2644 2184 2759 2231; x_wconf 87' lang='lat' dir='ltr'><strong>tum</strong></span> <span class='ocrx_word' id='word_1_387' title='bbox 2795 2192 2986 2232; x_wconf 90' lang='lat' dir='ltr'><strong>omnes</strong></span> <span class='ocrx_word' id='word_1_388' title='bbox 3031 2178 3126 2247; x_wconf 89' lang='lat' dir='ltr'><strong>qui</strong></span> <span class='ocrx_word' id='word_1_389' title='bbox 3168 2177 3417 2241; x_wconf 91' lang='lat' dir='ltr'><strong>aderant,</strong></span> <span class='ocrx_word' id='word_1_390' title='bbox 3460 2178 3672 2247; x_wconf 78' lang='lat' dir='ltr'><strong>ingenti</strong></span> 
     </span>
    </p>
   </div>
   <div class='ocr_carea' id='block_1_55' title="bbox 2073 2266 3672 2338">
    <p class='ocr_par' dir='ltr' id='par_1_55' title="bbox 2073 2266 3672 2338">
     <span class='ocr_line' id='line_1_55' title="bbox 2073 2266 3672 2338; baseline 0.004 -20"><span class='ocrx_word' id='word_1_391' title='bbox 2073 2266 2443 2323; x_wconf 83' lang='lat' dir='ltr'><strong>admiratione</strong></span> <span class='ocrx_word' id='word_1_392' title='bbox 2489 2268 2728 2337; x_wconf 90' lang='lat' dir='ltr'><strong>perculsi</strong></span> <span class='ocrx_word' id='word_1_393' title='bbox 2773 2276 2919 2323; x_wconf 91' lang='lat' dir='ltr'><strong>sunt.</strong></span> <span class='ocrx_word' id='word_1_394' title='bbox 2965 2269 3135 2324; x_wconf 86' lang='lat' dir='ltr'><strong>Paulo</strong></span> <span class='ocrx_word' id='word_1_395' title='bbox 3179 2277 3306 2338; x_wconf 88' lang='lat' dir='ltr'><strong>post</strong></span> <span class='ocrx_word' id='word_1_396' title='bbox 3345 2270 3494 2323; x_wconf 92' lang='lat' dir='ltr'><strong>enim</strong></span> <span class='ocrx_word' id='word_1_397' title='bbox 3538 2269 3672 2338; x_wconf 90' lang='lat' dir='ltr'><strong>ipsis</strong></span> 
     </span>
    </p>
   </div>
   <div class='ocr_carea' id='block_1_56' title="bbox 2074 2360 3671 2428">
    <p class='ocr_par' dir='ltr' id='par_1_56' title="bbox 2074 2360 3671 2428">
     <span class='ocr_line' id='line_1_56' title="bbox 2074 2360 3671 2428; baseline 0.002 -16"><span class='ocrx_word' id='word_1_398' title='bbox 2074 2360 2453 2428; x_wconf 88' lang='lat' dir='ltr'><strong>spectantibus</strong></span> <span class='ocrx_word' id='word_1_399' title='bbox 2497 2360 2752 2415; x_wconf 87' lang='lat' dir='ltr'><strong>columna</strong></span> <span class='ocrx_word' id='word_1_400' title='bbox 2796 2361 3159 2425; x_wconf 86' lang='lat' dir='ltr'><strong>descendens,</strong></span> <span class='ocrx_word' id='word_1_401' title='bbox 3196 2361 3312 2415; x_wconf 88' lang='lat' dir='ltr'><strong>basi</strong></span> <span class='ocrx_word' id='word_1_402' title='bbox 3343 2376 3454 2416; x_wconf 80' lang='lat' dir='ltr'><strong>sua:</strong></span> <span class='ocrx_word' id='word_1_403' title='bbox 3483 2360 3671 2415; x_wconf 76' lang='lat' dir='ltr'><strong>innixa</strong></span> 
     </span>
    </p>
   </div>
   <div class='ocr_carea' id='block_1_57' title="bbox 2072 2451 3672 2517">
    <p class='ocr_par' dir='ltr' id='par_1_57' title="bbox 2072 2451 3672 2517">
     <span class='ocr_line' id='line_1_57' title="bbox 2072 2451 3672 2517; baseline 0.001 -14"><span class='ocrx_word' id='word_1_404' title='bbox 2072 2451 2244 2505; x_wconf 88' lang='lat' dir='ltr'><strong>stetit.</strong></span> <span class='ocrx_word' id='word_1_405' title='bbox 2290 2451 2511 2506; x_wconf 88' lang='lat' dir='ltr'><strong>Clamor</strong></span> <span class='ocrx_word' id='word_1_406' title='bbox 2550 2453 2677 2508; x_wconf 90' lang='lat' dir='ltr'><strong>inde</strong></span> <span class='ocrx_word' id='word_1_407' title='bbox 2719 2453 2788 2507; x_wconf 91' lang='lat' dir='ltr'><strong>ab</strong></span> <span class='ocrx_word' id='word_1_408' title='bbox 2826 2455 3084 2508; x_wconf 90' lang='lat' dir='ltr'><strong>omnibus</strong></span> <span class='ocrx_word' id='word_1_409' title='bbox 3125 2455 3420 2517; x_wconf 79' lang='lat' dir='ltr'><strong>excitatur,</strong></span> <span class='ocrx_word' id='word_1_410' title='bbox 3458 2452 3672 2506; x_wconf 87' lang='lat' dir='ltr'><strong>cunctis</strong></span> 
     </span>
    </p>
   </div>
   <div class='ocr_carea' id='block_1_58' title="bbox 2074 2543 3669 2615">
    <p class='ocr_par' dir='ltr' id='par_1_58' title="bbox 2074 2543 3669 2615">
     <span class='ocr_line' id='line_1_58' title="bbox 2074 2543 3669 2615; baseline 0.003 -21"><span class='ocrx_word' id='word_1_411' title='bbox 2074 2543 2404 2597; x_wconf 88' lang='lat' dir='ltr'><strong>testantibus</strong></span> <span class='ocrx_word' id='word_1_412' title='bbox 2440 2560 2628 2597; x_wconf 76' lang='lat' dir='ltr'><strong>veram</strong></span> <span class='ocrx_word' id='word_1_413' title='bbox 2662 2560 2783 2599; x_wconf 91' lang='lat' dir='ltr'><strong>esse</strong></span> <span class='ocrx_word' id='word_1_414' title='bbox 2806 2546 2952 2615; x_wconf 82' lang='lat' dir='ltr'><strong>regis</strong></span> <span class='ocrx_word' id='word_1_415' title='bbox 2980 2546 3167 2609; x_wconf 89' lang='lat' dir='ltr'><strong>ﬁdem,</strong></span> <span class='ocrx_word' id='word_1_416' title='bbox 3201 2552 3257 2599; x_wconf 87' lang='lat' dir='ltr'><strong>et</strong></span> <span class='ocrx_word' id='word_1_417' title='bbox 3285 2545 3513 2614; x_wconf 63' lang='lat' dir='ltr'><strong>captivae</strong></span> <span class='ocrx_word' id='word_1_418' title='bbox 3546 2559 3669 2598; x_wconf 84' lang='lat' dir='ltr'><strong>mu-</strong></span> 
     </span>
    </p>
   </div>
   <div class='ocr_carea' id='block_1_59' title="bbox 2071 2634 3671 2704">
    <p class='ocr_par' dir='ltr' id='par_1_59' title="bbox 2071 2634 3671 2704">
     <span class='ocr_line' id='line_1_59' title="bbox 2071 2634 3671 2704; baseline 0 -16"><span class='ocrx_word' id='word_1_419' title='bbox 2071 2634 2225 2688; x_wconf 74' lang='lat' dir='ltr'><strong>lieris</strong></span> <span class='ocrx_word' id='word_1_420' title='bbox 2277 2636 2448 2689; x_wconf 85' lang='lat' dir='ltr'><strong>Deum</strong></span> <span class='ocrx_word' id='word_1_421' title='bbox 2511 2636 2941 2690; x_wconf 85' lang='lat' dir='ltr'><strong>celebrantibus.</strong></span> <span class='ocrx_word' id='word_1_422' title='bbox 3000 2636 3122 2690; x_wconf 86' lang='lat' dir='ltr'><strong>Jam</strong></span> <span class='ocrx_word' id='word_1_423' title='bbox 3184 2651 3316 2704; x_wconf 82' lang='lat' dir='ltr'><strong>ergo</strong></span> <span class='ocrx_word' id='word_1_424' title='bbox 3380 2634 3671 2688; x_wconf 81' lang='lat' dir='ltr'><strong>credentes</strong></span> 
     </span>
    </p>
   </div>
   <div class='ocr_carea' id='block_1_60' title="bbox 2070 2725 3667 2797">
    <p class='ocr_par' dir='ltr' id='par_1_60' title="bbox 2070 2725 3667 2797">
     <span class='ocr_line' id='line_1_60' title="bbox 2070 2725 3667 2797; baseline -0.001 -16"><span class='ocrx_word' id='word_1_425' title='bbox 2070 2725 2313 2791; x_wconf 88' lang='lat' dir='ltr'><strong>Christo,</strong></span> <span class='ocrx_word' id='word_1_426' title='bbox 2341 2728 2510 2781; x_wconf 88' lang='lat' dir='ltr'><strong>alacri</strong></span> <span class='ocrx_word' id='word_1_427' title='bbox 2540 2728 2726 2781; x_wconf 88' lang='lat' dir='ltr'><strong>animo</strong></span> <span class='ocrx_word' id='word_1_428' title='bbox 2757 2728 3000 2797; x_wconf 86' lang='lat' dir='ltr'><strong>reliquas</strong></span> <span class='ocrx_word' id='word_1_429' title='bbox 3030 2727 3315 2781; x_wconf 88' lang='lat' dir='ltr'><strong>columnas</strong></span> <span class='ocrx_word' id='word_1_430' title='bbox 3348 2735 3667 2790; x_wconf 80' lang='lat' dir='ltr'><strong>erexerunt,</strong></span> 
     </span>
    </p>
   </div>
   <div class='ocr_carea' id='block_1_61' title="bbox 2075 2818 3671 2909">
    <p class='ocr_par' dir='ltr' id='par_1_61' title="bbox 2075 2818 3671 2909">
     <span class='ocr_line' id='line_1_61' title="bbox 2075 2818 3671 2909; baseline 0 -37"><span class='ocrx_word' id='word_1_431' title='bbox 2075 2827 2360 2887; x_wconf 86' lang='lat' dir='ltr'><strong>totumque</strong></span> <span class='ocrx_word' id='word_1_432' title='bbox 2389 2820 2711 2909; x_wconf 53' lang='lat' dir='ltr'><strong>epus\brcvi</strong></span> <span class='ocrx_word' id='word_1_433' title='bbox 2739 2818 3051 2873; x_wconf 87' lang='lat' dir='ltr'><strong>absolutum</strong></span> <span class='ocrx_word' id='word_1_434' title='bbox 3081 2827 3186 2873; x_wconf 89' lang='lat' dir='ltr'><strong>est.</strong></span> <span class='ocrx_word' id='word_1_435' title='bbox 3220 2818 3347 2871; x_wconf 85' lang='lat' dir='ltr'><strong>Post</strong></span> <span class='ocrx_word' id='word_1_436' title='bbox 3381 2818 3497 2872; x_wconf 66' lang='lat' dir='ltr'><strong>haec</strong></span> <span class='ocrx_word' id='word_1_437' title='bbox 3526 2818 3671 2887; x_wconf 80' lang='lat' dir='ltr'><strong>lega-</strong></span> 
     </span>
    </p>
   </div>
   <div class='ocr_carea' id='block_1_62' title="bbox 2073 2909 3671 2980">
    <p class='ocr_par' dir='ltr' id='par_1_62' title="bbox 2073 2909 3671 2980">
     <span class='ocr_line' id='line_1_62' title="bbox 2073 2909 3671 2980; baseline -0.001 -15"><span class='ocrx_word' id='word_1_438' title='bbox 2073 2911 2152 2965; x_wconf 86' lang='lat' dir='ltr'><strong>tio</strong></span> <span class='ocrx_word' id='word_1_439' title='bbox 2183 2912 2424 2964; x_wconf 80' lang='lat' dir='ltr'><strong>mittitur</strong></span> <span class='ocrx_word' id='word_1_440' title='bbox 2456 2911 2525 2965; x_wconf 89' lang='lat' dir='ltr'><strong>ad</strong></span> <span class='ocrx_word' id='word_1_441' title='bbox 2560 2912 2950 2980; x_wconf 88' lang='lat' dir='ltr'><strong>imperatorem</strong></span> <span class='ocrx_word' id='word_1_442' title='bbox 2986 2909 3408 2965; x_wconf 87' lang='lat' dir='ltr'><strong>Constantinum</strong></span> <span class='ocrx_word' id='word_1_443' title='bbox 3436 2950 3450 2976; x_wconf 92' lang='lat'><strong>,</strong></span> <span class='ocrx_word' id='word_1_444' title='bbox 3478 2926 3585 2979; x_wconf 91' lang='lat' dir='ltr'><strong>qua</strong></span> <span class='ocrx_word' id='word_1_445' title='bbox 3614 2919 3671 2965; x_wconf 88' lang='lat' dir='ltr'><strong>et</strong></span> 
     </span>
    </p>
   </div>
   <div class='ocr_carea' id='block_1_63' title="bbox 2073 3002 3667 3073">
    <p class='ocr_par' dir='ltr' id='par_1_63' title="bbox 2073 3002 3667 3073">
     <span class='ocr_line' id='line_1_63' title="bbox 2073 3002 3667 3073; baseline -0.001 -17"><span class='ocrx_word' id='word_1_446' title='bbox 2073 3003 2252 3059; x_wconf 78' lang='lat' dir='ltr'><strong>foedus</strong></span> <span class='ocrx_word' id='word_1_447' title='bbox 2284 3004 2389 3057; x_wconf 88' lang='lat' dir='ltr'><strong>sibi</strong></span> <span class='ocrx_word' id='word_1_448' title='bbox 2431 3004 2484 3057; x_wconf 93' lang='lat' dir='ltr'><strong>in</strong></span> <span class='ocrx_word' id='word_1_449' title='bbox 2524 3012 2804 3073; x_wconf 87' lang='lat' dir='ltr'><strong>posterum</strong></span> <span class='ocrx_word' id='word_1_450' title='bbox 2835 3018 2956 3058; x_wconf 89' lang='lat' dir='ltr'><strong>esse</strong></span> <span class='ocrx_word' id='word_1_451' title='bbox 2983 3019 3108 3062; x_wconf 88' lang='lat' dir='ltr'><strong>eum</strong></span> <span class='ocrx_word' id='word_1_452' title='bbox 3145 3003 3407 3057; x_wconf 81' lang='lat' dir='ltr'><strong>Romanis</strong></span> <span class='ocrx_word' id='word_1_453' title='bbox 3428 3043 3442 3065; x_wconf 93' lang='lat'><strong>,</strong></span> <span class='ocrx_word' id='word_1_454' title='bbox 3468 3011 3523 3056; x_wconf 91' lang='lat' dir='ltr'><strong>et</strong></span> <span class='ocrx_word' id='word_1_455' title='bbox 3548 3002 3667 3071; x_wconf 88' lang='lat' dir='ltr'><strong>cpi-</strong></span> 
     </span>
    </p>
   </div>
   <div class='ocr_carea' id='block_1_64' title="bbox 371 3076 1972 3163">
    <p class='ocr_par' dir='ltr' id='par_1_64' title="bbox 371 3084 1965 3161">
     <span class='ocr_line' id='line_1_64' title="bbox 371 3084 1965 3161; baseline -0.004 -17"><span class='ocrx_word' id='word_1_456' title='bbox 371 3091 500 3161; x_wconf 83' lang='grc' dir='ltr'>ἐστη</span> <span class='ocrx_word' id='word_1_457' title='bbox 536 3090 684 3160; x_wconf 67' lang='grc'><strong>(20)·</strong></span> <span class='ocrx_word' id='word_1_458' title='bbox 727 3088 824 3142; x_wconf 75' lang='grc' dir='ltr'>καὶ</span> <span class='ocrx_word' id='word_1_459' title='bbox 870 3086 1186 3157; x_wconf 84' lang='grc' dir='ltr'>μεταταῦτα</span> <span class='ocrx_word' id='word_1_460' title='bbox 1245 3084 1653 3156; x_wconf 82' lang='grc' dir='ltr'>στρατηλατῶν,</span> <span class='ocrx_word' id='word_1_461' title='bbox 1699 3084 1789 3136; x_wconf 71' lang='grc' dir='ltr'><strong>τὸν</strong></span> <span class='ocrx_word' id='word_1_462' title='bbox 1825 3084 1965 3137; x_wconf 70' lang='grc' dir='ltr'>κατὰ</span> 
     </span>
    </p>
   </div>
   <div class='ocr_carea' id='block_1_65' title="bbox 2075 3076 3669 3163">
    <p class='ocr_par' dir='ltr' id='par_1_65' title="bbox 2075 3091 3669 3163">
     <span class='ocr_line' id='line_1_65' title="bbox 2075 3091 3669 3163; baseline 0.001 -18"><span class='ocrx_word' id='word_1_463' title='bbox 2075 3109 2293 3163; x_wconf 74' lang='lat' dir='ltr'><strong>scopum</strong></span> <span class='ocrx_word' id='word_1_464' title='bbox 2319 3110 2444 3148; x_wconf 89' lang='lat' dir='ltr'><strong>cum</strong></span> <span class='ocrx_word' id='word_1_465' title='bbox 2468 3094 2685 3149; x_wconf 77' lang='lat' dir='ltr'><strong>clericis</strong></span> <span class='ocrx_word' id='word_1_466' title='bbox 2712 3094 2776 3147; x_wconf 87' lang='lat' dir='ltr'><strong>ad</strong></span> <span class='ocrx_word' id='word_1_467' title='bbox 2806 3110 2864 3147; x_wconf 81' lang='lat' dir='ltr'><strong>se</strong></span> <span class='ocrx_word' id='word_1_468' title='bbox 2891 3093 3034 3146; x_wconf 79' lang='lat' dir='ltr'><strong>mitti</strong></span> <span class='ocrx_word' id='word_1_469' title='bbox 3062 3093 3362 3162; x_wconf 85' lang='lat' dir='ltr'><strong>postulant,</strong></span> <span class='ocrx_word' id='word_1_470' title='bbox 3395 3091 3669 3146; x_wconf 81' lang='lat' dir='ltr'><strong>aﬁirman-</strong></span> 
     </span>
    </p>
   </div>
   <div class='ocr_carea' id='block_1_66' title="bbox 370 3175 1967 3253">
    <p class='ocr_par' dir='ltr' id='par_1_66' title="bbox 370 3175 1967 3253">
     <span class='ocr_line' id='line_1_66' title="bbox 370 3175 1967 3253; baseline -0.006 -16"><span class='ocrx_word' id='word_1_471' title='bbox 370 3183 627 3253; x_wconf 77' lang='grc' dir='ltr'>Μαξίμου</span> <span class='ocrx_word' id='word_1_472' title='bbox 652 3180 748 3234; x_wconf 89' lang='grc' dir='ltr'><strong>τοῦ</strong></span> <span class='ocrx_word' id='word_1_473' title='bbox 784 3182 1049 3251; x_wconf 81' lang='grc' dir='ltr'>τυράννου</span> <span class='ocrx_word' id='word_1_474' title='bbox 1094 3178 1326 3249; x_wconf 81' lang='grc' dir='ltr'>πόλεμον</span> <span class='ocrx_word' id='word_1_475' title='bbox 1363 3178 1472 3248; x_wconf 71' lang='grc'><strong>(21)</strong></span> <span class='ocrx_word' id='word_1_476' title='bbox 1504 3176 1578 3246; x_wconf 80' lang='grc' dir='ltr'>τῷ</span> <span class='ocrx_word' id='word_1_477' title='bbox 1612 3175 1821 3246; x_wconf 83' lang='grc' dir='ltr'>βασιλεῖ</span> <span class='ocrx_word' id='word_1_478' title='bbox 1844 3175 1967 3228; x_wconf 86' lang='grc' dir='ltr'>Θεο-</span> 
     </span>
    </p>
   </div>
   <div class='ocr_carea' id='block_1_67' title="bbox 367 3267 1966 3345">
    <p class='ocr_par' dir='ltr' id='par_1_67' title="bbox 367 3267 1966 3345">
     <span class='ocr_line' id='line_1_67' title="bbox 367 3267 1966 3345; baseline -0.006 -17"><span class='ocrx_word' id='word_1_479' title='bbox 367 3274 533 3345; x_wconf 82' lang='grc' dir='ltr'>δοσίῳ</span> <span class='ocrx_word' id='word_1_480' title='bbox 591 3273 1025 3344; x_wconf 79' lang='grc' dir='ltr'>συνηγωνίσατο.</span> <span class='ocrx_word' id='word_1_481' title='bbox 1076 3270 1274 3323; x_wconf 86' lang='grc' dir='ltr'>Τοῦτον</span> <span class='ocrx_word' id='word_1_482' title='bbox 1329 3270 1426 3340; x_wconf 79' lang='grc' dir='ltr'>μὲν</span> <span class='ocrx_word' id='word_1_483' title='bbox 1479 3270 1571 3321; x_wconf 76' lang='grc' dir='ltr'>τὸν</span> <span class='ocrx_word' id='word_1_484' title='bbox 1631 3268 1832 3338; x_wconf 86' lang='grc' dir='ltr'>τρόπον</span> <span class='ocrx_word' id='word_1_485' title='bbox 1871 3267 1966 3321; x_wconf 77' lang='grc' dir='ltr'>καὶ</span> 
     </span>
    </p>
   </div>
   <div class='ocr_carea' id='block_1_68' title="bbox 374 3359 1962 3439">
    <p class='ocr_par' dir='ltr' id='par_1_68' title="bbox 374 3359 1962 3439">
     <span class='ocr_line' id='line_1_68' title="bbox 374 3359 1962 3439; baseline -0.002 -23"><span class='ocrx_word' id='word_1_486' title='bbox 374 3367 593 3439; x_wconf 71' lang='grc' dir='ltr'>Ἴϐηρες</span> <span class='ocrx_word' id='word_1_487' title='bbox 621 3366 1029 3437; x_wconf 79' lang='grc' dir='ltr'>ὲχριστιάνισαν</span> <span class='ocrx_word' id='word_1_488' title='bbox 1056 3362 1277 3416; x_wconf 75' lang='grc' dir='ltr'>ἐπὶτῶν</span> <span class='ocrx_word' id='word_1_489' title='bbox 1299 3359 1709 3414; x_wconf 85' lang='grc' dir='ltr'>Κωνσταντίνου</span> <span class='ocrx_word' id='word_1_490' title='bbox 1735 3360 1962 3429; x_wconf 88' lang='grc' dir='ltr'>χρόνων.</span> 
     </span>
    </p>
   </div>
   <div class='ocr_carea' id='block_1_69' title="bbox 2072 3182 3669 3239">
    <p class='ocr_par' dir='ltr' id='par_1_69' title="bbox 2072 3182 3669 3239">
     <span class='ocr_line' id='line_1_69' title="bbox 2072 3182 3669 3239; baseline 0 -1"><span class='ocrx_word' id='word_1_491' title='bbox 2072 3194 2153 3239; x_wconf 87' lang='lat' dir='ltr'><strong>tes</strong></span> <span class='ocrx_word' id='word_1_492' title='bbox 2190 3201 2248 3238; x_wconf 86' lang='lat' dir='ltr'><strong>sc</strong></span> <span class='ocrx_word' id='word_1_493' title='bbox 2285 3202 2350 3239; x_wconf 83' lang='lat' dir='ltr'><strong>ex</strong></span> <span class='ocrx_word' id='word_1_494' title='bbox 2387 3186 2572 3239; x_wconf 85' lang='lat' dir='ltr'><strong>animo</strong></span> <span class='ocrx_word' id='word_1_495' title='bbox 2600 3185 2654 3238; x_wconf 89' lang='lat' dir='ltr'><strong>in</strong></span> <span class='ocrx_word' id='word_1_496' title='bbox 2690 3184 2970 3238; x_wconf 82' lang='lat' dir='ltr'><strong>Christum</strong></span> <span class='ocrx_word' id='word_1_497' title='bbox 2999 3184 3245 3238; x_wconf 82' lang='lat' dir='ltr'><strong>credere.</strong></span> <span class='ocrx_word' id='word_1_498' title='bbox 3282 3184 3408 3237; x_wconf 68' lang='lat' dir='ltr'><strong>llaec</strong></span> <span class='ocrx_word' id='word_1_499' title='bbox 3437 3182 3669 3238; x_wconf 87' lang='lat' dir='ltr'><strong>Ruﬁnus</strong></span> 
     </span>
    </p>
   </div>
   <div class='ocr_carea' id='block_1_70' title="bbox 2070 3275 3665 3344">
    <p class='ocr_par' dir='ltr' id='par_1_70' title="bbox 2070 3275 3665 3344">
     <span class='ocr_line' id='line_1_70' title="bbox 2070 3275 3665 3344; baseline 0.002 -17"><span class='ocrx_word' id='word_1_500' title='bbox 2070 3289 2128 3327; x_wconf 88' lang='lat' dir='ltr'><strong>se</strong></span> <span class='ocrx_word' id='word_1_501' title='bbox 2167 3290 2197 3328; x_wconf 93' lang='lat' dir='ltr'><strong>a</strong></span> <span class='ocrx_word' id='word_1_502' title='bbox 2222 3275 2454 3329; x_wconf 81' lang='lat' dir='ltr'><strong>Bacurio</strong></span> <span class='ocrx_word' id='word_1_503' title='bbox 2489 3276 2751 3330; x_wconf 84' lang='lat' dir='ltr'><strong>didicisse</strong></span> <span class='ocrx_word' id='word_1_504' title='bbox 2780 3275 2992 3339; x_wconf 87' lang='lat' dir='ltr'><strong>scribit,</strong></span> <span class='ocrx_word' id='word_1_505' title='bbox 3021 3276 3113 3344; x_wconf 85' lang='lat' dir='ltr'><strong>qui</strong></span> <span class='ocrx_word' id='word_1_506' title='bbox 3146 3276 3300 3344; x_wconf 89' lang='lat' dir='ltr'><strong>prius</strong></span> <span class='ocrx_word' id='word_1_507' title='bbox 3326 3275 3547 3344; x_wconf 88' lang='lat' dir='ltr'><strong>quidem</strong></span> <span class='ocrx_word' id='word_1_508' title='bbox 3574 3291 3665 3330; x_wconf 84' lang='lat' dir='ltr'><strong>rc-</strong></span> 
     </span>
    </p>
   </div>
   <div class='ocr_carea' id='block_1_71' title="bbox 2074 3366 3667 3437">
    <p class='ocr_par' dir='ltr' id='par_1_71' title="bbox 2074 3366 3667 3437">
     <span class='ocr_line' id='line_1_71' title="bbox 2074 3366 3667 3437; baseline 0.002 -19"><span class='ocrx_word' id='word_1_509' title='bbox 2074 3366 2235 3434; x_wconf 80' lang='lat' dir='ltr'><strong>gulus</strong></span> <span class='ocrx_word' id='word_1_510' title='bbox 2277 3366 2457 3421; x_wconf 84' lang='lat' dir='ltr'><strong>fuerat</strong></span> <span class='ocrx_word' id='word_1_511' title='bbox 2508 3367 2792 3421; x_wconf 90' lang='lat' dir='ltr'><strong>lberorum</strong></span> <span class='ocrx_word' id='word_1_512' title='bbox 2868 3375 3057 3437; x_wconf 82' lang='lat' dir='ltr'><strong>postea</strong></span> <span class='ocrx_word' id='word_1_513' title='bbox 3094 3382 3226 3421; x_wconf 68' lang='lat' dir='ltr'><strong>vero</strong></span> <span class='ocrx_word' id='word_1_514' title='bbox 3274 3366 3344 3421; x_wconf 88' lang='lat' dir='ltr'><strong>ad</strong></span> <span class='ocrx_word' id='word_1_515' title='bbox 3391 3367 3667 3421; x_wconf 74' lang='lat' dir='ltr'><strong>Romanos</strong></span> 
     </span>
    </p>
   </div>
   <div class='ocr_carea' id='block_1_72' title="bbox 373 3456 3666 3533">
    <p class='ocr_par' dir='ltr' id='par_1_72' title="bbox 373 3456 3666 3533">
     <span class='ocr_line' id='line_1_72' title="bbox 373 3456 3666 3533; baseline 0.001 -18"><span class='ocrx_word' id='word_1_516' title='bbox 373 3469 785 3533; x_wconf 65' lang='lat' dir='ltr'><strong>transgressus,</strong></span> <span class='ocrx_word' id='word_1_517' title='bbox 833 3460 944 3514; x_wconf 81' lang='lat' dir='ltr'><strong>dux</strong></span> <span class='ocrx_word' id='word_1_518' title='bbox 972 3458 1247 3514; x_wconf 67' lang='lat' dir='ltr'><strong>Palaestini</strong></span> <span class='ocrx_word' id='word_1_519' title='bbox 1292 3457 1487 3511; x_wconf 87' lang='lat' dir='ltr'><strong>limitis</strong></span> <span class='ocrx_word' id='word_1_520' title='bbox 1521 3464 1607 3511; x_wconf 87' lang='lat' dir='ltr'><strong>est</strong></span> <span class='ocrx_word' id='word_1_521' title='bbox 1666 3456 2043 3527; x_wconf 84' lang='lat' dir='ltr'><strong>constitutus;</strong></span> <span class='ocrx_word' id='word_1_522' title='bbox 2094 3461 2311 3515; x_wconf 84' lang='lat' dir='ltr'><strong>tandem</strong></span> <span class='ocrx_word' id='word_1_523' title='bbox 2356 3479 2488 3518; x_wconf 73' lang='lat' dir='ltr'><strong>vero</strong></span> <span class='ocrx_word' id='word_1_524' title='bbox 2548 3464 2808 3533; x_wconf 80' lang='lat' dir='ltr'><strong>magister</strong></span> <span class='ocrx_word' id='word_1_525' title='bbox 2844 3463 3079 3516; x_wconf 83' lang='lat' dir='ltr'><strong>militum</strong></span> <span class='ocrx_word' id='word_1_526' title='bbox 3139 3462 3349 3525; x_wconf 89' lang='lat' dir='ltr'><strong>factus,</strong></span> <span class='ocrx_word' id='word_1_527' title='bbox 3404 3462 3460 3515; x_wconf 92' lang='lat' dir='ltr'><strong>in</strong></span> <span class='ocrx_word' id='word_1_528' title='bbox 3520 3462 3666 3517; x_wconf 89' lang='lat' dir='ltr'><strong>bello</strong></span> 
     </span>
    </p>
   </div>
   <div class='ocr_carea' id='block_1_73' title="bbox 370 3552 3664 3629">
    <p class='ocr_par' dir='ltr' id='par_1_73' title="bbox 370 3552 3664 3629">
     <span class='ocr_line' id='line_1_73' title="bbox 370 3552 3664 3629; baseline -0.001 -15"><span class='ocrx_word' id='word_1_529' title='bbox 370 3566 563 3615; x_wconf 84' lang='lat' dir='ltr'><strong>contra</strong></span> <span class='ocrx_word' id='word_1_530' title='bbox 625 3560 921 3613; x_wconf 79' lang='lat' dir='ltr'><strong>Maximum</strong></span> <span class='ocrx_word' id='word_1_531' title='bbox 972 3566 1267 3627; x_wconf 79' lang='lat' dir='ltr'><strong>tyrannum</strong></span> <span class='ocrx_word' id='word_1_532' title='bbox 1328 3552 1641 3609; x_wconf 84' lang='lat' dir='ltr'><strong>Theodosio</strong></span> <span class='ocrx_word' id='word_1_533' title='bbox 1700 3553 2017 3624; x_wconf 88' lang='lat' dir='ltr'><strong>imperatori</strong></span> <span class='ocrx_word' id='word_1_534' title='bbox 2044 3558 2318 3629; x_wconf 81' lang='lat' dir='ltr'><strong>egregiam</strong></span> <span class='ocrx_word' id='word_1_535' title='bbox 2370 3574 2597 3629; x_wconf 89' lang='lat' dir='ltr'><strong>operam</strong></span> <span class='ocrx_word' id='word_1_536' title='bbox 2652 3558 2894 3613; x_wconf 76' lang='lat' dir='ltr'><strong>naravit.</strong></span> <span class='ocrx_word' id='word_1_537' title='bbox 2955 3558 3015 3611; x_wconf 87' lang='lat' dir='ltr'><strong>In</strong></span> <span class='ocrx_word' id='word_1_538' title='bbox 3071 3556 3219 3611; x_wconf 91' lang='lat' dir='ltr'><strong>hunc</strong></span> <span class='ocrx_word' id='word_1_539' title='bbox 3256 3556 3479 3611; x_wconf 90' lang='lat' dir='ltr'><strong>modum</strong></span> <span class='ocrx_word' id='word_1_540' title='bbox 3518 3557 3664 3611; x_wconf 88' lang='lat' dir='ltr'><strong>lberi</strong></span> 
     </span>
    </p>
   </div>
   <div class='ocr_carea' id='block_1_74' title="bbox 371 3646 2212 3723">
    <p class='ocr_par' dir='ltr' id='par_1_74' title="bbox 371 3646 2212 3723">
     <span class='ocr_line' id='line_1_74' title="bbox 371 3646 2212 3723; baseline -0.002 -15"><span class='ocrx_word' id='word_1_541' title='bbox 371 3652 722 3723; x_wconf 82' lang='lat' dir='ltr'><strong>temporibus</strong></span> <span class='ocrx_word' id='word_1_542' title='bbox 770 3649 1122 3707; x_wconf 86' lang='lat' dir='ltr'><strong>Constantini</strong></span> <span class='ocrx_word' id='word_1_543' title='bbox 1171 3648 1546 3705; x_wconf 87' lang='lat' dir='ltr'><strong>Christianam</strong></span> <span class='ocrx_word' id='word_1_544' title='bbox 1604 3646 1771 3702; x_wconf 87' lang='lat' dir='ltr'><strong>ﬁdem</strong></span> <span class='ocrx_word' id='word_1_545' title='bbox 1831 3658 2212 3719; x_wconf 87' lang='lat' dir='ltr'><strong>susceperunt.</strong></span> 
     </span>
    </p>
   </div>
   <div class='ocr_carea' id='block_1_75' title="bbox 957 3742 1381 3796">
    <p class='ocr_par' dir='ltr' id='par_1_75' title="bbox 957 3742 1381 3796">
     <span class='ocr_line' id='line_1_75' title="bbox 957 3742 1381 3796; baseline -0.002 0"><span class='ocrx_word' id='word_1_546' title='bbox 957 3743 1207 3796; x_wconf 78' lang='grc' dir='ltr'><strong>ΚΕΦΑΛ.</strong></span> <span class='ocrx_word' id='word_1_547' title='bbox 1250 3742 1381 3795; x_wconf 80' lang='lat' dir='ltr'><strong>KA&#39;.</strong></span> 
     </span>
    </p>
   </div>
   <div class='ocr_carea' id='block_1_76' title="bbox 686 3852 1647 3922">
    <p class='ocr_par' dir='ltr' id='par_1_76' title="bbox 686 3852 1647 3922">
     <span class='ocr_line' id='line_1_76' title="bbox 686 3852 1647 3922; baseline -0.001 -16"><span class='ocrx_word' id='word_1_548' title='bbox 686 3852 827 3919; x_wconf 75' lang='grc' dir='ltr'>Περὶ</span> <span class='ocrx_word' id='word_1_549' title='bbox 871 3853 1183 3907; x_wconf 72' lang='grc' dir='ltr'><strong>Ἀντωνίου</strong></span> <span class='ocrx_word' id='word_1_550' title='bbox 1216 3852 1322 3906; x_wconf 83' lang='grc' dir='ltr'>τοῦ</span> <span class='ocrx_word' id='word_1_551' title='bbox 1351 3854 1647 3922; x_wconf 83' lang='grc' dir='ltr'>μοναχοῦ.</span> 
     </span>
    </p>
   </div>
   <div class='ocr_carea' id='block_1_77' title="bbox 1100 3931 1119 3949">
    <p class='ocr_par' dir='ltr' id='par_1_77' title="bbox 1100 3931 1119 3949">
     <span class='ocr_line' id='line_1_77' title="bbox 1100 3931 1119 3949; baseline 0 0"><span class='ocrx_word' id='word_1_552' title='bbox 1100 3931 1119 3949; x_wconf 79' lang='grc' dir='ltr'><strong><em>Ι</em></strong></span> 
     </span>
    </p>
   </div>
   <div class='ocr_carea' id='block_1_78' title="bbox 450 3959 1971 4038">
    <p class='ocr_par' dir='ltr' id='par_1_78' title="bbox 450 3959 1971 4038">
     <span class='ocr_line' id='line_1_78' title="bbox 450 3959 1971 4038; baseline 0.004 -22"><span class='ocrx_word' id='word_1_553' title='bbox 450 3964 674 4027; x_wconf 77' lang='grc' dir='ltr'><strong>Ὀποῖος</strong></span> <span class='ocrx_word' id='word_1_554' title='bbox 709 3963 763 4017; x_wconf 81' lang='grc' dir='ltr'>δὲ</span> <span class='ocrx_word' id='word_1_555' title='bbox 793 3959 859 4036; x_wconf 80' lang='grc' dir='ltr'><strong>ἦν</strong></span> <span class='ocrx_word' id='word_1_556' title='bbox 884 3964 978 4016; x_wconf 74' lang='grc' dir='ltr'><strong>ἐπὶ</strong></span> <span class='ocrx_word' id='word_1_557' title='bbox 1008 3963 1119 4017; x_wconf 89' lang='grc' dir='ltr'><strong>τῶν</strong></span> <span class='ocrx_word' id='word_1_558' title='bbox 1150 3962 1330 4019; x_wconf 83' lang='grc' dir='ltr'>αὐτῶν</span> <span class='ocrx_word' id='word_1_559' title='bbox 1359 3964 1568 4035; x_wconf 82' lang='grc' dir='ltr'>χρόνων</span> <span class='ocrx_word' id='word_1_560' title='bbox 1623 3967 1717 4020; x_wconf 74' lang='grc' dir='ltr'>καὶ</span> <span class='ocrx_word' id='word_1_561' title='bbox 1748 3969 1776 4021; x_wconf 95' lang='grc' dir='ltr'><strong>ό</strong></span> <span class='ocrx_word' id='word_1_562' title='bbox 1807 3985 1971 4038; x_wconf 88' lang='grc' dir='ltr'>μονα-</span> 
     </span>
    </p>
   </div>
   <div class='ocr_carea' id='block_1_79' title="bbox 352 4056 1969 4129">
    <p class='ocr_par' dir='ltr' id='par_1_79' title="bbox 352 4056 1969 4129">
     <span class='ocr_line' id='line_1_79' title="bbox 352 4056 1969 4129; baseline 0.001 -18"><span class='ocrx_word' id='word_1_563' title='bbox 352 4057 449 4127; x_wconf 71' lang='grc' dir='ltr'>κὸς</span> <span class='ocrx_word' id='word_1_564' title='bbox 523 4056 810 4121; x_wconf 75' lang='grc' dir='ltr'>Ἀντώνιος</span> <span class='ocrx_word' id='word_1_565' title='bbox 838 4059 896 4109; x_wconf 77' lang='grc' dir='ltr'>ἐν</span> <span class='ocrx_word' id='word_1_566' title='bbox 926 4060 991 4128; x_wconf 83' lang='grc' dir='ltr'>τῇ</span> <span class='ocrx_word' id='word_1_567' title='bbox 1021 4057 1213 4127; x_wconf 79' lang='grc' dir='ltr'>ἐρήμῳ</span> <span class='ocrx_word' id='word_1_568' title='bbox 1241 4057 1339 4124; x_wconf 81' lang='grc' dir='ltr'><strong>τῆς</strong></span> <span class='ocrx_word' id='word_1_569' title='bbox 1374 4057 1672 4125; x_wconf 79' lang='grc' dir='ltr'>Αἰγύπτου,</span> <span class='ocrx_word' id='word_1_570' title='bbox 1707 4058 1766 4123; x_wconf 85' lang='grc' dir='ltr'>ὃς</span> <span class='ocrx_word' id='word_1_571' title='bbox 1807 4079 1969 4129; x_wconf 70' lang='grc' dir='ltr'>φανε-</span> 
     </span>
    </p>
   </div>
   <div class='ocr_carea' id='block_1_80' title="bbox 354 4148 1969 4221">
    <p class='ocr_par' dir='ltr' id='par_1_80' title="bbox 354 4148 1969 4221">
     <span class='ocr_line' id='line_1_80' title="bbox 354 4148 1969 4221; baseline 0.002 -20"><span class='ocrx_word' id='word_1_572' title='bbox 354 4148 469 4221; x_wconf 75' lang='grc' dir='ltr'><strong>ρῶς</strong></span> <span class='ocrx_word' id='word_1_573' title='bbox 512 4151 627 4213; x_wconf 82' lang='grc' dir='ltr'>τοῖς</span> <span class='ocrx_word' id='word_1_574' title='bbox 654 4150 906 4220; x_wconf 80' lang='grc' dir='ltr'>δαίμοσιν</span> <span class='ocrx_word' id='word_1_575' title='bbox 932 4148 1311 4212; x_wconf 79' lang='grc' dir='ltr'>ἁντεπάλαιεν,</span> <span class='ocrx_word' id='word_1_576' title='bbox 1333 4149 1675 4221; x_wconf 73' lang='grc' dir='ltr'>ὲφευρίσκων</span> <span class='ocrx_word' id='word_1_577' title='bbox 1699 4169 1758 4204; x_wconf 90' lang='grc' dir='ltr'><strong>τε</strong></span> <span class='ocrx_word' id='word_1_578' title='bbox 1780 4152 1969 4218; x_wconf 82' lang='grc' dir='ltr'>ἁπλῶς</span> 
     </span>
    </p>
   </div>
   <div class='ocr_carea' id='block_1_81' title="bbox 2632 3743 3111 3817">
    <p class='ocr_par' dir='ltr' id='par_1_81' title="bbox 2632 3743 3111 3817">
     <span class='ocr_line' id='line_1_81' title="bbox 2632 3743 3111 3817; baseline -0.004 -18"><span class='ocrx_word' id='word_1_579' title='bbox 2632 3745 2739 3817; x_wconf 67' lang='grc'>54</span> <span class='ocrx_word' id='word_1_580' title='bbox 2774 3744 2927 3799; x_wconf 70' lang='lat' dir='ltr'><strong>CAP.</strong></span> <span class='ocrx_word' id='word_1_581' title='bbox 2967 3743 3111 3798; x_wconf 75' lang='lat' dir='ltr'><strong>XXI.</strong></span> 
     </span>
    </p>
   </div>
   <div class='ocr_carea' id='block_1_82' title="bbox 2550 3854 3180 3910">
    <p class='ocr_par' dir='ltr' id='par_1_82' title="bbox 2550 3854 3180 3910">
     <span class='ocr_line' id='line_1_82' title="bbox 2550 3854 3180 3910; baseline -0.003 -1"><span class='ocrx_word' id='word_1_582' title='bbox 2550 3854 2627 3909; x_wconf 76' lang='lat' dir='ltr'><strong>De</strong></span> <span class='ocrx_word' id='word_1_583' title='bbox 2653 3856 2880 3910; x_wconf 78' lang='lat' dir='ltr'><strong>Antonio</strong></span> <span class='ocrx_word' id='word_1_584' title='bbox 2907 3856 3180 3908; x_wconf 69' lang='lat' dir='ltr'><strong>monac/io.</strong></span> 
     </span>
    </p>
   </div>
   <div class='ocr_carea' id='block_1_83' title="bbox 2118 3964 3662 4038">
    <p class='ocr_par' dir='ltr' id='par_1_83' title="bbox 2118 3964 3662 4038">
     <span class='ocr_line' id='line_1_83' title="bbox 2118 3964 3662 4038; baseline -0.006 -13"><span class='ocrx_word' id='word_1_585' title='bbox 2118 3971 2237 4026; x_wconf 85' lang='lat' dir='ltr'><strong>Jam</strong></span> <span class='ocrx_word' id='word_1_586' title='bbox 2262 3984 2395 4024; x_wconf 80' lang='lat' dir='ltr'><strong>vero</strong></span> <span class='ocrx_word' id='word_1_587' title='bbox 2427 3969 2604 4038; x_wconf 84' lang='lat' dir='ltr'><strong>qualis</strong></span> <span class='ocrx_word' id='word_1_588' title='bbox 2639 3969 2694 4022; x_wconf 91' lang='lat' dir='ltr'><strong>in</strong></span> <span class='ocrx_word' id='word_1_589' title='bbox 2723 3967 3021 4021; x_wconf 90' lang='lat' dir='ltr'><strong>solitudine</strong></span> <span class='ocrx_word' id='word_1_590' title='bbox 3044 3964 3260 4038; x_wconf 64' lang='lat' dir='ltr'><strong>Egypti</strong></span> <span class='ocrx_word' id='word_1_591' title='bbox 3305 3964 3497 4019; x_wconf 83' lang='lat' dir='ltr'><strong>iisdem</strong></span> <span class='ocrx_word' id='word_1_592' title='bbox 3526 3972 3662 4017; x_wconf 82' lang='lat' dir='ltr'><strong>lem-</strong></span> 
     </span>
    </p>
   </div>
   <div class='ocr_carea' id='block_1_84' title="bbox 2064 4055 3658 4131">
    <p class='ocr_par' dir='ltr' id='par_1_84' title="bbox 2064 4055 3658 4131">
     <span class='ocr_line' id='line_1_84' title="bbox 2064 4055 3658 4131; baseline -0.007 -14"><span class='ocrx_word' id='word_1_593' title='bbox 2064 4062 2297 4131; x_wconf 86' lang='lat' dir='ltr'><strong>poribus</strong></span> <span class='ocrx_word' id='word_1_594' title='bbox 2325 4060 2603 4116; x_wconf 84' lang='lat' dir='ltr'><strong>exstiterit</strong></span> <span class='ocrx_word' id='word_1_595' title='bbox 2635 4060 2909 4114; x_wconf 80' lang='lat' dir='ltr'><strong>Antonius</strong></span> <span class='ocrx_word' id='word_1_596' title='bbox 2935 4058 3240 4111; x_wconf 87' lang='lat' dir='ltr'><strong>monachus</strong></span> <span class='ocrx_word' id='word_1_597' title='bbox 3263 4055 3357 4124; x_wconf 85' lang='lat' dir='ltr'><strong>qui</strong></span> <span class='ocrx_word' id='word_1_598' title='bbox 3395 4071 3518 4108; x_wconf 87' lang='lat' dir='ltr'><strong>cum</strong></span> <span class='ocrx_word' id='word_1_599' title='bbox 3545 4055 3658 4107; x_wconf 72' lang='lat' dir='ltr'><strong>da:-</strong></span> 
     </span>
    </p>
   </div>
   <div class='ocr_carea' id='block_1_85' title="bbox 2067 4146 3659 4222">
    <p class='ocr_par' dir='ltr' id='par_1_85' title="bbox 2067 4146 3659 4222">
     <span class='ocr_line' id='line_1_85' title="bbox 2067 4146 3659 4222; baseline -0.004 -15"><span class='ocrx_word' id='word_1_600' title='bbox 2067 4152 2328 4208; x_wconf 87' lang='lat' dir='ltr'><strong>monibus</strong></span> <span class='ocrx_word' id='word_1_601' title='bbox 2371 4152 2549 4222; x_wconf 86' lang='lat' dir='ltr'><strong>palam</strong></span> <span class='ocrx_word' id='word_1_602' title='bbox 2586 4150 2891 4215; x_wconf 73' lang='lat' dir='ltr'><strong>dimicavit,</strong></span> <span class='ocrx_word' id='word_1_603' title='bbox 2930 4156 3083 4202; x_wconf 88' lang='lat' dir='ltr'><strong>astus</strong></span> <span class='ocrx_word' id='word_1_604' title='bbox 3104 4160 3297 4201; x_wconf 89' lang='lat' dir='ltr'><strong>eorum</strong></span> <span class='ocrx_word' id='word_1_605' title='bbox 3327 4153 3491 4215; x_wconf 89' lang='lat' dir='ltr'><strong>atque</strong></span> <span class='ocrx_word' id='word_1_606' title='bbox 3520 4146 3659 4200; x_wconf 87' lang='lat' dir='ltr'><strong>insi-</strong></span> 
     </span>
    </p>
   </div>
   <div class='ocr_carea' id='block_1_86' title="bbox 1586 4325 2453 4382">
    <p class='ocr_par' dir='ltr' id='par_1_86' title="bbox 1586 4325 2453 4382">
     <span class='ocr_line' id='line_1_86' title="bbox 1586 4325 2453 4382; baseline 0.001 -4"><span class='ocrx_word' id='word_1_607' title='bbox 1586 4325 1854 4381; x_wconf 74' lang='lat' dir='ltr'><strong>VAI.ESil</strong></span> <span class='ocrx_word' id='word_1_608' title='bbox 1897 4325 2453 4382; x_wconf 58' lang='lat' dir='ltr'><strong>ANNO&#39;I‘ATIONES.</strong></span> 
     </span>
    </p>
   </div>
   <div class='ocr_carea' id='block_1_87' title="bbox 443 4438 1962 4511">
    <p class='ocr_par' dir='ltr' id='par_1_87' title="bbox 443 4438 1962 4511">
     <span class='ocr_line' id='line_1_87' title="bbox 443 4438 1962 4511; baseline 0.001 -18"><span class='ocrx_word' id='word_1_609' title='bbox 443 4440 557 4511; x_wconf 90' lang='grc'><strong>(18)</strong></span> <span class='ocrx_word' id='word_1_610' title='bbox 605 4439 712 4511; x_wconf 75' lang='grc' dir='ltr'><strong>Καὶ</strong></span> <span class='ocrx_word' id='word_1_611' title='bbox 757 4441 786 4492; x_wconf 86' lang='grc' dir='ltr'><strong>ό</strong></span> <span class='ocrx_word' id='word_1_612' title='bbox 817 4438 1118 4511; x_wconf 62' lang='grc' dir='ltr'>,ϐασιλεὺς</span> <span class='ocrx_word' id='word_1_613' title='bbox 1167 4439 1408 4511; x_wconf 58' lang='grc' dir='ltr'>ἔμφρων</span> <span class='ocrx_word' id='word_1_614' title='bbox 1454 4457 1544 4505; x_wconf 82' lang='grc' dir='ltr'><strong>τις</strong></span> <span class='ocrx_word' id='word_1_615' title='bbox 1746 4441 1962 4496; x_wconf 83' lang='lat' dir='ltr'><strong>Mallem</strong></span> 
     </span>
    </p>
   </div>
   <div class='ocr_carea' id='block_1_88' title="bbox 367 4509 1964 4581">
    <p class='ocr_par' dir='ltr' id='par_1_88' title="bbox 367 4509 1964 4581">
     <span class='ocr_line' id='line_1_88' title="bbox 367 4509 1964 4581; baseline 0.002 -18"><span class='ocrx_word' id='word_1_616' title='bbox 367 4509 556 4581; x_wconf 75' lang='lat' dir='ltr'><strong>legere</strong></span> <span class='ocrx_word' id='word_1_617' title='bbox 604 4510 898 4581; x_wconf 71' lang='grc' dir='ltr'>ἕμφροντις</span> <span class='ocrx_word' id='word_1_618' title='bbox 929 4510 1025 4581; x_wconf 72' lang='grc' dir='ltr'><strong>ὢν.</strong></span> <span class='ocrx_word' id='word_1_619' title='bbox 1056 4510 1170 4564; x_wconf 86' lang='lat' dir='ltr'><strong>Nec</strong></span> <span class='ocrx_word' id='word_1_620' title='bbox 1206 4509 1401 4564; x_wconf 92' lang='lat' dir='ltr'><strong>dubito</strong></span> <span class='ocrx_word' id='word_1_621' title='bbox 1437 4511 1572 4581; x_wconf 84' lang='lat' dir='ltr'><strong>quin</strong></span> <span class='ocrx_word' id='word_1_622' title='bbox 1606 4510 1857 4565; x_wconf 87' lang='lat' dir='ltr'><strong>Socrates</strong></span> <span class='ocrx_word' id='word_1_623' title='bbox 1890 4513 1964 4566; x_wconf 84' lang='lat' dir='ltr'><strong>ita</strong></span> 
     </span>
    </p>
   </div>
   <div class='ocr_carea' id='block_1_89' title="bbox 369 4579 1963 4649">
    <p class='ocr_par' dir='ltr' id='par_1_89' title="bbox 369 4579 1963 4649">
     <span class='ocr_line' id='line_1_89' title="bbox 369 4579 1963 4649; baseline 0.001 -14"><span class='ocrx_word' id='word_1_624' title='bbox 369 4579 682 4649; x_wconf 75' lang='lat' dir='ltr'><strong>scripserit.</strong></span> <span class='ocrx_word' id='word_1_625' title='bbox 717 4579 880 4635; x_wconf 88' lang='lat' dir='ltr'><strong>Certe</strong></span> <span class='ocrx_word' id='word_1_626' title='bbox 913 4580 1165 4649; x_wconf 86' lang='lat' dir='ltr'><strong>Ruﬁnus,</strong></span> <span class='ocrx_word' id='word_1_627' title='bbox 1201 4595 1267 4634; x_wconf 82' lang='lat' dir='ltr'><strong>ex</strong></span> <span class='ocrx_word' id='word_1_628' title='bbox 1295 4596 1406 4649; x_wconf 88' lang='lat' dir='ltr'><strong>quo</strong></span> <span class='ocrx_word' id='word_1_629' title='bbox 1432 4580 1687 4635; x_wconf 87' lang='lat' dir='ltr'><strong>Socrates</strong></span> <span class='ocrx_word' id='word_1_630' title='bbox 1720 4582 1834 4637; x_wconf 71' lang='lat' dir='ltr'><strong>lucc</strong></span> <span class='ocrx_word' id='word_1_631' title='bbox 1865 4582 1963 4636; x_wconf 91' lang='lat' dir='ltr'><strong>dc-</strong></span> 
     </span>
    </p>
   </div>
   <div class='ocr_carea' id='block_1_90' title="bbox 2072 4437 3661 4503">
    <p class='ocr_par' dir='ltr' id='par_1_90' title="bbox 2072 4437 3661 4503">
     <span class='ocr_line' id='line_1_90' title="bbox 2072 4437 3661 4503; baseline -0.001 -8"><span class='ocrx_word' id='word_1_632' title='bbox 2072 4442 2184 4495; x_wconf 87' lang='grc' dir='ltr'>κοῦ</span> <span class='ocrx_word' id='word_1_633' title='bbox 2215 4442 2494 4503; x_wconf 79' lang='grc' dir='ltr'>κατέστη.</span> <span class='ocrx_word' id='word_1_634' title='bbox 2535 4439 2650 4495; x_wconf 84' lang='lat' dir='ltr'><strong>lIoc</strong></span> <span class='ocrx_word' id='word_1_635' title='bbox 2680 4440 2803 4494; x_wconf 90' lang='lat' dir='ltr'><strong>loco</strong></span> <span class='ocrx_word' id='word_1_636' title='bbox 2832 4437 3090 4493; x_wconf 84' lang='lat' dir='ltr'><strong>Socrates</strong></span> <span class='ocrx_word' id='word_1_637' title='bbox 3119 4454 3228 4493; x_wconf 92' lang='lat' dir='ltr'><strong>non</strong></span> <span class='ocrx_word' id='word_1_638' title='bbox 3264 4447 3550 4493; x_wconf 90' lang='lat' dir='ltr'><strong>assecutus</strong></span> <span class='ocrx_word' id='word_1_639' title='bbox 3575 4448 3661 4494; x_wconf 78' lang='lat' dir='ltr'><strong>est</strong></span> 
     </span>
    </p>
   </div>
   <div class='ocr_carea' id='block_1_91' title="bbox 2072 4509 3659 4567">
    <p class='ocr_par' dir='ltr' id='par_1_91' title="bbox 2072 4509 3659 4567">
     <span class='ocr_line' id='line_1_91' title="bbox 2072 4509 3659 4567; baseline -0.001 -2"><span class='ocrx_word' id='word_1_640' title='bbox 2072 4528 2294 4567; x_wconf 85' lang='lat' dir='ltr'><strong>sensum</strong></span> <span class='ocrx_word' id='word_1_641' title='bbox 2351 4511 2556 4565; x_wconf 88' lang='lat' dir='ltr'><strong>Ruﬁni.</strong></span> <span class='ocrx_word' id='word_1_642' title='bbox 2593 4510 2727 4565; x_wconf 85' lang='lat' dir='ltr'><strong>Nam</strong></span> <span class='ocrx_word' id='word_1_643' title='bbox 2770 4509 3003 4564; x_wconf 87' lang='lat' dir='ltr'><strong>Ruﬁnus</strong></span> <span class='ocrx_word' id='word_1_644' title='bbox 3041 4509 3330 4564; x_wconf 88' lang='lat' dir='ltr'><strong>Bacurium</strong></span> <span class='ocrx_word' id='word_1_645' title='bbox 3384 4509 3659 4563; x_wconf 66' lang='lat' dir='ltr'><strong>Palmstini</strong></span> 
     </span>
    </p>
   </div>
   <div class='ocr_carea' id='block_1_92' title="bbox 2072 4580 3659 4643">
    <p class='ocr_par' dir='ltr' id='par_1_92' title="bbox 2072 4580 3659 4643">
     <span class='ocr_line' id='line_1_92' title="bbox 2072 4580 3659 4643; baseline -0.004 -5"><span class='ocrx_word' id='word_1_646' title='bbox 2072 4582 2264 4638; x_wconf 85' lang='lat' dir='ltr'><strong>limitis</strong></span> <span class='ocrx_word' id='word_1_647' title='bbox 2295 4582 2491 4635; x_wconf 88' lang='lat' dir='ltr'><strong>ducem</strong></span> <span class='ocrx_word' id='word_1_648' title='bbox 2527 4580 2695 4636; x_wconf 89' lang='lat' dir='ltr'><strong>fuisse</strong></span> <span class='ocrx_word' id='word_1_649' title='bbox 2725 4580 2939 4643; x_wconf 88' lang='lat' dir='ltr'><strong>scribit,</strong></span> <span class='ocrx_word' id='word_1_650' title='bbox 2985 4589 3119 4635; x_wconf 91' lang='lat' dir='ltr'><strong>tunc</strong></span> <span class='ocrx_word' id='word_1_651' title='bbox 3148 4595 3271 4634; x_wconf 92' lang='lat' dir='ltr'><strong>cum</strong></span> <span class='ocrx_word' id='word_1_652' title='bbox 3304 4580 3406 4633; x_wconf 91' lang='lat' dir='ltr'><strong>ista</strong></span> <span class='ocrx_word' id='word_1_653' title='bbox 3440 4580 3491 4633; x_wconf 90' lang='lat' dir='ltr'><strong>ei</strong></span> <span class='ocrx_word' id='word_1_654' title='bbox 3528 4595 3659 4632; x_wconf 89' lang='lat' dir='ltr'><strong>nar-</strong></span> 
     </span>
    </p>
   </div>
   <div class='ocr_carea' id='block_1_93' title="bbox 372 4648 3656 4722">
    <p class='ocr_par' dir='ltr' id='par_1_93' title="bbox 372 4648 3656 4722">
     <span class='ocr_line' id='line_1_93' title="bbox 372 4648 3656 4722; baseline -0 -18"><span class='ocrx_word' id='word_1_655' title='bbox 372 4648 634 4719; x_wconf 26' lang='lat' dir='ltr'><strong>sum’psit,</strong></span> <span class='ocrx_word' id='word_1_656' title='bbox 668 4650 749 4705; x_wconf 86' lang='lat' dir='ltr'><strong>sic</strong></span> <span class='ocrx_word' id='word_1_657' title='bbox 786 4651 955 4722; x_wconf 88' lang='lat' dir='ltr'><strong>habet</strong></span> <span class='ocrx_word' id='word_1_658' title='bbox 986 4668 999 4703; x_wconf 93' lang='lat'>:</span> <span class='ocrx_word' id='word_1_659' title='bbox 1038 4648 1172 4722; x_wconf 69' lang='lat' dir='ltr'><strong>Cum</strong></span> <span class='ocrx_word' id='word_1_660' title='bbox 1221 4648 1335 4703; x_wconf 73' lang='lat' dir='ltr'><strong>ecce</strong></span> <span class='ocrx_word' id='word_1_661' title='bbox 1369 4652 1663 4705; x_wconf 84' lang='lat' dir='ltr'><strong>matutinus</strong></span> <span class='ocrx_word' id='word_1_662' title='bbox 1695 4661 1741 4703; x_wconf 85' lang='lat' dir='ltr'><strong>et</strong></span> <span class='ocrx_word' id='word_1_663' title='bbox 1777 4653 1969 4706; x_wconf 76' lang='lat' dir='ltr'><strong>anxius</strong></span> <span class='ocrx_word' id='word_1_664' title='bbox 2003 4659 2048 4716; x_wconf 82' lang='grc' dir='ltr'>υ</span> <span class='ocrx_word' id='word_1_665' title='bbox 2075 4661 2242 4705; x_wconf 85' lang='lat' dir='ltr'><strong>raret.</strong></span> <span class='ocrx_word' id='word_1_666' title='bbox 2269 4652 2524 4706; x_wconf 87' lang='lat' dir='ltr'><strong>Socrates</strong></span> <span class='ocrx_word' id='word_1_667' title='bbox 2555 4667 2687 4705; x_wconf 74' lang='lat' dir='ltr'><strong>vero</strong></span> <span class='ocrx_word' id='word_1_668' title='bbox 2714 4651 2912 4722; x_wconf 78' lang='lat' dir='ltr'><strong>legisse</strong></span> <span class='ocrx_word' id='word_1_669' title='bbox 2944 4650 3169 4705; x_wconf 84' lang='lat' dir='ltr'><strong>videtur</strong></span> <span class='ocrx_word' id='word_1_670' title='bbox 3196 4651 3254 4704; x_wconf 90' lang='lat' dir='ltr'><strong>in</strong></span> <span class='ocrx_word' id='word_1_671' title='bbox 3285 4650 3507 4714; x_wconf 89' lang='lat' dir='ltr'><strong>Ruﬁno,</strong></span> <span class='ocrx_word' id='word_1_672' title='bbox 3542 4648 3656 4703; x_wconf 85' lang='lat' dir='ltr'><strong>Pa-</strong></span> 
     </span>
    </p>
   </div>
   <div class='ocr_carea' id='block_1_94' title="bbox 372 4720 1523 4790">
    <p class='ocr_par' dir='ltr' id='par_1_94' title="bbox 372 4720 1523 4790">
     <span class='ocr_line' id='line_1_94' title="bbox 372 4720 1523 4790; baseline 0.003 -18"><span class='ocrx_word' id='word_1_673' title='bbox 372 4737 491 4774; x_wconf 71' lang='lat' dir='ltr'><strong>rum</strong></span> <span class='ocrx_word' id='word_1_674' title='bbox 526 4723 636 4774; x_wconf 77' lang='lat' dir='ltr'><strong>suis</strong></span> <span class='ocrx_word' id='word_1_675' title='bbox 663 4722 902 4774; x_wconf 78' lang='lat' dir='ltr'><strong>omnibus</strong></span> <span class='ocrx_word' id='word_1_676' title='bbox 939 4720 1241 4790; x_wconf 77' lang='lat' dir='ltr'><strong>ingrediens</strong></span> <span class='ocrx_word' id='word_1_677' title='bbox 1272 4735 1384 4783; x_wconf 73' lang='lat' dir='ltr'><strong>rex,</strong></span> <span class='ocrx_word' id='word_1_678' title='bbox 1414 4730 1523 4775; x_wconf 89' lang='lat' dir='ltr'><strong>etc.</strong></span> 
     </span>
    </p>
   </div>
   <div class='ocr_carea' id='block_1_95' title="bbox 446 4789 1968 4860">
    <p class='ocr_par' dir='ltr' id='par_1_95' title="bbox 446 4789 1968 4860">
     <span class='ocr_line' id='line_1_95' title="bbox 446 4789 1968 4860; baseline 0.001 -18"><span class='ocrx_word' id='word_1_679' title='bbox 446 4791 560 4860; x_wconf 82' lang='grc'><strong>(19)</strong></span> <span class='ocrx_word' id='word_1_680' title='bbox 628 4789 1010 4858; x_wconf 54' lang='grc' dir='ltr'>Βακοιιοίουξ</span> <span class='ocrx_word' id='word_1_681' title='bbox 1046 4789 1229 4844; x_wconf 84' lang='lat' dir='ltr'><strong>Nostri</strong></span> <span class='ocrx_word' id='word_1_682' title='bbox 1290 4790 1513 4845; x_wconf 88' lang='lat' dir='ltr'><strong>codices</strong></span> <span class='ocrx_word' id='word_1_683' title='bbox 1582 4789 1968 4852; x_wconf 84' lang='lat' dir='ltr'><strong>Florentinns,</strong></span> 
     </span>
    </p>
   </div>
   <div class='ocr_carea' id='block_1_96' title="bbox 374 4859 1964 4930">
    <p class='ocr_par' dir='ltr' id='par_1_96' title="bbox 374 4859 1964 4930">
     <span class='ocr_line' id='line_1_96' title="bbox 374 4859 1964 4930; baseline 0.001 -17"><span class='ocrx_word' id='word_1_684' title='bbox 374 4859 689 4915; x_wconf 85' lang='lat' dir='ltr'><strong>Sfortianus</strong></span> <span class='ocrx_word' id='word_1_685' title='bbox 717 4867 774 4914; x_wconf 89' lang='lat' dir='ltr'><strong>et</strong></span> <span class='ocrx_word' id='word_1_686' title='bbox 825 4860 1030 4924; x_wconf 79' lang='lat' dir='ltr'><strong>Allatii,</strong></span> <span class='ocrx_word' id='word_1_687' title='bbox 1062 4859 1328 4928; x_wconf 88' lang='lat' dir='ltr'><strong>scriptum</strong></span> <span class='ocrx_word' id='word_1_688' title='bbox 1363 4861 1569 4915; x_wconf 86' lang='lat' dir='ltr'><strong>habent</strong></span> <span class='ocrx_word' id='word_1_689' title='bbox 1607 4862 1964 4930; x_wconf 81' lang='grc' dir='ltr'>βακκουρίου.</span> 
     </span>
    </p>
   </div>
   <div class='ocr_carea' id='block_1_97' title="bbox 372 4929 1971 5001">
    <p class='ocr_par' dir='ltr' id='par_1_97' title="bbox 372 4929 1971 5001">
     <span class='ocr_line' id='line_1_97' title="bbox 372 4929 1971 5001; baseline 0.002 -20"><span class='ocrx_word' id='word_1_690' title='bbox 372 4930 478 4983; x_wconf 81' lang='lat' dir='ltr'><strong>Sed</strong></span> <span class='ocrx_word' id='word_1_691' title='bbox 517 4931 726 4985; x_wconf 88' lang='lat' dir='ltr'><strong>rectius</strong></span> <span class='ocrx_word' id='word_1_692' title='bbox 771 4930 1037 4985; x_wconf 87' lang='lat' dir='ltr'><strong>Bacurius</strong></span> <span class='ocrx_word' id='word_1_693' title='bbox 1090 4929 1354 4984; x_wconf 86' lang='lat' dir='ltr'><strong>scribitur</strong></span> <span class='ocrx_word' id='word_1_694' title='bbox 1404 4932 1546 5001; x_wconf 89' lang='lat' dir='ltr'><strong>apud</strong></span> <span class='ocrx_word' id='word_1_695' title='bbox 1598 4929 1856 4985; x_wconf 86' lang='lat' dir='ltr'><strong>Ruﬁnum</strong></span> <span class='ocrx_word' id='word_1_696' title='bbox 1913 4939 1971 4985; x_wconf 91' lang='lat' dir='ltr'><strong>et</strong></span> 
     </span>
    </p>
   </div>
   <div class='ocr_carea' id='block_1_98' title="bbox 374 5000 1967 5070">
    <p class='ocr_par' dir='ltr' id='par_1_98' title="bbox 374 5000 1967 5070">
     <span class='ocr_line' id='line_1_98' title="bbox 374 5000 1967 5070; baseline 0.001 -17"><span class='ocrx_word' id='word_1_697' title='bbox 374 5001 531 5054; x_wconf 86' lang='lat' dir='ltr'><strong>alios.</strong></span> <span class='ocrx_word' id='word_1_698' title='bbox 568 5000 705 5055; x_wconf 75' lang='lat' dir='ltr'><strong>Vide</strong></span> <span class='ocrx_word' id='word_1_699' title='bbox 747 5017 871 5070; x_wconf 75' lang='lat' dir='ltr'><strong>qua:</strong></span> <span class='ocrx_word' id='word_1_700' title='bbox 902 5000 971 5055; x_wconf 89' lang='lat' dir='ltr'><strong>de</strong></span> <span class='ocrx_word' id='word_1_701' title='bbox 1025 5001 1131 5055; x_wconf 91' lang='lat' dir='ltr'><strong>hoc</strong></span> <span class='ocrx_word' id='word_1_702' title='bbox 1180 5000 1412 5056; x_wconf 85' lang='lat' dir='ltr'><strong>Bacurio</strong></span> <span class='ocrx_word' id='word_1_703' title='bbox 1444 5000 1639 5055; x_wconf 79' lang='lat' dir='ltr'><strong>notavi</strong></span> <span class='ocrx_word' id='word_1_704' title='bbox 1666 5002 1731 5056; x_wconf 90' lang='lat' dir='ltr'><strong>ad</strong></span> <span class='ocrx_word' id='word_1_705' title='bbox 1763 5002 1967 5055; x_wconf 88' lang='lat' dir='ltr'><strong>librum</strong></span> 
     </span>
    </p>
   </div>
   <div class='ocr_carea' id='block_1_99' title="bbox 376 5071 1189 5126">
    <p class='ocr_par' dir='ltr' id='par_1_99' title="bbox 376 5071 1189 5126">
     <span class='ocr_line' id='line_1_99' title="bbox 376 5071 1189 5126; baseline 0.002 -4"><span class='ocrx_word' id='word_1_706' title='bbox 376 5086 497 5123; x_wconf 71' lang='lat' dir='ltr'><strong>sm</strong></span> <span class='ocrx_word' id='word_1_707' title='bbox 557 5071 830 5126; x_wconf 80' lang='lat' dir='ltr'><strong>Ammiani</strong></span> <span class='ocrx_word' id='word_1_708' title='bbox 865 5071 1189 5125; x_wconf 81' lang='lat' dir='ltr'><strong>Marcellini.</strong></span> 
     </span>
    </p>
   </div>
   <div class='ocr_carea' id='block_1_100' title="bbox 448 5141 1965 5211">
    <p class='ocr_par' dir='ltr' id='par_1_100' title="bbox 448 5141 1965 5211">
     <span class='ocr_line' id='line_1_100' title="bbox 448 5141 1965 5211; baseline 0.001 -18"><span class='ocrx_word' id='word_1_709' title='bbox 448 5142 560 5211; x_wconf 73' lang='grc' dir='ltr'><strong>(ΞΟ)</strong></span> <span class='ocrx_word' id='word_1_710' title='bbox 601 5142 927 5210; x_wconf 78' lang='grc' dir='ltr'><strong>Ταξιάρχος</strong></span> <span class='ocrx_word' id='word_1_711' title='bbox 956 5141 1058 5196; x_wconf 84' lang='grc' dir='ltr'><strong>τοῦ</strong></span> <span class='ocrx_word' id='word_1_712' title='bbox 1106 5142 1177 5194; x_wconf 77' lang='grc' dir='ltr'><strong>ἐν</strong></span> <span class='ocrx_word' id='word_1_713' title='bbox 1213 5143 1585 5210; x_wconf 75' lang='grc' dir='ltr'><strong>Παλαιστίνῃ</strong></span> <span class='ocrx_word' id='word_1_714' title='bbox 1620 5157 1965 5211; x_wconf 81' lang='grc' dir='ltr'>στρατιωτι-</span> 
     </span>
    </p>
   </div>
   <div class='ocr_carea' id='block_1_101' title="bbox 2075 4722 2735 4777">
    <p class='ocr_par' dir='ltr' id='par_1_101' title="bbox 2075 4722 2735 4777">
     <span class='ocr_line' id='line_1_101' title="bbox 2075 4722 2735 4777; baseline -0.002 -1"><span class='ocrx_word' id='word_1_715' title='bbox 2075 4723 2271 4777; x_wconf 77' lang='lat' dir='ltr'><strong>sttini</strong></span> <span class='ocrx_word' id='word_1_716' title='bbox 2308 4722 2491 4776; x_wconf 81' lang='lat' dir='ltr'><strong>militis</strong></span> <span class='ocrx_word' id='word_1_717' title='bbox 2531 4722 2735 4776; x_wconf 85' lang='lat' dir='ltr'><strong>ducem.</strong></span> 
     </span>
    </p>
   </div>
   <div class='ocr_carea' id='block_1_102' title="bbox 2142 4788 3659 4865">
    <p class='ocr_par' dir='ltr' id='par_1_102' title="bbox 2142 4788 3659 4865">
     <span class='ocr_line' id='line_1_102' title="bbox 2142 4788 3659 4865; baseline -0.002 -19"><span class='ocrx_word' id='word_1_718' title='bbox 2142 4791 2425 4865; x_wconf 0' lang='grc' dir='ltr'><strong>(21))ΤδινΔ</strong></span> <span class='ocrx_word' id='word_1_719' title='bbox 2468 4794 2619 4865; x_wconf 73' lang='grc' dir='ltr'>κατὰ</span> <span class='ocrx_word' id='word_1_720' title='bbox 2674 4792 2948 4865; x_wconf 57' lang='grc' dir='ltr'>Μαξίμου</span> <span class='ocrx_word' id='word_1_721' title='bbox 2994 4792 3101 4846; x_wconf 76' lang='grc' dir='ltr'><strong>τοῦ</strong></span> <span class='ocrx_word' id='word_1_722' title='bbox 3140 4790 3440 4865; x_wconf 57' lang='grc' dir='ltr'><strong>τμράννου</strong></span> <span class='ocrx_word' id='word_1_723' title='bbox 3475 4788 3659 4865; x_wconf 65' lang='grc' dir='ltr'>πόλε-</span> 
     </span>
    </p>
   </div>
   <div class='ocr_carea' id='block_1_103' title="bbox 2061 4861 3658 4932">
    <p class='ocr_par' dir='ltr' id='par_1_103' title="bbox 2061 4861 3658 4932">
     <span class='ocr_line' id='line_1_103' title="bbox 2061 4861 3658 4932; baseline 0.001 -17"><span class='ocrx_word' id='word_1_724' title='bbox 2061 4861 2199 4931; x_wconf 59' lang='grc' dir='ltr'>μον.</span> <span class='ocrx_word' id='word_1_725' title='bbox 2236 4864 2334 4918; x_wconf 87' lang='lat' dir='ltr'><strong>Hic</strong></span> <span class='ocrx_word' id='word_1_726' title='bbox 2357 4863 2522 4917; x_wconf 85' lang='lat' dir='ltr'><strong>etiam</strong></span> <span class='ocrx_word' id='word_1_727' title='bbox 2557 4862 2743 4932; x_wconf 87' lang='lat' dir='ltr'><strong>lapsus</strong></span> <span class='ocrx_word' id='word_1_728' title='bbox 2766 4872 2850 4917; x_wconf 87' lang='lat' dir='ltr'><strong>est</strong></span> <span class='ocrx_word' id='word_1_729' title='bbox 2874 4862 3148 4917; x_wconf 87' lang='lat' dir='ltr'><strong>Socrates.</strong></span> <span class='ocrx_word' id='word_1_730' title='bbox 3181 4862 3369 4930; x_wconf 88' lang='lat' dir='ltr'><strong>Neque</strong></span> <span class='ocrx_word' id='word_1_731' title='bbox 3416 4861 3577 4932; x_wconf 16' lang='lat' dir='ltr'><strong>cnimﬁ</strong></span> <span class='ocrx_word' id='word_1_732' title='bbox 3602 4862 3658 4916; x_wconf 91' lang='lat' dir='ltr'><strong>in</strong></span> 
     </span>
    </p>
   </div>
   <div class='ocr_carea' id='block_1_104' title="bbox 2069 4931 3662 5002">
    <p class='ocr_par' dir='ltr' id='par_1_104' title="bbox 2069 4931 3662 5002">
     <span class='ocr_line' id='line_1_104' title="bbox 2069 4931 3662 5002; baseline -0.001 -15"><span class='ocrx_word' id='word_1_733' title='bbox 2069 4933 2213 4988; x_wconf 90' lang='lat' dir='ltr'><strong>bello</strong></span> <span class='ocrx_word' id='word_1_734' title='bbox 2247 4942 2439 4989; x_wconf 86' lang='lat' dir='ltr'><strong>contra</strong></span> <span class='ocrx_word' id='word_1_735' title='bbox 2464 4933 2756 4987; x_wconf 82' lang='lat' dir='ltr'><strong>Maximum</strong></span> <span class='ocrx_word' id='word_1_736' title='bbox 2792 4949 2895 5002; x_wconf 92' lang='lat' dir='ltr'><strong>pro</strong></span> <span class='ocrx_word' id='word_1_737' title='bbox 2928 4932 3238 4986; x_wconf 87' lang='lat' dir='ltr'><strong>Theodosio</strong></span> <span class='ocrx_word' id='word_1_738' title='bbox 3262 4932 3525 5002; x_wconf 81' lang='lat' dir='ltr'><strong>pugnavit</strong></span> <span class='ocrx_word' id='word_1_739' title='bbox 3558 4931 3662 4986; x_wconf 85' lang='lat' dir='ltr'><strong>Ba-</strong></span> 
     </span>
    </p>
   </div>
   <div class='ocr_carea' id='block_1_105' title="bbox 2067 5002 3659 5071">
    <p class='ocr_par' dir='ltr' id='par_1_105' title="bbox 2067 5002 3659 5071">
     <span class='ocr_line' id='line_1_105' title="bbox 2067 5002 3659 5071; baseline -0.002 -13"><span class='ocrx_word' id='word_1_740' title='bbox 2067 5005 2277 5067; x_wconf 86' lang='lat' dir='ltr'><strong>curius,</strong></span> <span class='ocrx_word' id='word_1_741' title='bbox 2314 5004 2407 5057; x_wconf 82' lang='lat' dir='ltr'><strong>sed</strong></span> <span class='ocrx_word' id='word_1_742' title='bbox 2444 5003 2498 5056; x_wconf 90' lang='lat' dir='ltr'><strong>in</strong></span> <span class='ocrx_word' id='word_1_743' title='bbox 2546 5003 2690 5057; x_wconf 90' lang='lat' dir='ltr'><strong>bello</strong></span> <span class='ocrx_word' id='word_1_744' title='bbox 2720 5013 2911 5057; x_wconf 87' lang='lat' dir='ltr'><strong>contra</strong></span> <span class='ocrx_word' id='word_1_745' title='bbox 2955 5002 3282 5071; x_wconf 77' lang='lat' dir='ltr'><strong>Eugenium,</strong></span> <span class='ocrx_word' id='word_1_746' title='bbox 3320 5009 3379 5056; x_wconf 89' lang='lat' dir='ltr'><strong>ut</strong></span> <span class='ocrx_word' id='word_1_747' title='bbox 3421 5010 3659 5057; x_wconf 83' lang='lat' dir='ltr'><strong>testatur</strong></span> 
     </span>
    </p>
   </div>
   <div class='ocr_carea' id='block_1_106' title="bbox 2074 5071 3584 5143">
    <p class='ocr_par' dir='ltr' id='par_1_106' title="bbox 2074 5071 3584 5143">
     <span class='ocr_line' id='line_1_106' title="bbox 2074 5071 3584 5143; baseline -0.003 -14"><span class='ocrx_word' id='word_1_748' title='bbox 2074 5075 2306 5130; x_wconf 84' lang='lat' dir='ltr'><strong>Ruﬁnus</strong></span> <span class='ocrx_word' id='word_1_749' title='bbox 2332 5075 2385 5128; x_wconf 86' lang='lat' dir='ltr'><strong>in</strong></span> <span class='ocrx_word' id='word_1_750' title='bbox 2411 5074 2507 5127; x_wconf 90' lang='lat' dir='ltr'><strong>lib.</strong></span> <span class='ocrx_word' id='word_1_751' title='bbox 2545 5089 2618 5137; x_wconf 69' lang='lat' dir='ltr'><strong>XI,</strong></span> <span class='ocrx_word' id='word_1_752' title='bbox 2650 5088 2770 5143; x_wconf 88' lang='lat' dir='ltr'><strong>cap.</strong></span> <span class='ocrx_word' id='word_1_753' title='bbox 2801 5074 2889 5137; x_wconf 76' lang='lat'><strong>53,</strong></span> <span class='ocrx_word' id='word_1_754' title='bbox 2918 5082 2974 5127; x_wconf 91' lang='lat' dir='ltr'><strong>ct</strong></span> <span class='ocrx_word' id='word_1_755' title='bbox 3003 5074 3253 5129; x_wconf 86' lang='lat' dir='ltr'><strong>Zosimus</strong></span> <span class='ocrx_word' id='word_1_756' title='bbox 3287 5071 3343 5126; x_wconf 90' lang='lat' dir='ltr'><strong>in</strong></span> <span class='ocrx_word' id='word_1_757' title='bbox 3377 5071 3475 5127; x_wconf 91' lang='lat' dir='ltr'><strong>lib.</strong></span> <span class='ocrx_word' id='word_1_758' title='bbox 3512 5088 3584 5127; x_wconf 75' lang='grc' dir='ltr'>ιν.</span> 
     </span>
    </p>
   </div>
   <div class='ocr_carea' id='block_1_107' title="bbox 1830 5295 2213 5351">
    <p class='ocr_par' dir='ltr' id='par_1_107' title="bbox 1830 5295 2213 5351">
     <span class='ocr_line' id='line_1_107' title="bbox 1830 5295 2213 5351; baseline -0.003 -2"><span class='ocrx_word' id='word_1_759' title='bbox 1830 5295 2213 5351; x_wconf 71' lang='lat' dir='ltr'><strong>VARIORUM.</strong></span> 
     </span>
    </p>
   </div>
   <div class='ocr_carea' id='block_1_108' title="bbox 445 5408 1957 5480">
    <p class='ocr_par' dir='ltr' id='par_1_108' title="bbox 445 5408 1957 5480">
     <span class='ocr_line' id='line_1_108' title="bbox 445 5408 1957 5480; baseline -0.004 -12"><span class='ocrx_word' id='word_1_760' title='bbox 445 5428 467 5453; x_wconf 74' lang='grc' dir='ltr'>π</span> <span class='ocrx_word' id='word_1_761' title='bbox 515 5413 874 5480; x_wconf 75' lang='grc' dir='ltr'>Βακουριόυ.</span> <span class='ocrx_word' id='word_1_762' title='bbox 928 5410 1084 5465; x_wconf 81' lang='lat' dir='ltr'><strong>llunc</strong></span> <span class='ocrx_word' id='word_1_763' title='bbox 1136 5409 1433 5480; x_wconf 88' lang='lat' dir='ltr'><strong>oriundum</strong></span> <span class='ocrx_word' id='word_1_764' title='bbox 1472 5408 1548 5463; x_wconf 82' lang='lat' dir='ltr'><strong>ait</strong></span> <span class='ocrx_word' id='word_1_765' title='bbox 1592 5408 1843 5480; x_wconf 72' lang='lat' dir='ltr'><strong>Zosimus</strong></span> <span class='ocrx_word' id='word_1_766' title='bbox 1889 5425 1957 5464; x_wconf 78' lang='lat' dir='ltr'><strong>ex</strong></span> 
     </span>
    </p>
   </div>
   <div class='ocr_carea' id='block_1_109' title="bbox 379 5478 1963 5554">
    <p class='ocr_par' dir='ltr' id='par_1_109' title="bbox 379 5478 1963 5554">
     <span class='ocr_line' id='line_1_109' title="bbox 379 5478 1963 5554; baseline -0.002 -18"><span class='ocrx_word' id='word_1_767' title='bbox 379 5483 652 5549; x_wconf 76' lang='lat' dir='ltr'><strong>Armenia,</strong></span> <span class='ocrx_word' id='word_1_768' title='bbox 684 5478 808 5554; x_wconf 75' lang='lat' dir='ltr'><strong>qua:</strong></span> <span class='ocrx_word' id='word_1_769' title='bbox 838 5481 1030 5536; x_wconf 69' lang='lat' dir='ltr'><strong>Iberia:</strong></span> <span class='ocrx_word' id='word_1_770' title='bbox 1054 5479 1455 5554; x_wconf 73' lang='lat' dir='ltr'><strong>Continis_l‘uit;</strong></span> <span class='ocrx_word' id='word_1_771' title='bbox 1496 5488 1551 5534; x_wconf 93' lang='lat' dir='ltr'><strong>et</strong></span> <span class='ocrx_word' id='word_1_772' title='bbox 1577 5478 1757 5554; x_wconf 75' lang='lat' dir='ltr'><strong>virum</strong></span> <span class='ocrx_word' id='word_1_773' title='bbox 1782 5481 1963 5534; x_wconf 88' lang='lat' dir='ltr'><strong>omnis</strong></span> 
     </span>
    </p>
   </div>
   <div class='ocr_carea' id='block_1_110' title="bbox 1820 5565 1963 5618">
    <p class='ocr_par' dir='ltr' id='par_1_110' title="bbox 1820 5565 1963 5618">
     <span class='ocr_line' id='line_1_110' title="bbox 1820 5565 1963 5618; baseline 0.007 -16"><span class='ocrx_word' id='word_1_774' title='bbox 1820 5565 1963 5618; x_wconf 73' lang='lat' dir='ltr'><strong>prm-</strong></span> 
     </span>
    </p>
   </div>
   <div class='ocr_carea' id='block_1_111' title="bbox 380 5619 1962 5687">
    <p class='ocr_par' dir='ltr' id='par_1_111' title="bbox 380 5619 1962 5687">
     <span class='ocr_line' id='line_1_111' title="bbox 380 5619 1962 5687; baseline -0.001 -11"><span class='ocrx_word' id='word_1_775' title='bbox 380 5632 625 5680; x_wconf 74' lang='lat' dir='ltr'><strong>staatcm.</strong></span> <span class='ocrx_word' id='word_1_776' title='bbox 674 5624 786 5680; x_wconf 82' lang='lat' dir='ltr'><strong>Sed</strong></span> <span class='ocrx_word' id='word_1_777' title='bbox 822 5619 1056 5677; x_wconf 78' lang='lat' dir='ltr'><strong>Ruﬁnus</strong></span> <span class='ocrx_word' id='word_1_778' title='bbox 1106 5622 1159 5673; x_wconf 79' lang='lat' dir='ltr'><strong>in</strong></span> <span class='ocrx_word' id='word_1_779' title='bbox 1215 5620 1309 5673; x_wconf 86' lang='lat' dir='ltr'><strong>lib.</strong></span> <span class='ocrx_word' id='word_1_780' title='bbox 1346 5635 1361 5673; x_wconf 88' lang='grc' dir='ltr'>ι</span> <span class='ocrx_word' id='word_1_781' title='bbox 1394 5619 1556 5684; x_wconf 88' lang='lat' dir='ltr'><strong>llist.,</strong></span> <span class='ocrx_word' id='word_1_782' title='bbox 1587 5633 1703 5687; x_wconf 81' lang='lat' dir='ltr'><strong>cap.</strong></span> <span class='ocrx_word' id='word_1_783' title='bbox 1741 5620 1826 5683; x_wconf 84' lang='lat' dir='ltr'><strong>l0,</strong></span> <span class='ocrx_word' id='word_1_784' title='bbox 1860 5620 1962 5674; x_wconf 84' lang='lat' dir='ltr'><strong>Ba-</strong></span> 
     </span>
    </p>
   </div>
   <div class='ocr_carea' id='block_1_112' title="bbox 379 5548 1793 5620">
    <p class='ocr_par' dir='ltr' id='par_1_112' title="bbox 379 5548 1793 5620">
     <span class='ocr_line' id='line_1_112' title="bbox 379 5548 1793 5620; baseline -0.003 -15"><span class='ocrx_word' id='word_1_785' title='bbox 379 5555 590 5609; x_wconf 70' lang='lat' dir='ltr'><strong>maiitizc</strong></span> <span class='ocrx_word' id='word_1_786' title='bbox 630 5548 840 5609; x_wconf 57' lang='lat' dir='ltr'><strong>ac&#39;doli</strong></span> <span class='ocrx_word' id='word_1_787' title='bbox 870 5560 1175 5620; x_wconf 75' lang='lat' dir='ltr'><strong>expertem,</strong></span> <span class='ocrx_word' id='word_1_788' title='bbox 1201 5550 1393 5603; x_wconf 83' lang='lat' dir='ltr'><strong>bellica</strong></span> <span class='ocrx_word' id='word_1_789' title='bbox 1417 5558 1599 5620; x_wconf 84' lang='lat' dir='ltr'><strong>autem</strong></span> <span class='ocrx_word' id='word_1_790' title='bbox 1635 5548 1793 5602; x_wconf 88' lang='lat' dir='ltr'><strong>laude</strong></span> 
     </span>
    </p>
   </div>
   <div class='ocr_carea' id='block_1_113' title="bbox 2065 5400 3654 5482">
    <p class='ocr_par' dir='ltr' id='par_1_113' title="bbox 2065 5400 3654 5482">
     <span class='ocr_line' id='line_1_113' title="bbox 2065 5400 3654 5482; baseline -0.006 -19"><span class='ocrx_word' id='word_1_791' title='bbox 2065 5409 2280 5463; x_wconf 91' lang='lat' dir='ltr'><strong>curium</strong></span> <span class='ocrx_word' id='word_1_792' title='bbox 2310 5406 2561 5482; x_wconf 83' lang='lat' dir='ltr'><strong>regulum</strong></span> <span class='ocrx_word' id='word_1_793' title='bbox 2590 5406 2874 5462; x_wconf 85' lang='lat' dir='ltr'><strong>lberorum</strong></span> <span class='ocrx_word' id='word_1_794' title='bbox 2901 5407 2979 5462; x_wconf 91' lang='lat' dir='ltr'><strong>ait</strong></span> <span class='ocrx_word' id='word_1_795' title='bbox 3000 5406 3168 5482; x_wconf 76' lang='lat' dir='ltr'><strong>fuisse</strong></span> <span class='ocrx_word' id='word_1_796' title='bbox 3188 5407 3366 5482; x_wconf 76' lang='lat' dir='ltr'><strong>virum</strong></span> <span class='ocrx_word' id='word_1_797' title='bbox 3399 5400 3654 5482; x_wconf 73' lang='lat' dir='ltr'><strong>ﬁdelissi-</strong></span> 
     </span>
    </p>
   </div>
   <div class='ocr_carea' id='block_1_114' title="bbox 2071 5478 3652 5545">
    <p class='ocr_par' dir='ltr' id='par_1_114' title="bbox 2071 5478 3652 5545">
     <span class='ocr_line' id='line_1_114' title="bbox 2071 5478 3652 5545; baseline -0.005 -14"><span class='ocrx_word' id='word_1_798' title='bbox 2071 5496 2241 5539; x_wconf 86' lang='lat' dir='ltr'><strong>mum,</strong></span> <span class='ocrx_word' id='word_1_799' title='bbox 2295 5479 2382 5531; x_wconf 80' lang='lat' dir='ltr'><strong>cui</strong></span> <span class='ocrx_word' id='word_1_800' title='bbox 2416 5494 2627 5532; x_wconf 90' lang='lat' dir='ltr'><strong>summa</strong></span> <span class='ocrx_word' id='word_1_801' title='bbox 2658 5488 2776 5533; x_wconf 89' lang='lat' dir='ltr'><strong>erat</strong></span> <span class='ocrx_word' id='word_1_802' title='bbox 2810 5495 2942 5532; x_wconf 90' lang='lat' dir='ltr'><strong>cura</strong></span> <span class='ocrx_word' id='word_1_803' title='bbox 2973 5478 3256 5545; x_wconf 82' lang='lat' dir='ltr'><strong>religionis</strong></span> <span class='ocrx_word' id='word_1_804' title='bbox 3294 5484 3351 5529; x_wconf 93' lang='lat' dir='ltr'><strong>et</strong></span> <span class='ocrx_word' id='word_1_805' title='bbox 3382 5478 3652 5545; x_wconf 60' lang='lat' dir='ltr'><strong>veritatis.</strong></span> 
     </span>
    </p>
   </div>
   <div class='ocr_carea' id='block_1_115' title="bbox 2075 5538 3653 5619">
    <p class='ocr_par' dir='ltr' id='par_1_115' title="bbox 2075 5538 3653 5619">
     <span class='ocr_line' id='line_1_115' title="bbox 2075 5538 3653 5619; baseline -0.006 -15"><span class='ocrx_word' id='word_1_806' title='bbox 2075 5538 2345 5619; x_wconf 83' lang='lat' dir='ltr'><strong>(Valesius</strong></span> <span class='ocrx_word' id='word_1_807' title='bbox 2377 5548 2430 5603; x_wconf 90' lang='lat' dir='ltr'><strong>in</strong></span> <span class='ocrx_word' id='word_1_808' title='bbox 2471 5549 2743 5603; x_wconf 83' lang='lat' dir='ltr'><strong>Ammian.</strong></span> <span class='ocrx_word' id='word_1_809' title='bbox 2785 5549 3025 5604; x_wconf 79' lang='lat' dir='ltr'><strong>Marcell.</strong></span> <span class='ocrx_word' id='word_1_810' title='bbox 3073 5538 3170 5599; x_wconf 65' lang='lat' dir='ltr'><strong>lib.</strong></span> <span class='ocrx_word' id='word_1_811' title='bbox 3211 5560 3355 5607; x_wconf 75' lang='lat' dir='ltr'><strong>xxxi,</strong></span> <span class='ocrx_word' id='word_1_812' title='bbox 3383 5557 3500 5610; x_wconf 88' lang='lat' dir='ltr'><strong>cap.</strong></span> <span class='ocrx_word' id='word_1_813' title='bbox 3537 5538 3653 5611; x_wconf 78' lang='grc'><strong>12.)</strong></span> 
     </span>
    </p>
   </div>
  </div>
