4046 6204
314 282 414 338 155
1808 289 1909 346 Sili

2009 290 2142 347 ms
3475 282 3571 350 £36

334 410 452 467 dias
463 420 656 462 omnes
680 402 1101 476 deprehendens
1119 441 1134 467 ,
1156 409 1209 456 et
1236 398 1697 471 quemadmodum
1729 401 1901 455 multa

2009 403 2103 467 τὰς
2131 404 2324 473 τέχνας
2364 399 2543 455 αὐτῶν
2586 399 2682 452 καὶ
2707 397 2834 460 τοὺς
2859 394 3075 459 ἄθλους,
3107 394 3202 449 καὶ
3225 393 3375 458 ὅπως
3410 393 3584 450 πολλὰ

327 498 577 575 prodigia
611 512 675 553 ac
698 494 961 552 miracula
995 492 1251 557 ediderit,
1288 491 1625 562 superﬂuum
1657 491 1794 546 mihi
1815 491 1901 546 vi-

328 593 494 653 detur
517 599 966 645 commemorare.
992 583 1325 640 Athanasius
1350 581 1498 636 enim
1522 581 1903 636 Alexandrinae

329 682 488 737 urbis
522 681 817 749 episcopus
879 677 934 731 id
970 682 1353 746 argumentum
1395 673 1555 727 nobis
1598 672 1901 743 praeripuit,

327 770 592 840 peculiari
614 768 755 822 libro
792 767 861 821 de
884 766 1033 822 illius
1044 766 1154 819 vita
1177 763 1509 834 conscripto.
1531 758 1705 817 Tanta
1725 764 1902 817 bono-

327 875 451 913 rum
467 859 624 928 copia
664 857 1025 913 Constantino
1043 863 1324 928 regnante,
1342 869 1452 909 uno
1471 853 1587 909 fere
1601 853 1903 923 eodemque

329 954 575 1018 tempore
597 946 918 1003 abundavit.

941 1074 1093 1132 CAP.
1134 1075 1303 1130 XXII.

325 1167 403 1224 De
435 1167 590 1222 Mane
644 1176 858 1221 auctore
895 1168 1147 1221 hereseos
1190 1166 1625 1231 Manichworum,
1674 1172 1725 1218 et
1764 1163 1904 1218 unde

817 1239 863 1291 is
883 1238 1138 1306 originem
1161 1236 1406 1290 traxerit.

396 1350 602 1405 Verum
646 1350 790 1404 inter
842 1349 1048 1403 bonum
1101 1347 1440 1402 frumentum
1486 1348 1656 1403 etiam
1698 1346 1906 1403 zizania

324 1445 475 1498 nasci
497 1443 690 1496 solent.
705 1440 915 1511 Quippe
942 1440 1203 1495 daemonis
1225 1439 1429 1494 invidia
1449 1439 1605 1493 bonis
1633 1438 1795 1493 rebus
1819 1438 1906 1492 in-

325 1533 515 1587 sidiari
551 1531 857 1586 consuevit.
921 1529 1143 1584 Etenim
1187 1530 1350 1598 paulo
1394 1535 1520 1582 ante
1562 1526 1905 1583 Constantini

327 1628 574 1691 tempora
643 1618 991 1675 Gmmnicus
1025 1616 1248 1687 quidam
1283 1615 1739 1671 Christianismus
1773 1628 1906 1669 vero

323 1711 744 1768 Christianismo
818 1708 1039 1764 adnasci
1103 1715 1347 1778 cmperat
1374 1747 1390 1773 ,
1443 1705 1905 1776 quemadmodum

2002 491 2177 545 ἐποίει
2225 493 2504 561 τεράστια,
2550 485 2804 558 περιττὸν
2835 484 3015 554 λέγειν
3060 485 3207 554 ἡμᾶς
3234 492 3284 539 1.
3336 482 3584 553 Ἐφθασε

2002 582 2112 651 γὰρ
2154 579 2472 642 Ἀθανάσιος
2511 580 2541 631 ὁ
2584 574 2988 645 Ἀλεξανδρείας
3019 574 3336 638 ἐπίσκοπος,
3368 572 3583 645 μονάδις

2004 669 2128 723 ὅλον
2158 670 2240 732 είς
2265 668 2357 721 τὸν
2389 665 2553 722 αὑτοῦ
2584 666 2698 736 βίον
2724 665 3034 735 ἐκθέμενος.
3067 662 3340 718 Τοιούτων
3360 662 3583 730 ἀγαθῶν

2004 757 2230 829 εὖφορία
2248 756 2388 810 κατά
2415 755 2607 810 ταύτὸν
2635 754 2741 808 ὑπὸ
2762 754 2887 818 τοὺς
2915 753 3140 824 χρόνους
3168 750 3580 806 Κωνσταντίνου

2002 848 2097 902 τοῦ
2120 848 2382 919 βασιλέως
2413 847 2649 917 ἐγένετο.

2580 1060 2828 1117 ΚΕΦΑΛ.
2874 1061 3006 1114 ΚΒ’.

2003 1151 2144 1221 Περὶ
2179 1151 2483 1217 Μάνεντος
2526 1151 2633 1205 τοῦ
2664 1149 2941 1221 ἀρχηγοιξ
2972 1149 3084 1221 τῆς
3134 1148 3431 1221 αἱρέσεως’
3462 1148 3584 1206 τῶν

2204 1216 2573 1289 Μανιχαίων,
2604 1216 2711 1273 καί
2739 1216 2879 1274 ὅθεν
2902 1216 2979 1290 ἦν
3010 1216 3125 1288 τὴν
3154 1216 3368 1288 ἀρχήν.

2088 1336 2247 1389 ’Δλλά
2273 1334 2476 1406 μεταξὺ
2496 1334 2589 1388 τοῦ
2619 1333 2858 1407 χρηστοῦ
2887 1334 3035 1387 σίτου
3065 1334 3221 1388 εἴωθε
3245 1336 3339 1388 καὶ
3369 1329 3577 1400 ζιζάνια

2006 1428 2259 1499 φύεσθαι.
2293 1428 2487 1490 Φθόνος
2528 1425 2637 1498 γὰρ
2665 1429 2778 1489 τοῖς
2819 1424 3045 1491 ἀγαθοῖς
3074 1424 3385 1494 ἐφεδρεύειν
3416 1424 3580 1493 φιλεὶ.

2005 1519 2268 1589 Παρεφύη
2297 1516 2403 1589 γὰρ
2443 1517 2637 1589 μικρὸν
2690 1514 2999 1586 ἔμπροσθεν
3019 1515 3126 1567 τῶν
3170 1513 3580 1567 Κωνσταντίνου

2005 1610 2211 1681 χρόνων
2245 1618 2266 1645 ι
2300 1608 2378 1679 τῷ
2401 1608 2592 1679 ἀλήθεῖ
2609 1605 3036 1678 Χριστιανισμῷ,
3084 1604 3407 1669 Ἐλληνίζων
3442 1605 3582 1675 Χρι-

2009 1699 2342 1770 στιανισμδς,
2374 1699 2624 1770 καθάπερ
2669 1698 2764 1751 καλ⁵
2792 1700 2902 1760 τοῖς
2951 1698 3254 1767 προφήταις
3282 1695 3584 1766 ψευδοπρο-

325 1803 455 1859 olim
480 1802 766 1874 prophetis
799 1800 1314 1873 pseudoprOphetaa,
1340 1806 1397 1854 et
1418 1798 1680 1869 apostolis
1703 1797 1904 1868 pseud-

2009 1790 2191 1861 rpﬁrat,
2245 1789 2341 1842 καὶ
2384 1788 2703 1849 ἀποστόλοις
2752 1786 3177 1855 ψευδαπόστολοι
3216 1785 3579 1856 παρεφύοντο.

325 1896 560 1966 apostoli
583 1909 703 1949 sese
719 1892 1271 1962 inserebant.Quippe
1292 1899 1421 1946 tunc
1444 1891 1708 1960 temporis
1730 1888 1903 1943 Mani—

327 1986 512 2040 cbaeus
521 1985 766 2055 quidam,
781 1983 1129 2053 Empedoclis
1143 1985 1364 2054 gentilis
1380 1981 1691 2052 philosophi
1709 1980 1905 2050 dogma

326 2073 385 2128 in
412 2073 781 2129 Christianam
823 2072 1142 2142 religionem
1178 2073 1318 2128 clam
1355 2071 1619 2127 inducere
1652 2069 1901 2123 tentavit.

326 2162 404 2217 De
440 2177 550 2232 quo
586 2163 707 2216 viro
730 2162 1002 2216 Eusebius
1039 2162 1261 2233 quidem
1293 2161 1562 2231 Pamphili
1584 2160 1641 2214 in
1673 2159 1906 2229 septimo

325 2252 714 2307 ecclesiastica:
760 2250 1015 2307 Historiae
1052 2253 1196 2307 libro
1230 2253 1564 2307 mentionem
1607 2249 1771 2317 fecit,
1808 2248 1905 2305 sed

327 2358 440 2397 non
496 2343 630 2399 satis
671 2352 926 2398 accurate
969 2343 1181 2414 singula
1230 2343 1505 2413 exposuit.
1561 2340 1909 2413 Quapropler

325 2433 478 2504 quod
517 2434 588 2489 ab
618 2434 710 2489 illo
733 2434 1166 2509 praetermissum
1200 2442 1307 2501 est,
1331 2434 1387 2489 id
1410 2433 1721 2489 necessario
1741 2448 1772 2496 _a
1808 2446 1910 2487 no-

327 2526 416 2582 bis
447 2527 814 2598 supplendum
836 2543 958 2582 esse
994 2527 1256 2582 arbitror.
1278 2527 1357 2582 Ita
1399 2527 1545 2582 enim
1572 2527 1909 2598 intelligetur

326 2617 456 2688 quis
480 2624 537 2674 et
559 2618 703 2673 unde
726 2618 1004 2688 profectus
1025 2617 1356 2673 Manichaeus
1402 2616 1469 2671 ad
1494 2624 1699 2672 tantam
1734 2616 1905 2673 auda-

327 2706 471 2763 ciam
540 2709 876 2781 proruperit.
942 2706 1270 2778 Scythianus
1322 2704 1544 2776 quidam
1603 2704 1906 2762 Saracenus

328 2814 557 2855 uxorem
599 2801 794 2863 habuit
836 2801 1129 2870 captivam,
1177 2814 1247 2853 ex
1291 2797 1578 2867 superiore
1616 2797 1905 2851 oriundam

329 2887 631 2944 Thebaide.
671 2889 841 2959 Cujus
864 2889 1038 2959 gratia
1065 2903 1191 2942 cum
1225 2889 1281 2941 in
1306 2887 1600 2958 Egyptum
1625 2884 1911 2956 migravis-

328 2993 433 3050 set,
458 2990 515 3037 et
547 2981 926 3053 Egyptiorum
951 2979 1243 3048 disciplina
1266 2978 1552 3033 institutus
1580 2985 1747 3043 esset,
1774 2978 1906 3033 Em-

328 3071 575 3143 pedoclis
599 3087 662 3125 ac
674 3070 991 3161 Pythagora;
1012 3069 1326 3161 opinionem
1351 3069 1407 3124 in
1431 3069 1800 3124 Christianam
1822 3086 1910 3125 re-
1936 3102 1979 3161 ο

335 3162 599 3234 ligionem
637 3160 864 3215 invexit.
893 3160 1039 3214 Duas
1065 3159 1212 3214 enim
1234 3161 1474 3215 asseruit
1503 3174 1624 3215 esse
1648 3165 1906 3226 naturas,

328 3253 560 3307 alteram
582 3251 802 3316 bonam,
821 3250 1048 3304 alteram
1076 3250 1308 3317 malam;
1333 3249 1565 3321 perinde
1589 3258 1755 3319 atque
1781 3248 1917 3304 Em-

330 3343 592 3414 pedocles
610 3342 744 3411 :uni
774 3341 973 3395 malam
997 3342 1222 3412 quidem
1248 3350 1503 3397 naturam
1532 3342 1906 3409 Discordiam,

331 3432 533 3487 bonam
564 3448 698 3487 vero
727 3432 1038 3486 Amicitiam
1076 3432 1404 3501 appellabat.
1429 3432 1603 3503 Hujus
1630 3430 1912 3502 Scythiani

332 3520 634 3593 discipulus
654 3522 759 3577 fuit
782 3523 1018 3587 Buddas,
1038 3523 1131 3592 qui
1149 3529 1276 3577 ante
1296 3522 1669 3578 Terebinthus
1685 3522 1911 3578 diceba-

331 3621 444 3670 tur.
470 3611 575 3679 Qui
607 3627 734 3668 eum
758 3612 999 3667 venisset
1025 3612 1079 3667 in
1105 3611 1477 3683 Babyloniam,
1504 3606 1808 3686 quaeregio
1834 3616 1918 3670 in-

332 3705 537 3760 colitur
556 3720 589 3759 a
617 3705 824 3769 Persis,
845 3704 1017 3758 multa
1048 3704 1117 3760 de
1145 3706 1326 3775 seipso
1347 3722 1485 3761 vana
1513 3722 1579 3761 ac
1603 3706 1916 3778 prodigiosa

333 3792 598 3849 conﬁnxit
617 3833 632 3858 ,
662 3808 720 3848 se
745 3802 934 3848 natum
951 3809 1015 3849 ex
1043 3794 1255 3865 virgine
1270 3804 1326 3851 et
1341 3796 1397 3850 in
1414 3796 1695 3852 montibus
1709 3797 1913 3853 educa-

335 3892 451 3940 tum
470 3902 592 3941 esse
615 3884 908 3942 aiiirmans.
936 3887 1041 3958 55
1067 3888 1316 3955 Quatuor
1350 3889 1552 3946 deinde
1586 3892 1911 3962 conscripsit

330 3976 504 4031 libros
524 3993 537 4029 :
556 3991 790 4047 quorum
805 3977 1039 4047 primum
1057 3978 1438 4050 Mysteriorum
1456 4021 1470 4045 ,
1488 3981 1717 4036 alterum
1734 3982 1913 4036 Evan-

333 4066 562 4138 gelium,
584 4068 808 4123 tertium
823 4066 1163 4124 Thesaurum
1184 4074 1474 4140 ,‘quartum
1489 4070 1728 4142 denique
1752 4071 1913 4142 Capi-

2006 1878 2322 1949 Τηνικαῦτα
2349 1878 2458 1949 γὰρ
2487 1876 2548 1931 τὸ
2591 1875 3014 1947 Ἐμπεδοκλέους
3048 1875 3142 1929 τοῦ
3185 1876 3315 1947 παρ’
3356 1875 3583 1946 Ἕλλησι

2007 1970 2296 2040 φιλοσόφου
2334 1970 2533 2040 δόγμα,
2579 1969 2667 2021 διά
2693 1966 2787 2020 τοῦ
2819 1967 3123 2038 Μανιχαίου
3155 1967 3583 2038 Χριστιανισμδν

2006 2063 2355 2133 ὑπεκρίνατο.
2424 2062 2561 2134 Περὶ
2610 2055 2671 2116 οὗ
2744 2061 3007 2125 Εὐσέϐιος
3064 2060 3161 2131 μὲν
3215 2062 3244 2113 ὀ
3296 2059 3583 2130 Παμφίλου

2005 2158 2063 2211 ὲν
2090 2160 2157 2230 τῇ
2182 2158 2383 2230 ἑϐδόμῃ
2417 2156 2516 2225 τῆς
2554 2155 3044 2225 Ἐκκλησιαστικῆς
3073 2153 3315 2224 ἱστορίας
3340 2152 3585 2222 ἐπεμνή-

2009 2248 2143 2320 σθηο
2179 2249 2241 2301 οὐ
2278 2248 2383 2318 μὴν
2438 2247 2681 2336 ἀκριϐῶς
2722 2246 3037 2317 διηγήσατο.
3084 2245 3287 2315 Διόπερ
3323 2243 3386 2296 τὸ
3412 2258 3586 2313 παρα-

2006 2341 2224 2411 λειφθὲν
2274 2334 2468 2410 ἐκείνῴ
2517 2337 2911 2409 ἀναπληρῶσαι
2973 2337 3269 2402 ἀναγκαῖον
3320 2334 3582 2405 ἠγοῦμαι.

2007 2427 2388 2498 Γνωσθήσεται
2414 2426 2544 2498 γὰρ,
2572 2426 2654 2490 τίς
2686 2442 2746 2478 τε
2776 2425 2851 2478 ὢν
2891 2428 2920 2479 ό
2949 2426 3248 2495 Μανιχαῖος
3278 2425 3372 2477 καὶ
3398 2424 3583 2492 πόθεν,

2005 2520 2232 2576 τοιαῦτα
2259 2520 2544 2590 ἐτόλμησε.
2577 2518 2869 2583 Σκυθιανός
2898 2535 2983 2582 τις
3008 2516 3322 2589 Σαρακηνδς
3348 2518 3585 2586 γυναῖκα

2006 2607 2152 2684 εἶχεν
2197 2608 2540 2681 αίχμάλωτον
2590 2610 2656 2662 ἐκ
2705 2607 2815 2662 τῶν
2862 2608 2974 2663 ἀνω
3011 2605 3204 2677 Θηϐῶν
3225 2619 3240 2635 ⁶
3276 2605 3345 2660 δι’
3392 2606 3461 2678 ήν
3485 2605 3584 2676 τὴν

2004 2698 2278 2769 Αἴγυπτον
2311 2699 2558 2769 οἰκήσας,
2584 2700 2679 2751 καὶ
2702 2698 2809 2770 -τὴν
2845 2696 3151 2767 Αἰγυπτίων
3200 2695 3448 2751 παιδείαν
3480 2713 3587 2767 μαι

2008 2792 2137 2858 θὼν,
2182 2792 2281 2863 τὴν
2341 2791 2767 2862 Ἐμπεδοκλέους
2800 2792 2894 2844 καὶ
2941 2790 3261 2860 Πυθαγόρου
3288 2789 3446 2853 δόξαν
3500 2790 3584 2851 είς

2006 2882 2099 2936 τδν
2144 2881 2571 2953 Χριστιανισμὸν
2633 2882 2950 2953 παρήγαγε.
2995 2881 3099 2933 Δύο
3149 2880 3339 2950 φύσεις
3388 2879 3580 2943 εἰπὼν,

2008 2972 2220 3045 ἀγαθήν
2252 2990 2311 3026 τε
2357 2975 2454 3027 καὶ
2492 2973 2752 3046 πονηρὰν,
2783 2973 2858 3037 ὡς
2895 2974 2991 3027 καὶ
3042 2973 3434 3044 Ἐμπεδοκλῆς,
3473 2975 3585 3027 νεῖ·
3648 2972 3651 2973 ⁷

2010 3084 2107 3130 κος
2145 3066 2426 3137 ὀνομάζων
2480 3066 2578 3139 τὴν
2605 3065 2869 3138 πονηρὰν,
2913 3052 3097 3136 φιλίαν
3121 3066 3176 3120 δὲ
3222 3066 3320 3138 τὴν
3349 3065 3583 3137 ἀγαθήν.

2010 3158 2212 3212 Τούτου
2255 3158 2313 3212 δὲ
2346 3158 2439 3212 τοῦ
2478 3158 2777 3212 Σκυθιανοῦ
2812 3159 3059 3231 μαθητὴς
3090 3158 3299 3227 γίνεται
3327 3157 3582 3221 Βούδδας,

2011 3251 2275 3322 πρότερον
2328 3249 2652 3322 Τερέδινθος
2703 3248 3055 3319 καλούμενος.
3101 3249 3284 3312 Ὅςτις
3329 3247 3423 3301 ἐπὶ
3487 3246 3586 3317 τὴν

2011 3340 2361 3396 Βαῦυλωνίαν
2427 3340 2612 3412 χώραν
2674 3341 2957 3411 ὁρμήσας,
3023 3339 3146 3409 ἥτις
3198 3338 3302 3392 ὑπὸ
3359 3336 3588 3408 Περσῶν

2009 3436 2261 3499 οἰκεῖται,
2302 3433 2472 3507 πολλὰ
2519 3435 2646 3504 περὶ
2698 3431 2889 3487 ἑαυτοῦ
2939 3430 3316 3503 ἐτερατεύετο,
3360 3431 3585 3500 φάσκων

2012 3525 2077 3578 ἐκ
2097 3524 2366 3595 παρθένου
2394 3523 2742 3593 γεγενῆσθαι,
2767 3523 2862 3577 καλ⁸
2880 3524 2938 3576 ἐν
2958 3522 3139 3594 ὄρεσιν
3159 3520 3582 3591 ἀνατετράφθαι.

2012 3611 2146 3671 Εἶτα
2179 3616 2485 3687 συγγράφει
2520 3615 2700 3686 βιϐλία
2728 3615 2988 3685 τέσσαρα,
3019 3613 3075 3666 ἓν
3108 3614 3207 3684 μὶν
3242 3613 3586 3681 ἐπονομάσας

2010 3708 2120 3763 τῶν
2150 3708 2514 3779 Μυστηρίων⁸
2561 3707 2747 3778 ἕτερον
2775 3706 2852 3770 δὲ,
2884 3706 2944 3759 τὸ
2970 3705 3332 3775 Εὑαγγέλιον·
3371 3704 3466 3757 καὶ
3494 3702 3586 3756 τδν

2010 3799 2295 3871 Θησαυρὸν
2342 3800 2546 3871 τρίτον,
2586 3800 2680 3852 καὶ
2706 3797 2774 3851 τὰ
2802 3796 3087 3867 Κεφάλαια
3111 3796 3389 3867 τέταρτον.
3425 3793 3587 3847 Tele-

2015 3893 2113 3956 τὰς
2141 3892 2198 3945 δέ
2230 3908 2384 3956 τινας
2413 3894 2586 3945 ποιεῖν
2627 3890 3116 3963 σχηματιζόμενος,
3161 3887 3444 3957 ὲδισκεύθη
3480 3885 3585 3938 ὑπὸ

2017 3982 2350 4054 πνεύματος,
2380 3984 2476 4037 καὶ
2512 3982 2686 4047 οὕτως
2731 3983 2997 4038 ἀπώλετο.
3027 3981 3169 4050 Γυνὴ
3193 3979 3248 4034 δέ
3277 3996 3360 4042 τις
3388 3978 3517 4048 παρ’

2017 4074 2298 4140 κατέλυεν,
2335 4073 2534 4143 ἔθαψεν
2585 4073 2776 4127 αὐτόν’
2830 4073 2925 4126 καὶ
2973 4073 3041 4126 τὰ
3070 4071 3277 4125 ἐκείνου
3326 4070 3587 4141 χρήματα

1526 4247 2059 4305 ANNOTATIONES
2114 4247 2494 4307 VABIORUM.

403 4373 433 4449 γ
476 4364 875 4449 Ἔξθαλσεμγὰρ
908 4365 1283 4449 Ἀθανᾴσιος.
1322 4362 1553 4449 Scripsit
1574 4365 1906 4449 Athanasius

2142 4367 2581 4449 cpnsignandam
2610 4383 2731 4423 esse
2765 4369 2965 4449 probat
3150 4366 3277 4449 Pagi
3310 4366 3588 4449 exEuse.

334 4435 527 4504 Vitam
562 4434 619 4488 S.
655 4433 877 4488 Antenii
908 4437 1300 4504 monachorum
1327 4435 1519 4503 patris,
1560 4451 1720 4504 quam
1770 4435 1909 4492 Eva-

335 4505 488 4574 grius
509 4503 770 4574 Latinam
789 4503 1059 4574 reddidit;
1104 4505 1267 4572 idque
1303 4505 1567 4574 extremis
1582 4503 1706 4559 suae
1731 4509 1909 4562 aetatis

332 4570 514 4645 annis,
553 4571 685 4645 dum
710 4570 1395 4645 Alesandriage__tra;nqiiille
1427 4573 1714 4645 resideret.
1755 4576 1905 4645 (Ant.

334 4641 461 4710 Pagi
502 4640 589 4710 ad_
613 4655 743 4693 ann.
771 4638 934 4710 σεε)
975 4638 1123 4693 Obiit
1170 4638 1539 4695 SfAntonius
1587 4658 1733 4698 anno
1765 4638 1905 4710 3‘56,

334 4707 534 4782 die—17‘
562 4707 826 4782 Janparii.
877 4707 1096 4782 Annum
1118 4726 1230 4782 _nos
1263 4710 1421 4765 docet
1453 4711 1819 4782 Hieronymus
1853 4707 1907 4770 in

331 4778 626 4834 Chronico.
666 4778 716 4831 Is
778 4786 834 4831 et
869 4776 1201 4834 Athanasius
1244 4788 1514 4834 testantur
1564 4776 1689 4835 eum
1736 4799 1911 4841 annos

334 4849 579 4918 quinque
613 4862 776 4919 supra
806 4857 1053 4919 _ccntum
1100 4850 1320 4913 vixisse,
1372 4852 1600 4919 ejusque
1653 4853 1911 4911 nativitas

332 4916 624 4992 anpoijhr:
651 4916 970 4992 251,_Decio
1015 4919 1336 4989 imperante,
1371 4916 1587 4992 accidit.
1622 4922 1757 4992 Ejus
1798 4926 1909 4980 vita

333 5004 366 5043 a
393 4988 653 5043 Bollando
679 4988 735 5042 in
766 4986 916 5044 Actis
935 4986 1269 5053 sanctorum,
1304 4991 1508 5045 mensis
1537 4986 1781 5047 Januarii
1821 4995 1910 5049 die

334 5058 558 5131 praefata
592 5058 937 5131 illustratur:
974 5060 1181 5129 aliquot
1226 5076 1358 5115 vero
1400 5059 1521 5129 ejus
1549 5062 1793 5131 epistolae
1842 5065 1910 5119 ab

335 5125 644 5202 Abrahamo
676 5125 1036 5202 Ecchellensi,
1068 5125 1205 5201 post
1229 5125 1477 5202 _Baronii
1529 5125 1760 5186 mortem
1804 5149 1910 5202 pu-

336 5200 567 5271 blicatae.
602 5202 772 5271 Porro
802 5199 1063 5271 deceptus
1084 5199 1184 5257 'cst
1229 5200 1514 5271 Baronius,
1540 5202 1761 5269 quando
1797 5199 1912 5257 exi-

335 5270 578 5325 stimavit
608 5269 962 5328 Athanasium
1012 5272 1181 5325 Vitam
1249 5269 1469 5324 Antonii
1511 5285 1578 5324 eo
1609 5271 1787 5325 adhuc
1824 5273 1909 5324 vi-

337 5350 498 5396 vente
551 5342 854 5412 scripsisse,
889 5342 1391 5412 Romamqugcum
1422 5341 1573 5412 illuc,
1598 5339 1743 5412 Julio
1773 5355 1910 5412 papa

334 5412 582 5475 sedente,
636 5409 805 5477 venit,
851 5426 1037 5465 secum
1087 5409 1368 5464 detulisse.
1423 5409 1558 5463 Nam
1596 5409 1651 5463 in
1697 5425 1758 5464 ea
1788 5409 1910 5466 Vita

334 5479 559 5606 ἒὲιὲίῖηἰί
599 5482 781 5538 obitus
830 5481 1034 5535 diserte
1077 5486 1432 5534 memoratur.
1469 5478 1639 5551 (Idem
1677 5479 1745 5535 ad
1776 5494 1904 5535 ann.

412 5553 705 5690 Ξ’ζπικρὸν
737 5622 1073 5689 ἔμπροσθεν
1108 5617 1226 5690 τῷν
1263 5620 1725 5690 Κῳνσταντίνου
1770 5621 1909 5690 κρό-

338 5705 480 5743 νων.
526 5688 803 5761 originem
837 5691 1105 5744 hmreseos
1138 5688 1559 5744 Manichaeorum
1591 5705 1734 5745 anno
1772 5689 1903 5744 Chr.

2012 4438 2088 4492 bii
2137 4436 2434 4493 Chronico.
2477 4439 2678 4492 Verum
2716 4436 2821 4501 est,
2858 4440 3056 4508 inquit,
3097 4436 3279 4508 varias
3311 4437 3415 4490 sub
3440 4437 3585 4493 idem

2010 4508 2124 4563 fere
2148 4517 2365 4577 tempus
2390 4509 2706 4577 eruptiones
2736 4506 2969 4563 monstri
3012 4508 3160 4562 illius
3188 4506 3380 4572 fuisse,
3411 4509 3589 4577 etin‘
3615 4526 3627 4565 t

2010 4576 2271 4649 signibus
2301 4576 2531 4649 alicujus
2568 4578 2828 4649 facinoris
2882 4578 3027 4633 notis
3086 4577 3404 4649 celebratas.
3460 4576 3592 4649 Qua:

2012 4646 2176 4702 causa
2238 4647 2344 4702 fuit
2393 4646 2491 4702 cur
2535 4663 2644 4702 non
2680 4647 2870 4701 iisdem
2911 4646 3339 4717 imperatoribus
3368 4647 3593 4701 haeresis

2011 4718 2171 4772 istius
2190 4718 2343 4787 origo
2370 4717 2625 4773 mandata
2656 4718 2842 4771 fuerit.
2861 4719 3017 4786 Quod
3049 4718 3250 4777 mirum
3276 4717 3453 4770 videri
3477 4732 3591 4787 non

2011 4788 2175 4843 debet
2200 4828 2215 4850 ,
2257 4785 2381 4842 cum
2419 4788 2804 4843 hmreticorum
2841 4785 2958 4844 mos
2997 4787 3163 4842 fuerit
3203 4787 3296 4840 diu
3324 4788 3463 4841 clam
3489 4785 3592 4839 do—

2010 4874 2157 4925 cere,
2189 4859 2263 4912 ita
2300 4868 2361 4913 ut
2405 4867 2537 4912 tunc
2567 4876 2597 4913 a
2620 4858 2945 4928 quibusdam
2980 4865 3401 4928 cognoscantur,
3427 4865 3500 4928 et
3522 4856 3593 4911 ab

2012 4928 2136 4982 aliis
2175 4928 2515 4997 ignorentur.
2558 4926 2736 4996 Quare
2778 4946 2845 4984 ex
2886 4926 3209 4983 auctoribus
3238 4926 3594 4997 diversahac

2011 4996 2079 5051 de
2113 5015 2169 5053 re
2196 4996 2586 5061 Scribentibus,
2617 4997 2710 5052 alii
2741 4999 2808 5052 de
2834 4999 2953 5067 ejus
2986 4997 3261 5068 magistris
3292 4996 3594 5068 Scythiano

2011 5074 2068 5139 et
2094 5068 2281 5139 Budda
2312 5068 2677 5139 intelligendi,
2721 5070 2812 5123 alii
2854 5066 2922 5124 de
2954 5066 3314 5139 ipsa'origine
3359 5066 3592 5139 monstri

2013 5136 2207 5209 ipsius,
2238 5132 2585 5209 nonnulli'de
2608 5141 2775 5194 variis
2796 5140 2916 5209 ejus
2941 5132 2993 5192 in
3011 5132 3311 5209 Ecclesiam
3339 5136 3591 5209 eruptio-

2011 5207 2194 5278 nibus,
2229 5222 2293 5278 ac
2317 5208 2537 5262 demum
2576 5208 2668 5262 alii
2695 5211 2763 5267 de
2792 5206 2909 5278 ejus
2932 5222 3183 5278 errorum
3216 5206 3588 5278 damnatione.

2015 5275 2163 5347 (Pagi
2215 5276 2283 5347 ad
2333 5292 2462 5331 ann.
2510 5279 2635 5341 277,
2674 5296 2730 5333 n.
2784 5275 2838 5341 6,
2884 5277 2959 5347 7.)
2988 5276 3126 5333 Vide
3157 5277 3499 5347 ,Pearsonum
3535 5275 3594 5328 in

2012 5345 2327 5418 Symbolum
2363 5347 2741 5417 apostolicum,
2777 5363 2899 5418 pag.
2940 5345 3041 5408 64,
3076 5346 3171 5414 qui
3223 5347 3364 5399 hanc
3412 5346 3593 5399 haere-

2011 5416 2093 5468 sin
2127 5416 2474 5486 temporibus
2520 5416 2892 5484 apostolorum
2948 5432 3184 5472 coaevam
3238 5422 3446 5486 censet,
3486 5430 3594 5486 no-

2012 5484 2265 5556 menque
2294 5486 2475 5539 Manes
2524 5501 2632 5539 non
2665 5486 2832 5543 fuisse
2865 5488 3148 5556 proprium
3196 5485 3428 5553 alicujus
3457 5484 3589 5549 viri,

2011 5554 2107 5609 sed
2135 5554 2443 5637 totisectae,
2471 5557 2557 5636 vel
2591 5557 2778 5626 potius
2807 5554 3096 5629 quibusvis
3128 5556 3400 5611 haereticis
3435 5569 3592 5610 com-

2012 5640 2178 5679 mune
2206 5632 2418 5680 statuit.
2550 5632 2554 5636 “

3312 5812 3355 5832 υ
