4046 6204
437 300 540 361 139

1896 284 2228 356 SOCRATIS

3577 287 3682 345 MO

437 414 736 476 curandum
759 412 814 468 in
839 427 1032 469 manus
1051 414 1234 468 sumit.
1258 414 1373 469 Rex
1394 429 1524 469 vero
1550 415 1643 484 qui
1668 431 1897 485 puerum
1919 418 1987 471 iu-

2110 412 2309 484 ρώσας,
2340 411 2444 481 πρὸ
2465 412 2563 480 τῆς
2595 408 2769 480 πύλης
2795 410 2890 479 τῆς
2927 409 3132 472 πόλεως
3160 406 3459 481 προῦθηκε.
3495 409 3684 464 Ταῦτα

434 520 519 565 ter
554 520 749 561 manus
773 505 890 575 ejus
926 513 1201 559 mortuum
1232 520 1353 561 esse
1381 505 1612 571 viderat,
1642 506 1916 561 hominem
1945 508 2001 561 in

430 600 650 656 vincula
688 599 883 669 conjici
909 598 1089 669 jubet,
1114 606 1362 653 extremo
1386 599 1653 669 supplicio
1681 598 2001 670 propediem

430 689 746 744 aﬂ'ecturus.
771 687 975 743 Verum
1008 689 1099 743 ille
1122 705 1191 745 ex
1213 691 1447 746 vinculis
1468 692 1705 761 elapsus,
1729 692 1785 745 in
1822 690 2001 745 Meso-

429 778 722 848 potamiam
748 778 1006 849 profugit.
1038 782 1107 834 At
1132 795 1227 835 rex
1255 782 1566 848 Persarum,
1592 781 1700 852 56
1719 788 2006 851 comperto

427 869 575 939 quod
601 869 928 925 Manichacus
972 871 1028 925 in
1051 871 1161 927 illis
1201 872 1453 943 partibus
1493 881 1826 939 moraretur,
1871 873 2000 927 inde

429 958 657 1027 abrepto
681 967 865 1013 cutem
892 958 1104 1013 detrahi
1136 960 1322 1030 jussit,
1356 976 1587 1031 eamque
1614 962 1785 1033 paleis
1807 963 1998 1033 opple-

430 1057 539 1103 tam
564 1057 690 1104 ante
727 1049 967 1105 civitatis
1006 1061 1193 1121 portas
1231 1051 1512 1123 appendit.
1549 1050 1728 1123 Atque
1761 1054 1877 1109 haec
1898 1067 2000 1109 nos

430 1140 850 1210 haudquaquam
894 1142 1189 1196 commenti
1235 1156 1455 1199 sumus:
1508 1142 1605 1198 sed
1651 1158 1719 1198 ex
1757 1143 2000 1214 disputa-

431 1233 577 1287 tione
606 1232 842 1302 quadam
877 1231 1132 1288 Archelai
1167 1232 1567 1290 Cascharorum
1600 1235 1755 1291 urbis
1788 1234 1845 1290 in
1885 1236 1997 1292 Me—

430 1324 732 1394 sopotamia
776 1324 1041 1394 episcopi,
1060 1339 1092 1379 a
1116 1325 1277 1381 nobis
1310 1325 1454 1380 lecta
1477 1317 1871 1397 excerpsimus.
1898 1328 1999 1383 llic

427 1417 573 1469 enim
610 1414 913 1469 Archelaus
949 1416 1028 1469 ait
1069 1429 1127 1470 se
1157 1431 1282 1470 cum
1325 1416 1622 1472 Manichaao
1660 1418 1780 1488 ipso
1813 1434 1997 1497 coram

427 1504 758 1573 disputasse,
783 1512 840 1558 et
869 1518 935 1558 ea
971 1517 1093 1574 qua!
1124 1505 1379 1575 superius
1402 1521 1434 1560 a
1472 1506 1635 1561 nobis
1676 1508 1847 1563 relata
1871 1515 1999 1564 sunt

423 1595 493 1651 de
513 1595 662 1650 illius
693 1595 805 1651 vita
831 1602 1245 1652 commemorat.
1272 1597 1438 1652 Bonis
1464 1597 1631 1669 igitur
1653 1599 1839 1665 rebus,
1866 1610 2000 1655 tunc

424 1701 550 1742 cum
594 1686 830 1742 maxime
853 1685 1073 1752 ﬂorent,
1101 1687 1266 1753 livor,
1310 1695 1371 1743 ut
1400 1687 1532 1755 dixi,
1567 1689 1817 1744 insidiari
1838 1690 1994 1747 solet.

2102 500 2157 553 δὲ
2190 501 2387 571 ⁶ἡμεῖς,
2438 499 2498 552 οὐ
2552 499 2854 563 πλάσαντες
2905 498 3155 568 λέγομεν,
3210 497 3348 553 ἀλλὰ
3380 499 3471 553 διὰ
3521 500 3678 569 λόγου

2117 592 2408 663 Ἀρχελάου
2442 591 2556 663 (2'5)
2590 590 2683 645 τοῦ
2715 590 3013 644 ἐπισκόπου
3047 590 3378 663 Κασχάρων,
3416 593 3546 660 μιᾶς
3573 592 3683 645 τῶν

2102 686 2159 737 ἐν
2190 682 2589 754 Μεσοποταμίᾳ
2625 681 2851 748 πόλεων,
2908 682 3218 751 ἐντυχόντες
3274 682 3677 754 συνηγάγομεν.

2102 774 2273 838 Αὐτὸς
2317 773 2428 845 γὰρ
2487 773 2779 845 Ἀρχέλαος
2816 771 3164 842 διαλεχθῆναι
3191 770 3340 841 αὐτῷ
3374 787 3507 841 φησι
3539 771 3683 825 κατὰ

2102 868 2412 938 πρόσωπον,
2449 867 2543 922 καὶ
2561 866 2630 920 τὰ
2659 863 3127 937 προγεγραμμένα
3152 865 3231 926 είς
3257 862 3350 915 τὸν
3375 861 3488 931 βίον
3512 862 3679 916 αὑτοῦ

2100 957 2392 1011 ἐκτίθεται.
2427 957 2553 1021 Τοῖς
2593 952 2686 1011 οὖν
2718 955 2942 1026 ἀγαθοῖς
2969 954 3365 1025 ἐνακμάζουσιν
3398 956 3427 1008 ό
3464 953 3677 1023 φθόνος,

2101 1048 2244 1102 καθὰ
2270 1047 2430 1119 ἔφην,
2462 1046 2770 1120 ἐφεδρεύειν
2801 1046 2968 1117 φιλεῖ.
2998 1046 3095 1109 Τίς
3119 1045 3177 1099 δὲ
3205 1045 3239 1116 ἡ
3266 1043 3435 1111 αἰτία,
3456 1044 3524 1097 δι’
3551 1045 3616 1113 ἥν
3649 1044 3680 1096 ό

2099 1138 2302 1208 ἀγαθὸς
2331 1140 2464 1204 Θεὸς
2490 1139 2649 1194 τοῦτο
2674 1139 2919 1208 γίνεσθαι
2947 1139 3238 1208 συγχωρεῖ,
3269 1137 3500 1207 πότερον
3537 1152 3603 1204 γυ
3613 1153 3680 1205 με

2100 1231 2261 1286 νάσαι
2285 1232 2354 1287 τὰ
2389 1232 2571 1302 ἀγαθὰ
2593 1233 2701 1286 τῶν
2728 1233 3015 1303 δογμάτων
3046 1230 3369 1301 βουλόμενος
3402 1233 3501 1300 τῆς
3550 1230 3677 1281 Ἐκο

2098 1323 2352 1394 κλησίας,
2376 1326 2470 1378 καὶ
2492 1323 2591 1396 τὴν
2615 1323 2706 1377 ἐπὶ
2726 1326 2792 1395 τῇ
2819 1324 3000 1376 πίστει
3028 1322 3463 1393 προσγινομένην
3486 1321 3677 1384 ἀλαζο-

2099 1417 2251 1471 νείαν
2291 1418 2616 1470 ἐκκόπτειν·
2658 1417 2691 1487 ἢ
2733 1418 2878 1479 ὅπως
2926 1415 3068 1484 ποι-ἐ⁸
3098 1415 3230 1486 ἔχοι,
3262 1413 3527 1485 δυσχερὴς
3577 1414 3677 1484 μὲν

2100 1511 2195 1563 καὶ
2229 1507 2416 1580 μακρὰ
2443 1509 2477 1579 ἡ
2504 1507 2756 1571 ἀπόδοσις
2776 1521 2789 1536 ⁸
2823 1509 2923 1561 οὐκ
2956 1507 3226 1577 εὐκαίρως
3264 1505 3322 1558 δὲ
3359 1504 3455 1558 νῦν
3484 1502 3673 1568 ἐξετά-

2100 1599 2252 1665 ζεται
2273 1616 2289 1632 ο
2312 1599 2437 1652 οὔτε
2461 1598 2572 1671 γὰρ
2603 1599 2850 1670 δόγματα
2877 1598 3166 1668 πρόκειται
3194 1596 3492 1667 γυμνάζειν
3519 1597 3673 1664 ἡμῖν,

2099 1689 2222 1744 οὔτε
2246 1691 2372 1755 τοὺς
2417 1692 2547 1762 περὶ
2578 1689 2840 1762 Προνοίας
2869 1688 2966 1743 καὶ
2995 1688 3226 1761 κρίσεως
3259 1686 3353 1741 τοῦ
3384 1686 3520 1740 Θεοῦ
3549 1686 3675 1740 δυσ-

425 1777 595 1833 Porro
614 1793 779 1848 quam
797 1777 868 1833 ob
883 1776 1103 1834 causam
1115 1779 1425 1851 benignitas
1445 1780 1541 1835 Dei
1567 1780 1713 1835 istud
1737 1778 1855 1836 ﬁeri
1878 1796 1987 1851 per-

2106 1780 2362 1854 ευρέτους
2406 1781 2597 1851 λόγους
2654 1783 2845 1846 κινεῖν,
2918 1780 3035 1835 ἀλλ’
3084 1779 3325 1852 ἱστορίαν
3371 1778 3674 1848 γεγονότων

424 1870 637 1936 mittat,
663 1886 733 1926 an
777 1877 840 1925 ut
869 1879 1020 1927 recta
1061 1872 1319 1928 Ecclesia:
1341 1872 1591 1945 dogmata
1619 1874 1816 1943 probet
1837 1880 1999 1944 atque

423 1962 723 2028 examinet,
758 1968 815 2017 et
858 1963 1227 2034 arrogantiam
1259 1978 1381 2034 qua:
1420 1962 1551 2019 ﬁdei
1588 1963 1812 2018 adnasci
1838 1963 1999 2029 solet,

2105 1875 2234 1944 περὶ
2258 1872 2357 1937 τὰς
2392 1872 2737 1944 ¹Ἑκκλησίας
2778 1871 3121 1944 πραγμάτων
3152 1871 3229 1935 ὡς
3255 1865 3369 1924 οἶόν
3394 1886 3454 1923 τε
3488 1869 3675 1939 διηγή-

2101 1964 2316 2019 σασθαι.
2355 1966 2542 2029 Ὅπως
2572 1965 2670 2036 μὲν
2709 1959 2803 2019 οὖν
2831 1964 3026 2036 μικρὸν
3053 1963 3361 2035 ἔμπροσθεν
3387 1961 3496 2015 τῶν
3518 1962 3674 2014 Κων-

421 2054 644 2123 penitus
672 2053 991 2121 exscindat;
1028 2069 1098 2110 an
1121 2055 1197 2110 ob
1233 2056 1395 2111 aliam
1420 2070 1806 2126 quamcunque
1835 2054 1987 2111 ratio-

2101 2056 2381 2112 σταντίνου
2454 2055 2663 2127 χρόνων
2722 2056 2757 2128 ἡ
2819 2053 3139 2127 Μανιχαίων
3207 2051 3478 2124 παρεφύει
3538 2051 3675 2121 θρη-

419 2161 570 2213 nem,
594 2145 833 2202 diliicilis
862 2160 927 2202 ac
952 2147 1164 2218 prolixa
1194 2156 1280 2204 est
1298 2148 1620 2220 disputatio,
1643 2164 1748 2205 nec
1785 2164 1816 2204 a
1840 2148 1987 2204 nobis

2101 2151 2259 2202 σκεία
2298 2148 2436 2219 (24),
2471 2148 2687 2219 εἴρηται
2712 2163 2728 2178 υ
2775 2145 3162 2217 ἐπανέλθωμεν
3187 2144 3244 2199 δέ
3273 2144 3367 2199 ἐπὶ
3391 2142 3517 2207 τοὺς
3544 2142 3674 2213 χρό-

420 2237 707 2293 commode
738 2251 888 2293 nunc
913 2240 1242 2309 pertractari
1273 2249 1474 2310 potest.
1506 2240 1628 2296 Non
1660 2241 1808 2296 enim
1837 2237 2002 2295 nobis

2098 2256 2223 2304 νους
2242 2240 2339 2310 τῆς
2369 2238 2738 2311 προκειμένης
2763 2238 3027 2310 ἱστορίας.

419 2330 762 2401 propositum
788 2337 872 2387 est
916 2330 1231 2402 dogmatum
1272 2334 1560 2389 veritatem
1597 2333 1932 2400 examinare,
1960 2340 2017 2388 et
2053 2332 2335 2389 abstrusas
2367 2331 2736 2389 Providentiae
2762 2346 2827 2387 ac
2863 2330 3058 2405 judicii
3087 2328 3261 2386 divini
3294 2328 3544 2385 rationes
3577 2340 3673 2380 ex-

417 2431 641 2490 cutere;
675 2422 769 2478 sed
808 2437 993 2478 rerum
1032 2423 1089 2479 in
1149 2423 1396 2480 Ecclesia
1458 2434 1735 2497 gestarum
1774 2424 2064 2481 historiam
2099 2440 2202 2496 pro
2250 2424 2456 2479 virium
2520 2431 2833 2480 nostrarum
2900 2422 3125 2478 modulo
3189 2429 3501 2478 contexere.
3547 2416 3673 2484 Quo

419 2515 586 2587 igitur
630 2515 793 2571 modo
842 2514 1265 2572 Manichaeorum
1307 2515 1626 2587 superstitio
1669 2517 1835 2587 paulo
1859 2522 1987 2572 ante
2010 2513 2355 2571 Constantini
2379 2522 2623 2586 tempora
2642 2521 2833 2570 exorta
2861 2514 2955 2580 sit,
2984 2512 3204 2570 abunde
3238 2512 3447 2569 dictum
3494 2520 3580 2567 est
3637 2521 3669 2560 a

418 2607 596 2663 nobis.
639 2608 796 2664 Nunc
832 2623 966 2664 vero
1011 2608 1082 2664 ad
1139 2607 1436 2679 proposita:
1475 2608 1637 2666 nobis
1680 2609 1924 2666 historiae
1973 2607 2173 2666 seriem
2210 2615 2589 2665 revertamur.

1016 2763 1166 2821 CAP.
1194 2762 1386 2820 XXIII.

2674 2761 2925 2816 ΚΕΦΔΛ.
2964 2760 3099 2819 Kl".

418 2852 687 2921 Quomodo
712 2854 966 2909 Eusebius
1005 2855 1413 2910 Nicomediensis
1456 2864 1506 2909 et
1543 2856 1675 2910 Theo
1713 2857 1791 2912 nia
1834 2856 1987 2912 Nico}

487 2942 605 2981 nus.
625 2933 892 2981 resumpta
918 2924 1108 2981 ﬁducia
1130 2924 1399 2979 Nicamam
1424 2925 1582 2981 ﬁdem
1601 2872 1896 2981 suguertere
1915 2944 1987 2981 co-

2110 2836 2205 2921 Ὠς
2235 2855 2527 2921 Εὐσέϐιος
2552 2859 2587 2909 ό
2606 2853 3024 2924 Νικομηὸειας,
3066 2851 3166 2906 καὶ
3217 2851 3459 2921 Θέογνις
3499 2858 3532 2908 ό
3566 2855 3670 2909 Νι-

2164 2926 2341 2981 καίας
2375 2924 2915 2981 ἀναθαρσήσαντες
2932 2964 2948 2981 .
2983 2920 3268 2981 σπουδὴν
3313 2923 3668 2981 πεποίηνται

487 2942 605 2990 nus,
625 2933 892 2993 resumpta
917 2924 1108 2993 ﬁducia
1130 2924 1399 2979 Nictenam
1422 2925 1582 2994 ﬁdem
1601 2924 1896 2982 suﬁuertere
1915 2944 1999 2982 co-

487 2995 603 3048 nati
627 3001 768 3057 sunt,
793 2994 1004 3047 structis
1029 2994 1317 3048 Athanasio
1339 2994 1563 3050 insidiis.

2164 2920 2341 2992 καίας
2375 2920 2915 2993 ὰναθαρσήσὰνεες
2932 2964 2948 2989 ,
2983 2920 3291 2993 σπουδὴν-
3313 2920 3668 2993 πεποίηνται

2164 2990 2539 3063 παρατρέψαι
2562 2990 2767 3063 sane
2794 2993 3010 3062 Νικαίᾳ
3022 2990 3249 3059 πίστιν,
3265 2990 3361 3044 διὰ
3388 2992 3455 3046 τὸ
3478 3007 3667 3047 σκευ-

2161 3061 2507 3133 ωρῆσάσθαι
2547 3061 2911 3120 Ἀθανάσιον.

488 3155 759 3210 Eusebius
779 3160 836 3209 et
857 3153 1132 3226 Theognis
1156 3153 1227 3210 ab
1247 3154 1441 3210 exsilio
1474 3156 1701 3222 reversi,
1728 3156 1987 3214 ecclesias

2163 3156 2226 3210 0i
2259 3155 2388 3226 περὶ
2416 3153 2675 3209 Εὑσέδιον
2699 3153 2795 3207 καὶ
2825 3151 3046 3222 Θέογνιν
3070 3154 3174 3224 τῆς
3198 3152 3409 3225 ἐξορίας
3441 3154 3666 3207 ἐπανελ-

417 3247 638 3319 quidem
665 3262 792 3301 suas
830 3252 1179 3315 receperunt,
1202 3246 1463 3316 expulsis,
1492 3248 1572 3302 uti
1613 3233 1873 3314 diximus,
1904 3249 1992 3306 bis

417 3339 511 3410 qui
547 3338 603 3393 in
646 3337 889 3407 ipsorum
934 3336 1114 3392 locum
1156 3334 1377 3391 fuerant
1417 3337 1676 3393 ordinati.
1718 3337 1989 3393 Caeterum

418 3428 711 3483 maximam
748 3426 931 3498 adepti
955 3434 1085 3482 sunt
1120 3427 1500 3483 auctoritatem
1522 3430 1668 3499 apud
1690 3430 1989 3501 imperato-

417 3533 556 3583 rem,
579 3517 673 3589 qui
700 3517 825 3573 illos
851 3524 1108 3589 tanquam
1148 3532 1179 3572 a
1216 3517 1351 3574 falsa
1373 3520 1441 3575 ad
1463 3529 1670 3576 rectam
1695 3535 1990 3578 conversos

416 3607 743 3673 doctrinam,
768 3622 983 3663 summo
1005 3608 1063 3662 in
1088 3607 1297 3665 honore
1319 3608 1575 3665 habebat.
1604 3609 1685 3664 Illi
1706 3626 1837 3666 vero
1861 3626 1993 3667 con-

415 3715 570 3756 cessa
597 3698 733 3771 ipsis
775 3698 1031 3754 libertate
1063 3699 1243 3766 abusi,
1270 3699 1444 3755 multo
1480 3701 1786 3773 graviorem
1827 3716 1991 3771 quam

415 3791 509 3861 qui
533 3798 697 3845 antea
714 3788 912 3855 fuerat,
941 3789 1236 3844 tumultum
1254 3789 1311 3844 in
1336 3790 1469 3845 orbe
1494 3798 1765 3845 terrarum
1789 3789 1993 3845 excita-

414 3890 634 3947 verunt,
680 3880 893 3937 duabus
915 3880 1188 3952 praecipue
1210 3863 1394 3938 causis
1431 3897 1528 3938 eos
1561 3881 1989 3951 impellentibus,

414 3986 529 4032 tum
553 3976 670 4031 Arii
693 3975 949 4046 Opinione
972 3991 1078 4046 qua
1096 3975 1425 4049 jampridem
1444 3976 1707 4049 implicati
1732 3976 1993 4033 teneban-

2089 3247 2291 3312 θόντες,
2318 3246 2419 3311 τὰς
2457 3245 2556 3318 μὲν
2586 3245 2883 3318 ἐκκλησίας
2907 3245 3205 3300 κατέλαϐον
3224 3284 3242 3312 ,
3270 3245 3663 3317 ἐξωθήσαντες,

2084 3341 2160 3405 ὡς
2182 3340 2340 3411 ἔφην,
2370 3338 2499 3403 τοὺς
2523 3336 3000 3409 χειροτονηθέντας
3027 3338 3110 3401 είς
3146 3337 3238 3392 τὸν
3261 3337 3426 3392 τόπον
3460 3337 3660 3392 αὐτῶν.

2086 3429 2409 3501 Παρρησίαν
2429 3446 2491 3483 τε
2527 3432 2588 3484 οὺ
2618 3428 2717 3501 τὴν
2745 3428 3013 3500 τυχοῦσαν
3057 3431 3359 3502 ἐκτήσαντο
3404 3427 3554 3500 παρὰ
3585 3427 3665 3497 τῷ

2087 3519 2317 3591 βασιλεῖ,
2338 3518 2397 3582 dc
2420 3518 2560 3574 πάνυ
2590 3517 2677 3572 διὰ
2706 3517 2872 3590 τιμῆς
2892 3514 3029 3590 ἦγεν
3052 3519 3251 3584 αὐτοὺς
3272 3558 3287 3584 ,
3318 3518 3395 3582 ὡς
3424 3516 3531 3571 ἀπὸ
3560 3535 3661 3571 κα-

2086 3609 2328 3677 κοδοξίας
2355 3610 2434 3675 είς
2454 3608 2554 3680 τὴν
2580 3608 2889 3681 ὀρθοδοξίαν
2919 3609 3375 3681 ἐπιστρέψαντας.
3394 3609 3459 3662 Οί
3486 3608 3563 3675 δέ,
3593 3608 3661 3680 τῇ

2083 3701 2301 3774 δοθείσῃ
2320 3700 2604 3774 παρρησίᾳ
2631 3702 3131 3774 καταχρησάμενοι.
3158 3697 3380 3771 μείζονα
3407 3699 3508 3771 τῆς
3535 3717 3663 3772 προ-

2084 3790 2357 3863 λαὸούσης
2384 3791 2630 3864 ταραχὴν
2681 3795 2750 3865 τῇ
2784 3794 3074 3866 οἰκουμένῃ
3122 3792 3402 3863 ἐκίνησαν,
3450 3790 3662 3862 διχόθεν

2085 3883 2416 3956 ὁρμώμενοι,
2436 3885 2500 3938 ἐκ
2513 3900 2574 3939 τε
2599 3885 2697 3957 τῆς
2717 3883 3202 3958 προκατασχούσης
3223 3885 3422 3949 αὐτοὺς
3456 3885 3663 3957 Ἀρεια-

2087 3979 2187 4049 νῆς
2219 3975 2399 4047 δόξης,
2433 3977 2529 4031 καὶ
2555 3977 2622 4031 ἐκ
2648 3976 2746 4048 τῆς
2777 3976 2912 4050 πρὸς
2951 3976 3646 4049 Ἀθανάσιονδὰπεχθείας,

1609 4133 1874 4190 VALESII
1910 4133 2464 4191 ANNOTATIONES.

480 4246 593 4320 (2'5)
636 4246 953 4320 amica
990 4248 1177 4320 λόγον
1232 4244 1572 4320 Ἀρχελάου.
1611 4246 1977 4305 Scribendum

408 4316 753 4391 emacuiton
780 4316 1090 4391 Ἀρχελᾲουζ
1139 4317 1397 4391 Sequitur
1441 4316 1610 4391 enim
1638 4320 1970 4391 ἐντυχόντες.

409 4387 509 4461 llic
556 4387 1198 4461 Archelausepiscopus
1228 4387 1680 4461 'Mesopotamiae,
1720 4387 1971 4461 diSputa-

409 4456 612 4512 tionem
642 4473 805 4528 quam
828 4456 1113 4515 habuerat
1129 4459 1392 4528 adversus
1437 4456 1969 4528 Manichaaum,'Syro

409 4526 1022 4609 sermone'co‘mposuit,
1053 4543 1173 4609 qua;
1204 4526 1537 4609 itt'Grazcum
1572 4529 1832 4609 transtata
1873 4526 1976 4609 hu-
2009 4538 2056 4596 ι)

409 4594 571 4664 betur
595 4610 625 4648 a
661 4594 868 4659 multis,
900 4603 962 4649 ut
983 4594 1175 4651 scribit
1223 4594 1588 4664 Hieronymus
1629 4597 1683 4651 in
1730 4599 1872 4654 libro
1899 4598 1977 4653 De

408 4663 1391 4741 scriptoribus“ecclesiasticis.Ejus
1426 4663 1812 4741 disputationis
1857 4683 1977 4741 tne-3

410 4730 570 4785 minit
591 4733 758 4787 etiam
777 4730 1013 4802 Cyrillus
1034 4730 1561 4802 Hierosolvmitanus
1596 4734 1652 4787 in
1689 4735 1976 4791 Catechesi

410 4809 579 4856 sexta.
603 4802 777 4874 llujus
794 4802 977 4874 operis
1022 4802 1386 4874 fragmentum
1432 4817 1740 4874 penesdme
1778 4804 1976 4872 habeo,

409 4885 518 4943 quo
537 4871 854 4943 continetur
878 4871 1288 4943 historia'impii
1333 4889 1397 4929 ac
1433 4871 1638 4942 perfidi
1669 4871 1974 4931 Manichzei.

412 4941 518 4996 Sed
548 4941 852 5012 disputatio
892 4943 1013 5013 ejus
1055 4959 1179 4998 cum
1216 4941 1488 5000 Archelao
1542 4943 1820 5016 episcopo,
1856 4961 1979 5016 quae

2086 4249 2154 4322 ad
2189 4248 2395 4322 calcem
2409 4247 2662 4322 historiae
2682 4247 2916 4322 adtexta
2944 4255 3084 4322 erat,
3103 4248 3470 4322 desideratur.
3489 4249 3660 4322 Cujus

2080 4319 2205 4374 loco
2227 4318 2509 4389 subjicitur
2538 4318 2772 4389 epistola
2790 4317 3050 4373 Archelai
3076 4318 3165 4389 ad,
3199 4318 3499 4375 Diodorum
3531 4317 3658 4389 prc-

2077 4388 2381 4461 sbyterum.
2401 4388 2522 4461 Hoc
2533 4388 2960 4461 monumentum
2988 4388 3240 4445 Emerico
3266 4389 3477 4461 Bigotio
3505 4388 3567 4446 V.
3590 4389 3655 4446 C.

2074 4457 2199 4513 cuin
2230 4457 2417 4512 multis
2454 4458 2577 4513 aliis
2608 4457 2804 4513 debeo.

2152 4526 2263 4609 (24)
2463 4526 2829 4610 Heraclea
2849 4528 3137 4610 προεφεῖει
3191 4529 3503 4610 θρησκεία
3541 4531 3654 4610 Be-

2079 4596 2223 4682 gtius
2236 4596 2291 4678 iu
2321 4596 2512 4682 codice
2524 4596 2730 4682 pectus
2746 4596 3237 4682 Allatiiscriptum'
3255 4607 3340 4681 est
3360 4601 3654 4682 παρεφύει.

2080 4666 2178 4741 sic
2195 4666 2343 4720 enim
2365 4666 2612 4741 loquitur
2639 4664 2899 4741 Socrates
2937 4667 3015 4741 int
3038 4664 3317 4741 principio
3364 4664 3531 4741 hujus
3559 4684 3655 4726 ca-

2080 4736 2249 4806 pitis:
2287 4735 2543 4807 παρεφύη
2593 4735 2703 4818 γὰρ
2737 4738 2946 4860 fragm
2992 4735 3307 4809 ἔμπροσθεν
3345 4735 3456 4792 τῶν
3493 4742 3656 4794 Κων-

2084 4806 2360 4859 σταντίνου
2391 4806 2598 4860 γούνων
2627 4822 2705 4860 τω
2773 4805 2836 4860 λη
2877 4808 3338 4860 εῖνοιστιανισμῶ
3364 4807 3655 4860 ἑλληνίζων

2084 4805 2375 4859 σταντίνου
2391 4805 2609 4879 χρόνωνΔ
2627 4805 2705 4876 τῷ
2737 4805 3338 4879 ᾲληθεῖχριστιανινσμῷ
3364 4807 3655 4879 ἑλληνίζων

2083 4874 2515 4952 χριστιανισμός.
2561 4874 2881 4952 Metapbora
2930 4874 3016 4932 est
3063 4893 3097 4933 a
3129 4874 3267 4933 lolid
3309 4874 3367 4935 et
3402 4874 3651 4946 ziilniis,

2082 4943 2205 5016 qua:
2225 4943 2504 5000 frumento
2541 4943 2762 5001 adnasci
2783 4946 2978 5001 solent.

1862 5099 2237 5158 VARIORUM.

484 5222 511 5262 ιι
540 5218 697 5286 Πρὸς
732 5217 1099 5274 Ἀθανάσιον.
1124 5218 1474 5282 Athanasius,
1500 5216 1848 5272 Alexandriae
1867 5217 1968 5271 ho-

406 5289 578 5344 nestis
600 5289 920 5360 parentibus
941 5297 1123 5360 natus,
1158 5289 1227 5343 ab
1250 5288 1579 5360 Alexandro
1606 5286 1812 5360 ibidem
1850 5288 1971 5357 epi-

405 5375 573 5428 scopo
600 5357 866 5415 'notarius
920 5367 977 5414 et
1016 5359 1376 5416 diaconorum
1422 5357 1801 5428 primicerius-
1826 5371 1963 5428 con-

407 5420 632 5502 stitutus
662 5436 765 5484 est.
802 5429 861 5485 In
888 5430 1100 5502 synodo
1130 5431 1361 5502 Nycteua
1389 5420 1723 5502 Alexandro,
1768 5420 1962 5502 Arium

404 5498 622 5570 fortiter
649 5495 1005 5570 oppugnanti,
1030 5495 1530 5570 mira'dexteritate
1568 5495 1846 5570 suppetias
1872 5503 1962 5549 tu-

405 5569 488 5632 iit,
527 5577 585 5624 et
626 5565 998 5639 disputatione
1026 5569 1212 5623 habita
1262 5566 1509 5639 hazretici
1549 5565 1823 5639 versutias
1869 5580 1965 5618 ex-

406 5638 662 5707 pugnavit
684 5634 887 5703 {unde
908 5653 1007 5707 per
1026 5646 1195 5692 totam
1223 5635 1389 5707 vitam
1417 5635 1647 5707 Arianos
1667 5634 1771 5690 sibi
1797 5648 1961 5704 quam

404 5703 800 5763 infensissimos
843 5703 1103 5777 expertus
1141 5714 1244 5761 est.
1292 5705 1503 5777 Elapsis
1550 5706 1792 5775 quinque
1818 5703 1960 5773 post

2077 5216 2348 5291 synodum
2386 5224 2688 5290 mensibus,
2714 5232 2933 5278 mortuo
2971 5222 3302 5288 Alexandro,
3338 5237 3484 5276 anno
3524 5221 3649 5288 326,

2076 5290 2357 5363 communi
2389 5290 2801 5363 catholicorum
2824 5292 3088 5363 suffragio
3138 5291 3399 5348 Ecclesia:
3418 5292 3653 5363 Alexan-

2070 5358 2243 5416 drina:
2293 5361 2630 5430 praeﬁcitur,
2688 5362 2866 5417 aetatis
2910 5358 3026 5417 sua?
3072 5378 3216 5417 anno
3242 5402 3257 5427 ,
3297 5370 3360 5416 ut
3391 5362 3652 5430 videtur,

2069 5444 2256 5515 atavi“.
2277 5431 2421 5515 Yide
2436 5433 2556 5515 ejus
2578 5432 2897 5515 Apologiam
2919 5447 2977 5515 tt,
3012 5447 3067 5502 p.
3092 5432 3233 5515 τηε,
3252 5431 3346 5515 ubi
3377 5432 3652 5514 refutatur

2068 5499 2341 5555 calumnia
2392 5499 2882 5572 Arianorhquui
2920 5499 3175 5558 dixerant
3204 5501 3565 5572 Athanasium
3618 5518 3651 5559 a
3706 5556 3714 5564 ,

2068 5577 2277 5653 septem
2329 5579 2539 5653 tantum
2595 5572 2870 5653 episcopis
2917 5574 3058 5653 clam
3111 5573 3427 5653 ordinatum
3479 5571 3650 5653 fuisse
3709 5590 3714 5594 ·
3784 5614 3801 5627 ..

2066 5647 2257 5694 contra
2278 5638 2896 5699 voluntatem-omnium
2951 5642 3313 5712 reliquorum.
3343 5640 3509 5706 Cave,
3536 5641 3649 5697 Du-

2066 5722 2173 5761 PIN.
