  <div class='ocr_page' id='page_1' title='image "/cluster/home/n/w/nwhite01/storage/ocr_20150623/67/hvd.32044020707378/079.png"; bbox 0 0 4046 6204; ppageno 0'>
   <div class='ocr_carea' id='block_1_1' title="bbox 335 326 441 382">
    <p class='ocr_par' dir='ltr' id='par_1_1' title="bbox 335 326 441 382">
     <span class='ocr_line' id='line_1_1' title="bbox 335 326 441 382; baseline -0.028 1"><span class='ocrx_word' id='word_1_1' title='bbox 335 326 441 382; x_wconf 67' lang='lat' dir='ltr'><strong>MT</strong></span> 
     </span>
    </p>
   </div>
   <div class='ocr_carea' id='block_1_2' title="bbox 1748 330 2141 401">
    <p class='ocr_par' dir='ltr' id='par_1_2' title="bbox 1748 330 2141 401">
     <span class='ocr_line' id='line_1_2' title="bbox 1748 330 2141 401; baseline 0 -13"><span class='ocrx_word' id='word_1_2' title='bbox 1748 398 1752 401; x_wconf 15' lang='grc' dir='ltr'><strong>γ</strong></span> <span class='ocrx_word' id='word_1_3' title='bbox 1803 330 2141 388; x_wconf 80' lang='lat' dir='ltr'><strong>SOCRATIS</strong></span> 
     </span>
    </p>
   </div>
   <div class='ocr_carea' id='block_1_3' title="bbox 3512 332 3618 389">
    <p class='ocr_par' dir='ltr' id='par_1_3' title="bbox 3512 332 3618 389">
     <span class='ocr_line' id='line_1_3' title="bbox 3512 332 3618 389; baseline 0.028 -3"><span class='ocrx_word' id='word_1_4' title='bbox 3512 332 3618 389; x_wconf 69' lang='lat' dir='ltr'><strong>N8</strong></span> 
     </span>
    </p>
   </div>
   <div class='ocr_carea' id='block_1_4' title="bbox 330 441 3616 525">
    <p class='ocr_par' dir='ltr' id='par_1_4' title="bbox 330 441 3616 525">
     <span class='ocr_line' id='line_1_4' title="bbox 330 441 3616 525; baseline 0.003 -28"><span class='ocrx_word' id='word_1_5' title='bbox 330 458 458 497; x_wconf 86' lang='lat' dir='ltr'><strong>nam</strong></span> <span class='ocrx_word' id='word_1_6' title='bbox 479 450 660 496; x_wconf 85' lang='lat' dir='ltr'><strong>autem</strong></span> <span class='ocrx_word' id='word_1_7' title='bbox 695 441 858 497; x_wconf 86' lang='lat' dir='ltr'><strong>modo</strong></span> <span class='ocrx_word' id='word_1_8' title='bbox 893 442 947 496; x_wconf 91' lang='lat' dir='ltr'><strong>id</strong></span> <span class='ocrx_word' id='word_1_9' title='bbox 987 443 1063 498; x_wconf 84' lang='lat' dir='ltr'>illi</span> <span class='ocrx_word' id='word_1_10' title='bbox 1109 444 1463 516; x_wconf 88' lang='lat' dir='ltr'><strong>perfecerint,</strong></span> <span class='ocrx_word' id='word_1_11' title='bbox 1500 455 1556 501; x_wconf 89' lang='lat' dir='ltr'><strong>et</strong></span> <span class='ocrx_word' id='word_1_12' title='bbox 1618 455 1726 517; x_wconf 81' lang='lat' dir='ltr'><strong>qua</strong></span> <span class='ocrx_word' id='word_1_13' title='bbox 1769 448 1982 503; x_wconf 88' lang='lat' dir='ltr'><strong>ratione</strong></span> <span class='ocrx_word' id='word_1_14' title='bbox 2020 449 2341 520; x_wconf 79' lang='lat' dir='ltr'><strong>imperatori</strong></span> <span class='ocrx_word' id='word_1_15' title='bbox 2383 455 2760 525; x_wconf 84' lang='lat' dir='ltr'><strong>persuaserint</strong></span> <span class='ocrx_word' id='word_1_16' title='bbox 2803 463 2864 509; x_wconf 90' lang='lat' dir='ltr'><strong>ut</strong></span> <span class='ocrx_word' id='word_1_17' title='bbox 2928 454 3120 509; x_wconf 82' lang='lat' dir='ltr'><strong>Arium</strong></span> <span class='ocrx_word' id='word_1_18' title='bbox 3158 460 3214 509; x_wconf 90' lang='lat' dir='ltr'><strong>et</strong></span> <span class='ocrx_word' id='word_1_19' title='bbox 3251 449 3520 507; x_wconf 85' lang='lat' dir='ltr'><strong>Euzoium</strong></span> <span class='ocrx_word' id='word_1_20' title='bbox 3561 452 3616 507; x_wconf 88' lang='lat' dir='ltr'><strong>in</strong></span> 
     </span>
    </p>
   </div>
   <div class='ocr_carea' id='block_1_5' title="bbox 330 541 2522 613">
    <p class='ocr_par' dir='ltr' id='par_1_5' title="bbox 330 541 2522 613">
     <span class='ocr_line' id='line_1_5' title="bbox 330 541 2522 613; baseline 0.005 -20"><span class='ocrx_word' id='word_1_21' title='bbox 330 547 686 607; x_wconf 89' lang='lat' dir='ltr'><strong>conspectum</strong></span> <span class='ocrx_word' id='word_1_22' title='bbox 720 553 883 593; x_wconf 89' lang='lat' dir='ltr'><strong>suum</strong></span> <span class='ocrx_word' id='word_1_23' title='bbox 925 541 1115 597; x_wconf 86' lang='lat' dir='ltr'><strong>venire</strong></span> <span class='ocrx_word' id='word_1_24' title='bbox 1151 552 1455 613; x_wconf 87' lang='lat' dir='ltr'><strong>pateretur,</strong></span> <span class='ocrx_word' id='word_1_25' title='bbox 1500 558 1649 599; x_wconf 87' lang='lat' dir='ltr'><strong>nunc</strong></span> <span class='ocrx_word' id='word_1_26' title='bbox 1699 553 1916 613; x_wconf 85' lang='lat' dir='ltr'><strong>tempus</strong></span> <span class='ocrx_word' id='word_1_27' title='bbox 1953 551 2039 600; x_wconf 68' lang='grc' dir='ltr'>οιιι</span> <span class='ocrx_word' id='word_1_28' title='bbox 2066 562 2522 606; x_wconf 67' lang='lat' dir='ltr'><strong>commemorare.</strong></span> 
     </span>
    </p>
   </div>
   <div class='ocr_carea' id='block_1_6' title="bbox 874 658 1381 731">
    <p class='ocr_par' dir='ltr' id='par_1_6' title="bbox 874 658 1381 731">
     <span class='ocr_line' id='line_1_6' title="bbox 874 658 1381 731; baseline 0.004 -17"><span class='ocrx_word' id='word_1_29' title='bbox 874 658 986 731; x_wconf 72' lang='lat' dir='ltr'><strong>eo</strong></span> <span class='ocrx_word' id='word_1_30' title='bbox 1021 659 1172 716; x_wconf 84' lang='lat' dir='ltr'><strong>CAP.</strong></span> <span class='ocrx_word' id='word_1_31' title='bbox 1214 661 1381 718; x_wconf 78' lang='lat' dir='ltr'><strong>xxv.</strong></span> 
     </span>
    </p>
   </div>
   <div class='ocr_carea' id='block_1_7' title="bbox 402 741 2003 824">
    <p class='ocr_par' dir='ltr' id='par_1_7' title="bbox 402 741 2003 824">
     <span class='ocr_line' id='line_1_7' title="bbox 402 741 2003 824; baseline 0.004 -23"><span class='ocrx_word' id='word_1_32' title='bbox 402 747 482 803; x_wconf 81' lang='lat' dir='ltr'><strong>De</strong></span> <span class='ocrx_word' id='word_1_33' title='bbox 525 749 847 821; x_wconf 70' lang='lat' dir='ltr'><strong>presbytero,</strong></span> <span class='ocrx_word' id='word_1_34' title='bbox 891 752 981 822; x_wconf 81' lang='lat' dir='ltr'><strong>qui</strong></span> <span class='ocrx_word' id='word_1_35' title='bbox 1044 769 1263 824; x_wconf 82' lang='lat' dir='ltr'><strong><em>operam</em></strong></span> <span class='ocrx_word' id='word_1_36' title='bbox 1309 756 1522 809; x_wconf 78' lang='lat' dir='ltr'><strong>novavit</strong></span> <span class='ocrx_word' id='word_1_37' title='bbox 1579 765 1638 808; x_wconf 84' lang='lat' dir='ltr'><strong>ut</strong></span> <span class='ocrx_word' id='word_1_38' title='bbox 1694 755 1854 810; x_wconf 79' lang='lat' dir='ltr'><strong>Arius</strong></span> <span class='ocrx_word' id='word_1_39' title='bbox 1956 741 2003 798; x_wconf 70' lang='grc' dir='ltr'><strong>Α</strong></span> 
     </span>
    </p>
   </div>
   <div class='ocr_carea' id='block_1_8' title="bbox 946 832 1311 878">
    <p class='ocr_par' dir='ltr' id='par_1_8' title="bbox 946 832 1311 878">
     <span class='ocr_line' id='line_1_8' title="bbox 946 832 1311 878; baseline 0.003 -2"><span class='ocrx_word' id='word_1_40' title='bbox 946 838 1104 877; x_wconf 74' lang='grc' dir='ltr'>τευοε</span> <span class='ocrx_word' id='word_1_41' title='bbox 1106 832 1290 878; x_wconf 83' lang='lat' dir='ltr'><strong>aretur</strong></span> <span class='ocrx_word' id='word_1_42' title='bbox 1296 864 1311 877; x_wconf 86' lang='lat'><strong>.</strong></span> 
     </span>
    </p>
   </div>
   <div class='ocr_carea' id='block_1_9' title="bbox 406 907 1929 985">
    <p class='ocr_par' dir='ltr' id='par_1_9' title="bbox 406 907 1929 985">
     <span class='ocr_line' id='line_1_9' title="bbox 406 907 1929 985; baseline 0.005 -21"><span class='ocrx_word' id='word_1_43' title='bbox 406 907 807 969; x_wconf 81' lang='lat' dir='ltr'><strong>Constantinus</strong></span> <span class='ocrx_word' id='word_1_44' title='bbox 843 913 979 985; x_wconf 86' lang='lat' dir='ltr'><strong>imp.</strong></span> <span class='ocrx_word' id='word_1_45' title='bbox 1005 930 1257 971; x_wconf 83' lang='lat' dir='ltr'><strong>sororem</strong></span> <span class='ocrx_word' id='word_1_46' title='bbox 1274 916 1500 983; x_wconf 83' lang='lat' dir='ltr'><strong>‘habuit,</strong></span> <span class='ocrx_word' id='word_1_47' title='bbox 1531 917 1755 973; x_wconf 86' lang='lat' dir='ltr'><strong>nomine</strong></span> <span class='ocrx_word' id='word_1_48' title='bbox 1784 916 1929 973; x_wconf 86' lang='lat' dir='ltr'><strong>Con-</strong></span> 
     </span>
    </p>
   </div>
   <div class='ocr_carea' id='block_1_10' title="bbox 336 1004 1931 1080">
    <p class='ocr_par' dir='ltr' id='par_1_10' title="bbox 336 1004 1931 1080">
     <span class='ocr_line' id='line_1_10' title="bbox 336 1004 1931 1080; baseline 0.004 -23"><span class='ocrx_word' id='word_1_49' title='bbox 336 1004 616 1060; x_wconf 73' lang='lat' dir='ltr'><strong>stantiam.</strong></span> <span class='ocrx_word' id='word_1_50' title='bbox 638 1006 819 1076; x_wconf 80' lang='lat' dir='ltr'><strong>Nupta</strong></span> <span class='ocrx_word' id='word_1_51' title='bbox 838 1007 966 1071; x_wconf 68' lang='lat' dir='ltr'><strong>‘hasc</strong></span> <span class='ocrx_word' id='word_1_52' title='bbox 997 1008 1131 1064; x_wconf 87' lang='lat' dir='ltr'><strong>olim</strong></span> <span class='ocrx_word' id='word_1_53' title='bbox 1155 1008 1338 1065; x_wconf 78' lang='lat' dir='ltr'><strong>fuerat</strong></span> <span class='ocrx_word' id='word_1_54' title='bbox 1371 1009 1613 1076; x_wconf 90' lang='lat' dir='ltr'><strong>Licinio,</strong></span> <span class='ocrx_word' id='word_1_55' title='bbox 1642 1009 1740 1080; x_wconf 74' lang='lat' dir='ltr'><strong>qui</strong></span> <span class='ocrx_word' id='word_1_56' title='bbox 1773 1009 1931 1080; x_wconf 88' lang='lat' dir='ltr'><strong>prius</strong></span> 
     </span>
    </p>
   </div>
   <div class='ocr_carea' id='block_1_11' title="bbox 335 1096 1930 1173">
    <p class='ocr_par' dir='ltr' id='par_1_11' title="bbox 335 1096 1930 1173">
     <span class='ocr_line' id='line_1_11' title="bbox 335 1096 1930 1173; baseline 0.004 -23"><span class='ocrx_word' id='word_1_57' title='bbox 335 1096 559 1166; x_wconf 85' lang='lat' dir='ltr'><strong>quidem</strong></span> <span class='ocrx_word' id='word_1_58' title='bbox 599 1114 710 1154; x_wconf 87' lang='lat' dir='ltr'><strong>una</strong></span> <span class='ocrx_word' id='word_1_59' title='bbox 735 1114 866 1154; x_wconf 88' lang='lat' dir='ltr'><strong>cum</strong></span> <span class='ocrx_word' id='word_1_60' title='bbox 887 1099 1252 1157; x_wconf 81' lang='lat' dir='ltr'><strong>Constantino</strong></span> <span class='ocrx_word' id='word_1_61' title='bbox 1277 1102 1647 1173; x_wconf 79' lang='lat' dir='ltr'><strong>imperaverat</strong></span> <span class='ocrx_word' id='word_1_62' title='bbox 1678 1139 1696 1165; x_wconf 86' lang='lat'><em>.</em></span> <span class='ocrx_word' id='word_1_63' title='bbox 1730 1109 1930 1173; x_wconf 80' lang='lat' dir='ltr'><strong>postea</strong></span> 
     </span>
    </p>
   </div>
   <div class='ocr_carea' id='block_1_12' title="bbox 336 1189 1933 1267">
    <p class='ocr_par' dir='ltr' id='par_1_12' title="bbox 336 1189 1933 1267">
     <span class='ocr_line' id='line_1_12' title="bbox 336 1189 1933 1267; baseline 0.003 -23"><span class='ocrx_word' id='word_1_64' title='bbox 336 1204 471 1245; x_wconf 84' lang='lat' dir='ltr'><strong>vero</strong></span> <span class='ocrx_word' id='word_1_65' title='bbox 500 1189 570 1245; x_wconf 91' lang='lat' dir='ltr'><strong>ad</strong></span> <span class='ocrx_word' id='word_1_66' title='bbox 612 1192 963 1263; x_wconf 84' lang='lat' dir='ltr'><strong>tyrannidem</strong></span> <span class='ocrx_word' id='word_1_67' title='bbox 987 1196 1300 1267; x_wconf 85' lang='lat' dir='ltr'><strong>prolapsus,</strong></span> <span class='ocrx_word' id='word_1_68' title='bbox 1328 1210 1451 1253; x_wconf 86' lang='lat' dir='ltr'><strong>eam</strong></span> <span class='ocrx_word' id='word_1_69' title='bbox 1482 1195 1555 1250; x_wconf 92' lang='lat' dir='ltr'><strong>ob</strong></span> <span class='ocrx_word' id='word_1_70' title='bbox 1584 1208 1807 1251; x_wconf 78' lang='lat' dir='ltr'><strong>causam</strong></span> <span class='ocrx_word' id='word_1_71' title='bbox 1847 1194 1933 1249; x_wconf 89' lang='lat' dir='ltr'><strong>in-</strong></span> 
     </span>
    </p>
   </div>
   <div class='ocr_carea' id='block_1_13' title="bbox 338 1282 1932 1360">
    <p class='ocr_par' dir='ltr' id='par_1_13' title="bbox 338 1282 1932 1360">
     <span class='ocr_line' id='line_1_13' title="bbox 338 1282 1932 1360; baseline 0.003 -25"><span class='ocrx_word' id='word_1_72' title='bbox 338 1282 604 1339; x_wconf 84' lang='lat' dir='ltr'><strong>terfectus</strong></span> <span class='ocrx_word' id='word_1_73' title='bbox 626 1290 734 1340; x_wconf 88' lang='lat' dir='ltr'><strong>est.</strong></span> <span class='ocrx_word' id='word_1_74' title='bbox 766 1285 910 1341; x_wconf 85' lang='lat' dir='ltr'><strong>Huic</strong></span> <span class='ocrx_word' id='word_1_75' title='bbox 931 1285 1223 1342; x_wconf 78' lang='lat' dir='ltr'><strong>familiaris</strong></span> <span class='ocrx_word' id='word_1_76' title='bbox 1246 1295 1366 1343; x_wconf 85' lang='lat' dir='ltr'><strong>erat</strong></span> <span class='ocrx_word' id='word_1_77' title='bbox 1378 1287 1675 1360; x_wconf 82' lang='lat' dir='ltr'><strong>presbyter</strong></span> <span class='ocrx_word' id='word_1_78' title='bbox 1702 1285 1932 1359; x_wconf 89' lang='lat' dir='ltr'><strong>quidam</strong></span> 
     </span>
    </p>
   </div>
   <div class='ocr_carea' id='block_1_14' title="bbox 337 1371 1931 1450">
    <p class='ocr_par' dir='ltr' id='par_1_14' title="bbox 337 1371 1931 1450">
     <span class='ocr_line' id='line_1_14' title="bbox 337 1371 1931 1450; baseline 0.004 -24"><span class='ocrx_word' id='word_1_79' title='bbox 337 1371 556 1429; x_wconf 65' lang='lat' dir='ltr'><strong>Ariana</strong></span> <span class='ocrx_word' id='word_1_80' title='bbox 584 1373 776 1431; x_wconf 86' lang='lat' dir='ltr'><strong>favens</strong></span> <span class='ocrx_word' id='word_1_81' title='bbox 814 1384 1012 1444; x_wconf 67' lang='lat' dir='ltr'><strong>sectae;</strong></span> <span class='ocrx_word' id='word_1_82' title='bbox 1055 1378 1304 1449; x_wconf 85' lang='lat' dir='ltr'><strong>adeoque</strong></span> <span class='ocrx_word' id='word_1_83' title='bbox 1328 1379 1480 1434; x_wconf 83' lang='lat' dir='ltr'><strong>inter</strong></span> <span class='ocrx_word' id='word_1_84' title='bbox 1505 1379 1629 1450; x_wconf 87' lang='lat' dir='ltr'><strong>ejus</strong></span> <span class='ocrx_word' id='word_1_85' title='bbox 1664 1377 1931 1433; x_wconf 89' lang='lat' dir='ltr'><strong>domesti-</strong></span> 
     </span>
    </p>
   </div>
   <div class='ocr_carea' id='block_1_15' title="bbox 340 1464 1936 1539">
    <p class='ocr_par' dir='ltr' id='par_1_15' title="bbox 340 1464 1936 1539">
     <span class='ocr_line' id='line_1_15' title="bbox 340 1464 1936 1539; baseline 0.003 -21"><span class='ocrx_word' id='word_1_86' title='bbox 340 1478 437 1519; x_wconf 86' lang='lat' dir='ltr'><strong>cos</strong></span> <span class='ocrx_word' id='word_1_87' title='bbox 476 1464 830 1521; x_wconf 85' lang='lat' dir='ltr'><strong>censebatur.</strong></span> <span class='ocrx_word' id='word_1_88' title='bbox 873 1467 985 1523; x_wconf 81' lang='lat' dir='ltr'><strong>Iste</strong></span> <span class='ocrx_word' id='word_1_89' title='bbox 1019 1467 1189 1539; x_wconf 79' lang='lat' dir='ltr'><strong>igitur</strong></span> <span class='ocrx_word' id='word_1_90' title='bbox 1220 1468 1291 1524; x_wconf 81' lang='lat' dir='ltr'><strong>ab</strong></span> <span class='ocrx_word' id='word_1_91' title='bbox 1335 1468 1579 1524; x_wconf 88' lang='lat' dir='ltr'><strong>Eusebio</strong></span> <span class='ocrx_word' id='word_1_92' title='bbox 1607 1475 1665 1524; x_wconf 87' lang='lat' dir='ltr'><strong>et</strong></span> <span class='ocrx_word' id='word_1_93' title='bbox 1702 1467 1936 1539; x_wconf 89' lang='lat' dir='ltr'><strong>reliquis</strong></span> 
     </span>
    </p>
   </div>
   <div class='ocr_carea' id='block_1_16' title="bbox 339 1555 1937 1629">
    <p class='ocr_par' dir='ltr' id='par_1_16' title="bbox 339 1555 1937 1629">
     <span class='ocr_line' id='line_1_16' title="bbox 339 1555 1937 1629; baseline 0.003 -19"><span class='ocrx_word' id='word_1_94' title='bbox 339 1556 592 1627; x_wconf 80' lang='lat' dir='ltr'><strong>ejusdem</strong></span> <span class='ocrx_word' id='word_1_95' title='bbox 632 1555 890 1613; x_wconf 83' lang='lat' dir='ltr'><strong>factionis</strong></span> <span class='ocrx_word' id='word_1_96' title='bbox 942 1557 1234 1629; x_wconf 80' lang='lat' dir='ltr'><strong>impulsus,</strong></span> <span class='ocrx_word' id='word_1_97' title='bbox 1276 1561 1341 1614; x_wconf 82' lang='lat' dir='ltr'><strong>in</strong></span> <span class='ocrx_word' id='word_1_98' title='bbox 1384 1559 1752 1616; x_wconf 80' lang='lat' dir='ltr'><strong>familiaribus</strong></span> <span class='ocrx_word' id='word_1_99' title='bbox 1807 1575 1937 1615; x_wconf 88' lang='lat' dir='ltr'><strong>cum</strong></span> 
     </span>
    </p>
   </div>
   <div class='ocr_carea' id='block_1_17' title="bbox 339 1646 1933 1719">
    <p class='ocr_par' dir='ltr' id='par_1_17' title="bbox 339 1646 1933 1719">
     <span class='ocr_line' id='line_1_17' title="bbox 339 1646 1933 1719; baseline 0.003 -17"><span class='ocrx_word' id='word_1_100' title='bbox 339 1646 661 1705; x_wconf 83' lang='lat' dir='ltr'><strong>Constantia</strong></span> <span class='ocrx_word' id='word_1_101' title='bbox 681 1648 995 1719; x_wconf 86' lang='lat' dir='ltr'><strong>colloquiis,</strong></span> <span class='ocrx_word' id='word_1_102' title='bbox 1015 1664 1328 1706; x_wconf 80' lang='lat' dir='ltr'><strong>sermonem</strong></span> <span class='ocrx_word' id='word_1_103' title='bbox 1347 1650 1674 1706; x_wconf 85' lang='lat' dir='ltr'><strong>interseruit</strong></span> <span class='ocrx_word' id='word_1_104' title='bbox 1687 1650 1757 1707; x_wconf 90' lang='lat' dir='ltr'><strong>de</strong></span> <span class='ocrx_word' id='word_1_105' title='bbox 1770 1650 1933 1719; x_wconf 76' lang='lat' dir='ltr'><strong>Ario;</strong></span> 
     </span>
    </p>
   </div>
   <div class='ocr_carea' id='block_1_18' title="bbox 342 1738 1942 1815">
    <p class='ocr_par' dir='ltr' id='par_1_18' title="bbox 342 1738 1942 1815">
     <span class='ocr_line' id='line_1_18' title="bbox 342 1738 1942 1815; baseline 0.005 -22"><span class='ocrx_word' id='word_1_106' title='bbox 342 1738 501 1793; x_wconf 88' lang='lat' dir='ltr'><strong>illum</strong></span> <span class='ocrx_word' id='word_1_107' title='bbox 526 1738 736 1811; x_wconf 81' lang='lat' dir='ltr'><strong>injuria</strong></span> <span class='ocrx_word' id='word_1_108' title='bbox 763 1740 1026 1797; x_wconf 79' lang='lat' dir='ltr'><strong>aﬁ‘ectum</strong></span> <span class='ocrx_word' id='word_1_109' title='bbox 1048 1756 1171 1798; x_wconf 83' lang='lat' dir='ltr'><strong>esse</strong></span> <span class='ocrx_word' id='word_1_110' title='bbox 1189 1742 1385 1800; x_wconf 87' lang='lat' dir='ltr'><strong>dicens</strong></span> <span class='ocrx_word' id='word_1_111' title='bbox 1410 1758 1445 1798; x_wconf 90' lang='lat' dir='ltr'><strong>a</strong></span> <span class='ocrx_word' id='word_1_112' title='bbox 1474 1741 1708 1815; x_wconf 85' lang='lat' dir='ltr'><strong>synodo,</strong></span> <span class='ocrx_word' id='word_1_113' title='bbox 1738 1757 1844 1800; x_wconf 88' lang='lat' dir='ltr'><strong>nec</strong></span> <span class='ocrx_word' id='word_1_114' title='bbox 1862 1743 1942 1801; x_wconf 86' lang='lat' dir='ltr'><strong>ita</strong></span> 
     </span>
    </p>
   </div>
   <div class='ocr_carea' id='block_1_19' title="bbox 342 1818 1953 1904">
    <p class='ocr_par' dir='ltr' id='par_1_19' title="bbox 342 1818 1953 1904">
     <span class='ocr_line' id='line_1_19' title="bbox 342 1818 1953 1904; baseline 0.002 -17"><span class='ocrx_word' id='word_1_115' title='bbox 342 1830 556 1887; x_wconf 76' lang='lat' dir='ltr'><strong>sentire</strong></span> <span class='ocrx_word' id='word_1_116' title='bbox 593 1839 658 1887; x_wconf 89' lang='lat' dir='ltr'><strong>ut</strong></span> <span class='ocrx_word' id='word_1_117' title='bbox 702 1846 927 1889; x_wconf 88' lang='lat' dir='ltr'><strong>rumore</strong></span> <span class='ocrx_word' id='word_1_118' title='bbox 968 1832 1118 1904; x_wconf 79' lang='lat' dir='ltr'><strong>vulgi</strong></span> <span class='ocrx_word' id='word_1_119' title='bbox 1164 1832 1467 1890; x_wconf 75' lang='lat' dir='ltr'><strong>ferebatur.</strong></span> <span class='ocrx_word' id='word_1_120' title='bbox 1498 1818 1652 1902; x_wconf 48' lang='lat' dir='ltr'><strong>Qum.</strong></span> <span class='ocrx_word' id='word_1_121' title='bbox 1678 1848 1804 1889; x_wconf 87' lang='lat' dir='ltr'><strong>cum</strong></span> <span class='ocrx_word' id='word_1_122' title='bbox 1834 1848 1953 1891; x_wconf 64' lang='grc' dir='ltr'>ιιι-ι</span> 
     </span>
    </p>
   </div>
   <div class='ocr_carea' id='block_1_20' title="bbox 344 1919 1938 1998">
    <p class='ocr_par' dir='ltr' id='par_1_20' title="bbox 344 1919 1938 1998">
     <span class='ocr_line' id='line_1_20' title="bbox 344 1919 1938 1998; baseline 0.005 -22"><span class='ocrx_word' id='word_1_123' title='bbox 344 1919 520 1978; x_wconf 88' lang='lat' dir='ltr'><strong>disset</strong></span> <span class='ocrx_word' id='word_1_124' title='bbox 540 1921 884 1990; x_wconf 83' lang='lat' dir='ltr'><strong>Constantia,</strong></span> <span class='ocrx_word' id='word_1_125' title='bbox 914 1924 1245 1997; x_wconf 81' lang='lat' dir='ltr'><strong>presbytero</strong></span> <span class='ocrx_word' id='word_1_126' title='bbox 1293 1926 1520 1998; x_wconf 79' lang='lat' dir='ltr'><strong>quidem</strong></span> <span class='ocrx_word' id='word_1_127' title='bbox 1552 1927 1714 1987; x_wconf 81' lang='lat' dir='ltr'><strong>facile</strong></span> <span class='ocrx_word' id='word_1_128' title='bbox 1753 1929 1938 1987; x_wconf 81' lang='lat' dir='ltr'><strong>credi-</strong></span> 
     </span>
    </p>
   </div>
   <div class='ocr_carea' id='block_1_21' title="bbox 344 2013 1941 2087">
    <p class='ocr_par' dir='ltr' id='par_1_21' title="bbox 344 2013 1941 2087">
     <span class='ocr_line' id='line_1_21' title="bbox 344 2013 1941 2087; baseline 0.007 -20"><span class='ocrx_word' id='word_1_129' title='bbox 344 2013 465 2068; x_wconf 88' lang='lat' dir='ltr'><strong>dit:</strong></span> <span class='ocrx_word' id='word_1_130' title='bbox 489 2013 588 2070; x_wconf 88' lang='lat' dir='ltr'><strong>sed</strong></span> <span class='ocrx_word' id='word_1_131' title='bbox 619 2014 941 2087; x_wconf 77' lang='lat' dir='ltr'><strong>imperatori</strong></span> <span class='ocrx_word' id='word_1_132' title='bbox 967 2016 1155 2074; x_wconf 86' lang='lat' dir='ltr'><strong>dicere</strong></span> <span class='ocrx_word' id='word_1_133' title='bbox 1183 2019 1414 2077; x_wconf 86' lang='lat' dir='ltr'><strong>minime</strong></span> <span class='ocrx_word' id='word_1_134' title='bbox 1443 2035 1577 2077; x_wconf 85' lang='lat' dir='ltr'><strong>ansa</strong></span> <span class='ocrx_word' id='word_1_135' title='bbox 1590 2029 1700 2078; x_wconf 88' lang='lat' dir='ltr'><strong>est.</strong></span> <span class='ocrx_word' id='word_1_136' title='bbox 1726 2021 1941 2079; x_wconf 82' lang='lat' dir='ltr'><strong>Accidit</strong></span> 
     </span>
    </p>
   </div>
   <div class='ocr_carea' id='block_1_22' title="bbox 345 2107 1934 2185">
    <p class='ocr_par' dir='ltr' id='par_1_22' title="bbox 345 2107 1934 2185">
     <span class='ocr_line' id='line_1_22' title="bbox 345 2107 1934 2185; baseline 0.006 -22"><span class='ocrx_word' id='word_1_137' title='bbox 345 2107 561 2165; x_wconf 75' lang='lat' dir='ltr'><strong>interea</strong></span> <span class='ocrx_word' id='word_1_138' title='bbox 583 2117 646 2165; x_wconf 88' lang='lat' dir='ltr'><strong>ut</strong></span> <span class='ocrx_word' id='word_1_139' title='bbox 662 2109 989 2168; x_wconf 87' lang='lat' dir='ltr'><strong>Constantia</strong></span> <span class='ocrx_word' id='word_1_140' title='bbox 1013 2111 1073 2167; x_wconf 90' lang='lat' dir='ltr'><strong>in</strong></span> <span class='ocrx_word' id='word_1_141' title='bbox 1099 2128 1324 2185; x_wconf 78' lang='lat' dir='ltr'><strong>gravem</strong></span> <span class='ocrx_word' id='word_1_142' title='bbox 1357 2115 1614 2171; x_wconf 85' lang='lat' dir='ltr'><strong>morbum</strong></span> <span class='ocrx_word' id='word_1_143' title='bbox 1644 2116 1934 2173; x_wconf 86' lang='lat' dir='ltr'><strong>incideret.</strong></span> 
     </span>
    </p>
   </div>
   <div class='ocr_carea' id='block_1_23' title="bbox 345 2200 1938 2277">
    <p class='ocr_par' dir='ltr' id='par_1_23' title="bbox 345 2200 1938 2277">
     <span class='ocr_line' id='line_1_23' title="bbox 345 2200 1938 2277; baseline 0.004 -20"><span class='ocrx_word' id='word_1_144' title='bbox 345 2200 483 2257; x_wconf 89' lang='lat' dir='ltr'><strong>Eam</strong></span> <span class='ocrx_word' id='word_1_145' title='bbox 514 2202 815 2275; x_wconf 89' lang='lat' dir='ltr'><strong>imperator</strong></span> <span class='ocrx_word' id='word_1_146' title='bbox 838 2212 1198 2277; x_wconf 73' lang='lat' dir='ltr'><strong>aegrotantem</strong></span> <span class='ocrx_word' id='word_1_147' title='bbox 1222 2205 1442 2264; x_wconf 82' lang='lat' dir='ltr'><strong>assidue</strong></span> <span class='ocrx_word' id='word_1_148' title='bbox 1480 2208 1772 2265; x_wconf 85' lang='lat' dir='ltr'><strong>invisebat.</strong></span> <span class='ocrx_word' id='word_1_149' title='bbox 1796 2207 1938 2266; x_wconf 89' lang='lat' dir='ltr'><strong>Cum</strong></span> 
     </span>
    </p>
   </div>
   <div class='ocr_carea' id='block_1_24' title="bbox 347 2296 1941 2368">
    <p class='ocr_par' dir='ltr' id='par_1_24' title="bbox 347 2296 1941 2368">
     <span class='ocr_line' id='line_1_24' title="bbox 347 2296 1941 2368; baseline 0.004 -19"><span class='ocrx_word' id='word_1_150' title='bbox 347 2301 535 2350; x_wconf 88' lang='lat' dir='ltr'><strong>autem</strong></span> <span class='ocrx_word' id='word_1_151' title='bbox 595 2296 825 2352; x_wconf 83' lang='lat' dir='ltr'><strong>morbus</strong></span> <span class='ocrx_word' id='word_1_152' title='bbox 876 2297 1125 2367; x_wconf 84' lang='lat' dir='ltr'><strong>quotidie</strong></span> <span class='ocrx_word' id='word_1_153' title='bbox 1167 2298 1600 2368; x_wconf 79' lang='lat' dir='ltr'><strong>ingravesceret,</strong></span> <span class='ocrx_word' id='word_1_154' title='bbox 1645 2307 1705 2357; x_wconf 92' lang='lat' dir='ltr'><strong>et</strong></span> <span class='ocrx_word' id='word_1_155' title='bbox 1737 2300 1941 2358; x_wconf 87' lang='lat' dir='ltr'><strong>mulier</strong></span> 
     </span>
    </p>
   </div>
   <div class='ocr_carea' id='block_1_25' title="bbox 346 2386 1942 2460">
    <p class='ocr_par' dir='ltr' id='par_1_25' title="bbox 346 2386 1942 2460">
     <span class='ocr_line' id='line_1_25' title="bbox 346 2386 1942 2460; baseline 0.004 -21"><span class='ocrx_word' id='word_1_156' title='bbox 346 2393 586 2440; x_wconf 88' lang='lat' dir='ltr'><strong>mortem</strong></span> <span class='ocrx_word' id='word_1_157' title='bbox 635 2386 749 2457; x_wconf 90' lang='lat' dir='ltr'><strong>jam</strong></span> <span class='ocrx_word' id='word_1_158' title='bbox 809 2395 1175 2459; x_wconf 80' lang='lat' dir='ltr'><strong>exspectaret,</strong></span> <span class='ocrx_word' id='word_1_159' title='bbox 1221 2389 1545 2460; x_wconf 86' lang='lat' dir='ltr'><strong>imperatori</strong></span> <span class='ocrx_word' id='word_1_160' title='bbox 1591 2392 1942 2448; x_wconf 89' lang='lat' dir='ltr'><strong>commendat</strong></span> 
     </span>
    </p>
   </div>
   <div class='ocr_carea' id='block_1_26' title="bbox 348 2474 1941 2552">
    <p class='ocr_par' dir='ltr' id='par_1_26' title="bbox 348 2474 1941 2552">
     <span class='ocr_line' id='line_1_26' title="bbox 348 2474 1941 2552; baseline 0.006 -24"><span class='ocrx_word' id='word_1_161' title='bbox 348 2474 757 2546; x_wconf 85' lang='lat' dir='ltr'><strong>presbyterum,</strong></span> <span class='ocrx_word' id='word_1_162' title='bbox 791 2476 1120 2534; x_wconf 84' lang='lat' dir='ltr'><strong>industriam</strong></span> <span class='ocrx_word' id='word_1_163' title='bbox 1149 2481 1269 2551; x_wconf 89' lang='lat' dir='ltr'><strong>ejus</strong></span> <span class='ocrx_word' id='word_1_164' title='bbox 1302 2496 1368 2536; x_wconf 88' lang='lat' dir='ltr'><strong>ac</strong></span> <span class='ocrx_word' id='word_1_165' title='bbox 1401 2479 1747 2552; x_wconf 75' lang='lat' dir='ltr'><strong>religionem,</strong></span> <span class='ocrx_word' id='word_1_166' title='bbox 1771 2481 1941 2537; x_wconf 87' lang='lat' dir='ltr'><strong>devo-</strong></span> 
     </span>
    </p>
   </div>
   <div class='ocr_carea' id='block_1_27' title="bbox 349 2566 1945 2639">
    <p class='ocr_par' dir='ltr' id='par_1_27' title="bbox 349 2566 1945 2639">
     <span class='ocr_line' id='line_1_27' title="bbox 349 2566 1945 2639; baseline 0.004 -20"><span class='ocrx_word' id='word_1_167' title='bbox 349 2572 572 2636; x_wconf 86' lang='lat' dir='ltr'><strong>tamque</strong></span> <span class='ocrx_word' id='word_1_168' title='bbox 595 2566 864 2637; x_wconf 86' lang='lat' dir='ltr'><strong>principis</strong></span> <span class='ocrx_word' id='word_1_169' title='bbox 896 2568 1164 2639; x_wconf 89' lang='lat' dir='ltr'><strong>obsequio</strong></span> <span class='ocrx_word' id='word_1_170' title='bbox 1196 2569 1360 2626; x_wconf 89' lang='lat' dir='ltr'><strong>ﬁdem</strong></span> <span class='ocrx_word' id='word_1_171' title='bbox 1399 2585 1464 2626; x_wconf 87' lang='lat' dir='ltr'><strong>ac</strong></span> <span class='ocrx_word' id='word_1_172' title='bbox 1497 2571 1945 2627; x_wconf 81' lang='lat' dir='ltr'><strong>benevolentiam</strong></span> 
     </span>
    </p>
   </div>
   <div class='ocr_carea' id='block_1_28' title="bbox 350 2657 1946 2732">
    <p class='ocr_par' dir='ltr' id='par_1_28' title="bbox 350 2657 1946 2732">
     <span class='ocr_line' id='line_1_28' title="bbox 350 2657 1946 2732; baseline 0.002 -19"><span class='ocrx_word' id='word_1_173' title='bbox 350 2657 675 2714; x_wconf 87' lang='lat' dir='ltr'><strong>testimonio</strong></span> <span class='ocrx_word' id='word_1_174' title='bbox 738 2672 842 2715; x_wconf 86' lang='lat' dir='ltr'><strong>suo</strong></span> <span class='ocrx_word' id='word_1_175' title='bbox 896 2660 1247 2717; x_wconf 85' lang='lat' dir='ltr'><strong>conﬁrmans.</strong></span> <span class='ocrx_word' id='word_1_176' title='bbox 1297 2661 1365 2716; x_wconf 85' lang='lat' dir='ltr'><strong>Et</strong></span> <span class='ocrx_word' id='word_1_177' title='bbox 1406 2661 1499 2716; x_wconf 91' lang='lat' dir='ltr'><strong>illa</strong></span> <span class='ocrx_word' id='word_1_178' title='bbox 1546 2661 1772 2732; x_wconf 86' lang='lat' dir='ltr'><strong>quidem</strong></span> <span class='ocrx_word' id='word_1_179' title='bbox 1832 2676 1946 2716; x_wconf 91' lang='lat' dir='ltr'><strong>non</strong></span> 
     </span>
    </p>
   </div>
   <div class='ocr_carea' id='block_1_29' title="bbox 295 2750 1945 2823">
    <p class='ocr_par' dir='ltr' id='par_1_29' title="bbox 295 2750 1945 2823">
     <span class='ocr_line' id='line_1_29' title="bbox 295 2750 1945 2823; baseline 0.002 -19"><span class='ocrx_word' id='word_1_180' title='bbox 295 2785 305 2793; x_wconf 86' lang='lat'><strong>-</strong></span> <span class='ocrx_word' id='word_1_181' title='bbox 351 2750 527 2806; x_wconf 89' lang='lat' dir='ltr'><strong>multo</strong></span> <span class='ocrx_word' id='word_1_182' title='bbox 556 2758 683 2821; x_wconf 91' lang='lat' dir='ltr'><strong>post</strong></span> <span class='ocrx_word' id='word_1_183' title='bbox 705 2751 818 2807; x_wconf 89' lang='lat' dir='ltr'><strong>fato</strong></span> <span class='ocrx_word' id='word_1_184' title='bbox 844 2750 1035 2807; x_wconf 85' lang='lat' dir='ltr'><strong>functa</strong></span> <span class='ocrx_word' id='word_1_185' title='bbox 1062 2758 1169 2807; x_wconf 88' lang='lat' dir='ltr'><strong>est.</strong></span> <span class='ocrx_word' id='word_1_186' title='bbox 1210 2751 1508 2823; x_wconf 82' lang='lat' dir='ltr'><strong>Presbyter</strong></span> <span class='ocrx_word' id='word_1_187' title='bbox 1526 2767 1660 2808; x_wconf 83' lang='lat' dir='ltr'><strong>vero</strong></span> <span class='ocrx_word' id='word_1_188' title='bbox 1685 2751 1834 2808; x_wconf 84' lang='lat' dir='ltr'><strong>inter</strong></span> <span class='ocrx_word' id='word_1_189' title='bbox 1859 2751 1945 2808; x_wconf 89' lang='lat' dir='ltr'><strong>fa-</strong></span> 
     </span>
    </p>
   </div>
   <div class='ocr_carea' id='block_1_30' title="bbox 350 2842 1944 2915">
    <p class='ocr_par' dir='ltr' id='par_1_30' title="bbox 350 2842 1944 2915">
     <span class='ocr_line' id='line_1_30' title="bbox 350 2842 1944 2915; baseline 0.001 -19"><span class='ocrx_word' id='word_1_190' title='bbox 350 2842 752 2899; x_wconf 84' lang='lat' dir='ltr'><strong>miliarissimos</strong></span> <span class='ocrx_word' id='word_1_191' title='bbox 802 2842 1154 2914; x_wconf 84' lang='lat' dir='ltr'><strong>imperatoris</strong></span> <span class='ocrx_word' id='word_1_192' title='bbox 1198 2843 1464 2914; x_wconf 89' lang='lat' dir='ltr'><strong>deinceps</strong></span> <span class='ocrx_word' id='word_1_193' title='bbox 1516 2843 1712 2899; x_wconf 85' lang='lat' dir='ltr'><strong>haberi</strong></span> <span class='ocrx_word' id='word_1_194' title='bbox 1756 2844 1944 2915; x_wconf 67' lang='lat' dir='ltr'><strong>erepit.</strong></span> 
     </span>
    </p>
   </div>
   <div class='ocr_carea' id='block_1_31' title="bbox 351 2932 1948 3007">
    <p class='ocr_par' dir='ltr' id='par_1_31' title="bbox 351 2932 1948 3007">
     <span class='ocr_line' id='line_1_31' title="bbox 351 2932 1948 3007; baseline 0.001 -17"><span class='ocrx_word' id='word_1_195' title='bbox 351 2932 457 3002; x_wconf 76' lang='lat' dir='ltr'><strong>Qui</strong></span> <span class='ocrx_word' id='word_1_196' title='bbox 482 2935 743 3005; x_wconf 80' lang='lat' dir='ltr'><strong>paulatim</strong></span> <span class='ocrx_word' id='word_1_197' title='bbox 767 2936 1031 3007; x_wconf 82' lang='lat' dir='ltr'><strong>majorem</strong></span> <span class='ocrx_word' id='word_1_198' title='bbox 1048 2941 1245 2990; x_wconf 88' lang='lat' dir='ltr'><strong>nactus</strong></span> <span class='ocrx_word' id='word_1_199' title='bbox 1260 2934 1671 3001; x_wconf 86' lang='lat' dir='ltr'><strong>auctoritatem,</strong></span> <span class='ocrx_word' id='word_1_200' title='bbox 1691 2934 1948 2991; x_wconf 90' lang='lat' dir='ltr'><strong>eumdem</strong></span> 
     </span>
    </p>
   </div>
   <div class='ocr_carea' id='block_1_32' title="bbox 352 3024 1950 3096">
    <p class='ocr_par' dir='ltr' id='par_1_32' title="bbox 352 3024 1950 3096">
     <span class='ocr_line' id='line_1_32' title="bbox 352 3024 1950 3096; baseline 0.001 -16"><span class='ocrx_word' id='word_1_201' title='bbox 352 3024 424 3080; x_wconf 87' lang='lat' dir='ltr'><strong>de</strong></span> <span class='ocrx_word' id='word_1_202' title='bbox 448 3025 581 3081; x_wconf 86' lang='lat' dir='ltr'><strong>Ario</strong></span> <span class='ocrx_word' id='word_1_203' title='bbox 611 3040 925 3082; x_wconf 87' lang='lat' dir='ltr'><strong>sermonem</strong></span> <span class='ocrx_word' id='word_1_204' title='bbox 950 3024 1195 3096; x_wconf 79' lang='lat' dir='ltr'><strong>suggerit</strong></span> <span class='ocrx_word' id='word_1_205' title='bbox 1224 3024 1569 3095; x_wconf 84' lang='lat' dir='ltr'><strong>imperatori,</strong></span> <span class='ocrx_word' id='word_1_206' title='bbox 1598 3036 1765 3096; x_wconf 84' lang='lat' dir='ltr'><strong>quem</strong></span> <span class='ocrx_word' id='word_1_207' title='bbox 1788 3031 1950 3082; x_wconf 86' lang='lat' dir='ltr'><strong>antea</strong></span> 
     </span>
    </p>
   </div>
   <div class='ocr_carea' id='block_1_33' title="bbox 354 3115 1950 3188">
    <p class='ocr_par' dir='ltr' id='par_1_33' title="bbox 354 3115 1950 3188">
     <span class='ocr_line' id='line_1_33' title="bbox 354 3115 1950 3188; baseline 0.001 -15"><span class='ocrx_word' id='word_1_208' title='bbox 354 3132 481 3173; x_wconf 69' lang='lat' dir='ltr'><strong>crum</strong></span> <span class='ocrx_word' id='word_1_209' title='bbox 521 3132 712 3174; x_wconf 86' lang='lat' dir='ltr'><strong>sorore</strong></span> <span class='ocrx_word' id='word_1_210' title='bbox 764 3117 888 3188; x_wconf 88' lang='lat' dir='ltr'><strong>ejus</strong></span> <span class='ocrx_word' id='word_1_211' title='bbox 931 3117 1227 3183; x_wconf 81' lang='lat' dir='ltr'><strong>habuerat,</strong></span> <span class='ocrx_word' id='word_1_212' title='bbox 1269 3116 1464 3173; x_wconf 80' lang='lat' dir='ltr'><strong>Arium</strong></span> <span class='ocrx_word' id='word_1_213' title='bbox 1511 3115 1791 3174; x_wconf 68' lang='lat' dir='ltr'><strong>aﬂrmans</strong></span> <span class='ocrx_word' id='word_1_214' title='bbox 1836 3133 1950 3174; x_wconf 87' lang='lat' dir='ltr'><strong>non</strong></span> 
     </span>
    </p>
   </div>
   <div class='ocr_carea' id='block_1_34' title="bbox 355 3207 1948 3280">
    <p class='ocr_par' dir='ltr' id='par_1_34' title="bbox 355 3207 1948 3280">
     <span class='ocr_line' id='line_1_34' title="bbox 355 3207 1948 3280; baseline 0 -16"><span class='ocrx_word' id='word_1_215' title='bbox 355 3207 505 3264; x_wconf 84' lang='lat' dir='ltr'><strong>aliud</strong></span> <span class='ocrx_word' id='word_1_216' title='bbox 537 3208 746 3265; x_wconf 86' lang='lat' dir='ltr'><strong>sentire</strong></span> <span class='ocrx_word' id='word_1_217' title='bbox 772 3224 937 3277; x_wconf 89' lang='lat' dir='ltr'><strong>quam</strong></span> <span class='ocrx_word' id='word_1_218' title='bbox 959 3208 1107 3279; x_wconf 92' lang='lat' dir='ltr'><strong>quod</strong></span> <span class='ocrx_word' id='word_1_219' title='bbox 1133 3223 1165 3263; x_wconf 88' lang='lat' dir='ltr'><strong>a</strong></span> <span class='ocrx_word' id='word_1_220' title='bbox 1180 3208 1395 3280; x_wconf 84' lang='lat' dir='ltr'><strong>synodo</strong></span> <span class='ocrx_word' id='word_1_221' title='bbox 1415 3208 1704 3266; x_wconf 86' lang='lat' dir='ltr'><strong>decretum</strong></span> <span class='ocrx_word' id='word_1_222' title='bbox 1717 3209 1948 3277; x_wconf 87' lang='lat' dir='ltr'><strong>fuisset;</strong></span> 
     </span>
    </p>
   </div>
   <div class='ocr_carea' id='block_1_35' title="bbox 355 3299 1953 3373">
    <p class='ocr_par' dir='ltr' id='par_1_35' title="bbox 355 3299 1953 3373">
     <span class='ocr_line' id='line_1_35' title="bbox 355 3299 1953 3373; baseline 0.001 -17"><span class='ocrx_word' id='word_1_223' title='bbox 355 3308 413 3356; x_wconf 84' lang='lat' dir='ltr'><strong>et</strong></span> <span class='ocrx_word' id='word_1_224' title='bbox 436 3300 481 3355; x_wconf 91' lang='lat' dir='ltr'><strong>si</strong></span> <span class='ocrx_word' id='word_1_225' title='bbox 514 3301 571 3354; x_wconf 88' lang='lat' dir='ltr'><strong>in</strong></span> <span class='ocrx_word' id='word_1_226' title='bbox 595 3306 958 3370; x_wconf 84' lang='lat' dir='ltr'><strong>conspectum</strong></span> <span class='ocrx_word' id='word_1_227' title='bbox 983 3300 1159 3371; x_wconf 85' lang='lat' dir='ltr'><strong>ipsius</strong></span> <span class='ocrx_word' id='word_1_228' title='bbox 1190 3299 1602 3367; x_wconf 85' lang='lat' dir='ltr'><strong>admitteretur,</strong></span> <span class='ocrx_word' id='word_1_229' title='bbox 1630 3300 1826 3373; x_wconf 83' lang='lat' dir='ltr'><strong>synodi</strong></span> <span class='ocrx_word' id='word_1_230' title='bbox 1856 3301 1953 3359; x_wconf 86' lang='lat' dir='ltr'><strong>de-</strong></span> 
     </span>
    </p>
   </div>
   <div class='ocr_carea' id='block_1_36' title="bbox 2613 671 3043 726">
    <p class='ocr_par' dir='ltr' id='par_1_36' title="bbox 2613 671 3043 726">
     <span class='ocr_line' id='line_1_36' title="bbox 2613 671 3043 726; baseline -0.002 -1"><span class='ocrx_word' id='word_1_231' title='bbox 2613 672 2862 726; x_wconf 81' lang='grc' dir='ltr'><strong>ΚΕΦΑΛ.</strong></span> <span class='ocrx_word' id='word_1_232' title='bbox 2914 671 3043 725; x_wconf 84' lang='lat' dir='ltr'><strong>KE&#39;.</strong></span> 
     </span>
    </p>
   </div>
   <div class='ocr_carea' id='block_1_37' title="bbox 2032 759 3621 832">
    <p class='ocr_par' dir='ltr' id='par_1_37' title="bbox 2032 759 3621 832">
     <span class='ocr_line' id='line_1_37' title="bbox 2032 759 3621 832; baseline -0.002 -16"><span class='ocrx_word' id='word_1_233' title='bbox 2032 761 2174 831; x_wconf 77' lang='grc' dir='ltr'>Περὶ</span> <span class='ocrx_word' id='word_1_234' title='bbox 2195 761 2301 816; x_wconf 87' lang='grc' dir='ltr'><strong>τοῦ</strong></span> <span class='ocrx_word' id='word_1_235' title='bbox 2334 762 2768 832; x_wconf 77' lang='grc' dir='ltr'>πρεσϐυτέρου,</span> <span class='ocrx_word' id='word_1_236' title='bbox 2822 762 2930 816; x_wconf 86' lang='grc' dir='ltr'>τοῦ</span> <span class='ocrx_word' id='word_1_237' title='bbox 2960 759 3428 825; x_wconf 74' lang='grc' dir='ltr'><strong>σπουδάσαντος</strong></span> <span class='ocrx_word' id='word_1_238' title='bbox 3477 760 3621 814; x_wconf 73' lang='grc' dir='ltr'>ιιι-ιι-</span> 
     </span>
    </p>
   </div>
   <div class='ocr_carea' id='block_1_38' title="bbox 2038 832 3111 902">
    <p class='ocr_par' dir='ltr' id='par_1_38' title="bbox 2038 832 3111 902">
     <span class='ocr_line' id='line_1_38' title="bbox 2038 832 3111 902; baseline -0.005 -13"><span class='ocrx_word' id='word_1_239' title='bbox 2038 846 2065 863; x_wconf 87' lang='grc'><strong>·</strong></span> <span class='ocrx_word' id='word_1_240' title='bbox 2256 876 2259 879; x_wconf 88' lang='grc'><strong><em>-</em></strong></span> <span class='ocrx_word' id='word_1_241' title='bbox 2500 832 2805 902; x_wconf 73' lang='grc' dir='ltr'>κληθῆναι</span> <span class='ocrx_word' id='word_1_242' title='bbox 2863 835 3111 901; x_wconf 81' lang='grc' dir='ltr'>Ἀρειον.</span> 
     </span>
    </p>
   </div>
   <div class='ocr_carea' id='block_1_39' title="bbox 2099 920 3621 998">
    <p class='ocr_par' dir='ltr' id='par_1_39' title="bbox 2099 920 3621 998">
     <span class='ocr_line' id='line_1_39' title="bbox 2099 920 3621 998; baseline -0.003 -19"><span class='ocrx_word' id='word_1_243' title='bbox 2099 920 2211 981; x_wconf 85' lang='grc' dir='ltr'>Ἦν</span> <span class='ocrx_word' id='word_1_244' title='bbox 2247 926 2450 998; x_wconf 80' lang='grc' dir='ltr'>ἀδελφὴ</span> <span class='ocrx_word' id='word_1_245' title='bbox 2498 925 2578 998; x_wconf 84' lang='grc' dir='ltr'><strong>τῷ</strong></span> <span class='ocrx_word' id='word_1_246' title='bbox 2633 925 2844 997; x_wconf 81' lang='grc' dir='ltr'>βασιλεῖ</span> <span class='ocrx_word' id='word_1_247' title='bbox 2896 923 3325 995; x_wconf 79' lang='grc' dir='ltr'>Κωνσταντίνῳ,</span> <span class='ocrx_word' id='word_1_248' title='bbox 3382 921 3621 992; x_wconf 74' lang='grc' dir='ltr'>τοῦνομα</span> 
     </span>
    </p>
   </div>
   <div class='ocr_carea' id='block_1_40' title="bbox 2031 1011 3623 1088">
    <p class='ocr_par' dir='ltr' id='par_1_40' title="bbox 2031 1011 3623 1088">
     <span class='ocr_line' id='line_1_40' title="bbox 2031 1011 3623 1088; baseline -0.005 -17"><span class='ocrx_word' id='word_1_249' title='bbox 2031 1016 2405 1071; x_wconf 82' lang='grc' dir='ltr'>Κωνσταντία.</span> <span class='ocrx_word' id='word_1_250' title='bbox 2447 1015 2588 1088; x_wconf 83' lang='grc' dir='ltr'>Γυνὴ</span> <span class='ocrx_word' id='word_1_251' title='bbox 2612 1016 2670 1070; x_wconf 82' lang='grc' dir='ltr'>δὲ</span> <span class='ocrx_word' id='word_1_252' title='bbox 2704 1018 2945 1085; x_wconf 76' lang='grc' dir='ltr'>ἐγεγόνει</span> <span class='ocrx_word' id='word_1_253' title='bbox 2967 1013 3262 1079; x_wconf 72' lang='grc' dir='ltr'><strong>Λικιννίου,</strong></span> <span class='ocrx_word' id='word_1_254' title='bbox 3296 1011 3392 1066; x_wconf 83' lang='grc' dir='ltr'><strong>τοῦ</strong></span> <span class='ocrx_word' id='word_1_255' title='bbox 3422 1011 3623 1083; x_wconf 84' lang='grc' dir='ltr'>πρότε--</span> 
     </span>
    </p>
   </div>
   <div class='ocr_carea' id='block_1_41' title="bbox 2034 1105 3616 1181">
    <p class='ocr_par' dir='ltr' id='par_1_41' title="bbox 2034 1105 3616 1181">
     <span class='ocr_line' id='line_1_41' title="bbox 2034 1105 3616 1181; baseline -0.002 -19"><span class='ocrx_word' id='word_1_256' title='bbox 2034 1125 2125 1179; x_wconf 93' lang='grc' dir='ltr'><strong>ρον</strong></span> <span class='ocrx_word' id='word_1_257' title='bbox 2154 1108 2253 1181; x_wconf 76' lang='grc' dir='ltr'>μὲν</span> <span class='ocrx_word' id='word_1_258' title='bbox 2276 1108 2810 1180; x_wconf 76' lang='grc' dir='ltr'>συμϐασιλεύσαντος</span> <span class='ocrx_word' id='word_1_259' title='bbox 2832 1107 2982 1179; x_wconf 82' lang='grc' dir='ltr'>αὐτῷ</span> <span class='ocrx_word' id='word_1_260' title='bbox 3002 1105 3417 1176; x_wconf 82' lang='grc' dir='ltr'>Κωνσταντίνῳ,</span> <span class='ocrx_word' id='word_1_261' title='bbox 3451 1120 3616 1175; x_wconf 83' lang='grc' dir='ltr'>μετα-</span> 
     </span>
    </p>
   </div>
   <div class='ocr_carea' id='block_1_42' title="bbox 2030 1193 3619 1271">
    <p class='ocr_par' dir='ltr' id='par_1_42' title="bbox 2030 1193 3619 1271">
     <span class='ocr_line' id='line_1_42' title="bbox 2030 1193 3619 1271; baseline -0.003 -19"><span class='ocrx_word' id='word_1_262' title='bbox 2030 1199 2203 1253; x_wconf 84' lang='grc' dir='ltr'>ταῦτα</span> <span class='ocrx_word' id='word_1_263' title='bbox 2230 1198 2287 1253; x_wconf 79' lang='grc' dir='ltr'>δὲ</span> <span class='ocrx_word' id='word_1_264' title='bbox 2310 1200 2772 1271; x_wconf 82' lang='grc' dir='ltr'>τυραννήσαντος,</span> <span class='ocrx_word' id='word_1_265' title='bbox 2820 1197 2917 1252; x_wconf 73' lang='grc' dir='ltr'><strong>καὶ</strong></span> <span class='ocrx_word' id='word_1_266' title='bbox 2951 1193 3197 1251; x_wconf 82' lang='grc' dir='ltr'>διατοῦτο</span> <span class='ocrx_word' id='word_1_267' title='bbox 3219 1194 3619 1265; x_wconf 79' lang='grc' dir='ltr'><strong>ἀναιρεθέντος.</strong></span> 
     </span>
    </p>
   </div>
   <div class='ocr_carea' id='block_1_43' title="bbox 2033 1286 3625 1363">
    <p class='ocr_par' dir='ltr' id='par_1_43' title="bbox 2033 1286 3625 1363">
     <span class='ocr_line' id='line_1_43' title="bbox 2033 1286 3625 1363; baseline -0.003 -19"><span class='ocrx_word' id='word_1_268' title='bbox 2033 1289 2221 1363; x_wconf 76' lang='grc' dir='ltr'>Ταύτῃ</span> <span class='ocrx_word' id='word_1_269' title='bbox 2250 1289 2623 1362; x_wconf 81' lang='grc' dir='ltr'>πρεσϐύτερός</span> <span class='ocrx_word' id='word_1_270' title='bbox 2653 1306 2738 1353; x_wconf 88' lang='grc' dir='ltr'><strong>τις</strong></span> <span class='ocrx_word' id='word_1_271' title='bbox 2778 1287 2859 1359; x_wconf 84' lang='grc' dir='ltr'>τῷ</span> <span class='ocrx_word' id='word_1_272' title='bbox 2899 1286 3193 1360; x_wconf 78' lang='grc' dir='ltr'>’Δρειανῶν</span> <span class='ocrx_word' id='word_1_273' title='bbox 3226 1286 3625 1357; x_wconf 80' lang='grc' dir='ltr'>προσκείμενος</span> 
     </span>
    </p>
   </div>
   <div class='ocr_carea' id='block_1_44' title="bbox 2032 1372 3623 1448">
    <p class='ocr_par' dir='ltr' id='par_1_44' title="bbox 2032 1372 3623 1448">
     <span class='ocr_line' id='line_1_44' title="bbox 2032 1372 3623 1448; baseline -0.001 -17"><span class='ocrx_word' id='word_1_274' title='bbox 2032 1377 2285 1448; x_wconf 83' lang='grc' dir='ltr'><strong>δόγματι,</strong></span> <span class='ocrx_word' id='word_1_275' title='bbox 2319 1376 2595 1448; x_wconf 82' lang='grc' dir='ltr'>γνώριμος</span> <span class='ocrx_word' id='word_1_276' title='bbox 2614 1372 2705 1446; x_wconf 81' lang='grc' dir='ltr'>ἦν,</span> <span class='ocrx_word' id='word_1_277' title='bbox 2744 1376 2840 1430; x_wconf 58' lang='grc' dir='ltr'><strong>καί⁵</strong></span> <span class='ocrx_word' id='word_1_278' title='bbox 2866 1376 2925 1428; x_wconf 78' lang='grc' dir='ltr'>ἐν</span> <span class='ocrx_word' id='word_1_279' title='bbox 2949 1377 3060 1439; x_wconf 85' lang='grc' dir='ltr'><strong>τοῖς</strong></span> <span class='ocrx_word' id='word_1_280' title='bbox 3084 1375 3307 1437; x_wconf 73' lang='grc' dir='ltr'><strong>οἰκείοις</strong></span> <span class='ocrx_word' id='word_1_281' title='bbox 3342 1375 3623 1430; x_wconf 82' lang='grc' dir='ltr'><strong>ἐτάττετο.</strong></span> 
     </span>
    </p>
   </div>
   <div class='ocr_carea' id='block_1_45' title="bbox 2047 1465 3627 1539">
    <p class='ocr_par' dir='ltr' id='par_1_45' title="bbox 2047 1465 3627 1539">
     <span class='ocr_line' id='line_1_45' title="bbox 2047 1465 3627 1539; baseline -0.003 -15"><span class='ocrx_word' id='word_1_282' title='bbox 2047 1470 2442 1534; x_wconf 77' lang='grc' dir='ltr'>’Υποδαλόντος</span> <span class='ocrx_word' id='word_1_283' title='bbox 2467 1465 2561 1524; x_wconf 84' lang='grc' dir='ltr'><strong>οὖν</strong></span> <span class='ocrx_word' id='word_1_284' title='bbox 2583 1469 2847 1523; x_wconf 80' lang='grc' dir='ltr'>Εὐσεόίου</span> <span class='ocrx_word' id='word_1_285' title='bbox 2875 1467 3098 1523; x_wconf 73' lang='grc' dir='ltr'>καὶτῶν</span> <span class='ocrx_word' id='word_1_286' title='bbox 3119 1467 3216 1522; x_wconf 69' lang='grc' dir='ltr'>σὺν</span> <span class='ocrx_word' id='word_1_287' title='bbox 3241 1466 3409 1539; x_wconf 78' lang='grc' dir='ltr'>αὐτῷ,</span> <span class='ocrx_word' id='word_1_288' title='bbox 3432 1467 3627 1536; x_wconf 75' lang='grc' dir='ltr'>λόγους</span> 
     </span>
    </p>
   </div>
   <div class='ocr_carea' id='block_1_46' title="bbox 2036 1558 3623 1635">
    <p class='ocr_par' dir='ltr' id='par_1_46' title="bbox 2036 1558 3623 1635">
     <span class='ocr_line' id='line_1_46' title="bbox 2036 1558 3623 1635; baseline -0.004 -17"><span class='ocrx_word' id='word_1_289' title='bbox 2036 1563 2167 1635; x_wconf 75' lang='grc' dir='ltr'>περὶ</span> <span class='ocrx_word' id='word_1_290' title='bbox 2200 1561 2413 1633; x_wconf 82' lang='grc' dir='ltr'>’Δρείου</span> <span class='ocrx_word' id='word_1_291' title='bbox 2438 1561 2576 1633; x_wconf 82' lang='grc' dir='ltr'>πρὸς</span> <span class='ocrx_word' id='word_1_292' title='bbox 2603 1563 2702 1633; x_wconf 82' lang='grc' dir='ltr'><strong>τὴν</strong></span> <span class='ocrx_word' id='word_1_293' title='bbox 2729 1563 2966 1631; x_wconf 74' lang='grc' dir='ltr'><strong>γυναῖκα</strong></span> <span class='ocrx_word' id='word_1_294' title='bbox 2987 1559 3383 1631; x_wconf 84' lang='grc' dir='ltr'>παρέσπειρεν,</span> <span class='ocrx_word' id='word_1_295' title='bbox 3429 1558 3623 1630; x_wconf 73' lang='grc' dir='ltr'><strong>ἠδικῆο</strong></span> 
     </span>
    </p>
   </div>
   <div class='ocr_carea' id='block_1_47' title="bbox 2039 1650 3625 1725">
    <p class='ocr_par' dir='ltr' id='par_1_47' title="bbox 2039 1650 3625 1725">
     <span class='ocr_line' id='line_1_47' title="bbox 2039 1650 3625 1725; baseline -0.004 -15"><span class='ocrx_word' id='word_1_296' title='bbox 2039 1655 2163 1710; x_wconf 88' lang='grc' dir='ltr'>σθαι</span> <span class='ocrx_word' id='word_1_297' title='bbox 2189 1653 2416 1724; x_wconf 81' lang='grc' dir='ltr'><strong>φάσκων</strong></span> <span class='ocrx_word' id='word_1_298' title='bbox 2445 1653 2608 1708; x_wconf 81' lang='grc' dir='ltr'>αὐτὸν</span> <span class='ocrx_word' id='word_1_299' title='bbox 2629 1653 2734 1707; x_wconf 79' lang='grc' dir='ltr'>ὑπὸ</span> <span class='ocrx_word' id='word_1_300' title='bbox 2764 1652 2864 1725; x_wconf 80' lang='grc' dir='ltr'><strong>τῆς</strong></span> <span class='ocrx_word' id='word_1_301' title='bbox 2892 1650 3135 1718; x_wconf 83' lang='grc' dir='ltr'>συνόδου,</span> <span class='ocrx_word' id='word_1_302' title='bbox 3172 1650 3267 1706; x_wconf 70' lang='grc' dir='ltr'><strong>καὶ</strong></span> <span class='ocrx_word' id='word_1_303' title='bbox 3300 1651 3375 1724; x_wconf 80' lang='grc' dir='ltr'><strong>μὴ</strong></span> <span class='ocrx_word' id='word_1_304' title='bbox 3396 1653 3625 1721; x_wconf 78' lang='grc' dir='ltr'>φρονεῖν</span> 
     </span>
    </p>
   </div>
   <div class='ocr_carea' id='block_1_48' title="bbox 2037 1738 3625 1815">
    <p class='ocr_par' dir='ltr' id='par_1_48' title="bbox 2037 1738 3625 1815">
     <span class='ocr_line' id='line_1_48' title="bbox 2037 1738 3625 1815; baseline -0.003 -17"><span class='ocrx_word' id='word_1_305' title='bbox 2037 1744 2116 1809; x_wconf 82' lang='grc' dir='ltr'><strong>ὡς</strong></span> <span class='ocrx_word' id='word_1_306' title='bbox 2158 1744 2289 1815; x_wconf 76' lang='grc' dir='ltr'>περὶ</span> <span class='ocrx_word' id='word_1_307' title='bbox 2328 1740 2495 1797; x_wconf 81' lang='grc' dir='ltr'>αὐτοῦ</span> <span class='ocrx_word' id='word_1_308' title='bbox 2545 1741 2704 1812; x_wconf 82' lang='grc' dir='ltr'>λόγος</span> <span class='ocrx_word' id='word_1_309' title='bbox 2762 1739 3004 1812; x_wconf 82' lang='grc' dir='ltr'>κατέχει.</span> <span class='ocrx_word' id='word_1_310' title='bbox 3053 1738 3238 1794; x_wconf 70' lang='grc' dir='ltr'>Ταῦτα</span> <span class='ocrx_word' id='word_1_311' title='bbox 3282 1739 3563 1796; x_wconf 83' lang='grc' dir='ltr'><strong>ἀκούσασα</strong></span> <span class='ocrx_word' id='word_1_312' title='bbox 3587 1740 3625 1812; x_wconf 63' lang='grc' dir='ltr'><strong>ἡ</strong></span> 
     </span>
    </p>
   </div>
   <div class='ocr_carea' id='block_1_49' title="bbox 2038 1828 3627 1903">
    <p class='ocr_par' dir='ltr' id='par_1_49' title="bbox 2038 1828 3627 1903">
     <span class='ocr_line' id='line_1_49' title="bbox 2038 1828 3627 1903; baseline -0.003 -15"><span class='ocrx_word' id='word_1_313' title='bbox 2038 1830 2415 1899; x_wconf 80' lang='grc' dir='ltr'>Κωνσταντία,</span> <span class='ocrx_word' id='word_1_314' title='bbox 2457 1830 2538 1902; x_wconf 83' lang='grc' dir='ltr'><strong>τῷ</strong></span> <span class='ocrx_word' id='word_1_315' title='bbox 2573 1830 2674 1903; x_wconf 65' lang='grc' dir='ltr'>μιν</span> <span class='ocrx_word' id='word_1_316' title='bbox 2714 1828 3073 1902; x_wconf 71' lang='grc' dir='ltr'>πρεσϐυτέρῳ</span> <span class='ocrx_word' id='word_1_317' title='bbox 3100 1831 3392 1885; x_wconf 66' lang='grc' dir='ltr'>ἐπίστευσε</span> <span class='ocrx_word' id='word_1_318' title='bbox 3416 1846 3431 1862; x_wconf 90' lang='grc'><strong>·</strong></span> <span class='ocrx_word' id='word_1_319' title='bbox 3464 1828 3543 1902; x_wconf 82' lang='grc' dir='ltr'><strong>τῷ</strong></span> <span class='ocrx_word' id='word_1_320' title='bbox 3568 1829 3627 1884; x_wconf 68' lang='grc' dir='ltr'>δὲ</span> 
     </span>
    </p>
   </div>
   <div class='ocr_carea' id='block_1_50' title="bbox 2042 1920 3627 1994">
    <p class='ocr_par' dir='ltr' id='par_1_50' title="bbox 2042 1920 3627 1994">
     <span class='ocr_line' id='line_1_50' title="bbox 2042 1920 3627 1994; baseline -0.002 -16"><span class='ocrx_word' id='word_1_321' title='bbox 2042 1922 2252 1994; x_wconf 76' lang='grc' dir='ltr'>βασιλεῖ</span> <span class='ocrx_word' id='word_1_322' title='bbox 2278 1923 2461 1992; x_wconf 80' lang='grc' dir='ltr'>λέγειν</span> <span class='ocrx_word' id='word_1_323' title='bbox 2482 1923 2588 1977; x_wconf 79' lang='grc' dir='ltr'><strong>οὐκ</strong></span> <span class='ocrx_word' id='word_1_324' title='bbox 2607 1921 2829 1994; x_wconf 75' lang='grc' dir='ltr'>ἐτόλμα.</span> <span class='ocrx_word' id='word_1_325' title='bbox 2847 1921 3143 1994; x_wconf 75' lang='grc' dir='ltr'>Συμϐαίνει</span> <span class='ocrx_word' id='word_1_326' title='bbox 3172 1922 3229 1976; x_wconf 73' lang='grc' dir='ltr'>δὲ</span> <span class='ocrx_word' id='word_1_327' title='bbox 3250 1921 3461 1993; x_wconf 76' lang='grc' dir='ltr'>χαλεπῇ</span> <span class='ocrx_word' id='word_1_328' title='bbox 3485 1920 3627 1992; x_wconf 82' lang='grc' dir='ltr'>νόσῳ</span> 
     </span>
    </p>
   </div>
   <div class='ocr_carea' id='block_1_51' title="bbox 2043 2011 3631 2087">
    <p class='ocr_par' dir='ltr' id='par_1_51' title="bbox 2043 2011 3631 2087">
     <span class='ocr_line' id='line_1_51' title="bbox 2043 2011 3631 2087; baseline -0.002 -18"><span class='ocrx_word' id='word_1_329' title='bbox 2043 2016 2359 2087; x_wconf 73' lang='grc' dir='ltr'>περιπεσεῖν</span> <span class='ocrx_word' id='word_1_330' title='bbox 2376 2012 2476 2086; x_wconf 76' lang='grc' dir='ltr'><strong>τὴν</strong></span> <span class='ocrx_word' id='word_1_331' title='bbox 2500 2013 2910 2068; x_wconf 83' lang='grc' dir='ltr'>Κωνσταντίαν.</span> <span class='ocrx_word' id='word_1_332' title='bbox 2942 2012 3004 2066; x_wconf 87' lang='grc' dir='ltr'><strong>Ὅ</strong></span> <span class='ocrx_word' id='word_1_333' title='bbox 3023 2011 3079 2066; x_wconf 77' lang='grc' dir='ltr'>δὲ</span> <span class='ocrx_word' id='word_1_334' title='bbox 3102 2012 3358 2084; x_wconf 73' lang='grc' dir='ltr'>βασιλεὺς</span> <span class='ocrx_word' id='word_1_335' title='bbox 3387 2012 3631 2083; x_wconf 78' lang='grc' dir='ltr'>συνεχῶς</span> 
     </span>
    </p>
   </div>
   <div class='ocr_carea' id='block_1_52' title="bbox 1953 2065 3629 2179">
    <p class='ocr_par' dir='ltr' id='par_1_52' title="bbox 1953 2065 3629 2179">
     <span class='ocr_line' id='line_1_52' title="bbox 1953 2065 3629 2179; baseline -0.002 -19"><span class='ocrx_word' id='word_1_336' title='bbox 1953 2065 2016 2132; x_wconf 72' lang='grc' dir='ltr'><strong>’Β</strong></span> <span class='ocrx_word' id='word_1_337' title='bbox 2040 2065 3315 2179; x_wconf 41' lang='lat' dir='ltr'><strong>agitans;reptasse...«res,</strong></span> <span class='ocrx_word' id='word_1_338' title='bbox 3337 2065 3407 2157; x_wconf 59' lang='grc' dir='ltr'>ξε</span> <span class='ocrx_word' id='word_1_339' title='bbox 3427 2103 3461 2173; x_wconf 82' lang='grc' dir='ltr'>ἠ</span> <span class='ocrx_word' id='word_1_340' title='bbox 3488 2065 3629 2172; x_wconf 57' lang='lat' dir='ltr'><strong>{ivi</strong></span> 
     </span>
    </p>
   </div>
   <div class='ocr_carea' id='block_1_53' title="bbox 2040 2192 3626 2269">
    <p class='ocr_par' dir='ltr' id='par_1_53' title="bbox 2040 2192 3626 2269">
     <span class='ocr_line' id='line_1_53' title="bbox 2040 2192 3626 2269; baseline -0.004 -18"><span class='ocrx_word' id='word_1_341' title='bbox 2040 2199 2106 2252; x_wconf 81' lang='grc' dir='ltr'><strong>ὲκ</strong></span> <span class='ocrx_word' id='word_1_342' title='bbox 2130 2198 2231 2269; x_wconf 82' lang='grc' dir='ltr'><strong>τῆς</strong></span> <span class='ocrx_word' id='word_1_343' title='bbox 2248 2197 2409 2253; x_wconf 80' lang='grc' dir='ltr'><em>νόσου</em></span> <span class='ocrx_word' id='word_1_344' title='bbox 2430 2196 2810 2268; x_wconf 81' lang='grc' dir='ltr'>χαλεπώτερον</span> <span class='ocrx_word' id='word_1_345' title='bbox 2834 2194 3068 2267; x_wconf 80' lang='grc' dir='ltr'><strong>διετέθη,</strong></span> <span class='ocrx_word' id='word_1_346' title='bbox 3088 2195 3344 2266; x_wconf 79' lang='grc' dir='ltr'>θνήσκειν</span> <span class='ocrx_word' id='word_1_347' title='bbox 3368 2192 3426 2247; x_wconf 79' lang='grc' dir='ltr'>δὲ</span> <span class='ocrx_word' id='word_1_348' title='bbox 3452 2209 3626 2263; x_wconf 84' lang='grc' dir='ltr'>προσ-</span> 
     </span>
    </p>
   </div>
   <div class='ocr_carea' id='block_1_54' title="bbox 2040 2284 3627 2360">
    <p class='ocr_par' dir='ltr' id='par_1_54' title="bbox 2040 2284 3627 2360">
     <span class='ocr_line' id='line_1_54' title="bbox 2040 2284 3627 2360; baseline -0.003 -18"><span class='ocrx_word' id='word_1_349' title='bbox 2040 2288 2221 2352; x_wconf 84' lang='grc' dir='ltr'>εδόκα,</span> <span class='ocrx_word' id='word_1_350' title='bbox 2247 2286 2755 2360; x_wconf 77' lang='grc' dir='ltr'>παρακατατίθεται</span> <span class='ocrx_word' id='word_1_351' title='bbox 2788 2285 2867 2357; x_wconf 84' lang='grc' dir='ltr'><strong>τῷ</strong></span> <span class='ocrx_word' id='word_1_352' title='bbox 2898 2285 3112 2356; x_wconf 80' lang='grc' dir='ltr'>βασιλεῖ</span> <span class='ocrx_word' id='word_1_353' title='bbox 3128 2288 3220 2341; x_wconf 76' lang='grc' dir='ltr'>τὸν</span> <span class='ocrx_word' id='word_1_354' title='bbox 3236 2284 3627 2358; x_wconf 75' lang='grc' dir='ltr'>πρεσϐύτερον,</span> 
     </span>
    </p>
   </div>
   <div class='ocr_carea' id='block_1_55' title="bbox 2046 2375 3632 2453">
    <p class='ocr_par' dir='ltr' id='par_1_55' title="bbox 2046 2375 3632 2453">
     <span class='ocr_line' id='line_1_55' title="bbox 2046 2375 3632 2453; baseline -0.003 -18"><span class='ocrx_word' id='word_1_355' title='bbox 2046 2379 2403 2453; x_wconf 74' lang='grc' dir='ltr'>μαρτυροῦσα</span> <span class='ocrx_word' id='word_1_356' title='bbox 2424 2379 2573 2451; x_wconf 81' lang='grc' dir='ltr'>αὑτῷ</span> <span class='ocrx_word' id='word_1_357' title='bbox 2606 2379 2841 2449; x_wconf 81' lang='grc' dir='ltr'>σπουδὴν</span> <span class='ocrx_word' id='word_1_358' title='bbox 2862 2378 2959 2434; x_wconf 71' lang='grc' dir='ltr'><strong>καὶ</strong></span> <span class='ocrx_word' id='word_1_359' title='bbox 2981 2376 3287 2442; x_wconf 75' lang='grc' dir='ltr'>εὐλάὸειαν,</span> <span class='ocrx_word' id='word_1_360' title='bbox 3319 2378 3415 2432; x_wconf 79' lang='grc' dir='ltr'><strong>καὶ</strong></span> <span class='ocrx_word' id='word_1_361' title='bbox 3441 2377 3518 2442; x_wconf 85' lang='grc' dir='ltr'><strong>ὼς</strong></span> <span class='ocrx_word' id='word_1_362' title='bbox 3545 2375 3632 2430; x_wconf 79' lang='grc' dir='ltr'><strong>εῦ-</strong></span> 
     </span>
    </p>
   </div>
   <div class='ocr_carea' id='block_1_56' title="bbox 2042 2463 3629 2544">
    <p class='ocr_par' dir='ltr' id='par_1_56' title="bbox 2042 2463 3629 2544">
     <span class='ocr_line' id='line_1_56' title="bbox 2042 2463 3629 2544; baseline -0.003 -18"><span class='ocrx_word' id='word_1_363' title='bbox 2042 2488 2167 2536; x_wconf 89' lang='grc' dir='ltr'>νους</span> <span class='ocrx_word' id='word_1_364' title='bbox 2193 2470 2279 2543; x_wconf 76' lang='grc' dir='ltr'><strong>εἴη</strong></span> <span class='ocrx_word' id='word_1_365' title='bbox 2315 2472 2445 2544; x_wconf 57' lang='grc' dir='ltr'><strong>περὶ⁷</strong></span> <span class='ocrx_word' id='word_1_366' title='bbox 2469 2470 2569 2543; x_wconf 79' lang='grc' dir='ltr'>τὴν</span> <span class='ocrx_word' id='word_1_367' title='bbox 2607 2468 2883 2541; x_wconf 82' lang='grc' dir='ltr'>βασιλείαν</span> <span class='ocrx_word' id='word_1_368' title='bbox 2914 2467 3104 2524; x_wconf 80' lang='grc' dir='ltr'>αὑτοῦ.</span> <span class='ocrx_word' id='word_1_369' title='bbox 3159 2468 3225 2522; x_wconf 85' lang='grc' dir='ltr'><strong>Ἦ</strong></span> <span class='ocrx_word' id='word_1_370' title='bbox 3260 2467 3361 2539; x_wconf 80' lang='grc' dir='ltr'>μὲν</span> <span class='ocrx_word' id='word_1_371' title='bbox 3384 2463 3480 2521; x_wconf 77' lang='grc' dir='ltr'>οὖν</span> <span class='ocrx_word' id='word_1_372' title='bbox 3509 2468 3629 2539; x_wconf 80' lang='grc' dir='ltr'>μετ’</span> 
     </span>
    </p>
   </div>
   <div class='ocr_carea' id='block_1_57' title="bbox 2043 2559 3628 2634">
    <p class='ocr_par' dir='ltr' id='par_1_57' title="bbox 2043 2559 3628 2634">
     <span class='ocr_line' id='line_1_57' title="bbox 2043 2559 3628 2634; baseline -0.002 -17"><span class='ocrx_word' id='word_1_373' title='bbox 2043 2563 2104 2618; x_wconf 81' lang='grc' dir='ltr'><strong>οὐ</strong></span> <span class='ocrx_word' id='word_1_374' title='bbox 2127 2561 2261 2617; x_wconf 78' lang='grc' dir='ltr'>πολὺ</span> <span class='ocrx_word' id='word_1_375' title='bbox 2277 2561 2549 2634; x_wconf 80' lang='grc' dir='ltr'>τεθνήκει.</span> <span class='ocrx_word' id='word_1_376' title='bbox 2583 2561 2642 2617; x_wconf 84' lang='lat'><strong>&#39;0</strong></span> <span class='ocrx_word' id='word_1_377' title='bbox 2660 2561 2716 2616; x_wconf 77' lang='grc' dir='ltr'>δὲ</span> <span class='ocrx_word' id='word_1_378' title='bbox 2739 2560 3115 2633; x_wconf 70' lang='grc' dir='ltr'>πρεσεύτερος</span> <span class='ocrx_word' id='word_1_379' title='bbox 3143 2559 3204 2613; x_wconf 75' lang='grc' dir='ltr'>ὲν</span> <span class='ocrx_word' id='word_1_380' title='bbox 3228 2561 3342 2624; x_wconf 76' lang='grc' dir='ltr'>τοῖς</span> <span class='ocrx_word' id='word_1_381' title='bbox 3361 2559 3628 2614; x_wconf 81' lang='grc' dir='ltr'>οἰκειοτά-</span> 
     </span>
    </p>
   </div>
   <div class='ocr_carea' id='block_1_58' title="bbox 2043 2649 3631 2724">
    <p class='ocr_par' dir='ltr' id='par_1_58' title="bbox 2043 2649 3631 2724">
     <span class='ocr_line' id='line_1_58' title="bbox 2043 2649 3631 2724; baseline -0.002 -18"><span class='ocrx_word' id='word_1_382' title='bbox 2043 2669 2157 2716; x_wconf 91' lang='grc' dir='ltr'><strong>τοις</strong></span> <span class='ocrx_word' id='word_1_383' title='bbox 2187 2651 2284 2706; x_wconf 81' lang='grc' dir='ltr'>τοῦ</span> <span class='ocrx_word' id='word_1_384' title='bbox 2323 2652 2589 2724; x_wconf 75' lang='grc' dir='ltr'>βασιλέως</span> <span class='ocrx_word' id='word_1_385' title='bbox 2626 2652 2897 2708; x_wconf 70' lang='grc' dir='ltr'>ἑτάττετο.</span> <span class='ocrx_word' id='word_1_386' title='bbox 2929 2651 3043 2706; x_wconf 78' lang='grc' dir='ltr'><strong>Καὶ</strong></span> <span class='ocrx_word' id='word_1_387' title='bbox 3081 2650 3146 2723; x_wconf 76' lang='grc' dir='ltr'>δὴ</span> <span class='ocrx_word' id='word_1_388' title='bbox 3182 2649 3501 2723; x_wconf 77' lang='grc' dir='ltr'>καταδραχὺ</span> <span class='ocrx_word' id='word_1_389' title='bbox 3530 2649 3631 2723; x_wconf 80' lang='grc' dir='ltr'>τὴν</span> 
     </span>
    </p>
   </div>
   <div class='ocr_carea' id='block_1_59' title="bbox 2048 2743 3632 2818">
    <p class='ocr_par' dir='ltr' id='par_1_59' title="bbox 2048 2743 3632 2818">
     <span class='ocr_line' id='line_1_59' title="bbox 2048 2743 3632 2818; baseline -0.002 -18"><span class='ocrx_word' id='word_1_390' title='bbox 2048 2744 2359 2818; x_wconf 71' lang='grc' dir='ltr'>παρρησίαν</span> <span class='ocrx_word' id='word_1_391' title='bbox 2401 2744 2668 2816; x_wconf 78' lang='grc' dir='ltr'><strong>αὐξήσας,</strong></span> <span class='ocrx_word' id='word_1_392' title='bbox 2716 2746 2845 2809; x_wconf 77' lang='grc' dir='ltr'><strong>τοὺς</strong></span> <span class='ocrx_word' id='word_1_393' title='bbox 2877 2744 3077 2809; x_wconf 84' lang='grc' dir='ltr'>αὐτοὺς</span> <span class='ocrx_word' id='word_1_394' title='bbox 3133 2743 3391 2816; x_wconf 78' lang='grc' dir='ltr'><strong>ἀναφέρει</strong></span> <span class='ocrx_word' id='word_1_395' title='bbox 3438 2743 3632 2814; x_wconf 74' lang='grc' dir='ltr'>λόγους</span> 
     </span>
    </p>
   </div>
   <div class='ocr_carea' id='block_1_60' title="bbox 1987 2831 3631 2911">
    <p class='ocr_par' dir='ltr' id='par_1_60' title="bbox 1987 2831 3631 2911">
     <span class='ocr_line' id='line_1_60' title="bbox 1987 2831 3631 2911; baseline -0.005 -15"><span class='ocrx_word' id='word_1_396' title='bbox 1987 2889 2002 2896; x_wconf 92' lang='grc'><strong>-</strong></span> <span class='ocrx_word' id='word_1_397' title='bbox 2047 2839 2176 2909; x_wconf 80' lang='grc' dir='ltr'>περὶ</span> <span class='ocrx_word' id='word_1_398' title='bbox 2207 2837 2302 2891; x_wconf 77' lang='grc' dir='ltr'><strong>τοῦ</strong></span> <span class='ocrx_word' id='word_1_399' title='bbox 2338 2837 2547 2911; x_wconf 71' lang='grc' dir='ltr'>Ἀρείου</span> <span class='ocrx_word' id='word_1_400' title='bbox 2579 2836 2660 2908; x_wconf 83' lang='grc' dir='ltr'><strong>τῷ</strong></span> <span class='ocrx_word' id='word_1_401' title='bbox 2687 2835 2928 2908; x_wconf 84' lang='grc' dir='ltr'>βασιλεῖ,</span> <span class='ocrx_word' id='word_1_402' title='bbox 2973 2831 3055 2902; x_wconf 72' lang='grc' dir='ltr'><strong>οἷς</strong></span> <span class='ocrx_word' id='word_1_403' title='bbox 3098 2835 3237 2908; x_wconf 73' lang='grc' dir='ltr'>πρὸς</span> <span class='ocrx_word' id='word_1_404' title='bbox 3264 2837 3365 2907; x_wconf 73' lang='grc' dir='ltr'>τὴν</span> <span class='ocrx_word' id='word_1_405' title='bbox 3393 2835 3631 2905; x_wconf 79' lang='grc' dir='ltr'>ἀδελφὴν</span> 
     </span>
    </p>
   </div>
   <div class='ocr_carea' id='block_1_61' title="bbox 2047 2926 3624 3001">
    <p class='ocr_par' dir='ltr' id='par_1_61' title="bbox 2047 2926 3624 3001">
     <span class='ocr_line' id='line_1_61' title="bbox 2047 2926 3624 3001; baseline -0.001 -20"><span class='ocrx_word' id='word_1_406' title='bbox 2047 2929 2321 3000; x_wconf 60' lang='grc' dir='ltr'>ἐχρήσατο</span> <span class='ocrx_word' id='word_1_407' title='bbox 2388 2929 2681 3001; x_wconf 57' lang='grc' dir='ltr'>πρότερον</span> <span class='ocrx_word' id='word_1_408' title='bbox 2754 2926 2979 2996; x_wconf 80' lang='grc' dir='ltr'><strong>φάσκων</strong></span> <span class='ocrx_word' id='word_1_409' title='bbox 3037 2929 3111 3000; x_wconf 87' lang='grc' dir='ltr'><strong>μὴ</strong></span> <span class='ocrx_word' id='word_1_410' title='bbox 3165 2929 3341 2993; x_wconf 75' lang='grc' dir='ltr'>ἄλλως</span> <span class='ocrx_word' id='word_1_411' title='bbox 3405 2929 3624 3000; x_wconf 80' lang='grc' dir='ltr'>φρονεῖν</span> 
     </span>
    </p>
   </div>
   <div class='ocr_carea' id='block_1_62' title="bbox 2051 3018 3631 3091">
    <p class='ocr_par' dir='ltr' id='par_1_62' title="bbox 2051 3018 3631 3091">
     <span class='ocr_line' id='line_1_62' title="bbox 2051 3018 3631 3091; baseline -0.001 -17"><span class='ocrx_word' id='word_1_412' title='bbox 2051 3021 2269 3091; x_wconf 69' lang='grc' dir='ltr'>’Ἄρειον</span> <span class='ocrx_word' id='word_1_413' title='bbox 2286 3060 2302 3086; x_wconf 93' lang='grc'>,</span> <span class='ocrx_word' id='word_1_414' title='bbox 2326 3018 2360 3091; x_wconf 76' lang='grc' dir='ltr'>ἢ</span> <span class='ocrx_word' id='word_1_415' title='bbox 2387 3018 2417 3073; x_wconf 82' lang='grc' dir='ltr'><strong>δ</strong></span> <span class='ocrx_word' id='word_1_416' title='bbox 2434 3022 2501 3091; x_wconf 77' lang='grc' dir='ltr'>τῇ</span> <span class='ocrx_word' id='word_1_417' title='bbox 2533 3019 2737 3091; x_wconf 84' lang='grc' dir='ltr'><strong>συνόδῳ</strong></span> <span class='ocrx_word' id='word_1_418' title='bbox 2759 3019 2944 3085; x_wconf 75' lang='grc' dir='ltr'>δοκεῖ,</span> <span class='ocrx_word' id='word_1_419' title='bbox 2964 3018 3189 3074; x_wconf 85' lang='grc' dir='ltr'>ὲλθόντα</span> <span class='ocrx_word' id='word_1_420' title='bbox 3219 3037 3281 3073; x_wconf 88' lang='grc' dir='ltr'><strong>τε</strong></span> <span class='ocrx_word' id='word_1_421' title='bbox 3310 3020 3470 3075; x_wconf 79' lang='grc' dir='ltr'>αὐτὸν</span> <span class='ocrx_word' id='word_1_422' title='bbox 3485 3018 3631 3073; x_wconf 74' lang='grc' dir='ltr'>κατὰ</span> 
     </span>
    </p>
   </div>
   <div class='ocr_carea' id='block_1_63' title="bbox 2049 3110 3633 3186">
    <p class='ocr_par' dir='ltr' id='par_1_63' title="bbox 2049 3110 3633 3186">
     <span class='ocr_line' id='line_1_63' title="bbox 2049 3110 3633 3186; baseline -0.001 -20"><span class='ocrx_word' id='word_1_423' title='bbox 2049 3112 2364 3186; x_wconf 81' lang='grc' dir='ltr'>πρόσωπον,</span> <span class='ocrx_word' id='word_1_424' title='bbox 2397 3110 2739 3167; x_wconf 86' lang='grc' dir='ltr'>συντίθεσθαι</span> <span class='ocrx_word' id='word_1_425' title='bbox 2766 3111 2998 3178; x_wconf 81' lang='grc' dir='ltr'><strong>τούτοις,</strong></span> <span class='ocrx_word' id='word_1_426' title='bbox 3024 3110 3121 3166; x_wconf 69' lang='grc' dir='ltr'>καὶ</span> <span class='ocrx_word' id='word_1_427' title='bbox 3141 3112 3217 3184; x_wconf 83' lang='grc' dir='ltr'>μὴ</span> <span class='ocrx_word' id='word_1_428' title='bbox 3242 3111 3453 3180; x_wconf 79' lang='grc' dir='ltr'><strong>ἀλόγως</strong></span> <span class='ocrx_word' id='word_1_429' title='bbox 3479 3128 3633 3165; x_wconf 79' lang='grc' dir='ltr'>συκο-</span> 
     </span>
    </p>
   </div>
   <div class='ocr_carea' id='block_1_64' title="bbox 2049 3200 3633 3277">
    <p class='ocr_par' dir='ltr' id='par_1_64' title="bbox 2049 3200 3633 3277">
     <span class='ocr_line' id='line_1_64' title="bbox 2049 3200 3633 3277; baseline -0.002 -17"><span class='ocrx_word' id='word_1_430' title='bbox 2049 3204 2369 3277; x_wconf 80' lang='grc' dir='ltr'>φαντεῖσθαι</span> <span class='ocrx_word' id='word_1_431' title='bbox 2385 3203 2598 3269; x_wconf 83' lang='grc' dir='ltr'><strong>τούτοις</strong></span> <span class='ocrx_word' id='word_1_432' title='bbox 2626 3202 2761 3276; x_wconf 76' lang='lat'><strong>(55).</strong></span> <span class='ocrx_word' id='word_1_433' title='bbox 2784 3200 2923 3258; x_wconf 71' lang='grc' dir='ltr'>Ξένα</span> <span class='ocrx_word' id='word_1_434' title='bbox 2946 3204 3344 3275; x_wconf 81' lang='grc' dir='ltr'>καταφαίνεται</span> <span class='ocrx_word' id='word_1_435' title='bbox 3378 3202 3456 3276; x_wconf 82' lang='grc' dir='ltr'><strong>τῷ</strong></span> <span class='ocrx_word' id='word_1_436' title='bbox 3481 3203 3633 3275; x_wconf 76' lang='grc' dir='ltr'>βασιο</span> 
     </span>
    </p>
   </div>
   <div class='ocr_carea' id='block_1_65' title="bbox 2050 3294 3632 3369">
    <p class='ocr_par' dir='ltr' id='par_1_65' title="bbox 2050 3294 3632 3369">
     <span class='ocr_line' id='line_1_65' title="bbox 2050 3294 3632 3369; baseline -0.001 -17"><span class='ocrx_word' id='word_1_437' title='bbox 2050 3298 2136 3352; x_wconf 78' lang='grc' dir='ltr'>λεῖ</span> <span class='ocrx_word' id='word_1_438' title='bbox 2175 3296 2246 3353; x_wconf 84' lang='grc' dir='ltr'><strong>τὰ</strong></span> <span class='ocrx_word' id='word_1_439' title='bbox 2277 3294 2430 3369; x_wconf 78' lang='grc' dir='ltr'>παρὰ</span> <span class='ocrx_word' id='word_1_440' title='bbox 2474 3294 2570 3350; x_wconf 79' lang='grc' dir='ltr'><strong>τοῦ</strong></span> <span class='ocrx_word' id='word_1_441' title='bbox 2634 3295 3012 3368; x_wconf 69' lang='grc' dir='ltr'>πρεσϐυτέρου</span> <span class='ocrx_word' id='word_1_442' title='bbox 3064 3295 3332 3366; x_wconf 83' lang='grc' dir='ltr'>λεγόμενα</span> <span class='ocrx_word' id='word_1_443' title='bbox 3356 3312 3370 3328; x_wconf 88' lang='grc'><strong>·</strong></span> <span class='ocrx_word' id='word_1_444' title='bbox 3425 3297 3518 3351; x_wconf 76' lang='grc' dir='ltr'><strong>καὶ</strong></span> <span class='ocrx_word' id='word_1_445' title='bbox 3570 3295 3632 3350; x_wconf 84' lang='grc' dir='ltr'>Εί</span> 
     </span>
    </p>
   </div>
   <div class='ocr_carea' id='block_1_66' title="bbox 356 3387 1944 3487">
    <p class='ocr_par' dir='ltr' id='par_1_66' title="bbox 356 3390 1944 3457">
     <span class='ocr_line' id='line_1_66' title="bbox 356 3390 1944 3457; baseline 0.003 -11"><span class='ocrx_word' id='word_1_446' title='bbox 356 3390 526 3447; x_wconf 87' lang='lat' dir='ltr'><strong>cretis</strong></span> <span class='ocrx_word' id='word_1_447' title='bbox 561 3406 962 3447; x_wconf 85' lang='lat' dir='ltr'><strong>consensurum</strong></span> <span class='ocrx_word' id='word_1_448' title='bbox 996 3407 1118 3448; x_wconf 88' lang='lat' dir='ltr'><strong>esse</strong></span> <span class='ocrx_word' id='word_1_449' title='bbox 1138 3433 1153 3457; x_wconf 91' lang='lat'><strong>,</strong></span> <span class='ocrx_word' id='word_1_450' title='bbox 1195 3398 1252 3448; x_wconf 88' lang='lat' dir='ltr'><strong>et</strong></span> <span class='ocrx_word' id='word_1_451' title='bbox 1287 3393 1407 3450; x_wconf 90' lang='lat' dir='ltr'><strong>sine</strong></span> <span class='ocrx_word' id='word_1_452' title='bbox 1446 3407 1613 3449; x_wconf 85' lang='lat' dir='ltr'><strong>causa</strong></span> <span class='ocrx_word' id='word_1_453' title='bbox 1652 3407 1781 3449; x_wconf 90' lang='lat' dir='ltr'><strong>eum</strong></span> <span class='ocrx_word' id='word_1_454' title='bbox 1808 3392 1944 3450; x_wconf 83' lang='lat' dir='ltr'><strong>falso</strong></span> 
     </span>
    </p>
   </div>
   <div class='ocr_carea' id='block_1_67' title="bbox 2042 3387 3634 3487">
    <p class='ocr_par' dir='ltr' id='par_1_67' title="bbox 2055 3387 3634 3471">
     <span class='ocr_line' id='line_1_67' title="bbox 2055 3387 3634 3471; baseline -0.001 -26"><span class='ocrx_word' id='word_1_455' title='bbox 2055 3390 2294 3462; x_wconf 76' lang='grc' dir='ltr'>Ἄρειος,</span> <span class='ocrx_word' id='word_1_456' title='bbox 2316 3387 2448 3471; x_wconf 80' lang='grc' dir='ltr'>ἔφη,</span> <span class='ocrx_word' id='word_1_457' title='bbox 2473 3387 2777 3443; x_wconf 74' lang='grc' dir='ltr'>συντίθεται</span> <span class='ocrx_word' id='word_1_458' title='bbox 2804 3391 2870 3461; x_wconf 77' lang='grc' dir='ltr'><strong>τῇ</strong></span> <span class='ocrx_word' id='word_1_459' title='bbox 2895 3388 3118 3461; x_wconf 79' lang='grc' dir='ltr'><strong>συνόδῳ,</strong></span> <span class='ocrx_word' id='word_1_460' title='bbox 3137 3389 3235 3443; x_wconf 76' lang='grc' dir='ltr'><strong>καὶ</strong></span> <span class='ocrx_word' id='word_1_461' title='bbox 3262 3391 3311 3443; x_wconf 87' lang='grc' dir='ltr'><strong>εί</strong></span> <span class='ocrx_word' id='word_1_462' title='bbox 3331 3389 3399 3443; x_wconf 81' lang='grc' dir='ltr'><strong>τὰ</strong></span> <span class='ocrx_word' id='word_1_463' title='bbox 3418 3390 3634 3460; x_wconf 73' lang='grc' dir='ltr'>ἐκείνης</span> 
     </span>
    </p>
   </div>
   <div class='ocr_carea' id='block_1_68' title="bbox 357 3479 1944 3555">
    <p class='ocr_par' dir='ltr' id='par_1_68' title="bbox 357 3480 1944 3554">
     <span class='ocr_line' id='line_1_68' title="bbox 357 3480 1944 3554; baseline 0.003 -18"><span class='ocrx_word' id='word_1_464' title='bbox 357 3480 686 3539; x_wconf 86' lang='lat' dir='ltr'><strong>insimulari.</strong></span> <span class='ocrx_word' id='word_1_465' title='bbox 725 3481 878 3537; x_wconf 80' lang='lat' dir='ltr'><strong>Nova</strong></span> <span class='ocrx_word' id='word_1_466' title='bbox 914 3489 1081 3553; x_wconf 85' lang='lat' dir='ltr'><strong>atque</strong></span> <span class='ocrx_word' id='word_1_467' title='bbox 1109 3481 1436 3539; x_wconf 85' lang='lat' dir='ltr'><strong>admiranda</strong></span> <span class='ocrx_word' id='word_1_468' title='bbox 1471 3482 1792 3554; x_wconf 84' lang='lat' dir='ltr'><strong>imperatori</strong></span> <span class='ocrx_word' id='word_1_469' title='bbox 1826 3484 1944 3543; x_wconf 82' lang='lat' dir='ltr'><strong>visa</strong></span> 
     </span>
    </p>
   </div>
   <div class='ocr_carea' id='block_1_69' title="bbox 2042 3479 3635 3555">
    <p class='ocr_par' dir='ltr' id='par_1_69' title="bbox 2051 3479 3635 3555">
     <span class='ocr_line' id='line_1_69' title="bbox 2051 3479 3635 3555; baseline -0.001 -19"><span class='ocrx_word' id='word_1_470' title='bbox 2051 3483 2259 3554; x_wconf 75' lang='grc' dir='ltr'>φρονεῖ,</span> <span class='ocrx_word' id='word_1_471' title='bbox 2291 3479 2585 3554; x_wconf 74' lang='grc' dir='ltr'>δέξομαίτε</span> <span class='ocrx_word' id='word_1_472' title='bbox 2608 3479 2773 3534; x_wconf 77' lang='grc' dir='ltr'>αὐτὸν</span> <span class='ocrx_word' id='word_1_473' title='bbox 2803 3482 2882 3544; x_wconf 75' lang='grc' dir='ltr'><strong>τίς</strong></span> <span class='ocrx_word' id='word_1_474' title='bbox 2915 3479 3226 3551; x_wconf 83' lang='grc' dir='ltr'>πρόσωπον,</span> <span class='ocrx_word' id='word_1_475' title='bbox 3258 3481 3354 3535; x_wconf 76' lang='grc' dir='ltr'><strong>καὶ</strong></span> <span class='ocrx_word' id='word_1_476' title='bbox 3380 3480 3478 3534; x_wconf 83' lang='grc' dir='ltr'><strong>σὺν</strong></span> <span class='ocrx_word' id='word_1_477' title='bbox 3495 3482 3635 3555; x_wconf 76' lang='grc' dir='ltr'>τιμῇ</span> 
     </span>
    </p>
   </div>
   <div class='ocr_carea' id='block_1_70' title="bbox 359 3569 1944 3648">
    <p class='ocr_par' dir='ltr' id='par_1_70' title="bbox 359 3574 1944 3648">
     <span class='ocr_line' id='line_1_70' title="bbox 359 3574 1944 3648; baseline 0.002 -19"><span class='ocrx_word' id='word_1_478' title='bbox 359 3582 490 3630; x_wconf 89' lang='lat' dir='ltr'><strong>sunt</strong></span> <span class='ocrx_word' id='word_1_479' title='bbox 529 3590 652 3645; x_wconf 60' lang='lat' dir='ltr'><strong>qua</strong></span> <span class='ocrx_word' id='word_1_480' title='bbox 684 3590 716 3630; x_wconf 88' lang='lat' dir='ltr'><strong>a</strong></span> <span class='ocrx_word' id='word_1_481' title='bbox 758 3575 1091 3647; x_wconf 84' lang='lat' dir='ltr'><strong>presbytero</strong></span> <span class='ocrx_word' id='word_1_482' title='bbox 1128 3575 1479 3632; x_wconf 87' lang='lat' dir='ltr'><strong>dicebantur.</strong></span> <span class='ocrx_word' id='word_1_483' title='bbox 1526 3574 1621 3635; x_wconf 85' lang='lat' dir='ltr'><strong>Sic</strong></span> <span class='ocrx_word' id='word_1_484' title='bbox 1649 3575 1818 3648; x_wconf 73' lang='lat' dir='ltr'><strong>igitur</strong></span> <span class='ocrx_word' id='word_1_485' title='bbox 1851 3575 1944 3633; x_wconf 87' lang='lat' dir='ltr'><strong>ille</strong></span> 
     </span>
    </p>
   </div>
   <div class='ocr_carea' id='block_1_71' title="bbox 2042 3569 3633 3648">
    <p class='ocr_par' dir='ltr' id='par_1_71' title="bbox 2051 3569 3633 3644">
     <span class='ocr_line' id='line_1_71' title="bbox 2051 3569 3633 3644; baseline 0 -19"><span class='ocrx_word' id='word_1_486' title='bbox 2051 3572 2323 3644; x_wconf 69' lang='grc' dir='ltr'><strong>ἐκπέμψω</strong></span> <span class='ocrx_word' id='word_1_487' title='bbox 2352 3571 2446 3626; x_wconf 65' lang='grc' dir='ltr'><strong>ἰπὶ</strong></span> <span class='ocrx_word' id='word_1_488' title='bbox 2484 3572 2585 3643; x_wconf 81' lang='grc' dir='ltr'>τὴν</span> <span class='ocrx_word' id='word_1_489' title='bbox 2627 3569 3052 3643; x_wconf 72' lang='grc' dir='ltr'>Ἀλεξάνδρειαν.</span> <span class='ocrx_word' id='word_1_490' title='bbox 3098 3569 3285 3625; x_wconf 82' lang='grc' dir='ltr'>Ταῦτα</span> <span class='ocrx_word' id='word_1_491' title='bbox 3313 3570 3490 3641; x_wconf 76' lang='grc' dir='ltr'>ἔλεγε,</span> <span class='ocrx_word' id='word_1_492' title='bbox 3537 3570 3633 3625; x_wconf 72' lang='grc' dir='ltr'><strong>καὶ</strong></span> 
     </span>
    </p>
   </div>
   <div class='ocr_carea' id='block_1_72' title="bbox 357 3640 1944 3738">
    <p class='ocr_par' dir='ltr' id='par_1_72' title="bbox 357 3640 1944 3738">
     <span class='ocr_line' id='line_1_72' title="bbox 357 3640 1944 3738; baseline 0.003 -19"><span class='ocrx_word' id='word_1_493' title='bbox 357 3640 641 3734; x_wconf 74' lang='lat' dir='ltr'><strong>respondit</strong></span> <span class='ocrx_word' id='word_1_494' title='bbox 668 3640 1024 3737; x_wconf 70' lang='lat' dir='ltr'><strong>presbytero:</strong></span> <span class='ocrx_word' id='word_1_495' title='bbox 1056 3665 1114 3721; x_wconf 90' lang='lat' dir='ltr'><strong>Si</strong></span> <span class='ocrx_word' id='word_1_496' title='bbox 1132 3665 1297 3722; x_wconf 85' lang='lat' dir='ltr'><strong>Arius</strong></span> <span class='ocrx_word' id='word_1_497' title='bbox 1317 3665 1557 3723; x_wconf 85' lang='lat' dir='ltr'><strong>decretis</strong></span> <span class='ocrx_word' id='word_1_498' title='bbox 1588 3640 1785 3738; x_wconf 67' lang='lat' dir='ltr'><strong>synodi</strong></span> <span class='ocrx_word' id='word_1_499' title='bbox 1811 3667 1944 3723; x_wconf 62' lang='lat' dir='ltr'><strong>sub«</strong></span> 
     </span>
    </p>
   </div>
   <div class='ocr_carea' id='block_1_73' title="bbox 2042 3640 3031 3738">
    <p class='ocr_par' dir='ltr' id='par_1_73' title="bbox 2052 3640 3031 3736">
     <span class='ocr_line' id='line_1_73' title="bbox 2052 3640 3031 3736; baseline -0.003 -17"><span class='ocrx_word' id='word_1_500' title='bbox 2052 3640 2261 3720; x_wconf 66' lang='grc' dir='ltr'><strong>αὐτίιια⁷</strong></span> <span class='ocrx_word' id='word_1_501' title='bbox 2277 3662 2416 3736; x_wconf 79' lang='grc' dir='ltr'>πρὸς</span> <span class='ocrx_word' id='word_1_502' title='bbox 2446 3640 2609 3718; x_wconf 77' lang='grc' dir='ltr'>αὐτὸν</span> <span class='ocrx_word' id='word_1_503' title='bbox 2640 3662 2849 3734; x_wconf 73' lang='grc' dir='ltr'>ἔγραφε</span> <span class='ocrx_word' id='word_1_504' title='bbox 2868 3640 2997 3719; x_wconf 82' lang='grc' dir='ltr'>τάδε</span> <span class='ocrx_word' id='word_1_505' title='bbox 3015 3677 3031 3692; x_wconf 77' lang='grc' dir='ltr'>ο</span> 
     </span>
    </p>
   </div>
   <div class='ocr_carea' id='block_1_74' title="bbox 359 3756 3632 3833">
    <p class='ocr_par' dir='ltr' id='par_1_74' title="bbox 359 3756 3632 3833">
     <span class='ocr_line' id='line_1_74' title="bbox 359 3756 3632 3833; baseline 0 -20"><span class='ocrx_word' id='word_1_506' title='bbox 359 3756 569 3823; x_wconf 78' lang='lat' dir='ltr'><strong>seribit,</strong></span> <span class='ocrx_word' id='word_1_507' title='bbox 608 3765 665 3812; x_wconf 91' lang='lat' dir='ltr'><strong>et</strong></span> <span class='ocrx_word' id='word_1_508' title='bbox 695 3758 887 3814; x_wconf 87' lang='lat' dir='ltr'><strong>eadem</strong></span> <span class='ocrx_word' id='word_1_509' title='bbox 919 3759 1088 3815; x_wconf 86' lang='lat' dir='ltr'><strong>sentit</strong></span> <span class='ocrx_word' id='word_1_510' title='bbox 1134 3775 1259 3816; x_wconf 90' lang='lat' dir='ltr'><strong>cum</strong></span> <span class='ocrx_word' id='word_1_511' title='bbox 1328 3761 1559 3833; x_wconf 87' lang='lat' dir='ltr'><strong>synodo,</strong></span> <span class='ocrx_word' id='word_1_512' title='bbox 1610 3778 1738 3818; x_wconf 90' lang='lat' dir='ltr'><strong>eum</strong></span> <span class='ocrx_word' id='word_1_513' title='bbox 1783 3764 1839 3817; x_wconf 90' lang='lat' dir='ltr'><strong>in</strong></span> <span class='ocrx_word' id='word_1_514' title='bbox 1877 3767 2231 3833; x_wconf 87' lang='lat' dir='ltr'><strong>conspectum</strong></span> <span class='ocrx_word' id='word_1_515' title='bbox 2259 3774 2444 3815; x_wconf 89' lang='lat' dir='ltr'><strong>meum</strong></span> <span class='ocrx_word' id='word_1_516' title='bbox 2488 3757 2772 3816; x_wconf 88' lang='lat' dir='ltr'><strong>admittam</strong></span> <span class='ocrx_word' id='word_1_517' title='bbox 2807 3758 3007 3824; x_wconf 86' lang='lat' dir='ltr'><strong>libens,</strong></span> <span class='ocrx_word' id='word_1_518' title='bbox 3056 3765 3113 3813; x_wconf 93' lang='lat' dir='ltr'><strong>et</strong></span> <span class='ocrx_word' id='word_1_519' title='bbox 3140 3773 3266 3813; x_wconf 91' lang='lat' dir='ltr'><strong>cum</strong></span> <span class='ocrx_word' id='word_1_520' title='bbox 3303 3756 3514 3813; x_wconf 87' lang='lat' dir='ltr'><strong>honore</strong></span> <span class='ocrx_word' id='word_1_521' title='bbox 3541 3771 3632 3813; x_wconf 86' lang='lat' dir='ltr'><strong>re-</strong></span> 
     </span>
    </p>
   </div>
   <div class='ocr_carea' id='block_1_75' title="bbox 359 3848 2817 3924">
    <p class='ocr_par' dir='ltr' id='par_1_75' title="bbox 359 3848 2817 3924">
     <span class='ocr_line' id='line_1_75' title="bbox 359 3848 2817 3924; baseline 0 -21"><span class='ocrx_word' id='word_1_522' title='bbox 359 3848 571 3904; x_wconf 85' lang='lat' dir='ltr'><strong>mittam</strong></span> <span class='ocrx_word' id='word_1_523' title='bbox 596 3850 1001 3906; x_wconf 79' lang='lat' dir='ltr'><strong>Alexandriam.</strong></span> <span class='ocrx_word' id='word_1_524' title='bbox 1028 3851 1413 3919; x_wconf 83' lang='lat' dir='ltr'><strong>Haeclocutus,</strong></span> <span class='ocrx_word' id='word_1_525' title='bbox 1445 3854 1734 3910; x_wconf 85' lang='lat' dir='ltr'><strong>confestim</strong></span> <span class='ocrx_word' id='word_1_526' title='bbox 1765 3854 1835 3910; x_wconf 83' lang='lat' dir='ltr'><strong>ad</strong></span> <span class='ocrx_word' id='word_1_527' title='bbox 1861 3855 2017 3911; x_wconf 90' lang='lat' dir='ltr'><strong>illum</strong></span> <span class='ocrx_word' id='word_1_528' title='bbox 2052 3852 2276 3924; x_wconf 89' lang='lat' dir='ltr'><strong>scripsit</strong></span> <span class='ocrx_word' id='word_1_529' title='bbox 2296 3852 2354 3907; x_wconf 91' lang='lat' dir='ltr'><strong>in</strong></span> <span class='ocrx_word' id='word_1_530' title='bbox 2377 3853 2525 3907; x_wconf 90' lang='lat' dir='ltr'><strong>hunc</strong></span> <span class='ocrx_word' id='word_1_531' title='bbox 2550 3851 2774 3907; x_wconf 90' lang='lat' dir='ltr'><strong>modum</strong></span> <span class='ocrx_word' id='word_1_532' title='bbox 2803 3868 2817 3904; x_wconf 92' lang='lat'>:</span> 
     </span>
    </p>
   </div>
   <div class='ocr_carea' id='block_1_76' title="bbox 533 3958 1799 4036">
    <p class='ocr_par' dir='ltr' id='par_1_76' title="bbox 533 3958 1799 4036">
     <span class='ocr_line' id='line_1_76' title="bbox 533 3958 1799 4036; baseline 0.006 -23"><span class='ocrx_word' id='word_1_533' title='bbox 533 3958 706 4014; x_wconf 79' lang='lat' dir='ltr'><strong>Victor</strong></span> <span class='ocrx_word' id='word_1_534' title='bbox 750 3958 1150 4036; x_wconf 73' lang='lat' dir='ltr'><strong>Constantinus,</strong></span> <span class='ocrx_word' id='word_1_535' title='bbox 1184 3961 1469 4036; x_wconf 66' lang='lat' dir='ltr'><strong>Maximus.</strong></span> <span class='ocrx_word' id='word_1_536' title='bbox 1507 3964 1799 4036; x_wconf 78' lang='lat' dir='ltr'><strong>Augustus,</strong></span> 
     </span>
    </p>
   </div>
   <div class='ocr_carea' id='block_1_77' title="bbox 1103 3961 3630 4086">
    <p class='ocr_par' dir='ltr' id='par_1_77' title="bbox 1103 3961 3630 4086">
     <span class='ocr_line' id='line_1_77' title="bbox 1103 3961 3630 4086; baseline 0 -71"><span class='ocrx_word' id='word_1_537' title='bbox 1103 3979 1150 4086; x_wconf 29' lang='lat' dir='ltr'><strong>(si.</strong></span> <span class='ocrx_word' id='word_1_538' title='bbox 1184 3961 1469 4046; x_wconf 47' lang='lat' dir='ltr'><strong>.Marimus.</strong></span> <span class='ocrx_word' id='word_1_539' title='bbox 1507 3964 1799 4036; x_wconf 78' lang='lat' dir='ltr'><strong>Augustus,</strong></span> <span class='ocrx_word' id='word_1_540' title='bbox 2057 3964 2325 4035; x_wconf 82' lang='grc' dir='ltr'>Νικητὴς</span> <span class='ocrx_word' id='word_1_541' title='bbox 2366 3965 2855 4086; x_wconf 47' lang='grc' dir='ltr'><strong>Κωνστιαντῖνξ,</strong></span> <span class='ocrx_word' id='word_1_542' title='bbox 2887 3963 3205 4086; x_wconf 57' lang='grc' dir='ltr'><strong>ίΜέγιστος</strong></span> <span class='ocrx_word' id='word_1_543' title='bbox 3232 4003 3246 4027; x_wconf 90' lang='grc'>,</span> <span class='ocrx_word' id='word_1_544' title='bbox 3307 3961 3630 4029; x_wconf 76' lang='grc' dir='ltr'>Σεϐαστὸς,</span> 
     </span>
     <span class='ocr_line' id='line_1_78' title="bbox 1154 4049 2973 4086; baseline 0.001 -1"><span class='ocrx_word' id='word_1_545' title='bbox 1154 4049 1250 4086; x_wconf 82' lang='lat' dir='ltr'><strong>no.</strong></span> <span class='ocrx_word' id='word_1_546' title='bbox 2819 4051 2883 4086; x_wconf 86' lang='grc' dir='ltr'>οε</span> <span class='ocrx_word' id='word_1_547' title='bbox 2908 4051 2973 4086; x_wconf 89' lang='grc' dir='ltr'>ω.</span> 
     </span>
    </p>
   </div>
   <div class='ocr_carea' id='block_1_78' title="bbox 1154 4049 1250 4086">
    <p class='ocr_par' dir='ltr' id='par_1_78' title="bbox 1154 4049 1250 4086">
     <span class='ocr_line' id='line_1_79' title="bbox 1154 4049 1250 4086; baseline 0.01 -2"><span class='ocrx_word' id='word_1_548' title='bbox 1154 4049 1250 4086; x_wconf 78' lang='grc' dir='ltr'>νιο.</span> 
     </span>
    </p>
   </div>
   <div class='ocr_carea' id='block_1_79' title="bbox 2762 4034 2973 4103">
    <p class='ocr_par' dir='ltr' id='par_1_79' title="bbox 2762 4034 2973 4103">
     <span class='ocr_line' id='line_1_80' title="bbox 2762 4034 2973 4103; baseline 0.005 -15"><span class='ocrx_word' id='word_1_549' title='bbox 2762 4034 2973 4103; x_wconf 74' lang='grc' dir='ltr'>Ἀρείῳ.</span> 
     </span>
    </p>
   </div>
   <div class='ocr_carea' id='block_1_80' title="bbox 428 4121 1955 4193">
    <p class='ocr_par' dir='ltr' id='par_1_80' title="bbox 428 4121 1955 4193">
     <span class='ocr_line' id='line_1_81' title="bbox 428 4121 1955 4193; baseline 0.004 -18"><span class='ocrx_word' id='word_1_550' title='bbox 428 4121 767 4192; x_wconf 71' lang='lat' dir='ltr'><strong>Iampridem</strong></span> <span class='ocrx_word' id='word_1_551' title='bbox 808 4122 1065 4193; x_wconf 88' lang='lat' dir='ltr'><strong>gravitati</strong></span> <span class='ocrx_word' id='word_1_552' title='bbox 1109 4129 1214 4177; x_wconf 68' lang='lat' dir='ltr'><strong>tua:</strong></span> <span class='ocrx_word' id='word_1_553' title='bbox 1250 4122 1618 4193; x_wconf 87' lang='lat' dir='ltr'><strong>signiﬁcatum</strong></span> <span class='ocrx_word' id='word_1_554' title='bbox 1644 4134 1748 4191; x_wconf 86' lang='lat' dir='ltr'><strong>est,</strong></span> <span class='ocrx_word' id='word_1_555' title='bbox 1790 4134 1853 4181; x_wconf 90' lang='lat' dir='ltr'><strong>ut</strong></span> <span class='ocrx_word' id='word_1_556' title='bbox 1884 4127 1955 4183; x_wconf 87' lang='lat' dir='ltr'><strong>ad</strong></span> 
     </span>
    </p>
   </div>
   <div class='ocr_carea' id='block_1_81' title="bbox 360 4214 1954 4289">
    <p class='ocr_par' dir='ltr' id='par_1_81' title="bbox 360 4214 1954 4289">
     <span class='ocr_line' id='line_1_82' title="bbox 360 4214 1954 4289; baseline 0.004 -21"><span class='ocrx_word' id='word_1_557' title='bbox 360 4214 684 4269; x_wconf 86' lang='lat' dir='ltr'><strong>comitatum</strong></span> <span class='ocrx_word' id='word_1_558' title='bbox 716 4221 969 4269; x_wconf 90' lang='lat' dir='ltr'><strong>nostrum</strong></span> <span class='ocrx_word' id='word_1_559' title='bbox 993 4214 1237 4281; x_wconf 85' lang='lat' dir='ltr'><strong>venires,</strong></span> <span class='ocrx_word' id='word_1_560' title='bbox 1277 4231 1387 4287; x_wconf 89' lang='lat' dir='ltr'><strong>quo</strong></span> <span class='ocrx_word' id='word_1_561' title='bbox 1422 4218 1722 4289; x_wconf 89' lang='lat' dir='ltr'><strong>majestatis</strong></span> <span class='ocrx_word' id='word_1_562' title='bbox 1750 4229 1954 4276; x_wconf 84' lang='lat' dir='ltr'><strong>nostrae</strong></span> 
     </span>
    </p>
   </div>
   <div class='ocr_carea' id='block_1_82' title="bbox 360 4300 1951 4378">
    <p class='ocr_par' dir='ltr' id='par_1_82' title="bbox 360 4300 1951 4378">
     <span class='ocr_line' id='line_1_83' title="bbox 360 4300 1951 4378; baseline 0.007 -25"><span class='ocrx_word' id='word_1_563' title='bbox 360 4308 661 4370; x_wconf 80' lang='lat' dir='ltr'><strong>conspectu</strong></span> <span class='ocrx_word' id='word_1_564' title='bbox 691 4300 900 4371; x_wconf 87' lang='lat' dir='ltr'><strong>perfrui</strong></span> <span class='ocrx_word' id='word_1_565' title='bbox 931 4316 1143 4373; x_wconf 88' lang='lat' dir='ltr'><strong>posses.</strong></span> <span class='ocrx_word' id='word_1_566' title='bbox 1181 4303 1290 4359; x_wconf 91' lang='lat' dir='ltr'><strong>Sed</strong></span> <span class='ocrx_word' id='word_1_567' title='bbox 1313 4304 1505 4360; x_wconf 89' lang='lat' dir='ltr'><strong>mirari</strong></span> <span class='ocrx_word' id='word_1_568' title='bbox 1528 4307 1660 4362; x_wconf 88' lang='lat' dir='ltr'><strong>satis</strong></span> <span class='ocrx_word' id='word_1_569' title='bbox 1688 4322 1799 4363; x_wconf 87' lang='lat' dir='ltr'><strong>non</strong></span> <span class='ocrx_word' id='word_1_570' title='bbox 1820 4322 1951 4378; x_wconf 86' lang='lat' dir='ltr'><strong>pos-</strong></span> 
     </span>
    </p>
   </div>
   <div class='ocr_carea' id='block_1_83' title="bbox 361 4391 1954 4467">
    <p class='ocr_par' dir='ltr' id='par_1_83' title="bbox 361 4391 1954 4467">
     <span class='ocr_line' id='line_1_84' title="bbox 361 4391 1954 4467; baseline 0.008 -23"><span class='ocrx_word' id='word_1_571' title='bbox 361 4406 554 4445; x_wconf 80' lang='lat' dir='ltr'><strong>sumus</strong></span> <span class='ocrx_word' id='word_1_572' title='bbox 598 4391 747 4463; x_wconf 90' lang='lat' dir='ltr'><strong>quod</strong></span> <span class='ocrx_word' id='word_1_573' title='bbox 795 4392 1086 4448; x_wconf 88' lang='lat' dir='ltr'><strong>confestim</strong></span> <span class='ocrx_word' id='word_1_574' title='bbox 1135 4393 1192 4449; x_wconf 91' lang='lat' dir='ltr'><strong>id</strong></span> <span class='ocrx_word' id='word_1_575' title='bbox 1250 4411 1363 4451; x_wconf 90' lang='lat' dir='ltr'><strong>non</strong></span> <span class='ocrx_word' id='word_1_576' title='bbox 1409 4398 1751 4467; x_wconf 62' lang='lat' dir='ltr'><strong>praestiteris.</strong></span> <span class='ocrx_word' id='word_1_577' title='bbox 1810 4398 1954 4455; x_wconf 90' lang='lat' dir='ltr'><strong>Con-</strong></span> 
     </span>
    </p>
   </div>
   <div class='ocr_carea' id='block_1_84' title="bbox 363 4481 1950 4553">
    <p class='ocr_par' dir='ltr' id='par_1_84' title="bbox 363 4481 1950 4553">
     <span class='ocr_line' id='line_1_85' title="bbox 363 4481 1950 4553; baseline 0.008 -21"><span class='ocrx_word' id='word_1_578' title='bbox 363 4493 556 4533; x_wconf 89' lang='lat' dir='ltr'><strong>scenso</strong></span> <span class='ocrx_word' id='word_1_579' title='bbox 584 4481 750 4550; x_wconf 86' lang='lat' dir='ltr'><strong>igitur</strong></span> <span class='ocrx_word' id='word_1_580' title='bbox 774 4482 1034 4537; x_wconf 82' lang='lat' dir='ltr'><strong>vehiculo</strong></span> <span class='ocrx_word' id='word_1_581' title='bbox 1078 4484 1324 4553; x_wconf 89' lang='lat' dir='ltr'><strong>publico,</strong></span> <span class='ocrx_word' id='word_1_582' title='bbox 1360 4486 1430 4540; x_wconf 90' lang='lat' dir='ltr'><strong>ad</strong></span> <span class='ocrx_word' id='word_1_583' title='bbox 1481 4488 1803 4543; x_wconf 86' lang='lat' dir='ltr'><strong>comitatum</strong></span> <span class='ocrx_word' id='word_1_584' title='bbox 1845 4505 1950 4545; x_wconf 90' lang='lat' dir='ltr'><strong>no-</strong></span> 
     </span>
    </p>
   </div>
   <div class='ocr_carea' id='block_1_85' title="bbox 364 4571 1953 4639">
    <p class='ocr_par' dir='ltr' id='par_1_85' title="bbox 364 4571 1953 4639">
     <span class='ocr_line' id='line_1_86' title="bbox 364 4571 1953 4639; baseline 0.011 -18"><span class='ocrx_word' id='word_1_585' title='bbox 364 4577 540 4622; x_wconf 86' lang='lat' dir='ltr'><strong>strum</strong></span> <span class='ocrx_word' id='word_1_586' title='bbox 578 4571 769 4625; x_wconf 76' lang='lat' dir='ltr'><strong>venire</strong></span> <span class='ocrx_word' id='word_1_587' title='bbox 812 4573 1083 4639; x_wconf 83' lang='lat' dir='ltr'><strong>accelera,</strong></span> <span class='ocrx_word' id='word_1_588' title='bbox 1132 4581 1192 4627; x_wconf 89' lang='lat' dir='ltr'><strong>ut</strong></span> <span class='ocrx_word' id='word_1_589' title='bbox 1226 4582 1469 4628; x_wconf 88' lang='lat' dir='ltr'><strong>nostram</strong></span> <span class='ocrx_word' id='word_1_590' title='bbox 1505 4578 1852 4637; x_wconf 86' lang='lat' dir='ltr'><strong>clementiam</strong></span> <span class='ocrx_word' id='word_1_591' title='bbox 1887 4597 1953 4638; x_wconf 84' lang='lat' dir='ltr'><strong>ac</strong></span> 
     </span>
    </p>
   </div>
   <div class='ocr_carea' id='block_1_86' title="bbox 366 4659 1947 4739">
    <p class='ocr_par' dir='ltr' id='par_1_86' title="bbox 366 4659 1947 4739">
     <span class='ocr_line' id='line_1_87' title="bbox 366 4659 1947 4739; baseline 0.01 -28"><span class='ocrx_word' id='word_1_592' title='bbox 366 4659 784 4715; x_wconf 87' lang='lat' dir='ltr'><strong>beneﬁcentiam</strong></span> <span class='ocrx_word' id='word_1_593' title='bbox 831 4672 1114 4731; x_wconf 80' lang='lat' dir='ltr'><strong>expertus,</strong></span> <span class='ocrx_word' id='word_1_594' title='bbox 1157 4662 1215 4716; x_wconf 92' lang='lat' dir='ltr'><strong>in</strong></span> <span class='ocrx_word' id='word_1_595' title='bbox 1256 4666 1490 4733; x_wconf 87' lang='lat' dir='ltr'><strong>patriam</strong></span> <span class='ocrx_word' id='word_1_596' title='bbox 1521 4670 1725 4722; x_wconf 84' lang='lat' dir='ltr'><strong>reverti</strong></span> <span class='ocrx_word' id='word_1_597' title='bbox 1748 4672 1947 4739; x_wconf 88' lang='lat' dir='ltr'><strong>possis.</strong></span> 
     </span>
    </p>
   </div>
   <div class='ocr_carea' id='block_1_87' title="bbox 364 4750 1951 4818">
    <p class='ocr_par' dir='ltr' id='par_1_87' title="bbox 364 4750 1951 4818">
     <span class='ocr_line' id='line_1_88' title="bbox 364 4750 1951 4818; baseline 0.008 -14"><span class='ocrx_word' id='word_1_598' title='bbox 364 4750 636 4806; x_wconf 87' lang='lat' dir='ltr'><strong>Divinitas</strong></span> <span class='ocrx_word' id='word_1_599' title='bbox 671 4758 726 4806; x_wconf 90' lang='lat' dir='ltr'><strong>te</strong></span> <span class='ocrx_word' id='word_1_600' title='bbox 770 4760 976 4818; x_wconf 82' lang='lat' dir='ltr'><strong>servet,</strong></span> <span class='ocrx_word' id='word_1_601' title='bbox 1018 4751 1192 4812; x_wconf 81' lang='lat' dir='ltr'><strong>frater</strong></span> <span class='ocrx_word' id='word_1_602' title='bbox 1226 4754 1604 4813; x_wconf 85' lang='lat' dir='ltr'><strong>dilectissime.</strong></span> <span class='ocrx_word' id='word_1_603' title='bbox 1646 4759 1782 4814; x_wconf 88' lang='lat' dir='ltr'><strong>Data</strong></span> <span class='ocrx_word' id='word_1_604' title='bbox 1825 4768 1951 4818; x_wconf 88' lang='lat' dir='ltr'><strong>ante</strong></span> 
     </span>
    </p>
   </div>
   <div class='ocr_carea' id='block_1_88' title="bbox 2123 4124 3632 4199">
    <p class='ocr_par' dir='ltr' id='par_1_88' title="bbox 2123 4124 3632 4199">
     <span class='ocr_line' id='line_1_89' title="bbox 2123 4124 3632 4199; baseline -0.002 -19"><span class='ocrx_word' id='word_1_605' title='bbox 2123 4127 2300 4181; x_wconf 85' lang='grc' dir='ltr'>Πάλαι</span> <span class='ocrx_word' id='word_1_606' title='bbox 2332 4127 2431 4197; x_wconf 85' lang='grc' dir='ltr'><strong>μὲν</strong></span> <span class='ocrx_word' id='word_1_607' title='bbox 2470 4125 2711 4198; x_wconf 77' lang='grc' dir='ltr'><strong>ἐδηλώθη</strong></span> <span class='ocrx_word' id='word_1_608' title='bbox 2760 4129 2826 4199; x_wconf 75' lang='grc' dir='ltr'><strong>τῇ</strong></span> <span class='ocrx_word' id='word_1_609' title='bbox 2862 4125 3177 4199; x_wconf 74' lang='grc' dir='ltr'>στερῤότητί</span> <span class='ocrx_word' id='word_1_610' title='bbox 3217 4144 3332 4191; x_wconf 88' lang='grc' dir='ltr'>σου,</span> <span class='ocrx_word' id='word_1_611' title='bbox 3386 4125 3533 4187; x_wconf 83' lang='grc' dir='ltr'><strong>ὅπως</strong></span> <span class='ocrx_word' id='word_1_612' title='bbox 3565 4124 3632 4178; x_wconf 82' lang='grc' dir='ltr'><strong>ἂν</strong></span> 
     </span>
    </p>
   </div>
   <div class='ocr_carea' id='block_1_89' title="bbox 2051 4216 3633 4290">
    <p class='ocr_par' dir='ltr' id='par_1_89' title="bbox 2051 4216 3633 4290">
     <span class='ocr_line' id='line_1_90' title="bbox 2051 4216 3633 4290; baseline -0.002 -18"><span class='ocrx_word' id='word_1_613' title='bbox 2051 4222 2132 4282; x_wconf 90' lang='grc' dir='ltr'>είς</span> <span class='ocrx_word' id='word_1_614' title='bbox 2155 4218 2217 4273; x_wconf 81' lang='grc' dir='ltr'><strong>τὺ</strong></span> <span class='ocrx_word' id='word_1_615' title='bbox 2237 4219 2370 4290; x_wconf 74' lang='grc' dir='ltr'>ἐμὸν</span> <span class='ocrx_word' id='word_1_616' title='bbox 2404 4218 2768 4289; x_wconf 85' lang='grc' dir='ltr'>στρατόπεδον</span> <span class='ocrx_word' id='word_1_617' title='bbox 2814 4219 3052 4288; x_wconf 87' lang='grc' dir='ltr'><strong>ἀφίκοιο,</strong></span> <span class='ocrx_word' id='word_1_618' title='bbox 3102 4218 3189 4272; x_wconf 82' lang='grc' dir='ltr'><strong>ἵνα</strong></span> <span class='ocrx_word' id='word_1_619' title='bbox 3227 4218 3327 4289; x_wconf 78' lang='grc' dir='ltr'><strong>τῆς</strong></span> <span class='ocrx_word' id='word_1_620' title='bbox 3358 4216 3633 4289; x_wconf 79' lang='grc' dir='ltr'>ἡμετέρας</span> 
     </span>
    </p>
   </div>
   <div class='ocr_carea' id='block_1_90' title="bbox 2050 4309 3631 4383">
    <p class='ocr_par' dir='ltr' id='par_1_90' title="bbox 2050 4309 3631 4383">
     <span class='ocr_line' id='line_1_91' title="bbox 2050 4309 3631 4383; baseline -0.001 -19"><span class='ocrx_word' id='word_1_621' title='bbox 2050 4310 2179 4376; x_wconf 83' lang='grc' dir='ltr'>θέας</span> <span class='ocrx_word' id='word_1_622' title='bbox 2231 4309 2536 4365; x_wconf 81' lang='grc' dir='ltr'>ἀπολαῦσαι</span> <span class='ocrx_word' id='word_1_623' title='bbox 2560 4310 2865 4383; x_wconf 78' lang='grc' dir='ltr'>δυνηθείης.</span> <span class='ocrx_word' id='word_1_624' title='bbox 2900 4311 3266 4382; x_wconf 80' lang='grc' dir='ltr'>Θαυμάζομεν</span> <span class='ocrx_word' id='word_1_625' title='bbox 3294 4310 3350 4364; x_wconf 82' lang='grc' dir='ltr'><strong>δὲ</strong></span> <span class='ocrx_word' id='word_1_626' title='bbox 3381 4310 3585 4382; x_wconf 84' lang='grc' dir='ltr'>σφόδρα</span> <span class='ocrx_word' id='word_1_627' title='bbox 3615 4349 3631 4374; x_wconf 94' lang='grc'>,</span> 
     </span>
    </p>
   </div>
   <div class='ocr_carea' id='block_1_91' title="bbox 2055 4400 3635 4475">
    <p class='ocr_par' dir='ltr' id='par_1_91' title="bbox 2055 4400 3635 4475">
     <span class='ocr_line' id='line_1_92' title="bbox 2055 4400 3635 4475; baseline -0.005 -15"><span class='ocrx_word' id='word_1_628' title='bbox 2055 4402 2131 4474; x_wconf 81' lang='grc' dir='ltr'>μὴ</span> <span class='ocrx_word' id='word_1_629' title='bbox 2152 4404 2492 4475; x_wconf 81' lang='grc' dir='ltr'>παραχρῆμα</span> <span class='ocrx_word' id='word_1_630' title='bbox 2517 4402 2675 4456; x_wconf 80' lang='grc' dir='ltr'>τοῦτο</span> <span class='ocrx_word' id='word_1_631' title='bbox 2704 4403 3066 4474; x_wconf 84' lang='grc' dir='ltr'>πεποιηκότα.</span> <span class='ocrx_word' id='word_1_632' title='bbox 3089 4403 3290 4474; x_wconf 86' lang='grc' dir='ltr'>Διόπερ</span> <span class='ocrx_word' id='word_1_633' title='bbox 3311 4401 3406 4456; x_wconf 74' lang='grc' dir='ltr'><strong>νῦν</strong></span> <span class='ocrx_word' id='word_1_634' title='bbox 3437 4400 3635 4465; x_wconf 73' lang='grc' dir='ltr'>ἐπιϐὰς</span> 
     </span>
    </p>
   </div>
   <div class='ocr_carea' id='block_1_92' title="bbox 2050 4493 3637 4566">
    <p class='ocr_par' dir='ltr' id='par_1_92' title="bbox 2050 4493 3637 4566">
     <span class='ocr_line' id='line_1_93' title="bbox 2050 4493 3637 4566; baseline 0.001 -19"><span class='ocrx_word' id='word_1_635' title='bbox 2050 4494 2325 4566; x_wconf 82' lang='grc' dir='ltr'>ὀχήματος</span> <span class='ocrx_word' id='word_1_636' title='bbox 2378 4493 2640 4565; x_wconf 84' lang='grc' dir='ltr'>δημοσίου</span> <span class='ocrx_word' id='word_1_637' title='bbox 2665 4534 2680 4559; x_wconf 92' lang='grc'>,</span> <span class='ocrx_word' id='word_1_638' title='bbox 2734 4495 2816 4557; x_wconf 86' lang='grc' dir='ltr'><strong>είς</strong></span> <span class='ocrx_word' id='word_1_639' title='bbox 2847 4494 2908 4547; x_wconf 82' lang='grc' dir='ltr'>τὸ</span> <span class='ocrx_word' id='word_1_640' title='bbox 2961 4494 3228 4565; x_wconf 80' lang='grc' dir='ltr'>ἡμέτερον</span> <span class='ocrx_word' id='word_1_641' title='bbox 3279 4493 3637 4565; x_wconf 86' lang='grc' dir='ltr'>στρατόπεδον</span> 
     </span>
    </p>
   </div>
   <div class='ocr_carea' id='block_1_93' title="bbox 2050 4584 3637 4657">
    <p class='ocr_par' dir='ltr' id='par_1_93' title="bbox 2050 4584 3637 4657">
     <span class='ocr_line' id='line_1_94' title="bbox 2050 4584 3637 4657; baseline -0.001 -18"><span class='ocrx_word' id='word_1_642' title='bbox 2050 4584 2346 4653; x_wconf 81' lang='grc' dir='ltr'>ἀφικέσθαι</span> <span class='ocrx_word' id='word_1_643' title='bbox 2375 4584 2685 4656; x_wconf 83' lang='grc' dir='ltr'>ὲπείχθητι·</span> <span class='ocrx_word' id='word_1_644' title='bbox 2711 4586 2859 4649; x_wconf 83' lang='grc' dir='ltr'><strong>ὅπως</strong></span> <span class='ocrx_word' id='word_1_645' title='bbox 2890 4585 2956 4639; x_wconf 83' lang='grc' dir='ltr'><strong>ἂν</strong></span> <span class='ocrx_word' id='word_1_646' title='bbox 2984 4586 3084 4657; x_wconf 82' lang='grc' dir='ltr'><strong>τῆς</strong></span> <span class='ocrx_word' id='word_1_647' title='bbox 3107 4585 3239 4657; x_wconf 81' lang='grc' dir='ltr'>παρ’</span> <span class='ocrx_word' id='word_1_648' title='bbox 3267 4586 3424 4657; x_wconf 78' lang='grc' dir='ltr'>ἡμῶν</span> <span class='ocrx_word' id='word_1_649' title='bbox 3467 4585 3637 4656; x_wconf 79' lang='grc' dir='ltr'>εὐμε-</span> 
     </span>
    </p>
   </div>
   <div class='ocr_carea' id='block_1_94' title="bbox 2051 4674 3637 4750">
    <p class='ocr_par' dir='ltr' id='par_1_94' title="bbox 2051 4674 3637 4750">
     <span class='ocr_line' id='line_1_95' title="bbox 2051 4674 3637 4750; baseline 0.002 -21"><span class='ocrx_word' id='word_1_650' title='bbox 2051 4676 2201 4738; x_wconf 87' lang='grc' dir='ltr'>νείας</span> <span class='ocrx_word' id='word_1_651' title='bbox 2234 4693 2293 4728; x_wconf 88' lang='grc' dir='ltr'><strong>τε</strong></span> <span class='ocrx_word' id='word_1_652' title='bbox 2316 4675 2410 4730; x_wconf 72' lang='grc' dir='ltr'><strong>καὶ</strong></span> <span class='ocrx_word' id='word_1_653' title='bbox 2440 4676 2758 4747; x_wconf 75' lang='grc' dir='ltr'>ἐπιμελείας</span> <span class='ocrx_word' id='word_1_654' title='bbox 2774 4674 2975 4747; x_wconf 81' lang='grc' dir='ltr'>τυχὼν,</span> <span class='ocrx_word' id='word_1_655' title='bbox 3006 4678 3100 4731; x_wconf 71' lang='grc' dir='ltr'><strong>ἐπὶ</strong></span> <span class='ocrx_word' id='word_1_656' title='bbox 3127 4677 3226 4750; x_wconf 83' lang='grc' dir='ltr'>τὴν</span> <span class='ocrx_word' id='word_1_657' title='bbox 3250 4677 3486 4749; x_wconf 85' lang='grc' dir='ltr'>πατρίδα</span> <span class='ocrx_word' id='word_1_658' title='bbox 3532 4677 3637 4746; x_wconf 85' lang='grc' dir='ltr'><strong>ἀφ·</strong></span> 
     </span>
    </p>
   </div>
   <div class='ocr_carea' id='block_1_95' title="bbox 2055 4765 3634 4848">
    <p class='ocr_par' dir='ltr' id='par_1_95' title="bbox 2055 4765 3634 4848">
     <span class='ocr_line' id='line_1_96' title="bbox 2055 4765 3634 4848; baseline 0.005 -28"><span class='ocrx_word' id='word_1_659' title='bbox 2055 4765 2268 4820; x_wconf 75' lang='grc' dir='ltr'>ικέσθαι</span> <span class='ocrx_word' id='word_1_660' title='bbox 2300 4766 2552 4839; x_wconf 83' lang='grc' dir='ltr'>δυνηθῇς.</span> <span class='ocrx_word' id='word_1_661' title='bbox 2601 4769 2660 4822; x_wconf 89' lang='grc' dir='ltr'><strong>Ὀ</strong></span> <span class='ocrx_word' id='word_1_662' title='bbox 2692 4767 2825 4834; x_wconf 84' lang='grc' dir='ltr'>Θεός</span> <span class='ocrx_word' id='word_1_663' title='bbox 2860 4785 2920 4823; x_wconf 81' lang='grc' dir='ltr'><strong>σε</strong></span> <span class='ocrx_word' id='word_1_664' title='bbox 2960 4768 3329 4848; x_wconf 83' lang='grc' dir='ltr'>διαφυλάττοι,</span> <span class='ocrx_word' id='word_1_665' title='bbox 3363 4770 3634 4839; x_wconf 81' lang='grc' dir='ltr'>ἀγαπητέ.</span> 
     </span>
    </p>
   </div>
   <div class='ocr_carea' id='block_1_96' title="bbox 1570 4913 2430 4977">
    <p class='ocr_par' dir='ltr' id='par_1_96' title="bbox 1570 4913 2430 4977">
     <span class='ocr_line' id='line_1_97' title="bbox 1570 4913 2430 4977; baseline 0.007 -7"><span class='ocrx_word' id='word_1_666' title='bbox 1570 4913 1838 4971; x_wconf 81' lang='lat' dir='ltr'><strong>VALESll</strong></span> <span class='ocrx_word' id='word_1_667' title='bbox 1875 4914 2430 4977; x_wconf 73' lang='lat' dir='ltr'><strong>ANNOTATIONES.</strong></span> 
     </span>
    </p>
   </div>
   <div class='ocr_carea' id='block_1_97' title="bbox 439 4990 1944 5085">
    <p class='ocr_par' dir='ltr' id='par_1_97' title="bbox 439 4990 1941 5085">
     <span class='ocr_line' id='line_1_98' title="bbox 439 4990 1941 5085; baseline 0.005 0"><span class='ocrx_word' id='word_1_668' title='bbox 439 4990 563 5085; x_wconf 59' lang='lat' dir='ltr'><strong>ea</strong></span> <span class='ocrx_word' id='word_1_669' title='bbox 586 4992 705 5085; x_wconf 59' lang='lat' dir='ltr'><strong>ea</strong></span> <span class='ocrx_word' id='word_1_670' title='bbox 723 4993 813 5085; x_wconf 62' lang='lat' dir='ltr'><strong>ev.</strong></span> <span class='ocrx_word' id='word_1_671' title='bbox 826 4995 1073 5085; x_wconf 55' lang='lat' dir='ltr'><strong>eam</strong></span> <span class='ocrx_word' id='word_1_672' title='bbox 1116 5002 1631 5085; x_wconf 56' lang='lat' dir='ltr'><strong>amarem-em</strong></span> 
     </span>
    </p>
   </div>
   <div class='ocr_carea' id='block_1_98' title="bbox 2042 4990 3637 5085">
    <p class='ocr_par' dir='ltr' id='par_1_98' title="bbox 2051 5012 3637 5085">
     <span class='ocr_line' id='line_1_99' title="bbox 2051 5012 3637 5085; baseline 0.003 -19"><span class='ocrx_word' id='word_1_673' title='bbox 2051 5012 2099 5067; x_wconf 93' lang='lat' dir='ltr'><strong>si</strong></span> <span class='ocrx_word' id='word_1_674' title='bbox 2126 5012 2414 5085; x_wconf 74' lang='lat' dir='ltr'><strong>presbyter</strong></span> <span class='ocrx_word' id='word_1_675' title='bbox 2446 5013 2539 5085; x_wconf 87' lang='lat' dir='ltr'><strong>ille</strong></span> <span class='ocrx_word' id='word_1_676' title='bbox 2565 5013 2742 5085; x_wconf 86' lang='lat' dir='ltr'><strong>gratia</strong></span> <span class='ocrx_word' id='word_1_677' title='bbox 2764 5023 2821 5070; x_wconf 90' lang='lat' dir='ltr'><strong>et</strong></span> <span class='ocrx_word' id='word_1_678' title='bbox 2850 5015 3178 5071; x_wconf 87' lang='lat' dir='ltr'><strong>auctoritate</strong></span> <span class='ocrx_word' id='word_1_679' title='bbox 3221 5023 3435 5071; x_wconf 88' lang='lat' dir='ltr'><strong>tantum</strong></span> <span class='ocrx_word' id='word_1_680' title='bbox 3460 5017 3637 5071; x_wconf 88' lang='lat' dir='ltr'><strong>valuit</strong></span> 
     </span>
    </p>
   </div>
   <div class='ocr_carea' id='block_1_99' title="bbox 366 5064 3639 5163">
    <p class='ocr_par' dir='ltr' id='par_1_99' title="bbox 366 5064 3639 5163">
     <span class='ocr_line' id='line_1_100' title="bbox 366 5064 3639 5163; baseline 0.007 -45"><span class='ocrx_word' id='word_1_681' title='bbox 366 5064 570 5163; x_wconf 45' lang='lat' dir='ltr'><strong>prima</strong></span> <span class='ocrx_word' id='word_1_682' title='bbox 593 5064 1329 5163; x_wconf 35' lang='grc' dir='ltr'><strong>Σσξρξιειέάὲλςειλρὶιξηὴο</strong></span> <span class='ocrx_word' id='word_1_683' title='bbox 1356 5073 1526 5163; x_wconf 56' lang='lat' dir='ltr'><strong>etiam</strong></span> <span class='ocrx_word' id='word_1_684' title='bbox 1552 5074 1666 5130; x_wconf 88' lang='lat' dir='ltr'><strong>Leo</strong></span> <span class='ocrx_word' id='word_1_685' title='bbox 1711 5064 1946 5163; x_wconf 77' lang='lat' dir='ltr'><strong>Allatius</strong></span> <span class='ocrx_word' id='word_1_686' title='bbox 1980 5064 2021 5077; x_wconf 66' lang='grc' dir='ltr'>ν</span> <span class='ocrx_word' id='word_1_687' title='bbox 2050 5064 3177 5163; x_wconf 50' lang='lat' dir='ltr'><strong>spad&#39;cbh&#39;sihxiiihﬁ’inf‘it:tédiéiéh&#39;iiiﬁ</strong></span> <span class='ocrx_word' id='word_1_688' title='bbox 3202 5064 3639 5142; x_wconf 60' lang='grc' dir='ltr'><strong>εῐιῖιὶῖἶὶιόᾶἆὶἐ</strong></span> 
     </span>
    </p>
   </div>
   <div class='ocr_carea' id='block_1_100' title="bbox 366 5134 1944 5216">
    <p class='ocr_par' dir='ltr' id='par_1_100' title="bbox 366 5134 1944 5216">
     <span class='ocr_line' id='line_1_101' title="bbox 366 5134 1944 5216; baseline 0.009 -28"><span class='ocrx_word' id='word_1_689' title='bbox 366 5137 560 5216; x_wconf 74' lang='lat' dir='ltr'><strong>deesse</strong></span> <span class='ocrx_word' id='word_1_690' title='bbox 593 5136 809 5216; x_wconf 63' lang='lat' dir='ltr'><strong>mopuit</strong></span> <span class='ocrx_word' id='word_1_691' title='bbox 833 5134 889 5189; x_wconf 90' lang='lat' dir='ltr'><strong>in</strong></span> <span class='ocrx_word' id='word_1_692' title='bbox 922 5152 1024 5192; x_wconf 91' lang='lat' dir='ltr'><strong>suo</strong></span> <span class='ocrx_word' id='word_1_693' title='bbox 1056 5138 1265 5195; x_wconf 88' lang='lat' dir='ltr'><strong>codice.</strong></span> <span class='ocrx_word' id='word_1_694' title='bbox 1296 5141 1401 5197; x_wconf 87' lang='lat' dir='ltr'><strong>Sed</strong></span> <span class='ocrx_word' id='word_1_695' title='bbox 1425 5153 1613 5199; x_wconf 88' lang='lat' dir='ltr'><strong>utrum</strong></span> <span class='ocrx_word' id='word_1_696' title='bbox 1660 5154 1785 5216; x_wconf 89' lang='lat' dir='ltr'><strong>post</strong></span> <span class='ocrx_word' id='word_1_697' title='bbox 1815 5162 1944 5202; x_wconf 83' lang='lat' dir='ltr'><strong>ver-</strong></span> 
     </span>
    </p>
   </div>
   <div class='ocr_carea' id='block_1_101' title="bbox 368 5202 1944 5284">
    <p class='ocr_par' dir='ltr' id='par_1_101' title="bbox 368 5202 1944 5284">
     <span class='ocr_line' id='line_1_102' title="bbox 368 5202 1944 5284; baseline 0.008 -25"><span class='ocrx_word' id='word_1_698' title='bbox 368 5206 498 5259; x_wconf 89' lang='lat' dir='ltr'><strong>bum</strong></span> <span class='ocrx_word' id='word_1_699' title='bbox 526 5202 896 5284; x_wconf 42' lang='lat' dir='ltr'><strong>cuvriﬁso‘flut,</strong></span> <span class='ocrx_word' id='word_1_700' title='bbox 925 5222 996 5261; x_wconf 87' lang='lat' dir='ltr'><strong>an</strong></span> <span class='ocrx_word' id='word_1_701' title='bbox 1048 5216 1173 5278; x_wconf 87' lang='lat' dir='ltr'><strong>post</strong></span> <span class='ocrx_word' id='word_1_702' title='bbox 1208 5202 1677 5284; x_wconf 55' lang='grc' dir='ltr'>συκοφαντεῖσθαι·</span> <span class='ocrx_word' id='word_1_703' title='bbox 1700 5215 1944 5283; x_wconf 84' lang='lat' dir='ltr'><strong>deesset,</strong></span> 
     </span>
    </p>
   </div>
   <div class='ocr_carea' id='block_1_102' title="bbox 368 5274 1944 5355">
    <p class='ocr_par' dir='ltr' id='par_1_102' title="bbox 368 5274 1944 5355">
     <span class='ocr_line' id='line_1_103' title="bbox 368 5274 1944 5355; baseline 0.01 -29"><span class='ocrx_word' id='word_1_704' title='bbox 368 5289 478 5355; x_wconf 52' lang='lat' dir='ltr'><strong>rion</strong></span> <span class='ocrx_word' id='word_1_705' title='bbox 506 5274 738 5328; x_wconf 84' lang='lat' dir='ltr'><strong>notavit.</strong></span> <span class='ocrx_word' id='word_1_706' title='bbox 761 5274 1067 5355; x_wconf 41' lang='lat' dir='ltr'><strong>alterutro</strong></span> <span class='ocrx_word' id='word_1_707' title='bbox 1079 5287 1231 5334; x_wconf 89' lang='lat' dir='ltr'><strong>certe</strong></span> <span class='ocrx_word' id='word_1_708' title='bbox 1249 5281 1333 5355; x_wconf 89' lang='lat' dir='ltr'><strong>_in</strong></span> <span class='ocrx_word' id='word_1_709' title='bbox 1356 5274 1488 5355; x_wconf 75' lang='lat' dir='ltr'><strong>loco</strong></span> <span class='ocrx_word' id='word_1_710' title='bbox 1534 5286 1809 5355; x_wconf 81' lang='lat' dir='ltr'><strong>superflua</strong></span> <span class='ocrx_word' id='word_1_711' title='bbox 1839 5274 1944 5342; x_wconf 57' lang='lat' dir='ltr'><strong>est:</strong></span> 
     </span>
    </p>
   </div>
   <div class='ocr_carea' id='block_1_103' title="bbox 366 5344 1946 5426">
    <p class='ocr_par' dir='ltr' id='par_1_103' title="bbox 366 5344 1946 5426">
     <span class='ocr_line' id='line_1_104' title="bbox 366 5344 1946 5426; baseline 0.009 -29"><span class='ocrx_word' id='word_1_712' title='bbox 366 5345 542 5398; x_wconf 88' lang='lat' dir='ltr'><strong>Porro</strong></span> <span class='ocrx_word' id='word_1_713' title='bbox 570 5344 969 5426; x_wconf 45' lang='lat' dir='ltr'><strong>“narrationem</strong></span> <span class='ocrx_word' id='word_1_714' title='bbox 1020 5348 1298 5426; x_wconf 74' lang='lat' dir='ltr'><strong>istam_de</strong></span> <span class='ocrx_word' id='word_1_715' title='bbox 1344 5344 1669 5426; x_wconf 68' lang='lat' dir='ltr'><strong>presbytero</strong></span> <span class='ocrx_word' id='word_1_716' title='bbox 1719 5356 1946 5423; x_wconf 81' lang='lat' dir='ltr'><strong>Ariano,</strong></span> 
     </span>
    </p>
   </div>
   <div class='ocr_carea' id='block_1_104' title="bbox 367 5413 1950 5495">
    <p class='ocr_par' dir='ltr' id='par_1_104' title="bbox 367 5413 1950 5495">
     <span class='ocr_line' id='line_1_105' title="bbox 367 5413 1950 5495; baseline 0.011 -30"><span class='ocrx_word' id='word_1_717' title='bbox 367 5428 533 5495; x_wconf 76' lang='lat' dir='ltr'><strong>quem</strong></span> <span class='ocrx_word' id='word_1_718' title='bbox 565 5413 883 5495; x_wconf 63' lang='lat' dir='ltr'><strong>constantia</strong></span> <span class='ocrx_word' id='word_1_719' title='bbox 906 5415 1148 5495; x_wconf 39' lang='lat' dir='ltr'><strong>augusta</strong></span> <span class='ocrx_word' id='word_1_720' title='bbox 1179 5413 1541 5495; x_wconf 68' lang='lat' dir='ltr'><strong>Constantino</strong></span> <span class='ocrx_word' id='word_1_721' title='bbox 1587 5426 1744 5481; x_wconf 86' lang='lat' dir='ltr'><strong>fratri</strong></span> <span class='ocrx_word' id='word_1_722' title='bbox 1795 5413 1950 5482; x_wconf 53' lang='lat' dir='ltr'><strong>com;</strong></span> 
     </span>
    </p>
   </div>
   <div class='ocr_carea' id='block_1_105' title="bbox 369 5483 1941 5553">
    <p class='ocr_par' dir='ltr' id='par_1_105' title="bbox 369 5483 1941 5553">
     <span class='ocr_line' id='line_1_106' title="bbox 369 5483 1941 5553; baseline 0.011 -18"><span class='ocrx_word' id='word_1_723' title='bbox 369 5483 881 5553; x_wconf 66' lang='lat' dir='ltr'><strong>mendavit,&#39;hausit</strong></span> <span class='ocrx_word' id='word_1_724' title='bbox 914 5483 1171 5543; x_wconf 77' lang='lat' dir='ltr'><strong>Socrates</strong></span> <span class='ocrx_word' id='word_1_725' title='bbox 1199 5506 1267 5544; x_wconf 80' lang='lat' dir='ltr'><strong>ex</strong></span> <span class='ocrx_word' id='word_1_726' title='bbox 1300 5490 1483 5547; x_wconf 85' lang='lat' dir='ltr'><strong>Ruﬁni</strong></span> <span class='ocrx_word' id='word_1_727' title='bbox 1515 5496 1659 5551; x_wconf 85' lang='lat' dir='ltr'><strong>libro</strong></span> <span class='ocrx_word' id='word_1_728' title='bbox 1707 5497 1941 5553; x_wconf 89' lang='lat' dir='ltr'><strong>decimo.</strong></span> 
     </span>
    </p>
   </div>
   <div class='ocr_carea' id='block_1_106' title="bbox 370 5549 1943 5684">
    <p class='ocr_par' dir='ltr' id='par_1_106' title="bbox 370 5549 1943 5684">
     <span class='ocr_line' id='line_1_107' title="bbox 370 5549 1943 5635; baseline 0.011 -30"><span class='ocrx_word' id='word_1_729' title='bbox 370 5549 502 5632; x_wconf 81' lang='lat' dir='ltr'><strong>Eam</strong></span> <span class='ocrx_word' id='word_1_730' title='bbox 532 5562 718 5609; x_wconf 89' lang='lat' dir='ltr'><strong>tamen</strong></span> <span class='ocrx_word' id='word_1_731' title='bbox 743 5564 1055 5626; x_wconf 89' lang='lat' dir='ltr'><strong>suspectam</strong></span> <span class='ocrx_word' id='word_1_732' title='bbox 1079 5558 1290 5615; x_wconf 82' lang='lat' dir='ltr'><strong>habeo:</strong></span> <span class='ocrx_word' id='word_1_733' title='bbox 1366 5549 1567 5619; x_wconf 88' lang='lat' dir='ltr'><strong>rimum</strong></span> <span class='ocrx_word' id='word_1_734' title='bbox 1594 5549 1943 5635; x_wconf 19' lang='lat' dir='ltr'><strong>quiaV‘Ktba-v</strong></span> 
     </span>
     <span class='ocr_line' id='line_1_108' title="bbox 371 5578 1943 5684; baseline 0.008 -11"><span class='ocrx_word' id='word_1_735' title='bbox 371 5625 700 5684; x_wconf 79' lang='lat' dir='ltr'><strong>nasrus,qui</strong></span> <span class='ocrx_word' id='word_1_736' title='bbox 724 5640 916 5681; x_wconf 90' lang='lat' dir='ltr'><strong>omnes</strong></span> <span class='ocrx_word' id='word_1_737' title='bbox 956 5626 1288 5684; x_wconf 84' lang='lat' dir='ltr'><strong>Arianorum</strong></span> <span class='ocrx_word' id='word_1_738' title='bbox 1314 5578 1538 5684; x_wconf 44' lang='lat' dir='ltr'><strong>till-audes</strong></span> <span class='ocrx_word' id='word_1_739' title='bbox 1577 5636 1831 5684; x_wconf 69' lang='lat' dir='ltr'><strong>detegere</strong></span> <span class='ocrx_word' id='word_1_740' title='bbox 1879 5652 1943 5684; x_wconf 79' lang='lat' dir='ltr'><strong>ac</strong></span> 
     </span>
    </p>
   </div>
   <div class='ocr_carea' id='block_1_107' title="bbox 371 5626 1943 5707">
    <p class='ocr_par' dir='ltr' id='par_1_107' title="bbox 371 5626 1943 5707">
     <span class='ocr_line' id='line_1_109' title="bbox 371 5626 1943 5707; baseline 0.011 -33"><span class='ocrx_word' id='word_1_741' title='bbox 371 5626 700 5707; x_wconf 51' lang='grc' dir='ltr'>ξιέεξυεμιιιί</span> <span class='ocrx_word' id='word_1_742' title='bbox 724 5640 921 5707; x_wconf 71' lang='lat' dir='ltr'><strong>omnes</strong></span> <span class='ocrx_word' id='word_1_743' title='bbox 956 5626 1538 5707; x_wconf 69' lang='lat' dir='ltr'><strong>Ariaporumfraudes</strong></span> <span class='ocrx_word' id='word_1_744' title='bbox 1577 5626 1831 5707; x_wconf 76' lang='lat' dir='ltr'><strong>detegere</strong></span> <span class='ocrx_word' id='word_1_745' title='bbox 1879 5652 1943 5692; x_wconf 87' lang='lat' dir='ltr'><strong>ac</strong></span> 
     </span>
    </p>
   </div>
   <div class='ocr_carea' id='block_1_108' title="bbox 373 5689 1943 5775">
    <p class='ocr_par' dir='ltr' id='par_1_108' title="bbox 373 5689 1943 5775">
     <span class='ocr_line' id='line_1_110' title="bbox 373 5689 1943 5775; baseline 0.008 -26"><span class='ocrx_word' id='word_1_746' title='bbox 373 5689 661 5775; x_wconf 41' lang='lat' dir='ltr'><strong>adnuere</strong></span> <span class='ocrx_word' id='word_1_747' title='bbox 686 5695 995 5775; x_wconf 64' lang='lat' dir='ltr'><strong>solet,__ejus</strong></span> <span class='ocrx_word' id='word_1_748' title='bbox 1016 5697 1124 5775; x_wconf 90' lang='lat' dir='ltr'><strong>rei_</strong></span> <span class='ocrx_word' id='word_1_749' title='bbox 1151 5701 1402 5775; x_wconf 82' lang='lat' dir='ltr'><strong>nuspiam</strong></span> <span class='ocrx_word' id='word_1_750' title='bbox 1433 5689 1736 5771; x_wconf 48' lang='lat' dir='ltr'><strong>meminit?</strong></span> <span class='ocrx_word' id='word_1_751' title='bbox 1742 5689 1943 5761; x_wconf 80' lang='lat' dir='ltr'><strong>deinde</strong></span> 
     </span>
    </p>
   </div>
   <div class='ocr_carea' id='block_1_109' title="bbox 373 5765 1942 5847">
    <p class='ocr_par' dir='ltr' id='par_1_109' title="bbox 373 5765 1942 5847">
     <span class='ocr_line' id='line_1_111' title="bbox 373 5765 1942 5847; baseline 0.014 -37"><span class='ocrx_word' id='word_1_752' title='bbox 373 5765 504 5829; x_wconf 84' lang='lat' dir='ltr'><strong>quia</strong></span> <span class='ocrx_word' id='word_1_753' title='bbox 550 5775 751 5820; x_wconf 87' lang='lat' dir='ltr'><strong>nomen</strong></span> <span class='ocrx_word' id='word_1_754' title='bbox 798 5765 947 5824; x_wconf 84' lang='lat' dir='ltr'><strong>illius</strong></span> <span class='ocrx_word' id='word_1_755' title='bbox 982 5765 1289 5842; x_wconf 78' lang='lat' dir='ltr'><strong>presbyteri</strong></span> <span class='ocrx_word' id='word_1_756' title='bbox 1339 5765 1745 5846; x_wconf 73' lang='lat' dir='ltr'><strong>supprimitur:</strong></span> <span class='ocrx_word' id='word_1_757' title='bbox 1789 5778 1942 5847; x_wconf 85' lang='lat' dir='ltr'><strong>alqui</strong></span> 
     </span>
    </p>
   </div>
   <div class='ocr_carea' id='block_1_110' title="bbox 2049 5151 3641 5236">
    <p class='ocr_par' dir='ltr' id='par_1_110' title="bbox 2049 5151 3641 5236">
     <span class='ocr_line' id='line_1_112' title="bbox 2049 5151 3641 5236; baseline 0.003 -30"><span class='ocrx_word' id='word_1_758' title='bbox 2049 5151 2102 5206; x_wconf 90' lang='lat' dir='ltr'><strong>ei</strong></span> <span class='ocrx_word' id='word_1_759' title='bbox 2131 5151 2402 5236; x_wconf 83' lang='lat' dir='ltr'><strong>traderet,</strong></span> <span class='ocrx_word' id='word_1_760' title='bbox 2438 5153 2639 5236; x_wconf 65' lang='lat' dir='ltr'><strong>dignus</strong></span> <span class='ocrx_word' id='word_1_761' title='bbox 2658 5155 2911 5236; x_wconf 86' lang='lat' dir='ltr'><strong>profecto</strong></span> <span class='ocrx_word' id='word_1_762' title='bbox 2934 5155 3038 5210; x_wconf 92' lang='lat' dir='ltr'><strong>fuit</strong></span> <span class='ocrx_word' id='word_1_763' title='bbox 3064 5157 3224 5236; x_wconf 73' lang='lat' dir='ltr'><strong>cujus</strong></span> <span class='ocrx_word' id='word_1_764' title='bbox 3255 5171 3462 5236; x_wconf 69' lang='lat' dir='ltr'><strong>nomen</strong></span> <span class='ocrx_word' id='word_1_765' title='bbox 3490 5171 3641 5236; x_wconf 78' lang='lat' dir='ltr'><strong>com-</strong></span> 
     </span>
    </p>
   </div>
   <div class='ocr_carea' id='block_1_111' title="bbox 2046 5224 3641 5296">
    <p class='ocr_par' dir='ltr' id='par_1_111' title="bbox 2046 5224 3641 5296">
     <span class='ocr_line' id='line_1_113' title="bbox 2046 5224 3641 5296; baseline 0.004 -21"><span class='ocrx_word' id='word_1_766' title='bbox 2046 5231 2471 5296; x_wconf 77' lang='lat' dir='ltr'><strong>memoraretur.</strong></span> <span class='ocrx_word' id='word_1_767' title='bbox 2488 5224 2677 5279; x_wconf 84' lang='lat' dir='ltr'><strong>Ruﬁni</strong></span> <span class='ocrx_word' id='word_1_768' title='bbox 2691 5242 2843 5289; x_wconf 89' lang='lat' dir='ltr'><strong>vero,</strong></span> <span class='ocrx_word' id='word_1_769' title='bbox 2860 5241 2983 5281; x_wconf 88' lang='lat' dir='ltr'><strong>meo</strong></span> <span class='ocrx_word' id='word_1_770' title='bbox 3005 5224 3229 5296; x_wconf 78' lang='lat' dir='ltr'><strong>quidem</strong></span> <span class='ocrx_word' id='word_1_771' title='bbox 3247 5226 3484 5296; x_wconf 85' lang='lat' dir='ltr'><strong>judicio,</strong></span> <span class='ocrx_word' id='word_1_772' title='bbox 3503 5226 3641 5282; x_wconf 75' lang='lat' dir='ltr'><strong>leris</strong></span> 
     </span>
    </p>
   </div>
   <div class='ocr_carea' id='block_1_112' title="bbox 2051 5293 3641 5367">
    <p class='ocr_par' dir='ltr' id='par_1_112' title="bbox 2051 5293 3641 5367">
     <span class='ocr_line' id='line_1_114' title="bbox 2051 5293 3641 5367; baseline 0.003 -21"><span class='ocrx_word' id='word_1_773' title='bbox 2051 5300 2137 5347; x_wconf 83' lang='lat' dir='ltr'><strong>est</strong></span> <span class='ocrx_word' id='word_1_774' title='bbox 2171 5293 2497 5367; x_wconf 74' lang='lat' dir='ltr'><strong>auctoritas,</strong></span> <span class='ocrx_word' id='word_1_775' title='bbox 2543 5295 2748 5367; x_wconf 87' lang='lat' dir='ltr'><strong>quippe</strong></span> <span class='ocrx_word' id='word_1_776' title='bbox 2780 5296 2875 5365; x_wconf 91' lang='lat' dir='ltr'><strong>qui</strong></span> <span class='ocrx_word' id='word_1_777' title='bbox 2911 5293 3212 5367; x_wconf 77' lang='lat' dir='ltr'><strong>Historiam</strong></span> <span class='ocrx_word' id='word_1_778' title='bbox 3249 5293 3417 5352; x_wconf 70' lang='lat' dir='ltr'><strong>suam</strong></span> <span class='ocrx_word' id='word_1_779' title='bbox 3464 5296 3641 5367; x_wconf 79' lang='lat' dir='ltr'><strong>negli—</strong></span> 
     </span>
    </p>
   </div>
   <div class='ocr_carea' id='block_1_113' title="bbox 2051 5364 3636 5435">
    <p class='ocr_par' dir='ltr' id='par_1_113' title="bbox 2051 5364 3636 5435">
     <span class='ocr_line' id='line_1_115' title="bbox 2051 5364 3636 5435; baseline 0.003 -20"><span class='ocrx_word' id='word_1_780' title='bbox 2051 5369 2246 5435; x_wconf 83' lang='lat' dir='ltr'><strong>genter</strong></span> <span class='ocrx_word' id='word_1_781' title='bbox 2268 5364 3009 5435; x_wconf 46' lang='lat' dir='ltr'><strong>admodum—conscripserit,</strong></span> <span class='ocrx_word' id='word_1_782' title='bbox 3035 5382 3146 5421; x_wconf 89' lang='lat' dir='ltr'><strong>non</strong></span> <span class='ocrx_word' id='word_1_783' title='bbox 3192 5381 3260 5421; x_wconf 83' lang='lat' dir='ltr'><strong>ex</strong></span> <span class='ocrx_word' id='word_1_784' title='bbox 3303 5364 3636 5422; x_wconf 75' lang='lat' dir='ltr'><strong>monumen-</strong></span> 
     </span>
    </p>
   </div>
   <div class='ocr_carea' id='block_1_114' title="bbox 2054 5433 3634 5506">
    <p class='ocr_par' dir='ltr' id='par_1_114' title="bbox 2054 5433 3634 5506">
     <span class='ocr_line' id='line_1_116' title="bbox 2054 5433 3634 5506; baseline 0.004 -21"><span class='ocrx_word' id='word_1_785' title='bbox 2054 5433 2127 5487; x_wconf 89' lang='lat' dir='ltr'><strong>tis</strong></span> <span class='ocrx_word' id='word_1_786' title='bbox 2150 5448 2335 5506; x_wconf 82' lang='lat' dir='ltr'><strong>rcrum</strong></span> <span class='ocrx_word' id='word_1_787' title='bbox 2362 5443 2660 5506; x_wconf 88' lang='lat' dir='ltr'><strong>gestarum,</strong></span> <span class='ocrx_word' id='word_1_788' title='bbox 2687 5434 2782 5490; x_wconf 88' lang='lat' dir='ltr'><strong>sed</strong></span> <span class='ocrx_word' id='word_1_789' title='bbox 2810 5433 2879 5489; x_wconf 81' lang='lat' dir='ltr'><strong>ex</strong></span> <span class='ocrx_word' id='word_1_790' title='bbox 2907 5435 3175 5492; x_wconf 87' lang='lat' dir='ltr'><strong>fabulosis</strong></span> <span class='ocrx_word' id='word_1_791' title='bbox 3197 5434 3634 5500; x_wconf 84' lang='lat' dir='ltr'><strong>narrationibus,</strong></span> 
     </span>
    </p>
   </div>
   <div class='ocr_carea' id='block_1_115' title="bbox 2053 5504 3637 5578">
    <p class='ocr_par' dir='ltr' id='par_1_115' title="bbox 2053 5504 3637 5578">
     <span class='ocr_line' id='line_1_117' title="bbox 2053 5504 3637 5578; baseline 0.003 -22"><span class='ocrx_word' id='word_1_792' title='bbox 2053 5511 2131 5566; x_wconf 91' lang='lat' dir='ltr'><strong>et,</strong></span> <span class='ocrx_word' id='word_1_793' title='bbox 2159 5510 2217 5557; x_wconf 88' lang='lat' dir='ltr'><strong>ut</strong></span> <span class='ocrx_word' id='word_1_794' title='bbox 2246 5504 2431 5560; x_wconf 85' lang='lat' dir='ltr'><strong>Graece</strong></span> <span class='ocrx_word' id='word_1_795' title='bbox 2460 5506 2661 5578; x_wconf 83' lang='lat' dir='ltr'><strong>dicam,</strong></span> <span class='ocrx_word' id='word_1_796' title='bbox 2685 5506 2749 5578; x_wconf 57' lang='lat' dir='ltr'><strong>{ac</strong></span> <span class='ocrx_word' id='word_1_797' title='bbox 2778 5509 3278 5578; x_wconf 72' lang='grc' dir='ltr'>παρακουσμάτων.</span> <span class='ocrx_word' id='word_1_798' title='bbox 3305 5508 3454 5578; x_wconf 88' lang='lat' dir='ltr'><strong>Penc</strong></span> <span class='ocrx_word' id='word_1_799' title='bbox 3491 5506 3637 5578; x_wconf 82' lang='lat' dir='ltr'><strong>omi-</strong></span> 
     </span>
    </p>
   </div>
   <div class='ocr_carea' id='block_1_116' title="bbox 2052 5574 3635 5646">
    <p class='ocr_par' dir='ltr' id='par_1_116' title="bbox 2052 5574 3635 5646">
     <span class='ocr_line' id='line_1_118' title="bbox 2052 5574 3635 5646; baseline 0.003 -21"><span class='ocrx_word' id='word_1_800' title='bbox 2052 5587 2231 5646; x_wconf 84' lang='lat' dir='ltr'><strong>seram</strong></span> <span class='ocrx_word' id='word_1_801' title='bbox 2261 5589 2489 5646; x_wconf 77' lang='lat' dir='ltr'><strong>monere</strong></span> <span class='ocrx_word' id='word_1_802' title='bbox 2520 5574 2811 5646; x_wconf 82' lang='lat' dir='ltr'><strong>delendam</strong></span> <span class='ocrx_word' id='word_1_803' title='bbox 2832 5574 2971 5646; x_wconf 73' lang='lat' dir='ltr'><strong>esse</strong></span> <span class='ocrx_word' id='word_1_804' title='bbox 3000 5574 3106 5632; x_wconf 82' lang='lat' dir='ltr'><strong>hoc</strong></span> <span class='ocrx_word' id='word_1_805' title='bbox 3129 5576 3251 5632; x_wconf 91' lang='lat' dir='ltr'><strong>loco</strong></span> <span class='ocrx_word' id='word_1_806' title='bbox 3301 5577 3635 5646; x_wconf 88' lang='lat' dir='ltr'><strong>particulam</strong></span> 
     </span>
    </p>
   </div>
   <div class='ocr_carea' id='block_1_117' title="bbox 2050 5643 3639 5718">
    <p class='ocr_par' dir='ltr' id='par_1_117' title="bbox 2050 5643 3639 5718">
     <span class='ocr_line' id='line_1_119' title="bbox 2050 5643 3639 5718; baseline 0.004 -23"><span class='ocrx_word' id='word_1_807' title='bbox 2050 5643 2524 5718; x_wconf 68' lang='lat' dir='ltr'><strong>negativam._Pro</strong></span> <span class='ocrx_word' id='word_1_808' title='bbox 2559 5658 2673 5718; x_wconf 87' lang='lat' dir='ltr'><strong>_qua</strong></span> <span class='ocrx_word' id='word_1_809' title='bbox 2718 5643 2959 5703; x_wconf 87' lang='lat' dir='ltr'><strong>Savilius</strong></span> <span class='ocrx_word' id='word_1_810' title='bbox 3003 5655 3061 5704; x_wconf 89' lang='lat' dir='ltr'><strong>ct</strong></span> <span class='ocrx_word' id='word_1_811' title='bbox 3093 5643 3639 5718; x_wconf 76' lang='lat' dir='ltr'><strong>Christophorsonus</strong></span> 
     </span>
    </p>
   </div>
   <div class='ocr_carea' id='block_1_118' title="bbox 2051 5712 3143 5786">
    <p class='ocr_par' dir='ltr' id='par_1_118' title="bbox 2051 5712 3143 5786">
     <span class='ocr_line' id='line_1_120' title="bbox 2051 5712 3143 5786; baseline 0.006 -21"><span class='ocrx_word' id='word_1_812' title='bbox 2051 5712 2238 5784; x_wconf 74' lang='lat' dir='ltr'><strong>legunt</strong></span> <span class='ocrx_word' id='word_1_813' title='bbox 2261 5714 2355 5769; x_wconf 75' lang='grc' dir='ltr'><strong>καὶ</strong></span> <span class='ocrx_word' id='word_1_814' title='bbox 2387 5715 2450 5786; x_wconf 83' lang='grc' dir='ltr'><strong>δὴ</strong></span> <span class='ocrx_word' id='word_1_815' title='bbox 2476 5712 2704 5784; x_wconf 54' lang='lat' dir='ltr'><strong>etaim,</strong></span> <span class='ocrx_word' id='word_1_816' title='bbox 2734 5721 2843 5771; x_wconf 89' lang='lat' dir='ltr'><strong>etc.</strong></span> <span class='ocrx_word' id='word_1_817' title='bbox 3112 5741 3143 5757; x_wconf 56' lang='grc' dir='ltr'><strong>κ</strong></span> 
     </span>
    </p>
   </div>
  </div>
