4046 6204
577 301 682 360 139

2019 306 2355 365 SOCRATIS

3728 307 3838 365 {60

574 420 722 469 serat
744 408 1065 468 convenire.
1087 409 1198 467 Eos
1220 410 1709 484 ergo,priusqnam
1732 413 1865 471 illuc
1877 419 2145 473 conveni-

2255 423 2559 495 ἀνήγειρεν.
2597 422 2746 477 Ὀδοῠ
2770 416 2863 477 οὖν
2883 421 3182 494 πάρεργον,
3207 418 3470 493 πρότερον
3487 419 3546 474 ἐν
3576 421 3838 499 τῇτύρῳ

576 510 722 568 rent,
747 502 804 557 in
827 503 1048 558 civitate
1070 503 1219 574 Tyro
1240 503 1520 570 collectos,
1539 504 1723 561 obiter
1739 521 1961 563 causam
1988 508 2156 564 Atha-

575 593 717 652 nasii
741 593 1010 648 ventilare
1034 595 1315 665 praecepit,
1359 602 1441 661 ut,
1487 597 1844 652 contentione
1896 600 2055 669 prius
2081 600 2153 654 il-

573 682 650 737 lic
673 699 704 738 e
728 682 912 738 medio
936 685 1174 751 sublata,
1203 685 1559 742 festivitatem
1597 689 1964 745 dedicationis
2002 698 2155 744 tran-

574 773 803 841 quillius
844 783 1195 845 peragerent,
1242 777 1534 833 ecclesiam
1578 779 1691 834 Deo
1735 789 2151 837 consecrantes.

576 863 916 920 Triccsimus
960 865 1053 929 hic
1097 875 1221 921 erat
1266 883 1447 923 annus
1502 868 1724 940 imperii
1775 869 2148 936 Constantini.

575 954 753 1009 Porro
781 955 985 1025 Tyrum
1008 958 1179 1013 variis
1204 973 1272 1012 ex
1294 958 1434 1020 locis
1459 970 1840 1017 convenerunt
1884 963 2153 1033 episcopi,

575 1061 808 1101 numero
834 1049 1138 1119 sexaginta,
1184 1060 1554 1122 eongregante
1602 1052 1729 1108 illos
1784 1054 2054 1125 Dionysio
2082 1069 2153 1108 ex

576 1139 877 1192 consulari.
919 1140 1031 1211 66
1078 1139 1148 1201 Et
1184 1140 1457 1197 Macarius
1501 1142 1727 1212 quidem
1752 1145 2043 1217 presbyter
2084 1145 2155 1202 ab

578 1225 716 1279 urbe
738 1226 1068 1283 Alexandria
1103 1243 1170 1283 eo
1197 1230 1502 1299 perductus
1522 1238 1607 1285 est
1652 1232 1757 1287 sub
1784 1234 2028 1290 militum
2056 1250 2153 1289 cu-

577 1319 777 1385 stodia,
807 1321 1020 1376 catenis
1044 1321 1241 1384 ferreis
1266 1322 1506 1376 vinctus.
1534 1322 1870 1386 Athanasius
1895 1340 2030 1378 vero
2055 1340 2153 1379 oc-

577 1424 804 1465 currere
829 1411 1052 1481 quidem
1075 1413 1329 1479 nolebat;
1356 1429 1468 1467 non
1491 1414 1638 1484 quod
1664 1414 1883 1486 objecta
1907 1416 2013 1470 sibi
2041 1417 2154 1470 cri-

577 1501 727 1554 mina
775 1501 1198 1565 reformidaret:
1249 1504 1455 1573 quippe
1521 1504 1731 1559 nullius
1786 1520 1982 1561 eorum
2047 1509 2153 1564 sibi

577 1591 832 1646 conscius
853 1600 1006 1647 erat:
1072 1593 1168 1648 sed
1216 1594 1363 1663 quod
1412 1604 1686 1651 metueret
1727 1613 1797 1652 ne
1844 1600 1978 1669 quid
2030 1602 2147 1658 illic

578 1692 771 1739 contra
798 1684 1023 1741 decreta
1058 1685 1293 1743 Nicaenaa
1316 1686 1513 1757 synodi
1557 1688 1936 1745 innovaretur.
1982 1692 2153 1749 Vere-

579 1774 745 1829 batur
770 1785 952 1831 tamen
974 1776 1218 1832 minaces
1243 1778 1593 1848 imperatoris
1614 1780 1848 1836 litteras.
1875 1781 2155 1854 Scriptum

578 1867 728 1925 enim
758 1867 838 1921 illi
863 1868 1064 1934 fuerat,
1092 1868 1200 1924 nisi
1228 1878 1424 1940 sponte
1451 1885 1551 1926 sua
1573 1873 1838 1939 venisset,
1881 1874 1936 1929 vi
1975 1875 2156 1931 addu-

579 1966 729 2012 ctum
754 1958 844 2012 iri.
870 1959 1041 2030 Igitur
1062 1961 1391 2017 necessitate
1428 1963 1746 2034 compulsus
1814 1965 1994 2021 adfuit
2038 1968 2157 2024 illic

577 2051 743 2112 etiam
772 2052 1127 2107 Athanasius.

1174 2184 1326 2242 CAP.
1352 2186 1545 2244 XXIX.

645 2274 720 2331 De
744 2276 984 2343 Arsenio,
1011 2287 1059 2332 et
1101 2278 1166 2332 de
1188 2296 1495 2404 minubquw
1534 2279 1617 2334 illi
1660 2288 1940 2353 amputata
1965 2299 2080 2339 esse

1264 2366 1341 2404 rce
1376 2360 1517 2404 atur.

1264 2360 1517 2404 tcebatur.

641 2438 813 2504 Porro
847 2439 943 2494 Dei
991 2438 1343 2509 providentia
1381 2439 1678 2501 Arsenium
1704 2442 1765 2497 in
1802 2441 2004 2498 urbem
2051 2444 2157 2516 Ty.

568 2545 694 2589 rum
741 2530 824 2585 ire
870 2531 1132 2601 perpulit.
1194 2531 1471 2601 Negleetis
1525 2533 1675 2587 enim
1723 2532 1998 2590 mandatis
2035 2550 2159 2606 qua:

570 2621 1004 2676 calumniatores
1039 2638 1070 2676 a
1107 2618 1313 2691 quibus
1356 2621 1665 2678 conductus
1697 2622 1878 2679 fuerat
1924 2624 2027 2696 ipsi
2062 2627 2160 2683 de-

576 2713 796 2778 derant,
825 2713 965 2768 clam
995 2727 1063 2769 eo
1106 2712 1354 2779 advenit,
1405 2706 1468 2768 ut
1503 2729 1626 2784 qua;
1677 2714 1794 2770 illic
1835 2725 2160 2787 gererentur

567 2819 754 2859 coram
796 2812 1088 2874 spectaret.
1129 2804 1290 2860 Forte
1313 2804 1516 2860 accidit
1545 2811 1609 2859 ut
1654 2803 1846 2860 famuli
1901 2805 2158 2863 Archelai

569 2897 896 2962 consularis,
927 2897 984 2951 in
1028 2896 1257 2951 taberna
1295 2896 1564 2966 quosdam
1604 2897 1867 2953 audirent
1911 2899 2158 2971 dicentes

569 2987 886 3052 Arsenium,
911 2987 1004 3057 qui
1032 2985 1252 3041 occisus
1273 3000 1394 3041 esse
1417 2985 1720 3054 diceretur,
1744 2988 1802 3043 in
1822 2988 2035 3045 aedibus
2058 3006 2157 3046 cu-

567 3079 782 3151 jusdam
807 3079 942 3133 civis
961 3077 1305 3134 delitescere.
1322 3077 1420 3133 His
1435 3077 1662 3144 auditis,
1681 3092 1807 3134 cum
1826 3094 1921 3136 eos
1944 3080 2035 3151 qui
2055 3080 2160 3138 ista

571 3166 829 3222 dixerant
852 3174 1157 3232 notassent,
1189 3182 1306 3222 rem
1329 3182 1551 3223 omnem
1591 3167 1659 3223 ad
1695 3168 1982 3228 dominum
2023 3171 2168 3227 refe-

570 3268 719 3314 runt.
746 3260 840 3314 Ille
864 3276 895 3315 e
919 3260 1170 3331 vestigio,
1198 3261 1338 3315 nihil
1365 3269 1678 3327 cunctatus,
1727 3261 2008 3326 hominem
2035 3279 2163 3335 per—

570 3346 735 3422 quirit
752 3360 915 3421 atque
930 3351 1160 3414 invenit,
1175 3352 1569 3422 inventumque
1584 3353 1688 3415 sub
1707 3352 1956 3426 diligenti
1976 3362 2164 3411 custo-

571 3442 663 3504 dia
684 3443 894 3497 servari
924 3442 1101 3513 jubet.
1124 3443 1255 3498 Post
1299 3444 1418 3500 haec
1438 3444 1742 3508 Athanasio
1780 3447 2056 3519 significat
2102 3456 2166 3502 ut

570 3533 718 3592 bono
742 3534 927 3589 animo
949 3534 1022 3589 sit
1054 3551 1068 3587 :
1097 3535 1393 3590 Arsenium
1415 3535 1561 3591 enim
1608 3536 1937 3593 incolumem
1960 3546 2161 3610 praesto

571 3641 712 3681 esse.
738 3626 1187 3697 Comprehensus
1209 3643 1376 3699 porro
1398 3628 1689 3695 Arsenius,
1731 3629 1893 3686 initio
1919 3630 2155 3702 quidem

569 3719 807 3790 negabat
833 3735 893 3775 se
918 3718 1213 3775 Arsenium
1241 3736 1382 3776 esse.
1409 3722 1613 3777 Verum
1640 3723 1844 3777 Paulus
1864 3723 2157 3792 episcopus

571 3807 725 3879 Tyri,
750 3811 843 3880 qui
861 3811 1185 3882 jamdudum
1209 3812 1487 3868 hominem
1515 3822 1708 3876 norat,
1736 3829 1863 3868 eum
1889 3814 2148 3869 convicit.

571 3900 759 3962 Rebus
794 3902 849 3956 in
889 3903 1040 3958 hunc
1073 3904 1299 3959 modum
1339 3921 1369 3959 a
1406 3905 1592 3971 divina
1630 3905 1982 3963 Providentia
2024 3915 2151 3962 ante

2258 514 2623 585 συναχθέντας
2652 516 2779 579 τοὺς
2810 514 3166 578 ἐπισκόπους.
3211 513 3281 566 τὰ
3320 511 3463 567 κατὰ
3516 512 3834 567 Ἀθανάσιον

2257 606 2535 674 γυμνάσαι
2569 604 2936 676 προσέταξεν·
2973 604 3123 669 ὅπως
3176 604 3243 658 ἂν
3292 603 3410 657 ἐκεῖ
3455 604 3719 675 πρότερον
3745 606 3837 658 ix-

2257 696 2436 749 ποδὼν
2479 696 2781 768 γενομένης
2807 699 2905 769 τῆς
2932 695 3268 768 ἐρεσχελιας,
3302 693 3724 767 εἰρηνικώτερον
3763 695 3838 749 τὰ

2255 786 2586 857 ὲπιϐατήρια
2611 787 2711 857 τῆς
2738 785 3033 856 ἐκκλησίας
3051 784 3427 845 ὲπιτελέσωσι,
3450 783 3838 853 καθιεροῦντες

2256 876 2427 946 αὐτὴν
2454 874 2533 946 τῷ
2554 875 2691 945 Θεῷ.
2725 875 3059 945 Τριακοστὸν
3081 874 3137 928 δὲ
3164 874 3282 938 ἔτος
3308 869 3377 944 ἦν
3409 873 3567 927 τοῦτο
3594 873 3705 944 (45)
3739 875 3840 944 τῆς

2257 963 2535 1034 βασιλείας
2574 964 2981 1019 Κωνσταντίνου
3028 971 3053 1002 ο
3078 1002 3092 1017 .
3145 961 3256 1018 Καὶ
3303 961 3558 1033 παρῆσαν
3599 962 3693 1015 ἐπὶ
3736 962 3840 1033 τὴν

2255 1056 2300 1108 Τ
2304 1054 2431 1126 ὗρον
2475 1057 2539 1108 ἐκ
2586 1053 2860 1126 διαφόρων
2911 1055 3090 1108 τόπων
3148 1053 3437 1106 ἐπίσκοποι
3474 1053 3567 1106 τὸν
3601 1052 3841 1124 ἀριθμὸν

2255 1147 2539 1217 ἑξήκοντα,
2570 1146 2847 1199 Διονυσίου
2875 1145 2969 1199 τοῦ
2998 1144 3106 1199 ἀπὸ
3128 1143 3407 1198 ὑπατικῶν
3437 1145 3841 1213 συναγαγόντος

2255 1236 2471 1298 αὐτούς.
2516 1235 2622 1289 Καὶ
2656 1236 2821 1306 ἧγετο
2862 1236 2959 1306 μὲν
2991 1235 3278 1305 Μακάριος
3317 1246 3344 1285 ιι
3394 1237 3423 1288 ὁ
3466 1234 3839 1307 πρεσϐύτερος

2257 1328 2321 1383 ἐκ
2346 1329 2444 1397 τῆς
2473 1325 2875 1397 Ἀλεξανδρείας
2897 1326 3301 1397 σιδηροδὲσμιος
3318 1326 3407 1379 διὰ
3435 1326 3838 1397 στρατιωτικῆς

2256 1417 2821 1503 χειρός.ΙἈθανάσιος
2844 1417 2900 1470 δὲ
2953 1416 3261 1485 ἀπαντῆσαι
3305 1416 3409 1469 οὐκ
3457 1415 3731 1480 ἐϐούλετο,
3771 1416 3835 1466 οὐ

2255 1507 2508 1564 τοσοῦτον
2559 1509 2654 1571 τὰς
2695 1508 3024 1580 κατηγορίας
3067 1505 3496 1577 εὐλαϐούμενος’
3542 1507 3696 1560 οὐδὲν
3726 1508 3835 1577 γὰρ

2255 1599 2364 1652 τῶν
2415 1600 2906 1669 κατηγορουμένων
2953 1598 3248 1667 ἐγίνωσκεν
3270 1616 3282 1630 ·
3322 1598 3458 1651 ἀλλὰ
3501 1598 3837 1668 φοϐούμενος

2261 1692 2336 1761 μή
2369 1707 2421 1743 τι
2468 1688 2831 1760 καινοτομηθῇ
2863 1691 3012 1761 παρὰ
3042 1689 3113 1742 τὰ
3137 1691 3194 1742 ὲν
3227 1689 3433 1760 Νικαίᾳ
3458 1692 3525 1760 τῇ
3558 1691 3680 1743 τότε
3710 1708 3839 1744 συν-

2188 1753 2229 1812 B
2258 1753 2364 1852 8.52,»
2415 1753 3128 1853 συναρέσαντα.“Ἑδεδοίκει
3157 1780 3266 1851 γὰρ
3309 1780 3380 1834 τὰ
3409 1753 3524 1832 ’τοδ-
3567 1779 3838 1850 βασιλέως

2256 1873 2584 1943 ἀπειλητικὰ
2633 1872 2954 1943 γράμματα.
3012 1871 3349 1942 Ἐγέγραπτο
3396 1871 3508 1942 γὰρ
3555 1870 3726 1941 αὐτῷ,
3759 1870 3839 1934 ὡς

2256 1965 2307 2017 εί
2340 1965 2416 2035 μὴ
2450 1963 2592 2017 ἑκὼν
2624 1964 2945 2034 ἀπαντήσοι,
2980 1963 3194 2035 ἀνάγκῃ
3238 1962 3594 2034 ἀχθήσεσθαι.
3644 1962 3840 2033 Παρῆν

2256 2054 2351 2111 οὖν
2374 2055 2435 2122 ἐξ
2461 2057 2707 2127 ἀνάγκης
2740 2056 2838 2110 καὶ
2877 2055 3213 2119 Ἀθανάσιος.

2836 2191 3086 2246 ΚΕΦΑΛ.
3129 2189 3257 2244 ΚΘν.

2256 2284 2395 2354 Περὶ
2470 2284 2801 2352 Ἀρσενὶου,
2858 2284 2953 2357 καὶ
2984 2281 3112 2357 ῌτῆς
3164 2283 3450 2357 κεκόφθαι
3506 2279 3843 2357 λεγομένης

2827 2353 3013 2408 αὐτοῦ
3046 2352 3261 2420 χειρός.

2325 2446 2462 2499 Θεοῦ
2488 2445 2545 2499 δέ
2577 2462 2661 2510 τις
2688 2442 2913 2516 πρόνοια
2938 2444 3031 2497 τὸν
3070 2444 3345 2515 Ἀρσένιον
3385 2443 3478 2497 ἐπὶ
3517 2441 3617 2513 τὴν
3658 2439 3842 2512 Τύρου

2257 2536 2507 2608 ἤλαυνεν.
2556 2537 2859 2610 Ἀμελήσας
2904 2536 3014 2608 γὰρ
3044 2537 3152 2590 τῶν
3182 2535 3434 2599 ἐντολῶν,
3467 2529 3541 2588 ὧν
3586 2533 3737 2604 αὐτῷ
3786 2535 3839 2587 oi

2256 2629 2326 2682 τὰ
2352 2631 2611 2700 χρήματα
2638 2627 2973 2697 συκοφάνται
3002 2627 3376 2700 παρασχόντες
3400 2622 3840 2697 δεδώκασιικαθ¹

2260 2721 2501 2792 ἱστορίαν
2569 2720 2679 2774 τῶν
2729 2720 3110 2791 γενησομένων
3168 2717 3567 2791 κεκρυμμένως
3633 2716 3842 2787 παρῆν.

2261 2812 2459 2882 Ἔτυχε
2488 2811 2545 2865 δέ
2576 2830 2691 2876 πως
2733 2810 2826 2865 τοῦ
2860 2811 3126 2865 ὑπατικοῦ
3168 2810 3459 2882 Ἀρχελάου
3488 2809 3598 2880 (44)
3623 2808 3845 2871 οἰκέτας

2260 2904 2319 2957 ὲν
2347 2904 2632 2975 καπηλείῳ
2664 2903 2892 2958 ἀκοῦσαι
2930 2904 3199 2973 λεγόντων
3228 2902 3410 2968 τινῶν,
3443 2901 3518 2965 ὡς
3562 2900 3617 2953 Ἀ
3630 2898 3849 2971 ρσένιος

2258 2995 2288 3048 ὁ
2309 2994 2599 3064 λεγόμενος
2625 2993 2951 3069 ἀνῃρῆσθαι,
2982 2994 3247 3065 πάρεστιν
3276 2992 3333 3046 ἐν
3366 3009 3509 3056 τινος
3528 2990 3678 3067 οἰκίᾳ
3706 3008 3851 3062 κρυ-

2189 3090 2234 3151 c
2266 3084 2558 3156 πτόμενος.
2584 3085 2768 3140 Ταῦτα
2793 3084 3145 3149 ἀκούσαντες,
3171 3084 3269 3139 καὶ
3298 3085 3426 3147 τοὺς
3456 3084 3710 3144 είπόντας
3744 3099 3850 3154 ση-

2268 3178 2656 3249 μιωσάμενοι,
2691 3178 2979 3248 καταφανῆ
3019 3178 3086 3232 τὰ
3125 3176 3462 3232 ἁκουσθέντα
3503 3177 3582 3247 τῷ
3604 3177 3851 3250 δεσπότῃ

2261 3269 2528 3324 ποιοῦσιν.
2570 3270 2630 3323 '0
2670 3269 2729 3323 δὲ
2783 3270 2861 3335 ὡς
2892 3265 3005 3341 εἶχε
3041 3269 3117 3341 μὴ
3170 3269 3480 3340 μελλήσας,
3538 3268 3850 3340 ἀνεζήτησε

2261 3360 2356 3423 καὶ
2382 3354 2507 3432 εὗρε
2532 3379 2545 3392 ο
2574 3359 2670 3415 καὶ
2697 3358 2873 3431 εὑρὼν
2900 3358 3258 3432 ἠσφαλίσατο.
3282 3358 3395 3413 Καὶ
3424 3357 3503 3429 τῷ
3540 3357 3862 3429 ’Δθανασίιμ

2261 3450 2413 3520 δηλοῖ
2447 3449 2614 3521 μηδὲν
2655 3449 3027 3522 ταράσσεσθαι
3047 3465 3063 3483 ο
3110 3452 3369 3521 παρεῖναι
3400 3448 3509 3520 γὰρ
3539 3447 3718 3513 ζῶντα
3748 3449 3861 3504 τὸν

2277 3540 2573 3612 Ἀρσένιον,
2621 3540 2957 3611 Συλληφθεὶς
3000 3536 3094 3595 οὖν
3133 3541 3427 3614 Ἀρσένιος,
3462 3542 3675 3613 ἠρνεῖτο
3702 3537 3854 3597 εἶναι

2260 3631 2320 3698 ὃς
2366 3629 2455 3704 ἦν.
2515 3633 2655 3689 Ἀλλ’
2687 3632 2850 3688 αὐτὸν
2883 3632 3143 3699 Παῦλοςδ
3185 3635 3286 3703 τῆς
3328 3632 3508 3705 Τύρου
3543 3632 3856 3698 ἐπίσκοπος

2260 3725 2428 3779 πάλαι
2470 3724 2777 3795 γινώσκων,
2835 3724 3143 3797 ἐξήλεγξεν.
3192 3723 3375 3779 Ταῦτα
3424 3725 3528 3797 τῆς
3578 3725 3865 3795 Προνοίας.

2262 3816 2790 3888 πῳευτρεπισάσης,
2854 3816 2970 3887 μετ’
3016 3816 3080 3870 οὐ
3132 3817 3268 3871 πολὺ
3315 3816 3562 3871 ἐκαλεῖτο
3606 3815 3712 3870 ὑπὸ
3740 3817 3855 3887 τῆς

2261 3907 2478 3971 συνόδου
2509 3909 2538 3960 ὁ
2575 3906 2912 3971 Ἀθανάσιος.
2943 3907 3055 3963 Καὶ
3088 3909 3380 3981 παρόντος,
3421 3909 3471 3963 oi
3504 3907 3861 3979 συκοφάνται

1774 4059 2046 4118 VALESII
2084 4058 2636 4124 ANNOTATIONES.

643 4179 755 4251 (45)
797 4180 1157 4251 Τριακοστὸν
1190 4180 1259 4234 δὲ
1301 4179 1437 4247 ἔτος
1468 4175 1547 4249 ἦν
1572 4180 1768 4235 τοῦτο.
1823 4180 2023 4236 Habita
2052 4174 2142 4237 est

2250 4181 2351 4237 stis
2383 4179 2565 4244 ldatii,
2594 4189 2712 4236 toto
2735 4196 2880 4236 anno
2917 4196 3037 4237 eam
3069 4180 3473 4239 solemnitatem
3510 4177 3847 4248 anticipans.

568 4248 810 4321 synodus
849 4250 976 4323 Tyri
1008 4251 1330 4307 Constantio
1362 4260 1437 4323 et
1464 4248 2052 4323 Albinomconsulibns,
2093 4262 2155 4308 ut
2185 4256 2232 4315 D
2256 4251 2436 4323 Atque
2488 4251 2607 4323 hwc
2656 4252 3045 4323 tricennalium
3090 4252 3431 4323 anticipatio,
3474 4265 3587 4305 non
3628 4248 3857 4323 Socrati

570 4320 804 4376 teStatur
834 4320 1185 4386 Athanasius,
1212 4337 1356 4376 anno
1380 4320 1586 4377 Christi
1624 4321 1748 4375 555.
1773 4320 1906 4375 Erat
1933 4320 2023 4376 hic
2053 4337 2154 4375 an-

567 4406 674 4446 nus
701 4392 917 4461 imperii
944 4392 1289 4448 Constantini
1333 4400 1563 4447 octavus
1603 4400 1659 4446 et
1690 4388 2008 4446 vicesimus.
2049 4391 2159 4445 No-

569 4475 678 4513 nus
723 4471 907 4515 autem
953 4477 1017 4516 ac
1065 4463 1360 4517 vicesimus
1409 4461 1576 4517 comit
1619 4461 1813 4515 iisdem
1838 4461 2159 4517 consulibus

568 4527 658 4583 die
684 4539 879 4583 octavo
927 4531 1197 4584 Kalendas
1223 4531 1451 4597 August.
1481 4527 1601 4594 Quo
1642 4530 1865 4597 quidem
1888 4531 1979 4585 die
2011 4530 2159 4585 Con-

568 4598 846 4653 stantinus
886 4598 1211 4655 tricennalia
1247 4597 1566 4662 celebravit,
1598 4607 1661 4653 ut
1690 4598 1953 4654 scribitur
1984 4600 2039 4654 in
2076 4599 2160 4654 fa-

2260 4318 2469 4402 solu‘m,
2488 4319 2586 4375 sed
2623 4320 2746 4377 aliis
2772 4322 2939 4377 etiam
2967 4322 3218 4392 pluribus
3247 4318 3588 4378 occasionem
3634 4318 3858 4373 erroris

2261 4391 2608 4529 prftlig‘t'roe
2630 4460 2923 4517 ὑπατικοῦ
2956 4460 3293 4530 Ἀρχελάου.
3324 4459 3640 4519 Rufinusin
3669 4457 3770 4514 lib.
3812 4474 3854 4517 χ

2266 4530 2523 4589 Historia:
2556 4531 2945 4591 ecclesiasticae
2976 4529 3126 4586 hunc
3156 4529 3483 4586 Archelaum
3503 4532 3617 4585 non
3635 4544 3851 4584 consu—

2264 4599 2436 4654 larem
2468 4600 2777 4667 thnices,
2805 4601 2900 4656 sed
2931 4601 3186 4657 comitem
3222 4600 3462 4657 Orientis
3486 4600 3655 4656 fuisse
3684 4599 3850 4655 dicit.

2011 4751 2393 4810 VARIORUM.
2435 4820 2442 4827 ο

567 4877 681 4923 tum
700 4868 1068 4939 admirandus
1092 4866 1440 4939 Athanasius.
1467 4864 1607 4939 cum
1642 4865 1811 4939 igitur
1852 4865 1912 4939 in_
1937 4868 2149 4939 synodo

567 4938 942 5010 apud’l‘yrum
973 4938 1251 5010 celebrata
1272 4946 1382 5010 tam
1401 4937 1988 5010 _Asclepadis_(Pagi_us
2010 4938 2154 5010 scri-

568 5006 681 5079 psit
706 5006 1053 5079 Asclepiadis.
1091 5008 1237 5079 Lege
1280 5006 1524 5079 Asclepa:
1560 5006 1703 5079 cum
1748 5006 1968 5079 Valesio
2007 5007 2154 5063 infra

568 5076 623 5147 ᾗ).
671 5079 794 5148 115)
836 5076 1000 5149 quam
1030 5076 1315 5149 Athanasii
1344 5076 1523 5149 causa
1542 5076 1793 5149 discussa
1830 5076 2019 5141 fuerit,
2054 5093 2154 5148 ap-

566 5157 727 5219 paret
756 5147 1051 5217 utrumque
1078 5148 1243 5203 etiam
1270 5162 1420 5219 anno
1459 5148 1554 5219 551
1610 5147 1778 5219 fuisse
1808 5147 2151 5219 accusatum,

565 5217 631 5289 ac
663 5219 950 5289 utriusque
979 5233 1196 5274 causam
1218 5218 1288 5273 ad
1313 5218 1579 5289 synodum
1599 5217 1880 5289 Caesarem,
1916 5218 2155 5289 indeque

565 5287 633 5343 ad
676 5287 973 5359 Tyrianam
1013 5289 1320 5352 remissam,
1345 5287 1415 5359 et
1450 5288 1726 5359 synodum
1759 5287 2154 5359 Caesariensem

565 5357 840 5412 anno—551
886 5357 1145 5414 indictam
1177 5373 1317 5413 esse.
1359 5357 1467 5413 Sed
1485 5357 1609 5413 cum
1637 5365 1762 5427 post
1785 5358 2007 5428 triginta
2040 5357 2153 5413 cir-

566 5428 705 5481 citer
736 5428 1005 5483 mensium
1037 5429 1296 5498 spatium,
1325 5435 1524 5483 neuter
1560 5427 2153 5483 Cmsaream’adventa-

567 5507 673 5569 ret,
703 5506 991 5569 utriusque
1024 5497 1186 5569 causa
1217 5498 1285 5552 ad
1315 5497 1593 5569 synodum
1614 5498 1916 5569 Tyrianam
1950 5497 2150 5567 rejeeta

565 5568 690 5621 fuil.
718 5568 875 5635 (Ant.
902 5566 1035 5640 Pagi
1066 5567 1292 5640 adann.
1315 5566 1441 5640 552,
1469 5566 1631 5640 ηηὲ.)

640 5646 665 5667 τ’
705 5633 1063 5705 Τριακοστῖὔν
1092 5636 1159 5707 δὲ
1184 5639 1321 5701 ἔτος
1350 5634 1428 5707 ἦν
1459 5636 1632 5691 τοῦτο
1672 5635 1782 5700 τῆς
1802 5633 2141 5707 βασιλείας

568 5706 1045 5767 Κωνσταντίνου,
1077 5706 1244 5763 Recte
1273 5705 1557 5771 Socrates;
1585 5720 1748 5775 quem
1789 5705 1991 5759 frustra
2015 5718 2141 5758 cor—

2246 4871 2377 4941 rigit
2407 4870 2669 4941 Valesius
2683 4870 2741 4925 in
2764 4871 2943 4927 Notis.
2970 4870 3245 4926 Nimirum
3274 4868 3669 4941 Constantinus
3705 4885 3863 4941 anno

2246 4939 2372 5005 506,
2392 4958 2485 4995 vm
2505 4941 2624 5019 Kal.
2645 4940 2809 5019 Aug,
2831 4941 2979 5019 patri
3000 4940 3286 5019 successit.
3305 4939 3545 5019 Proinde
3565 4955 3694 5019 ann:
3722 4939 3861 5019 555,

2250 5027 2454 5067 annum
2490 5009 2852 5067 tricesimum'
2870 5012 3186 5076 inchoavit;
3221 5009 3377 5079 quod
3419 5010 3535 5079 ipse
3595 5009 3866 5079 Valesius

2250 5082 2473 5153 agnovit
2510 5082 2564 5153 in
2606 5082 2765 5153 Notis
2797 5083 2865 5138 ad
2895 5077 3290 5153 libruanDc
3320 5077 3451 5153 Vita
3469 5077 3862 5153 Constantini,

2253 5147 2372 5221 cap.
2398 5151 2486 5205 55.
2518 5151 2655 5207 Vide
2702 5153 2867 5207 etiam
2910 5150 3117 5206 Baluzii
3166 5151 3338 5221 Notas
3372 5149 3430 5221 in
3491 5147 3742 5204 Lactant.
3775 5148 3865 5202 De

2254 5218 2964 5292 mortibuspersecutorum,
2999 5237 3121 5292 cap.
3151 5220 3243 5292 ξιξ
3261 5218 3591 5292 ἱνηιοξιητι.

2324 5301 2352 5341 P
2375 5292 2484 5344 Kal
2506 5288 2684 5360 ἤγετο
2712 5291 2829 5360 μὲν
2853 5288 3177 5357 Μακάρὶος.
3204 5288 3657 5360 Criminabantur
3688 5288 3856 5360 scili—

2251 5369 2339 5416 cet
2372 5360 2526 5416 illum
2559 5358 2909 5430 'Eusebiani,
2930 5360 3077 5429 quod
3119 5360 3380 5430 poculum
3407 5358 3854 5430 mysticum,ju-

2250 5429 2413 5501 bente
2433 5431 2751 5495 Athanasio,
2784 5427 3163 5501 confregisset.
3197 5427 3492 5501 calumnia
3515 5438 3699 5483 autem
3727 5428 3857 5501 haec

2249 5500 2319 5553 ab
2348 5501 2567 5572 lschyra
2592 5500 2857 5572 intentata
2878 5497 3002 5567 fuit;
3036 5516 3207 5572 quem,
3232 5498 3569 5572 Athanasius
3605 5513 3704 5572 per
3728 5497 3854 5551 Ma-

2248 5566 2866 5692 ca'rium'probibuerat
2908 5566 2995 5627 ne
3021 5566 3314 5627 sacerdotii
3359 5566 3613 5623 munere
3643 5566 3861 5638 fuitge—,

2248 5653 2304 5692 re
2337 5655 2419 5692 ur.

2246 5653 2419 5694 I'Cllll‘.
