4046 6204
222 295 308 355 ιοι
1223 275 1546 348 ιιιδτοιιιΑ
1586 291 1816 347 eccm

1921 285 2140 350 sncA.
2184 324 2251 333 -
2290 273 2420 348 Lib.
2463 293 2503 347 ι.

3397 297 3500 356 132

217 411 318 480 τὴν
344 410 506 480 χεῖρα
542 410 624 471 είς
659 409 824 478 μέσον
871 404 1030 478 ἦγον,
1077 405 1168 458 καὶ
1201 407 1300 476 τὴν
1339 408 1671 477 κατηγορίαν
1728 408 1814 459 ὲν-

1921 407 2230 477 dispositis,
2254 409 2418 478 paulo
2443 417 2567 478 post
2591 407 2930 461 Athanasius
2975 423 3006 462 a
3047 409 3256 480 synodo
3300 425 3500 466 evoca-

223 504 464 554 ίσταντο.
505 501 567 552 '0
583 499 639 552 δὲ
669 499 844 568 σοφῶς
877 497 1110 568 μετῆλθε
1142 497 1202 549 τὸ
1228 498 1479 566 πρᾶγμα.
1528 495 1807 567 Ἥρὼτησε

218 591 328 660 γὰρ
358 591 486 653 τοὺς
525 589 803 658 παρόντας
834 589 930 640 καὶ⁵
963 587 1088 650 τοὺς
1130 585 1492 656 κατηγόρους,
1521 586 1662 646 τίνες
1702 580 1812 636 εἷεν

219 686 266 736 oi
305 680 674 750 γινώσκοντες
707 679 800 732 τὸν
848 678 1140 748 ’Ᾱρσένιον.
1188 676 1408 729 Πολλῶν
1439 676 1495 728 δὲ
1554 676 1812 729 εἰπόντων

219 773 514 842 γινώσκειν
528 770 713 833 αὑτὸν,
743 768 1059 836 εἰσάγεσθαι
1084 767 1330 823 ποιεῖτον
1359 766 1650 837 Ἀρσένιον,
1669 765 1814 819 ἔνδον

222 866 320 918 τοῦ
371 862 590 934 ἱματίου
633 860 732 924 τὰς
761 863 951 930 χεῖρας
994 857 1159 911 αὑτοῦ
1203 857 1418 926 ἔχοντα.
1475 851 1610 910 Εῐτα
1659 853 1815 920 αὖθις

223 957 403 1024 ἐρωτᾷ
422 969 436 982 ·
471 944 644 1014 Οὗτός
681 952 834 1002 ἐστιν
857 950 885 1001 ὁ
915 948 1012 1019 τήν
1044 948 1202 1017 χεῖρα
1229 943 1591 1008 ἀπολωλεκώς
1616 962 1631 1010 ;
1654 946 1715 998 Ui
1735 944 1812 1010 δὲ,

222 1048 315 1100 ἐπὶ
345 1045 444 1115 μὲν
476 1043 554 1113 τῷ
584 1040 876 1112 παραδόξῳ
907 1038 1353 1107 κατεπλάγησαν,
1379 1035 1518 1106 πλὴν
1543 1035 1653 1088 τῶν
1683 1035 1817 1088 ειδό-

221 1154 331 1187 των
369 1134 497 1188 ὅθεν
533 1135 569 1203 ἡ
609 1132 732 1202 χεὶρ
761 1133 794 1202 ἡ
829 1132 1081 1183 κοπεῖσα.
1118 1126 1185 1181 Οἱ
1222 1127 1278 1180 δὲ
1305 1126 1484 1179 λοιποὶ
1519 1125 1653 1195 (45),
1685 1124 1818 1193 ἁλη-

222 1227 331 1288 ῦῶς
360 1226 531 1295 ᾣοντο
557 1223 767 1275 λείπειν
798 1221 878 1290 τῷ
913 1221 1175 1291 Ἀρσενίιρ
1201 1217 1298 1289 τὴν
1327 1221 1506 1288 χεῖρα,
1536 1218 1631 1271 καὶ
1658 1232 1820 1286 προσ-

228 1315 437 1368 εδόκων
469 1315 528 1378 ἐξ
551 1314 748 1384 ἑτέρας
777 1310 1090 1373 ὑποθέσεως
1123 1309 1503 1378 ἀπολογεῖσθαι
1531 1309 1622 1362 τὸν
1657 1307 1818 1360 Ἀθαο

221 1409 432 1460 νασιον.
482 1405 541 1458 '0
568 1404 624 1456 δὲ
647 1400 899 1466 ἁνελίξας
931 1401 993 1453 τὸ
1026 1401 1238 1470 ἱμάτιον
1258 1399 1354 1452 τοῦ
1397 1399 1677 1470 Ἀρσενίου
1697 1397 1816 1450 καθ’

220 1500 419 1569 ἕτερον
441 1496 550 1550 τῶν
584 1494 787 1565 μερῶν,
817 1493 1059 1544 δείκνυσι
1087 1490 1181 1543 τοῦ
1200 1488 1488 1559 ἀνθρώπου
1514 1488 1612 1559 τὴν
1639 1491 1816 1558 χεῖρα.

223 1591 401 1644 Πάλιν
440 1589 498 1641 δὲ
531 1585 862 1656 νομιζόντων
901 1582 1064 1636 τινῶν
1117 1581 1217 1651 τῆς
1249 1579 1440 1650 ἑτέρας
1472 1577 1819 1650 ὑστερεῖσθαι

220 1682 413 1745 αὐτὸν,
454 1679 649 1750 μικρὸν
675 1675 1046 1748 παρελκύσας,
1091 1673 1425 1744 ἀμφιϐόλους
1461 1672 1816 1743 κατέστησεν.

1912 508 2020 554 tur.
2051 499 2153 564 Qui
2180 515 2305 553 cum
2331 499 2573 562 adesset,
2603 497 3034 553 calumniatores
3058 515 3278 555 manum
3308 502 3362 556 in
3389 520 3503 556 inc-

1912 589 2065 643 dium
2105 590 2414 659 proferunt,
2460 597 2515 643 et
2563 589 2974 644 accusationem
3024 591 3354 646 intendunt.
3407 596 3501 648 lgie

1909 695 2045 735 vero
2088 681 2392 750 prudenter
2437 679 2733 734 admodum
2779 695 2837 735 se
2883 681 3074 750 gessit.
3122 681 3258 735 Nam
3307 691 3364 736 et
3407 700 3504 737 cos

1914 769 2011 839 qui
2046 769 2296 834 aderant,
2324 779 2380 824 et
2419 779 2770 825 accusatores
2795 770 2946 840 ipsos
2983 772 3346 841 interrogavit
3369 788 3500 826 num

1915 863 2042 935 quis
2063 878 2130 916 ex
2155 863 2291 932 ipsis
2312 863 2610 917 Arsenium
2639 872 2846 918 nosset.
2876 861 3124 932 Cumque
3170 864 3328 917 multi
3351 863 3502 916 dices

1917 963 2041 1009 rent
2072 969 2130 1008 se
2159 954 2312 1008 illum
2360 955 2532 1024 probe
2567 970 2751 1020 nosse,
2785 953 2972 1008 induci
3004 955 3162 1025 jubet
3186 953 3502 1020 Arsenium,

1917 1063 2114 1102 manus
2149 1047 2252 1101 sub
2277 1048 2444 1116 pallio
2475 1047 2695 1100 abditas
2719 1046 3040 1100 habentem.
3076 1046 3286 1100 Deinde
3328 1046 3504 1100 inter-

1919 1143 2075 1205 rogat
2096 1137 2296 1190 iterum
2321 1153 2332 1188 :
2365 1136 2591 1190 Hiccine
2612 1143 2697 1189 est
2729 1136 2824 1204 qui
2863 1152 3088 1190 manum
3111 1136 3338 1190 amisit?
3364 1136 3505 1190 Tum

1917 1241 2054 1279 vero
2110 1226 2189 1279 illi
2221 1226 2292 1279 ob
2341 1241 2458 1279 rem
2503 1233 2613 1279 tam
2671 1225 3098 1296 inexspectatum
3145 1225 3508 1279 admiratione

1919 1315 2161 1385 perculsi
2195 1324 2344 1379 sunt,
2389 1317 2636 1385 exceptis
2684 1317 2756 1370 iis
2787 1317 2882 1386 qui
2930 1316 3076 1370 unde
3112 1332 3310 1370 manus
3360 1323 3508 1370 esset

1923 1407 2111 1460 excisa
2161 1407 2443 1475 cognitum
2487 1406 2784 1460 habebant.
2821 1407 3037 1476 Reliqui
3074 1407 3222 1461 enim
3281 1422 3506 1460 manum

1920 1514 2114 1552 revera
2148 1498 2340 1552 deesse
2363 1499 2598 1553 Arsenio
2620 1499 3044 1565 existimabant,
3068 1507 3125 1553 et
3144 1499 3508 1553 Athanasium

1922 1587 2029 1640 alia
2083 1587 2338 1656 quapiam
2390 1589 2605 1643 ratione
2655 1603 2878 1643 causam
2941 1604 3097 1643 suam
3153 1589 3508 1643 defensurum

1921 1693 2044 1732 esse
2085 1679 2400 1748 sperabant.
2437 1679 2509 1732 At
2559 1681 2672 1744 ille,
2714 1679 2880 1749 pallio
2924 1679 3140 1734 Arsenii
3181 1681 3235 1733 in
3273 1681 3508 1735 alterum

224 1768 365 1824 Εἶτα
394 1769 472 1840 μὴ
509 1768 807 1838 μελλήσας,
825 1759 920 1817 καὶ
953 1764 1013 1816 τὸ
1034 1758 1220 1835 ἕτερον
1242 1762 1490 1828 ἀνελίξας
1522 1761 1706 1834 μέρος,
1727 1761 1816 1814 καὶ

1923 1769 2069 1824 latus
2125 1769 2392 1835 reducto,
2435 1786 2660 1825 manum
2695 1772 2936 1826 hominis
2989 1773 3250 1827 ostendit.
3298 1773 3508 1828 Rursus

221 1864 327 1934 τὴν
361 1861 559 1931 ἑτέραν
587 1859 682 1912 τοῦ
725 1858 1004 1929 ’Δρσενίου
1034 1858 1194 1927 χεῖρα
1235 1853 1506 1919 ἐπέδειξεν
1528 1871 1540 1884 ·
1583 1847 1726 1907 οὕτω
1758 1865 1816 1906 τε

1926 1859 2211 1914 nonnullis
2245 1861 2658 1930 suspicantibus
2710 1863 2884 1917 altera
2915 1878 3042 1916 eum
3087 1878 3253 1916 manu
3293 1862 3502 1917 mutila;

221 1949 351 2007 εἷπε
377 1951 516 2021 πρὸς
545 1951 674 2013 τοὺς
699 1948 1004 2020 παρόντας·
1054 1944 1334 2018 Ἀρσένιος
1377 1941 1497 2030 μὲν,
1534 1944 1609 2009 ὡς
1629 1945 1816 2016 ὁρᾶτε,

1925 1957 2044 2004 tum
2068 1965 2210 2016 esse,
2236 1953 2639 2022 aliquantulum
2669 1964 2936 2022 moratus,
2964 1955 3233 2024 ancipites
3275 1970 3374 2009 eos
3395 1954 3500 2010 hat-

223 2047 329 2108 τὰς
357 2046 454 2099 δύο
480 2045 672 2114 χεῖρας
703 2041 842 2112 ἔχων
892 2040 1212 2110 ὲφεύρηται.
1256 2034 1368 2109 Τῆς
1395 2037 1586 2110 τρίτης
1623 2036 1680 2091 δὲ
1725 2035 1816 2090 τὸν

1926 2052 2050 2092 rere
2080 2039 2353 2108 permisit.
2391 2041 2602 2098 Deinde
2637 2044 2850 2116 abjecta
2893 2059 3069 2108 mora,
3102 2059 3228 2098 eum
3274 2043 3506 2098 alterum

217 2136 396 2190 τόπον
426 2135 551 2190 ὅθεν
585 2132 888 2204 ἀφῄρηται,
919 2129 1285 2184 δεικνύτωσαν
1319 2130 1369 2182 οί
1395 2131 1707 2200 κατήγοροι.

1926 2131 2080 2200 pallii
2135 2132 2281 2187 latus
2336 2135 2672 2204 reduxisset,
2724 2140 2954 2194 alteram
3017 2154 3238 2208 quoque
3290 2138 3508 2194 Arsenil

232 2229 476 2286 nudavit
502 2243 750 2291 manum,
787 2233 844 2280 et
885 2240 983 2280 eos
1008 2223 1102 2294 qui
1125 2223 1358 2278 aderant
1379 2223 1733 2294 compellavit
1788 2217 1878 2278 his
1911 2224 2101 2280 verbis
2131 2242 2146 2280 :
2191 2225 2460 2285 Arsenius
2491 2233 2602 2302 67
2638 2233 2885 2302 quidem,
2957 2242 3018 2288 ut
3062 2234 3284 2299 videtis,
3320 2234 3509 2291 ambas

219 2336 430 2389 manus
472 2321 680 2375 habere
735 2317 1193 2389 deprehenditur.
1251 2315 1438 2371 Tertia
1492 2331 1623 2370 vero
1683 2314 1963 2372 undenam
2011 2321 2207 2376 excisa
2258 2323 2370 2389 sit,
2410 2325 2706 2380 ostendant
2747 2326 2909 2381 nobis
2953 2333 3324 2381 accusatores.

835 2431 1089 2485 ΚΕΦΔΛ.
1130 2431 1210 2484 A'.

2527 2437 2682 2494 CAP.
2722 2438 2893 2494 XXX.

226 2525 336 2594 Ὠς
369 2522 738 2604 Ἀθανασίου
753 2521 852 2604 ἐστι
886 2519 961 2588 τῇ
980 2520 1304 2604 κατηγορίᾳ
1331 2518 1527 2604 ἀρὼου
1540 2517 1813 2588 εὑρεθέν-

1921 2527 2192 2604 Quomodo
2215 2539 2335 2604 post
2357 2532 2590 2602 primam
2611 2532 3030 2595 accusationem,
3047 2546 3164 2604 cuin
3187 2530 3510 2586 Athanasius

443 2611 570 2661 τος,
599 2596 652 2647 οι
692 2587 1008 2661 κατήγοροι
1034 2587 1198 2660 φυγῇ
1235 2587 1618 2659 ἐχρήσαντο(

1922 2587 1959 2596 ἡ
1987 2587 2238 2682 innocens
2275 2587 2407 2655 esset
2439 2604 2718 2664 inuentus,
2754 2587 3088 2654 accusatores
3131 2601 3256 2671 fuga
3283 2615 3340 2654 se
3388 2615 3507 2672 prov'

1991 2679 2274 2739 npuermt.
2673 2715 2682 2724 .

1991 2756 2088 2812 His
2113 2757 2181 2813 de
2209 2757 2446 2813 Arsenio
2481 2757 2555 2812 ita
2586 2758 2780 2829 gestis,
2805 2753 2874 2812 ad
2901 2747 3146 2827 inopiam
3181 2753 3400 2813 consilii
3422 2774 3506 2812 re-

221 2849 388 2921 χανὶᾳ
426 2847 535 2918 μὲν
561 2847 612 2898 οί
641 2845 914 2916 pasam;
939 2842 1031 2896 τόν
1051 2841 1200 2895 δόλον
1223 2841 1589 2912 κατέστησαν.
1616 2839 1816 2911 Ἀχαὰε

1921 2845 2070 2901 dacti
2097 2857 2230 2902 sunt
2285 2850 2380 2919 qui
2429 2849 2681 2903 fraudem
2734 2849 2877 2903 hanc
2928 2856 3266 2902 struxerant.
3323 2840 3509 2903 Achab

218 2943 304 3007 δὲ,
331 2943 360 2994 ό
378 2941 481 2993 καὶ
517 2937 774 3008 Ἰωάννης
801 2934 938 3005 (46),
966 2937 994 2988 ό
1013 2931 1444 3005 κατήγορος,τοῦ
1471 2932 1816 3004 δικαστηρίου

1922 2951 2078 3001 vero,
2112 2939 2207 3008 qui
2237 2946 2294 2993 et
2333 2939 2576 2994 Joannes
2626 2939 2735 2992 alio
2781 2939 3005 2992 nomine
3049 2940 3370 3004 vocabatur,
3427 2955 3516 2994 aee-

220 3033 430 3099 διαδὺς,
460 3032 520 3083 ὲν
553 3028 636 3100 τῷ
665 3026 882 3098 θορύϐῳ
912 3027 1151 3096 διέφυγε.
1183 3025 1292 3078 Καὶ
1320 3024 1462 3078 οὕτω
1489 3025 1586 3094 μὲν
1617 3023 1816 3093 ταύτην

1921 3037 2140 3082 cusator
2165 3028 2472 3094 Athanasii,
2503 3044 2560 3084 se
2603 3045 2668 3084 ex
2688 3027 2900 3099 judicio
2931 3027 3269 3093 subduccns,
3303 3030 3359 3083 in
3392 3031 3510 3100 ipso

219 3124 323 3192 τὴν
382 3121 732 3192 κατηγορίαν
790 3118 1106 3181 Ἀθανάσιος
1174 3115 1518 3181 ἀπεδύσατο,
1578 3115 1816 3186 μηδεμιᾷ

1921 3120 2160 3174 tumultu
2216 3120 2448 3192 aufugit.
2499 3122 2569 3176 Et
2624 3121 2768 3176 hanc
2822 3120 3048 3191 quidem
3102 3122 3508 3176 accusationem

290 2755 532 2811 Τούτων
568 2753 736 2815 οὕτως
764 2752 858 2806 ἐπὶ
891 2750 1153 2821 ’Δρσενίῳ
1181 2749 1556 2820 πραχθέντων,
1590 2749 1648 2802 ὲν
1673 2749 1820 2819 ἀμη-

221 3215 582 3285 χρησάμενος
629 3209 991 3283 παραγραφῇ.
1052 3207 1303 3280 Ἐθάρρει
1346 3207 1490 3282 γὰρ,
1541 3209 1616 3272 ὡς
1659 3225 1824 3261 κατα-

225 3305 421 3375 πλήξει
481 3306 614 3368 τοὺς
662 3304 1006 3373 συκοφάντας
1049 3301 1145 3355 καὶ
1189 3301 1324 3371 μόνη
1378 3300 1472 3353 τοῦ
1535 3299 1812 3372 Ἀρσενίου

228 3399 260 3465 ή
287 3398 424 3467 ζωή.

821 3576 1071 3631 ΚΕΦΑΛ.
1106 3577 1232 3631 AA'.

226 3669 352 3724 ὀτι
384 3669 501 3734 τὰς
537 3669 640 3722 ἐπὶ
691 3668 768 3736 τῇ
821 3667 1070 3734 δευτέρᾳ
1120 3669 1441 3736 κατηγορίᾳ
1490 3667 1821 3735 ἀπολογίας

307 3738 671 3793 Ἀθανασίου
688 3738 770 3805 μὴ
795 3737 1293 3805 καταδεξαμένων
1311 3737 1431 3790 τῶν
1446 3736 1816 3802 ἐπισκόπων,

307 3809 662 3874 Ἆϐανὰσιος
691 3808 842 3875 πρὸς
869 3809 977 3860 τὸν
997 3806 1266 3871 βασιλέα
1287 3807 1638 3876 ἀνέδραμεν.

305 3900 431 3952 Ἐπὶ
465 3899 525 3952 δὲ
571 3900 699 3960 ταῖς
746 3897 887 3950 κατὰ
926 3898 1216 3967 Μακαρίου
1258 3896 1664 3964 συκοφαντίαις,
1699 3897 1820 3958 ταῖς

227 3992 485 4060 ωμικαίς
518 3989 796 4058 ἐχρήσατο
848 3989 1259 4057 παραγραφαϊς.
1312 3987 1425 4039 Καὶ
1466 3984 1684 4055 πρῶτον
1722 3985 1820 4054 μὲν

230 4082 348 4144 τοὺς
382 4082 518 4150 περὶ
535 4078 800 4133 Εὐσέϐιον
815 4079 891 4142 ὡς
917 4077 1145 4148 ἐχθροὺς
1167 4076 1574 4148 παρεγράφετο,
1596 4075 1819 4143 φάσκων

238 4173 305 4242 μὴ
333 4172 452 4224 δεῖν
486 4171 584 4222 ἐπὶ
608 4169 896 4224 ἀντιδίκων
918 4168 1233 4240 κρίνεσθαι·
1267 4168 1461 4222 ἔπειτα
1495 4168 1554 4221 δὲ
1586 4169 1680 4221 καὶ
1709 4167 1820 4220 δεί-

234 4263 480 4324 κνυσθαι,
513 4262 566 4313 εί
597 4261 626 4312 ὁ
659 4261 965 4332 κατήγορος
1002 4259 1249 4330 Ἰσχύρας
1273 4259 1488 4331 ἀληθῶς
1521 4259 1820 4332 πρεσϐυτέ-

236 4371 317 4424 ρου
354 4355 472 4424 ἔχει
505 4353 690 4419 ἀξίαν.
723 4351 878 4405 Οὕτω
910 4351 1019 4422 γὰρ
1043 4353 1138 4404 καὶ
1172 4354 1230 4405 ὲν
1268 4355 1333 4423 τῇ
1365 4351 1666 4423 κατηγορία
1695 4351 1819 4419 ἐγέ-

235 4463 459 4519 γραπτο.
527 4449 689 4500 Ἐπεὶ
742 4447 798 4499 δὲ
843 4446 1046 4501 τούτων
1092 4446 1280 4500 οὐδένα
1331 4446 1489 4514 λόγον
1534 4448 1581 4499 οἱ
1634 4445 1818 4516 κριταὶ

241 4537 655 4606 προσεδέξαντο,
704 4535 930 4605 εἰσήχθη
971 4536 1070 4604 μὲν
1105 4536 1309 4606 ὴκατὰ
1340 4534 1628 4605 Μακαρίαν
1669 4535 1814 4604 δίκη.

248 4625 726 4697 ’Δτσνησάντωνδὲ
742 4626 851 4677 τῶν
872 4624 1218 4696 κατηγόρων,
1258 4624 1552 4696 ὑπέρθεσιν
1577 4625 1818 4694 ὲλάμῦα-

239 4735 315 4770 νεν
347 4721 382 4788 ἡ
416 4716 708 4792 ἀκρόασις,
742 4715 827 4782 ἐφ’
922 4715 1329 4786 παραγενέσθαι
1361 4718 1440 4780 είς
1467 4715 1557 4768 τὸν
1581 4714 1818 4786 Μαρεώ-

1929 3212 2263 3268 Athanasius
2322 3213 2397 3267 ita
2452 3212 2684 3283 depulit,
2738 3213 2890 3266 nulla
2955 3228 3090 3266 usus
3148 3213 3520 3282 exceptione.

1920 3304 2244 3360 Contidebat
2274 3308 2420 3361 enim
2450 3305 2695 3360 futurum
2727 3313 2788 3359 ut
2817 3305 2902 3360 vel
2934 3305 3048 3360 sola
3081 3305 3296 3358 Arsenii
3325 3305 3508 3358 viven-

1928 3394 2002 3451 tis
2050 3395 2347 3466 prazsentia
2387 3395 2818 3450 calumniatores
2863 3400 3090 3462 stupore
3131 3391 3481 3460 pereelleret.

2515 3577 2665 3632 CAP.
2707 3575 2900 3630 XXXI.

1921 3668 2192 3738 Quomodo
2232 3669 2558 3724 Athanasius
2607 3670 2674 3721 ad
2705 3671 2835 3738 imp.
2877 3665 3196 3738 confugerit,
3235 3681 3353 3716 cum
3405 3666 3508 3738 epi-

1992 3735 2134 3808 scopi
2188 3739 2545 3807 defensionem
2583 3739 2749 3808 ipsius
2782 3735 2852 3790 'in
2895 3735 3126 3791 secunda
3183 3736 3510 3788 accusatione

1991 3826 2097 3862 non
2131 3809 2490 3862 admisissent.

1995 3897 2054 3951 In
2107 3896 2430 3952 refellendis
2470 3912 2606 3952 vero
2653 3895 3100 3952 accusationibus
3148 3911 3270 3964 quae
3323 3903 3515 3952 contra

1919 3990 2216 4045 Macarium
2247 3990 2468 4044 fuerant
2497 3989 2799 4052 intentata},
2831 3987 3094 4058 legitimis
3131 4001 3266 4040 usus
3298 3992 3387 4039 est
3416 4000 3505 4037 ex-

1920 4081 2287 4151 ceptionibus.
2327 4083 2407 4135 Ac
2435 4079 2676 4150 primum
2711 4077 2959 4148 quidem.
2995 4075 3295 4131 Eusebium
3344 4080 3398 4125 et
3427 4087 3511 4126 so-

1883 4205 1886 4208 ι
1920 4171 2036 4226 cios
2062 4178 2354 4242 -tanquam
2411 4170 2668 4225 inimicos
2725 4169 2938 4238 rejeeit,
2972 4182 3100 4221 cum
3154 4166 3368 4219 diceret
3402 4178 3514 4216 non

1920 4263 2123 4318 debere
2157 4277 2488 4333 quemquam
2527 4261 2598 4316 ab
2635 4259 2970 4315 adversariis
2991 4256 3262 4328 judicari;
3307 4253 3512 4309 deinde

1920 4367 2073 4417 vero,
2100 4353 2256 4422 prius
2272 4350 2616 4421 probandum
2648 4364 2769 4404 esse
2817 4347 2975 4410 dixit,
3023 4345 3173 4415 quod
3217 4353 3508 4399 accusator

1920 4443 2170 4512 Ischyras
2191 4437 2498 4510 presbyteri
2516 4437 2842 4506 dignitatem
2861 4450 3055 4489 revera
3074 4435 3308 4506 adeptus
3335 4441 3509 4488 esset.

1920 4533 1999 4588 Ita
2040 4532 2190 4586 enim
2214 4529 2482 4600 scriptum
2511 4536 2634 4584 erat
2660 4527 2717 4581 in
2759 4525 3129 4581 accusationis
3163 4525 3371 4579 libello.
3403 4522 3512 4579 Sed

1921 4639 2048 4680 eum
2076 4622 2290 4693 judices
2324 4621 2522 4674 harum
2561 4619 2951 4689 exceptionum
2991 4616 3199 4670 nullam
3239 4615 3513 4668 rationem

1922 4715 2217 4779 haberent,
2250 4711 2473 4766 Macarii
2503 4725 2667 4765 causa
2699 4707 3019 4763 introducta
3053 4715 3158 4761 est.
3201 4704 3339 4760 Cum
3377 4719 3510 4758 vero

241 4824 326 4876 τήν
356 4779 536 4871 τινας,
569 4807 664 4860 ἵνα
691 4779 922 4858 ἐπὶ-των
951 4779 1134 4859 τόπων
1161 4805 1372 4876 ζητηθῇ
1412 4779 1480 4858 τὰ
1515 4779 1816 4877 ἀμφίδολα.

1923 4812 2280 4858 accusatores
2306 4801 2728 4871 languescerent
2759 4814 2824 4853 ac
2846 4812 3018 4868 prope
3043 4798 3158 4868 jam
3185 4794 3513 4858 deﬁcerent,

252 4895 325 4958 ἀς
348 4896 408 4948 δὲ
449 4895 779 4957 Ἀθανάσιος
811 4893 1200 4964 πεμπομένους
1237 4891 1379 4947 εἶδεν
1411 4893 1505 4957 οὓς
1533 4894 1819 4966 παρεγρά-

244 4987 398 5053 ψατο·
467 4987 756 5056 ἐπέμπετο
809 4985 918 5057 γὰρ
960 4985 1207 5054 Θέογνις,
1265 4985 1468 5056 Μαρὶς,
1520 4983 1818 5056 Θεόδωρος,

1922 4895 2092 4949 dilata
2117 4901 2201 4947 est
2232 4907 2411 4947 causa:
2464 4891 2729 4960 cognitio,
2757 4889 2934 4943 donec
2964 4889 3020 4941 in
3062 4887 3359 4940 Mareotem
3385 4885 3517 4953 qui-1

1922 4985 2047 5039 dam
2078 4984 2256 5050 missi,
2302 4983 2370 5038 de
2400 4982 2660 5037 omnibus
2699 4978 3104 5036 controversiis
3134 4976 3248 5031 illic
3283 4975 3513 5046 inquisi-

1433 5138 1700 5202 VALESII
1737 5141 2182 5200 ΔΝΝΟΤΑΤΙΟΝ
2187 5142 2291 5198 ES.

322 5288 408 5360 ιε)
439 5290 508 5342 οι
548 5285 620 5340 δὲ
647 5287 869 5360 λοι-ποι,
906 5285 1119 5360 Mallem
1157 5286 1401 5360 scribere
1446 5289 1496 5340 oi
1543 5284 1652 5354 γὰρ
1705 5285 1814 5339 λοι-

247 5356 343 5420 ut,
370 5356 501 5423 etc.,
526 5372 695 5426 quam
737 5356 1030 5411 lectionem
1062 5358 1118 5412 in
1146 5357 1398 5413 versione
1425 5369 1546 5411 mea
1574 5370 1695 5411 sum
1725 5371 1817 5410 ise--

249 5439 410 5582 ῗῖῗὲἱ
446 5493 825 5582 Hamae
880 5495 1322 5582 “Plataeas;
1361 5495 1543 5582 Αρυά.
1570 5497 1815 5582 Maur-

252 5566 370 5644 Ijum
397 5566 844 5644 in_.Apologetico_
858 5581 916 5631 ιι,
941 5566 1194 5644 pag_._78‘5
1223 5566 1488 5644 ε-ᾊρχᾶφ
1521 5567 1671 5644 dmi.
1699 5567 1812 5618 Ἰω-

250 5633 409 5704 Mc.
450 5633 560 5692 Sed
590 5633 725 5704 etin
758 5633 992 5704 epistola
1019 5633 1320 5690 Alexandri
1344 5633 1811 5691 Thessalonicen-

1915 5284 1930 5339 i
1971 5285 2086 5338 itur
2141 5282 2364 5336 nomine
2411 5279 2720 5350 appellatus
2757 5287 2864 5333 est.-
2915 5278 2983 5332 Et
3022 5277 3238 5346 Arcaph

1915 5301 1984 5409 αἳ)
2027 5352 2298 5409 ᾸΞανοιίἱε
2346 5351 2528 5409 patrio
2576 5349 2846 5405 vocabulo
2901 5347 3230 5409 dicebatur;

2027 5299 2086 5338 ur
2141 5282 2364 5336 nomine
2411 5279 2720 5350 appellatus
2757 5287 2864 5333 est.-
2915 5278 2983 5332 Et
3022 5277 3238 5346 Arcaph
3289 5275 3512 5345 quidem

2027 5352 2306 5432 Egyptiis.
2346 5351 2528 5432 patrio
2576 5347 3230 5432 vocabulondi‘cebatur;
3257 5347 3517 5432 ⁸,ιοεηιιιξθ

1911 5439 2050 5479 vero
2078 5414 2439 5477 monasticam
2463 5421 2583 5487 ejus
2615 5435 2814 5474 nomen
2863 5417 2985 5471 fuit.
3019 5416 3146 5470 Fuit
3179 5426 3362 5469 autem
3397 5414 3509 5534 σιρι-

1913 5508 2115 5534 nnnnne
2151 5492 2322 5534 martis
2350 5490 2536 5534 Melilii
2561 5488 2702 5534 amid
2741 5487 3037 5534 Memnhin.
3084 5486 3260 5534 Eique
3287 5498 3410 5534 man
3454 5496 3509 5534 δέ

1913 5508 2115 5566 scopus
2151 5486 2538 5566 partishMelitii
2561 5488 2704 5566 apud
2740 5487 3037 5566 hiempbin.
3084 5486 3260 5566 Eique
3287 5486 3512 5566 mandas

1918 5557 2034 5617 tum
2081 5557 2202 5615 esse
2241 5577 2271 5614 a
2299 5557 2661 5615 Constantino
2693 5557 2888 5613 scribit
2917 5557 3270 5618 Athanasius,
3303 5561 3362 5605 ut
3385 5564 3512 5605 cum

1916 5632 2334 5700 archiepiscopo
2397 5645 2498 5684 suo
2531 5627 2956 5700 Arconeordarett
2996 5622 3277 5700 _lntelligit
3326 5627 3513 5679 autem

247 5691 558 5780 “Episcopi
587 5705 659 5762 ad
692 5691 1058 5764 Athanasium
1087 5706 1304 5766 Arcauh
1331 5706 1556 5764 dicitur.
1593 5704 1812 5762 Duplici
1915 5691 2247 5760 Athanasius
2265 5691 2493 5763 litteras
2517 5697 2866 5758 Constantini
2893 5695 2961 5753 ad
2990 5691 3260 5754 Joannem
3280 5723 3300 5745 .
