4046 6204
456 325 562 383 173

1895 314 2232 372 SOCRATIS

3622 318 3727 375 176

456 441 610 506 Ario,
663 434 952 510 perspicue
1004 433 1343 489 declaratum
1377 440 1480 488 est.
1531 431 1664 486 Nam
1704 445 1828 485 cum
1878 429 2044 485 Arius

2150 427 2411 500 γενομένη
2449 429 2594 500 μάχη
2627 428 2915 495 ἀνέδειξεν.
2949 430 3037 494 Ὠς
3065 430 3174 503 γὰρ
3201 423 3303 503 ἧκε
3341 429 3463 484 τότε
3491 431 3728 504 Ἄρειος,

459 532 590 587 illuc
622 529 881 594 venisset,
919 535 980 581 et
1007 525 1244 596 populus
1267 524 1405 579 duas
1432 524 1485 578 in
1516 532 1700 594 partes
1725 522 1935 578 divisus
1955 538 2040 578 es-

457 630 562 688 set,
605 629 827 691 totaque
875 619 1069 675 civitas
1116 615 1580 679 tumultuaretur,
1614 614 1738 669 aliis
1765 615 2040 668 Nicmnam

459 715 621 771 ﬁdem
672 713 988 769 nullatenus
1029 707 1480 766 commovendam
1509 721 1633 762 esse
1694 705 2040 772 dicentibus,

457 807 581 863 aliis
619 804 937 876 opinionem
977 802 1094 856 Arii
1129 807 1333 857 rectam
1381 813 1503 855 esse
1554 793 2040 862 contendentibus,

459 901 514 954 in
556 898 821 954 maximas
862 895 1143 966 angustias
1169 893 1428 976 redactus
1471 900 1557 954 est
1599 890 1947 957 Alexander;
1979 903 2043 944 ac

458 990 730 1061 praecipue
750 1002 817 1042 eo
837 985 984 1057 quod
1009 983 1283 1043 Eusebius
1298 981 1736 1039 Nicomediensis
1751 981 2044 1052 episcopus

459 1098 654 1154 graves
683 1081 735 1136 ei
761 1079 939 1134 minas
965 1077 1286 1142 intentaret,
1313 1089 1566 1130 asserens
1593 1073 1912 1144 propediem
1939 1072 2043 1143 ipsi

458 1173 846 1242 adempturum
881 1184 941 1225 se
991 1183 1112 1224 esse
1157 1166 1525 1222 sacerdotium
1550 1205 1565 1229 ,
1603 1163 1712 1219 nisi
1752 1163 1946 1219 Arium
1988 1171 2045 1217 et

457 1265 637 1320 socios
664 1263 719 1318 in
742 1260 1183 1320 communionem
1206 1256 1712 1330 reciperet.Verum
1735 1255 2043 1310 Alexander

457 1372 567 1410 non
600 1363 708 1409 tam
743 1353 1011 1408 sollicitus
1038 1359 1158 1406 erat
1185 1347 1254 1405 de
1276 1349 1620 1405 abdicatione
1646 1362 1745 1402 sua
1787 1362 1950 1416 quam
1976 1347 2044 1402 de

457 1445 707 1500 doctrina
739 1443 866 1498 ﬁdei
892 1457 1056 1512 quam
1086 1441 1166 1496 illi
1196 1440 1522 1496 subvertere
1547 1437 1697 1492 omni
1728 1437 1911 1492 studio
1947 1451 2044 1492 co-

458 1537 750 1590 nabantur.
800 1520 940 1588 Nam
997 1548 1123 1589 cum
1175 1531 1409 1587 Nicaeum
1455 1529 1648 1602 synodi
1692 1529 2044 1584 decretorum

458 1625 739 1681 custodem
775 1638 833 1678 se
863 1638 928 1678 ac
955 1630 1249 1693 patronum
1281 1635 1405 1676 esse
1439 1619 1696 1685 duceret,
1724 1627 1873 1674 totus
1901 1619 1957 1673 in
1989 1619 2044 1675 id

461 1715 831 1780 incumbebat,
856 1729 927 1770 ne
962 1725 1050 1769 res
1072 1713 1126 1768 in
1150 1713 1242 1768 illa
1268 1711 1476 1783 synodo
1491 1711 1750 1783 iudicatae
1772 1711 2048 1766 ullatenus

2149 521 2243 574 καὶ
2269 520 2297 572 6
2327 520 2452 586 λαὸς
2475 523 2556 584 είς
2586 521 2680 574 δύο
2707 521 2866 576 πάλιν
2901 523 3164 594 τμήματα
3185 523 3491 594 ἐμερίζετο,
3513 527 3729 597 ταραχή

2148 628 2208 666 τε
2242 611 2384 666 κατὰ
2416 612 2515 683 τὴν
2546 612 2697 666 πόλιν
2735 613 2982 682 ἐγένετο’
3017 615 3126 668 τῶν
3163 617 3262 686 μὲν
3300 615 3401 687 τὴν
3435 618 3495 669 ἐν
3526 617 3733 687 Νικαία

2149 703 2332 758 πίστιν
2385 705 2650 775 μηδαμῶς
2706 705 3103 779 παρασαλεύειν
3157 707 3464 776 λεγόντων·
3497 707 3608 761 τῶν
3652 708 3732 772 δὲ,

2149 794 2348 868 εὐλογα
2375 798 2560 867 λέγειν
2587 798 2679 852 τὸν
2708 801 2772 853 Ἀ
2783 817 2923 872 ρειον
2943 800 3410 869 φιλονεικούντων,
3444 803 3524 864 εἰς
3543 801 3733 869 ἀγῶνα

2153 891 2408 963 μέγιστον
2441 892 2678 963 κατέστη
2729 893 2758 944 6
2797 891 3142 963 Ἀλέξανδρος
3162 909 3174 922 ·
3206 892 3303 946 καὶ
3330 893 3565 962 μάλιστα
3603 893 3732 962 μὲν,

2149 980 2233 1034 ὃτι
2273 980 2537 1045 Εὐσέϐιος
2569 982 2598 1034 6
2643 981 3009 1052 Νικομηδείας
3049 980 3219 1036 πολλὰ
3253 981 3520 1053 διηπείλει
3551 982 3732 1053 αὐτῷ,

2149 1071 2324 1141 λέγων
2365 1071 2488 1127 ὅσον
2541 1072 2753 1125 οὐδέπω
2794 1071 3151 1145 καθαιρήσειν
3193 1072 3388 1138 αὐτὸν,
3429 1075 3478 1127 εί
3537 1074 3610 1147 μὴ
3648 1076 3736 1140 εἰς

2151 1163 2436 1217 κοινωνίαν
2463 1163 2681 1233 δέξηται
2716 1164 2806 1218 τὸν
2846 1164 3064 1236 Ἀρειον
3102 1165 3196 1218 καὶ
3226 1164 3353 1229 τοὺς
3379 1165 3518 1236 ἀμφ’
3545 1168 3734 1221 αὐτόν.

2163 1254 2499 1327 Ἀλεξάνδρῳ
2522 1256 2578 1309 δὲ
2599 1258 2659 1309 οὐ
2689 1255 2942 1310 τοσοῦτον
2967 1257 3096 1326 περὶ
3115 1255 3489 1327 καθαιρέσεως
3514 1257 3732 1328 ἔμελεν,

2151 1347 2275 1400 ὅσον
2318 1347 2511 1401 ἐδεδίει
2549 1348 2642 1400 ἐπὶ
2685 1349 2751 1420 τῇ
2799 1347 3236 1421 σπουδαζομένη
3279 1349 3583 1420 παραλύσει
3636 1351 3736 1405 τοῦ

2149 1440 2439 1512 δόγματος.
2479 1439 2698 1493 Φύλακα
2739 1440 2849 1512 γὰρ
2892 1441 3084 1494 ἐαυτὸν
3122 1441 3232 1494 τῶν
3273 1442 3414 1514 ὅρων
3459 1442 3559 1514 τῆς
3605 1461 3734 1497 συν-

2151 1532 2274 1585 όδου
2318 1532 2588 1602 νομίζων,
2619 1535 2872 1596 παντοῖος
2916 1533 3125 1602 ἐγίνετο
3173 1532 3248 1605 μὴ
3299 1534 3735 1606 παρατρωοῆναι

2152 1625 2277 1686 τοὺς
2320 1624 2531 1688 τύπους
2585 1624 2775 1694 αὐτῆς.
2819 1625 2909 1680 Ἐν
2960 1625 3131 1696 ταύτῃ
3176 1625 3370 1701 τοίνυν
3396 1629 3463 1698 τῇ
3522 1617 3736 1698 ἀγωνία

2153 1713 2468 1781 καθεστὼς,
2517 1714 2732 1786 χαίρειν
2789 1715 2958 1769 mila
3017 1718 3233 1786 φράσας
3273 1720 3340 1789 τῇ
3386 1718 3730 1789 διαλεκτικῇ,

459 1804 948 1862 labefactarentur.
996 1803 1056 1861 In
1093 1802 1261 1857 tantis
1302 1801 1472 1872 igitur
1511 1800 1778 1871 angustiis
1807 1800 2042 1870 positus,

2150 1807 2483 1879 προσφεύγει
2510 1807 2630 1878 Θεῷ
2650 1822 2664 1838 ·
2701 1807 2796 1860 καὶ
2830 1808 3106 1886 νηστείαις
3142 1809 3242 1879 μὲν
3267 1809 3548 1880 συνεχέσιν
3578 1811 3736 1882 ἐσχό-

459 1896 664 1950 omisso
692 1893 992 1950 dialecticae
1018 1893 1155 1949 artis
1184 1891 1466 1962 praesidio,
1485 1891 1552 1946 ad
1577 1891 1748 1946 Deum
1781 1890 2047 1962 confugit.

458 1984 537 2039 Ac
588 1983 866 2040 continuis
914 1983 1137 2055 quidem
1185 1981 1412 2054 ieiuniis
1453 1996 1651 2037 vacare
1700 1981 1890 2051 coepit,
1944 1996 2050 2036 nec

463 2075 633 2130 ullum
659 2075 854 2131 orandi
879 2075 1102 2130 modum
1136 2072 1510 2145 praetermisit.
1541 2073 1671 2128 Tale
1698 2087 1830 2128 vero
1863 2072 2048 2128 consi-

460 2168 595 2223 lium
622 2160 808 2223 animo
861 2168 1140 2238 concepit,
1178 2174 1236 2222 et
1278 2165 1426 2238 quod
1472 2167 1870 2231 constituerat,
1893 2168 2048 2222 clan-

460 2259 584 2315 culo
605 2260 857 2331 per'fecit.
889 2259 951 2316 In
981 2258 1217 2315 ecclesia
1246 2273 1370 2329 quae
1401 2258 1823 2329 cognominatur
1861 2259 2044 2324 lrene,

459 2366 519 2406 se
552 2352 729 2407 solum
758 2349 1015 2417 inclusit;
1039 2357 1096 2405 et
1122 2349 1404 2421 ingressus
1429 2347 1498 2402 ad
1537 2349 1733 2412 altare,
1756 2348 1860 2403 sub
1891 2363 2047 2404 sacra

461 2459 652 2504 mensa
672 2459 911 2514 pronum
943 2457 1001 2514 se
1030 2442 1185 2498 humi
1217 2441 1539 2513 prostravit,
1571 2443 1684 2498 Deo
1709 2458 1835 2498 cum
1867 2441 2047 2516 lacry-

459 2534 566 2590 mis
605 2534 943 2606 supplicans.
991 2531 1100 2605 74
1144 2532 1324 2603 Atque
1368 2525 1476 2587 hoc
1523 2532 1715 2588 multis
1747 2532 1946 2588 diebus
1985 2547 2050 2589 ac

458 2624 718 2680 noctibus
750 2623 1087 2679 continuatis
1113 2623 1302 2693 gessit.
1339 2622 1513 2678 Porro
1556 2621 1714 2692 petiit
1754 2638 1786 2677 a
1819 2622 1962 2688 Deo,
1988 2629 2046 2677 et

457 2714 607 2784 quod
627 2714 863 2784 petierat
878 2713 1110 2784 accepit.
1135 2712 1337 2768 Petilio
1354 2720 1539 2767 autem
1559 2720 1680 2768 erat
1697 2712 2009 2784 huiusmodi
2027 2731 2039 2767 :

459 2815 543 2874 ut,
571 2807 618 2863 si
647 2805 871 2878 quidem
901 2815 1056 2861 recta
1092 2812 1240 2860 esset
1265 2804 1384 2860 Arii
1417 2805 1710 2870 sententia,
1746 2805 1861 2875 ipse
1896 2805 2043 2861 diem

458 2893 841 2966 disceptationi
870 2894 1239 2964 praestitutum
1282 2907 1629 2963 nequaquam
1675 2892 1921 2961 videret;
1956 2896 2042 2951 sin

2144 1899 2272 1965 λαζε
2290 1940 2304 1965 ,
2325 1898 2534 1954 καὶτοῦ
2555 1897 2954 1971 προσεύχεσθαι
2974 1899 3162 1955 οὐδένα
3183 1900 3386 1971 τρόπον
3412 1901 3731 1973 παρέλειπε.

2146 1993 2258 2046 Καὶ
2288 1991 2354 2064 δὴ
2381 1987 2593 2046 τοιοῦτο
2622 1991 2877 2063 ἐνθύμιον
2902 1986 3040 2063 εἶχε,
3067 1993 3160 2047 καὶ
3187 1992 3367 2048 λαθὼν
3397 1994 3642 2047 ἐπετέλει
3665 1976 3736 2050 τὰ

2143 2084 2392 2150 δόξαντα.
2423 2085 2513 2139 Ἐν
2535 2087 2601 2156 τῇ
2629 2085 2894 2156 ἐκκλησίᾳ
3000 2084 3286 2156 ἐπώνυμον
3314 2086 3547 2157 Εἰρήνη,
3571 2086 3738 2158 μόνον

2145 2176 2339 2231 ἑαυτὸν
2380 2176 2779 2231 κατάκλειστον
2814 2178 3082 2248 ποιήσας,
3112 2177 3205 2231 καὶ
3239 2178 3319 2241 είς
3345 2177 3406 2230 τὸ
3438 2177 3738 2248 θυσιαστήο

2148 2285 2264 2341 ριον
2306 2266 2599 2331 εἰσελθὼν,
2645 2268 2750 2323 ὐπὸ
2772 2268 2871 2341 τὴν
2905 2269 3056 2341 ίεράν
3089 2268 3370 2340 τράπεζαν
3399 2267 3509 2339 (65)
3542 2269 3735 2322 ἑαυτὸν

2145 2359 2240 2413 ἐπὶ
2295 2360 2473 2431 στόμα
2517 2359 2799 2426 ἐκτείνας,
2844 2359 3062 2432 εὔχεται
3104 2359 3374 2433 δακρύων.
3406 2361 3628 2425 Νύκτας
3673 2379 3734 2415 τε

2146 2448 2348 2513 πολλὰς
2396 2448 2594 2520 ἐφεξῆς
2641 2450 2738 2503 καὶ
2787 2450 3006 2522 ἡμέρας
3054 2451 3214 2504 τοῦτο
3266 2451 3435 2504 ποιῶν
3483 2451 3729 2508 διετέλει.

2157 2537 2368 2610 ᾚτεῖτο
2386 2539 2495 2610 γάρ
2519 2539 2672 2610 παρὰ
2695 2538 2831 2593 Θεοῦ
2853 2539 2949 2593 καὶ
2975 2537 3301 2610 ἐλάμϐανεν.
3340 2538 3406 2594 Ἠ
3437 2539 3495 2595 δὲ
3517 2540 3735 2612 αἴτησις

2147 2621 2218 2697 ἦν
2244 2627 2466 2700 τοιαύτη
2499 2638 2547 2668 θ’
2593 2629 2642 2682 εί
2680 2629 2778 2700 μὲν
2805 2629 3012 2701 ἀληθὴς
3045 2631 3080 2700 η
3123 2630 3332 2700 ’Δρείου
3358 2631 3506 2696 δόξα,
3541 2632 3734 2686 ἑαυτὸν

2149 2717 2248 2791 τὴν
2290 2718 2602 2792 ὡρισμένην
2629 2720 2843 2793 ἡμέραν
2871 2724 2936 2792 τῇ
2995 2721 3290 2795 συζητήσει
3341 2723 3416 2795 μὴ
3463 2723 3728 2794 όψεσθαν

2149 2811 2200 2862 εἰ
2243 2810 2300 2864 δέ
2339 2811 2407 2882 ἣν
2451 2812 2614 2876 αὐτὸς
2650 2812 2764 2883 ἔχει
2810 2813 3026 2881 πίστιν,
3070 2814 3311 2888 ἀληθὴς,
3368 2817 3588 2888 ’Δρειονν
3627 2817 3731 2889 τῆς

2150 2900 2406 2967 ἀσεϐείας
2427 2901 2583 2974 δίκην
2602 2903 2802 2958 διδόναι
2817 2945 2831 2970 ,
2846 2905 2938 2959 τὸν
2961 2905 3179 2961 πάντων
3197 2906 3370 2961 αἴτιον
3391 2907 3498 2960 τῶν
3519 2907 3734 2966 κακῶν.

457 3003 590 3046 vera
615 2994 761 3042 esset
783 2985 918 3040 ﬁdes
935 2999 1101 3056 quam
1123 2983 1240 3055 ipse
1262 2983 1640 3054 proﬁteretur,
1665 2993 1728 3040 ut
1746 2983 1911 3042 Arius
1931 2987 2230 3061 impietatis
2249 3007 2470 3066 penam
2523 2994 2724 3064 lueret,
2747 2997 2951 3069 quippe
3006 2998 3101 3070 qui
3158 2999 3402 3055 omnium
3463 2997 3734 3056 malorum

459 3085 652 3135 auctor
681 3083 850 3133 esset.

1007 3188 1158 3246 CAP.
1228 3187 1515 3246 XXXVIII.

1038 3277 1119 3333 De
1150 3286 1315 3333 morte
1338 3279 1476 3336 Arii.

531 3371 602 3427 Et
641 3369 760 3425 haec
784 3367 1009 3440 quidem
1042 3368 1373 3440 precabatur
1420 3369 1751 3429 Alexander.
1802 3374 2046 3448 Impera-

463 3471 554 3518 tor
580 3475 716 3517 vero
745 3475 870 3516 cum
903 3458 1024 3515 Arii
1053 3459 1364 3530 periculum
1393 3458 1574 3516 facere
1608 3462 1807 3530 vellet,
1829 3479 1957 3520 eum
1991 3466 2048 3523 in

463 3552 726 3626 palatium
759 3551 997 3608 accitum
1027 3550 1408 3622 interrogavit,
1443 3567 1576 3607 num
1601 3552 1840 3611 decretis
1869 3556 2048 3613 Nicae-

463 3661 548 3721 nge
594 3643 720 3700 ﬁdei
761 3643 1122 3699 consentiret.
1168 3636 1264 3698 Ille
1315 3643 1454 3699 nihil
1507 3654 1837 3714 cunctatus,
1878 3649 2048 3708 alacri

461 3736 646 3810 animo
680 3751 869 3790 coram
912 3735 1246 3805 imperatore
1292 3735 1661 3808 subscripsit,
1711 3754 1775 3795 ea
1825 3756 1948 3810 quae
1979 3741 2049 3798 de

463 3827 570 3883 ﬁde
602 3827 658 3881 in
690 3826 927 3882 concilio
956 3833 1162 3881 statuta
1200 3825 1462 3895 fuerant,
1483 3829 1682 3886 callide
1712 3830 2046 3890 ludiﬁcatus.

460 3920 712 3990 Cumque
759 3919 893 3989 imp.
928 3918 1294 3975 admiratione
1323 3928 1538 3992 captus,
1563 3923 1928 3995 jurejurando
1960 3926 2048 3981 in-

461 4027 629 4082 super
655 4025 782 4066 eum
816 4009 1086 4080 adigeret,
1108 4009 1198 4065 ille
1229 4025 1329 4081 per
1365 4011 1614 4068 fraudem
1646 4029 1712 4070 ac
1741 4015 2048 4071 simulatio-

461 4119 589 4159 nem
618 4103 764 4159 istud
789 4103 954 4158 etiam
992 4103 1264 4172 praestitit.
1304 4103 1476 4158 Porro
1501 4103 1652 4162 fraus
1685 4122 1749 4163 ac
1773 4107 2050 4164 simulatio

461 4212 570 4266 qua
600 4210 735 4250 usus
773 4201 860 4249 est
900 4193 957 4248 in
1007 4193 1441 4261 subscribendo,
1493 4195 1638 4254 sicut
1679 4197 1795 4270 ipse
1835 4201 2047 4272 accepi,

462 4286 779 4358 huiusmodi
826 4285 971 4342 fuit:
1013 4283 1342 4356 Opinionem
1375 4303 1530 4344 suam
1568 4289 1733 4346 Arius
1771 4291 1827 4346 in
1857 4292 2050 4350 charta

462 4379 831 4450 conscriptam
880 4391 1080 4452 gerens
1106 4420 1122 4447 ,
1169 4379 1273 4434 sub
1322 4380 1407 4437 ala
1451 4383 1784 4439 occultabat.
1835 4383 2052 4441 Juravit

2733 3205 2985 3267 ΚΕΦΑΛ.
3023 3207 3154 3261 AH'.

2500 3294 2642 3364 Περὶ
2676 3296 2785 3350 τοῦ
2829 3295 3092 3353 θανάτου
3135 3299 3377 3369 Ἆρείυυ.

2222 3384 2465 3441 Τοιαῦτα
2505 3387 2603 3460 μὲν
2632 3383 2726 3443 οὖν
2766 3389 3113 3462 Ἀλέξανδρος
3137 3390 3359 3464 ηὔχετο.
3394 3394 3452 3448 '0
3481 3393 3734 3466 βασιλεὺς

2149 3477 2207 3532 δέ
2240 3477 2549 3552 ἀπόπειραν
2588 3477 2801 3553 Ἀρείου
2837 3481 3171 3552 ποιήσασθαι
3205 3485 3510 3557 βουληθεὶς,
3539 3490 3631 3542 ἐπὶ
3665 3491 3736 3544 τά

2150 3567 2402 3640 βασίλεια
2456 3570 2619 3626 αὐτὸν
2672 3572 3123 3644 μεταπέμπεται,
3171 3574 3364 3647 ἠρώτα
3409 3594 3471 3631 τε
3521 3579 3570 3632 εί
3619 3582 3734 3643 τοῖς

2148 3659 2296 3731 ὅροις
2329 3662 2531 3729 στοιχεῖ
2569 3661 2668 3726 τῆς
2703 3662 2762 3716 ἐν
2788 3661 2994 3735 Νικαίᾳ
3023 3665 3263 3720 συνόδου.
3307 3665 3365 3722 '0
3401 3666 3458 3721 δὲ
3495 3668 3734 3740 ἑτοίμως

2151 3751 2320 3822 μηδὲν
2362 3752 2660 3824 μελλήσας,
2690 3755 2777 3806 ἐπ’
2818 3754 2985 3808 αὐτοῦ
3036 3755 3326 3828 ὑπέγραφε
3356 3758 3425 3812 τὰ
3463 3759 3592 3831 περὶ
3630 3761 3732 3831 τῆς

2149 3840 2388 3906 πίστεως
2422 3842 2709 3914 ὁρισθέντα
2743 3845 3122 3916 σοφισάμενος.
3154 3848 3264 3900 Καὶ
3288 3849 3318 3901 6
3351 3848 3450 3918 μὲν
3477 3848 3738 3919 βασιλεὺς

2149 3934 2474 4006 θαυμάσας,
2529 3936 2624 3991 καὶ
2672 3937 2837 4010 ὅρκον
2882 3937 3172 4012 ἐπέφερεν.
3224 3940 3283 3994 ’0
3333 3939 3392 3995 δὲ
3435 3942 3530 3995 καὶ⁵
3570 3941 3740 3996 τοῦτο

2151 4026 2504 4097 σοφιζόμενος
2543 4029 2752 4082 ἐποίει·
2779 4028 2900 4083 τίνα
2926 4029 2984 4083 δὲ
3015 4031 3216 4102 τρόπον
3243 4032 3560 4103 ἐτέχνάζετο
3593 4035 3736 4106 γράο
3825 4018 3827 4021 ’

2149 4133 2286 4186 φων,
2314 4117 2391 4181 ὼς
2423 4119 2655 4189 ἥκουσα,
2689 4119 2804 4174 ἐστι
2834 4121 3028 4176 ταῦτα’
3060 4123 3458 4194 Καταγράψας,
3490 4126 3674 4196 φησιν,
3704 4129 3738 4180 6

2154 4207 2372 4280 ’Ἄρειος
2401 4211 2458 4262 ἐν
2502 4209 2677 4282 χάρτῃ
2703 4209 2772 4282 ἢν
2812 4209 2924 4283 εἶχε
2950 4211 3128 4281 δόξαν,
3161 4213 3268 4271 ὐπὸ
3305 4213 3483 4287 μάλης
3513 4215 3731 4287 ἔφερεν.

2155 4298 2330 4369 Ὤμνυ
2358 4316 2418 4352 τε
2447 4298 2662 4373 άληθῶς
2691 4300 2835 4355 οὕτω
2862 4306 3097 4375 φρονεῖν,
3129 4305 3208 4370 ὡς
3237 4305 3335 4360 καὶ
3360 4305 3733 4378 γεγραφηκὼς

2150 4389 2258 4462 εἴη.
2298 4391 2469 4446 Τοῦτο
2495 4392 2595 4464 μὲν
2622 4388 2718 4448 οὖν
2748 4393 2894 4447 οὕτω
2933 4395 3289 4466 γεγενῆσθαι,
3335 4397 3477 4468 ἀκοῇ
3511 4398 3735 4468 γράψας

461 4483 595 4538 ergo
625 4483 684 4522 se
720 4484 789 4522 ex
830 4469 1016 4524 animo
1048 4469 1124 4525 ita
1157 4471 1366 4526 sentire
1397 4473 1478 4527 uti
1519 4475 1836 4544 scripserat.
1869 4475 2046 4548 Atque

464 4556 567 4578 ι,,,
598 4557 810 4578 ,__-,,__
843 4557 910 4578 μ,
948 4566 1148 4578 ___.___-
1402 4563 1426 4578 ..
1578 4571 1595 4578 -
1677 4576 1685 4578 -
1854 4575 1861 4578 .
1985 4569 2020 4578 ..

2151 4479 2281 4550 ἔχω.
2313 4481 2436 4536 Ὅτι
2467 4482 2648 4554 μέντοι
2678 4484 2774 4538 καὶ
2807 4485 2970 4556 ὅρκον
2998 4485 3238 4557 ἐπέθηκε
3266 4488 3380 4551 τοῖς
3411 4490 3732 4559 γραφεῖσιν,

464 4556 570 4610 hoc
593 4557 814 4626 quidem
843 4557 918 4611 ita
943 4566 1155 4629 gestum
1181 4559 1379 4626 fuisse,
1400 4563 1543 4618 fama
1576 4571 1787 4620 tantum
1812 4575 1868 4622 et
1894 4569 2049 4624 audi-

464 4648 612 4702 tione
652 4649 862 4719 accepi.
897 4648 1054 4714 Quod
1087 4665 1222 4704 vero
1254 4652 1651 4724 subscriptioni
1681 4657 1847 4712 etiam
1872 4660 2056 4732 iusiu—

465 4735 700 4789 randum
724 4736 1008 4807 adiecerit,
1043 4737 1097 4792 id
1122 4753 1188 4792 ex
1219 4739 1573 4810 imperatoris
1588 4743 1838 4814 epistolis
1862 4747 2052 4804 didici.

2150 4572 2214 4626 ἐκ
2230 4569 2338 4624 τῶν
2350 4571 2648 4627 ἐπιστολῶν
2661 4573 2755 4627 τοῦ
2773 4573 3033 4645 βασιλέως
3048 4575 3389 4648 ἀνελεξάμην
3405 4593 3420 4607 θ
3434 4576 3736 4645 πιστεύσας

2147 4661 2205 4714 δὲ
2239 4663 2268 4714 ὁ
2302 4662 2591 4732 βασιλεὺς,
2635 4665 2890 4738 δεχθῆναι
2930 4667 3092 4722 αὐτὸν
3145 4669 3252 4723 ὐπδ
3291 4669 3389 4723 τοῦ
3429 4671 3735 4726 ἐπισκόπου

2149 4753 2561 4810 Κωνσταντίνου
2621 4757 2831 4822 πόλεως
2908 4758 3260 4832 Ἀλεξάνδρου
3305 4764 3386 4827 εἰς
3443 4763 3739 4819 κοινωνίαν

468 4827 608 4880 Tum
659 4841 792 4882 vero
840 4827 1144 4899 imperator
1184 4827 1348 4886 ﬁdem
1389 4831 1598 4889 habens
1638 4834 1802 4902 Ario,
1831 4837 2046 4898 mandat

2150 4843 2459 4904 ἐκέλευσεν.
2491 4846 2774 4902 Σαϐϐάτου
2803 4849 2860 4904 δέ
2883 4845 2952 4922 ἦν
2981 4851 3102 4905 τότε
3128 4827 3346 4924 ἡμέρα·
3378 4855 3472 4908 καὶ
3499 4856 3567 4926 τῇ
3603 4854 3737 4926 ἑξῆς

463 4919 773 4975 Alexandro
799 4916 1408 4992 Constantinopolitano
1432 4925 1694 4998 episcOpo
1723 4935 1785 4983 ut
1809 4928 1962 4984 illum
1997 4932 2046 4986 in

2150 4935 2454 5005 προσεδόκα
2513 4938 2846 5008 συνάγεσθαι
2880 4916 3057 5014 ’,δίκη
3112 4916 3184 4997 δέ·
3216 4916 3576 5016 eamme;

465 5010 912 5067 communionem
961 5013 1257 5084 reciperet.
1305 5013 1439 5073 Erat
1476 5023 1595 5073 tum
1637 5017 1759 5074 dies
1803 5019 2057 5088 sabbati,

2167 5026 2378 5100 ’Δρείου
2416 5029 2786 5103 τολμήμασιν.
2828 5033 2918 5097 Ὠς
2943 5033 3052 5106 γὰρ
3093 5034 3283 5104 ἐξῆλθε
3317 5036 3415 5108 τῆς
3448 5035 3736 5108 βασιλικῆς

1676 5172 1948 5230 VALESII
1983 5175 2536 5238 ANNOTATIONES.

540 5259 650 5386 ξιξ)
696 5259 844 5315 Ὑπὸ
869 5259 984 5330 τὴν
1012 5263 1176 5346 ιρράγ
1199 5264 1508 5332 τράπεζαν.
1533 5179 2046 5342 ’Ϊὶυῦιῖὐζῗῗῗιῖιιὲ

471 5329 538 5386 ha
616 5330 1000 5386 tSozomenus
1027 5349 1083 5386 in
1112 5332 1261 5386 libro
1289 5350 1348 5386 η.
1378 5352 1498 5386 can-
1526 5336 1615 5386 29-

2150 5179 2536 5238 )TATIONES.

2150 5288 2198 5330 ac
2261 5275 2566 5348 desumpsit
2629 5278 2905 5347 Socrates,
2935 5283 3013 5338 ait
3031 5285 3125 5340 sub
3154 5283 3323 5341 altari
3343 5285 3555 5356 jacem.
3582 5283 3734 5341 idem

616 5330 1000 5390 tSozomenus
1027 5330 1083 5388 in
1112 5330 1261 5389 libro
1289 5350 1348 5405 n,
1378 5352 1498 5409 cap.
1526 5336 1615 5394 29.

1897 5487 2281 5549 VARIORUM.

542 5582 566 5612 ο
604 5573 672 5628 ἰι
791 5573 1034 5648 αἴτησζις
1075 5569 1442 5648 ἧνλτοιαύτη.
1465 5577 1588 5648 illis
1639 5579 1948 5643 consimilia
1974 5582 2043 5638 de

471 5641 768 5716 Alexandri
813 5641 1111 5715 preCibus,‘
1144 5645 1324 5716 deque
1382 5641 1496 5703 Arii
1553 5649 1707 5704 exitu
1764 5641 2061 5707 habentur

466 5712 615 5781 upud
650 5712 1006 5774 Athanasium
1032 5717 1088 5774 in
1109 5712 1341 5788 epistola
1366 5718 1436 5784 ad
1462 5718 1836 5790 Serapionem,
1866 5722 1976 5776 vol.
2000 5721 2041 5776 ι.

2150 5601 2274 5669 pag.
2315 5587 2440 5645 διο.
2469 5589 2732 5669 ΕΞωιΙειη
2766 5590 3057 5669 historiam
3085 5595 3278 5669 paucis
3319 5597 3644 5669 inrepistola
3666 5598 3736 5654 ad

2150 5659 3029 5751 Eti§899%-§¥y_v_!i_8‘!!wa
3075 5659 3336 5751 διιίερηιξ
3374 5659 3537 5751 ίάἐιι
3558 5667 3734 5726 Athe

2152 5729 2358 5789 nasius'.
2393 5729 2574 5788 Periit
2587 5729 2780 5789 autem
2805 5729 2970 5792 Arius
3004 5751 3148 5792 anno
3175 5729 3398 5793 circiter
3434 5736 3565 5794 336.
