4046 6204
327 231 433 290 m
1329 244 1655 306 HISTORIA
1693 228 2248 316 eccum-amca.
2288 292 2358 301 —
2394 262 2523 318 LIB.
2566 263 2606 316 ι.
3492 267 3556 324 ιτ

322 355 517 461 αύλῆς,
543 355 926 461 ἐδορυφορεῖτρ
962 361 1061 432 μιν
1095 363 1202 418 ὑπὸ
1238 363 1350 420 τῶν
1383 369 1512 441 περὶ
1545 370 1807 431 Εύσόὸιον
1825 376 1916 432 διά

2016 379 2282 450 Mtridie
2300 396 2436 439 vero
2455 381 2713 453 sperabat
2735 380 2902 440 Arius
2927 398 2986 440 se
3013 384 3070 440 in
3093 384 3326 442 ecclesia
3350 401 3480 443 cum
3504 405 3594 446 re—

324 445 505 555 ξιὲςπις
534 449 655 555 τότξ
687 450 788 555 τῆς
818 451 1065 555 «flat-uc:
1109 457 1402 555 περίοπτός
1425 477 1486 514 τε
1519 456 1609 534 ἦν.
1646 465 1758 521 Καὶ
1785 469 1910 524 ἐπεὶ

2011 445 2178 540 liquis
2203 468 2460 527 ﬁdelibus
2481 445 2912 527 conventurum.
2947 473 3054 528 Sed
3085 475 3317 544 perditis
3343 475 3459 532 Arii
3497 445 3592 534 co-

320 537 552 635 ἐγὲνετο
576 539 806 635 πλησίον
834 543 935 615 τῆς
955 544 1348 620 ἐπιλεγομένης
1380 551 1585 623 ἀγορᾶς
1620 556 1911 612 Κωνσταν-

2009 537 2233 616 natibus
2259 560 2444 617 divina
2465 561 2608 617 ultio
2631 563 2743 632 jam
2775 563 3031 618 instabat.
3059 537 3327 635 l'igressus
3349 568 3497 623 enim
3525 584 3593 624 ex

319 628 468 684 τίνου
481 671 504 723 ,
526 631 656 686 ἔνθα
677 634 710 687 ὁ
730 636 1048 708 πορφυροῦς
1070 638 1285 710 ἵδρυται
1305 639 1462 710 κίων,
1485 645 1649 713 φόϐος
1674 645 1739 701 ἐκ
1760 665 1910 716 τινος

2008 650 2277 722 imperiali
2313 653 2536 723 palatio,
2570 628 2898 710 Eusebianis
2924 628 3223 710 satellitum
3255 656 3427 712 instar
3464 674 3591 714 eum

321 721 624 817 συνειδότος
645 729 868 796 κατεῖχε
896 728 990 783 τὸν
1017 730 1240 801 ’Ἄρειον
1256 747 1271 763 ·
1300 731 1400 788 σύν
1428 751 1488 789 τε
1503 734 1586 808 τῷ
1602 738 1754 810 φόδῳ
1771 780 1788 803 ,
1808 742 1906 812 τῆς

2007 721 2364 813 stipantibus,
2391 761 2490 815 per
2519 745 2756 802 mediam
2787 745 3067 801 civitatem
3111 746 3397 817 magniﬁce
3439 749 3592 805 ince-

610 817 846 872 ἐκινεῖτο
898 819 1170 890 χαύνωσις
1201 839 1216 854 ⁸
1279 825 1538 896 ἐρόμενός
1590 847 1649 884 τε
1696 830 1808 902 (66)
1858 837 1907 888 εί

2006 828 2197 896 debat,
2237 813 2486 886 omnium
2522 833 2716 888 oculos
2758 833 2814 888 in
2852 848 2911 889 se
2951 813 3300 889 convertens.
3345 834 3592 907 Cumque

319 904 574 977 ἀφεδρών
601 925 704 962 που
753 909 1015 983 πλησίον,
1052 912 1243 983 μαθών
1276 933 1336 969 τε
1382 915 1522 974 εἶναι
1555 920 1782 977 ὄπισθεν
1804 923 1907 994 τῆς

2005 920 2247 977 venisset
2263 922 2421 993 juxta
2449 921 2630 976 forum
2661 922 2810 992 quod
2841 922 3046 978 dicitur
3081 921 3456 990 Constantini,
3483 904 3593 996 quo

315 996 524 1069 ἀγορᾶς
549 999 989 1071 Κωνσταντίνου,
1015 1005 1195 1059 ἐκεῖσε
1215 1007 1482 1072 ἐϐάδιζεν.
1504 1012 1787 1084 Δαμύάνει
1812 1012 1906 1072 οὖν

2006 1009 2204 1068 inloco
2224 1021 2406 1068 statua
2429 1013 2814 1084 porphyretica
2838 1014 3015 1084 posita
3040 1022 3146 1080 est,
3169 1022 3347 1071 terror
3369 1015 3591 1086 quidam

315 1088 620 1160 λιποθυμία
659 1091 754 1146 τὸν
783 1093 1074 1164 ἄνθρωπον
1093 1112 1108 1130 ·
1139 1098 1236 1153 καὶ
1265 1099 1381 1171 ἅμα
1409 1103 1523 1166 τοῖς
1549 1102 1904 1178 διαχωρήμα-

2003 1115 2069 1158 ex
2121 1102 2462 1160 conscientia
2513 1104 2786 1160 scelerum
2828 1104 2880 1160 ei
2925 1104 3189 1161 subortus
3217 1113 3336 1173 est;
3371 1114 3429 1160 et
3465 1120 3587 1160 cum

319 1197 406 1234 σιν
436 1183 469 1251 ἡ
500 1182 630 1253 ἕδρα
655 1183 778 1238 τότε
811 1187 1126 1260 παραυτίκα
1150 1189 1406 1244 ἐκπίπτει
1437 1191 1588 1264 (67),
1615 1196 1710 1249 καὶ
1737 1197 1905 1268 αἱμα-

2005 1202 2219 1249 tcrrore
2257 1195 2419 1251 simul
2461 1196 2616 1252 alvus
2646 1197 2903 1252 relaxata.
2947 1197 3418 1269 Percontatusque
3456 1215 3587 1258 num

317 1285 412 1335 τος
447 1273 652 1344 πλῆθος
683 1277 1064 1348 ἐπηκολούθει,
1094 1281 1278 1336 καὶτὰ
1305 1282 1479 1338 λεπτὰ
1502 1284 1613 1339 τῶν
1642 1287 1898 1359 ἐντέρων.

2004 1286 2060 1340 in
2093 1286 2343 1356 proximo
2380 1297 2569 1343 essent
2608 1288 2857 1355 latrinae,
2899 1303 3025 1344 cum
3073 1296 3197 1358 post
3245 1287 3587 1345 Constantini

318 1362 618 1435 Συνέτρεχε
639 1365 696 1418 δὲ
712 1361 854 1438 αἷμα
875 1368 1024 1440 αὐτῷ
1048 1370 1246 1441 σπληνί
1273 1387 1332 1425 τε
1355 1374 1449 1426 καὶ
1472 1374 1645 1444 ἥπατι
1663 1391 1677 1406 ·
1703 1377 1903 1431 αὐτίκα

2003 1376 2182 1432 forum
2207 1393 2327 1434 esse
2348 1378 2654 1444 didicisset,
2679 1379 2808 1435 illuc
2832 1379 3094 1450 perrexit.
3130 1379 3252 1434 Mox
3277 1381 3462 1436 animo
3486 1380 3581 1436 dc-

313 1451 413 1510 οὖν
453 1457 750 1529 ἐτεθνήκει.
799 1459 862 1516 '0
896 1460 955 1514 δέ
985 1461 1236 1534 ἀφεδρὼν
1264 1465 1394 1536 ἄχρι
1427 1464 1523 1520 νῦν
1552 1467 1612 1519 ἐν
1640 1469 1706 1540 τῇ
1741 1467 1899 1522 Κων-

2004 1467 2170 1524 ﬁcere
2194 1469 2381 1539 coepit,
2404 1478 2460 1525 et
2494 1485 2602 1525 una
2634 1486 2760 1525 cum
2792 1472 3161 1526 excrementis
3191 1486 3330 1526 anus
3355 1472 3456 1542 ipsi
3487 1471 3584 1528 dc-

318 1547 601 1600 σταντίνου
648 1549 805 1602 πόλει
853 1549 1154 1617 δείκνυται,
1197 1552 1275 1617 ὡς
1319 1554 1490 1626 ἔφην,
1531 1554 1756 1612 ὄπισθεν
1801 1558 1901 1630 τῆς

2002 1558 2207 1614 labitur
2232 1575 2246 1626 ;
2277 1568 2334 1615 et
2363 1559 2417 1614 id
2443 1560 2592 1630 quod
2617 1560 2818 1616 medici
2854 1569 3054 1616 vocant
3082 1561 3423 1631 άπέφθισμα,
3454 1577 3583 1632 pro-

312 1638 525 1707 ἀγορᾶς
552 1641 992 1707 Κωνσταντίνου,
1021 1641 1230 1698 καὶτοῦ
1261 1647 1318 1698 ἐν
1342 1648 1408 1718 τῇ
1443 1649 1574 1719 στοᾷ
1605 1648 1895 1719 μακέλλου’

2005 1649 2154 1704 tinus
2190 1665 2290 1720 per
2333 1666 2498 1705 annm
2549 1650 2776 1706 decidit.
2821 1649 3126 1706 Subsecuta
3170 1659 3255 1706 est
3305 1652 3585 1722 sanguinis

314 1732 541 1783 πάντων
573 1749 631 1785 τε
658 1733 770 1788 τῶν
802 1727 1108 1806 παριόντων
1141 1739 1465 1810 ἐγειρόντων
1485 1739 1747 1796 δάκτυλον
1776 1743 1898 1800 κατ’

2001 1740 2155 1810 copia
2170 1781 2184 1805 ,
2206 1756 2268 1795 ac
2292 1750 2570 1811 postremo
2591 1742 2775 1796 tenuia
2797 1741 3053 1796 intestina
3069 1742 3230 1796 simul
3253 1757 3378 1797 cum
3399 1742 3585 1814 splene

312 1819 516 1883 αὐτοῦ,
580 1821 1050 1894 ἀειμνημόνευτον
1117 1827 1209 1882 τοῦ
1271 1829 1503 1885 Θανάτου
1555 1831 1646 1887 τὸν
1700 1833 1902 1905 τρόπον

2002 1847 2068 1886 ac
2087 1831 2272 1903 jecore
2296 1831 2471 1887 eﬁ‘usa
2504 1839 2652 1888 sunt.
2683 1833 2751 1886 Et
2787 1831 2878 1886 ille
2914 1831 3137 1902 quidem
3167 1833 3430 1888 continuo
3463 1833 3583 1887 ani-

312 1913 783 1985 ἀπεργαζόμενος.
808 1916 1011 1971 Τούτου
1040 1920 1358 1992 γενομένου,
1383 1922 1546 1992 φόϐος
1569 1925 1663 1979 καὶ
1691 1925 1901 1995 ἀγωνία

2002 1935 2146 1975 mam
2167 1921 2464 1977 exhalavit.
2493 1921 2730 1976 Latrinte
2758 1930 2942 1977 autem
2971 1923 3076 1978 illae
3107 1922 3582 1994 Constantinopoli

313 2008 530 2076 κατεῖχε
555 2008 684 2070 τοὺς
714 2009 842 2079 περὶ
874 2009 967 2062 τὸν
990 2009 1306 2082 Νικομηδὲα
1335 2013 1595 2067 Εὑσέϐιον
1613 2031 1625 2045 ·
1657 2015 1901 2088 διέτρεχε

2001 2021 2127 2084 post
2163 2013 2345 2070 forum
2389 2011 2756 2081 Constantini,
2800 2010 2964 2070 sicut'
2993 2023 3154 2072 antea
3197 2015 3330 2081 dixi,
3357 2023 3413 2070 et
3461 2026 3585 2086 post

312 2111 372 2147 τε
408 2096 442 2166 ἡ
465 2098 623 2168 φήμη
653 2097 720 2151 δι’
747 2099 875 2172 ὅλης
897 2102 997 2173 τῆς
1021 2101 1248 2169 πόλεως,
1277 2103 1353 2168 ὡς
1375 2103 1430 2158 δὲ
1462 2107 1657 2171 εἰπεῖν,
1683 2108 1776 2162 καὶ
1798 2108 1900 2180 τῆς

2001 2106 2289 2161 macellum
2315 2106 2465 2177 quod
2496 2114 2580 2163 est
2611 2106 2664 2160 in
2692 2106 2930 2177 porticu,
2955 2107 3254 2163 etiamnum
3277 2115 3583 2164 monstran-

313 2189 610 2260 συμπάσης
643 2193 999 2264 οἰκουμένης.
1047 2195 1107 2248 '0
1147 2195 1202 2248 δέ
1238 2195 1492 2265 βασιλεὺς
1517 2197 1597 2268 τῷ
1638 2200 1899 2271 Χριστια-

2001 2203 2126 2250 tur:
2175 2204 2232 2253 et
2263 2196 2479 2252 cunctis
2511 2197 2976 2267 praetereuntibus
3001 2197 3233 2269 digitum
3262 2197 3332 2254 ad
3373 2213 3468 2254 eas
3502 2198 3581 2253 in-

309 2281 487 2352 νισμῷ
504 2282 703 2352 μᾶλλον
719 2286 1087 2354 προσετίθετο,
1103 2287 1197 2340 καὶ
1219 2288 1432 2358 άληθῶς
1453 2293 1514 2344 ἐκ
1529 2289 1663 2345 Θεοῦ
1687 2308 1752 2362 με
1761 2308 1900 2363 μαρ-

1999 2283 2378 2350 tendentibus,
2413 2300 2587 2356 genus
2625 2283 2730 2355 75
2777 2285 2973 2340 mortis
3007 2284 3122 2340 Arii
3155 2294 3422 2356 perpetuo
3465 2301 3581 2341 me-

310 2374 579 2444 τυρῆσθαι
605 2375 704 2447 τὴν
741 2377 802 2430 ἐν
832 2379 1038 2451 Νικαῖα
1089 2380 1274 2434 πίστιν
1307 2381 1531 2451 ἔφησεν.
1565 2383 1900 2455 Εὑφραίνετό

1999 2376 2267 2432 morabile
2288 2378 2527 2447 posteris
2548 2375 2809 2432 reddunt.
2833 2376 2972 2433 Cum
2995 2377 3110 2432 haec
3132 2378 3207 2432 ita
3226 2377 3579 2444 accidissent,

310 2479 368 2516 τε
388 2466 482 2518 ἐπὶ
503 2467 615 2530 τοῖς
645 2468 916 2537 γεγονόσι,
935 2471 1026 2523 καὶ
1048 2471 1142 2524 ἐπὶ
1161 2472 1340 2544 τρισὶν
1355 2475 1488 2538 υἱοῖς
1505 2472 1598 2538 οὓς
1613 2475 1897 2544 Καίσαρας

1999 2467 2190 2536 ingens
2222 2475 2401 2524 terror
2435 2483 2501 2523 ac
2539 2467 2800 2524 maestitia
2839 2469 3052 2523 animos
3085 2483 3278 2523 eorum
3321 2469 3416 2540 qui
3455 2485 3579 2525 cum

307 2555 707 2625 ἀνηγορεύκει,
755 2558 990 2613 ἕκαστον
1037 2561 1177 2616 κατὰ
1225 2562 1425 2617 δεκάδα
1476 2563 1737 2617 ἐνιαυτῶν
1796 2563 1897 2634 τῆς

1997 2559 2237 2615 Eusebio
2281 2559 2690 2617 Nicomediensi
2731 2568 2924 2625 erant,
2967 2562 3292 2630 occupavit:
3329 2563 3580 2634 famaque

313 2643 599 2713 βασιλείας
627 2648 811 2702 αὑτοῦ.
844 2650 950 2704 Τδν
975 2651 1074 2722 μὲν
1098 2653 1346 2724 πρῶτον,
1376 2652 1664 2724 ὁμώνυμον
1699 2651 1895 2707 ἐαυτοῦ

1997 2652 2162 2724 hujus
2187 2651 2288 2718 rei,
2323 2667 2435 2706 non
2465 2667 2564 2722 per
2595 2659 2764 2706 totam
2811 2653 2974 2708 modo
3018 2654 3330 2719 civitatem,
3355 2653 3450 2708 sed
3482 2669 3582 2724 per

310 2736 756 2807 Κωνσταντῖνον,
796 2742 906 2796 τῶν
950 2744 1222 2815 ἐσπερίων
1268 2745 1451 2816 μερῶν
1494 2746 1682 2817 ἄρχειν
1723 2763 1894 2800 κατα-

1996 2743 2335 2807 universum,
2361 2749 2422 2797 ut
2449 2741 2525 2796 ita
2558 2741 2758 2808 dicam,
2787 2742 2979 2797 orbem
3021 2749 3293 2797 terrarum
3335 2741 3579 2813 dispersa

311 2830 522 2899 στήσας
568 2832 626 2884 ἐν
665 2835 734 2903 τῇ
769 2831 965 2904 πρώτῃ
1009 2834 1196 2890 δεκάδι
1236 2835 1338 2906 τῆς
1383 2835 1660 2906 βασιλείας
1703 2835 1893 2892 αὐτοῦ.

1994 2841 2098 2889 est.
2129 2833 2434 2905 Imperator
2480 2848 2615 2889 vero
2662 2833 2988 2889 Christiana:
3025 2831 3276 2904 religioni
3312 2848 3379 2888 eo
3409 2834 3583 2905 magis

309 2919 429 2974 Τῶν
457 2921 515 2974 δέ
565 2922 704 2994 πρὸς
747 2927 814 2996 τῇ
860 2924 1003 2998 Ἐᾠᾳ
1051 2926 1236 2999 μερῶν
1265 2926 1407 3002 (68),
1439 2926 1529 2980 τὸν
1559 2927 1639 2999 τῷ
1684 2927 1896 3001 πάππῳ

1993 2925 2246 2992 adhaesit,
2272 2940 2398 2981 eum
2430 2924 2662 2980 Nicaeum
2691 2925 2817 2980 ﬁdei
2855 2925 3146 2981 veritatem
3176 2925 3273 2980 Dei
3305 2925 3476 2996 ipsius
3496 2933 3580 2994 te-

306 3012 596 3085 ἐπὼνυμον
651 3017 1034 3072 Κωνστάντιον
1080 3019 1139 3073 ἐν
1187 3020 1256 3090 τῇ
1309 3018 1704 3091 εἰκοσαετηρίδι
1758 3036 1893 3074 κατ-

1995 3017 2254 3075 stimonio
2284 3016 2664 3074 conﬁrmatam
2680 3033 2800 3073 esse
2826 3017 3177 3089 intelligeret.
3198 3017 3580 3073 Delectabatur

306 3073 506 3178 ἔστησε
548 3107 832 3180 Καίσαρα.
878 3109 980 3164 Τὸν
1007 3110 1066 3164 δὲ
1110 3073 1378 3182 νεώτερον
1422 3073 1790 3176 Κώνσταντα,
1834 3073 1894 3166 ἐν

1999 3111 2182 3182 itaque
2208 3126 2320 3167 non
2347 3110 2722 3176 mediocriter,
2745 3117 2863 3165 tum
2889 3109 2962 3165 ob
2983 3125 3175 3166 earum
3202 3125 3389 3164 rerum
3411 3125 3579 3166 even-

304 3200 372 3268 τῇ
400 3201 908 3272 τριακονταετηρίδι
955 3202 1054 3274 τῆς
1081 3202 1278 3258 ἐαυτοῦ
1314 3201 1589 3273 βασιλείας
1617 3203 1891 3276 ἐχειροτό-

1999 3211 2138 3268 tum,
2168 3211 2285 3258 tum
2309 3203 2382 3258 ob
2416 3211 2528 3258 tres
2547 3201 2710 3267 ﬁlios,
2726 3217 2864 3273 quos
2883 3201 3128 3259 Caesares
3149 3210 3579 3274 nuncupaverat,

305 3304 488 3356 νησενο
1996 3295 2242 3368 singulos
2278 3294 2507 3366 singulis
2553 3294 2772 3364 imperii
2811 3295 2897 3349 sui
2929 3293 3323 3350 decennalibus
3363 3309 3584 3364 promo-

302 3394 455 3435 vens.
485 3381 556 3437 Et
590 3383 887 3438 maximum
919 3384 1141 3454 quidem
1168 3394 1299 3442 natu
1320 3427 1334 3453 ,
1359 3388 1740 3459 cognominem
1762 3387 1867 3443 sibi
1888 3387 2330 3453 Constantinum,
2355 3385 2778 3443 occidentalium
2793 3385 3033 3456 partium
3057 3385 3289 3455 imperio
3315 3383 3582 3454 praefecit,

304 3474 482 3543 primo
516 3477 862 3548 principatus
887 3478 971 3532 sui
1010 3477 1300 3534 decennio.
1333 3479 1582 3535 Alterum
1617 3495 1750 3536 vero
1774 3479 2180 3548 Constantium,
2212 3481 2298 3537 avi
2326 3480 2414 3536 sui
2438 3477 2659 3536 nomine
2695 3477 3048 3552 appellatum,
3070 3476 3313 3533 Orientis
3333 3476 3584 3548 partibus

304 3570 626 3642 praepcsuit,
644 3587 789 3628 anno
805 3573 1022 3644 imperii
1047 3574 1132 3630 sui
1160 3575 1441 3631 vicesimo.
1467 3575 1611 3632 Natu
1649 3577 1936 3634 minimum
1955 3576 2333 3644 Constantem,
2361 3574 2756 3631 tricennalibus
2789 3573 2906 3628 suis
2928 3570 3200 3628 Casarem
3223 3571 3577 3629 renuntiavit.

893 3681 1149 3736 ΚΕΦΑΛ.
1191 3684 1316 3742 ΛΘθ.

2563 3685 2716 3742 CAP.
2775 3684 3019 3740 XXXIX.

315 3772 407 3840 Ὠς
437 3775 472 3828 ὁ
501 3773 810 3841 ,ϐασιλεὺς
846 3774 1562 3850 ἀρῤωᾳτίᾳ-περιπεσὼν,
1593 3779 1751 3834 τέλει
1786 3778 1893 3834 τοῦ

1992 3778 2262 3848 Quomodo
2307 3779 2436 3850 imp.
2476 3777 2531 3833 in
2571 3777 2808 3850 morbum
2847 3776 3096 3849 delapsus
3121 3817 3136 3845 ,
3178 3775 3340 3846 ﬁnem
3376 3777 3579 3833 vivendi

843 3847 992 3911 βίου
1021 3846 1350 3915 ἐχρήσατο.
2016 3846 2024 3848 ”
2383 3846 2393 3850 ⁷

1265 3865 1350 3904 το.
2016 3846 2024 3848 ”
2383 3846 2393 3850 ⁷
2720 3848 2863 3918 fecit.

387 3935 670 3989 Ἐνιαυτοῦ
718 3935 775 3990 δέ
827 3935 1140 4007 μεταταῖηα
1198 3937 1652 4009 παραδραμόντος
1699 3936 1896 4005 ἐπιϐάς

2057 3941 2216 3998 Anno
2261 3949 2388 4014 post
2425 3942 2728 4013 imperator
2782 3939 3176 3996 Constantinus
3217 3938 3472 4012 quintum
3517 3945 3575 3994 et

303 4028 735 4099 ἐξηκονταπέντε
783 4029 1046 4084 ἐνιαυτῶν
1085 4029 1114 4082 δ
1162 4028 1414 4100 βασιλεὺς
1450 4032 1888 4096 Κωνσταντῖνος,

1995 4033 2391 4104 sexagesimum
2431 4033 2609 4089 anatis
2639 4032 2920 4103 ingressus
2961 4046 3186 4095 annum,
3231 4031 3286 4084 in
3326 4030 3573 4086 morbum

302 4121 588 4194 ἀρρωστίᾳ
647 4121 1010 4192 περιπίπτει⁹
1055 4124 1149 4178 καὶ
1202 4125 1269 4177 ἐκ
1331 4123 1433 4194 τῆς
1475 4123 1888 4178 Κωνσταντίνου

1994 4125 2208 4180 incidit.
2251 4125 2464 4180 Relicta
2484 4140 2616 4196 ergo
2643 4121 3141 4192 Constantinopoli,
3176 4119 3392 4192 navigio
3422 4120 3574 4176 dela-

303 4213 516 4276 πὸλεως
553 4212 749 4267 ἐκπλεῖ
793 4214 890 4268 ἐπὶ
933 4215 1034 4286 τὴν
1077 4215 1448 4270 Ἑλενούπολιν
1467 4255 1482 4280 ,
1529 4214 1606 4280 ὡς
1639 4216 1892 4284 φυσικοῖς

1997 4225 2086 4273 tus
2126 4225 2213 4273 est
2260 4215 2662 4286 Helenopolim,
2711 4226 2772 4272 ut
2823 4217 2982 4287 aquis
3026 4213 3220 4270 calidis
3263 4228 3385 4282 quae
3423 4213 3577 4283 juxta

303 4304 529 4376 θερμοῖς
551 4306 894 4379 χρησόμενος
913 4311 1025 4373 τοῖς
1052 4311 1169 4363 ἐκεῖ
1198 4308 1614 4378 γειτνιάζουσιν.
1652 4305 1806 4361 Ἐπεὶ
1832 4307 1890 4362 δὲ

1995 4308 2190 4362 urbem
2223 4307 2373 4361 illam
2397 4306 2518 4361 siue
2541 4314 2692 4371 sunt,
2725 4313 2996 4360 uteretur.
3027 4303 3134 4359 Sed
3167 4317 3292 4357 cum
3322 4301 3575 4357 morbum

304 4397 665 4469 σφοδροτέρου
711 4396 806 4451 τοῦ
841 4399 1144 4470 νοσήματος
1177 4399 1403 4472 ᾔσθετο,
1433 4397 1504 4452 τά
1549 4399 1647 4470 μὲν
1687 4397 1888 4470 λουτρά

1991 4399 2372 4470 ingravescere
2417 4395 2714 4461 sensisset,
2751 4395 3032 4450 lavacrum
3057 4392 3298 4464 "quidem
3335 4392 3573 4447 distulit.

301 4488 630 4558 ύππρέθετοο
692 4488 922 4562 ἀπαίρει
975 4491 1032 4544 δέ
1069 4493 1134 4546 ἐκ
1177 4492 1275 4563 τῆς
1333 4489 1758 4554 Ἐλενουπόλεως
1803 4488 1882 4552 εἰς

1997 4489 2316 4560 Helenopoli
2345 4495 2529 4544 autem
2558 4487 2882 4554 abscedens,
2902 4485 3274 4544 Nicomediam
3300 4484 3578 4556 profectus

301 4551 848 4654 ﬁv-Ntmpﬁktav"
881 4585 1043 4638 κάκεῖ
1072 4585 1131 4636 ἐν
1174 4551 1488 4656 προαστείῳ
1519 4551 1754 4650 διάγων,
1786 4551 1883 4634 τού

1993 4590 2098 4638 est.
2114 4551 2230 4637 Illic
2251 4581 2308 4637 in
2327 4580 2648 4637 suburbano
2669 4551 2894 4652 degens,
2913 4579 3288 4636 Christianum
3300 4551 3577 4649 baptisma

303 4673 693 4746 Χριστιανικοῢ
729 4675 1138 4748 μεταλαμϐάνει
1189 4675 1586 4748 βαπτίσματος.
1635 4670 1887 4744 Εύθυμος

1991 4673 2252 4745 suscepit.
2282 4673 2403 4742 Quo
2426 4673 2785 4730 vehementer
2806 4671 3164 4738 exhilaratus,
3191 4676 3579 4727 testamentum

1473 4827 1744 4886 VALESII
1779 4825 2330 4886 ANNOTATIONES.

370 4945 484 5017 (Βδ)
522 4947 844 5017 Ἔρόμενός
879 4962 962 5000 τεο
990 4944 1136 5017 L980
1158 4943 1418 5017 ἐρόμενος
1447 4943 1526 4998 δέ·
1599 5014 1623 5017 _
1775 5012 1811 5017 -_

1992 4954 2124 4999 mat.
2150 4943 2210 4999 ln
2239 4944 2430 5000 codice
2456 4959 2679 5016 quoque
2707 4943 2988 5000 Sfortiano
3001 4959 3106 5017 pro
3128 4943 3408 5014 ἐκπίπτει,
3431 4944 3574 5002 scri-

369 5012 484 5086 (67)
519 5012 740 5086 Ἐ’ἓδρα
760 5012 893 5071 τότε
915 5012 1569 5087 παραῦτίσξαέκπίπτει.
1599 5014 1667 5087 In
1688 5012 1884 5087 codice

1487 5031 1569 5087 rei.
1599 5014 1667 5087 In
1688 5012 1884 5087 codice
1992 5012 2681 5087 ptumestgrrapexirtnéet.
2732 5081 2758 5087 _
2816 5083 2864 5087 η
3002 5012 3022 5017 ’
3069 5029 3085 5087 j

301 5081 742 5168 beonisﬁllatii,
779 5088 895 5144 sive
910 5088 978 5168 _in
991 5081 1248 5168 ‘llistoria
1284 5085 1584 5168 Tripartita
1604 5084 1886 5168 Theodori

1992 5081 2011 5085 ’
2061 5084 2177 5168 (68)
2235 5081 2758 5168 Ἐὸν.ξδέ,πρδς.ῖίῖ
2801 5083 3164 5168 ξιὲξαμερῶἵο
3206 5083 3573 5168 Scribe“?!

304 5155 578 5221 Lectoris,
604 5159 697 5214 hic
727 5160 886 5214 locus
910 5159 984 5212 ita
1009 5159 1244 5228 legitur:
1270 5154 1523 5228 Axal'dpo
1544 5157 1656 5228 to};
1684 5155 1886 5228 διαχω-

1993 5164 2079 5210 est
2104 5154 2213 5228 τῶν
2241 5155 2320 5220 δέ,
2351 5155 2498 5228 licet;
2525 5155 2786 5228 omnibus
2822 5156 2982 5228 libris
3021 5156 3472 5228 reclamantibus.
3502 5154 3573 5209 Et

302 5229 512 5308 ρήμαρι
543 5231 920 5308 παρεκπίπτει
963 5231 996 5300 ή
1028 5224 1179 5300 ἕδρα,
1223 5226 1377 5308 τόπε
1407 5224 1512 5308 ὑπο
1547 5224 1656 5306 τιῖίν
1685 5224 1886 5308 lix-'1.va

1996 5225 2338 5308 paulohpost'
2373 5226 2729 5308 scribendum
2774 5235 2862 5308 est
2898 5225 2978 5308 τῷ
3007 5227 3220 5308 πάππῳ
3262 5226 3570 5308 ὁμώνυμον.

305 5293 640 5370 καλούμενον
691 5293 1020 5370 ἀπέφθισμᾶ
1059 5293 1385 5370 ,παραυτίκα
1427 5295 1672 5370 διὰ-,τῆς
1728 5293 1888 5370 ἔδρας

1991 5293 2059 5350 ex
2085 5293 2276 5370 codice
2317 5296 2516 5370 Leonis
2547 5295 2759 5370 Allatii._
2803 5293 2960 5370 Ferri
3011 5293 3201 5370 tamen
3227 5293 3424 5370 potest_
3448 5293 3570 5348 vul-

301 5363 622 5441 ἐξέπιτὶ-τεν,
651 5363 881 5441 αἵματός
919 5363 978 5422 τε
1014 5363 1220 5441 πλῆθος
1262 5363 1640 5441 ἐπηκολούθει,
1673 5363 1889 5441 οιαὶ-’τά

1990 5375 2114 5441 gata
2141 5366 2305 5441 lectio
2327 5384 2338 5418 :
2367 5366 2651 5436 ἐπώνυμος
2673 5367 2821 5441 enim
2837 5365 3034 5441 Crtece
3057 5363 3257 5441 dicitur
3279 5379 3389 5420 non
3410 5363 3457 5441 is
3475 5377 3568 5441 so_-

301 5430 468 5511 λεπτά
504 5430 620 5492 τῶν
639 5430 876 5511 ἐντέρων
919 5430 1240 5511 συνέτρεχεν
1269 5430 1564 5511 αύτῷ
1597 5435 1794 5511 σπληνί
1813 5451 1887 5511 ’τε

1991 5430 2104 5511 lum
2136 5438 2232 5506 qui
2259 5430 2650 5511 nomcn_snum
2683 5436 2780 5492 dat
2804 5438 2984 5511 alteri,
3019 5436 3114 5511 sed
3150 5438 3314 5511 etiam
3358 5432 3452 5502 qui
3473 5430 3570 5511 _ab

299 5511 386 5582 καὶ
409 5510 609 5580 ἥπατι.
641 5497 862 5582 Optime
892 5526 1015 5564 meo
1047 5497 1265 5582 quidem
1305 5497 1543 5582 iudicio.
1583 5497 1762 5582 Atque
1785 5503 1885 5582 _ita
1989 5497 2171 5582 altero
2199 5507 2418 5582 accipit.
2459 5506 2553 5582 Sic
2595 5497 3130 5582 Constantinopolim
3180 5497 3434 5560 Socrates
3471 5497 3570 5554 ἐτι-

296 5575 584 5652 Socratem
611 5575 903 5652 scripsisse
935 5596 1035 5650 pro
1056 5575 1214 5652 certe
1240 5575 1435 5632 habeo.
1457 5575 1621 5630 Certe
1639 5575 1884 5652 Epipha-

1457 5575 1621 5630 Certe
1639 5575 1884 5652 Epiplta-
1990 5576 2202 5648 ώνυμον
2239 5575 2647 5631 Κώνσταντῖνου
2675 5594 2872 5634 vocare
2896 5575 3049 5633 solet.

293 5650 412 5708 nius
450 5646 838 5708 Scholasti'cns
879 5646 1020 5706 lia—nc
1055 5649 1347 5706 lectionem
1394 5659 1462 5703 ex
1504 5653 1658 5715 porte
1685 5646 1886 5706 conﬁr-
