4078 6210
484 326 587 385 179

1919 304 2267 385 εοειιλτις

3630 313 3733 372 180

478 440 690 507 condit,
714 440 772 496 in
792 456 904 513 quo
934 448 1047 500 tres
1077 444 1299 514 quidem
1332 445 1537 503 liberos
1568 447 1784 519 imperii
1813 447 2055 504 baeredcs

2161 446 2220 503 δὲ
2253 447 2346 501 ἐπὶ
2374 445 2547 516 τούτῳ
2594 442 2903 515 γενόμενος,
2942 441 3205 513 διαθήκας
3249 440 3515 507 ποιεῖται,
3544 438 3608 494 ὲν
3646 433 3735 504 αῖς

481 532 742 598 instituit,
764 547 918 588 suam
952 536 1152 605 cuique
1182 546 1602 611 partem,prout
1638 540 1797 595 vivus
1826 539 2053 604 fecerat,

478 621 781 694 assignans.
820 622 1006 680 Romae
1033 640 1168 681 vero
1211 634 1269 682 et
1311 628 1436 682 urbi
1478 643 1641 698 quam
1686 643 1787 684 suo
1833 629 2055 683 nomine

478 714 1008 786 Constantinopolim
1030 725 1393 788 nuncuparat,
1414 718 1587 773 multa
1605 719 1921 788 relinquens
1937 720 2053 789 pri-

479 799 698 873 vilegia,
748 809 1136 859 testamentum
1187 804 1537 861 commendat
1579 806 1903 878 presbytero
1951 804 2052 872 illi,

478 892 636 962 cujus
658 898 817 948 antea
850 893 1081 950 fecimus
1102 895 1458 959 mentionem,
1488 909 1589 965 per
1608 910 1771 965 quem
1793 895 1958 949 Arius
1982 895 2052 949 ab

476 983 672 1038 exsilio
708 983 889 1039 fuerat
932 996 1256 1053 revocatus;
1299 988 1630 1058 mandatque
1676 1002 1746 1041 ne
1778 986 2049 1055 cuiquam

476 1072 636 1128 alteri
652 1089 816 1144 quam
843 1073 957 1130 lilio
980 1090 1081 1130 suo
1104 1075 1446 1142 Constantio,
1482 1091 1647 1147 quem
1671 1076 1881 1132 Orienti
1907 1090 2052 1146 pra:-

476 1162 703 1227 l‘ecerat,
733 1163 869 1219 illud
911 1164 968 1219 in
992 1180 1190 1221 manus
1224 1166 1485 1221 traderet.
1520 1165 1603 1221 Ad
1635 1166 1784 1222 hunc
1826 1165 2051 1220 modum

476 1255 699 1311 condito
726 1263 1072 1324 testamento,
1096 1274 1221 1315 eum
1254 1259 1464 1329 aliquot
1490 1259 1611 1315 dies
1638 1258 2049 1329 supervixisset,

2162 538 2288 600 τοὺς
2333 536 2433 606 μὲν
2488 535 2638 605 τρεῖς
2691 531 2840 595 υἱοὺς
2887 529 3256 602 κληρονόμους
3309 528 3411 600 τῆς
3462 528 3737 601 βασιλείας

2162 626 2458 687 ἐνίσταται,
2478 624 2619 678 καθὰ
2649 623 2743 676 καὶ
2763 621 2871 686 ζῶν
2887 623 3069 685 αὐτοῖς
3082 622 3209 684 τοὺς
3225 621 3463 692 κλήρους
3476 620 3734 693 διένειμε.

2161 715 2343 770 Πολλὰ
2385 715 2444 769 δὲ
2493 716 2561 787 τῇ
2598 711 2885 784 Ῥωμαίων
2914 711 3067 767 πόλει
3110 713 3203 767 καὶ
3251 714 3319 784 τῇ
3372 710 3566 765 ἑαυτοῦ
3595 714 3738 767 ἐπω-

2160 807 2314 880 νύμῳ
2341 806 2457 879 (69)
2475 806 2737 878 πρεσϐεῖα
2759 804 3075 861 καταλιπὼν
3091 846 3106 871 ,
3139 803 3241 869 τὰς
3259 804 3523 876 διαθήκας
3542 804 3738 877 ἐκείνῳ
3764 877 3784 886 Α

2166 897 2526 971 παρατίθεται
2560 897 2640 968 τῷ
2676 897 3032 969 πρεσϐυτέρῳ
3058 896 3193 968 (70),
3224 895 3292 950 δι’
3318 896 3488 968 ὅνπερ
3518 884 3771 966 Ἀρειος’

2167 989 2561 1062 ἁνακέκληται,
2594 986 2657 1044 οὗ
2696 990 2789 1044 καὶ
2815 989 3012 1061 μικρὸν
3052 988 3359 1060 ἔμπροσθεν
3389 985 3737 1059 πεποιήμεθα

2166 1079 2413 1151 μνήμηνο
2466 1077 2837 1150 ἐντειλάμενος
2891 1077 3078 1149 μηδενὶ
3103 1078 3304 1148 ἑτέρῳ,
3355 1076 3390 1147 ἢ
3407 1076 3490 1148 τῷ
3529 1074 3631 1146 υἱῷ
3655 1075 3735 1147 τῷ

2156 1170 2257 1241 τῆς
2294 1169 2582 1242 Ἀνατολῆς
2619 1170 2838 1242 ἄρχοντι
2865 1169 3259 1240 Κωνσταντίῳ,
3300 1170 3381 1232 εις
3404 1167 3506 1232 τὰς
3542 1170 3734 1239 χεῖρας

2160 1264 2361 1337 βαλεῖν.
2375 1264 2532 1320 Μετὰ
2546 1264 2603 1318 δὲ
2618 1264 2680 1317 τὸ
2694 1262 2880 1317 θέσθαι
2901 1263 3001 1327 τὰς
3013 1261 3277 1333 διαθήκας
3291 1302 3305 1324 .
3319 1260 3505 1330 ὀλίγας
3520 1261 3734 1332 ἡμέρας

475 1361 543 1401 ex
563 1346 668 1403 hac
709 1349 833 1403 luce
878 1350 1148 1420 migravit.
1174 1351 1346 1406 Porro
1383 1351 1549 1406 morti
1605 1355 1726 1422 ejus
1767 1350 1953 1406 nullus
1989 1366 2055 1406 ex

2158 1354 2424 1418 ὲπισιοὺς,
2446 1353 2539 1407 τὸν
2567 1352 2681 1424 βίον
2704 1352 2935 1408 ἀπέλιπε
2968 1352 3016 1407 ⁸.
3045 1351 3166 1406 Τῶν
3193 1350 3376 1422 μέντοι
3403 1350 3536 1404 υἱῶν
3563 1350 3732 1404 αὐτοῦ

476 1436 602 1493 (iliis
625 1437 889 1493 interfuit.
918 1439 1154 1496 Mittitur
1176 1441 1361 1511 itaque
1392 1442 1648 1513 protinus
1671 1441 1726 1495 in
1750 1439 2055 1507 Orientem,

475 1528 568 1599 qui
595 1528 919 1586 Constantio
956 1532 1129 1601 patris
1153 1532 1368 1587 obitum
1404 1534 1703 1588 nuntiaret.

1043 1642 1153 1713 76
1176 1640 1329 1698 CAP.
1374 1642 1489 1698 XL.

705 1731 785 1786 De
807 1733 1081 1805 sepultura
1102 1734 1437 1805 imperatoris
1459 1732 1808 1790 Constantini.

544 1823 758 1894 Corpus
777 1840 909 1880 vero
931 1824 1280 1895 imperatoris
1300 1866 1315 1891 ,
1337 1840 1508 1881 aureo
1539 1825 1822 1881 conditum
1850 1824 2051 1890 loculo,

473 1914 775 1969 necessarii
799 1912 1332 1985 Constantinopolim
1369 1914 1763 1985 deportarunt,
1786 1923 1841 1969 et
1870 1914 1925 1969 in
1958 1929 2055 1969 su-

474 2003 630 2059 blimi
677 2012 937 2075 suggestu
978 2004 1388 2059 collocaverunt
1428 2004 1483 2058 in
1535 2004 1771 2075 palatio;
1818 2004 2055 2058 maximo

475 2095 685 2151 honore
716 2103 775 2149 et
798 2094 1073 2164 frequenti
1106 2093 1367 2149 satellitio
1392 2094 1545 2148 illum
1572 2094 1728 2164 quasi
1754 2093 1934 2148 adhuc
1957 2109 2053 2147 su-

474 2187 761 2260 perstitem
791 2187 1168 2252 observantes,
1218 2185 1400 2257 quoad
1448 2201 1624 2256 usque
1657 2200 1724 2240 ex
1758 2184 1888 2240 ﬁliis
1933 2186 2054 2257 ejus

475 2279 746 2351 quispiam
787 2278 1117 2335 advenisset.
1147 2279 1342 2335 Postea
1380 2294 1513 2333 vero
1547 2293 1672 2333 eum
1703 2277 2055 2333 Constantius

474 2388 543 2428 ex
564 2370 804 2428 Orientis
830 2371 1080 2443 partibus
1102 2372 1429 2437 advolasset,
1462 2372 1612 2443 regia
1649 2372 1951 2427 honoratus
1971 2378 2056 2426 est

475 2462 787 2533 sepultura,
830 2461 1221 2533 depositusque
1271 2462 1327 2516 in
1381 2462 1613 2517 ecclesia
1644 2461 2053 2533 Apostolorum,

474 2570 639 2624 quam
663 2553 779 2624 ipse
804 2570 871 2609 eo
902 2553 1133 2609 consilio
1164 2550 1529 2607 aediﬁcaverat
1549 2593 1564 2616 ,
1590 2559 1650 2607 ut
1697 2553 2056 2623 imperatores

473 2655 530 2700 ct
556 2646 842 2717 pontiﬁces
874 2646 944 2700 ab
989 2646 1361 2716 apostolorum
1394 2644 1643 2714 reliquiis
1673 2644 1820 2699 haud
1860 2645 2054 2715 procul

474 2737 748 2795 abessent.
775 2738 923 2819 Vixit
943 2745 1125 2793 autem
1149 2738 1448 2809 imperator
1470 2736 1864 2793 Constantinus
1883 2752 2055 2793 annos

2155 1447 2250 1501 ἐπὶ
2263 1449 2330 1518 τῇ
2347 1445 2570 1517 τελευτῇ
2589 1446 2774 1518 παρῆν
2785 1445 2978 1509 οὐδείς.
2998 1444 3282 1517 Πέμπεται
3297 1440 3390 1499 οὖν
3407 1442 3573 1507 εὐθὺς
3592 1442 3733 1516 πρὸς

2117 1540 2254 1631 ατὴν
2304 1537 2480 1610 Ἑῴαν
2525 1540 2557 1592 ὁ
2594 1537 2962 1608 Κωνσταντίῳ
2995 1536 3252 1608 μηνύσων
3293 1537 3394 1608 τὴν
3446 1536 3725 1608 τελευτήν.

2747 1652 2999 1707 ΚΕΦΑΛ.
3047 1652 3138 1706 Μ’.

2158 1743 2298 1814 Περὶ
2330 1715 2444 1815 τῆς
2486 1743 2732 1813 κηδείας
2770 1742 2879 1799 τοῦ
2912 1742 3221 1810 ,βασιλέως
3247 1742 3729 1798 Κωνσταντίνου.

2224 1835 2269 1888 Τ
2272 1835 2302 1888 δ
2335 1833 2393 1888 δὲ
2424 1833 2584 1906 σῶμα
2610 1831 2703 1887 τοῦ
2739 1831 3005 1903 βασιλέως
3043 1832 3093 1886 οί
3127 1831 3420 1903 ἐπιτήδειοι
3447 1832 3621 1902 χρυσῇ
3649 1832 3733 1883 ὲν-

2156 1921 2373 1993 θέμενοι
2400 1921 2651 1993 λάρνακι,
2686 1920 2779 1974 ἐπὶ
2802 1918 2900 1992 τὴν
2922 1918 3337 1973 Κωνσταντίνου
3378 1917 3530 1971 πόλιν
3563 1915 3736 1970 διεκό-

2158 2028 2352 2083 μισαν⁶
2406 2011 2670 2067 ἀπέθεντό
2716 2028 2776 2065 τε
2813 2011 2871 2065 ὲν
2903 2012 3018 2075 τοῖς
3047 2009 3339 2081 βασιλείοις
3370 2010 3457 2077 ἐφ’
3488 2006 3730 2079 ὑψηλοῦ,

2155 2102 2249 2155 καὶ
2267 2100 2355 2154 διὰ
2384 2101 2549 2172 τιμῆς
2575 2096 2709 2172 ἦγον
2748 2099 2843 2153 καὶ
2880 2097 3208 2170 δορυφορίας
3235 2097 3472 2169 ⁸πολλῆς,
3513 2097 3589 2161 ὼς
3638 2097 3735 2151 καὶ

2155 2190 2358 2257 ζῶντος
2386 2191 2625 2261 ἐγίνετο·
2663 2191 2758 2245 καὶ
2796 2188 2954 2243 τοῦτο
2987 2190 3204 2244 ἐποίουν
3232 2188 3338 2253 ἓως
3358 2206 3443 2253 τις
3463 2188 3570 2244 τῶν
3600 2188 3736 2242 υἱῶν
3779 2204 3788 2213 ”

2154 2280 2320 2336 αὐτοῦ
2349 2282 2751 2353 παραγένηται.
2784 2281 2941 2336 Μετὰ
2965 2280 3023 2334 δὲ
3052 2278 3225 2334 ταῦτα
3250 2281 3316 2335 ἐκ
3348 2279 3457 2336 τῶν
3485 2279 3733 2334 ἀνατολι-

2154 2372 2268 2428 κῶν
2308 2372 2489 2445 μερῷν
2540 2373 2860 2436 ἐπιστάντος
2908 2371 3326 2439 Κωνσταντίου,
3374 2371 3595 2444 κηδείας
3633 2370 3735 2442 τῆς

2157 2464 2447 2535 βασιλικῆς
2495 2463 2746 2536 ἠξιοῦτο,
2793 2462 3080 2527 ἀποτεθεὶς
3125 2463 3184 2516 ὲν
3228 2466 3294 2535 τῇ
3354 2461 3620 2534 ἐκκλησίᾳ
3664 2463 3732 2532 τῇ

2155 2554 2430 2626 ἐπωνύμῳ
2478 2554 2591 2608 τῶν
2641 2555 3011 2623 Ἀποστόλων,
3053 2555 3120 2626 ἦν
3147 2554 3214 2608 δι’
3261 2552 3395 2609 αὐτὸ
3439 2552 3597 2606 τοῦτο
3631 2568 3730 2605 πε-

2157 2647 2400 2719 ποιήκει,
2439 2647 2589 2711 ὅπως
2612 2645 2677 2701 ἂν
2696 2649 2745 2701 οἱ
2776 2646 3017 2718 βασιλεῖς
3042 2663 3103 2701 τε
3138 2647 3233 2700 κα)⁸
3263 2646 3430 2719 ίερείς
3459 2644 3570 2698 τῶν
3599 2645 3734 2698 ἀπο-

2158 2743 2418 2799 στολικῶν
2432 2743 2699 2803 λειψάνων
2721 2743 2795 2815 μὴ
2818 2743 3277 2814 ἀπολιμπάνοιντο
3300 2741 3431 2814 (Ἠ).
3455 2740 3656 2811 Ἐζησε
3676 2737 3733 2792 δὲ

472 2830 718 2902 quinque
757 2837 815 2885 et
843 2829 1160 2901 sexaginta:
1194 2846 1262 2885 ex
1298 2829 1501 2900 quibus
1533 2844 1703 2884 unum
1744 2835 1801 2884 et
1833 2829 2055 2903 triginta

2158 2833 2186 2885 ὁ
2209 2829 2460 2901 βασιλεὺς
2482 2832 2883 2905 Κωνσταντῐνος
2906 2828 3000 2901 ἔτη
3028 2829 3476 2902 ἐξηκονταπέντε.
3513 2826 3734 2881 Ἐϐασί-

475 2921 784 2993 imperavit.
813 2921 1063 2976 Mortuus
1086 2927 1171 2975 est
1202 2920 1479 2976 Feliciano
1510 2928 1567 2975 et
1605 2921 1823 2975 Titiano
1854 2936 2055 2976 consu-

2160 2921 2317 2974 λευσε
2349 2921 2405 2975 δὲ
2433 2920 2527 2992 ἔτη
2556 2922 2850 2993 τριάκοντα
2877 2920 2936 2974 ἓν
2958 2938 2973 2950 ’
3009 2920 3330 2991 ἐτελεύτησε
3358 2919 3416 2974 δὲ
3446 2920 3502 2971 ἐν
3526 2917 3733 2988 ὐπατίᾳ

473 3012 643 3076 libus,
682 3010 771 3066 die
806 3010 1098 3065 undecimo
1142 3010 1413 3066 Kalendas
1454 3011 1601 3066 Junii
1644 3029 1659 3063 :
1706 3011 1800 3080 qui
1830 3011 2055 3081 quidem

474 3100 751 3157 secundus
781 3108 901 3155 erat
944 3114 1122 3155 annus
1156 3098 1491 3172 Olympiadis
1528 3099 1916 3156 ducentesima:
1966 3115 2056 3156 se-

474 3190 826 3263 ptuagesima:
844 3199 1065 3245 octavae.
1081 3189 1349 3245 Caeterum
1372 3190 1463 3247 hic
1485 3190 1626 3247 liber
1641 3191 1875 3262 spatium
1894 3191 2058 3248 unius

475 3292 532 3339 et
552 3280 774 3353 triginta
793 3295 1060 3337 annorum
1086 3278 1492 3351 complectitur.

2158 3013 2469 3068 Φιλικιανοῦ
2487 3012 2582 3067 καὶ
2627 3013 2915 3076 Τατιανοῠ,
2950 3016 3015 3085 τῇ
3047 3012 3277 3083 δευτέρᾳ
3319 3012 3414 3066 καὶ
3439 3008 3609 3064 εἰκάδι
3635 3008 3732 3062 τοῦ

2162 3102 2340 3157 Μαΐου
2368 3099 2535 3172 μηνός
2551 3117 2565 3130 ·
2590 3099 2749 3153 τοῦτο
2778 3100 2834 3153 δὲ
2856 3095 2924 3173 ἦν
2942 3100 3194 3171 δεύτερον
3209 3100 3327 3164 ἔτος
3350 3100 3447 3172 τῆς
3466 3099 3736 3152 διακοσιο-

2166 3192 2296 3264 στῆς
2310 3190 2714 3262 ἑϐδομηκοστῆς
2731 3189 2924 3260 ὀγδόης
2950 3190 3309 3262 Ὀλυμπιάδος
3328 3190 3461 3261 (72).
3483 3186 3735 3258 Περιέχει

2164 3285 2222 3341 δὲ
2254 3287 2288 3356 ἠ
2322 3283 2501 3355 βίϐλος
2531 3284 2723 3356 χρόνον
2753 3282 2891 3336 ἑτῶν
2933 3282 3053 3348 eve;
3093 3283 3231 3356 πρὸς
3271 3285 3382 3347 τοῖς
3415 3281 3732 3354 τριάκοντα.

1635 3395 1904 3457 VALESII
1945 3400 2498 3458 ANNOTATIONES.

551 3516 994 3593 (69)}10411464}
1030 3520 1129 3593 nat
1166 3517 1241 3588 τῇ
1264 3516 1582 3593 ,Ῥωμαίων
1630 3522 1805 3593 πόλει
1833 3520 1941 3593 καί
1983 3518 2058 3590 τῇ

477 3589 702 3662 ἑαυτοῦ
723 3590 1031 3662 ἐπωνύμῳ.
1065 3590 1349 3662 Posterius
1380 3589 1495 3662 καί,
1522 3591 1671 3662 quod
1703 3591 1761 3662 in
1807 3590 2056 3662 editione

478 3660 715 3730 Roberti
752 3658 1017 3730 Stephani
1050 3659 1260 3726 deerat,
1292 3675 1397 3721 nec
1435 3661 1492 3716 in
1540 3658 1746 3717 nostris
1773 3661 2056 3716 codicibus

478 3729 799 3803 Florentino
830 3729 888 3784 et
933 3729 1206 3803 Sfortiano
1244 3730 1464 3803 legitur,
1519 3732 1730 3803 primus
1762 3730 2057 3803 supplevit

479 3798 1057 3868 ChristOpborsonus:
1098 3798 1333 3856 habetur
1362 3798 1626 3856 tamenin
1677 3798 2053 3855 codice—Leo-

480 3870 569 3925 nis
588 3867 795 3938 Allatii.
826 3867 934 3923 Sed
961 3868 1118 3938 prius
1140 3870 1234 3924 καὶ
1260 3871 1319 3926 in
1361 3870 1556 3925 eodem
1580 3871 1944 3926 desideratur.
1978 3870 2055 3924 De

480 3937 759 4009 congiario
800 3938 945 4009 quod
965 3937 1376 4009 Constantinus
1424 3940 1628 3995 seniori
1666 3942 1851 3994 Roma:
1891 3947 2057 3993 testa-

480 4008 665 4064 mento
689 4023 789 4064 suo
817 4008 1063 4074 reliquit,
1088 4010 1245 4065 testis
1268 4020 1353 4066 est
1376 4010 1647 4065 Eusebius
1684 4016 1871 4063 noster
1895 4008 1950 4062 in
1979 4008 2051 4062 li-

479 4079 584 4134 bro
607 4086 803 4150 quarto
841 4077 910 4150 de
933 4077 1057 4134 Vita
1081 4078 1449 4149 Constantini,
1480 4095 1599 4150 cap.
1629 4079 1716 4134 65.

551 4094 584 4134 ο
607 4092 803 4203 guarto
841 4092 910 4134 ae
941 4092 1057 4134 Vlla
1081 4092 1449 4149 Constantini,
1480 4095 1599 4150 cap.
1629 4092 1716 4134 tio.

551 4150 606 4223 (7
645 4147 985 4223 )_Ata!)~rixac
1008 4150 1218 4223 ᾆκείιίῳ
1242 4148 1746 4223 παρατίθεζηιβτῷ
1767 4150 2049 4223 *πρε-σῷ)-

478 4217 983 4290 τέρφζῡοειιῐηρείῐ
1010 4219 1126 4274 haec
1152 4217 1406 4275 Socrates
1436 4235 1504 4274 ex
1537 4217 1744 4290 Ruﬁni,
1766 4219 1912 4274 libro
1948 4218 2048 4290 de-_

2158 3520 2350 3576 Nullas
2390 3519 2538 3574 enim
2583 3518 2955 3588 apostolorum
2995 3516 3266 3588 reliquias
3314 3517 3368 3571 in
3395 3531 3461 3571 ea
3502 3516 3735 3572 ecclesia

2158 3590 2481 3645 condiderat
2506 3586 2931 3657 Constantinus.
2948 3586 3141 3657 Malim
3165 3586 3361 3657 itaque
3403 3595 3644 3657 vertere,
3663 3595 3735 3657 _ut

2155 3662 2503 3731 imperatores
2529 3667 2579 3731 et
2606 3659 2868 3731 antistites
2892 3656 3003 3731 illic
3030 3655 3338 3731 sepeliendi,
3363 3656 3434 3731 ab_
3464 3655 3736 3731 apostolo-

2156 3726 2275 3784 ruin
2298 3728 2533 3798 reliquiis
2543 3727 2699 3798 iltaud
2722 3727 2905 3798 procul
2929 3726 3202 3798 abessent;
3225 3730 3317 3780 sed
3338 3726 3518 3780 eodem
3539 3726 3737 3779 honore

2155 3817 2273 3854 cum
2309 3796 2437 3870 ipsis
2462 3796 2821 3922 agicerentur.
2868 3796 3040 3863 Quam
3063 3796 3572 3921 integretationem
3601 3810 3737 3851 con-

2155 3868 2338 3922 ﬁrmat
2354 3869 2497 3922 Euse
2541 3867 2628 3922 ius
2654 3866 2714 3921 in
2744 3867 2841 3921 lib.
2875 3882 2927 3921 tv
2948 3866 3016 3921 de
3039 3867 3163 3921 Vita
3231 3865 3553 3922 onstantini.
3591 3881 3641 3920 e.
3678 3864 3732 3919 4.

2155 3864 2340 3923 ﬁrmat
2354 3864 2628 3923 Eusebius
2654 3866 2714 3921 in
2744 3867 2841 3921 lib.
2875 3882 2927 3921 tv
2948 3866 3016 3921 de
3039 3867 3163 3921 Vita
3185 3864 3553 3929 Constantini,
3591 3881 3641 3920 c.
3678 3864 3732 3919 4.

2230 3939 2343 4008 (72)
2391 3939 2675 4008 Δεύτερον
2702 3936 2837 4002 ἔτος
2874 3936 2987 4008 τῆς
3015 3935 3444 4008 διαποσιοςτῆς
3479 3934 3733 4008 ἑϐδομη-

2156 4004 2385 4076 κοστῆς
2413 4006 2628 4076 ὀγδόης
2668 4005 3076 4075 Ὀλυμπιάδος.
3106 4006 3267 4061 Errat
3295 4004 3736 4076 SocratesANam

2156 4074 2434 4133 Feliciano
2447 4074 2505 4132 et
2525 4077 2743 4131 Titiano
2763 4074 2931 4140 cess,
2950 4076 3044 4145 qui
3067 4076 3175 4130 fuit
3188 4091 3367 4130 annus
3388 4074 3591 4130 Christi
3608 4074 3735 4139 537,

2156 4148 2245 4202 die
2276 4146 2567 4202 undecimo
2585 4146 2855 4201 Kalendas
2872 4144 3082 4211 lunias,
3097 4144 3357 4200 currebat
3372 4160 3548 4199 annus
3565 4160 3736 4213 quar-

2158 4226 2246 4272 tus
2260 4216 2597 4289 Olympiadis
2619 4215 3044 4289 ducentesimte
3070 4215 3485 4289 septuagesima:
3509 4222 3734 4289 octavae.

479 4282 644 4344 cliuo.
671 4282 891 4361 Verum'
910 4290 1027 4361 hme
1049 4290 1293 4361 narratio
1326 4306 1512 4361 parum
1560 4289 1861 4361 probabilis
1913 4288 2051 4342 mihi
2092 4352 2123 4361 ⁸
2160 4282 2665 4361 Ιᾲηυέοοῇιὶεεὶωίε
2683 4286 2991 4340 rationibus
3014 4282 3378 4361 demonstrari
3399 4291 3597 4361 potest.

480 4360 718 4415 videtur.
745 4358 880 4426 Quis
924 4360 1073 4416 enim
1118 4360 1308 4417 credat
1326 4352 1767 4417 ’Constantinum
1812 4360 2055 4430 impera-
2089 4352 2132 4406 Ι)
2160 4352 2382 4430 videtur
2413 4357 2670 4430 Socrates
2692 4371 2827 4430 usus
2862 4370 2986 4430 esse
3010 4356 3212 4430 vitioso
3243 4352 3434 4430 codice
3472 4352 3737 4430 Cbronjci

482 4438 678 4501 torem,
701 4431 944 4501 quitum
992 4431 1138 4490 circa
1174 4448 1233 4486 se
1256 4432 1460 4487 multos
1497 4431 1738 4487 habebat
1767 4431 2059 4501 episcopos

483 4498 563 4572 (id
588 4500 736 4552 enim
770 4500 973 4572 diserte
1019 4508 1250 4555 testatur
1272 4501 1587 4572 Eusebius),
1613 4498 1885 4572 plurimos
1927 4498 2058 4554 item

482 4567 652 4641 duces
673 4568 1009 4641 etcomites,
1025 4585 1194 4641 unum
1223 4571 1452 4641 elegisse
1475 4567 1879 4641 presbyterum,
1904 4586 2061 4641 eum-

481 4652 592 4706 que
617 4636 933 4709 ignobilem,
958 4638 1161 4707 quippe
1202 4636 1361 4709 cujus
1390 4636 1588 4693 nomen
1615 4636 1883 4709 perpetuo
1923 4640 2060 4695 reti-

482 4705 662 4768 cetur,
695 4705 784 4760 cui
821 4705 1208 4762 testamentum
1254 4705 1417 4763 suum
1471 4705 1733 4764 moriens
1748 4710 2061 4764 committe-

482 4776 614 4847 ret?
652 4774 834 4847 Quare
879 4776 1309 4847 Pbilostorgium
1355 4777 1447 4832 hic
1497 4778 1653 4847 sequi
1700 4777 1921 4841 malim,
1965 4779 2059 4846 qui

480 4844 902 4901 Constantinum
942 4844 1255 4901 testamenti
1291 4847 1375 4901 sui
1424 4844 1641 4903 tabulas
1677 4846 1919 4902 Eusebio
1961 4844 2059 4902 Ni-

483 4914 1163 4989 comediensi‘tradidisse
1200 4916 1417 4983 scribit,
1460 4933 1493 4972 a
1539 4933 1649 4988 quo
1692 4917 1857 4989 paulo
1898 4925 2061 4973 antea

482 4984 1014 5071 τυςειξιὶιξριίξθιιιξ·

557 5053 670 5125 (71)
699 5053 795 5125 Ilii;
826 5056 1363 5124 ἀπολιμπάνων-το.
1401 5056 1680 5113 Musculus
1718 5066 1775 5113 et
1812 5055 2062 5113 Christo-

486 5118 796 5197 phorsonﬁs
819 5125 969 5181 hunc
998 5118 1180 5197 locum
1215 5127 1289 5182 ita
1322 5135 1629 5194 verterunt,
1671 5143 1735 5180 ne
1773 5127 2062 5197 imperato-

487 5209 569 5268 res
591 5201 642 5247 et
674 5196 934 5268 antistites
973 5195 1215 5268 reliquiis
1236 5197 1597 5268 apostolorum
1629 5195 2056 5252 destituerentur.

487 5264 689 5319 Verum
710 5264 855 5321 bane
876 5263 1385 5336 interpretationem
1408 5268 1641 5338 probare
1670 5283 1783 5323 non
1808 5282 2057 5337 possum.

2165 4428 2485 4491 Eusebiani,
2519 4426 2575 4481 in
2601 4442 2712 4497 quo
2743 4425 3080 4497 Olympiadis
3109 4440 3285 4497 annus
3310 4425 3452 4497 male
3483 4431 3602 4478 erat
3636 4422 3740 4497 de-

2165 4500 2427 4570 signatus.
2453 4493 2686 4570 Videtur
2713 4493 2978 4570 tamenin
3005 4496 3112 4570 hoc
3150 4494 3394 4570 Socratis
3427 4495 3548 4548 loco
3595 4493 3739 4570 scri-

2165 4562 2407 4644 béndutn
2433 4567 2640 4644 οδες-τὸ
2666 4567 2850 4644 τρίτον
2878 4567 3015 4644 ἔτοςζ
3038 4565 3129 4619 Ait
3146 4564 3293 4619 enim
3319 4564 3575 4644 Socrates
3606 4562 3741 4644 Apri-

2165 4655 2316 4693 mum
2354 4639 2505 4693 hunc
2534 4633 2787 4692 Historia:
2810 4650 2922 4690 sua:
2959 4636 3164 4689 librum
3186 4633 3474 4703 complecti
3498 4633 3742 4703 spatium

2165 4722 2434 4763 annorum
2467 4706 2631 4760 unius
2654 4720 2717 4759 ac
2747 4705 2990 4775 triginta.
3017 4704 3243 4775 Orditur
3279 4701 3426 4758 enim
3462 4701 3544 4757 ab
3571 4701 3743 4775 initio

2164 4776 2531 4838 Constantini,
2576 4790 2738 4844 quem
2773 4771 3032 4846 regnasse
3075 4774 3267 4846 scribit
3293 4788 3468 4828 annos
3518 4771 3744 4846 triginta

2164 4855 2227 4925 et
2261 4842 2610 4925 unu_m_._Ejr_1§
2620 4853 2814 4925 autem
2833 4842 3370 4925 initiumconsignat
3390 4858 3535 4924 anno
3560 4842 3745 4925 primo

2166 4915 2502 4988 Olympiadis
2518 4912 3375 4988 ducentesima:septuagesima:
3422 4912 3638 4982 primae,
3681 4920 3746 4966 ut

2167 4982 2343 5057 supra
2358 4986 2621 5057 vidimus.
2634 4983 2816 5057 Atqui
2849 4985 2921 5040 ab
2937 4982 3044 5057 hoc
3064 4982 3210 5039 anno
3230 4982 3300 5038 ad
3316 4996 3520 5057 annum
3543 4995 3747 5037 secun-

2167 5051 2297 5112 dum
2343 5054 2681 5128 Olympiadis
2736 5051 3129 5128 ducentesima:
3183 5051 3599 5128 septuagesima:
3647 5064 3747 5105 oc-

2132 5159 2139 5165 -
2169 5133 2326 5191 tavte,
2354 5121 2481 5180 anni
2502 5121 2643 5180 'sunt
2684 5132 2893 5180 tantum
2928 5124 3176 5193 triginta,
3200 5121 3364 5193 idque
3386 5121 3604 5193 duobus
3636 5129 3749 5175 ter-

2170 5197 2337 5251 minis
2372 5195 2618 5251 inelusis.
2654 5195 2894 5251 Proinde
2925 5195 2983 5250 in
3012 5192 3123 5249 hoc
3154 5192 3396 5249 Socratis
3428 5192 3551 5248 loco
3587 5204 3746 5254 men-

2168 5264 2303 5322 dum
2328 5265 2402 5321 sit
2434 5280 2658 5321 necesse
2684 5274 2786 5321 est.

1936 5419 2312 5478 VARIORUM.
2383 5395 2388 5400 ’

558 5536 585 5577 ἀ
621 5535 732 5607 Τὸν
749 5535 894 5601 βίον
915 5537 1195 5607 ἀπέλιπε.
1215 5536 1370 5596 Anno
1391 5536 1599 5607 imperii
1632 5553 1797 5602 xxx",
1830 5553 1948 5591 cum
1982 5542 2062 5588 to-

490 5615 603 5660 tum
627 5606 802 5678 urbem
829 5606 1076 5678 tredecim
1105 5608 1373 5678 tenuisset,
1399 5606 1677 5678 sexaginta
1704 5615 1882 5678 natus,
1903 5615 2062 5677 atque

491 5674 721 5745 amplius
750 5676 872 5741 duo,
896 5678 954 5731 in
999 5676 1189 5734 Persas
1229 5677 1468 5739 tendens,
1507 5674 1545 5729 ᾱ
1565 5678 1727 5746 ᾼᾳαεὶε
1758 5676 1953 5739 bellum
1975 5674 2059 5731 ’ἰτ-

494 5744 743 5817 rumpere
769 5758 1063 5823 acceperat,
1091 5765 1214 5804 rure
1249 5747 1487 5822 proximo
1528 5744 1847 5802 Nicomedia:
1896 5747 2064 5818 Achy-

2164 5553 2353 5592 ranam
2392 5546 2598 5603 uocant,
2633 5539 2886 5602 excessit;
2913 5554 3034 5593 cum
3065 5538 3121 5594 id
3147 5545 3343 5591 tetrum
3369 5538 3515 5592 sidus
3542 5537 3743 5607 regnis,

2160 5607 2594 5691 quodicrinitnm
2629 5609 3249 5691 vocantnportenfliss‘et.
3291 5607 3472 5691 Funus
3503 5605 3749 5691 relatum

2160 5676 2216 5732 in
2244 5678 2425 5732 urbem
2446 5680 2530 5734 sui
2562 5678 2810 5734 nominis.
2843 5676 3032 5735 Victor
3052 5678 3120 5734 de
3149 5677 3477 5734 Caesaribus.
3503 5676 3752 5733 Decessit

2164 5757 2349 5804 autem
2378 5746 2439 5804 A.
2472 5748 2533 5806 C.
2571 5748 2695 5816 537,
2736 5748 2827 5806 die
2859 5749 3235 5817 Pentecostes,
3279 5764 3333 5804 xi
3371 5748 3490 5805 Kal.
3534 5745 3746 5804 Iunias.
