4078 6210
1835 163 1865 180 Ὦ

290 291 396 354 188

1289 293 1615 354 HISTORIA
1652 294 2213 357 ECCLESIASTICA.
2251 329 2322 345 -—
2359 300 2492 357 LIB.
2534 301 2597 357 ll.

3466 303 3571 360 £86

286 408 480 480 λευτὴν
529 404 628 462 τοῦ
688 405 958 478 βασιλέως
1027 406 1440 463 Κωνσταντίνου
1498 411 1834 484 γεγενῆσθαι
1853 427 1870 448 ο

1986 412 2117 469 tium
2141 420 2294 485 gesta
2335 421 2485 480 sunt,
2510 422 2636 485 post
2669 410 3016 470 Constantini
3053 412 3264 470 obitum
3303 417 3571 476 accidisse

286 499 470 570 ἀγνοεῖ
505 496 566 552 δέ
594 498 692 552 καὶ
729 498 832 569 τὴν
855 499 916 551 ἐν
945 495 1200 562 Γαλλίαις
1239 499 1540 572 γενομένην
1581 501 1748 556 αὑτοῦ
1781 501 1874 568 ἐξ·-

288 591 460 662 ορίαν,
492 590 588 643 καὶ
602 589 772 661 ἕτερα
798 589 1040 644 πλείονα.
1075 591 1269 662 Ἡμεῖς
1294 587 1390 646 οὖν
1421 594 1690 667 πρότερον
1725 596 1878 649 Ῥου-

288 688 422 754 φίνῳ
444 681 935 752 ἀκολουθήσαντες,
959 682 1023 736 τὺ
1054 682 1271 754 πρῶτον
1301 684 1479 738 καὶτὸ
1503 685 1755 758 δεύτερον
1777 687 1877 758 τῆς

299 773 556 845 Ἱστορίας
604 770 835 843 βιϐλίον,
959 771 1152 844 ἐκείνῳ
1202 773 1376 827 ἐδόκει
1411 776 1875 848 συνεγράψαμενο

289 867 394 922 ἀπὸ
419 866 474 919 δὲ
497 864 595 918 τοῦ
623 865 812 936 τρίτου
856 866 987 937 ἄχρι
1010 865 1106 919 τοῦ
1141 865 1372 937 ἐϐδόμου
1404 866 1610 937 βιϐλίου
1629 910 1644 934 ,
1673 869 1743 922 τὰ
1776 867 1878 940 μὲν

293 957 438 1028 παρὰ
477 955 767 1026 Ῥουφίνου
816 956 1076 1020 λαϐόντες
1095 995 1111 1021 ,
1153 957 1224 1012 τὰ
1255 958 1315 1012 δέ
1348 960 1413 1013 ἐκ
1445 959 1719 1031 διαφόρων
1751 977 1878 1014 συν-

292 1050 610 1118 αγαγόντες,
625 1049 751 1103 τινὰ
770 1050 829 1104 δέ
848 1049 942 1106 καί
966 1051 1120 1123 παρά
1142 1050 1253 1108 τῶν
1273 1051 1354 1105 ἔτι
1369 1052 1587 1118 ζώντων
1609 1053 1880 1108 ἀκούσαν-

292 1157 413 1203 τες,
460 1141 882 1213 ἐπληρώσαμεν.
945 1143 1215 1217 Ὕστερον
1292 1146 1474 1218 μέντοι
1524 1148 1880 1219 συντυχόντες

306 1232 634 1288 Ἀθανασίου
658 1235 1058 1307 συντάγμασιν,
1091 1239 1151 1292 ἐν
1177 1233 1259 1304 οἷς
1283 1240 1350 1294 τὰ
1381 1239 1504 1295 καθ’
1530 1241 1725 1296 ἐαυτὸν
1754 1241 1878 1294 ὀδύ-

294 1339 444 1394 ρεται
474 1323 625 1394 πάθη
651 1365 667 1389 ,
707 1326 806 1379 καὶ
856 1327 1007 1392 ὅπως
1034 1328 1123 1383 διὰ
1167 1331 1268 1401 τὴν
1311 1330 1566 1403 διαϐολὴν
1604 1332 1715 1386 τῶν
1749 1333 1881 1404 περὶ

293 1413 553 1468 Εὐσέϐιον
583 1415 852 1489 ἐξωρίσθη
875 1459 891 1483 ,
926 1416 1176 1489 ἔγνωμεν
1210 1420 1323 1474 δεῖν
1354 1420 1634 1481 πιστεύειν
1674 1421 1878 1493 μᾶλλον

292 1501 369 1574 τῷ
401 1504 732 1570 πεπονθότι,
773 1508 869 1561 καὶ
913 1510 1028 1573 τοῖς
1060 1510 1361 1582 γινομένων
1393 1511 1501 1565 τῶν
1531 1513 1878 1585 πραγμάτων

293 1594 581 1664 παροῦσιν,
611 1594 646 1666 ἢ
669 1599 783 1660 τοῖς
812 1601 1385 1671 καταστοχασαμὲνοις
1411 1601 1613 1669 αὐτῶν,
1647 1603 1743 1658 καλ⁸
1766 1603 1881 1656 δια-

1978 512 2169 559 censet
2195 521 2208 558 :
2235 505 2627 576 relegationem
2657 518 2876 575 quoque
2901 503 3022 575 ejus
3046 504 3103 558 in
3127 504 3351 573 Gallias,
3376 515 3434 562 et
3463 510 3572 565 alia

1980 596 2220 668 plurima
2254 593 2656 667 praetermittit.
2704 593 2782 650 Ac
2817 593 2976 664 prius
3018 594 3242 664 quidem
3279 612 3382 653 nos
3419 599 3573 655 Ruti-

1978 704 2113 744 num
2143 696 2428 744 auctorem
2455 687 2652 752 secuti,
2677 687 2918 757 primum
2959 701 3024 740 ac
3055 687 3359 743 secundum
3383 690 3569 747 Histo-
3653 735 3660 742 .

1981 779 2077 835 riae
2104 787 2309 834 nostra:
2337 778 2538 832 librum
2561 777 2717 849 juxta
2743 775 2904 831 ﬁdem
2936 776 3086 832 illius
3119 778 3569 849 conscripsimus.

1981 871 2026 927 A
2055 871 2220 926 tertio
2246 885 2380 926 vero
2415 870 2558 924 libro
2591 883 2764 938 usque
2803 868 2873 922 ad
2916 869 3234 940 septimum,
3263 871 3467 942 partim
3505 888 3575 928 ex

1955 963 2230 1036 .ejusdem
2275 961 2486 1028 Ruﬁni,
2521 963 2722 1034 partim
2759 975 2827 1015 ex
2851 962 3086 1018 aliorum
3129 964 3288 1021 libris
3323 965 3578 1036 quaedam

1985 1056 2326 1127 colligentes,
2373 1055 2638 1110 nonnulla
2671 1055 2837 1111 etiam
2863 1071 2931 1110 ex
2957 1055 3026 1111 iis
3045 1055 3143 1126 qui
3169 1056 3352 1112 adhuc
3377 1073 3574 1128 super-

1985 1156 2113 1203 sunt
2139 1147 2326 1202 audita
2355 1145 2676 1212 referentes,
2706 1163 2846 1218 opus
2872 1156 3123 1203 nostrum
3154 1148 3572 1220 complevimus.

1984 1240 2179 1295 Postea
2201 1254 2333 1294 vero
2368 1224 2494 1293 cum
2520 1237 2806 1294 Athanasii
2837 1239 3010 1295 libros
3044 1240 3192 1295 nacti
3225 1255 3493 1306 essemus,
3517 1240 3575 1296 in

1985 1329 2189 1401 quibus
2235 1329 2326 1384 ille
2371 1344 2500 1385 suas
2541 1330 2883 1386 calamitates
2927 1330 3199 1402 deplorat,
3235 1339 3292 1387 et
3336 1347 3446 1403 qua
3489 1348 3578 1388 ra—

1989 1421 2138 1476 tione
2165 1437 2265 1492 per
2297 1421 2626 1476 calumniam
2663 1437 2728 1478 ac
2757 1421 3005 1478 fraudem
3045 1423 3484 1480 Eusebianorum
3519 1423 3577 1479 in

1985 1513 2240 1572 exsilium
2285 1514 2488 1570 missus
2528 1514 2715 1580 fuerit,
2754 1516 3002 1587 exponit,
3045 1517 3218 1572 satius
3251 1533 3373 1572 esse
3413 1516 3576 1572 duxi-

1985 1622 2110 1662 mus
2133 1607 2185 1662 ei
2212 1605 2307 1676 qui
2333 1606 2474 1660 mala
2501 1605 2619 1676 ipsa
2643 1622 2938 1676 perpessus
2962 1614 3128 1673 esset,
3154 1615 3210 1663 et
3249 1608 3316 1664 iis
3350 1608 3444 1678 qui
3486 1623 3577 1663 re-

289 1686 447 1739 τοῦτο
475 1685 844 1759 πλανηθεῖσιν.
881 1690 1004 1744 Ἔτι
1036 1690 1142 1762 μὴν
1169 1691 1264 1746 καὶ
1293 1691 1595 1746 ἐπιστολῶν
1616 1692 1727 1748 τῶν
1751 1693 1874 1748 τότε

1986 1697 2082 1753 bus
2119 1671 2289 1768 gestis
2330 1671 2924 1761 interfuissent,-ﬁdem
2971 1671 3214 1763 habere,
3260 1671 3425 1768 quain
3469 1696 3580 1752 illis

290 1775 569 1848 διαφόρων
602 1778 1098 1852 ἐπιτετυχηκότεςξ
1133 1783 1210 1850 ώς
1241 1776 1352 1836 οἷόν
1383 1800 1444 1836 τε
1471 1785 1574 1855 τὴν
1616 1783 1876 1856 ἀλήθειαν

292 1868 713 1939 ἀνιχνεῦσαμεν.
744 1871 838 1924 Διδ
873 1872 1300 1944 ἠναγκάσθημεν
1327 1874 1391 1927 τδ
1438 1873 1654 1946 πρῶτον
1684 1875 1779 1929 καὶ
1815 1875 1878 1930 τὸ

291 1956 541 2029 δεύτερον
569 1957 773 2029 βιϐλίον
812 1961 1017 2016 ἄνωθεν
1048 1961 1459 2035 ὑπαγορεῦσαι,
1501 1964 1880 2037 συγχρώμενοι

293 2050 387 2102 καὶ
414 2051 475 2102 ἐν
502 2044 586 2114 οἷς
615 2053 644 2104 ό
685 2052 971 2122 Ῥουφῖνός·
988 2055 1088 2109 οὐκ
1112 2057 1372 2111 ἐκπίπτει
1402 2055 1500 2111 τοῦ
1521 2058 1775 2130 ἀληθοῦς.
1803 2059 1880 2113 Οὐ

294 2141 404 2212 μήν
430 2142 565 2196 am
596 2144 690 2198 καὶ
721 2144 882 2199 τοῦτο
916 2147 1108 2210 ίστέον.
1156 2149 1238 2202 ὅτι
1278 2149 1341 2203 οὐ
1382 2149 1780 2223 παρεθήκαμεν
1821 2152 1881 2206 ἐν

291 2236 356 2303 τῇ
397 2231 592 2306 πρώτῃ
648 2235 1016 2307 ὑπαγορεύσει
1066 2238 1127 2292 τὺ
1167 2239 1557 2313 καθαιρετικὸν
1627 2243 1878 2316 Ἀρείου,

293 2323 413 2377 οὔτε
451 2324 563 2396 μήν
600 2325 701 2390 τὰς
742 2326 1006 2398 βασιλέως
1040 2329 1369 2396 ἐπιστολὰς,
1408 2331 1546 2388 ἀλλά
1587 2333 1660 2388 τὰ
1699 2335 1887 2406 γυμνὰ

294 2415 462 2486 μόνον
483 2417 822 2488 πράγματα,
851 2419 994 2492 ὑπὲρ
1033 2421 1129 2476 τοῦ
1183 2422 1258 2496 μή
1303 2424 1628 2496 πολυστίχου
1658 2426 1884 2499 γενομέ-

292 2525 395 2578 νης
440 2507 542 2577 τῆς
596 2511 872 2582 ἱστορίας,
930 2503 1196 2585 ὀκνηροὺς
1241 2515 1370 2580 τοὺς
1412 2515 1886 2587 ἀναγινώσκοντας

291 2598 738 2670 ἀπεργάσασθαι.
777 2602 995 2675 Ἐπειδὴ
1029 2605 1168 2676 πρὸς
1213 2605 1314 2678 σὴν
1355 2602 1615 2680 χάριν,’ὦ
1648 2609 1762 2681 ίερέ
1788 2609 1886 2665 τοῦ

291 2687 434 2742 Θεοῦ
458 2688 712 2760 ἄνθρωπε
740 2690 984 2766 Θεόδωρε
1011 2694 1124 2766 (75)
1147 2737 1162 2761 ,
1190 2697 1284 2751 καὶ
1311 2697 1470 2754 τοῦτο
1493 2699 1600 2754 ἔδει
1637 2700 1886 2772 ποιῆσαι.

289 2780 437 2834 ὥστε
487 2781 566 2852 μὴ
612 2783 826 2852 ἀγνοεῖν
870 2786 969 2841 καὶ
1013 2787 1114 2842 ὅσα
1148 2791 1269 2854 ταῖς
1309 2789 1520 2858 λέξεσιν
1548 2793 1597 2846 οἱ
1648 2792 1890 2861 βασιλεῖς

1977 1789 2072 1858 qui
2121 1803 2212 1844 res
2262 1787 2582 1858 conjectura
2644 1794 2857 1841 tantum
2906 1789 3183 1854 assecuti,
3229 1797 3286 1844 et
3330 1788 3403 1844 ob
3453 1803 3576 1843 eam

1978 1891 2200 1933 causam
2242 1877 2299 1932 in
2337 1891 2584 1932 errorem
2623 1877 2865 1948 prolapsi
2905 1885 3112 1934 essent.
3149 1878 3229 1936 Ad
3259 1879 3377 1934 hinc
3398 1878 3582 1933 varias

1977 1967 2363 2023 excellentium
2393 1976 2527 2022 tunc
2553 1967 2816 2038 temporis
2837 1968 3082 2023 virorum
3117 1969 3382 2040 epistolas
3408 1969 3577 2034 nacti,

1978 2058 2304 2123 veritatem,
2353 2058 2534 2129 quoad
2589 2058 2710 2130 ejus
2754 2057 2873 2114 ﬁeri
2921 2061 3131 2130 potuit,
3173 2062 3577 2134 indagavimus.

1979 2149 2153 2218 Quam
2177 2151 2248 2206 ob
2271 2168 2493 2208 causam
2523 2168 2750 2211 necesse
2787 2154 2948 2212 nobis
2980 2154 3085 2211 fuit
3118 2157 3361 2228 primum
3394 2172 3459 2212 ac
3495 2172 3583 2213 se-

1981 2243 2224 2298 cundum
2257 2244 2420 2316 hujus
2451 2246 2637 2316 operis
2667 2247 2871 2302 librum
2896 2263 2963 2303 ex
2991 2247 3205 2319 integro
3235 2247 3466 2315 dictare,
3495 2263 3584 2305 re-

1982 2334 2152 2391 tentis
2191 2336 2556 2394 nihilominus
2589 2339 2660 2394 iis
2707 2339 2763 2394 in
2797 2338 3001 2410 quibus
3036 2338 3270 2396 Ruﬁnus
3293 2355 3323 2396 a
3348 2339 3582 2397 veritate

1984 2426 2212 2483 minime
2251 2427 2548 2484 aberravit.
2583 2429 2723 2486 Illud
2749 2438 3017 2502 praeterea
3039 2431 3326 2488 sciendum
3349 2439 3456 2498 est,
3481 2448 3584 2489 nos

1986 2517 2043 2573 in
2079 2519 2263 2589 priore
2299 2520 2566 2588 editione,
2603 2537 2708 2578 nec
2745 2523 3000 2579 libellum
3041 2523 3406 2595 depositionis
3439 2524 3582 2590 Arii,

1988 2625 2092 2665 nec
2127 2608 2480 2680 imperatoris
2513 2611 2797 2682 epistolas,
2823 2613 2919 2668 sed
2947 2613 3155 2668 nudam
3184 2629 3369 2669 rerum
3405 2621 3586 2686 gesta—

1988 2715 2113 2754 rum
2139 2700 2511 2756 narrationem
2535 2703 2807 2772 posuisse,
2834 2719 2904 2760 ne
2929 2719 3006 2759 ex
3022 2704 3320 2760 verborum
3352 2705 3583 2776 prolixi-

1991 2799 2102 2847 tate
2126 2792 2428 2848 lectoribus
2454 2793 2676 2849 taedium
2699 2802 3043 2851 nasceretur.
3070 2793 3178 2851 Sed
3201 2796 3459 2866 quoniam
3488 2805 3584 2855 tua

291 2874 640 2942 ἐπέστειλαν,
670 2877 706 2949 ἢ
735 2879 878 2934 κατὰ
909 2879 1201 2955 διαφόρως
1235 2884 1486 2949 συνόδους
1516 2886 1566 2939 οἱ
1597 2885 1885 2941 ἐπίσκοποι

1991 2899 2154 2939 causa
2179 2884 2312 2940 illud
2334 2899 2555 2956 quoque
2577 2886 2948 2957 praestandum
2973 2896 3115 2954 erat,
3139 2903 3174 2944 o
3197 2888 3283 2942 vir
3304 2903 3370 2945 ac
3396 2903 3581 2946 sacer-

291 2963 392 3036 τὴν
427 2964 616 3020 πίστιν
637 2967 963 3041 καταϐραχὺ
998 2970 1422 3042 μεταποιοῦντες
1453 2971 1744 3038 ἐξέδωκαν·
1771 2974 1885 3028 δια-

1992 2973 2093 3029 dos
2113 2973 2210 3030 Dei
2238 2973 2548 3041 Theodore,
2580 2984 2640 3030 ut
2672 2988 2853 3048 neque
2881 2992 2946 3033 ea
2975 2993 3098 3049 qua:
3130 2977 3492 3049 imperatores
3526 2997 3584 3037 In

291 3056 455 3114 τοῦτο
478 3059 581 3114 ὅσα
600 3060 878 3130 ἀναγκαῖα
901 3063 1246 3136 ἡγησάμεθα,
1263 3064 1321 3119 ἐν
1334 3065 1462 3137 τῇδε
1478 3067 1546 3138 τῇ
1573 3065 1885 3137 μεταταῦτα

1989 3065 2106 3121 suis
2139 3065 2389 3138 epistolis
2425 3067 2771 3138 scripserunt
2814 3067 3120 3141 ignorares,
3146 3085 3327 3141 neque
3363 3086 3427 3127 ea
3461 3087 3588 3143 qua:

294 3151 668 3225 ύπαγορεύσει
691 3154 1153 3226 μετατεθείκαμεν
1174 3170 1189 3185 ·
1217 3155 1488 3210 καὶτοῦτο
1509 3155 1568 3210 ἐν
1588 3156 1670 3229 τῷ
1687 3155 1885 3231 πρώτῳ

1987 3158 2234 3229 episcopi
2279 3157 2336 3214 in
2381 3158 2618 3215 diversis
2661 3161 2916 3218 conciliis
2956 3161 3122 3218 ﬁdem
3165 3161 3279 3233 80
3319 3163 3585 3233 paulatim

297 3245 490 3318 βιϐλίῳ
517 3247 848 3318 ποιήσαντες
868 3285 885 3312 ,
923 3247 1019 3305 καὶ
1044 3249 1101 3302 ἐν
1131 3246 1210 3319 τῷ
1245 3247 1386 3319 μετὰ
1410 3251 1620 3321 χεῖρας,
1657 3249 1802 3320 λέγω
1829 3250 1885 3304 δέ

1989 3247 2343 3304 immutantes
2387 3249 2878 3321 promulgaverunt
2924 3267 2939 3305 :
2986 3249 3195 3306 idcirco
3237 3265 3585 3321 quascunque

292 3335 373 3406 τῷ
395 3337 640 3408 δευτέρῳ
661 3378 676 3402 ,
708 3338 932 3409 ποιῆσαι
957 3337 1350 3410 σπουδάζομεν.
1394 3338 1650 3412 Ἀρκτέον
1688 3337 1746 3393 δέ
1785 3340 1888 3412 ήδη

295 3426 398 3496 τῆς
426 3428 695 3498 ἱστορίας.

1989 3339 2301 3396 necessaria
2343 3356 2466 3397 esse
2510 3342 2870 3409 censuimus,
2911 3341 2970 3398 in
3018 3342 3163 3398 hanc
3219 3342 3586 3413 posteriorem

1988 3429 2291 3488 editionem
2316 3434 2720 3490 transtulimus.
2749 3435 2817 3490 Et
2840 3448 2968 3491 cum
2990 3433 3049 3490 in
3067 3433 3250 3504 primo
3270 3432 3415 3489 libro
3435 3432 3584 3489 istud

299 3537 330 3575 a
353 3521 518 3578 nobis
537 3523 651 3593 jam
680 3524 987 3593 praestitum
1011 3524 1102 3590 sit,
1130 3525 1276 3582 idem
1305 3539 1526 3597 quoque
1559 3522 1616 3579 in
1653 3521 1918 3592 secundo,
1959 3541 2122 3597 quem
2156 3543 2270 3599 prae
2301 3529 2557 3588 manibus
2592 3531 2883 3600 habemus,
2941 3533 3204 3602 praestare
3239 3527 3582 3586 conabimur.

300 3611 408 3669 Sed
439 3613 556 3684 jam
595 3621 812 3686 tempus
838 3624 924 3671 est
954 3624 1021 3671 ut
1054 3616 1122 3672 ad
1157 3617 1404 3672 historiae
1429 3615 1682 3673 ordinem
1721 3627 2087 3673 revertamur.

910 3737 1159 3791 ΚΕΦΑΛ.
1209 3736 1287 3790 B'.

313 3824 411 3892 Ὧς
421 3828 488 3896 9Ῐ
509 3825 645 3895 περὶ
669 3825 970 3896 ,Εὐσέϐιον
993 3827 1098 3880 τὸν
1122 3825 1513 3896 Νικομηδείιις
1529 3826 1887 3896 ἐπίσκοπον,
1916 3845 1920 3850 ·

372 3892 550 3963 αὖθις
583 3892 599 3895 ⁷
621 3895 686 3948 τὸ
750 3896 966 3964 Ἂρείαυ
1023 3892 1501 3962 σπουδάὶγαντεξ
1547 3895 1890 3965 εἰσαγαγεῖν

370 3965 597 4035 δότ-μα,
625 3966 887 4035 ταραχὰς
915 3965 1044 4034 ταῖς
1086 3967 1475 4036 Ἑκκλησίαις
1501 3966 1815 4036 ἐκίνησαν.

374 4067 485 4121 τοῦ
519 4068 787 4139 βασιλέως
829 4061 1240 4125 Κωνσταντίνου
1317 4071 1739 4143 τελευτήσαντος
1762 4110 1778 4134 ,
1837 4071 1888 4124 oi

302 4162 435 4231 περὶ
470 4161 732 4216 Εὐσέϐιον
776 4161 869 4216 τδν
897 4162 1215 4233 Νικομηδέα
1247 4161 1343 4218 καὶ
1385 4161 1609 4232 Θέογνιν
1649 4163 1888 4229 Νικαίας

304 4249 625 4314 ἐπίσκοπον,
675 4252 867 4323 καιροῦ
907 4251 1196 4324 δεδράχθαι
1245 4250 1510 4321 εὐκαίρου
1541 4250 1882 4322 νομίσαντες,

305 4341 496 4410 ἀγῶνα
526 4342 712 4396 ἔθεντο
762 4342 860 4416 τὴν
894 4341 988 4397 τοῦ
1040 4342 1325 4414 ὁμοουσίου
1374 4341 1558 4396 πίστιν
1608 4342 1880 4408 ἐκϐαλεῖν,

2649 3735 2803 3794 CAP.
2844 3737 2909 3794 ll.

1993 3827 2264 3896 Quomodo
2323 3829 2579 3886 Eusebius
2637 3830 3051 3886 Nicomediensis
3101 3846 3222 3885 cum
3271 3829 3412 3895 suis,
3466 3826 3583 3884 Arii

2060 3901 2272 4025 ttiogbma.
2304 3901 2500 3956 iterum
2548 3901 2796 3957 inducere
2842 3911 3063 3958 conatus
3085 3941 3102 3969 ,
3148 3899 3414 3957 Ecclesia:
3455 3915 3581 3971 per—

2088 3988 2153 4025 ur
2188 3981 2315 4026 ant.

1987 4081 1994 4088 '
2060 4073 2275 4130 Mortuo
2322 4075 2656 4146 imperatore
2696 4074 3083 4142 Constantino,
3123 4073 3398 4130 Eusebius
3423 4071 3588 4129 Nico-

1989 4166 2286 4222 mediensis
2335 4176 2392 4223 et
2432 4168 2710 4240 Theognis
2760 4169 3046 4233 Nicaanus,
3101 4173 3474 4238 opportunum
3526 4165 3586 4219 se

1991 4262 2210 4327 tempus
2253 4268 2446 4314 nactos
2489 4274 2611 4315 esse
2654 4259 2938 4325 arbitrati,
2983 4256 3134 4315 omni
3187 4254 3371 4312 studio
3421 4253 3479 4308 in
3527 4251 3614 4308 id»

1990 4345 2384 4413 incubuerunt,
2415 4357 2478 4403 ut
2507 4348 2997 4404 consubstantialis
3021 4346 3181 4401 [idem
3202 4344 3585 4410 exturbarent,

305 4433 650 4502 ἀντεισάγειν
692 4432 748 4487 δὲ
792 4432 893 4505 τὴν
941 4431 1376 4505 ἀρειανίξουσαν.
1423 4430 1779 4502 Περιέσεσθαι
1827 4431 1885 4486 δέ

1987 4439 2217 4510 ejusque
2242 4439 2364 4495 loco
2387 4440 2706 4511 opinionem
2731 4441 2848 4497 Arii
2880 4439 3319 4496 introducerent.
3355 4435 3416 4492 ld
3450 4451 3586 4492 vero

299 4523 495 4579 τούτου
518 4526 622 4578 οὔκ
641 4524 710 4577 ἂν
731 4523 978 4579 δύναιντο
1005 4525 1141 4595 (74),
1172 4526 1221 4578 εί
1250 4523 1325 4596 μὴ
1348 4523 1694 4596 ὑπονοστήσῃ
1721 4522 1886 4578 ’Δθα-

306 4619 510 4681 νάσιος.
561 4615 749 4671 Ταῦτα
799 4617 856 4672 δὲ
899 4617 1319 4683 κατεσκεύαζον,
1359 4617 1622 4689 ὑπουργῷ
1668 4615 1886 4687 χρώμε-

306 4725 388 4763 νοι
445 4709 524 4780 τῷ
572 4711 965 4783 πρεσϐυτέρῳ,
1019 4709 1079 4776 ὃς
1129 4711 1228 4783 τῆς
1281 4709 1489 4783 Ἀρείου
1538 4709 1890 4781 ἀνακλήσεως

1989 4547 2276 4602 nunquam
2325 4548 2384 4589 se
2435 4541 2837 4590 consecuturos
2890 4549 3013 4591 esse
3073 4531 3485 4603 intelligebant,
3539 4531 3585 4585 si

1990 4621 2327 4679 Athanasius
2382 4621 2772 4680 Alexandriam
2831 4630 3224 4680 reverteretur.
3281 4621 3453 4677 Porro
3517 4621 3587 4675 ad

1992 4707 2110 4764 haec
2155 4710 2368 4782 agenda
2416 4713 2501 4768 usi
2557 4721 2688 4770 sunt
2732 4713 3043 4771 ministerio
3089 4710 3395 4786 presbyteri
3441 4710 3590 4767 illius

1473 4882 1744 4942 VALESll
1781 4882 1870 4940 ΔΝ
1879 4882 2338 4942 NOTATIONES.

379 5052 493 5127 es)
522 5055 770 5125 Ἐπειδὴ
797 5053 1101 5127 πρὸςσὴν
1135 5054 1332 5127 χάριν,
1352 5049 1401 5109 ὦ
1428 5049 1722 5127 ιερεῦ,τοιῑ
1741 5049 1893 5127 θεοῦ

310 5119 584 5204 sum“
605 5119 885 5204 θεόδξερξ.
923 5119 1326 5204 εςτίδεῆςιῑιηιρ
1337 5134 1424 5180 est
1445 5119 1666 5204 ἐπειδὴ.
1699 5121 1778 5204 δέ,
1806 5121 1892 5176 vel

308 5192 426 5248 ἔτιεὶ
449 5196 531 5261 δέ,
568 5205 628 5250 ut
664 5192 905 5252 Savilius
932 5197 1000 5251 ad
1033 5211 1188 5251 oram
1237 5196 1324 5251 sui
1357 5193 1566 5251 codicis
1600 5192 1897 5248 adnotave-

309 5274 434 5343 rat.‘
447 5265 769 5343 [ﬁgendum
795 5281 1018 5343 quoque
1055 5275 1142 5321 est
1161 5265 1207 5319 ὦ
1245 5265 1357 5343 ίερέ
1389 5263 1482 5343 τοῦ
1509 5263 1645 5343 Θεοῦ
1686 5262 1895 5343 ἄνθρω-

313 5334 669 5408 petaso“,
707 5334 1063 5408 inscriptum
1111 5346 1197 5408 est
1245 5334 1891 5408 in’cod_ice_Florenti_no.

310 5403 510 5486 iisdem
536 5403 725 5463 verbis
750 5403 1044 5486 Paulinum
1068 5407 1387 5486 episcopum
1414 5405 1546 5486 :l‘yri
1583 5403 1896 5486 alloquitur

309 5474 584 5534 Eusebius
617 5489 813 5535 noster
861 5478 916 5532 in
950 5474 1178 5533 exordio
1234 5474 1364 5531 libri
1397 5474 1598 5530 decimi
1638 5474 1895 5528 Historiae

308 5548 708 5622 grclesiasticaa.
730 5549 913 5622 iCujus
941 5547 1253 5622 exemplum
1281 5555 1506 5622 secutus
1556 5544 1647 5622 hic
1675 5543 1895 5622 videtur

309 5617 580 5687 Socrates.
635 5615 905 5686 Quisnam
949 5615 1120 5687 porro
1164 5617 1253 5670 hic
1292 5617 1365 5671 sit
1409 5615 1756 5687 Theodorus,
1801 5615 1892 5666 cui

307 5686 564 5749 Socrates
615 5685 921 5746 Historiam
953 5685 1131 5744 suam
1190 5687 1564 5758 nuncupavit,
1617 5685 1890 5740 incertum

1998 5059 2102 5107 est.
2158 5051 2348 5133 Neque
2373 5050 2529 5133 enim
2569 5050 2924 5133 Theodorum
2969 5053 3420 5125 Mopsuestenum
3470 5055 3590 5129 epi-

2000 5136 2228 5192 sc0pum
2256 5121 2488 5192 intelligi
2523 5129 2681 5192 puto.

2073 5192 2184 5263 (74)
2219 5193 2609 5261 Περιέσεσθαι
2645 5193 2714 5246 δὲ
2747 5192 2963 5247 τούτου
3009 5195 3121 5249 οὐκ
3167 5193 3245 5250 ἂν
3279 5195 3585 5251 δύναιντο.

2003 5262 2106 5318 llic
2131 5262 2288 5336 locus
2311 5263 2542 5336 mutilus
2565 5272 2651 5318 est
2683 5279 2748 5318 ac
2765 5263 3092 5336 mendosus.
3119 5264 3376 5336 Suppleri
3405 5275 3586 5336 tamen

2001 5349 2115 5407 non
2150 5333 2498 5407 incommode
2537 5341 2734 5407 potest
2764 5334 2878 5407 hoc
2905 5335 3091 5407 modo,
3148 5333 3504 5407 Περιέσεσθαι
3527 5333 3586 5387 δὲ

1998 5402 2205 5474 τούτου,
2224 5401 2490 5474 συνῄεσαν
2520 5401 2594 5467 ὥς
2623 5405 2723 5458 οὐκ
2762 5404 2828 5458 ἂν
2859 5404 3123 5470 δύναιντο,
3150 5408 3200 5460 εἰ
3234 5401 3586 5474 ’ὑπονοστήσῃ

2014 5472 2354 5546 ῘΑΘανάσιος.
2392 5472 2630 5546 Restitui
2665 5474 2831 5530 etiam
2864 5484 3045 5546 potest
3071 5476 3178 5532 hoc
3204 5475 3387 5546 modo,
3423 5472 3587 5546 Περιέ

2000 5541 2222 5666 euitat
2254 5543 2310 5596 δὲ
2341 5543 2535 5599 τούτου
2559 5545 2658 5600 οὐκ
2690 5546 2757 5601 ἄν
2796 5541 2926 5600 ποτε
2954 5545 3142 5618 ᾤοντο,
3183 5555 3245 5601 ut
3274 5543 3443 5600 habet
3485 5541 3585 5600 Ni-

2000 5627 2099 5666 cen
2143 5627 2292 5666 orus.

1999 5627 2292 5684 cepnorus.
