4078 6210
326 284 417 341 l89

903 406 1154 464 ΚΕΦΛΛ.
1211 407 1286 466 1".

319 496 503 573 ὀπως
539 495 899 573 Ἀθανιίσιρς,
934 501 1413 573 Κωνστᾳντίνου-
1440 501 1550 573 τοῦ
1580 503 1887 573 Νεωτέρου

374 566 681 691 ﬁgam
716 566 1045 637 θαρῤνὶσαςι
1098 567 1216 638 τὴν
1258 569 1709 641 Ἀλεξάνδρειαν
1745 566 1887 630 θὶατ-
1996 614 1999 617 μ

316 725 761 803 Κωνσταντῖτος
801 726 1040 803 βαζσαρ
1072 726 1334 803 τῷ--λαῷ
1387 730 1501 803 τῆς
1548 732 1887 803 Καθολικῆς

659 795 1095 865 Ἀλεξανδρέων
1153 795 1540 867 Ἐκκλησίᾰς.

375 888 512 943 Οὐδὲ
552 888 654 959 τῆς
700 887 977 960 ὑμετέρας
1021 889 1173 960 ἱερᾶς
1206 890 1416 954 ἐννοίας
1445 892 1887 962 ἀποπεφευγέναι

315 979 386 1043 είς
415 977 621 1046 γνῶσιν
643 983 661 1046 ζ
668 978 759 1049 79)
785 972 965 1049 οἶμαι,
1012 976 1261 1033 διατοῦτο
1302 977 1619 1034 ’Δθανάσιον
1658 979 1752 1034 τὸν
1789 980 1885 1036 τοῦ

315 1068 686 1140 προσκυνητοῦ
733 1067 902 1139 νόμου
945 1068 1232 1140 ὑποφήτην
1275 1066 1414 1140 πρὸς
1458 1068 1646 1141 καιρὸν
1678 1070 1757 1135 είς
1785 1070 1888 1135 τὰς

314 1156 536 1221 Γαλλίας
586 1156 956 1220 ἀπεστάλθαι,
1012 1158 1101 1212 ἵνα
1152 1158 1341 1229 ἐπειδὴ
1381 1160 1415 1230 ἡ
1468 1159 1727 1232 ἀγριότης
1772 1161 1887 1217 τῶν

315 1248 618 1320 αἱμοὸόρων
650 1247 747 1302 καὶ
780 1247 1054 1319 πολεμίων
1082 1247 1246 1302 αὑτοῦ
1275 1249 1505 1321 ἐχθρῶν,
1534 1252 1612 1314 είς
1642 1251 1887 1307 κίνδυνον

313 1340 405 1409 τῆς
436 1340 589 1410 ἱερᾶς
626 1338 794 1393 αὐτοῦ
832 1339 1079 1410 κεφαλῆς
1123 1340 1375 1411 ἐπέμενε,
1409 1338 1485 1413 μὴ
1517 1340 1625 1413 ἄρα
1667 1342 1755 1397 διὰ
1787 1342 1888 1413 τῆς

313 1429 419 1482 τῶν
455 1428 675 1498 φαύλων
705 1429 1038 1500 διαστροφῆς
1066 1429 1341 1500 ἀνήκεστα
1372 1430 1603 1504 ὑποστῇ.
1644 1431 1790 1505 Πρὸς
1825 1432 1887 1486 τὸ

311 1518 590 1584 διαπαῖξαι
640 1519 820 1574 τοίνυν
854 1518 1079 1590 ταύτην,
1129 1520 1379 1593 ἀφῃρέθη
1428 1521 1536 1575 τῶν
1588 1522 1886 1594 φαρύγγων

311 1610 418 1664 τῶν
444 1611 814 1682 ἐπικειμένων
836 1609 986 1682 αὑτῷ
1012 1610 1242 1682 ἀνδρῶν,
1272 1612 1363 1666 ὑπ’
1406 1612 1533 1684 ἐμοὶ
1558 1613 1765 1682 διάγειν
1794 1631 1887 1669 κε-

1300 291 1623 350 HISTORIA
1660 293 2215 357 ECCLESIAS’I’ICA.
2253 329 2325 339 —
2359 298 2489 356 LIB.
2530 301 2596 357 II.

3456 303 3558 362 £90

2639 415 2789 473 CAP.
2816 416 2904 472 III.

2034 504 2312 573 Quomodo
2338 506 2663 563 Athanasius
2686 505 3023 563 Constantini
3049 506 3287 564 Junioris
3316 508 3505 566 litteris
3577 494 3581 503 ’

2356 576 2545 647 fretus,
2567 577 2953 633 Alexandriam
2988 577 3165 632 rediit.

2091 734 2467 793 Constantinus
2489 737 2669 810 Cwsar
2689 737 2879 810 populo
2904 737 3148 794 Ecclesia
3173 736 3455 795 Catholij

2526 807 3029 863 Alexandrinorum.

2054 894 2169 953 Nec
2200 895 2558 953 sanctissimae
2588 898 2789 953 mentis
2809 904 3005 954 vestrae
3036 897 3285 953 notitiam
3320 897 3560 953 arbitror

1984 987 2290 1058 praeterire,
2304 987 2663 1043 Athanasium
2684 988 3010 1044 venerandae
3029 987 3164 1059 legis
3180 988 3558 1059 interpretem,

1984 1078 2054 1134 ad
2083 1086 2301 1149 tempus
2325 1078 2532 1134 idcirco
2552 1080 2779 1134 missum
2809 1094 2931 1135 esse
2960 1078 3017 1133 in
3042 1078 3266 1144 Gallias,
3292 1080 3399 1141 ne,
3416 1094 3557 1149 quo-

1985 1170 2133 1225 niam
2171 1178 2527 1225 cruentorum
2559 1171 2678 1241 ejus
2696 1169 2937 1226 hostium
2969 1169 3161 1226 feritas
3192 1169 3562 1226 saeratissimo

1985 1260 2133 1317 illius
2165 1260 2331 1332 capiti
2372 1270 2676 1318 extremum
2721 1261 3029 1331 periculum
3067 1261 3400 1325 minabatur,
3443 1260 3562 1330 ipse

1985 1365 2084 1421 per
2113 1349 2379 1407 nefariam
2419 1350 2796 1422 improborum
2826 1351 3112 1407 hominum
3145 1351 3561 1422 perversitatem

1985 1441 2126 1495 mala
2174 1441 2497 1501 insanabilia
2549 1443 2864 1499 sustineret.
2902 1441 3292 1510 Quamobrem,
3323 1449 3386 1497 ut
3417 1443 3561 1498 hanc

1983 1532 2260 1589 feritatem
2289 1533 2541 1599 evitaret,
2573 1541 2797 1604 ereptus
2827 1544 2912 1590 est
2944 1533 3196 1589 faucibus
3230 1548 3422 1588 eorum
3464 1531 3561 1603 qui

1985 1624 2157 1695 ipsius
2177 1625 2341 1694 capiti
2370 1624 2747 1691 imminebant,
2764 1625 3057 1697 jussusque
3082 1624 3183 1679 sub
3208 1639 3330 1679 mea
3354 1623 3561 1678 ditione

310 1701 554 1765 λευσθεὶς
588 1702 780 1769 οὕτως,
804 1702 882 1766 ὡς
921 1703 980 1756 ὲν
1026 1700 1197 1773 ταύτῃ
1227 1704 1293 1774 τῇ
1335 1703 1488 1758 πόλει
1534 1707 1593 1759 ὲν
1624 1700 1659 1777 ᾖ
1688 1705 1885 1778 διέτρι-

1989 1715 2206 1787 degere,
2239 1715 2313 1770 ita
2336 1724 2398 1770 ut
2421 1715 2474 1770 in
2515 1731 2578 1771 ea
2605 1716 2743 1771 urbe
2765 1730 2931 1786 quam
2958 1714 3198 1770 incolere
3226 1721 3559 1784 prmeeptum

309 1794 423 1859 θεν,
466 1796 602 1848 πᾶσι
629 1797 744 1858 τοῖς
787 1794 1106 1864 ἀναγκαίοις
1145 1795 1548 1861 ὲκπλεονάζειν.
1584 1799 1632 1851 εί
1666 1797 1760 1851 καὶ
1786 1816 1884 1852 τα-

186 1904 199 1911 “
314 1886 546 1958 μάλιστα
589 1883 757 1940 αὐτοῦ
790 1886 823 1956 ἠ
864 1885 1104 1956 ἀοίδιμος
1147 1887 1318 1959 ἀρετὴ
1342 1887 1462 1951 ταῖς
1493 1887 1666 1952 θείαις
1695 1906 1886 1942 πεποι-

311 1979 434 2032 θυῖα
475 1977 775 2049 βοηθείαις,
801 1979 900 2032 καὶ
944 1977 1012 2032 τὰ
1046 1978 1148 2049 τῆς
1174 1978 1514 2050 τραχυτέρας
1549 1979 1718 2051 τύχης
1744 1978 1882 2051 ἄχθη

306 2067 595 2133 ἐξουθενεί.
639 2066 943 2139 Τοιγαροῦν
990 2069 1041 2121 εί
1094 2069 1188 2122 καὶ
1229 2068 1536 2139 ταμάλιστα
1590 2069 1727 2141 πρὸς
1784 2069 1884 2141 τὴν

308 2156 782 2229 προσφιλεστάτην
826 2157 981 2228 ὑμῶν
1009 2158 1339 2222 θεοσέϐειαν,
1381 2161 1410 2213 ό
1444 2157 1707 2229 δεσπότης
1729 2158 1885 2231 ἡμῶν

305 2250 335 2301 δ
374 2247 479 2319 τῆς
506 2248 783 2318 μακαρίας
812 2249 1031 2319 μνήμης
1075 2248 1482 2313 Κωνσταντίνος
1522 2249 1557 2301 δ
1592 2246 1882 2312 Σεσαστδς,

304 2338 336 2392 δ
379 2339 512 2409 tne;
540 2339 748 2410 πατὴρ,
786 2338 880 2392 τὸν
922 2337 1084 2392 αὑτὸν
1126 2338 1425 2392 ἐπίσκοπον
1464 2336 1545 2408 τῷ
1575 2336 1692 2408 ίδίῳ
1736 2338 1887 2410 τόπῳ

307 2430 615 2499 παρασχεῖν
641 2427 946 2501 προῄρητο,
965 2429 1114 2499 ὅμως
1134 2427 1322 2498 ἐπειδὴ
1345 2427 1670 2500 ἀνθρωπίνῳ
1699 2429 1886 2501 κλήρῳ

307 2518 669 2590 προληφθεὶς,
715 2518 824 2590 πρὸ
860 2518 957 2571 τοῦ
1000 2518 1101 2589 τὴν
1128 2519 1296 2590 εὐχὴν
1325 2518 1612 2589 πληρῶσαι
1643 2520 1885 2574 ἀνεπαύ-

306 2627 463 2674 σατο,
496 2608 793 2671 ἀκόλουθον
837 2609 1153 2682 ἡγησάμην,
1181 2611 1281 2680 τὴν
1309 2608 1629 2680 προαίρεσιν
1659 2609 1754 2664 τοῦ
1785 2609 1886 2680 τῆς

303 2701 464 2765 θείας
519 2700 739 2772 μνήμης
805 2699 1071 2772 βασιλέως
1128 2698 1510 2771 διαδεξάμενος
1575 2700 1882 2772 πληρῶσαι.

304 2787 504 2855 ὐστις
529 2792 753 2846 ἂπειδάν
783 2791 885 2867 τῆς
909 2790 1181 2862 ὑμετέρας
1213 2790 1352 2863 τύχῃ
1384 2791 1725 2863 προσόψεως,
1755 2793 1888 2864 ὅσης

298 2885 437 2956 παρ’
477 2883 614 2956 ἐμοῦ
657 2883 837 2948 αίδοῦς
867 2882 1131 2955 τετύχηκε
1173 2883 1446 2953 γνώσεσθε
1479 2901 1493 2916 ο
1526 2884 1587 2939 οὑ
1622 2884 1730 2957 γὰρ
1765 2883 1889 2938 θαυ-

304 2975 532 3049 μαστὸν,
574 2975 630 3028 εί
647 2992 701 3029 τι
739 2975 785 3029 δ’
826 2976 894 3029 ἂν
921 2974 1059 3048 ὑπὲρ
1086 2974 1251 3029 αὑτοῦ
1292 2975 1589 3047 πεποίηκα.
1622 2975 1734 3031 Καὶ
1778 2975 1888 3050 γὰρ

1988 1807 2039 1863 ei
2078 1807 2276 1873 fuerat,
2304 1807 2561 1862 omnibus
2596 1806 2922 1863 necessariis
2958 1806 3301 1861 abundaret:
3342 1803 3560 1859 tametsi

1984 1896 2317 1967 ejuseximia
2346 1897 2523 1952 virtus
2546 1896 2731 1953 divino
2750 1896 2888 1953 freta
2911 1896 3186 1968 praesidio,
3213 1896 3376 1952 etiam
3406 1911 3563 1966 aspe—

1984 1986 2148 2043 rioris
2173 1986 2405 2042 fortuna:
2436 2003 2708 2043 aerumnas
2730 1989 2885 2058 parvi
2924 1987 3145 2058 pendat.
3174 1985 3411 2042 Proinde
3453 1985 3560 2040 etsi

1982 2078 2238 2133 dominus
2259 2093 2323 2133 ac
2344 2093 2543 2149 parens
2570 2088 2757 2135 noster
2778 2080 2917 2134 divae
2946 2078 3221 2134 memoriae
3248 2076 3563 2133 Constanti-

1982 2185 2088 2225 nus
2112 2169 2409 2241 Augustus,
2435 2171 2689 2225 eumdem
2716 2169 3032 2241 episcopum
3069 2170 3121 2224 in
3148 2169 3436 2239 pristinum
3475 2166 3560 2223 lo-

1983 2275 2109 2315 cum
2149 2260 2464 2325 restituere,
2503 2275 2567 2316 ac
2594 2268 2789 2316 vestrae
2823 2258 3205 2314 sacratissima:
3235 2257 3425 2328 pietati
3449 2255 3560 2326 82

1985 2348 2213 2403 reddere
2233 2357 2615 2419 proposuerat,
2643 2347 2901 2418 quoniam
2936 2357 3118 2401 tamen
3150 2346 3389 2409 humana
3414 2354 3563 2400 sorte

1985 2448 2323 2508 praeventus,
2361 2441 2682 2510 priusquam
2718 2448 2909 2495 votum
2950 2454 3111 2495 suum
3150 2438 3450 2508 implesset,
3494 2451 3566 2490 ex

1986 2528 2090 2583 hac
2109 2529 2232 2585 luce
2259 2531 2536 2602 migravit,
2554 2538 2981 2587 consentaneum
3004 2545 3126 2586 esse
3150 2527 3479 2593 existimavi,
3503 2534 3567 2582 ut

1986 2620 2126 2677 divae
2171 2623 2449 2677 memoriae
2491 2621 2758 2693 principis
2801 2621 3179 2692 propositum,
3227 2635 3330 2691 ego
3374 2627 3567 2689 utpote

1988 2710 2186 2775 haeres,
2219 2710 2556 2765 exsecutioni
2585 2709 2922 2765 mandarem.
2950 2708 3163 2775 Quanta
3197 2723 3367 2779 porro
3406 2722 3566 2762 reve-

1987 2797 2167 2855 rentia
2193 2796 2324 2852 illia
2354 2797 2515 2852 nobis
2554 2797 2801 2853 exhibita
2834 2797 3022 2862 fuerit,
3047 2813 3116 2852 ex
3137 2812 3205 2852 eo
3238 2796 3378 2867 ipso,
3402 2794 3567 2850 simul

1987 2896 2151 2959 atque
2177 2887 2235 2943 in
2269 2900 2622 2958 conspectum
2645 2898 2889 2945 vestrum
2929 2887 3165 2954 venerit,
3202 2887 3563 2959 cognoscetis.

1988 2977 2099 3034 Nec
2122 2979 2342 3044 mirum,
2367 2978 2488 3049 ejus
2509 2978 2682 3049 gratia
2723 2977 2930 3048 aliquid
2967 2992 2999 3033 a
3024 2993 3112 3033 me
3136 2977 3340 3033 factum
3375 2975 3565 3032 fuisse.

299 3067 401 3140 τὴν
429 3067 575 3139 ἐμὴν
594 3066 798 3137 ψυχὴν,
822 3068 856 3137 ὴ
879 3063 975 3119 τοῦ
1001 3064 1269 3138 ὑμετέρου
1297 3065 1466 3120 πόθου
1495 3067 1679 3135 εἰκὼν,
1711 3069 1807 3123 καὶ
1830 3069 1890 3124 τὸ

1989 3068 2071 3125 Ad
2107 3069 2212 3124 hoc
2248 3068 2395 3124 enim
2436 3076 2493 3123 et
2532 3068 2711 3139 imago
2752 3066 3002 3138 quaedam
3044 3066 3249 3122 amoris
3288 3065 3479 3130 vestri,
3511 3073 3570 3120 et

298 3158 626 3230 τηλικούτου
670 3157 865 3228 ἀνδρὸς
909 3158 1094 3229 σχῆμα
1129 3159 1209 3221 είς
1233 3156 1394 3211 τοῦτο
1434 3157 1605 3212 ἐκίνει
1639 3159 1735 3212 καὶ
1761 3177 1889 3233 προ-

296 3254 556 3324 έτρεπεν.
592 3251 658 3304 Ἡ
697 3248 818 3303 θεία
843 3248 1077 3322 Πρόνοια
1109 3249 1253 3321 ὑμᾶς
1286 3249 1624 3320 διαφυλάξαι,
1667 3251 1889 3322 ἀδελφοὶ

298 3343 600 3416 ἀγαπητοί.
639 3340 867 3407 Τούτοις
912 3340 1132 3414 θαρρῶν
1163 3343 1276 3405 τοῖς
1322 3346 1647 3414 γράμμασιν
1677 3344 1706 3397 ὁ
1738 3342 1891 3397 Ἀθα-

300 3434 509 3497 νάσιος,
534 3428 949 3501 καταλαμϐάνει
974 3430 1075 3501 τὴν
1106 3429 1532 3504 Ἀλεξάνδρειαν·
1561 3431 1656 3487 καὶ
1698 3432 1889 3505 ἥδιστα

304 3522 407 3597 μὲν
435 3522 604 3576 αὑτὸν
628 3518 915 3584 ἀνεδέξατο
943 3520 972 3573 ὁ
1002 3518 1111 3575 τῶν
1146 3518 1539 3592 Ἀλεξανδρέων
1561 3518 1709 3585 λαός.
1733 3521 1890 3577 Ὅσοι

299 3617 361 3670 δὲ
408 3615 708 3685 ἐτύγχανον
740 3612 1138 3687 ἀρειανίζοντες
1181 3613 1240 3666 ὲν
1286 3611 1446 3684 αὐτῇ,
1494 3612 1729 3685 φατρίας
1775 3630 1892 3668 συν-

305 3708 525 3761 ίσταντο
543 3711 668 3763 κατ’
692 3708 881 3763 αὑτοῦ.
905 3708 984 3762 Δι’
1012 3700 1089 3762 ὧν
1111 3709 1357 3779 συνεχεῖς
1385 3707 1602 3772 στάσεις
1627 3708 1887 3777 ἐγίνοντο·

300 3799 512 3863 αἳτινες
550 3799 813 3854 ὑπόθεσιν
854 3801 1117 3872 παρεῖχον
1154 3801 1270 3863 τοῖς
1311 3798 1440 3870 περῒ⁵
1486 3798 1747 3852 Εὑσέδιον
1794 3798 1888 3852 τοῦ

303 3890 626 3945 διαϐάλλειν
653 3891 817 3947 αὑτὸν
851 3891 1081 3962 βασιλεῖ,
1111 3891 1193 3945 δτι
1225 3891 1300 3963 μὴ
1339 3889 1621 3962 κρίναντος
1647 3890 1740 3945 τοῦ
1778 3908 1894 3946 κοι-

1991 3158 2130 3215 tanti
2150 3158 2256 3213 viri
2279 3157 2489 3229 species
2514 3157 2757 3213 animum
2781 3172 2965 3212 meum
2988 3157 3160 3214 movit
3183 3164 3347 3227 atque
3370 3155 3568 3211 incita-

1991 3251 2089 3306 vit.
2125 3248 2320 3306 Divina
2358 3249 2710 3305 Providentia
2745 3265 2846 3305 vos
2886 3258 3089 3315 servet,
3126 3248 3328 3304 fratres
3358 3248 3568 3304 charis-

1992 3340 2137 3398 simi.
2191 3340 2290 3396 llis
2333 3340 2535 3396 litteris
2578 3340 2754 3397 fretus
2799 3340 3134 3397 Athanasius
3184 3338 3569 3395 Alexandriam

1992 3430 2177 3497 venit;
2204 3439 2260 3485 et
2280 3431 2515 3501 populus
2539 3432 2762 3502 quidem
2798 3430 3206 3486 Alexandrinus
3226 3445 3354 3485 eum
3388 3429 3570 3485 liben-

1996 3524 2203 3581 tissime
2229 3522 2487 3592 suscepit.
2511 3522 2790 3593 Quotquot
2815 3538 2946 3579 vero
2981 3522 3037 3577 in
3072 3522 3165 3577 illa
3188 3522 3328 3577 urbe
3358 3521 3574 3591 opinio-

1994 3635 2121 3696 nem
2141 3616 2257 3673 Arii
2283 3615 2675 3685 sequebantur,
2697 3615 2960 3671 societate
2979 3614 3135 3680 inita,
3156 3613 3423 3669 adversus
3442 3628 3571 3668 eum

1995 3707 2402 3779 conspirabant.
2426 3707 2582 3764 Unde
2622 3707 2831 3763 crebrae
2857 3715 3060 3762 exorta:
3095 3714 3222 3775 sunt
3249 3705 3570 3771 seditiones,

1995 3814 2117 3870 qua:
2149 3814 2338 3855 ansam
2372 3799 2728 3870 praebuerunt
2767 3798 3094 3854 Eusebianis
3141 3805 3205 3853 ut
3238 3798 3391 3853 illum
3427 3798 3572 3868 apud

1998 3891 2382 3962 imperatorem
2404 3898 2746 3958 accusarent,
2771 3890 2918 3962 quod
2940 3890 3057 3946 sine
3080 3889 3301 3945 decreto
3323 3904 3572 3944 commu-

1464 4047 1738 4105 VALESII
1775 4046 2327 4106 ANNOTATIONES.

376 4164 494 4237 (79)
543 4160 1048 4237 Ἀποῖεεέρευγέναι
1084 4163 1171 4227 είς
1204 4160 1640 4237 τνῶσινκῐλλοεο
1675 4162 1883 4237 ἀποπε-

304 4231 573 4304 φεὺγέναι
600 4231 824 4301 γνῶσιν.
850 4242 911 4288 ut
932 4232 1195 4304 scriptum
1229 4241 1315 4287 est
1336 4231 1483 4304 apud
1515 4231 1877 4304 Athanasium

304 4299 364 4359 in
389 4299 725 4360 Defensione
761 4302 1000 4358 secunda
1039 4299 1306 4356 adversus
1351 4299 1604 4366 Arianos,
1637 4300 1734 4355 ubi
1765 4301 1884 4355 haec

303 4373 659 4431 Constantini
685 4373 932 4430 Junioris
969 4370 1202 4441 epistola
1237 4371 1502 4437 refertur,
1534 4370 1661 4430 data
1696 4370 1786 4428 die
1815 4385 1886 4425 xv

1982 4161 2252 4218 Kalendas
2293 4161 2469 4219 Iulias
2527 4161 2788 4217 Treviris.
2838 4161 2930 4216 Sic
2986 4160 3134 4215 enim
3177 4168 3439 4229 concepta
3487 4166 3575 4212 est

1989 4232 2327 4302 subscriptio
2365 4232 2511 4302 apud
2566 4232 2961 4302 Athanasium.
2991 4231 3189 4302 _Da_tam
3232 4238 3416 4302 autem
3434 4243 3573 4302 esse

1990 4298 2270 4357 Felieiano
2316 4310 2375 4357 et
2400 4298 2646 4356 'Titiano
2678 4316 2823 4357 coss.
2872 4299 3005 4354 alibi
3036 4298 3347 4365 observavi,
3394 4298 3450 4352 id
3487 4305 3575 4353 est

1992 4386 2140 4428 anno
2172 4370 2382 4427 Christi
2414 4371 2517 4425 557
2545 4380 2586 4424 ·.

1753 4526 2136 4585 VARIORUM.

379 4657 406 4686 ·
455 4644 666 4714 Ἐδόθη
687 4645 797 4714 πρὸ

311 4710 881 4784 Τριεέροις.ὐοιιιηι
935 4715 1158 4771 Treviris
1212 4730 1280 4769 xv
1322 4712 1606 4784 Kalendas
1669 4710 1883 4784 Iulias,

305 4786 363 4841 id
386 4782 494 4848 est,
524 4786 592 4839 l7
614 4784 787 4842 Junii.
813 4787 890 4841 De
926 4801 1069 4840 anno
1092 4792 1276 4840 autem
1303 4783 1587 4853 disputant
1610 4782 1889 4837 recentio-

306 4872 418 4910 res.
467 4856 722 4911 Valesius
753 4855 887 4919 557,
931 4855 1022 4910 alii
1045 4871 1179 4910 vero
1220 4852 1545 4922 sequentem
1588 4852 1888 4922 assignant.

308 4925 487 4980 Litem
511 4926 799 4980 resolvunt
821 4925 1153 4982 Athanasius
1185 4932 1243 4979 et
1271 4922 1662 4978 Theodoritus.
1688 4921 1787 4977 Ille
1833 4923 1891 4977 in

305 4994 560 5066 Epistula
586 4995 656 5050 ad
695 4995 991 5066 solitarios,
1023 4994 1188 5066 paulo
1232 5000 1359 5066 post
1390 4988 1611 5066 initium
1639 5009 1652 5045 :
1703 4991 1893 5066 Ταῦτα

308 5061 670 5134 σῦνορῶντες,
705 5065 803 5129 ait,
825 5067 874 5119 οί
900 5061 1047 5135 τρεῖς
1068 5061 1306 5135 ἀδελφοί.
1342 5093 1411 5135 5—-
1430 5061 1563 5135 Ηως
1577 5078 1695 5115 eum
1719 5062 1897 5135 anim-

309 5130 653 5205 adverterent
699 5144 803 5189 tres
835 5130 1050 5205 fratres,
1093 5130 1888 5205 Constantinus,Constantius,

310 5212 361 5256 et
390 5203 680 5277 Constans,
716 5202 844 5276 post
866 5206 1033 5277 patris
1057 5204 1273 5277 obitum,
1305 5217 1484 5256 omnes
1504 5202 1571 5277 in
1588 5203 1821 5272 patriam
1845 5209 1895 5277 et

310 5275 609 5345 Ecclesium
661 5272 818 5329 suam
855 5272 1045 5329 reverti
1078 5275 1404 5345 jusserunt;
1445 5272 1730 5345 scribentes
1772 5272 1895 5345 qui-

308 5342 431 5398 dem
459 5345 528 5398 de
547 5346 773 5417 singulis
799 5345 872 5400 ad
888 5340 1136 5417 prapri_as
1178 5342 1491 5417 Ecclesias,“
1512 5340 1576 5417 de
1600 5340 1895 5417 Athanasio

309 5422 489 5469 atem
510 5416 584 5469 ad
609 5410 747 5470 lianc
772 5410 1004 5470 modum:
1063 5414 1193 5469 Post
1212 5413 1329 5468 haec
1351 5410 1645 5481 subjicitur
1671 5410 1893 5466 initium

307 5483 554 5553 epistola
584 5485 930 5542 Constantini
958 5482 1221 5542 Junioris.
1254 5481 1409 5553 Hinc
1430 5480 1569 5537 .Sane
1610 5480 1788 5551 liquet
1825 5496 1893 5535 ex

827 4645 1149 4724 detege-rents
1176 4640 1506 4724 Καλαχδῷν
1530 4642 1802 4724 ’Ἰουλ-ίωγ
1821 4641 1890 4697 ἐν

1991 4642 2247 4724 sitimque
2274 4655 2344 4724 ex
2379 4641 2568 4699 Galliis
2609 4641 2861 4724 rediisse.
2887 4638 3213 4724 CumOenim
3246 4654 3408 4724 anno
3445 4638 3574 4721 557,

1991 4712 2118 4767 Maii
2143 4709 2407 4769 vicesima
2456 4713 2718 4779 secunda,
2766 4710 3159 4768 Constantinus
3211 4709 3436 4775 obierit,
3486 4710 3577 4767 vix

1993 4783 2059 4838 17
2083 4782 2247 4854 ΙιιιιὶἰΔ
2274 4784 2522 4854 ejusdem
2565 4783 2695 4839 anni
2733 4783 2989 4854 nuntium
3034 4781 3222 4854 obitus
3258 4779 3579 4835 Constanti-

1992 4854 2180 4924 nopoli
2207 4850 2468 4909 Treviros
2509 4854 2826 4924 pervenisse
2859 4852 3135 4924 credat_ur.
3168 4850 3282 4906 Nec
3313 4858 3423 4905 tam
3455 4867 3580 4924 mo-

1993 4921 2117 4979 dico
2158 4925 2421 4993 temporis
2443 4921 2754 4990 intervallo,
2794 4923 2993 4993 fratres
3022 4922 3266 4993 Caesares
3306 4926 3457 4976 tanto
3478 4921 3577 4993 iti-

1993 5009 2143 5065 nere,
2178 4991 2469 5065 disiuncti,
2523 5009 2603 5065 ac
2644 5002 2755 5048 tam
2820 4992 3105 5065 gravibus_
3138 4991 3276 5046 alias
3343 4991 3582 5062 negotiis

1996 5061 2282 5135 implicati,
2330 5062 2606 5135 communi
2637 5061 2908 5135 consensu
2953 5061 3173 5118 exsules
3194 5061 3482 5135 revocare,
3514 5075 3582 5115 ac

1996 5127 2209 5189 litteras
2246 5134 2532 5203 exsulibus
2561 5134 2776 5189 tradere
2822 5139 3145 5203 potuerunt.
3185 5127 3317 5203 Quae
3351 5139 3580 5203 senten-f

1990 5204 2068 5259 tia
2100 5204 2439 5262 validissime
2469 5201 2720 5257 ﬁrmatur
2745 5198 3069 5259 Tlfeodoriti
3095 5200 3435 5264 testimonio,
3482 5198 3581 5269 qui

1991 5273 2089 5330 lib.
2122 5289 2181 5346 ιι,
2206 5289 2343 5346 σορᾷ
2372 5274 2423 5337 Ι,
2452 5272 2554 5346 ait
2590 5273 2951 5329 Athanasium
2981 5272 3209 5346 biennio
3246 5278 3306 5346 ei.
3340 5277 3580 5346 quatuor

1989 5338 2548 5400 mensibus'Trcviris
2578 5354 3002 5399 commoratum.
3047 5341 3184 5397 Cum
3216 5338 3375 5396 enini
3410 5338 3582 5393 Atha-

1989 5414 2182 5470 nasius
2202 5414 2361 5470 initio
2387 5413 2517 5470 anni
2543 5412 2648 5469 556
2692 5413 2951 5471 Treviros
2996 5411 3304 5474 advenerit,
3334 5423 3444 5463 non
3474 5422 3578 5477 po-

1990 5485 2100 5539 tuit
2121 5483 2228 5541 nisi
2252 5500 2397 5551 anno
2441 5483 2568 5551 558,
2603 5483 2744 5540 duos
2789 5499 2963 5540 annos
2996 5490 3053 5537 et
3100 5487 3339 5551 quatuor
3361 5488 3583 5551 menses

306 5544 474 5629 irinm
516 5555 755 5611 fratrum
798 5568 1070 5629 consensu
1114 5552 1568 5629 exsule_s__omne_s
1610 5544 1898 5629 revocatos
2003 5554 2211 5629 ibidem
2246 5544 2570 5629 confecisse:
2615 5552 2722 5629 (Cl.
2754 5552 3010 5616 monachi
3062 5544 3426 5623 Benedictini,
3460 5551 3579 5602 net.

307 5620 513 5697 inisse;
540 5634 731 5697 atque
781 5627 922 5697 adeo
948 5640 1068 5697 non
1099 5637 1252 5697 anno
1288 5622 1414 5697 557,
1454 5621 1552 5697 sed
1599 5627 1890 5697 sequente,

310 5692 369 5749 l‘i
393 5689 549 5755 Junii
589 5689 861 5770 scriptam
882 5695 1054 5754 fuisse
1099 5692 1241 5751 hanc
1293 5691 1602 5765 epistolam,
1649 5689 1894 5749 Athana-

2001 5624 2060 5683 in
2090 5623 2497 5693 Athanasium.)
