4078 6210
334 280 443 338 9.9.5

1380 284 1701 340 HISTORIA
1746 280 2298 340 ECCLESIASTICA.
2342 315 2409 324 —
2450 285 2578 340 LIB.
2621 286 2687 341 ll.

3500 287 3605 346 226

338 392 485 465 παρά
504 391 575 447 τά
606 391 956 463 προλαϐόντα
988 391 1338 464 περιέχουσα,
1369 394 1427 446 ὲν
1458 393 1669 457 τούτοις
1694 393 1913 465 ἐξετέθη

2018 394 2198 463 posita
2234 405 2337 452 est.
2361 396 2657 452 Credimus
2689 397 2746 452 in
2775 412 2945 452 unum
2978 397 3152 454 Deum
3184 400 3399 456 Patrem
3426 404 3606 459 omni-

336 487 444 549 τοῖς
471 485 703 556 ῥήμασι·
737 484 1075 555 Πιστεύομεν
1103 484 1184 546 εἰς
1204 483 1299 537 ἕνα
1332 484 1488 551 Θεὸν,
1519 486 1743 557 Πατέρα
1777 504 1917 540 παν-

349 577 662 647 ιοκράτορα,
690 574 922 647 κτίστην
957 576 1050 630 καὶ
1100 576 1331 648 ποιητὴν
1357 577 1469 632 τῶν
1504 579 1743 643 πάντων,
1769 578 1829 645 ιε
1854 574 1917 635 οῦ

344 668 482 720 πᾶσα
509 664 723 736 πατριά
777 667 837 719 ὲν
866 666 1115 738 οὐρανοῖς
1153 667 1251 720 καὶ⁵
1297 667 1390 721 ἐπὶ
1423 667 1531 738 γῆς
1568 667 1911 739 ὀνομάζεταιι

336 759 427 813 κάὶ
453 760 536 824 εἰς
561 757 653 811 τὸν
678 757 943 829 μονογενῆ
968 757 1132 812 αὐτοῦ
1156 758 1286 812 Υιὸν
1329 759 1536 830 Ἰησοῦν
1555 760 1808 831 Χριστὸν,
1823 760 1916 816 τὸν

333 849 537 921 Κύριον
572 848 750 920 ἡμῶν,
777 847 871 901 τὸν
905 847 1014 920 πρὸ
1060 848 1281 903 πάντων
1314 849 1427 903 τῶν
1468 848 1681 905 αἰώνων
1721 867 1917 922 γεννη-

331 939 489 993 θέντα
512 941 579 992 ὲκ
607 938 705 992 τοῦ
732 938 969 1011 Πατρός·
995 938 1129 993 Θεὸν
1161 940 1226 993 ἑκ
1256 939 1416 993 Θεοῦ·
1447 940 1564 1010 φῶς
1619 941 1684 995 ἐκ
1709 940 1911 1010 φωτός·

330 1029 395 1082 δι’
426 1024 488 1084 οὗ
510 1029 733 1098 ἐγένετο
757 1028 829 1082 τά
867 1029 1048 1083 πάντα
1092 1027 1164 1082 τά
1204 1030 1262 1083 ὲν
1297 1032 1410 1094 τοῖς
1437 1032 1684 1102 οὐρανοῖς
1722 1032 1817 1085 καὶ
1844 1031 1916 1087 τά

332 1123 424 1175 ἐπὶ
472 1121 576 1191 τῆς
635 1120 760 1191 γῆς.
813 1120 880 1175 τά
936 1119 1109 1192 ὀρατά
1157 1120 1254 1175 καὶ
1309 1120 1380 1175 τά
1433 1121 1639 1193 ἀόρατα
1664 1136 1680 1153 ⁸
1740 1120 1915 1191 Λόγον

329 1213 476 1277 ὂντα,
527 1215 623 1266 καὶ
680 1212 897 1282 σοιρίαν,
952 1213 1045 1267 καὶ
1103 1210 1336 1283 δύναμιν
1399 1212 1497 1267 καὶ
1563 1211 1710 1285 ζωὴν
1738 1251 1755 1277 ,
1816 1214 1913 1268 καὶ

332 1304 446 1374 φῶς
474 1303 747 1375 ἀληθινόν.
780 1304 886 1357 Τὸν
914 1303 1002 1357 ἐπ’
1028 1304 1256 1375 ἐσχάτου
1285 1302 1396 1357 τῶν
1426 1303 1651 1376 ήμεριῖιν
1665 1304 1735 1358 δι’
1762 1304 1914 1376 ⁴ἡμᾶς

331 1393 854 1466 ἐνανθρωπήσαντα,
886 1394 983 1448 καὶ
1005 1394 1333 1465 γεννηθέντα
1365 1395 1429 1448 ὲκ
1447 1396 1547 1466 τῆς
1573 1393 1735 1464 ἀγιας
1763 1398 1914 1467 Παρ-

330 1485 484 1539 θένου
511 1504 525 1518 ι
556 1485 651 1538 τὸν
704 1484 1110 1555 σταυρωθέντα,
1144 1485 1240 1539 καὶ
1284 1483 1644 1549 ἀποθανόντα,
1677 1484 1774 1539 καὶ
1815 1501 1914 1539 τα-

330 1573 520 1642 φέντα,
554 1574 651 1627 καὶ
697 1574 1009 1628 ἀναστάντα
1046 1574 1111 1627 ὲκ
1170 1573 1382 1647 νεκρῶν
1412 1576 1480 1645 τῇ
1514 1575 1675 1649 τρίτῃ
1702 1574 1909 1648 ἡμέρᾳ,

329 1664 425 1734 καὶ
479 1662 863 1734 ἀναληφθέντα
910 1663 992 1728 εἰς
1038 1662 1288 1734 οὐρανὸν,
1343 1663 1439 1718 καὶ
1482 1663 1819 1719 καθεσθέντα
1844 1666 1913 1719 ἑκ

2017 492 2333 554 potentem,
2389 502 2698 543 creatorem
2734 489 2982 543 omnium
3020 499 3078 545 et
3133 491 3505 560 conditorem;
3534 509 3603 548 ex

2014 591 2125 646 quo
2154 579 2336 633 omnis
2369 580 2673 650 paternitas
2700 579 2757 634 in
2781 580 2923 637 cmlo
2952 590 3010 636 et
3042 582 3099 637 in
3146 583 3309 637 terris
3355 585 3603 640 nomina—

2014 669 2203 722 tur":
2239 677 2298 724 et
2327 669 2385 725 in
2431 670 2779 744 unigenitum
2821 670 3021 726 Filium
3064 672 3188 743 ejus
3227 673 3411 729 Iesum
3438 673 3599 730 Chri-

2012 766 2178 825 stum,
2225 761 2517 817 Dominum
2545 769 2818 828 nostrum,
2853 768 2981 818 ante
3009 761 3193 817 omnia
3227 762 3424 818 secula
3454 762 3604 831 geni-

2014 855 2132 903 tum
2162 864 2233 905 ex
2263 851 2447 917 Patre,
2473 852 2647 907 Deum
2665 867 2732 908 ex
2760 853 2893 917 Deo,
2923 852 3113 908 lumen
3131 867 3200 907 ex
3226 851 3470 918 lumine;
3504 866 3604 921 per

2013 952 2177 1007 quem
2202 941 2387 995 omnia
2411 940 2556 997 facta
2587 949 2718 997 sunt
2746 942 2804 997 in
2837 943 2979 999 caelo
3006 951 3064 997 et
3105 942 3163 996 in
3197 941 3381 1006 terris,
3408 941 3602 997 visibi—

2011 1028 2084 1084 lia
2109 1038 2167 1085 et
2191 1031 2525 1101 invisibilia;
2547 1034 2642 1103 qui
2669 1033 2912 1089 Verbum
2945 1041 3033 1090 est
3063 1041 3122 1088 et
3148 1033 3418 1109 sapientia
3438 1041 3605 1104 atque

2010 1122 2295 1189 potentia,
2329 1122 2443 1194 99
2466 1123 2583 1179 vita
2629 1130 2684 1180 et
2723 1123 2819 1179 lux
2861 1138 3028 1190 vera;
3065 1124 3160 1193 qui
3191 1122 3249 1177 in
3288 1122 3608 1177 novissimis

2012 1215 2212 1272 diebus
2256 1222 2484 1285 propter
2527 1229 2631 1271 nos
2661 1214 2828 1271 homo
2874 1213 3055 1270 factus
3090 1220 3200 1277 est,
3230 1221 3501 1282 natusque
3536 1228 3605 1268 ex

2010 1303 2357 1361 sanctissima
2388 1302 2617 1375 Virgine
2643 1321 2657 1358 :
2691 1304 2787 1374 qui
2819 1302 3117 1359 cruciﬁxus
3144 1310 3230 1358 est
3265 1309 3323 1356 et
3352 1310 3605 1357 mortuus

2010 1409 2076 1449 ac
2111 1395 2379 1464 sepultus.
2410 1393 2597 1450 Tertia
2637 1402 2822 1451 autem
2860 1393 2949 1449 die
2988 1394 3229 1449 surrexit
3275 1408 3307 1447 a
3344 1392 3603 1457 mortuis,

2010 1493 2069 1541 et
2095 1484 2349 1541 ascendit
2375 1484 2431 1540 in
2460 1485 2682 1550 ctelum,
2715 1484 2978 1554 sedetque
3003 1483 3072 1539 ad
3089 1484 3371 1539 dexteram
3402 1483 3601 1549 Patris,

2009 1581 2281 1629 venturus
2332 1572 2389 1628 in
2443 1571 2553 1629 ﬁne
2598 1574 2925 1629 saeculorum
2972 1579 3035 1627 ut
3065 1572 3279 1644 judicet
3330 1570 3486 1625 vivos
3538 1585 3605 1625 ac

2011 1672 2281 1730 mortuos,
2312 1671 2372 1719 et
2389 1663 2689 1733 unicuique
2716 1662 3027 1719 mercedem
3054 1662 3238 1734 operis
3260 1662 3347 1718 sui
3368 1660 3599 1717 reddat:

328 1724 520 1821 δεξιῶν
560 1724 947 1826 τοῦ’Πατρός“
970 1724 1288 1827 *ἐρχόμενον
1325 1755 1420 1810 ἰπὶ
1475 1755 1758 1829 συντελείᾳ
1800 1756 1912 1811 τῶν

2014 1754 2168 1827 cuius
2197 1724 2430 1826 regnum
2481 1724 2913 1819 interminabile,
2941 1754 3000 1808 in
3045 1724 3262 1807 inliuita
3310 1760 3602 1824 permanet

328 1845 540 1899 αἰώνων
558 1846 745 1916 κρίναι
780 1844 995 1910 ζῶντας
1047 1845 1142 1899 καὶ
1169 1843 1420 1915 νεκροὺς,
1471 1844 1571 1900 καὶ
1616 1844 1912 1900 ἀποδοῦναι

325 1936 546 2007 ἑκάστῳ
577 1936 720 1990 κατά
747 1935 818 1990 τά
854 1934 996 2010 ἔργα
1028 1934 1227 1991 αὑτοῦ
1246 1930 1310 1993 οῦ
1362 1937 1399 2009 ἡ
1427 1935 1670 2007 βασιλεία
1703 1937 1913 1993 ἀκατά-

327 2043 576 2090 παυστος
589 2022 749 2093 οὖσα,
777 2026 1028 2099 διαμένει
1045 2029 1128 2092 εις
1148 2026 1411 2100 ἀπείρους
1424 2026 1626 2093 αιώνας
1642 2042 1660 2059 ⁸
1683 2028 1915 2095 καθέζε-

322 2138 419 2176 ται
442 2120 559 2192 γὰρ
585 2122 644 2174 ἐν
673 2119 820 2192 δεξιᾷ
855 2118 952 2174 τοῦ
986 2119 1222 2193 Πατρὺς,
1274 2120 1339 2175 οὐ
1386 2120 1549 2193 μόνον
1566 2122 1626 2175 ὲν
1642 2121 1723 2194 τῷ
1752 2121 1912 2178 αἰῶνι

321 2212 519 2283 τούτῳ,
555 2210 693 2266 ἀλλὰ
715 2210 812 2265 καὶ
840 2211 901 2265 ὲν
928 2209 1011 2282 τῷ
1049 2210 1318 2283 μέλλοντι.
1346 2212 1684 2286 Πιστεύομεν
1721 2214 1780 2268 δὲ
1815 2217 1913 2272 καὶ

320 2306 402 2367 εἰς
435 2304 497 2356 τὸ
518 2301 744 2373 Πνεῦμα
770 2302 835 2355 τδ
867 2301 1045 2371 ἀγιον,
1068 2302 1348 2358 τουτέστιν
1370 2305 1452 2368 εις
1487 2304 1579 2360 τδν
1611 2306 1912 2380 Παράκλη-

319 2407 435 2446 τον⁹
462 2390 603 2462 ὅπερ
625 2389 1096 2463 ἐπαγγειλάμενος
1140 2394 1255 2456 τοῖς
1288 2392 1624 2461 ἀποστόλοις,
1649 2397 1790 2467 μετά
1811 2397 1913 2471 τὴν

319 2484 404 2545 εἰς
431 2482 665 2555 οὐρανὸν
685 2482 876 2538 ἄνοδον
917 2482 1204 2537 ἀπέστειλε
1241 2483 1449 2551 διδάξαι
1475 2486 1568 2540 καὶ
1600 2487 1913 2560 ὑπομνῆσαι

317 2574 523 2638 αὐτοὺς
577 2574 791 2629 πάντα²
833 2574 904 2629 δι’
946 2569 1010 2630 οῦ
1063 2575 1158 2630 καὶ
1196 2573 1596 2644 ἀγιάξονταιαὶ
1631 2578 1740 2632 τῶν
1782 2579 1915 2632 εἱλι-

323 2664 528 2737 κρινῶς
551 2667 632 2731 εἰς
664 2666 827 2721 αὑτὸν
853 2668 1219 2722 πιστευόντων
1248 2667 1438 2740 ψυχαί.
1471 2669 1610 2734 Τοὺς
1649 2669 1706 2723 δὲ
1731 2670 1916 2741 λέγον-

320 2774 421 2819 τας
450 2757 512 2822 ὲξ
550 2758 652 2811 οὔκ
677 2758 847 2812 ὄντων
874 2760 968 2814 τὸν
997 2758 1143 2825 Υἱδν,
1168 2758 1201 2831 ἢ
1224 2759 1284 2826 ἐξ
1318 2761 1510 2832 ἑτέρας
1541 2761 1912 2831 ὑποστάσεως,

320 2849 417 2902 καὶ
448 2849 524 2919 μὴ
557 2849 623 2902 ὲκ
640 2847 737 2901 τοῦ
765 2848 926 2916 Θεοῦ,
962 2849 1057 2903 καὶ
1099 2850 1181 2904 ὅτι
1224 2847 1294 2922 ἦν
1315 2867 1449 2905 ποτε
1470 2852 1473 2855 ’
1494 2852 1682 2924 χρόνος
1709 2853 1742 2925 ἢ
1778 2852 1915 2907 αἰὼν

318 2942 408 2994 ὅτε
438 2940 516 3011 μὴ
560 2937 653 3013 ἦν,
680 2940 994 3012 ἀλλοτρίους
1039 2936 1179 2996 οἶδεν
1205 2945 1240 3015 ή
1292 2943 1424 3013 ἁγία
1467 2944 1745 3016 Καθολικὴ
1788 2946 1914 3001 Ἐκ-

319 3029 524 3100 κλησεα
607 3030 815 3102 ὁμοίως
844 3031 938 3084 καὶ
965 3031 1092 3096 τοὺς
1116 3031 1375 3102 λέγοντας
1393 3037 1541 3106 τρεῖς
1560 3030 1700 3089 εἶναι
1721 3035 1911 3101 Θεοὺς,

2012 1846 2233 1903 saecula.
2259 1844 2426 1902 Sedet
2467 1845 2616 1901 enim
2645 1844 2715 1899 ad
2740 1843 3025 1900 dexteram
3065 1843 3244 1899 Patris
3275 1858 3386 1898 non
3423 1843 3599 1898 solum

2011 1936 2072 1993 in
2114 1937 2221 1993 hoc
2257 1936 2482 2002 saeculo,
2530 1950 2727 1991 verum
2765 1934 2933 1990 etiam
2966 1934 3023 1989 iu
3060 1933 3269 1991 futuro.
3308 1933 3604 1991 Credimus

2009 2026 2179 2082 etiam
2208 2026 2267 2082 in
2289 2024 2557 2098 Spiritum
2588 2033 2862 2091 sanctum,
2893 2024 3001 2080 hoc
3021 2032 3107 2081 est
3144 2024 3202 2080 in
3232 2024 3601 2088 Paracletum,

2010 2131 2178 2188 quem
2207 2115 2465 2173 Christus
2494 2115 2776 2188 pollicitus
2811 2115 3109 2186 apostolis,
3141 2123 3267 2188 post
3310 2130 3601 2172 ascensum

2011 2208 2310 2274 incmlum,
2344 2207 2499 2263 misit
2528 2215 2591 2263 ut
2619 2207 2845 2263 doceret
2882 2207 3008 2263 illos
3033 2222 3100 2263 ac
3136 2207 3495 2262 submoueret
3530 2207 3602 2262 de

2010 2299 2271 2357 omnibus
2302 2316 2317 2353 :
2346 2315 2449 2371 per
2499 2315 2666 2371 quem
2713 2300 2882 2357 etiam
2935 2299 3352 2356 sanctiﬁcantur
3405 2300 3603 2356 animae

2011 2406 2206 2446 eorum
2226 2391 2321 2461 qui
2350 2391 2565 2448 sincere
2588 2391 2644 2446 in
2670 2390 2826 2447 illum
2856 2390 3109 2446 credunt.
3144 2390 3274 2447 Illos
3300 2397 3485 2446 autem
3506 2390 3602 2461 qui

2013 2480 2208 2537 dicunt
2232 2482 2436 2538 Filium
2468 2497 2537 2538 ex
2571 2496 2641 2538 eo
2672 2481 2820 2553 quod
2846 2495 2957 2536 non
2979 2488 3101 2536 erat
3130 2480 3467 2546 substitisse,
3502 2488 3603 2535 aut

2012 2590 2080 2631 cx
2118 2574 2226 2630 alia
2250 2575 2581 2639 substantia,
2609 2590 2723 2630 non
2750 2583 2937 2629 autem
2973 2589 3042 2629 ex
3067 2574 3209 2638 Deo,
3245 2580 3343 2628 aut
3390 2581 3605 2644 tempus

2014 2665 2311 2736 aliquando
2362 2666 2452 2721 vel
2489 2665 2750 2722 szeculum
2799 2663 2970 2719 fuisse
3007 2678 3134 2719 cum
3184 2678 3298 2717 non
3338 2670 3602 2724 exstaret,

2013 2772 2117 2828 pro
2144 2757 2338 2813 alienis
2358 2757 2525 2812 habet
2558 2764 2744 2812 sancta
2768 2766 2825 2810 et
2857 2753 3141 2826 Catholica
3189 2753 3454 2809 Ecclesia.
3497 2753 3606 2809 Eos

2014 2849 2149 2905 item
2188 2848 2284 2919 qui
2334 2848 2527 2903 dicunt
2557 2856 2673 2903 tres
2708 2861 2831 2902 esse
2874 2845 3027 2910 deos,
3059 2853 3156 2899 aut
3182 2844 3461 2901 Christum
3494 2861 3605 2900 non

2013 2953 2135 2995 esse
2158 2939 2332 2993 Deum
2355 2946 2482 2993 ante
2500 2937 2718 3002 saecula,
2741 2949 2923 3006 neque
2954 2934 3258 3000 Christum,
3292 2950 3471 3005 neque
3515 2936 3604 2990 Fi-

2014 3029 2151 3084 lium
2176 3028 2274 3084 Dei
2315 3028 2469 3083 illum
2511 3043 2632 3083 esse
2663 3044 2675 3081 :
2706 3036 2805 3082 aut
2829 3025 3085 3081 eumdem
3103 3041 3224 3081 esse
3255 3025 3495 3090 Patrem,
3549 3033 3607 3081 et

316 3119 350 3190 ἢ
380 3121 474 3174 τὸν
508 3121 751 3192 Χριστὸν
781 3122 857 3194 μὴ
883 3120 1023 3178 εἶναι
1050 3124 1183 3178 Θεὸν
1230 3126 1339 3196 πρὸ
1373 3127 1484 3180 τῶν
1510 3127 1742 3192 αἰώνων,
1776 3130 1913 3200 μήτε

2017 3122 2239 3187 Filium,
2272 3129 2329 3176 et
2356 3120 2621 3191 Spiritum
2638 3128 2889 3174 sanctum
2916 3136 2929 3172 :
2956 3126 3051 3173 aut
3078 3118 3275 3173 Filium
3306 3133 3426 3173 esse
3451 3117 3606 3188 inge-

316 3212 578 3283 Χριστὸν,
609 3215 751 3285 μήτε
776 3214 903 3268 my
948 3215 1083 3269 Θεοῦ
1112 3214 1255 3272 εἶναι
1285 3219 1450 3272 αὐτὸν
1486 3231 1535 3284 ει,
1563 3219 1597 3290 ἢ
1625 3220 1717 3275 τδν
1744 3221 1907 3275 αὐτὸν

316 3301 462 3359 εἶναι
496 3307 725 3378 Πατέρα
751 3308 849 3362 καὶ
879 3307 1004 3362 Υἱδν
1029 3310 1125 3363 καὶ
1170 3310 1325 3379 ἅγιον
1355 3311 1601 3383 Πνεῦμα,
1633 3313 1727 3367 καὶ
1754 3313 1917 3382 ἀγέν-

315 3416 480 3469 νητον
514 3398 610 3452 τὸν
631 3398 781 3465 Υἱὺν,
809 3399 843 3470 ἦ
886 3400 968 3453 ὅτι
995 3402 1055 3454 οὐ
1091 3400 1366 3473 βουλήσει,
1399 3402 1520 3457 οὐδὲ
1549 3403 1765 3475 θελήσει
1799 3406 1913 3475 (50)

314 3486 674 3557 ἐγέννησενό
715 3487 903 3560 Πατὴρ
946 3489 1039 3542 τὸν
1082 3489 1233 3554 Υῑὸν,
1281 3491 1670 3563 ἀναθεματίζει
1704 3495 1736 3565 ἡ
1783 3495 1917 3563 ἁγία

315 3580 415 3633 καὶ
464 3580 752 3652 Καθολικὴ
801 3581 1123 3654 Ἐκκλησία.
1170 3582 1310 3637 Οὔτε
1358 3584 1469 3654 γὰρ
1514 3584 1576 3651 ἐξ
1611 3586 1713 3640 οὐκ
1747 3586 1916 3641 ὄντων

315 3672 501 3741 λέγειν
536 3672 633 3726 τὸν
656 3672 786 3726 Τίον
815 3673 1076 3743 ἀσφαλές·
1119 3674 1243 3729 ἐπεὶ
1294 3675 1547 3747 μηδαμοῦ
1607 3675 1768 3731 τοῦτο
1805 3677 1915 3732 τῶν

314 3762 707 3817 θεοπνεύστων
758 3764 994 3837 Γραφῶν
1046 3766 1347 3838 ἐμφέρεται
1396 3766 1746 3839 περὶαύτοῦ.
1777 3767 1914 3823 Οὔτε

319 3856 471 3927 μὴν,
525 3856 588 3923 ἐξ
649 3856 846 3928 ἑτέρας
910 3857 1262 3922 ὑποστάσεως
1319 3859 1473 3931 παρά
1541 3859 1634 3915 τὸν
1697 3861 1917 3933 Πατέρα

318 3947 847 4019 προῦποκειμένης,
895 3947 1012 4002 ἀλλ’
1058 3949 1123 4002 ὲκ
1176 3947 1341 4020 μόνου
1377 3948 1472 4003 τοῦ
1501 3948 1639 4003 Θεοῦ
1676 3950 1916 4021 γνησίως

264 4063 283 4072 -
316 4037 486 4090 αὐτὸν
510 4037 875 4108 γεγεννῆσθαι
895 4038 1281 4110 διδασκόμεθα.
1305 4040 1404 4094 Ἔν
1422 4040 1532 4111 γὰρ
1546 4039 1606 4094 τὸ
1621 4040 1916 4111 ἀγέννητον

318 4128 419 4181 καὶ
452 4127 719 4203 ἄναρχον,
740 4128 833 4184 τὸν
861 4129 1102 4201 Χριστοῦ
1156 4129 1377 4203 Πατέρα
1430 4132 1459 4184 ό
1496 4130 1639 4197 θεῖος
1674 4131 1915 4187 διδάσκει

316 4219 503 4287 λόγος.
551 4221 693 4273 Ἀλλ’
726 4221 847 4274 οὐδὲ
877 4221 937 4274 τὸ
978 4216 1048 4292 ἦν
1077 4238 1208 4274 ποτε
1235 4222 1325 4275 ὅτε
1355 4217 1455 4277 οὗκ
1474 4218 1543 4295 ἦν
1575 4223 1636 4289 ἐξ
1650 4225 1915 4296 ἀγράφων

316 4312 651 4382 ἐπισφαλῶς
674 4312 955 4382 λέγοντας,
998 4313 1252 4387 χρονικδν
1269 4313 1544 4386 διάστημα
1573 4315 1913 4389 προενθυμη·

316 4405 443 4458 τέον
471 4404 670 4473 αὐτοῦ,
704 4405 878 4478 ἀλλ’ἢ
908 4409 1067 4478 μόνον
1098 4406 1190 4462 τὸν
1232 4408 1476 4481 ἀχρόνως
1522 4409 1685 4465 αὑτὸν
1724 4424 1915 4480 γεγεν-

318 4495 531 4565 νηκότα
557 4495 695 4549 Θεόν
718 4512 735 4526 ’
764 4495 860 4550 καὶ
878 4494 1060 4567 χρόνοι
1088 4496 1198 4568 γὰρ
1222 4497 1317 4551 καὶ
1338 4496 1531 4562 αἰῶνες
1558 4498 1817 4569 γεγόνασι
1840 4497 1910 4551 δι’

317 4587 514 4641 αὑτοῦ.
553 4586 692 4641 Οὔτε
723 4588 833 4660 μὴν
859 4588 1216 4661 συνάναρχον,
1246 4588 1370 4643 οὔτε
1399 4589 1792 4661 συναγέννητον
1819 4590 1909 4644 τὸν

318 4679 455 4734 τῶν
473 4680 557 4751 τῷ
588 4680 766 4750 Πατρὶ
790 4678 953 4748 εἶναι,
980 4682 1283 4752 νομιστέον.
1315 4682 1657 4753 Συνανάρχου
1677 4681 1786 4753 γὰρ
1815 4682 1912 4735 καὶ

324 4773 730 4845 συναγεννήτου
757 4773 932 4839 οὐδεὶς
969 4774 1175 4847 κυρίως
1206 4773 1474 4847 Πατὴρ,ἥ
1505 4774 1633 4838 Υἱὸς
1656 4773 1912 4845 λεχθήσε-

396 4928 441 4961 ²⁷
502 4929 711 5001 Ephes.
768 4945 851 4997 tu,
908 4931 995 4986 15.

2015 3214 2193 3270 nitum
2216 3254 2232 3279 ,
2267 3221 2363 3268 aut
2396 3212 2615 3267 Patrem
2645 3226 2756 3265 non
2795 3209 3023 3265 arbitrio
3069 3225 3170 3265 suo
3210 3225 3274 3265 ac
3319 3210 3606 3265 voluntate

2014 3306 2266 3378 genuisse
2298 3304 2518 3370 Filium,
2543 3319 2659 3368 eos,
2697 3303 2942 3373 inquam,
2972 3301 3397 3357 anathematizat
3419 3309 3606 3355 sancta

2013 3407 2071 3455 et
2096 3397 2427 3454 universalis
2450 3396 2718 3452 Ecclesia.
2754 3395 2890 3451 Nam
2927 3410 3107 3465 neque
3130 3395 3268 3449 citra
3295 3393 3606 3464 periculum

2013 3490 2220 3546 erroris
2244 3489 2353 3544 dici
2385 3495 2569 3559 potest
2596 3487 2796 3543 Filium
2826 3500 2896 3540 ex
2920 3486 2989 3540 iis
3007 3500 3129 3554 qua;
3164 3500 3276 3540 non
3316 3492 3478 3540 erant
3506 3500 3604 3539 ex—

2006 3581 2242 3646 stitisse,
2269 3596 2394 3636 cum
2428 3594 2703 3649 nusquam
2746 3579 2803 3633 in
2846 3577 3051 3633 divinis
3097 3577 3282 3632 Libris
3326 3576 3380 3631 id
3411 3577 3478 3631 de
3509 3577 3605 3631 illo

2014 3672 2295 3743 proditum
2319 3669 2697 3740 reperiamus;
2722 3683 2902 3738 neque
2933 3683 3000 3723 ex
3028 3668 3132 3723 alia
3162 3676 3363 3738 praeter
3386 3668 3605 3722 Putrem
3680 3696 3687 3703 -

2015 3765 2171 3837 prius
2196 3764 2495 3820 exsistente
2528 3748 2831 3835 h§postasi,
2871 3761 2968 3818 sed
2991 3777 3058 3817 ex
3075 3761 3192 3816 solo
3216 3760 3327 3815 Deo
3346 3775 3476 3815 vere
3513 3775 3606 3830 ge-

2014 3861 2194 3917 nitum
2244 3876 2366 3917 esse
2404 3859 2699 3915 didicimus
2735 3877 2749 3913 :
2780 3873 2952 3915 unum
2997 3858 3144 3913 enim
3182 3856 3484 3927 ingenitum
3542 3871 3607 3910 ac

2014 3952 2272 4023 principii
2327 3960 2609 4023 expertem
2652 3967 2795 4016 esse,
2834 3949 3041 4006 Christi
3082 3948 3299 4023 scilicet
3347 3947 3602 4010 Patrem,

2015 4040 2236 4096 divinus
2272 4056 2455 4096 sermo
2494 4040 2832 4111 pronuntiat.
2871 4037 2977 4093 Sed
3009 4016 3187 4106 neduc
3216 4051 3312 4091 eos
3361 4035 3452 4105 qui
3487 4035 3606 4090 sine

2016 4144 2185 4185 sacrae
2231 4128 2529 4200 Scriptura:
2573 4129 2902 4184 auctoritate
2961 4136 3169 4184 temere
3207 4126 3436 4189 dicunt,
3503 4124 3607 4179 fuit

2016 4221 2313 4292 aliquando
2372 4230 2589 4292 tempus
2652 4236 2778 4276 cum
2838 4235 2952 4274 non
3006 4226 3192 4283 esset,
3250 4217 3606 4287 praecogitare

2015 4320 2237 4383 oportet
2271 4312 2456 4367 animo
2499 4310 2725 4380 aliquod
2773 4307 3038 4379 temporis
3086 4306 3326 4377 spatium
3389 4314 3609 4362 antece-

2016 4388 2174 4469 dens,
2220 4402 2316 4458 sed
2349 4402 2527 4457 solum
2558 4402 2730 4456 Deum
2771 4400 2865 4470 qui
2890 4399 3008 4454 sine
3040 4405 3288 4468 tempore
3331 4397 3486 4452 illum
3512 4414 3607 4468 ge-

2016 4496 2201 4551 nuerit
2253 4513 2265 4548 :
2305 4504 2550 4565 tempora
2603 4492 2751 4549 enim
2798 4500 2855 4547 ct
2902 4491 3100 4547 saecula
3136 4504 3237 4560 per
3268 4489 3423 4545 illum
3467 4489 3608 4545 facta

2016 4601 2164 4645 sunt.
2196 4588 2384 4658 Neque
2433 4587 2563 4643 item
2595 4584 3023 4641 existimandum
3076 4593 3163 4640 est
3220 4582 3417 4638 Filium
3462 4581 3607 4636 Ριιιιί

2016 4681 2409 4753 coingenitum,
2424 4688 2481 4734 et
2495 4678 2748 4749 principii
2760 4677 2923 4734 simul
2939 4691 3065 4731 cum
3077 4690 3145 4730 eo
3166 4683 3446 4745 expertem
3464 4688 3606 4727 esse.

2017 4773 2230 4844 Quippe
2260 4770 2558 4842 coingeniti
2586 4776 2643 4826 et
2675 4768 2948 4841 principio
2989 4766 3155 4822 simul
3184 4765 3455 4828 carentis,
3506 4777 3610 4819 nec

3540 4884 3557 4917 κ

1532 5022 1805 5082 VALESII
1842 5018 2289 5079 ANNOTATION
2296 5019 2399 5077 ES.

403 5133 625 5207 (30)7"Hr
645 5135 737 5190 ὅτι
789 5135 1184 5203 οὑβουλήσει
1230 5136 1374 5191 οὐδὲ
1420 5137 1687 5205 θελήσει.
1713 5136 1920 5206 Dogma

336 5204 434 5259 hoc
460 5204 563 5261 fuit
591 5206 950 5262 Arianorum.
984 5207 1132 5262 Infra
1175 5214 1358 5261 tamen
1391 5204 1727 5262 sententiam
1761 5204 1921 5261 suam

338 5277 675 5333 commodius
692 5276 972 5347 explicant
999 5276 1326 5345 Orientales,
1358 5285 1419 5331 ut
1452 5277 1665 5332 scilicet
1719 5274 1923 5330 intelli-

2053 5140 2186 5214 gatur
2209 5132 2373 5188 Pater
2403 5144 2517 5185 non
2561 5135 2804 5194 coactus,
2832 5140 2936 5182 nec
2982 5124 3187 5181 invitus
3224 5123 3477 5195 genuisse
3515 5122 3605 5177 Fi-

2050 5218 2185 5258 tum.

1797 5430 2181 5489 VARIORUM.

401 5562 424 5591 ι
450 5548 623 5617 urite
650 5547 943 5617 Χριστὸν,
966 5545 1121 5616 μήτε
1158 5546 1296 5617 Hor
1323 5543 1473 5600 Θεοῦ
1511 5539 1677 5617 εἶξαι
1697 5545 1904 5617 αὐτόν.

334 5613 733 5690 Ῡεηη,ἠεφιξ
775 5613 1019 5690 eumdem
1062 5616 1421 5690 etLChristum
1474 5623 1547 5690 ειΔ
1576 5613 1783 5690 filiam
1813 5615 1913 5670 Dei

333 5707 455 5747 me.
510 5684 905 5760 Perstringunt
936 5689 1057 5744 huic
1090 5686 1424 5752 Marcellum,
1457 5686 1550 5754 qui
1583 5684 1789 5741 Christi
1834 5701 1921 5741 re-

2018 5559 2185 5615 gnum
2210 5559 2240 5597 a
2272 5544 2559 5615 nativitatc
2587 5544 2706 5613 ejus
2740 5541 3057 5615 incipiebat.
3076 5538 3213 5615 Vide
3247 5537 3386 5615 intra
3418 5536 3476 5615 i_n
3504 5536 3612 5599 hac

2024 5605 2223 5683 capite,
2271 5613 2473 5670 Valesii
2535 5605 2722 5667 annot.
2776 5605 2981 5683 in'hazc
3022 5608 3207 5669 verba,
3258 5605 3373 5661 ἀλλ’
3420 5606 3611 5669 ἔκτοτε

2032 5680 2265 5755 Χριστὸν
2295 5684 2457 5739 αὐτὸν
2478 5684 2779 5752 γεγονέναι.
2805 5683 2892 5739 W.
2924 5680 3141 5735 Lowm.
