4078 6210
513 338 615 397 251

1982 303 2313 387 securis

3648 310 3753 379 πὶ

514 469 662 512 Leni.
686 451 1001 524 Cuiusmodi
1025 459 1154 507 sunt
1180 451 1276 521 qui
1301 467 1331 507 a
1362 452 1622 507 Romanis
1647 451 1870 522 quidem
1896 452 2089 508 Patro-

2198 452 2247 507 δὲ
2274 453 2406 523 παρ’
2436 451 2569 522 ἡμῖν
2596 449 2901 520 λεγόμενοι.
2928 445 3164 517 Οἴδαμεν
3193 444 3302 517 γὰρ
3330 444 3512 516 ἡμεῖς,
3543 444 3635 498 τὸν
3661 448 3759 517 μιν

515 545 777 618 passiani,
832 560 864 599 a
916 545 1076 600 nobis
1126 560 1261 600 vero
1307 545 1607 601 Sabelliani
1654 545 1936 600 dicuntur.
1981 545 2092 601 Nos

512 635 665 690 enim
693 635 897 690 scimus
961 635 1177 690 Patrem
1205 635 1426 705 quidem
1461 635 1558 705 qui
1584 632 1759 700 "misit,
1783 635 1839 689 in
1868 635 2092 705 propria

514 725 873 782 immutabilis
906 725 1129 782 deitatis
1148 727 1520 797 permansisse
1548 734 1778 793 natura;
1809 726 2092 783 Christum

513 824 697 872 autem
716 817 811 886 qui
840 816 1040 873 missus
1060 824 1167 883 est,
1197 818 1383 874 carnis
1410 826 1703 890 assumpta:
1729 818 2095 890 dispensatio-

509 919 640 961 nem
670 905 949 976 implesse.
1018 928 1035 941 -

578 994 851 1052 Similiter
877 1004 935 1051 et
962 1012 1058 1054 eos
1086 999 1179 1069 qui
1209 999 1559 1071 impudenter
1578 1009 1783 1073 negant
1809 998 2092 1058 Christum

512 1085 798 1140 voluntate
835 1094 894 1141 et
931 1088 1166 1144 arbitrio
1208 1089 1391 1146 Patris
1420 1090 1734 1158 exstitisse,
1777 1091 2092 1147 involunta-

515 1174 655 1230 riam
680 1190 746 1230 ac
764 1175 1060 1232 violentam
1079 1179 1371 1247 quamdam
1386 1180 1767 1236 necessitatem
1783 1179 2094 1235 attribuen-

516 1275 605 1323 t'es
626 1269 760 1333 Deo,
796 1268 871 1323 ita
903 1276 965 1323 ut
993 1269 1200 1325 invitus
1226 1269 1428 1325 Filium
1470 1270 1689 1342 gignat,
1730 1269 2090 1340 impiissimos

515 1365 572 1412 et
599 1373 632 1412 a
663 1358 899 1413 veritate
939 1358 1151 1414 alienos
1186 1372 1311 1414 esse
1350 1373 1642 1415 censemus
1669 1375 1687 1412 :
1713 1373 1782 1415 eo
1804 1358 1953 1429 quod
1975 1365 2094 1413 tum

515 1461 834 1503 communes
856 1447 926 1504 de
953 1448 1067 1504 Deo
1097 1449 1372 1516 notiones,
1399 1457 1516 1505 tum
1533 1457 1728 1505 contra
1762 1458 2003 1504 mentem
2030 1463 2097 1504 ac

515 1536 844 1591 sententiam
881 1536 1187 1609 Scriptum
1214 1538 1483 1594 divinitus
1516 1538 1826 1610 inspirata,
1868 1539 1999 1594 talia
2026 1538 2096 1594 de

515 1628 612 1683 illo
637 1627 879 1684 audeant
906 1629 1290 1700 pronuntiare.
1324 1630 1437 1686 Nos
1461 1629 1609 1686 enim
1638 1631 1814 1687 Deum
1838 1629 1927 1684 sui
1950 1629 2097 1701 juris

513 1719 840 1797 arbitriique
869 1733 1011 1786 esse,
1038 1727 1096 1775 et
1118 1727 1312 1791 sponte
1339 1736 1408 1777 ac
1434 1721 1746 1777 voluntarie
1776 1720 1977 1776 Filium
2003 1734 2099 1792 ge-

514 1811 723 1877 nuisse,
766 1811 855 1883 pie
892 1827 958 1868 ac
994 1811 1248 1884 religiose
1278 1813 1585 1869 credimus.
1617 1813 1788 1869 Porro
1824 1812 1929 1868 etsi
1964 1825 2091 1867 cum

515 1902 715 1958 timore
743 1918 808 1958 ac
829 1904 1143 1959 reverentia
1169 1903 1461 1959 credamus
1481 1903 1539 1958 id
1567 1902 1714 1973 quod
1763 1902 1833 1958 de
1873 1903 1968 1957 illo
2003 1901 2093 1957 di-

514 1999 667 2048 ctum
690 2000 780 2048 est
815 2009 830 2047 :
865 1993 1122 2047 Dominus
1168 1994 1368 2048 creauit
1408 2007 1493 2047 me
1526 1992 1845 2064 principium
1883 1993 2095 2046 viarum

514 2101 736 2139 suarum
782 2084 854 2138 ad
896 2101 1059 2156 opera
1102 2101 1202 2140 sua
1226 2084 1304 2152 ";
1336 2099 1448 2139 non
1487 2091 1674 2139 tamen
1710 2098 1836 2139 eum
1864 2082 2095 2154 perinde

514 2171 716 2227 factum
750 2187 872 2229 esse
909 2173 1286 2245 intelligimus,
1311 2189 1379 2230 ac
1398 2174 1641 2244 reliquas
1660 2180 1944 2229 creaturas
1974 2187 2097 2243 qua:

514 2279 615 2334 per
652 2263 807 2319 illum
856 2263 1014 2320 factas
1052 2272 1203 2321 sunt.
1254 2265 1489 2338 lmpium
1531 2265 1682 2321 enim
1714 2273 1779 2321 et
1809 2265 1881 2320 ah
1912 2264 2096 2321 eccle-

514 2356 736 2412 siastica
781 2356 887 2413 ﬁde
927 2373 1157 2428 prorsus
1191 2358 1433 2413 alienum
1463 2366 1568 2424 est,
1599 2356 1945 2414 conditorem
1970 2369 2096 2411 cum

515 2448 780 2517 Operibus
813 2448 898 2503 'ab
950 2449 1072 2519 ipso
1123 2448 1365 2504 conditis
1417 2449 1576 2519 102
1636 2461 1997 2519 comparare,
2039 2452 2098 2502 et

516 2540 710 2596 eodem
750 2557 875 2596 cum
907 2543 1185 2597 extraneis
1217 2542 1589 2613 generationis
1607 2540 1772 2596 modo
1796 2539 1952 2595 illum
1979 2539 2099 2596 edi-

518 2638 635 2686 tum
662 2645 784 2687 esse
815 2630 1097 2687 arbitrari.
1126 2630 1340 2702 Quippe
1368 2631 1715 2703 unigenitum
1743 2630 1976 2696 Filium,
2004 2644 2099 2686 so-

515 2723 632 2777 lum
680 2737 747 2778 ac
794 2723 965 2778 semel
1008 2729 1221 2778 tantum
1267 2736 1400 2778 vere
1441 2737 1809 2794 germaneque
1854 2722 2100 2794 genitum

515 2827 661 2880 esse,
724 2812 925 2869 divina:
971 2827 1076 2867 nos
1131 2811 1432 2883 Scriptura:
1476 2812 1699 2867 docent.
1744 2810 1851 2866 Sed
1920 2824 2101 2881 neque

519 2901 736 2956 tametsi
769 2901 1018 2955 dicamus
1043 2899 1239 2954 Filium
1268 2914 1369 2969 per
1391 2899 1636 2968 seipsum
1659 2913 1801 2963 esse,
1826 2907 1883 2953 et
1911 2900 2100 2955 vivere

517 3006 583 3045 ac
604 2990 904 3045 subsistere
928 2988 1156 3059 perinde
1184 3003 1248 3044 ac
1273 2990 1513 3054 Patrem,
1539 2988 1693 3043 illum
1715 2988 1924 3044 idcirco
1947 3004 1979 3043 a
1994 2989 2099 3044 Pa-

519 3093 603 3138 tre
627 3097 971 3152 separamus,
996 3080 1174 3151 spatia
1191 3080 1439 3150 quaedam
1466 3080 1712 3136 locorum
1732 3088 1791 3136 et
1817 3081 2101 3136 intervalla

521 3173 669 3227 inter
698 3172 919 3226 illorum
948 3171 1392 3242 coniunctionem
1420 3171 1696 3242 corporali
1716 3184 1873 3226 more
1899 3170 2103 3227 intelli-

521 3272 730 3336 gentes.
767 3261 1060 3317 Credimus
1103 3262 1251 3316 enim
1286 3276 1381 3317 eos
1418 3262 1627 3334 absque
1663 3262 1777 3317 ullo
1809 3262 1992 3316 medio
2017 3269 2103 3317 at-

520 3367 628 3422 que
658 3351 957 3407 interstitio
998 3353 1323 3423 conjunctos
1364 3366 1508 3417 esse,
1557 3367 1661 3406 nec
1697 3368 1730 3406 a
1770 3366 1829 3407 se
1867 3346 2104 3407 invicem

522 3457 681 3513 posse
710 3442 986 3497 ullatenus
1009 3442 1257 3518 separari
1281 3460 1295 3496 :
1323 3441 1528 3513 quippe
1548 3456 1674 3496 cum
1692 3441 1855 3497 Pater
1880 3441 2103 3511 quidem

522 3534 648 3588 sinu
662 3549 763 3589 suo
776 3540 952 3589 totum
969 3534 1366 3606 complectatur
1377 3534 1596 3589 Filium:
1616 3533 1789 3588 Filius
1798 3547 1932 3587 vero
1946 3533 2103 3602 quasi

524 3640 802 3696 appensus
836 3627 935 3681 toti
958 3626 1300 3682 adhaerescet
1336 3626 1510 3692 Patri,
1547 3625 1805 3695 solusque
1831 3626 1889 3680 in
1930 3625 2110 3680 Patris

522 3716 736 3786 gremio
756 3725 1025 3787 perpetuo
1054 3717 1431 3786 conquiescat.
1461 3715 1763 3772 Credcntes
1788 3715 1956 3786 igitur
1980 3731 2109 3769 san-

523 3802 825 3860 ctissimam
862 3814 917 3861 et
949 3805 1248 3877 perfectam
1278 3806 1521 3876 undique
1536 3806 1891 3870 Trinitatem;
1921 3812 1977 3860 et
2005 3805 2112 3859 Pa-

527 3908 666 3953 trem
694 3899 889 3965 Deum,
921 3914 987 3954 ac
1022 3899 1223 3954 Filium
1253 3914 1473 3970 quoque
1509 3897 1683 3953 Deum
1710 3897 1978 3962 dicentes,
1998 3913 2110 3953 non

524 3997 711 4043 tamen
742 3988 915 4056 duos,
941 3989 1039 4045 sed
1068 4004 1240 4044 unum
1281 4004 1404 4044 esse
1438 3986 1767 4043 conﬁtemur
1803 3987 1998 4052 Deum,
2029 3986 2101 4044 ob

526 4094 697 4133 unum
725 4079 992 4135 honorem
1020 4080 1346 4144 divinitatis,
1372 4086 1429 4134 et
1450 4077 1910 4133 absolutissimum
1939 4078 2105 4135 unius

530 4173 683 4243 regni
715 4173 1065 4229 concordiam
1096 4190 1110 4227 :
1141 4172 1216 4227 ita
1246 4181 1308 4227 ut
1335 4172 1500 4227 Pater
1528 4170 1753 4242 quidem
1777 4171 2105 4241 generaliter

527 4265 813 4331 erunibus,
847 4272 904 4321 et
949 4265 1054 4336 ipsi
1103 4279 1323 4336 quoque
1365 4264 1507 4319 Filio
1536 4261 1853 4318 dominetur
1883 4280 1897 4316 :
1935 4262 2108 4319 Filius

600 4421 827 4478 “Prov.
874 4438 989 4488 vm,
1024 4421 1096 4477 22

2192 542 2589 596 ἀποστείλαντα
2616 540 2856 611 Πατέρα,
2880 540 2940 591 ὲν
2967 538 3045 609 τῷ
3060 537 3251 608 οίκείιρ
3272 537 3372 609 τῆς
3402 536 3759 592 ἀναλλοιὼτου

2193 632 2448 702 θεότητος
2498 631 2621 705 ἧθει
2689 630 3087 702 μεμενηκέναιο
3135 628 3230 681 τὸν
3275 627 3334 680 δὲ
3385 628 3762 683 ἀποσταλέντα

2190 724 2450 795 Χριστὸν,
2487 724 2590 796 τὴν
2612 722 2712 795 τῆς
2739 719 3202 793 ινανθρωπήσεως
3220 718 3534 787 οἰκονομίαν
3561 719 3762 789 πεπλη-

2194 813 2446 886 ρωκέναι.

2272 968 2509 1041 Ὁμοίως
2537 968 2595 1024 δὲ
2631 969 2726 1023 καὶ
2765 967 2892 1032 τοὺς
2925 965 2989 1021 οὐ
3029 965 3324 1038 βουλήσει,
3373 964 3497 1021 οὐδὲ
3544 964 3761 1037 θελήσει

2190 1060 2523 1133 γεγενῆσθαι
2545 1061 2640 1116 τὸν
2666 1060 2901 1132 Χριστὸν
2923 1059 3216 1130 εἰρηκότας
3241 1056 3573 1120 άνιυλαὸῶς,
3595 1057 3760 1125 ἀνάγ-

2192 1168 2296 1222 κην
2341 1152 2399 1206 δὲ
2449 1151 2691 1221 δηλονότι
2733 1151 3029 1221 ἀϐούλητον
3068 1144 3234 1204 οὖσαν
3277 1136 3371 1202 καὶ
3402 1147 3761 1221 ἀπροαίρετον

2192 1243 2637 1314 περιτεθεικότας
2659 1240 2737 1313 τῷ
2756 1241 2894 1313 Θεῷ,
2916 1242 3003 1295 ἵνα
3019 1242 3166 1296 ἄκων
3188 1243 3425 1316 γεννήσῃ
3443 1241 3534 1295 τὸν
3563 1241 3691 1294 Υίδν
3711 1251 3759 1306 ο,

2191 1334 2253 1387 δυ
2263 1334 2656 1399 σσεόεστάτους
2679 1336 2894 1406 καὶτῆς
2918 1334 3175 1402 ἀληθείας
3201 1333 3382 1397 ξένους
3404 1332 3762 1401 ἐπιγινώσκο-

2196 1441 2327 1497 μεν·
2353 1426 2436 1480 ὅτι
2473 1444 2536 1480 τε
2564 1425 2716 1497 παρὰ
2745 1426 2847 1489 τὰς
2877 1424 3065 1488 κοινὰς
3092 1426 3303 1488 ἐννοίας
3334 1440 3465 1496 περι
3489 1427 3647 1487 Osco,
3666 1425 3761 1479 καὶ

2193 1517 2259 1589 δὴ
2269 1518 2430 1590 ,παρὰ
2442 1518 2505 1572 τὸ
2522 1517 2768 1590 βούλημα
2777 1518 2878 1589 τῆς
2899 1516 3257 1572 θεοπνεύστου
3278 1517 3522 1588 Γραφῆς,
3536 1515 3761 1569 τοιαῦτα

2192 1609 2562 1680 τετολμήκασι
2598 1596 2727 1680 περὶ
2759 1605 2926 1661 αὐτοῦ
2974 1605 3335 1677 διορίσασθαι.
3377 1605 3760 1676 Αὐτοκράτορα

2192 1701 2302 1774 γάρ
2336 1703 2499 1772 ἡμεῖς
2532 1700 2626 1756 τὸν
2656 1699 2810 1766 Θεὸν,
2844 1697 3048 1773 Κύριον
3091 1698 3251 1754 αὐτὸν
3290 1698 3487 1752 ἑαυτοῦ
3538 1697 3757 1762 είδὰιες,

2122 1810 2165 1867 Β
2193 1794 2454 1857 ἑκουσίως
2473 1792 2638 1847 αὐτὸν
2674 1791 2773 1847 καὶ
2811 1791 3035 1846 θέλοντα
3060 1791 3151 1845 τὸν
3180 1791 3308 1845 Υίὸν
3349 1791 3757 1862 γεγεννηκέναι,

2192 1883 2434 1948 εὐσεϐῶς
2457 1883 2861 1954 ὑπειλήφαμεν.
2911 1881 3264 1946 Πιστεύοντες
3291 1881 3350 1936 δὲ
3384 1882 3638 1953 taedam;
3666 1882 3762 1935 καὶ

2191 1974 2254 2028 τὸ
2280 1974 2408 2046 περὶ
2447 1971 2613 2028 αὐτοῦ
2641 1972 2951 2044 λεγόμενον.
2989 1973 3205 2043 Κύριος
3234 1972 3436 2028 sum
3461 1988 3540 2043 με
3565 1971 3764 2043 ἀρχὴν

2193 2062 2352 2119 ὁδῶν
2370 2064 2558 2120 αὑτοῦ
2582 2065 2672 2131 είς
2700 2063 2847 2133 ἔργα
2871 2064 3081 2130 αὐτοῦ,
3112 2065 3212 2135 οὐχ
3239 2064 3443 2136 ὁμοίως
3466 2063 3628 2119 αὑτὸν
3645 2066 3763 2129 τοῖς

2193 2153 2260 2208 δι’
2290 2153 2459 2210 αὑτοῦ
2497 2153 2813 2225 γενομένοις
2859 2155 3156 2227 κτίσμασιν
3190 2155 3227 2228 ἢ
3261 2155 3531 2226 ποιήμασι
3562 2170 3760 2225 γεγεν-

2194 2245 2388 2317 νῆσθαι
2409 2245 2657 2318 νοοῦμεν.
2700 2246 2924 2312 ’Δσεσὶς
2952 2248 3084 2320 γάρ,
3119 2249 3216 2304 καὶ
3244 2247 3346 2319 τῆς
3388 2247 3763 2318 ικκλησιαστι-

2196 2339 2299 2409 κῆς
2325 2336 2561 2403 πίστεως
2587 2337 2889 2411 ἀλλότριον,
2914 2339 2977 2394 τὸ
2992 2340 3084 2395 τὸν
3101 2339 3325 2412 κτίστην
3356 2341 3470 2405 τοῖς
3497 2340 3567 2393 δι’
3594 2339 3761 2394 αὑτοῦ

2195 2430 2543 2503 ὲκτισμένοις
2585 2432 3040 2504 δημιουργήμασι
3095 2431 3486 2503 παραϐάλλειν,
3536 2432 3633 2487 καὶ
3670 2432 3762 2486 τὸν

2196 2522 2362 2578 αὐτόν
2390 2522 2493 2593 τῆς
2513 2522 2779 2592 γενέσεως,
2805 2525 2920 2589 τοῖς
2944 2523 3243 2595 ἀλλοτρίοις
3262 2523 3461 2596 τρόπον
3497 2523 3642 2594 ἔχειν
3667 2524 3762 2579 καὶ

2196 2613 2362 2670 αὑτὸν
2400 2615 2662 2686 νομίζειν.
2708 2614 2887 2671 Μόνον
2913 2614 3024 2687 γὰρ
3053 2617 3149 2670 καὶ
3178 2615 3354 2687 μόνως
3383 2616 3475 2670 τὸν
3499 2616 3758 2688 μονογενῆ

2197 2705 2356 2771 Υἰδν,
2400 2705 2639 2780 γνησίως
2663 2722 2725 2760 τε
2769 2707 2866 2760 καὶ
2900 2705 3115 2779 άληθῶς
3151 2705 3490 2761 διδάσκουσιν
3517 2707 3666 2779 ἡμᾶς
3703 2707 3760 2759 αι

2200 2798 2344 2851 θεῖαι
2381 2796 2596 2868 Γραφαὶ
2623 2796 3006 2868 γεγεννῆσθαι.
3047 2797 3185 2852 Ἀλλ’
3208 2797 3329 2851 οὐδὲ
3353 2798 3444 2852 τὸν
3478 2798 3606 2852 Υίὺν
3637 2797 3760 2853 καθ’

2199 2886 2391 2941 ἑαυτὸν
2411 2883 2550 2941 εἷναι
2590 2885 2637 2954 ἲ,
2665 2886 2764 2958 ζῇν
2795 2904 2857 2940 τε
2898 2886 2994 2940 καὶ
3018 2887 3282 2959 ὑπάρχειν
3307 2888 3503 2958 ὁμοίως
3533 2888 3613 2960 τῷ
3645 2890 3760 2944 Πα-

2197 2980 2290 3050 sp).
2315 2979 2583 3046 λέγοντες,
2608 2980 2698 3033 διὰ
2713 2979 2873 3034 τοῦτο
2888 2978 3190 3052 χωρίζομεν
3215 2979 3377 3034 αὐτὸν
3403 2978 3496 3033 τοῦ
3525 2981 3762 3053 Πατρός,

2199 3069 2398 3133 τόπους
2441 3071 2535 3123 καὶ
2570 3070 2916 3141 διαστήματα
2946 3087 3068 3126 τινα
3110 3070 3317 3147 μεταξὺ.
3341 3070 3442 3141 τῆς
3477 3073 3764 3141 συναφείας

2199 3162 2379 3217 αὐτῶν
2424 3163 2750 3233 σωματικῶς
2789 3165 3145 3228 ἐπινοοῦντες.
3178 3164 3629 3237 Πεπιστεύκαμεν
3657 3166 3766 3238 γὰρ

2197 3253 2574 3324 άμεσιτεύτως
2625 3253 2821 3318 αὐτοὺς
2857 3254 2954 3308 καὶ
2997 3255 3337 3319 άδιαστάτως
3380 3256 3761 3328 ὲπισυνῆφθαι,

2198 3345 2294 3399 καὶ
2323 3344 2642 3415 ἀχωρίστως
2675 3345 2939 3418 ὑπάρχειν
2966 3346 3205 3400 ἑαυτῶν·
3232 3346 3353 3401 ὅλον
3384 3347 3481 3418 μὲν
3529 3347 3624 3401 τοῦ
3655 3349 3767 3401 Πα-

2196 3435 2324 3507 τρδς
2350 3434 2459 3506 (⁸56)
2492 3436 2966 3508 ὲνεστερνισμένοο
2994 3438 3086 3491 τὸν
3103 3438 3230 3492 Υίόν
3248 3456 3261 3470 ·
3297 3439 3420 3493 ὅλου
3451 3439 3505 3495 δὲ
3526 3437 3617 3493 τοῦ
3639 3438 3767 3493 Υἱοῦ

2199 3524 2567 3598 ὲξηρτημένου
2589 3527 2684 3580 καὶ
2709 3529 3153 3597 προσπεφυκότος
3171 3527 3249 3598 τῷ
3269 3528 3465 3600 Πατρὶ,
3489 3531 3585 3585 καὶ
3613 3529 3768 3598 μόν‹.ν

2193 3620 2319 3692 ,τοῖς
2345 3618 2619 3691 πατρῴοις
2656 3618 2874 3682 κόλποις
2900 3620 3309 3690 ἀναπαυόμενον
3364 3620 3645 3690 διηνεκῶς.
3675 3620 3769 3671 Πι-

2208 3708 2489 3772 στεύοντες
2502 3706 2596 3764 οὖν
2620 3710 2698 3772 είς
2716 3709 2812 3780 τὴν
2835 3709 3150 3764 παντέλειον
3170 3708 3373 3782 Τριάδσ
3408 3710 3507 3781 τὴν
3536 3710 3771 3778 ἁγιωτά-

2206 3817 2326 3871 την,
2356 3801 2446 3854 τὸν
2472 3801 2695 3874 Πατέρα
2715 3799 2963 3870 λέγοντες
2986 3802 3139 3868 Θεὸν,
3166 3803 3260 3858 καὶ
3290 3802 3380 3858 τὸν
3404 3804 3552 3868 Υίὸν,
3585 3804 3646 3856 οὐ
3677 3802 3772 3857 δύο

2205 3895 2427 3960 τούτους
2467 3895 2657 3960 Θεοὺς,
2690 3894 2806 3949 ἀλλ’
2851 3896 2949 3949 ἕνα
2985 3894 3370 3966 ὁμολογοῦμεν,
3404 3894 3545 3949 κατά
3574 3895 3636 3947 τὸ
3667 3895 3770 3965 τῆς

2208 3986 2459 4059 θεότητος
2505 3986 2742 4059 ἀξίωμα,
2792 3987 2882 4041 καὶ
2929 3987 3058 4058 μίαν
3088 3985 3293 4058 ἀκριϐῆ
3343 3985 3444 4057 τῆς
3490 3985 3771 4057 βασιλείας

2207 4079 2308 4149 τὴν
2344 4078 2668 4146 συνάφειανο
2698 4076 3132 4148 πανταρχοῦντος
3157 4078 3253 4149 μὲν
3274 4077 3503 4132 καθόλου
3531 4076 3628 4130 τοῦ
3662 4079 3773 4131 Πα-

2210 4168 2336 4239 τρδς
2358 4167 2599 4235 πάντων,
2631 4168 2728 4222 καὶ
2758 4167 2924 4222 αὑτοῦ
2949 4166 3046 4221 τοῦ
3074 4166 3236 4221 Υίοῦσ
3260 4165 3356 4220 τοῦ
3393 4167 3452 4221 δὲ
3478 4166 3607 4221 Υίοῦ
3642 4168 3777 4220 ὑπο-

2211 4259 2545 4331 τεταγμένου
2574 4258 2654 4331 τῷ
2682 4259 2880 4330 Πατρὶ,
2910 4259 3065 4325 ἐκτὸς
3101 4259 3159 4313 δὲ
3188 4258 3378 4324 αὐτοῦ,
3411 4258 3626 4314 πάντων
3666 4259 3778 4313 τῶν

1722 4538 1990 4595 VALESII
2027 4535 2577 4595 ANNOTATIO‘NES.

605 4650 715 4719 (36)
740 4651 928 4704 Ὀλον
951 4651 1067 4718 μὲν
1102 4651 1209 4705 τοῦ
1226 4652 1473 4718 Πατρός.
1499 4652 1864 4708 Scribendum
1891 4653 2100 4709 omnim

2221 4666 2287 4705 ex
2332 4652 2525 4708 eodem
2569 4652 2867 4708 Athanasio
2907 4648 3307 4706 restituendum
3352 4658 3438 4704 est
3472 4646 3566 4700 καὶ
3621 4647 3787 4718 μόνην

531 4728 615 4771 est
640 4718 784 4785 ὅλου,
813 4728 874 4773 ιιι
911 4720 1111 4790 legitur
1139 4720 1282 4790 apud
1313 4720 1669 4776 Athanasium
1700 4740 1713 4775 :
1758 4726 1924 4791 paulo
1971 4737 2096 4794 post

2200 4725 2310 4786 τοῖς
2332 4723 2602 4795 πατρῴοις
2630 4721 2849 4787 κόλποις
2874 4720 3307 4790 ἀναπαυομένου.

1976 4882 2358 4939 VARIORUM.

608 5007 631 5035 ο
675 4994 973 5065 Ἀνάγκην
1005 5000 1472 5065 περιτεθεικότας
1505 5001 1585 5065 τῷ
1622 5000 1763 5065 Θεῷ,
1807 5002 1907 5054 ἵνα
1954 5002 2115 5056 ἄκων

534 5066 802 5138 γεννήσῃ
851 5065 958 5119 τὸν
996 5069 1151 5122 Υίόν.
1176 5067 1404 5138 Egregie
1464 5069 1581 5125 hmo
1616 5069 1819 5125 refutat
1866 5071 2112 5125 Athana-

535 5134 670 5256 sius,
702 5142 840 5189 orat.
870 5151 923 5191 IV
949 5145 1140 5191 contra
1177 5134 1437 5202 Arianos;
1466 5153 1576 5193 non
1604 5140 1764 5210 longe
1793 5156 1821 5194 a
1866 5140 1991 5195 fine.
2022 5141 2108 5195 W.

563 5219 760 5256 .owrn.

563 5219 760 5257 JOWTH.

614 5271 632 5310 ί
683 5272 845 5343 Ἀλλ’
870 5273 1013 5327 οὐδὲ
1047 5275 1154 5327 τὸν
1185 5276 1319 5328 υἱὸν
1365 5280 1491 5331 καθ’
1522 5278 1741 5333 ἑαυτὸν
1766 5276 1940 5332 εἶναι.
1978 5291 2110 5343 etc.,

539 5357 714 5411 usque
753 5341 821 5396 ad
863 5344 1276 5411 ἀναπαυομένου
1314 5346 1595 5411 διηνεκῶς.
1624 5349 1748 5402 liene
1780 5363 1890 5403 non
1922 5341 2113 5405 minus

539 5412 817 5488 Catholice
844 5428 1007 5483 quam
1030 5413 1334 5488 eleganter.
1368 5412 1557 5471 Ausim
1586 5418 1641 5471 id
1687 5418 1891 5481 dicere,
1932 5434 2111 5488 quan-

538 5482 1340 5557 quamdiorum_episc0porum
1372 5500 1481 5538 non
1533 5488 1693 5557 pauci
1738 5482 2111 5557 Arianae-per-

542 5547 902 5625 fidimgfavisse
922 5547 1424 5625 deprehendantur,
1457 5566 1512 5610 et
1537 5547 1606 5610 'in
1636 5557 1747 5625 ipsa
1769 5547 2111 5613 confessione

544 5635 648 5695 vos
675 5622 953 5695 ὁμοούσιος
982 5624 1285 5695 omittatur.
1321 5625 1515 5679 Mirum
1539 5622 1758 5695 quidem
1775 5635 1943 5691 esset,
1977 5628 2109 5681 sub-

546 5691 828 5759 scripsisse
849 5692 935 5748 his
977 5693 1227 5761 Arianos,
1256 5695 1358 5749 nisi
1394 5703 1449 5749 et
1481 5691 1585 5749 alia
1639 5697 1690 5749 in
1744 5698 1933 5751 eadem
1991 5697 2101 5750 for—

2211 5005 2361 5080 mula
2385 5003 2788 5080 subscriptione
2816 5018 2916 5059 sua
2949 5003 3391 5080 conﬁrmassent,
3435 5017 3557 5080 qua:
3586 4999 3785 5080 haeresi

2211 5074 2426 5131 Arianae
2456 5090 2523 5129 ex
2548 5070 2816 5129 diametro
2859 5075 3135 5129 contraria
3181 5082 3327 5127 sunt.
3352 5070 3668 5141 Cuiusmodi
3701 5077 3786 5123 est

2211 5143 2486 5213 imprimis
2514 5145 2670 5207 illud,
2700 5144 2897 5198 Filium
2925 5144 3021 5198 Dei
3054 5143 3186 5195 Θεὸν
3218 5141 3359 5213 κατὰ
3406 5138 3565 5210 φύσιν
3583 5138 3787 5191 τέλειον

2210 5208 2349 5267 εἶναι
2377 5215 2474 5266 καὶ
2510 5216 2706 5283 ἀληθῆ,
2758 5213 2926 5268 Deum
2952 5223 3148 5267 natura
3182 5208 3465 5283 perfectum
3517 5218 3674 5283 atque
3698 5224 3787 5261 ue-

2212 5298 2331 5337 rum
2395 5300 2519 5338 esse.
2573 5278 2796 5340 Scilicet
2855 5278 3210 5339 tenebriones
3253 5278 3342 5336 isti
3391 5278 3569 5350 parati
3629 5289 3785 5332 erant

2209 5354 2515 5419 quamlibet
2538 5352 2665 5408 fidei
2696 5353 3095 5409 confessionem
3110 5368 3208 5407 suo
3236 5350 3498 5420 sutl‘ragio
3518 5361 3788 5420 compro-

2216 5417 2370 5489 bare,
2424 5440 2546 5493 quas
2595 5423 2758 5478 modo
2806 5438 2994 5478 vocem
3044 5422 3328 5490 όμοουσίου
3378 5417 3488 5493 non
3516 5417 3791 5493 haberet;

2216 5488 2684 5563 etiamsi-quoque
2724 5494 2879 5563 inea
2907 5488 3248 5561 ponerentur
3290 5490 3469 5563 verba
3504 5488 3629 5550 alia,
3666 5501 3796 5563 (luas

2218 5565 2361 5632 apud
2383 5555 2547 5618 sanos
2574 5555 2767 5632 omnes
2796 5555 2944 5632 idem
2986 5577 3218 5631 prorsus
3256 5559 3652 5632 significarent.
3682 5555 3795 5625 (Cl.

2218 5626 2406 5689 B'ullus
2452 5634 2660 5703 Defens.
2696 5630 2789 5700 ﬁd.
2826 5626 3126 5698 Nic.,sect.
3158 5632 3211 5694 4,
3239 5626 3358 5700 cap.
3394 5630 3446 5694 4,
3487 5626 3645 5696 11.9.)
