4078 6210
480 307 587 362 259

1938 297 2274 356 SOCRATlS

3619 291 3723 347 sto

484 424 686 479 docens
713 418 878 473 verba
912 416 1038 471 libri
1080 416 1163 472 sui
1193 432 1299 472 non
1347 416 1514 473 fuisse
1547 418 1821 474 intellecta
1844 456 1857 480 ,
1891 424 2050 483 atque

2162 426 2307 481 ματα
2354 409 2677 481 Μαρκέλλου
2702 424 2714 438 ·
2752 407 2886 480 πρὸς
2931 405 3072 461 αὐτὰ
3123 404 3179 458 δὲ
3221 404 3627 473 διαγωνίζεται,
3653 407 3730 473 ὡς

484 513 689 570 idcirco
724 527 783 566 se
812 511 868 565 in
896 508 1261 578 suspicionem
1294 511 1509 567 venisse
1537 510 1745 566 erroris
1772 508 1925 562 Pauli
1959 506 2057 559 Sa-

483 603 824 659 ntosatensis.
864 600 1163 657 Sciendum
1210 610 1391 656 tamen
1433 609 1517 656 est
1559 599 1857 655 Eusebium
1898 597 2055 650 Pam-

484 696 621 767 phili
645 694 908 749 adversus
934 692 1172 748 Marcelli
1207 692 1410 747 librum
1441 692 1835 761 disputantem,
1865 686 2055 743 confu—

2156 499 2314 570 ψιλὸν
2342 498 2629 570 ἄνθρωπον
2657 499 2749 552 τὸν
2773 497 2996 569 Κύριον.
3025 496 3164 550 καθά
3189 495 3477 559 Σαὸέλλιος
3504 496 3534 549 ό
3565 496 3730 561 Λίϐυς

2157 591 2254 644 καὶ
2304 591 2517 655 Παῦλος
2572 593 2602 644 6
2652 590 3035 663 Σαμοσατεὺς,
3084 587 3178 643 τοῦ
3234 587 3561 658 Μαρκέλλου
3613 592 3729 643 εἰσ-

2159 681 2406 751 άγοντος.

487 803 629 847 tasse
653 803 779 843 eum
803 786 978 841 tribus
996 784 1369 841 voluminibus
1410 800 1533 854 quae
1583 791 1777 839 contra
1816 780 2132 837 Marcellum
2172 775 2472 847 inscripsit.
2512 774 2590 829 Ac
2631 773 2800 829 verba
2842 773 3062 844 quidem
3108 774 3224 846 ipsa
3276 775 3515 832 Marcelli
3566 778 3621 832 in
3664 777 3732 832 iis

485 882 696 954 profert
730 898 742 933 :
778 879 894 950 ipse
927 891 1062 933 vero
1124 875 1386 932 adversus
1418 890 1484 930 ea
1518 875 1828 939 disserens,
1864 871 2099 949 probare
2136 877 2368 924 conatur
2398 866 2714 921 Marcellum
2754 867 2982 937 perinde
3030 883 3094 925 ac
3130 868 3431 925 Sabellium
3465 870 3728 943 Libycum

483 986 541 1031 et
599 975 825 1031 Paulum
876 970 1335 1033 Samosatensem,
1382 966 1666 1031 Christum
1718 965 2023 1036 simplicem
2061 960 2325 1017 duntaxat
2367 956 2647 1015 hominem
2673 973 2946 1015 asserere.

1121 1117 1272 1178 CAP.
1312 1116 1457 1176 XXI.

2706 1111 2961 1168 ΚΕΦΑΔ.
2988 1113 3121 1167 ΚΑ’.

868 1210 1079 1267 Eusebii
1111 1210 1379 1283 Pamphili
1413 1210 1664 1283 defensio.

2272 1203 2587 1274 Ἀπολογία
2612 1202 2768 1272 ὑπὲρ
2789 1204 3084 1259 Εὐσεσίου
3110 1203 3217 1260 τοῦ
3251 1205 3590 1277 Παμφίλου.

561 1327 667 1384 Sed
701 1326 959 1397 quoniam
988 1326 1136 1381 hunc
1172 1340 1412 1395 quoque,
1450 1322 1748 1379 Eusebium
1788 1315 2050 1390 Pamphili

2243 1312 2462 1388 Ἐπειδὴ
2499 1315 2556 1370 δέ
2587 1333 2734 1380 τινες
2767 1314 3133 1389 ἐπεχείρησαν
3175 1318 3270 1372 καὶ
3298 1318 3462 1374 αὐτὸν
3491 1320 3733 1393 λοιδορῆ-

483 1419 749 1489 intelligo,
788 1415 1036 1470 nonnulli
1083 1414 1370 1470 criminari
1417 1414 1598 1469 conati
1644 1420 1792 1476 sunt,
1828 1409 2050 1481 perinde

2159 1423 2269 1470 σαι,
2324 1408 2469 1479 φημὶ
2499 1407 2565 1480 δὴ
2597 1409 2690 1461 τὸν
2727 1406 3017 1478 Παμφίλου
3056 1408 3334 1471 Εὐσέϐιον.
3369 1411 3444 1474 ὡς
3491 1413 3733 1483 ἀρειανί-

481 1511 636 1579 quasi
668 1509 928 1562 Arianum
962 1506 1158 1577 dogma
1186 1506 1241 1560 in
1267 1504 1426 1560 libris
1462 1505 1579 1559 suis
1610 1512 1834 1559 secutus
1868 1501 2050 1566 fueritI

2159 1498 2319 1564 ζοντα
2346 1500 2406 1552 ὲν
2438 1494 2518 1563 οἷς
2552 1498 2731 1568 λόγοις
2763 1498 3015 1565 ἐξέδωκε,
3051 1500 3225 1572 μικρᾶ
3259 1500 3354 1554 καὶ
3398 1504 3526 1574 περὶ
3563 1502 3733 1558 αὐτοῦ

480 1608 849 1669 opportunum
904 1596 1022 1650 fore
1071 1610 1269 1649 censeo
1313 1609 1486 1665 pauca
1537 1592 1606 1647 de
1656 1607 1724 1647 eo
1768 1591 2036 1646 disserere

2155 1590 2332 1645 εἰπεῖν
2356 1591 2456 1646 οὐκ
2487 1591 2721 1664 ἄκαιρον
2747 1592 3006 1665 ἠγοῦμαι.
3034 1593 3260 1665 Πρῶτον
3281 1593 3385 1667 μὲν
3411 1597 3545 1669 γὰρ,
3572 1596 3640 1671 τῇ
3671 1598 3731 1653 ἐν

483 1690 726 1743 Primum
768 1685 934 1756 igitur
979 1684 1216 1739 concilio
1254 1684 1476 1740 Nicazno
1517 1698 1628 1754 quo
1671 1682 1869 1737 Filium
1909 1679 2050 1737 Patri

2154 1687 2361 1759 Νικαίᾳ
2385 1687 2587 1760 συνόδῳ
2614 1687 2674 1741 τὸ
2703 1687 2992 1760 ὁμοούσιον
3018 1688 3279 1763 όριζούσῃ
3306 1689 3403 1744 καὶ
3431 1689 3613 1763 παρῆν
3637 1691 3732 1746 xui

481 1777 1000 1833 consubstantialem
1038 1776 1206 1832 fuisse
1252 1775 1536 1832 decretum
1559 1781 1672 1840 est,
1712 1782 1769 1829 et
1808 1772 2050 1828 interfuit

2156 1779 2436 1835 συνέθετο·
2463 1778 2611 1848 λέγει
2637 1779 2694 1833 δὲ
2717 1778 2811 1834 καὶ
2841 1777 3004 1843 αὐτὸς
3030 1780 3089 1834 ἐν
3116 1778 3195 1850 τῷ
3242 1780 3411 1851 τρίτῳ
3440 1779 3628 1852 βιϐλίῳ
3652 1779 3733 1852 τῷ

480 1881 535 1924 ct
558 1869 853 1923 consensit.
876 1868 935 1922 In
979 1867 1142 1921 tertio
1166 1881 1298 1921 vero
1326 1866 1469 1920 libro
1489 1879 1651 1935 quem
1676 1864 1743 1918 de
1767 1863 1878 1918 vita
1904 1861 2050 1918 Con-

2154 1875 2235 1938 είς
2256 1874 2345 1928 τὸν
2361 1874 2475 1946 βίον
2493 1875 2906 1930 Κωνσταντίνου
2937 1875 3079 1929 κατὰ
3098 1872 3244 1940 λέξιν
3283 1874 3480 1930 ταῦτα’
3518 1876 3731 1938 Πάντας

481 1961 705 2016 stantini
732 1957 973 2029 scripsit,
998 1956 1350 2027 italoquitur.
1385 1955 1620 2011 :Omnes
1664 1955 1961 2024 imperator
1983 1952 2051 2015 ad

480 2051 829 2109 concordiam
889 2049 1158 2114 incitavit,
1201 2048 1377 2103 donec
1422 2047 1710 2103 universos
1763 2046 1819 2100 in
1869 2044 1937 2100 iis
1984 2043 2053 2099 de

480 2145 683 2213 quibus
715 2152 876 2199 antea
906 2140 1325 2206 dissentiebant,
1357 2137 1657 2195 concordes
1692 2145 1856 2208 atque
1912 2150 2051 2190 una-

479 2242 655 2297 nimes
678 2238 1058 2308 praestitisset:
1094 2233 1232 2289 adeo
1274 2240 1337 2287 ut
1374 2231 1509 2287 fides
1539 2230 1786 2286 omnium
1814 2242 2052 2284 consona

479 2331 623 2402 apud
643 2330 877 2385 Nicaeam
907 2323 1227 2381 obtinuerit.
1250 2321 1386 2378 Cum
1404 2321 1571 2392 igitur
1616 2318 1887 2376 Eusebius
1908 2316 2054 2371 illius

478 2424 696 2480 concilii
727 2421 1060 2477 mentionem
1088 2406 1316 2482 faciens,
1343 2422 1571 2471 cunctas
1598 2414 1908 2470 animorum
1943 2411 2054 2466 dis-

478 2519 763 2576 sensiones
799 2514 1007 2584 sopitas
1030 2526 1151 2567 esse
1173 2510 1339 2576 dicat,
1369 2516 1427 2564 et
1464 2508 1754 2564 universos
1795 2508 1853 2562 in
1885 2519 2051 2560 unam

478 2609 835 2678 eamdemque
862 2603 1204 2674 conspirasse
1235 2598 1583 2663 sententiam,
1606 2597 1739 2668 quid
1776 2610 1952 2652 causae
1970 2602 2056 2649 est

478 2719 578 2758 cur
616 2698 866 2756 nonnulli
898 2710 1026 2751 eum
1056 2693 1373 2749 existiment
1406 2690 1614 2747 Ariano
1650 2688 1890 2761 dogmati
1918 2703 2053 2743 con-

476 2791 713 2852 sentire?
738 2789 1021 2844 Falluntur
1043 2786 1212 2841 etiam
1243 2784 1463 2850 Ariani,
1495 2783 1589 2854 qui
1620 2781 1773 2837 illum
1806 2779 2053 2852 opinioni

477 2902 589 2943 sua:
636 2881 924 2953 suﬁ‘ragari
958 2879 1314 2935 arbitrantur.
1357 2876 1465 2931 Sed
1495 2868 1643 2931 dicet
1690 2874 1920 2933 fortasse
1952 2873 2052 2927 ali-

476 2977 639 3048 quis,
692 2974 848 3027 illum
900 2969 1089 3025 Ariani
1144 2966 1416 3039 dogmatis
1464 2974 1791 3020 assertorem
1842 2961 2051 3027 videri,

475 3072 763 3138 propterea
804 3060 950 3131 quod
993 3059 1051 3113 in
1080 3057 1241 3112 libris
1286 3055 1404 3111 suis
1436 3054 1633 3110 crebro
1661 3052 1844 3108 dicere
1890 3050 2051 3118 solet,

474 3176 575 3232 per
596 3158 899 3214 Christum.
946 3151 1107 3222 106
1142 3149 1245 3206 Cui
1274 3163 1377 3205 nos
1421 3148 1477 3203 id
1518 3144 1948 3217 respondemus,
1997 3152 2053 3198 et

2155 1967 2211 2021 δὲ
2236 1967 2265 2019 ὁ
2292 1965 2547 2037 βασιλεὺς
2575 1966 2657 2029 είς
2678 1966 2934 2038 ὁμόνοιαν
2966 1966 3230 2032 ἐλαύνων,
3260 1968 3338 2030 εἰς
3368 1967 3458 2021 ὅτε
3485 1964 3731 2038 ὁμογνώ-

2159 2076 2324 2130 μονας
2354 2057 2448 2113 καὶ
2472 2058 2761 2129 ὁμοδόξους
2795 2058 2993 2121 αὐτοὺς
3027 2058 3119 2111 ἐπὶ
3144 2059 3256 2121 τοῖς
3285 2057 3733 2135 άμφισδητουμέ-

2155 2165 2267 2212 νοις
2305 2148 2477 2204 ἅπασι
2521 2149 2582 2202 τὸ
2617 2150 2705 2203 ἐπ’
2734 2148 2884 2220 αὐτῷ
2930 2147 3299 2220 κατέστησενο
3345 2149 3422 2214 ὡς
3449 2142 3733 2221 ὁμόφωνον

2155 2239 2425 2312 κρατῆσαι
2452 2239 2551 2312 τὴν
2580 2240 2638 2293 ὲν
2664 2238 2867 2311 Νικαίᾳ
2894 2238 3096 2292 πίστιν.
3143 2239 3207 2292 Εἰ
3238 2237 3419 2294 τοίνυν
3475 2239 3732 2305 Εὐσέϐιος

2152 2332 2251 2399 τῆς
2275 2331 2452 2384 ὲκεῖσε
2484 2328 2703 2383 συνόδου
2727 2331 2949 2401 μνήμην
2978 2330 3322 2402 ποιούμενος,
3354 2329 3611 2385 λελύσθαι
3633 2331 3734 2402 μὲν

2153 2422 2221 2476 τὰ
2255 2421 2379 2475 τότε
2409 2420 2902 2494 άμφισῦητούμενα
2934 2422 3106 2492 λέγει,
3156 2423 3365 2487 πάντας
3392 2422 3451 2477 δὲ
3493 2422 3733 2494 όμοφρου

2155 2514 2316 2584 νῆσαι
2347 2512 2443 2566 καὶ
2472 2510 2820 2583 ὁμοῶξῆσαι,
2855 2512 2977 2577 πῶς
3007 2511 3338 2584 άρειανίζειν
3387 2514 3552 2569 αὐτόν
3585 2531 3732 2578 τινες

2156 2602 2667 2674 ὖπολαμδάνουοιν;
2694 2603 3008 2658 Πλανῶνται
3043 2603 3100 2657 δὲ
3130 2605 3225 2667 xui.
3267 2605 3556 2676 ’Δρειανοὶ,
3601 2620 3732 2677 φρο-

2154 2697 2267 2752 νεῖν
2291 2694 2454 2749 αὐτδν
2478 2693 2793 2766 νομίζοντες
2821 2693 2890 2749 τὰ
2918 2694 3118 2752 αὐτῶν.
3137 2694 3281 2750 Ἀλλ’
3308 2696 3426 2768 ὲρεῖ
3442 2713 3544 2761 τις,
3568 2695 3643 2761 ὡς
3672 2695 3733 2750 ὲν

2153 2788 2267 2850 τοῖς
2310 2786 2491 2855 λόγοις
2522 2784 2690 2839 αὐτοῦ
2719 2785 3050 2858 ἀρειανίζειν
3084 2787 3253 2854 δοκεῖ,
3275 2787 3352 2859 τῷ
3374 2788 3616 2861 συνεχῶς
3638 2785 3725 2840 λέ-

2155 2893 2294 2946 γειν,
2320 2874 2408 2930 διὰ
2438 2874 2818 2947 Χριστοῦμι9).
2841 2876 2985 2948 Πρὸς
2999 2876 3057 2931 δν
3073 2875 3533 2950 ἀποκρινούμεθα,
3559 2878 3642 2932 ὅτι
3660 2877 3730 2948 τῇ

2154 2965 2295 3032 λέξει
2308 2966 2481 3040 ταύτῃ
2499 2966 2761 3031 πολλάκις
2778 2968 2871 3021 καὶ
2886 2968 2935 3021 οί
2953 2967 3055 3039 τῆς
3068 2968 3392 3040 Ἔκκλησίας
3406 2970 3729 3040 ἐχρήσαντο,

2154 3057 2249 3111 καὶ
2281 3058 2399 3120 ταῖς
2429 3056 2617 3121 ἄλλαις
2636 3059 2759 3122 ταῖς
2789 3058 3124 3130 μηνυοῦσαις
3159 3059 3261 3130 τὴν.
3284 3059 3595 3131 οἰκονομίαν
3627 3062 3732 3128 τῆς

2156 3145 2574 3218 ἀνθρωπότητος
2628 3146 2725 3202 τοῦ
2789 3148 3046 3220 Σωτῆρος
3097 3147 3278 3220 ἡμῶν.
3335 3150 3448 3205 Καὶ
3501 3153 3609 3221 πρό
3665 3169 3730 3222 γε

476 3215 579 3308 hac
623 3246 884 3320 loquendi
920 3215 1153 3308 ratione,
1177 3249 1233 3297 et
1272 3240 1396 3296 aliis
1438 3215 1753 3310 hujltsmodi
1791 3251 1913 3307 quae
1936 3235 2050 3290 dis-

2155 3215 2411 3293 ἁπάντων
2440 3215 2668 3305 τούτων,
2711 3240 2741 3292 ὁ
2785 3215 3269 3305 Ἀπόστολος”ταῖς
3298 3240 3479 3308 λέξεσι
3505 3215 3732 3309 ταύταις

473 3340 851 3414 pensationem
902 3331 1264 3390 humanitatis
1305 3329 1435 3387 Iesu
1480 3327 1687 3384 Christi
1736 3326 2048 3397 designant,

473 3429 876 3489 ecclesiasticos
900 3424 1197 3495 scriptores
1214 3420 1295 3477 uti
1318 3417 1689 3483 consuevisse,
1711 3423 1768 3472 et
1788 3423 1916 3472 ante
1950 3414 2051 3469 hos

474 3539 667 3581 omnes
714 3520 945 3577 Paulum
994 3515 1304 3588 apostolum
1363 3511 1559 3568 iisdem
1609 3508 1841 3565 vocibus
1886 3521 2048 3563 usum

472 3617 667 3682 fuisse,
694 3614 788 3685 qui
818 3618 1000 3668 tamen
1026 3605 1273 3680 perversi
1311 3603 1586 3676 dogmatis
1616 3601 1880 3674 magister
1914 3615 2056 3655 nun—

473 3723 639 3778 quam
680 3711 767 3759 est
796 3702 1161 3758 existimatus.
1188 3698 1460 3756 Caeterum
1499 3708 1625 3750 eum
1657 3692 1825 3749 Arius
1852 3690 2054 3747 Filium

474 3799 571 3854 Dei
604 3802 913 3852 creaturam
943 3790 1171 3863 perinde
1200 3805 1265 3846 ac
1289 3795 1488 3844 caetera
1518 3799 1641 3856 qua:
1676 3799 1709 3839 a
1737 3783 1851 3839 Deo
1871 3792 2056 3840 creata

475 3898 625 3956 sunt,
653 3901 822 3943 ausus
862 3884 936 3939 sit
967 3882 1174 3947 dicere,
1215 3880 1365 3944 audi,
1398 3879 1445 3935 si
1477 3877 1679 3949 placet,
1708 3890 1957 3946 quaenam
1986 3876 2057 3932 de

475 3980 580 4034 hac
599 3992 660 4032 re
689 3974 858 4031 fuerit
879 3970 1105 4029 Eusebii
1136 3967 1432 4032 sententia,
1464 3965 1523 4022 in
1545 3961 1691 4021 libro
1719 3963 1900 4034 primo
1921 3977 2054 4019 eon-

474 4079 559 4125 tra
591 4065 929 4123 Marcellum.
955 4060 1302 4134 Unigenitus,
1332 4058 1535 4129 inquit,
1560 4055 1658 4112 Dei
1684 4055 1877 4121 Filius,
1907 4057 2057 4112 solus

474 4157 675 4230 ipse,et
697 4169 809 4210 non
837 4152 978 4208 alius
1002 4157 1059 4206 et
1086 4147 1420 4221 praedicatur
1443 4152 1500 4201 et
1535 4151 1637 4200 est.
1669 4142 1825 4200 Unde
1854 4144 2056 4200 merito

472 4245 599 4319 quis
620 4241 1040 4316 reprehenderit
1064 4255 1180 4305 eos,
1215 4238 1310 4310 qui
1339 4245 1647 4294 creaturam
1680 4233 1833 4289 illum
1871 4232 2055 4290 dicere

474 4348 587 4390 non
610 4331 956 4398 dubitarunt,
977 4344 1047 4386 ex
1068 4327 1242 4385 nihilo
1273 4324 1556 4384 conditum
1582 4320 1812 4394 perinde
1836 4335 1901 4376 ac
1923 4320 2052 4376 reli-

2157 3329 2431 3403 ἑχρήσατο
2448 3348 2462 3363 ·
2490 3332 2587 3386 καὶ
2601 3332 2725 3387 οὐδὲ
2743 3331 2962 3386 πώποτε
2978 3332 3052 3396 ὡς
3073 3332 3393 3400 κακοδοξίας
3414 3334 3730 3399 διδάσκαλος

2156 3421 2437 3494 ἐνομίσθη.
2473 3421 2597 3477 Ἔτι
2625 3423 2732 3495 μὴν
2763 3424 2859 3478 καὶ
2895 3424 3108 3496 Ἀρείου
3138 3424 3343 3497 κτίσμα
3364 3425 3459 3479 τὸν
3492 3426 3622 3480 Υίὺν
3651 3427 3731 3490 ὡς

2155 3511 2216 3567 ἒν
2256 3513 2367 3568 τῶν
2413 3514 2591 3569 ἄλλων
2632 3514 3006 3586 τολμήσαντος
3038 3516 3234 3581 είπεῖν,
3284 3515 3588 3571 ἐπάκουσον
3641 3512 3731 3571 οἷα

2158 3604 2419 3671 Εὐσέσιος
2451 3606 2584 3679 περὶ
2615 3605 2806 3661 τούτου
2833 3606 2892 3660 ὲν
2920 3606 2998 3677 τῷ
3035 3605 3240 3679 πρώτῳ
3274 3605 3464 3680 βιϐλίῳ
3491 3607 3570 3680 τῷ
3592 3608 3729 3679 πρὸς

2151 3693 2477 3769 Μάρκελλον
2505 3697 2821 3780 κατάίλέξιν
2855 3698 3043 3770 φησίν.
3078 3697 3139 3751 Ὀ
3165 3697 3461 3770 μονογενὴς
3485 3698 3614 3763 Υίδς
3634 3702 3728 3754 τοῦ

2151 3785 2287 3841 θεοῦ
2345 3786 2507 3857 μόνος
2536 3786 2722 3853 αὐτὸς,
2752 3788 2849 3841 καὶ
2894 3787 3016 3841 οὐδὲ
3059 3787 3220 3854 ἄλλος
3270 3789 3636 3862 ἀνηγόρευταί
3666 3808 3726 3845 τε

2153 3877 2248 3932 καὶ
2274 3877 2445 3934 ἐστιν.
2465 3879 2629 3934 Ὅθεν
2644 3880 2873 3945 εἰκότως
2887 3879 2954 3936 ἄν
2972 3897 3059 3946 τις
3089 3880 3366 3953 μέμψαιτο
3390 3886 3504 3946 τοῖς
3523 3882 3731 3954 κτίσμα

2153 3970 2316 4025 αὐτὸν
2337 3972 2504 4040 φάναι
2532 3972 2951 4045 τετολμηκόσιν,
2979 3973 3040 4040 ἐξ
3069 3976 3171 4029 οὐκ
3197 3974 3368 4032 όντων
3399 3976 3585 4047 ὅμοιον
3615 3979 3729 4040 τοῖς

2152 4061 2360 4126 λοιποῖς
2391 4064 2661 4135 κτίσμασι
2697 4067 3011 4137 γενόμενον.
3041 4065 3154 4120 Καὶ
3177 4065 3296 4130 πῶς
3317 4065 3428 4139 γὰρ
3456 4066 3538 4122 ἔτι
3575 4055 3752 4121 ἔσται’

2153 4151 2281 4217 Υἱὸς
2300 4191 2316 4217 ,
2351 4154 2469 4219 πῶς
2495 4154 2553 4208 δὲ
2583 4157 2879 4228 μονογενὴς
2906 4157 3003 4211 τοῦ
3040 4157 3201 4226 Θεοῦ,
3235 4159 3266 4212 6
3290 4157 3390 4230 τὴν
3418 4157 3590 4230 αὐτὴν
3615 4160 3729 4221 τοῖς

2151 4241 2362 4309 λοιποῖς
2389 4244 2684 4318 κτίσμασιν
2711 4247 3153 4321 ἐπιγραφόμενος
3173 4248 3355 4320 φύσιν,
3374 4250 3484 4304 τῶν
3512 4266 3573 4304 τε
3600 4250 3729 4304 πολ-

2153 4333 2264 4389 λῶν
2286 4338 2564 4408 γεννητῶν
2588 4337 2742 4394 ἐσται
2782 4333 2865 4406 εἷς
2894 4340 3029 4411 (50),
3068 4342 3165 4397 ἅτε
3202 4341 3303 4414 τῆς
3343 4341 3403 4411 ἐξ
3433 4342 3533 4398 οὐκ
3559 4341 3729 4398 όντων

1670 4554 1942 4613 VALESII
1972 4555 2522 4617 ANNOTATIONES.

475 4715 1081 4795 Constantinopolitana
1130 4715 1339 4789 synodo
1352 4714 1699 4795 _Mar_cellum
1732 4718 2041 4795 damnave-f
2074 4724 2120 4781 D
2147 4731 2198 4778 et
2230 4730 2449 4795 nunciict
2480 4737 2689 4795 semper
2730 4730 2781 4775 et
2813 4739 2906 4795 per
2936 4726 3117 4795 omnia
3150 4725 3349 4781 siccata
3385 4723 3725 4782 seculorum.

474 4797 624 4853 rant,
678 4785 962 4856 scripsisse
994 4803 1053 4842 se
1086 4785 1322 4842 testatur
1352 4785 1625 4842 Eusebius
1666 4788 1721 4842 in
1758 4790 1865 4846 ﬁne
1909 4792 2044 4847 libri

475 4857 704 4916 secundi
742 4865 931 4912 contra
973 4856 1309 4912 Marcellum.
1344 4857 1517 4913 Porro
1572 4864 1757 4912 utrum
1790 4859 2048 4917 Socrates

477 4930 618 4985 duos
643 4928 765 4983 illos
801 4927 1014 4997 priores
1055 4933 1247 4998 contra
1279 4926 1592 4982 Marcellum
1620 4925 1792 4984 libros
1826 4930 2046 4998 viderit,

477 5001 753 5055 incertum
798 4996 903 5061 est,
945 5012 1070 5052 cum
1106 4996 1314 5051 nullam
1348 5011 1542 5053 eorum
1588 4998 1923 5055 mentionem
1966 4996 2050 5056 fa;

476 5069 607 5126 ciat.

550 5139 663 5204 (49)
702 5134 789 5211 Τῷ
827 5136 1102 5211 συνεχῶς
1136 5136 1336 5211 λέγειν
1357 5136 1456 5192 διὰ
1487 5135 1761 5211 Χριστοῦ.
1786 5137 2047 5211 lntelligit

479 5209 735 5290 Socrates
769 5207 1092 5290 δοξολογίας,
1131 5224 1257 5290 quae
1296 5208 1554 5290 leguntur
1579 5208 1636 5290 in
1662 5207 1790 5290 .fin‘e
1831 5207 2045 5290 sermo-

476 5296 609 5338 nunt
640 5278 884 5343 Eusebii,
915 5292 1052 5348 quas
1073 5286 1337 5348 perpetuo
1359 5278 1439 5348 ita
1465 5279 1704 5348 concipit
1732 5278 2041 5335 Eusebius:

477 5353 660 5411 Gloria
691 5365 794 5403 non
822 5346 950 5404 nato
977 5346 1126 5419 Patri
1162 5346 1475 5419 perfilium
1506 5346 1660 5402 suum
1692 5350 2043 5419 unigenitum,

474 5434 583 5480 etc.
610 5423 791 5490 Atque
829 5419 884 5473 id
916 5416 1235 5490 perspicere
1255 5416 1386 5490 licet
1409 5416 1465 5470 in
1486 5418 1767 5490 opusculis
1789 5416 2039 5484 Eusebii,

477 5510 597 5564 quae
624 5485 861 5564 Jacobus
907 5485 1233 5564 Sirmondus
1264 5485 1319 5540 in
1351 5485 1537 5564 lucem
1561 5487 1759 5564 edidit.
1795 5490 2042 5564 Exempli

478 5555 672 5635 gratia,
700 5562 757 5616 in
794 5556 899 5635 fine
925 5558 1052 5635 libri
1070 5555 1230 5635 primi
1254 5564 1456 5635 _contra
1488 5555 1784 5635 Sabellium
1818 5560 1932 5614 haec
1964 5555 2043 5615 le-

479 5626 682 5701 guntur
707 5630 876 5687 verba
903 5648 916 5683 :
949 5626 1130 5701 Gloria
1173 5627 1270 5701 imi
1290 5642 1392 5701 non
1419 5635 1545 5679 nato
1584 5626 1714 5701 Qeo,
1736 5645 1839 5701 per
1876 5646 2042 5682 unum

480 5695 804 5773 unigenitum
828 5701 997 5756 Deum
1018 5697 1210 5755 Filium
1230 5695 1345 5761 Dei,
1366 5696 1420 5750 in
1464 5712 1570 5751 uno
1602 5695 1804 5768 Spiritu
1835 5708 2039 5764 sancto,

2146 4796 2335 4880 itineri.
2362 4794 2444 4880 ,ξι
2469 4793 2562 4880 si‘c.
2581 4791 2639 4847 in
2661 4791 2895 4880 ceteris.
2931 4794 3003 4878 In.
3027 4810 3283 4880 sermone
3315 4811 3533 4880 quoque
3559 4811 3725 4880 quem

2146 4862 2342 4948 habuit
2362 4863 2635 4948 Eusebius
2676 4862 2731 4948 in
2769 4863 3113 4948 dedicatione
3150 4862 3398 4948 ecclesiae
3444 4862 3600 4948 Tyri,
3628 4868 3724 4936 qui

2147 4932 2384 4989 refertur
2407 4933 2463 4987 in
2497 4932 2638 4987 libro
2665 4931 2879 4989 decimo
2909 4934 3162 5001 Historiae
3203 4931 3608 5001 ecclesiasticae,
3633 4931 3726 4991 ea-

2149 5003 2275 5077 dem
2321 5002 2556 5058 habetur
2590 5002 2956 5077 clausula,__8tf
2985 4997 3046 5058 οῦ
3070 5004 3222 5077 αὐτῷ
3250 5007 3291 5077 ἡ
3312 5004 3458 5071 δόξα,
3486 4997 3604 5060 etc.
3633 5005 3724 5077 Sic

2149 5073 2300 5128 enim
2327 5088 2428 5127 nos
2455 5087 2582 5127 eum
2603 5072 2784 5128 locum
2810 5073 3084 5130 edidimus
3112 5072 3385 5131 extribus
3416 5075 3721 5129 manuscri-

2152 5142 2261 5215 ptis
2297 5143 2600 5215 codicibus.
2632 5143 2806 5199 Porro
2842 5152 3033 5215 notum
3070 5153 3156 5200 est
3193 5145 3427 5201 Arianos
3458 5145 3721 5215 praeposi-

2150 5213 2354 5267 tionem
2376 5213 2547 5284 illam,
2566 5229 2660 5284 per
2683 5229 2858 5283 quem,
2876 5214 3192 5270 attribuisse
3217 5215 3376 5280 Filio,
3402 5213 3471 5270 eo
3489 5213 3723 5269 consilio

2149 5292 2210 5337 ut
2257 5283 2426 5355 illum;
2458 5282 3007 5355 Patriisubjicerent.
3053 5285 3191 5355 Vide
3235 5283 3631 5355 Theodoritum
3665 5285 3724 5339 in

2147 5361 2317 5425 caput
2348 5353 2586 5425 primum
2620 5353 2878 5425 Epistqlaz
2904 5354 3096 5424 prima:
3119 5354 3187 5425 ad
3225 5353 3563 5425 Corinthios.

2220 5421 2874 5495 '(50)'Tc3r‘tegz'o.1.1¢iw_
3243 5425 3414 5478 ἔσται
3433 5421 3540 5489 εἷς.
3580 5424 3723 5495 Ante

2147 5491 2263 5564 haec
2292 5491 2461 5549 verba
2485 5493 2843 5564 desideratur
2862 5491 3072 5564 integra
3108 5494 3275 5564 linea,
3306 5510 3429 5563 qua:
3472 5508 3541 5549 ex
3576 5493 3722 5549 libro

2145 5562 2326 5643 primo
2373 5563 2597 5619 Eusebii
2631 5563 2707 5617 De
2737 5562 3109 5648 ecclesiastica
3157 5562 3454 5635 Theol’ogia
3497 5578 3621 5649 cap.
3661 5565 3719 5629 9.

2149 5633 3465 5768 ῗὲνέἑέἓνεῖἒῗίἓνῗῗὲἀιτᾶυἷλςτῗὲςδὸδὲἒὲῗςτέῗέ
3482 5650 3719 5759 ἐωξὶ,ῗῖ

2150 5701 2381 5769 γένοιτο
2391 5704 2613 5774 μᾶλλον,
2647 5704 2767 5774 οὐχὶ
2795 5703 2850 5758 δὲ
2882 5701 2997 5768 υίὸς
3026 5701 3122 5757 τοῦ
3149 5701 3315 5758 Θεοῦ·
3349 5704 3458 5760 τῶν
3482 5720 3544 5759 τε
3583 5703 3718 5758 πολ-
