4078 6210
343 315 443 371 141

1256 321 1578 384 HISTORIA
1615 329 2168 391 ECCLESIASTICA.
2210 364 2279 374 —
2315 331 2444 389 LlB.
2486 335 2551 390 ll.

3474 346 3589 401 25?

336 430 572 532 apicem;
619 430 820 532 ὁμοίως
852 433 1047 532 ,αὐτοῖς
1081 440 1365 532 μετασχὼν
1396 446 1719 516 κοινωνίας;
1767 447 1897 502 Ἀλλ

2011 466 2148 521 quas
2189 459 2489 508 creaturas.
2536 452 2821 519 Quomodo
2861 455 3006 510 enim
3046 457 3191 512 ﬁlius
3220 457 3419 524 fuerit,
3443 478 3583 532 quo.

339 521 439 589 οὐχ
481 511 585 573 ὦδε
630 520 760 592 περι
802 521 970 575 αὐτοῦ
1000 524 1071 578 τὰ
1106 524 1226 580 θεία
1266 529 1511 586 παιδεύει
1562 511 1738 604 MT...
1779 532 1913 591 Εῐτα

339 610 460 680 μετ’
488 609 650 678 όλίγα
693 611 860 666 πάλιν
907 614 1183 687 ἐπιφέρει·
1223 617 1283 672 '0
1329 621 1509 677 τοίνυν
1552 625 1807 698 γεννητὸν
1853 624 1914 693 ἐξ

333 703 436 757 οὐκ
471 703 643 758 ὄντων
675 705 772 758 καὶ
799 706 1005 788 κτίσμα
1033 712 1450 784 προηγούμενον
1491 716 1558 771 ὲκ
1588 717 1683 771 τοῦ
1714 719 1790 792 μὴ
1825 718 1914 774 εν·

334 810 428 857 τος
472 793 588 865 (51)
626 795 720 849 τὸν
763 797 893 851 Υίὸν
924 799 1257 871 ὁριζόμενος,
1291 803 1487 877 λέληθε
1523 805 1761 880 τοῦνομα
1814 810 1912 881 μὲν

332 883 487 955 αὑτῷ
526 885 688 956 μόνον
723 887 1105 959 χαριζόμενος,
1141 892 1206 946 τὸ
1230 891 1288 947 δὲ
1334 893 1570 967 ἀληθῶς,
1604 897 1734 964 Υίδς
1768 895 1910 954 εἶναι

333 973 687 1044 ἀρνούμενος.
728 976 788 1030 '0
813 975 923 1049 γὰρ
941 977 1001 1046 ἑξ
1034 978 1133 1032 οὐκ
1154 978 1327 1035 ὄντων
1351 983 1623 1051 γεγονὼς,
1646 986 1747 1040 οὐκ
1779 986 1911 1057 ἀλη-

330 1064 446 1128 θῶς
481 1063 680 1133 γένοιτ’
710 1065 780 1120 ἂν
810 1066 942 1132 Υίὸς
967 1067 1061 1123 τοῦ
1090 1068 1249 1137 Θεοῦ,
1281 1071 1363 1126 ὅτι
1391 1074 1530 1146 μηδὲ
1561 1074 1693 1131 ἄλλο
1721 1094 1773 1130 τι
1800 1076 1909 1134 τῶν

327 1155 630 1225 γεννητῶν.
676 1156 817 1211 Ἀλλ’
850 1158 1069 1229 ἀληθῶς
1101 1160 1228 1225 Υἱὸς
1256 1161 1350 1216 τοῦ
1391 1163 1531 1218 Θεοῦ
1557 1166 1589 1219 ό
1617 1165 1676 1233 ἐξ
1718 1166 1906 1229 αὐτοῦ,

328 1245 410 1307 ὡς
439 1245 536 1299 ἅτε
564 1247 630 1298 έκ
658 1248 875 1320 Πατρὸς
901 1250 1245 1321 ἀποτεχθεὶς,
1271 1253 1496 1318 είκότως
1524 1255 1591 1310 ἂν
1614 1256 1709 1310 καὶ
1752 1273 1907 1327 μονο-

329 1332 500 1403 γενὴς
536 1336 630 1388 καὶ
668 1336 975 1409 ἀγαπητὸς,
991 1342 1350 1411 χρηματίσας
1374 1343 1470 1398 τοῦ
1493 1345 1726 1418 Πατρός.
1749 1343 1906 1400 Οὕτω

325 1423 410 1488 δὲ,
442 1426 538 1479 καὶ
562 1426 697 1491 Θεὸς
719 1427 789 1482 ἂν
813 1429 921 1502 εἴη.
946 1430 1012 1484 Τί
1047 1431 1156 1502 γὰρ
1176 1432 1246 1488 ἂν
1277 1434 1370 1489 καὶ
1401 1436 1536 1491 Θεοῦ
1567 1436 1832 1508 γέννημα,
1865 1436 1900 1508 ἢ

328 1515 393 1569 τὸ
418 1516 500 1588 τῷ
534 1520 886 1591 γεγεννηκότι
926 1522 1392 1596 ἀφωμοιωμένονς
1428 1527 1617 1591 κτίζει
1675 1528 1773 1599 μὲν
1808 1523 1902 1582 οὖν

330 1608 587 1679 βασιλεὺς
616 1610 791 1676 πόλιν,
812 1612 930 1666 ἀλλ’
961 1614 1023 1668 οὐ
1049 1617 1217 1687 γεννᾷ
1240 1617 1430 1671 πόλινο
1458 1620 1654 1691 γεννᾷν
1682 1618 1741 1673 δὲ
1762 1619 1898 1685 υίδν,

325 1700 447 1754 ἀλλ’
473 1702 536 1753 οὐ
574 1701 779 1766 κτίζειν
819 1703 1060 1773 λέγεται.
1095 1706 1206 1760 Καὶ
1254 1708 1502 1779 τεχνίτης
1544 1709 1893 1781 δημιουργὸς,

2017 538 2179 594 modo
2212 540 2522 611 unigenitus
2545 582 2560 607 ,
2591 541 2636 596 si
2665 538 2911 597 eamdem
2939 558 3063 597 cum
3091 544 3301 600 caeteris
3321 547 3586 605 creaturis

2015 633 2266 681 naturam
2291 628 2517 683 δοῐιίιιιδ
2545 637 2648 695 est,
2674 644 2925 699 unusque
2952 638 3038 684 εει
3070 645 3102 684 0
3134 646 3364 687 numero
3398 649 3584 689 rerum

2014 721 2346 780 creatarum,
2380 723 2569 786 utpote
2610 716 2705 786 qui
2749 732 2858 771 una
2897 732 3022 771 cum
3073 716 3181 772 illis
3218 725 3374 773 ortus
3414 721 3485 774 dit
3515 737 3584 777 ex

2012 798 2229 856 nihilo?
2252 801 2453 857 Verum
2483 803 2669 859 divina
2704 804 2926 859 oracula
2958 819 3070 858 non
3098 803 3171 858 ita
3199 804 3277 861 de
3309 805 3401 860 illo
3441 823 3581 877 pra:-

2012 887 2214 943 dicant.
2243 888 2449 945 Deinde
2466 890 2653 959 paucis
2683 889 2982 961 interjeetis
2998 891 3115 946 haec
3136 892 3390 963 subjicit:
3419 893 3582 960 Quis-

2009 978 2135 1049 quis
2180 978 2348 1050 igitur
2374 979 2570 1034 Filium
2604 978 2699 1035 Dei
2724 995 2792 1035 ex
2823 979 2998 1035 nihilo
3029 980 3255 1047 factum,
3284 990 3341 1036 et
3363 991 3582 1037 creatu-

2010 1083 2125 1123 ram
2153 1085 2184 1124 e
2220 1084 2331 1124 non
2370 1077 2618 1125 exstante
2643 1071 2964 1140 productam
2997 1086 3117 1127 esse
3150 1071 3369 1134 asserit,
3394 1072 3439 1126 is
3473 1087 3583 1127 non

2007 1160 2414 1227 animadvertit,
2438 1177 2497 1217 se
2538 1162 2747 1217 nudum
2771 1161 2993 1232 quidem
3021 1176 3221 1217 nomen
3246 1161 3342 1217 ﬁlii
3365 1162 3416 1218 ei
3446 1177 3578 1217 con-

2006 1248 2226 1316 cedere,
2266 1266 2460 1307 revera
2506 1258 2687 1307 tamen
2728 1267 2855 1307 eum
2900 1250 3075 1307 illium
3118 1267 3439 1323 pernegare.
3477 1252 3582 1321 Qui

2005 1339 2153 1394 enim
2194 1354 2260 1394 ex
2294 1339 2470 1395 nihilo
2506 1339 2682 1396 laetus
2712 1347 2819 1405 est,
2843 1354 2973 1395 vere
3004 1339 3175 1394 Filius
3203 1338 3298 1393 Dei
3325 1353 3445 1395 esse
3471 1354 3583 1395 non

2004 1436 2205 1500 potest,
2245 1429 2391 1486 sicut
2441 1445 2545 1487 nec
2585 1430 2805 1501 quidvis
2855 1429 3004 1485 aliud
3050 1429 3197 1500 quod
3242 1429 3445 1485 factum
3488 1428 3578 1485 sit.

2002 1521 2178 1577 Verus
2208 1530 2392 1578 autem
2421 1522 2594 1577 Filius
2620 1521 2738 1587 Dei,
2764 1529 2953 1591 utpote
2982 1520 3078 1591 qui
3103 1536 3170 1576 ex
3201 1520 3294 1576 illo
3318 1528 3580 1589 tanquam

1999 1628 2068 1668 ex
2092 1612 2253 1668 Patre
2302 1611 2522 1683 genitus
2560 1619 2664 1677 est,
2700 1611 3015 1682 unigenitus
3049 1618 3106 1668 et
3141 1612 3374 1669 dilectus
3396 1611 3576 1668 Patris

2000 1703 2199 1759 merito
2223 1701 2446 1757 dicitur.
2471 1701 2555 1757 0b
2576 1716 2697 1757 eam
2718 1701 2886 1756 etiam
2918 1716 3139 1757 causam
3162 1701 3308 1756 Deus
3328 1701 3443 1770 ipse
3465 1710 3568 1754 est.

328 1789 449 1844 ἀλλ’
476 1791 536 1843 οὐ
554 1791 736 1865 πατὴρ
766 1792 965 1861 γένοιτ’
991 1793 1059 1849 ἂν
1078 1798 1173 1850 τοῦ
1193 1797 1331 1869 πρὸς
1352 1799 1517 1852 αὑτοῦ
1541 1799 1897 1872 δημιουργου-

2003 1798 2138 1866 Quis
2158 1797 2304 1853 enim
2331 1796 2473 1852 alius
2497 1797 2595 1851 Dei
2624 1796 2769 1852 fetus
2788 1810 2909 1852 esse
2941 1794 3134 1866 possit,
3162 1809 3325 1864 quam
3355 1793 3433 1847 illi
3472 1791 3589 1863 ipse

332 1882 521 1951 μένου.
554 1885 665 1938 Τοῦ
695 1886 755 1939 δὲ
784 1885 846 1951 ἐξ
864 1887 1030 1941 αὐτοῦ
1057 1886 1252 1957 φύντος
1270 1888 1407 1954 υἱοῦ,
1431 1890 1532 1944 οὐκ
1560 1891 1625 1945 ἂν
1644 1891 1904 1965 δημιουρ-

327 1973 427 2037 γδς
480 1973 719 2047 λεχθείη.
756 1977 867 2031 Καὶ
901 1976 965 2047 δὴ
996 1978 1092 2032 καὶ
1118 1980 1148 2033 ό
1183 1979 1292 2032 τῶν
1322 1978 1460 2033 ὅλων
1495 1980 1647 2045 Θεὸς,
1675 1981 1771 2035 τοῦ
1803 1981 1903 2052 μὲν

333 2063 472 2117 ι’ίοῦ
505 2065 714 2137 Πατὴρ,
739 2065 837 2120 τοῦ
856 2066 917 2120 δὲ
943 2069 1149 2139 κόσμου
1177 2069 1403 2141 κτίστης
1443 2070 1511 2126 ἂν
1540 2070 1764 2135 εἰκότως
1810 2072 1904 2125 καὶ

331 2155 576 2226 ποιητὴς
602 2155 824 2225 λέγοιτο.
858 2159 923 2213 Ei
941 2159 1000 2213 δὲ
1020 2160 1166 2228 ἅπαξ
1183 2178 1288 2215 που
1308 2162 1408 2234 τῆς
1427 2162 1647 2235 Γραφῆς
1660 2162 1904 2235 εὑρίσκοι

329 2261 425 2308 τις
460 2246 745 2316 εἰρημένον
773 2247 855 2312 τὸ,
906 2251 1127 2319 Κύριος
1167 2251 1377 2306 ἕκτισέ
1403 2268 1482 2322 με
1526 2252 1726 2323 ἀρχὴν
1749 2251 1906 2308 ὁδῶν

324 2336 538 2400 αὐταῦ.
569 2339 659 2404 εὶς
679 2337 825 2408 ἔργα
852 2340 1061 2407 αὐτοῦ,
1080 2342 1172 2397 τὸν
1188 2342 1314 2397 νοῦν
1342 2343 1660 2398 ἐπισκοπεῖν
1682 2345 1788 2416 χρὴ
1810 2343 1905 2398 τοῦ

326 2426 515 2495 λόγου,
546 2427 611 2481 ὃν
634 2429 833 2500 μικρὸν
861 2428 1091 2503 ὕστερον
1119 2433 1447 2505 ἐκθήσομαι,
1480 2433 1617 2488 ἀλλὰ
1648 2435 1725 2506 μὴ
1761 2435 1904 2489 κατὰ

324 2514 651 2586 Μάρκελλον
685 2518 753 2571 ἐκ
776 2520 909 2588 μιᾶς
938 2518 1156 2585 λέξεως,
1188 2521 1252 2576 τὸ
1277 2521 1614 2594 κυριώτατον
1638 2526 1738 2596 τῆς
1781 2525 1901 2579 Ἐκ-

323 2606 558 2676 κλησίας
586 2610 936 2683 παρασαλειὴ
945 2628 993 2665 ιν
1021 2612 1217 2684 δόγμα.

2010 1905 2108 1960 per
2128 1887 2308 1943 omnia
2337 1886 2688 1942 simillimus?
2711 1886 2910 1941 Condit
2933 1885 3155 1956 quidem
3188 1884 3380 1939 urbem
3406 1883 3578 1953 impe-

2008 1989 2179 2045 rator,
2201 1979 2297 2036 sed
2338 1994 2458 2035 eam
2503 1994 2613 2034 non
2655 1978 2828 2050 gignit
2868 1993 2882 2031 :
2918 1978 3088 2033 lilium
3138 1983 3319 2032 autem
3355 1974 3578 2046 gignere

2007 2070 2230 2137 dicitur,
2263 2085 2375 2126 non
2416 2070 2673 2125 condere.
2714 2066 2924 2124 Artifex
2960 2076 3145 2123 autem
3183 2065 3338 2122 faber
3372 2064 3576 2120 dicitur

2006 2161 2127 2233 ejus
2149 2160 2297 2231 quod
2337 2159 2638 2216 fabricatus
2670 2167 2778 2224 est,
2802 2173 2912 2214 non
2948 2166 3125 2229 pater.
3147 2156 3273 2214 Filii
3316 2170 3449 2211 vero
3490 2153 3577 2210 sui

2007 2265 2357 2321 nequaquam
2376 2250 2531 2307 faber
2549 2250 2771 2306 dicitur.
2796 2250 2876 2307 Ita
2897 2264 3118 2321 quoque
3142 2262 3388 2303 summus
3412 2244 3578 2315 hujus

2004 2343 2245 2399 universi
2289 2344 2455 2409 Deus,
2483 2343 2606 2400 Filii
2628 2343 2852 2414 quidem
2881 2342 2965 2397 sui
3006 2342 3188 2406 Pater,
3224 2336 3577 2393 mundi'vero

1998 2435 2154 2490 faber
2179 2441 2237 2490 et
2267 2434 2523 2490 conditor
2560 2433 2760 2490 merito
2803 2432 3027 2489 dicitur.
3071 2429 3227 2498 Quod
3251 2429 3299 2484 si
3322 2425 3577 2483 semel'in

1999 2526 2299 2597 Scripturis
2348 2525 2660 2581 inveniatur
2700 2524 2931 2590 dictum,
2970 2523 3226 2578 Dominus
3257 2518 3452 2573 creavit
3490 2531 3575 2569 me

1997 2619 2209 2673 initium
2252 2618 2461 2672 viarum
2511 2632 2731 2671 suarum
2769 2615 2840 2669 ad
2878 2631 3038 2687 opera
3094 2630 3194 2668 sua
3233 2612 3301 2677 ³¹;
3351 2622 3591 2665 εριιειιως

322 2698 623 2754 verborum
647 2700 919 2771 inspicere
941 2702 1224 2771 debemus,
1253 2720 1418 2775 quem
1449 2705 1612 2777 paulo
1635 2713 1761 2778 post
1796 2723 2091 2780 exponam,
2136 2724 2258 2777 nec,
2323 2716 2387 2764 ut
2436 2708 2725 2765 Marcellus
2745 2707 2896 2772 facit,
2960 2705 3033 2761 ob
3065 2704 3288 2760 unicum
3323 2699 3572 2756 testimo-

320 2793 500 2859 nium,
522 2795 863 2867 praecipuum
894 2798 1152 2855 Ecclesia:
1178 2799 1373 2872 dogma
1394 2802 1722 2858 convellere.

393 2887 635 2943 Τοιαῦτα
664 2891 763 2961 μὲν
788 2891 884 2945 καὶ
909 2892 1071 2962 ἕτερα
1104 2893 1324 2950 πλείονα
1348 2895 1376 2948 ό
1403 2897 1696 2968 Παμφίλου
1722 2898 1894 2952 Εὐσέ-

2066 2899 2193 2956 Haec
2228 2908 2286 2955 et
2325 2898 2431 2955 alia
2455 2897 2691 2970 plurima
2727 2896 2797 2952 ab
2834 2894 3074 2951 Eusebio
3115 2889 3384 2961 Pamphili
3424 2886 3571 2943 dicta

319 2979 439 3043 ὄιος
460 2980 523 3032 έν
555 2978 638 3051 τῷ
662 2980 865 3055 πρώτῳ
891 2982 1033 3056 λόγῳ
1062 2985 1139 3058 τῷ
1168 2986 1306 3058 πρὸς
1344 2988 1666 3059 Μάρκελλόν
1707 3006 1895 3062 φησιν.

2001 2993 2122 3042 sunt
2154 2986 2212 3042 in
2248 2986 2392 3042 libro
2435 2986 2701 3041 adversus
2724 2983 3059 3039 Marcellum.
3096 2980 3157 3035 In
3188 2977 3350 3034 tertio
3386 2983 3571 3062 autem

323 3070 432 3123 Καὶ
461 3072 526 3123 ἒν
540 3072 713 3144 τρίτῳ
738 3074 794 3127 δὲ
806 3076 835 3128 ὁ
858 3075 1041 3144 αὐτὸς,
1057 3077 1322 3134 διδάσκων
1465 3081 1547 3134 δεῖ
1562 3080 1623 3134 τὺ
1648 3058 1873 3148 κτίσμα

2001 3071 2237 3143 ejusdem
2264 3072 2447 3144 operis
2482 3070 2647 3136 libro,
2674 3071 2880 3125 docens
2904 3067 3180 3140 quomodo
3216 3058 3571 3134 intelligenda

316 3162 419 3232 τὴν
451 3162 602 3228 λέξιν
642 3164 982 3237 ἐκδέχεσθαι,
1026 3168 1202 3224 τοιάδε
1235 3173 1401 3241 φησίν
1425 3185 1443 3204 ·
1471 3171 1688 3226 Τούτων
1714 3171 1896 3227 τοίνυν

2001 3166 2060 3221 ιιι
2090 3166 2245 3236 107
2269 3165 2387 3220 haec
2406 3179 2511 3219 vox
2538 3162 2761 3234 κτίσμα,
2789 3162 2865 3217 ita
2896 3161 3141 3231 loquitur
3166 3175 3179 3211 :
3213 3157 3310 3211 llis
3334 3156 3411 3211 ita
3439 3167 3569 3209 con-

315 3247 425 3307 ὧδέ
456 3271 538 3325 πη
566 3258 1090 3329 κατεσκευασμένων
1126 3259 1263 3331 (52),
1291 3261 1581 3317 ἀκόλουθόν
1604 3265 1721 3318 ἐστι
1758 3263 1897 3336 μετὰ

2001 3257 2219 3323 ιιίιιιιὶε,
2246 3270 2589 3326 consequens
2605 3261 2711 3321 est,
2736 3261 2820 3320 ut,
2842 3248 3305 3324 quemadmodum
3333 3246 3425 3301 illa
3448 3258 3571 3314 qua:

317 3343 428 3396 τῶν
452 3346 895 3416 προεκτεθέντων
915 3348 1189 3414 ἁπάντων.
1222 3352 1411 3418 καὶτὸ,
1440 3354 1658 3423 Κύριος
1689 3354 1896 3410 ἔκτισέ

2001 3357 2408 3422 praecesserunt,
2431 3348 2512 3405 sic
2533 3347 2698 3404 etiam
2723 3347 2838 3403 haec
2869 3344 3038 3400 verba
3063 3361 3076 3397 :
3101 3342 3356 3397 Dominus
3387 3338 3568 3393 condi;

317 3453 391 3503 με
423 3436 632 3505 ἀρχὴν
663 3437 821 3493 ὁδῶν
856 3440 1042 3496 αὑτοῦ
1081 3442 1169 3508 είς
1199 3442 1343 3513 ἔργα
1365 3445 1577 3507 αὐτοῦ,
1620 3445 1889 3518 λελέχθαι.

2001 3443 2075 3498 dit
2101 3458 2184 3498 me
2220 3442 2431 3497 initium
2451 3442 2659 3496 viarum
2680 3454 2901 3494 suarum
2932 3437 3002 3491 ad
3038 3451 3199 3507 Opera
3231 3450 3351 3499 sua,
3382 3431 3452 3487 de
3472 3446 3568 3485 εο-

318 3526 383 3578 ει
408 3525 467 3579 δὲ
502 3526 655 3595 λέγει
682 3528 931 3584 ἐκτίσθαι
953 3530 1169 3599 ἑαυτὸν,
1194 3530 1293 3603 οὐχ
1315 3532 1393 3598 ὡς
1419 3534 1486 3588 ὲκ
1501 3532 1597 3588 τοῦ
1629 3534 1705 3606 μὴ
1737 3534 1890 3601 θντος

315 3617 398 3680 είς
424 3615 488 3671 τό
512 3611 655 3671 εἶναι
687 3618 973 3689 παρελθὼν
1001 3620 1174 3677 ταῦτα
1217 3622 1286 3677 ἂν
1309 3623 1472 3688 εἴποι,
1514 3623 1622 3678 οὐδ’
1663 3622 1740 3689 ὡς
1778 3627 1892 3690 τοῖς

322 3706 534 3772 λοιποῖς
562 3707 828 3778 κτίσμασι
855 3708 948 3764 καὶ
974 3709 1137 3775 αὐτὸς
1168 3711 1234 3765 ὲκ
1265 3710 1362 3765 τοῦ
1390 3712 1466 3783 μὴ
1503 3711 1657 3776 ὄντος
1691 3712 1891 3783 ὁμοίως

316 3798 580 3867 γεγονὼς,
614 3800 647 3853 ὅ
676 3816 820 3866 τινες
861 3801 964 3855 οὐκ
991 3802 1168 3873 ὀρθῶς
1200 3803 1584 3875 ὑπειλήφασιν,
1626 3803 1769 3858 Ἀλλ’
1814 3805 1891 3871 ὡς

316 3890 569 3958 ὑφεστὼς
592 3891 693 3962 μιν
716 3892 813 3946 καὶ
840 3891 970 3958 ζῶν,
988 3892 1172 3966 προών
1192 3911 1252 3949 τε
1276 3894 1370 3949 καὶ
1399 3895 1770 3967 προῦπάρχων
1788 3897 1891 3968 τῆς

315 3983 413 4036 τοῦ
444 3983 654 4047 παντὸς
683 3984 888 4054 κόσμου
917 3986 1230 4051 συστάσεως
1249 4003 1265 4019 θ
1298 3987 1490 4059 ἄρχειν
1530 3988 1590 4043 δὲ
1618 3990 1726 4044 τῶν
1755 3990 1895 4047 ὅλων

315 4074 422 4127 ὑπο
442 4073 544 4127 τοῦ
571 4074 782 4147 Κυρίου
807 4075 901 4131 τοῦ
925 4077 1120 4131 ἑαυτοῦ
1140 4078 1355 4150 [ἰατρὸς
1382 4081 1855 4153 κατατεταγμένος
1873 4099 1888 4115 ·

315 4165 411 4219 τοῦ
442 4168 697 4221 ἔκτισεν
722 4167 976 4233 ἐνταῦθα,
1005 4169 1126 4224 ἀντὶ
1143 4169 1236 4224 τοῦ
1264 4170 1610 4244 κατέταξενῆ
1635 4173 1888 4247 κατέστη-

316 4273 410 4309 σεν
452 4257 774 4328 εἰρημένου.
810 4260 1117 4332 Δωρῤήδην
1156 4257 1250 4317 οὖν
1296 4263 1425 4328 τοὺς
1475 4264 1536 4318 ὲν
1586 4263 1891 4337 ἀνθρώποις

312 4350 591 4419 ἄρχοντας
635 4350 731 4405 καὶ
773 4352 1067 4423 ἡγεμόνας,
1106 4354 1284 4408 κτίσιν
1320 4355 1600 4428 ὠνόμασεν
1643 4358 1674 4411 ό
1721 4357 1891 4414 εἰπὼν

314 4441 639 4506 ἀπόστολος,
688 4442 1052 4514 Ὑποτάγητε
1077 4440 1191 4501 οὖν
1215 4445 1383 4515 πείσῃ
1411 4447 1752 4519 ἀνθρωπίνῃ
1771 4451 1891 4504 κτί-

314 4548 410 4587 σει
432 4533 535 4588 διὰ
562 4533 673 4588 τὸν
697 4535 938 4604 Κύριον,
968 4536 1090 4591 εἴτε
1112 4535 1382 4604 βασιλεῖ,
1410 4538 1492 4605 ὡς
1516 4540 1888 4611 ὑπερέχοντι,

314 4627 433 4680 εἶτε
479 4625 798 4695 ἡγεμόσιν,
843 4627 924 4695 ὡς
949 4627 1024 4681 δι’
1055 4628 1242 4684 αὐτοῦ
1269 4628 1687 4700 πεμπομένοις.
1727 4631 1838 4685 Καὶ
1862 4632 1892 4685 ό

1996 3534 2121 3591 dem
2152 3549 2388 3606 persona
2415 3531 2561 3589 dicta
2605 3531 2736 3587 sint.
2782 3528 2937 3601 Quod
2982 3527 3029 3583 si
3070 3532 3316 3582 creatum
3341 3537 3401 3579 se
3446 3536 3568 3577 esse

1996 3625 2153 3694 dicit,
2168 3642 2278 3682 non
2301 3626 2374 3681 ita
2392 3624 2771 3696 accipiendum
2791 3629 2895 3687 est,
2920 3619 3076 3691 quasi
3098 3618 3267 3683 dicat,
3292 3631 3351 3672 se
3374 3613 3441 3669 de
3457 3628 3568 3668 non

1994 3718 2339 3774 exstantibus
2363 3717 2432 3773 ad
2458 3716 2513 3772 id
2543 3713 2693 3787 quod
2713 3721 2797 3770 est
2816 3710 3151 3788 pervenisse,
3177 3716 3234 3764 et
3253 3705 3481 3781 perinde
3502 3719 3579 3760 ae.

1994 3809 2236 3881 reliquas
2270 3814 2552 3865 creaturas
2595 3822 2663 3863 ex
2704 3804 2879 3861 nihilo
2926 3801 3206 3859 conditum
3244 3813 3397 3865 esse,
3424 3797 3571 3854 sicut

1995 3899 2246 3957 nonnulli
2268 3914 2557 3971 perperam
2579 3895 2982 3953 existimarunt.
3009 3890 3116 3949 Sed
3140 3890 3194 3946 id
3214 3890 3568 3959 dieit,utpote

1995 3992 2092 4064 qui
2118 3991 2381 4048 subsistat
2402 4006 2465 4047 ac
2484 3988 2825 4061 praeexsi’stat
2852 3992 2979 4042 ante
3007 3982 3453 4053 constitutionem
3481 3987 3567 4033 to-

1997 4088 2109 4143 tius
2128 4084 2350 4151 mundi;
2375 4098 2407 4138 a
2430 4083 2592 4139 Patre
2614 4088 2798 4136 autem
2822 4093 2924 4134 suo
2958 4091 3024 4131 ac
3047 4074 3279 4130 Domino
3313 4071 3567 4144 princeps

1996 4192 2062 4233 ac
2103 4184 2288 4233 rector
2329 4175 2495 4246 hujus
2536 4170 2778 4227 universi
2820 4166 3152 4224 constitutus
3191 4165 3298 4220 sit:
3336 4161 3475 4217 adeo
3505 4167 3567 4215 ut

1994 4266 2226 4324 verbum
2250 4265 2376 4331 hoc,
2398 4263 2634 4325 ἔκτισεν,
2664 4259 2904 4337 positum
2928 4258 3000 4313 sit
3030 4255 3137 4313 hoc
3166 4254 3288 4309 loco
3314 4267 3414 4323 pro
3429 4267 3565 4307 con-

1996 4356 2197 4414 stituit.
2220 4354 2383 4411 Certe
2410 4351 2690 4423 apostolus
2712 4350 2909 4404 Petrus
2948 4343 3300 4423 principeset
3316 4348 3567 4401 rectores

1996 4450 2091 4521 qui
2111 4446 2429 4505 horninibus
2452 4450 2714 4516 praesunt,
2746 4440 2951 4497 diserte
2974 4445 3282 4494 creaturam
3306 4433 3562 4505 appellat,

1997 4541 2086 4596 his
2103 4538 2328 4596 verbis:
2368 4535 2599 4608 Subjecti
2635 4541 2797 4589 estote
2847 4533 2991 4587 omni
3028 4532 3273 4585 humana:
3307 4535 3565 4582 creaturae

1997 4638 2213 4704 prapter
2260 4629 2575 4693 Dominum;
2623 4627 2731 4682 sive
2770 4626 2881 4697 regi
2919 4631 3176 4694 tanquam
3224 4617 3564 4692 prwccllenti,

317 4714 488 4768 εἰπὼν
514 4715 575 4769 δὲ
602 4716 911 4793 προφήτης,
958 4716 1298 4788 Ἐτοιμόζον
1334 4718 1442 4775 τοῦ
1476 4718 1891 4779 ἐπικαλεῖσθαι

2001 4723 2103 4779 sive
2152 4720 2437 4778 rectoribus
2473 4729 2732 4791 tanquam
2765 4718 2830 4773 ab
2870 4715 2965 4771 illo
2995 4715 3167 4771 missis
3194 4714 3259 4768 “.
3287 4711 3565 4782 Pmpbcta

318 4805 422 4861 τὸν
442 4808 596 4862 osor
618 4782 787 4872 an);
807 4782 1057 4879 709(1er
1074 4828 1087 4841 -
1109 4782 1259 4866 δεδι-ι
1279 4810 1409 4866 ιδοὺ
1431 4810 1694 4881 στερεῶν
1712 4813 1895 4882 ,βρον-

2001 4828 2218 4886 quoque
2241 4827 2368 4870 cum
2407 4812 2544 4871 dicit
2562 4782 2861 4883 {Priapum
2890 4818 2961 4875 te,
2990 4806 3180 4874 Israel,
3214 4794 3283 4863 ad
3313 4808 3563 4862 invocan-

385 4960 430 4995 ³⁸
450 4962 615 5018 Prov.
640 4978 757 5030 vin,
782 4961 874 5018 23.
949 4965 994 4997 ³³
1023 4964 1218 5021 lPetr.
1253 4981 1311 5033 ιι,
1349 4965 1437 5033 15,
1466 4966 1552 5021 14.

330 5281 486 5357 ﬂata
514 5280 689 5353 potius
716 5280 935 5337 illorum
955 5283 1112 5353 fuerit
1136 5299 1298 5354 quam
1319 5283 1462 5353 ﬁlius
1483 5283 1615 5352 Dei;
1643 5280 1880 5357 unusque

259 5398 269 5434 ι
330 5351 503 5434 αἱς-ετ
516 5351 751 5434 numero
766 5368 945 5407 rerum
956 5351 1291 5434 ‘creata'rum.

392 5421 501 5493 (ξι)
650 5422 877 5491 κτίσμα
896 5422 1344 5493 προηγούμενον
1364 5423 1434 5479 ἐκ
1452 5423 1559 5479 τοῦ
1574 5424 1657 5493 μὴ
1683 5425 1875 5491 ὄντος.

328 5487 678 5563 Μυειιᾶυηι
706 5487 806 5548 (ξεί
834 5487 1197 5563 προηγμένον,
1218 5502 1280 5549 ιιι
1302 5493 1470 5549 habet
1500 5487 1773 5550 Eusebius
1824 5487 1879 5550 in

329 5558 438 5616 loco
464 5564 831 5643 supra__citato
847 5558 1114 5643 ςςγενῂτόν
1136 5578 1362 5643 quoque
1372 5563 1754 5643 scribendum,
1779 5581 1888 5621 non

330 5632 589 5700 γεννητόν.
622 5633 753 5690 Haec
788 5633 938 5688 enim
972 5632 1090 5688 duo
1127 5632 1318 5699 verba,
1349 5633 1480 5690 licet
1503 5633 1663 5688 unica
1700 5635 1885 5691 littera

333 5699 744 5763 distineantur.
789 5705 1025 5759 multum
1075 5712 1256 5760 tamen
1302 5703 1445 5761 inter
1494 5719 1552 5760 se
1600 5703 1880 5763 differunt.

1503 5062 1773 5159 vALEsu
1809 5102 2352 5164 ANNOTATIONES.

326 5204 433 5265 λῶν
472 5209 747 5282 γεννητῶν
799 5208 950 5266 ἔσται
985 5205 1085 5277 εἷς.
1135 5211 1194 5268 Id
1227 5221 1345 5269 est:
1388 5212 1501 5270 Hoc
1535 5215 1675 5270 enim
1724 5224 1878 5286 pacto

330 5281 486 5345 tum
514 5285 689 5345 potius
716 5280 935 5337 illorum
955 5283 1112 5345 fuerit
1136 5299 1298 5345 quam
1319 5283 1462 5345 ﬁlius
1483 5283 1615 5345 Dei;
1643 5301 1880 5345 unusque

2001 5218 2346 5345 stam“

1984 5288 2076 5360 τόν
2106 5288 2235 5346 vero
2264 5288 2317 5347 id
2352 5288 2497 5360 quod
2527 5295 2897 5360 creatumest.

2347 5219 2407 5273 όν
2440 5215 2662 5288 quidem
2698 5225 2785 5271 est
2819 5215 2874 5271 id
2916 5213 3064 5285 quod
3090 5214 3362 5286 gignitur:
3399 5228 3561 5281 γενιι⁴

2058 5327 2191 5429 (5⁵23.
2202 5327 2557 5429 ;o;tmv;oi
2558 5374 2674 5412 νυν
2708 5350 2843 5429 (me
2855 5327 3553 5429 extxatgo‘xsvaojtémor.

1986 5421 2161 5497 Ap'ud'
2191 5429 2488 5484 Eusebium
2530 5427 2587 5481 in
2617 5442 2735 5498 cap.
2771 5426 2807 5498 2
2831 5425 2928 5481 lib.
2963 5442 3023 5480 ιιι
3064 5426 3141 5498 De
3186 5421 3556 5498 ecclesiastica

1990 5488 2323 5569 Thcologia,
2342 5499 2417 5553 ita
2442 5498 2643 5569 legitur
2667 5488 2758 5569 hic
2781 5497 2957 5569 locus,
2984 5494 3188 5548 τούτων
3214 5488 3557 5569 ὦδέίπηγκατο

1989 5560 2427 5637 εσκευαέμὲνων,
2451 5560 2556 5622 (δῶ.
2581 5568 2642 5622 ln
2666 5566 2982 5622 Florentino
3004 5571 3183 5637 tamen
3204 5570 3261 5614 et
3282 5560 3394 5616 δῖοι
3408 5560 3556 5615 tiano

1989 5639 2177 5695 codice
2225 5630 2489 5709 Scriptum
2527 5646 2610 5695 est
2636 5630 3308 5701 ὲπικατασκευαζομένων.
