  <div class='ocr_page' id='page_1' title='image "/cluster/home/n/w/nwhite01/storage/ocr_20150623/67/hvd.32044020707378/129.png"; bbox 0 0 4078 6210; ppageno 0'>
   <div class='ocr_carea' id='block_1_1' title="bbox 499 290 606 345">
    <p class='ocr_par' dir='ltr' id='par_1_1' title="bbox 499 290 606 345">
     <span class='ocr_line' id='line_1_1' title="bbox 499 290 606 345; baseline -0.009 0"><span class='ocrx_word' id='word_1_1' title='bbox 499 290 606 345; x_wconf 65' lang='grc'><strong>247</strong></span> 
     </span>
    </p>
   </div>
   <div class='ocr_carea' id='block_1_2' title="bbox 1969 296 2304 354">
    <p class='ocr_par' dir='ltr' id='par_1_2' title="bbox 1969 296 2304 354">
     <span class='ocr_line' id='line_1_2' title="bbox 1969 296 2304 354; baseline 0.003 -1"><span class='ocrx_word' id='word_1_2' title='bbox 1969 296 2304 354; x_wconf 76' lang='lat' dir='ltr'><strong>SOCBATIS</strong></span> 
     </span>
    </p>
   </div>
   <div class='ocr_carea' id='block_1_3' title="bbox 3639 309 3746 365">
    <p class='ocr_par' dir='ltr' id='par_1_3' title="bbox 3639 309 3746 365">
     <span class='ocr_line' id='line_1_3' title="bbox 3639 309 3746 365; baseline -0.009 0"><span class='ocrx_word' id='word_1_3' title='bbox 3639 309 3746 365; x_wconf 70' lang='grc'><strong>248</strong></span> 
     </span>
    </p>
   </div>
   <div class='ocr_carea' id='block_1_4' title="bbox 500 405 2085 488">
    <p class='ocr_par' dir='ltr' id='par_1_4' title="bbox 500 405 2077 481">
     <span class='ocr_line' id='line_1_4' title="bbox 500 405 2077 481; baseline 0.001 -18"><span class='ocrx_word' id='word_1_4' title='bbox 500 407 676 463; x_wconf 79' lang='lat' dir='ltr'><strong>hostis</strong></span> <span class='ocrx_word' id='word_1_5' title='bbox 700 405 872 476; x_wconf 83' lang='lat' dir='ltr'><strong>ipsius</strong></span> <span class='ocrx_word' id='word_1_6' title='bbox 899 415 1064 471; x_wconf 87' lang='lat' dir='ltr'><strong>esset,</strong></span> <span class='ocrx_word' id='word_1_7' title='bbox 1093 406 1408 478; x_wconf 81' lang='lat' dir='ltr'><strong>bellumque</strong></span> <span class='ocrx_word' id='word_1_8' title='bbox 1437 410 1694 480; x_wconf 90' lang='lat' dir='ltr'><strong>protinus</strong></span> <span class='ocrx_word' id='word_1_9' title='bbox 1716 419 2077 481; x_wconf 72' lang='lat' dir='ltr'><strong>exspectaret.</strong></span> 
     </span>
    </p>
   </div>
   <div class='ocr_carea' id='block_1_5' title="bbox 2184 405 3748 488">
    <p class='ocr_par' dir='ltr' id='par_1_5' title="bbox 2187 417 3748 488">
     <span class='ocr_line' id='line_1_5' title="bbox 2187 417 3748 488; baseline 0.006 -21"><span class='ocrx_word' id='word_1_10' title='bbox 2187 417 2292 468; x_wconf 86' lang='grc' dir='ltr'>εἰσι</span> <span class='ocrx_word' id='word_1_11' title='bbox 2319 418 2452 487; x_wconf 84' lang='grc' dir='ltr'>παρ’</span> <span class='ocrx_word' id='word_1_12' title='bbox 2485 417 2610 488; x_wconf 73' lang='grc' dir='ltr'>ἐμοὶ</span> <span class='ocrx_word' id='word_1_13' title='bbox 2647 417 2959 482; x_wconf 78' lang='grc' dir='ltr'>Ἀθανάσιος</span> <span class='ocrx_word' id='word_1_14' title='bbox 2984 419 3077 472; x_wconf 74' lang='grc' dir='ltr'>καὶ</span> <span class='ocrx_word' id='word_1_15' title='bbox 3096 418 3304 482; x_wconf 89' lang='grc' dir='ltr'>Παῦλος</span> <span class='ocrx_word' id='word_1_16' title='bbox 3323 437 3338 452; x_wconf 79' lang='grc'><em>’</em></span> <span class='ocrx_word' id='word_1_17' title='bbox 3373 419 3509 476; x_wconf 87' lang='grc' dir='ltr'><strong>ἀλλά</strong></span> <span class='ocrx_word' id='word_1_18' title='bbox 3545 423 3748 476; x_wconf 82' lang='grc' dir='ltr'>πυνθα-</span> 
     </span>
    </p>
   </div>
   <div class='ocr_carea' id='block_1_6' title="bbox 501 497 2081 574">
    <p class='ocr_par' dir='ltr' id='par_1_6' title="bbox 501 497 2081 574">
     <span class='ocr_line' id='line_1_6' title="bbox 501 497 2081 574; baseline 0.004 -22"><span class='ocrx_word' id='word_1_19' title='bbox 501 497 723 553; x_wconf 70' lang='lat' dir='ltr'><strong>Littera:</strong></span> <span class='ocrx_word' id='word_1_20' title='bbox 747 505 929 552; x_wconf 85' lang='lat' dir='ltr'><strong>autem</strong></span> <span class='ocrx_word' id='word_1_21' title='bbox 955 514 1092 574; x_wconf 83' lang='lat' dir='ltr'><strong>quas</strong></span> <span class='ocrx_word' id='word_1_22' title='bbox 1125 498 1193 553; x_wconf 90' lang='lat' dir='ltr'><strong>ad</strong></span> <span class='ocrx_word' id='word_1_23' title='bbox 1225 499 1452 554; x_wconf 87' lang='lat' dir='ltr'><strong>fratrem</strong></span> <span class='ocrx_word' id='word_1_24' title='bbox 1474 501 1717 572; x_wconf 80' lang='lat' dir='ltr'><strong>scripsit.</strong></span> <span class='ocrx_word' id='word_1_25' title='bbox 1738 509 1867 556; x_wconf 88' lang='lat' dir='ltr'><strong>sunt</strong></span> <span class='ocrx_word' id='word_1_26' title='bbox 1889 501 2081 572; x_wconf 86' lang='lat' dir='ltr'><strong>hujus-</strong></span> 
     </span>
    </p>
   </div>
   <div class='ocr_carea' id='block_1_7' title="bbox 501 588 2085 663">
    <p class='ocr_par' dir='ltr' id='par_1_7' title="bbox 501 588 2085 663">
     <span class='ocr_line' id='line_1_7' title="bbox 501 588 2085 663; baseline 0.003 -20"><span class='ocrx_word' id='word_1_27' title='bbox 501 589 678 643; x_wconf 89' lang='lat' dir='ltr'><strong>modi:</strong></span> <span class='ocrx_word' id='word_1_28' title='bbox 703 588 843 644; x_wconf 86' lang='lat' dir='ltr'><strong>Sunt</strong></span> <span class='ocrx_word' id='word_1_29' title='bbox 863 590 952 643; x_wconf 91' lang='lat' dir='ltr'><strong>hic</strong></span> <span class='ocrx_word' id='word_1_30' title='bbox 977 589 1119 659; x_wconf 90' lang='lat' dir='ltr'><strong>apud</strong></span> <span class='ocrx_word' id='word_1_31' title='bbox 1148 605 1234 644; x_wconf 92' lang='lat' dir='ltr'><strong>me</strong></span> <span class='ocrx_word' id='word_1_32' title='bbox 1257 590 1584 646; x_wconf 83' lang='lat' dir='ltr'><strong>Athanasius</strong></span> <span class='ocrx_word' id='word_1_33' title='bbox 1603 600 1660 648; x_wconf 87' lang='lat' dir='ltr'><strong>et</strong></span> <span class='ocrx_word' id='word_1_34' title='bbox 1689 593 1888 648; x_wconf 80' lang='lat' dir='ltr'><strong>Paulus</strong></span> <span class='ocrx_word' id='word_1_35' title='bbox 1911 610 1924 645; x_wconf 87' lang='lat'><strong>:</strong></span> <span class='ocrx_word' id='word_1_36' title='bbox 1944 608 2085 663; x_wconf 84' lang='lat' dir='ltr'><strong>quos</strong></span> 
     </span>
    </p>
   </div>
   <div class='ocr_carea' id='block_1_8' title="bbox 501 677 2081 752">
    <p class='ocr_par' dir='ltr' id='par_1_8' title="bbox 501 677 2081 752">
     <span class='ocr_line' id='line_1_8' title="bbox 501 677 2081 752; baseline 0.003 -20"><span class='ocrx_word' id='word_1_37' title='bbox 501 677 722 748; x_wconf 87' lang='lat' dir='ltr'><strong>quidem</strong></span> <span class='ocrx_word' id='word_1_38' title='bbox 752 679 974 749; x_wconf 82' lang='lat' dir='ltr'><strong>pictatis</strong></span> <span class='ocrx_word' id='word_1_39' title='bbox 996 694 1158 734; x_wconf 89' lang='lat' dir='ltr'><strong>causa</strong></span> <span class='ocrx_word' id='word_1_40' title='bbox 1194 680 1632 750; x_wconf 90' lang='lat' dir='ltr'><strong>persecutionem</strong></span> <span class='ocrx_word' id='word_1_41' title='bbox 1655 681 1765 751; x_wconf 88' lang='lat' dir='ltr'><strong>pati</strong></span> <span class='ocrx_word' id='word_1_42' title='bbox 1791 691 2081 752; x_wconf 89' lang='lat' dir='ltr'><strong>perconta-</strong></span> 
     </span>
    </p>
   </div>
   <div class='ocr_carea' id='block_1_9' title="bbox 504 768 2084 840">
    <p class='ocr_par' dir='ltr' id='par_1_9' title="bbox 504 768 2084 840">
     <span class='ocr_line' id='line_1_9' title="bbox 504 768 2084 840; baseline 0.005 -20"><span class='ocrx_word' id='word_1_43' title='bbox 504 776 590 824; x_wconf 91' lang='lat' dir='ltr'><strong>tus</strong></span> <span class='ocrx_word' id='word_1_44' title='bbox 610 770 859 839; x_wconf 81' lang='lat' dir='ltr'><strong>eognovi.</strong></span> <span class='ocrx_word' id='word_1_45' title='bbox 895 768 951 824; x_wconf 91' lang='lat' dir='ltr'><strong>Si</strong></span> <span class='ocrx_word' id='word_1_46' title='bbox 983 784 1115 840; x_wconf 82' lang='lat' dir='ltr'><strong>ergo</strong></span> <span class='ocrx_word' id='word_1_47' title='bbox 1163 770 1438 840; x_wconf 87' lang='lat' dir='ltr'><strong>pollicitus</strong></span> <span class='ocrx_word' id='word_1_48' title='bbox 1480 771 1674 837; x_wconf 89' lang='lat' dir='ltr'><strong>fueris,</strong></span> <span class='ocrx_word' id='word_1_49' title='bbox 1705 780 1758 827; x_wconf 91' lang='lat' dir='ltr'><strong>te</strong></span> <span class='ocrx_word' id='word_1_50' title='bbox 1805 787 1934 828; x_wconf 87' lang='lat' dir='ltr'><strong>suas</strong></span> <span class='ocrx_word' id='word_1_51' title='bbox 1974 771 2084 828; x_wconf 89' lang='lat' dir='ltr'><strong>illis</strong></span> 
     </span>
    </p>
   </div>
   <div class='ocr_carea' id='block_1_10' title="bbox 501 859 2082 934">
    <p class='ocr_par' dir='ltr' id='par_1_10' title="bbox 501 859 2082 934">
     <span class='ocr_line' id='line_1_10' title="bbox 501 859 2082 934; baseline 0.003 -21"><span class='ocrx_word' id='word_1_52' title='bbox 501 859 660 914; x_wconf 85' lang='lat' dir='ltr'><strong>sedes</strong></span> <span class='ocrx_word' id='word_1_53' title='bbox 685 861 1054 926; x_wconf 89' lang='lat' dir='ltr'><strong>redditurum,</strong></span> <span class='ocrx_word' id='word_1_54' title='bbox 1101 869 1158 917; x_wconf 89' lang='lat' dir='ltr'><strong>et</strong></span> <span class='ocrx_word' id='word_1_55' title='bbox 1201 861 1258 917; x_wconf 90' lang='lat' dir='ltr'><strong>in</strong></span> <span class='ocrx_word' id='word_1_56' title='bbox 1305 878 1402 919; x_wconf 93' lang='lat' dir='ltr'><strong>eos</strong></span> <span class='ocrx_word' id='word_1_57' title='bbox 1439 863 1954 920; x_wconf 83' lang='lat' dir='ltr'><strong>animadversurum</strong></span> <span class='ocrx_word' id='word_1_58' title='bbox 1985 864 2082 934; x_wconf 90' lang='lat' dir='ltr'><strong>qui</strong></span> 
     </span>
    </p>
   </div>
   <div class='ocr_carea' id='block_1_11' title="bbox 500 951 2078 1021">
    <p class='ocr_par' dir='ltr' id='par_1_11' title="bbox 500 951 2078 1021">
     <span class='ocr_line' id='line_1_11' title="bbox 500 951 2078 1021; baseline 0.004 -17"><span class='ocrx_word' id='word_1_59' title='bbox 500 951 621 1006; x_wconf 87' lang='lat' dir='ltr'><strong>sine</strong></span> <span class='ocrx_word' id='word_1_60' title='bbox 667 968 830 1008; x_wconf 88' lang='lat' dir='ltr'><strong>causa</strong></span> <span class='ocrx_word' id='word_1_61' title='bbox 883 953 1004 1008; x_wconf 92' lang='lat' dir='ltr'><strong>illos</strong></span> <span class='ocrx_word' id='word_1_62' title='bbox 1036 953 1398 1021; x_wconf 86' lang='lat' dir='ltr'><strong>insectantur,</strong></span> <span class='ocrx_word' id='word_1_63' title='bbox 1441 956 1593 1011; x_wconf 92' lang='lat' dir='ltr'><strong>viros</strong></span> <span class='ocrx_word' id='word_1_64' title='bbox 1629 955 1700 1011; x_wconf 91' lang='lat' dir='ltr'><strong>ad</strong></span> <span class='ocrx_word' id='word_1_65' title='bbox 1747 965 1801 1011; x_wconf 90' lang='lat' dir='ltr'><strong>te</strong></span> <span class='ocrx_word' id='word_1_66' title='bbox 1839 956 2078 1011; x_wconf 87' lang='lat' dir='ltr'><strong>mittam.</strong></span> 
     </span>
    </p>
   </div>
   <div class='ocr_carea' id='block_1_12' title="bbox 503 1043 2082 1113">
    <p class='ocr_par' dir='ltr' id='par_1_12' title="bbox 503 1043 2082 1113">
     <span class='ocr_line' id='line_1_12' title="bbox 503 1043 2082 1113; baseline 0.003 -15"><span class='ocrx_word' id='word_1_67' title='bbox 503 1043 660 1111; x_wconf 85' lang='lat' dir='ltr'><strong>Quod</strong></span> <span class='ocrx_word' id='word_1_68' title='bbox 707 1045 752 1100; x_wconf 90' lang='lat' dir='ltr'><strong>si</strong></span> <span class='ocrx_word' id='word_1_69' title='bbox 785 1045 901 1100; x_wconf 59' lang='lat' dir='ltr'><strong>haec</strong></span> <span class='ocrx_word' id='word_1_70' title='bbox 931 1045 1029 1112; x_wconf 92' lang='lat' dir='ltr'><strong>ita,</strong></span> <span class='ocrx_word' id='word_1_71' title='bbox 1063 1055 1125 1101; x_wconf 88' lang='lat' dir='ltr'><strong>ut</strong></span> <span class='ocrx_word' id='word_1_72' title='bbox 1154 1045 1289 1112; x_wconf 72' lang='lat' dir='ltr'><strong>diri,</strong></span> <span class='ocrx_word' id='word_1_73' title='bbox 1323 1047 1506 1102; x_wconf 81' lang='lat' dir='ltr'><strong>facere</strong></span> <span class='ocrx_word' id='word_1_74' title='bbox 1539 1047 1904 1113; x_wconf 84' lang='lat' dir='ltr'><strong>recusaveris,</strong></span> <span class='ocrx_word' id='word_1_75' title='bbox 1941 1047 2082 1102; x_wconf 82' lang='lat' dir='ltr'><strong>scias</strong></span> 
     </span>
    </p>
   </div>
   <div class='ocr_carea' id='block_1_13' title="bbox 499 1133 2084 1208">
    <p class='ocr_par' dir='ltr' id='par_1_13' title="bbox 499 1133 2084 1208">
     <span class='ocr_line' id='line_1_13' title="bbox 499 1133 2084 1208; baseline 0.004 -22"><span class='ocrx_word' id='word_1_76' title='bbox 499 1133 665 1189; x_wconf 80' lang='lat' dir='ltr'><strong>velim</strong></span> <span class='ocrx_word' id='word_1_77' title='bbox 708 1133 838 1190; x_wconf 91' lang='lat' dir='ltr'><strong>illuc</strong></span> <span class='ocrx_word' id='word_1_78' title='bbox 878 1151 966 1190; x_wconf 90' lang='lat' dir='ltr'><strong>me</strong></span> <span class='ocrx_word' id='word_1_79' title='bbox 1020 1143 1318 1191; x_wconf 90' lang='lat' dir='ltr'><strong>venturum</strong></span> <span class='ocrx_word' id='word_1_80' title='bbox 1351 1149 1494 1203; x_wconf 90' lang='lat' dir='ltr'><strong>esse,</strong></span> <span class='ocrx_word' id='word_1_81' title='bbox 1526 1144 1688 1208; x_wconf 83' lang='lat' dir='ltr'><strong>teque</strong></span> <span class='ocrx_word' id='word_1_82' title='bbox 1729 1137 1902 1193; x_wconf 88' lang='lat' dir='ltr'><strong>invito</strong></span> <span class='ocrx_word' id='word_1_83' title='bbox 1955 1152 2084 1192; x_wconf 85' lang='lat' dir='ltr'><strong>suas</strong></span> 
     </span>
    </p>
   </div>
   <div class='ocr_carea' id='block_1_14' title="bbox 501 1223 1201 1283">
    <p class='ocr_par' dir='ltr' id='par_1_14' title="bbox 501 1223 1201 1283">
     <span class='ocr_line' id='line_1_14' title="bbox 501 1223 1201 1283; baseline 0.009 -6"><span class='ocrx_word' id='word_1_84' title='bbox 501 1223 611 1278; x_wconf 83' lang='lat' dir='ltr'><strong>illis</strong></span> <span class='ocrx_word' id='word_1_85' title='bbox 641 1224 800 1282; x_wconf 86' lang='lat' dir='ltr'><strong>sedes</strong></span> <span class='ocrx_word' id='word_1_86' title='bbox 829 1226 1201 1283; x_wconf 86' lang='lat' dir='ltr'><strong>redditurum.</strong></span> 
     </span>
    </p>
   </div>
   <div class='ocr_carea' id='block_1_15' title="bbox 1108 1341 1478 1399">
    <p class='ocr_par' dir='ltr' id='par_1_15' title="bbox 1108 1341 1478 1399">
     <span class='ocr_line' id='line_1_15' title="bbox 1108 1341 1478 1399; baseline -0.005 0"><span class='ocrx_word' id='word_1_87' title='bbox 1108 1341 1260 1399; x_wconf 81' lang='lat' dir='ltr'><strong>CAP.</strong></span> <span class='ocrx_word' id='word_1_88' title='bbox 1288 1341 1478 1398; x_wconf 68' lang='lat' dir='ltr'><strong>XXIII.</strong></span> 
     </span>
    </p>
   </div>
   <div class='ocr_carea' id='block_1_16' title="bbox 502 1426 2082 1502">
    <p class='ocr_par' dir='ltr' id='par_1_16' title="bbox 502 1426 2082 1502">
     <span class='ocr_line' id='line_1_16' title="bbox 502 1426 2082 1502; baseline 0.005 -20"><span class='ocrx_word' id='word_1_89' title='bbox 502 1426 772 1502; x_wconf 79' lang='lat' dir='ltr'><strong>Quomodo</strong></span> <span class='ocrx_word' id='word_1_90' title='bbox 809 1430 1146 1487; x_wconf 76' lang='lat' dir='ltr'><strong>Constantius</strong></span> <span class='ocrx_word' id='word_1_91' title='bbox 1189 1432 1370 1502; x_wconf 76' lang='lat' dir='ltr'><strong>fratris</strong></span> <span class='ocrx_word' id='word_1_92' title='bbox 1395 1433 1566 1489; x_wconf 84' lang='lat' dir='ltr'><strong>minas</strong></span> <span class='ocrx_word' id='word_1_93' title='bbox 1601 1435 1818 1499; x_wconf 82' lang='lat' dir='ltr'><strong>veritus,</strong></span> <span class='ocrx_word' id='word_1_94' title='bbox 1844 1435 2082 1490; x_wconf 78' lang='lat' dir='ltr'><strong>Athana-</strong></span> 
     </span>
    </p>
   </div>
   <div class='ocr_carea' id='block_1_17' title="bbox 569 1501 2083 1570">
    <p class='ocr_par' dir='ltr' id='par_1_17' title="bbox 569 1501 2083 1570">
     <span class='ocr_line' id='line_1_17' title="bbox 569 1501 2083 1570; baseline 0.003 -17"><span class='ocrx_word' id='word_1_95' title='bbox 569 1501 708 1554; x_wconf 79' lang='lat' dir='ltr'><strong>sium</strong></span> <span class='ocrx_word' id='word_1_96' title='bbox 753 1502 862 1556; x_wconf 90' lang='lat' dir='ltr'><strong>suis</strong></span> <span class='ocrx_word' id='word_1_97' title='bbox 910 1503 1102 1557; x_wconf 77' lang='lat' dir='ltr'><strong>litteris</strong></span> <span class='ocrx_word' id='word_1_98' title='bbox 1142 1501 1371 1558; x_wconf 69' lang='lat' dir='ltr'><strong>evocavit</strong></span> <span class='ocrx_word' id='word_1_99' title='bbox 1397 1540 1413 1570; x_wconf 93' lang='lat'><strong>,</strong></span> <span class='ocrx_word' id='word_1_100' title='bbox 1458 1511 1509 1557; x_wconf 85' lang='lat' dir='ltr'><strong>et</strong></span> <span class='ocrx_word' id='word_1_101' title='bbox 1557 1503 1942 1560; x_wconf 75' lang='lat' dir='ltr'><strong>Alexandriam</strong></span> <span class='ocrx_word' id='word_1_102' title='bbox 1985 1505 2083 1558; x_wconf 87' lang='lat' dir='ltr'><strong>mi-</strong></span> 
     </span>
    </p>
   </div>
   <div class='ocr_carea' id='block_1_18' title="bbox 569 1571 658 1623">
    <p class='ocr_par' dir='ltr' id='par_1_18' title="bbox 569 1571 658 1623">
     <span class='ocr_line' id='line_1_18' title="bbox 569 1571 658 1623; baseline 0 0"><span class='ocrx_word' id='word_1_103' title='bbox 569 1571 658 1623; x_wconf 90' lang='lat' dir='ltr'><strong>sit.</strong></span> 
     </span>
    </p>
   </div>
   <div class='ocr_carea' id='block_1_19' title="bbox 573 1659 2079 1737">
    <p class='ocr_par' dir='ltr' id='par_1_19' title="bbox 573 1659 2079 1737">
     <span class='ocr_line' id='line_1_19' title="bbox 573 1659 2079 1737; baseline 0.003 -21"><span class='ocrx_word' id='word_1_104' title='bbox 573 1659 700 1718; x_wconf 68' lang='lat' dir='ltr'><strong>llaec</strong></span> <span class='ocrx_word' id='word_1_105' title='bbox 723 1677 849 1719; x_wconf 89' lang='lat' dir='ltr'><strong>eum</strong></span> <span class='ocrx_word' id='word_1_106' title='bbox 873 1664 1175 1736; x_wconf 87' lang='lat' dir='ltr'><strong>imperator</strong></span> <span class='ocrx_word' id='word_1_107' title='bbox 1206 1663 1450 1722; x_wconf 88' lang='lat' dir='ltr'><strong>Orientis</strong></span> <span class='ocrx_word' id='word_1_108' title='bbox 1475 1665 1840 1737; x_wconf 76' lang='lat' dir='ltr'><strong>cognovisset,</strong></span> <span class='ocrx_word' id='word_1_109' title='bbox 1868 1665 1924 1720; x_wconf 91' lang='lat' dir='ltr'><strong>in</strong></span> <span class='ocrx_word' id='word_1_110' title='bbox 1959 1681 2079 1721; x_wconf 87' lang='lat' dir='ltr'><strong>ma-</strong></span> 
     </span>
    </p>
   </div>
   <div class='ocr_carea' id='block_1_20' title="bbox 500 1749 2083 1826">
    <p class='ocr_par' dir='ltr' id='par_1_20' title="bbox 500 1749 2083 1826">
     <span class='ocr_line' id='line_1_20' title="bbox 500 1749 2083 1826; baseline 0.004 -23"><span class='ocrx_word' id='word_1_111' title='bbox 500 1749 704 1806; x_wconf 79' lang='lat' dir='ltr'><strong>ximam</strong></span> <span class='ocrx_word' id='word_1_112' title='bbox 739 1752 996 1808; x_wconf 90' lang='lat' dir='ltr'><strong>redactus</strong></span> <span class='ocrx_word' id='word_1_113' title='bbox 1018 1762 1104 1809; x_wconf 89' lang='lat' dir='ltr'><strong>est</strong></span> <span class='ocrx_word' id='word_1_114' title='bbox 1126 1753 1522 1810; x_wconf 74' lang='lat' dir='ltr'><strong>difﬁcultatem.</strong></span> <span class='ocrx_word' id='word_1_115' title='bbox 1553 1754 1858 1826; x_wconf 86' lang='lat' dir='ltr'><strong>Statimque</strong></span> <span class='ocrx_word' id='word_1_116' title='bbox 1893 1771 2083 1812; x_wconf 82' lang='lat' dir='ltr'><strong>accer-</strong></span> 
     </span>
    </p>
   </div>
   <div class='ocr_carea' id='block_1_21' title="bbox 503 1841 2080 1918">
    <p class='ocr_par' dir='ltr' id='par_1_21' title="bbox 503 1841 2080 1918">
     <span class='ocr_line' id='line_1_21' title="bbox 503 1841 2080 1918; baseline 0.004 -23"><span class='ocrx_word' id='word_1_117' title='bbox 503 1841 627 1898; x_wconf 86' lang='lat' dir='ltr'><strong>sitis</strong></span> <span class='ocrx_word' id='word_1_118' title='bbox 649 1843 796 1898; x_wconf 85' lang='lat' dir='ltr'><strong>haud</strong></span> <span class='ocrx_word' id='word_1_119' title='bbox 821 1846 1012 1914; x_wconf 86' lang='lat' dir='ltr'><strong>paucis</strong></span> <span class='ocrx_word' id='word_1_120' title='bbox 1032 1844 1276 1901; x_wconf 89' lang='lat' dir='ltr'><strong>Orientis</strong></span> <span class='ocrx_word' id='word_1_121' title='bbox 1297 1848 1594 1918; x_wconf 85' lang='lat' dir='ltr'><strong>episcopis,</strong></span> <span class='ocrx_word' id='word_1_122' title='bbox 1619 1847 1807 1902; x_wconf 80' lang='lat' dir='ltr'><strong>fratris</strong></span> <span class='ocrx_word' id='word_1_123' title='bbox 1829 1849 1913 1903; x_wconf 90' lang='lat' dir='ltr'><strong>sui</strong></span> <span class='ocrx_word' id='word_1_124' title='bbox 1945 1863 2080 1904; x_wconf 86' lang='lat' dir='ltr'><strong>eon-</strong></span> 
     </span>
    </p>
   </div>
   <div class='ocr_carea' id='block_1_22' title="bbox 503 1931 2085 2008">
    <p class='ocr_par' dir='ltr' id='par_1_22' title="bbox 503 1931 2085 2008">
     <span class='ocr_line' id='line_1_22' title="bbox 503 1931 2085 2008; baseline 0.003 -21"><span class='ocrx_word' id='word_1_125' title='bbox 503 1931 745 1990; x_wconf 89' lang='lat' dir='ltr'><strong>ditiones</strong></span> <span class='ocrx_word' id='word_1_126' title='bbox 765 1934 849 1990; x_wconf 88' lang='lat' dir='ltr'><strong>eis</strong></span> <span class='ocrx_word' id='word_1_127' title='bbox 880 1939 1187 2006; x_wconf 89' lang='lat' dir='ltr'><strong>proposuit,</strong></span> <span class='ocrx_word' id='word_1_128' title='bbox 1212 1945 1269 1993; x_wconf 90' lang='lat' dir='ltr'><strong>et</strong></span> <span class='ocrx_word' id='word_1_129' title='bbox 1301 1938 1562 2008; x_wconf 90' lang='lat' dir='ltr'><strong>quidnam</strong></span> <span class='ocrx_word' id='word_1_130' title='bbox 1596 1937 1904 1993; x_wconf 91' lang='lat' dir='ltr'><strong>faciendum</strong></span> <span class='ocrx_word' id='word_1_131' title='bbox 1939 1947 2085 1993; x_wconf 90' lang='lat' dir='ltr'><strong>esset</strong></span> 
     </span>
    </p>
   </div>
   <div class='ocr_carea' id='block_1_23' title="bbox 503 2021 2084 2095">
    <p class='ocr_par' dir='ltr' id='par_1_23' title="bbox 503 2021 2084 2095">
     <span class='ocr_line' id='line_1_23' title="bbox 503 2021 2084 2095; baseline 0.003 -18"><span class='ocrx_word' id='word_1_132' title='bbox 503 2021 885 2095; x_wconf 79' lang='lat' dir='ltr'><strong>interrogavit.</strong></span> <span class='ocrx_word' id='word_1_133' title='bbox 918 2026 1001 2080; x_wconf 88' lang='lat' dir='ltr'><strong>Illi</strong></span> <span class='ocrx_word' id='word_1_134' title='bbox 1035 2026 1208 2082; x_wconf 91' lang='lat' dir='ltr'><strong>satius</strong></span> <span class='ocrx_word' id='word_1_135' title='bbox 1226 2042 1350 2084; x_wconf 90' lang='lat' dir='ltr'><strong>esse</strong></span> <span class='ocrx_word' id='word_1_136' title='bbox 1387 2027 1646 2083; x_wconf 81' lang='lat' dir='ltr'><strong>dixerunt</strong></span> <span class='ocrx_word' id='word_1_137' title='bbox 1688 2035 1751 2082; x_wconf 94' lang='lat' dir='ltr'><strong>ut</strong></span> <span class='ocrx_word' id='word_1_138' title='bbox 1783 2027 2084 2083; x_wconf 82' lang='lat' dir='ltr'><strong>Athanasio</strong></span> 
     </span>
    </p>
   </div>
   <div class='ocr_carea' id='block_1_24' title="bbox 503 2115 2086 2189">
    <p class='ocr_par' dir='ltr' id='par_1_24' title="bbox 503 2115 2086 2189">
     <span class='ocr_line' id='line_1_24' title="bbox 503 2115 2086 2189; baseline 0.003 -20"><span class='ocrx_word' id='word_1_139' title='bbox 503 2115 941 2171; x_wconf 82' lang='lat' dir='ltr'><strong>concederentur</strong></span> <span class='ocrx_word' id='word_1_140' title='bbox 966 2117 1243 2183; x_wconf 66' lang='lat' dir='ltr'><strong>Ecclesiae,</strong></span> <span class='ocrx_word' id='word_1_141' title='bbox 1271 2134 1438 2189; x_wconf 88' lang='lat' dir='ltr'><strong>quam</strong></span> <span class='ocrx_word' id='word_1_142' title='bbox 1463 2126 1527 2174; x_wconf 90' lang='lat' dir='ltr'><strong>ut</strong></span> <span class='ocrx_word' id='word_1_143' title='bbox 1553 2119 1714 2174; x_wconf 90' lang='lat' dir='ltr'><strong>civile</strong></span> <span class='ocrx_word' id='word_1_144' title='bbox 1738 2117 1940 2173; x_wconf 89' lang='lat' dir='ltr'><strong>bellum</strong></span> <span class='ocrx_word' id='word_1_145' title='bbox 1965 2133 2086 2173; x_wconf 87' lang='lat' dir='ltr'><strong>sus-</strong></span> 
     </span>
    </p>
   </div>
   <div class='ocr_carea' id='block_1_25' title="bbox 503 2203 2082 2278">
    <p class='ocr_par' dir='ltr' id='par_1_25' title="bbox 503 2203 2082 2278">
     <span class='ocr_line' id='line_1_25' title="bbox 503 2203 2082 2278; baseline 0.002 -20"><span class='ocrx_word' id='word_1_146' title='bbox 503 2203 807 2274; x_wconf 86' lang='lat' dir='ltr'><strong>ciperetur.</strong></span> <span class='ocrx_word' id='word_1_147' title='bbox 847 2205 1086 2261; x_wconf 88' lang='lat' dir='ltr'><strong>Proinde</strong></span> <span class='ocrx_word' id='word_1_148' title='bbox 1148 2207 1446 2278; x_wconf 87' lang='lat' dir='ltr'><strong>imperator</strong></span> <span class='ocrx_word' id='word_1_149' title='bbox 1485 2207 1810 2262; x_wconf 90' lang='lat' dir='ltr'><strong>necessitate</strong></span> <span class='ocrx_word' id='word_1_150' title='bbox 1845 2206 2082 2262; x_wconf 90' lang='lat' dir='ltr'><strong>constri—</strong></span> 
     </span>
    </p>
   </div>
   <div class='ocr_carea' id='block_1_26' title="bbox 503 2296 2085 2354">
    <p class='ocr_par' dir='ltr' id='par_1_26' title="bbox 503 2296 2085 2354">
     <span class='ocr_line' id='line_1_26' title="bbox 503 2296 2085 2354; baseline 0.002 -5"><span class='ocrx_word' id='word_1_151' title='bbox 503 2303 628 2350; x_wconf 86' lang='lat' dir='ltr'><strong>ctus</strong></span> <span class='ocrx_word' id='word_1_152' title='bbox 652 2296 1010 2351; x_wconf 84' lang='lat' dir='ltr'><strong>Athanasium</strong></span> <span class='ocrx_word' id='word_1_153' title='bbox 1054 2297 1123 2352; x_wconf 85' lang='lat' dir='ltr'><strong>ad</strong></span> <span class='ocrx_word' id='word_1_154' title='bbox 1167 2313 1225 2354; x_wconf 90' lang='lat' dir='ltr'><strong>se</strong></span> <span class='ocrx_word' id='word_1_155' title='bbox 1268 2306 1446 2353; x_wconf 91' lang='lat' dir='ltr'><strong>vocat.</strong></span> <span class='ocrx_word' id='word_1_156' title='bbox 1495 2297 1720 2354; x_wconf 86' lang='lat' dir='ltr'><strong>Interim</strong></span> <span class='ocrx_word' id='word_1_157' title='bbox 1771 2296 2085 2353; x_wconf 88' lang='lat' dir='ltr'><strong>Occidentis</strong></span> 
     </span>
    </p>
   </div>
   <div class='ocr_carea' id='block_1_27' title="bbox 504 2385 2086 2460">
    <p class='ocr_par' dir='ltr' id='par_1_27' title="bbox 504 2385 2086 2460">
     <span class='ocr_line' id='line_1_27' title="bbox 504 2385 2086 2460; baseline 0.002 -21"><span class='ocrx_word' id='word_1_158' title='bbox 504 2385 808 2456; x_wconf 86' lang='lat' dir='ltr'><strong>imperator</strong></span> <span class='ocrx_word' id='word_1_159' title='bbox 843 2387 1072 2442; x_wconf 88' lang='lat' dir='ltr'><strong>Paulum</strong></span> <span class='ocrx_word' id='word_1_160' title='bbox 1109 2403 1232 2444; x_wconf 89' lang='lat' dir='ltr'><strong>cum</strong></span> <span class='ocrx_word' id='word_1_161' title='bbox 1257 2389 1474 2444; x_wconf 90' lang='lat' dir='ltr'><strong>duobus</strong></span> <span class='ocrx_word' id='word_1_162' title='bbox 1496 2388 1770 2460; x_wconf 88' lang='lat' dir='ltr'><strong>episcopis</strong></span> <span class='ocrx_word' id='word_1_163' title='bbox 1791 2395 1847 2443; x_wconf 93' lang='lat' dir='ltr'><strong>et</strong></span> <span class='ocrx_word' id='word_1_164' title='bbox 1871 2387 2086 2457; x_wconf 89' lang='lat' dir='ltr'><strong>reliquo</strong></span> 
     </span>
    </p>
   </div>
   <div class='ocr_carea' id='block_1_28' title="bbox 503 2471 2085 2549">
    <p class='ocr_par' dir='ltr' id='par_1_28' title="bbox 503 2471 2085 2549">
     <span class='ocr_line' id='line_1_28' title="bbox 503 2471 2085 2549; baseline 0.003 -22"><span class='ocrx_word' id='word_1_165' title='bbox 503 2471 811 2530; x_wconf 80' lang='lat' dir='ltr'><strong>honoriﬁco</strong></span> <span class='ocrx_word' id='word_1_166' title='bbox 846 2485 1112 2546; x_wconf 89' lang='lat' dir='ltr'><strong>apparatu</strong></span> <span class='ocrx_word' id='word_1_167' title='bbox 1155 2475 1687 2549; x_wconf 90' lang='lat' dir='ltr'><strong>Constantinopolim</strong></span> <span class='ocrx_word' id='word_1_168' title='bbox 1728 2478 1929 2543; x_wconf 91' lang='lat' dir='ltr'><strong>mittit,</strong></span> <span class='ocrx_word' id='word_1_169' title='bbox 1967 2487 2085 2532; x_wconf 92' lang='lat' dir='ltr'><strong>tum</strong></span> 
     </span>
    </p>
   </div>
   <div class='ocr_carea' id='block_1_29' title="bbox 502 2570 2084 2643">
    <p class='ocr_par' dir='ltr' id='par_1_29' title="bbox 502 2570 2084 2643">
     <span class='ocr_line' id='line_1_29' title="bbox 502 2570 2084 2643; baseline 0.004 -21"><span class='ocrx_word' id='word_1_170' title='bbox 502 2570 639 2634; x_wconf 90' lang='lat' dir='ltr'><strong>suis,</strong></span> <span class='ocrx_word' id='word_1_171' title='bbox 690 2579 804 2624; x_wconf 90' lang='lat' dir='ltr'><strong>tum</strong></span> <span class='ocrx_word' id='word_1_172' title='bbox 850 2573 1044 2643; x_wconf 90' lang='lat' dir='ltr'><strong>synodi</strong></span> <span class='ocrx_word' id='word_1_173' title='bbox 1092 2574 1294 2630; x_wconf 87' lang='lat' dir='ltr'><strong>litteris</strong></span> <span class='ocrx_word' id='word_1_174' title='bbox 1338 2577 1754 2630; x_wconf 87' lang='lat' dir='ltr'><strong>communitum.</strong></span> <span class='ocrx_word' id='word_1_175' title='bbox 1801 2575 1908 2631; x_wconf 92' lang='lat' dir='ltr'><strong>Sed</strong></span> <span class='ocrx_word' id='word_1_176' title='bbox 1959 2590 2084 2630; x_wconf 89' lang='lat' dir='ltr'><strong>cum</strong></span> 
     </span>
    </p>
   </div>
   <div class='ocr_carea' id='block_1_30' title="bbox 502 2661 2087 2730">
    <p class='ocr_par' dir='ltr' id='par_1_30' title="bbox 502 2661 2087 2730">
     <span class='ocr_line' id='line_1_30' title="bbox 502 2661 2087 2730; baseline 0.004 -15"><span class='ocrx_word' id='word_1_177' title='bbox 502 2661 836 2718; x_wconf 76' lang='lat' dir='ltr'><strong>Athanasius</strong></span> <span class='ocrx_word' id='word_1_178' title='bbox 882 2664 1066 2718; x_wconf 82' lang='lat' dir='ltr'><strong>adhuc</strong></span> <span class='ocrx_word' id='word_1_179' title='bbox 1101 2663 1506 2730; x_wconf 87' lang='lat' dir='ltr'><strong>reformidaret,</strong></span> <span class='ocrx_word' id='word_1_180' title='bbox 1533 2674 1590 2721; x_wconf 88' lang='lat' dir='ltr'><strong>et</strong></span> <span class='ocrx_word' id='word_1_181' title='bbox 1614 2675 1801 2721; x_wconf 88' lang='lat' dir='ltr'><strong>utrum</strong></span> <span class='ocrx_word' id='word_1_182' title='bbox 1844 2667 1913 2721; x_wconf 89' lang='lat' dir='ltr'><strong>ad</strong></span> <span class='ocrx_word' id='word_1_183' title='bbox 1944 2665 2087 2721; x_wconf 88' lang='lat' dir='ltr'><strong>Con-</strong></span> 
     </span>
    </p>
   </div>
   <div class='ocr_carea' id='block_1_31' title="bbox 502 2753 2086 2828">
    <p class='ocr_par' dir='ltr' id='par_1_31' title="bbox 502 2753 2086 2828">
     <span class='ocr_line' id='line_1_31' title="bbox 502 2753 2086 2828; baseline 0.004 -22"><span class='ocrx_word' id='word_1_184' title='bbox 502 2753 766 2806; x_wconf 86' lang='lat' dir='ltr'><strong>stantium</strong></span> <span class='ocrx_word' id='word_1_185' title='bbox 792 2753 1236 2823; x_wconf 82' lang='lat' dir='ltr'><strong>proficisceretur</strong></span> <span class='ocrx_word' id='word_1_186' title='bbox 1273 2771 1468 2822; x_wconf 90' lang='lat' dir='ltr'><strong>necne,</strong></span> <span class='ocrx_word' id='word_1_187' title='bbox 1495 2771 1697 2826; x_wconf 90' lang='lat' dir='ltr'><strong>anceps</strong></span> <span class='ocrx_word' id='word_1_188' title='bbox 1727 2766 1890 2828; x_wconf 87' lang='lat' dir='ltr'><strong>atque</strong></span> <span class='ocrx_word' id='word_1_189' title='bbox 1915 2757 2086 2812; x_wconf 90' lang='lat' dir='ltr'><strong>animi</strong></span> 
     </span>
    </p>
   </div>
   <div class='ocr_carea' id='block_1_32' title="bbox 503 2843 2090 2902">
    <p class='ocr_par' dir='ltr' id='par_1_32' title="bbox 503 2843 2090 2902">
     <span class='ocr_line' id='line_1_32' title="bbox 503 2843 2090 2902; baseline 0.004 -6"><span class='ocrx_word' id='word_1_190' title='bbox 503 2843 707 2898; x_wconf 86' lang='lat' dir='ltr'><strong>dubius</strong></span> <span class='ocrx_word' id='word_1_191' title='bbox 732 2844 967 2900; x_wconf 64' lang='lat' dir='ltr'><strong>haereret</strong></span> <span class='ocrx_word' id='word_1_192' title='bbox 988 2862 1001 2897; x_wconf 92' lang='lat'>:</span> <span class='ocrx_word' id='word_1_193' title='bbox 1023 2845 1302 2900; x_wconf 91' lang='lat' dir='ltr'><strong>metuebat</strong></span> <span class='ocrx_word' id='word_1_194' title='bbox 1324 2847 1472 2902; x_wconf 89' lang='lat' dir='ltr'><strong>enim</strong></span> <span class='ocrx_word' id='word_1_195' title='bbox 1510 2847 1966 2902; x_wconf 90' lang='lat' dir='ltr'><strong>ealumniatorum</strong></span> <span class='ocrx_word' id='word_1_196' title='bbox 2005 2848 2090 2902; x_wconf 81' lang='lat' dir='ltr'><strong>in-</strong></span> 
     </span>
    </p>
   </div>
   <div class='ocr_carea' id='block_1_33' title="bbox 505 2933 2087 3006">
    <p class='ocr_par' dir='ltr' id='par_1_33' title="bbox 505 2933 2087 3006">
     <span class='ocr_line' id='line_1_33' title="bbox 505 2933 2087 3006; baseline 0.003 -16"><span class='ocrx_word' id='word_1_197' title='bbox 505 2933 706 2990; x_wconf 87' lang='lat' dir='ltr'><strong>sidias:</strong></span> <span class='ocrx_word' id='word_1_198' title='bbox 735 2933 979 2990; x_wconf 90' lang='lat' dir='ltr'><strong>Orientis</strong></span> <span class='ocrx_word' id='word_1_199' title='bbox 1003 2935 1304 3006; x_wconf 91' lang='lat' dir='ltr'><strong>imperator</strong></span> <span class='ocrx_word' id='word_1_200' title='bbox 1327 2952 1436 2992; x_wconf 91' lang='lat' dir='ltr'><strong>non</strong></span> <span class='ocrx_word' id='word_1_201' title='bbox 1460 2937 1650 3001; x_wconf 88' lang='lat' dir='ltr'><strong>semel,</strong></span> <span class='ocrx_word' id='word_1_202' title='bbox 1675 2938 1770 2992; x_wconf 89' lang='lat' dir='ltr'><strong>sed</strong></span> <span class='ocrx_word' id='word_1_203' title='bbox 1793 2937 1992 2992; x_wconf 88' lang='lat' dir='ltr'><strong>iterum</strong></span> <span class='ocrx_word' id='word_1_204' title='bbox 2021 2954 2087 2994; x_wconf 91' lang='lat' dir='ltr'><strong>ac</strong></span> 
     </span>
    </p>
   </div>
   <div class='ocr_carea' id='block_1_34' title="bbox 509 3022 2086 3105">
    <p class='ocr_par' dir='ltr' id='par_1_34' title="bbox 509 3022 2086 3105">
     <span class='ocr_line' id='line_1_34' title="bbox 509 3022 2086 3105; baseline 0.003 -29"><span class='ocrx_word' id='word_1_205' title='bbox 509 3022 672 3076; x_wconf 89' lang='lat' dir='ltr'><strong>tertio</strong></span> <span class='ocrx_word' id='word_1_206' title='bbox 697 3039 823 3077; x_wconf 91' lang='lat' dir='ltr'><strong>eum</strong></span> <span class='ocrx_word' id='word_1_207' title='bbox 860 3023 928 3080; x_wconf 87' lang='lat' dir='ltr'><strong>ad</strong></span> <span class='ocrx_word' id='word_1_208' title='bbox 965 3024 1289 3080; x_wconf 88' lang='lat' dir='ltr'><strong>comitatum</strong></span> <span class='ocrx_word' id='word_1_209' title='bbox 1324 3040 1482 3080; x_wconf 90' lang='lat' dir='ltr'><strong>suum</strong></span> <span class='ocrx_word' id='word_1_210' title='bbox 1519 3026 1788 3105; x_wconf 77' lang='lat' dir='ltr'><strong>evocavit,</strong></span> <span class='ocrx_word' id='word_1_211' title='bbox 1813 3027 1959 3082; x_wconf 89' lang='lat' dir='ltr'><strong>sicut</strong></span> <span class='ocrx_word' id='word_1_212' title='bbox 1997 3027 2086 3081; x_wconf 91' lang='lat' dir='ltr'><strong>lit-</strong></span> 
     </span>
    </p>
   </div>
   <div class='ocr_carea' id='block_1_35' title="bbox 2184 507 3746 582">
    <p class='ocr_par' dir='ltr' id='par_1_35' title="bbox 2184 507 3746 582">
     <span class='ocr_line' id='line_1_35' title="bbox 2184 507 3746 582; baseline 0.004 -22"><span class='ocrx_word' id='word_1_213' title='bbox 2184 507 2406 577; x_wconf 88' lang='grc' dir='ltr'>νόμενος</span> <span class='ocrx_word' id='word_1_214' title='bbox 2435 507 2675 578; x_wconf 79' lang='grc' dir='ltr'><strong>διέγνων,</strong></span> <span class='ocrx_word' id='word_1_215' title='bbox 2707 511 2985 574; x_wconf 81' lang='grc' dir='ltr'>εὐσεϐείας</span> <span class='ocrx_word' id='word_1_216' title='bbox 3013 511 3208 574; x_wconf 77' lang='grc' dir='ltr'>αὐτοὺς</span> <span class='ocrx_word' id='word_1_217' title='bbox 3235 512 3394 582; x_wconf 82' lang='grc' dir='ltr'><strong>χάριν</strong></span> <span class='ocrx_word' id='word_1_218' title='bbox 3432 513 3746 568; x_wconf 85' lang='grc' dir='ltr'>διώκεσθαι.</span> 
     </span>
    </p>
   </div>
   <div class='ocr_carea' id='block_1_36' title="bbox 2184 595 3752 674">
    <p class='ocr_par' dir='ltr' id='par_1_36' title="bbox 2184 595 3752 674">
     <span class='ocr_line' id='line_1_36' title="bbox 2184 595 3752 674; baseline 0.006 -26"><span class='ocrx_word' id='word_1_219' title='bbox 2184 596 2247 649; x_wconf 79' lang='lat' dir='ltr'><strong>Ei</strong></span> <span class='ocrx_word' id='word_1_220' title='bbox 2284 597 2385 666; x_wconf 80' lang='grc' dir='ltr'>μὲν</span> <span class='ocrx_word' id='word_1_221' title='bbox 2413 595 2508 652; x_wconf 84' lang='grc' dir='ltr'><strong>οῦν</strong></span> <span class='ocrx_word' id='word_1_222' title='bbox 2547 599 2858 672; x_wconf 79' lang='grc' dir='ltr'><strong>ἐπαγγέλλῃ</strong></span> <span class='ocrx_word' id='word_1_223' title='bbox 2887 601 3191 657; x_wconf 79' lang='grc' dir='ltr'>ἀποδιδόναι</span> <span class='ocrx_word' id='word_1_224' title='bbox 3219 602 3430 664; x_wconf 81' lang='grc' dir='ltr'><strong>τούτοις</strong></span> <span class='ocrx_word' id='word_1_225' title='bbox 3467 604 3594 665; x_wconf 76' lang='grc' dir='ltr'>τοὺς</span> <span class='ocrx_word' id='word_1_226' title='bbox 3625 604 3752 674; x_wconf 83' lang='grc' dir='ltr'>θρό-</span> 
     </span>
    </p>
   </div>
   <div class='ocr_carea' id='block_1_37' title="bbox 2189 691 3754 764">
    <p class='ocr_par' dir='ltr' id='par_1_37' title="bbox 2189 691 3754 764">
     <span class='ocr_line' id='line_1_37' title="bbox 2189 691 3754 764; baseline 0.004 -23"><span class='ocrx_word' id='word_1_227' title='bbox 2189 705 2336 754; x_wconf 89' lang='grc' dir='ltr'>νους,</span> <span class='ocrx_word' id='word_1_228' title='bbox 2390 691 2799 761; x_wconf 83' lang='grc' dir='ltr'>ἐπαμυνόμενος</span> <span class='ocrx_word' id='word_1_229' title='bbox 2823 696 2950 755; x_wconf 78' lang='grc' dir='ltr'>τοὺς</span> <span class='ocrx_word' id='word_1_230' title='bbox 2984 693 3159 763; x_wconf 85' lang='grc' dir='ltr'>μάτην</span> <span class='ocrx_word' id='word_1_231' title='bbox 3200 693 3382 756; x_wconf 80' lang='grc' dir='ltr'>αὐτοῖς</span> <span class='ocrx_word' id='word_1_232' title='bbox 3406 692 3754 764; x_wconf 77' lang='grc' dir='ltr'>προσφυομὲ-</span> 
     </span>
    </p>
   </div>
   <div class='ocr_carea' id='block_1_38' title="bbox 2181 782 3753 856">
    <p class='ocr_par' dir='ltr' id='par_1_38' title="bbox 2181 782 3753 856">
     <span class='ocr_line' id='line_1_38' title="bbox 2181 782 3753 856; baseline 0.001 -22"><span class='ocrx_word' id='word_1_233' title='bbox 2181 797 2325 846; x_wconf 92' lang='grc' dir='ltr'>νους,</span> <span class='ocrx_word' id='word_1_234' title='bbox 2357 782 2638 836; x_wconf 81' lang='grc' dir='ltr'><strong>ἀποστελῶ</strong></span> <span class='ocrx_word' id='word_1_235' title='bbox 2667 783 2804 854; x_wconf 79' lang='grc' dir='ltr'>πρὸς</span> <span class='ocrx_word' id='word_1_236' title='bbox 2835 784 2896 837; x_wconf 81' lang='grc' dir='ltr'><strong>σέ</strong></span> <span class='ocrx_word' id='word_1_237' title='bbox 2917 785 3044 848; x_wconf 84' lang='grc' dir='ltr'>τοὺς</span> <span class='ocrx_word' id='word_1_238' title='bbox 3067 784 3286 856; x_wconf 85' lang='grc' dir='ltr'>ἀνδρας.</span> <span class='ocrx_word' id='word_1_239' title='bbox 3315 786 3376 837; x_wconf 82' lang='lat' dir='ltr'><strong>El</strong></span> <span class='ocrx_word' id='word_1_240' title='bbox 3397 785 3442 838; x_wconf 75' lang='grc' dir='ltr'>δ’</span> <span class='ocrx_word' id='word_1_241' title='bbox 3471 783 3753 847; x_wconf 85' lang='grc' dir='ltr'>ἀνανεύοις</span> 
     </span>
    </p>
   </div>
   <div class='ocr_carea' id='block_1_39' title="bbox 2179 865 3748 940">
    <p class='ocr_par' dir='ltr' id='par_1_39' title="bbox 2179 865 3748 940">
     <span class='ocr_line' id='line_1_39' title="bbox 2179 865 3748 940; baseline 0.005 -22"><span class='ocrx_word' id='word_1_242' title='bbox 2179 865 2350 920; x_wconf 88' lang='grc' dir='ltr'>ταῦτα</span> <span class='ocrx_word' id='word_1_243' title='bbox 2387 867 2528 922; x_wconf 76' lang='grc' dir='ltr'>οὕτω</span> <span class='ocrx_word' id='word_1_244' title='bbox 2560 872 2752 934; x_wconf 86' lang='grc' dir='ltr'>ποιεῖν,</span> <span class='ocrx_word' id='word_1_245' title='bbox 2782 866 2842 925; x_wconf 82' lang='grc' dir='ltr'><strong>εὗ</strong></span> <span class='ocrx_word' id='word_1_246' title='bbox 2897 871 3026 934; x_wconf 84' lang='grc' dir='ltr'>τσθι,</span> <span class='ocrx_word' id='word_1_247' title='bbox 3054 872 3136 926; x_wconf 81' lang='grc' dir='ltr'>ὅτι</span> <span class='ocrx_word' id='word_1_248' title='bbox 3188 872 3350 935; x_wconf 80' lang='grc' dir='ltr'>αὐτὸς</span> <span class='ocrx_word' id='word_1_249' title='bbox 3398 871 3510 940; x_wconf 86' lang='grc' dir='ltr'>ἐγὼ</span> <span class='ocrx_word' id='word_1_250' title='bbox 3557 871 3748 926; x_wconf 80' lang='grc' dir='ltr'><strong>αὐτόθι</strong></span> 
     </span>
    </p>
   </div>
   <div class='ocr_carea' id='block_1_40' title="bbox 2179 956 3752 1030">
    <p class='ocr_par' dir='ltr' id='par_1_40' title="bbox 2179 956 3752 1030">
     <span class='ocr_line' id='line_1_40' title="bbox 2179 956 3752 1030; baseline 0.004 -20"><span class='ocrx_word' id='word_1_251' title='bbox 2179 956 2487 1028; x_wconf 82' lang='grc' dir='ltr'>γενόμενος,</span> <span class='ocrx_word' id='word_1_252' title='bbox 2514 960 2607 1013; x_wconf 76' lang='grc' dir='ltr'>καὶ</span> <span class='ocrx_word' id='word_1_253' title='bbox 2631 959 2856 1028; x_wconf 82' lang='grc' dir='ltr'>ἀκοντός</span> <span class='ocrx_word' id='word_1_254' title='bbox 2881 979 2972 1016; x_wconf 89' lang='grc' dir='ltr'><strong>σου</strong></span> <span class='ocrx_word' id='word_1_255' title='bbox 2991 963 3200 1030; x_wconf 79' lang='grc' dir='ltr'>τούτοις</span> <span class='ocrx_word' id='word_1_256' title='bbox 3215 963 3340 1029; x_wconf 79' lang='grc' dir='ltr'>τοὺς</span> <span class='ocrx_word' id='word_1_257' title='bbox 3364 963 3598 1028; x_wconf 85' lang='grc' dir='ltr'>οἰκείους</span> <span class='ocrx_word' id='word_1_258' title='bbox 3616 964 3752 1018; x_wconf 85' lang='grc' dir='ltr'>ἀπο-</span> 
     </span>
    </p>
   </div>
   <div class='ocr_carea' id='block_1_41' title="bbox 2178 1043 2647 1119">
    <p class='ocr_par' dir='ltr' id='par_1_41' title="bbox 2178 1043 2647 1119">
     <span class='ocr_line' id='line_1_41' title="bbox 2178 1043 2647 1119; baseline 0.009 -21"><span class='ocrx_word' id='word_1_259' title='bbox 2178 1043 2372 1117; x_wconf 78' lang='grc' dir='ltr'>δίδωμι</span> <span class='ocrx_word' id='word_1_260' title='bbox 2404 1045 2647 1119; x_wconf 85' lang='grc' dir='ltr'>θρόνους.</span> 
     </span>
    </p>
   </div>
   <div class='ocr_carea' id='block_1_42' title="bbox 2760 1338 3179 1399">
    <p class='ocr_par' dir='ltr' id='par_1_42' title="bbox 2760 1338 3179 1399">
     <span class='ocr_line' id='line_1_42' title="bbox 2760 1338 3179 1399; baseline 0.005 -3"><span class='ocrx_word' id='word_1_261' title='bbox 2760 1341 3009 1396; x_wconf 79' lang='grc' dir='ltr'><strong>ΚΕΦΑΛ.</strong></span> <span class='ocrx_word' id='word_1_262' title='bbox 3050 1338 3179 1399; x_wconf 71' lang='lat' dir='ltr'><strong>Kl&quot;.</strong></span> 
     </span>
    </p>
   </div>
   <div class='ocr_carea' id='block_1_43' title="bbox 2191 1427 3739 1502">
    <p class='ocr_par' dir='ltr' id='par_1_43' title="bbox 2191 1427 3739 1502">
     <span class='ocr_line' id='line_1_43' title="bbox 2191 1427 3739 1502; baseline 0.006 -19"><span class='ocrx_word' id='word_1_263' title='bbox 2191 1427 2608 1502; x_wconf 29' lang='grc' dir='ltr'>Ὥςλφοὸηθεὶς</span> <span class='ocrx_word' id='word_1_264' title='bbox 2659 1435 2693 1487; x_wconf 85' lang='lat' dir='ltr'><strong>d</strong></span> <span class='ocrx_word' id='word_1_265' title='bbox 2721 1432 3134 1500; x_wconf 77' lang='grc' dir='ltr'>Κωνστάντιος</span> <span class='ocrx_word' id='word_1_266' title='bbox 3179 1434 3286 1500; x_wconf 82' lang='grc' dir='ltr'>τὰς</span> <span class='ocrx_word' id='word_1_267' title='bbox 3333 1433 3589 1502; x_wconf 71' lang='grc' dir='ltr'>ἀπειλὰς</span> <span class='ocrx_word' id='word_1_268' title='bbox 3626 1433 3739 1493; x_wconf 79' lang='grc' dir='ltr'><strong>τοῦ</strong></span> 
     </span>
    </p>
   </div>
   <div class='ocr_carea' id='block_1_44' title="bbox 2249 1497 3740 1568">
    <p class='ocr_par' dir='ltr' id='par_1_44' title="bbox 2249 1497 3740 1568">
     <span class='ocr_line' id='line_1_44' title="bbox 2249 1497 3740 1568; baseline 0.005 -16"><span class='ocrx_word' id='word_1_269' title='bbox 2249 1497 2546 1568; x_wconf 64' lang='grc' dir='ltr'>ἀδελφοῦ,</span> <span class='ocrx_word' id='word_1_270' title='bbox 2575 1501 2651 1554; x_wconf 81' lang='grc' dir='ltr'><strong>δι’</strong></span> <span class='ocrx_word' id='word_1_271' title='bbox 2691 1502 3033 1557; x_wconf 70' lang='grc' dir='ltr'>ἐπιστολῶν</span> <span class='ocrx_word' id='word_1_272' title='bbox 3057 1497 3312 1558; x_wconf 49' lang='lat' dir='ltr'><strong>estaudi;</strong></span> <span class='ocrx_word' id='word_1_273' title='bbox 3349 1504 3457 1557; x_wconf 78' lang='grc' dir='ltr'><strong>τὸν</strong></span> <span class='ocrx_word' id='word_1_274' title='bbox 3499 1497 3740 1560; x_wconf 72' lang='grc' dir='ltr'>Ἀθανά-</span> 
     </span>
    </p>
   </div>
   <div class='ocr_carea' id='block_1_45' title="bbox 2247 1571 3542 1642">
    <p class='ocr_par' dir='ltr' id='par_1_45' title="bbox 2247 1571 3542 1642">
     <span class='ocr_line' id='line_1_45' title="bbox 2247 1571 3542 1642; baseline 0.005 -20"><span class='ocrx_word' id='word_1_275' title='bbox 2247 1583 2406 1634; x_wconf 82' lang='grc' dir='ltr'>σιον,</span> <span class='ocrx_word' id='word_1_276' title='bbox 2434 1571 2530 1624; x_wconf 82' lang='grc' dir='ltr'>καὶ</span> <span class='ocrx_word' id='word_1_277' title='bbox 2557 1573 2646 1637; x_wconf 80' lang='grc' dir='ltr'><strong>είς</strong></span> <span class='ocrx_word' id='word_1_278' title='bbox 2667 1575 2780 1638; x_wconf 82' lang='grc' dir='ltr'><strong>τὴν</strong></span> <span class='ocrx_word' id='word_1_279' title='bbox 2817 1573 3266 1641; x_wconf 65' lang='grc' dir='ltr'>Ἀλεξάνδρειαν</span> <span class='ocrx_word' id='word_1_280' title='bbox 3287 1575 3542 1642; x_wconf 65' lang='grc' dir='ltr'>έπεμψε.</span> 
     </span>
    </p>
   </div>
   <div class='ocr_carea' id='block_1_46' title="bbox 2249 1662 3756 1734">
    <p class='ocr_par' dir='ltr' id='par_1_46' title="bbox 2249 1662 3756 1734">
     <span class='ocr_line' id='line_1_46' title="bbox 2249 1662 3756 1734; baseline 0.001 -17"><span class='ocrx_word' id='word_1_281' title='bbox 2249 1663 2435 1717; x_wconf 88' lang='grc' dir='ltr'>Ταῦτα</span> <span class='ocrx_word' id='word_1_282' title='bbox 2467 1663 2631 1731; x_wconf 72' lang='grc' dir='ltr'>γνοὺς</span> <span class='ocrx_word' id='word_1_283' title='bbox 2661 1665 2690 1717; x_wconf 86' lang='grc' dir='ltr'><strong>ό</strong></span> <span class='ocrx_word' id='word_1_284' title='bbox 2725 1663 2823 1732; x_wconf 84' lang='grc' dir='ltr'>τῆς</span> <span class='ocrx_word' id='word_1_285' title='bbox 2859 1662 3031 1734; x_wconf 82' lang='grc' dir='ltr'>Ἐᾡας</span> <span class='ocrx_word' id='word_1_286' title='bbox 3078 1664 3360 1733; x_wconf 78' lang='grc' dir='ltr'>βασιλεὺς,</span> <span class='ocrx_word' id='word_1_287' title='bbox 3397 1665 3478 1728; x_wconf 85' lang='grc' dir='ltr'><strong>είς</strong></span> <span class='ocrx_word' id='word_1_288' title='bbox 3515 1664 3756 1733; x_wconf 85' lang='grc' dir='ltr'>ἀγωνίαν</span> 
     </span>
    </p>
   </div>
   <div class='ocr_carea' id='block_1_47' title="bbox 2114 1753 3757 1833">
    <p class='ocr_par' dir='ltr' id='par_1_47' title="bbox 2114 1753 3757 1833">
     <span class='ocr_line' id='line_1_47' title="bbox 2114 1753 3757 1833; baseline 0.002 -24"><span class='ocrx_word' id='word_1_289' title='bbox 2114 1777 2156 1833; x_wconf 73' lang='grc' dir='ltr'><strong><em>Β</em></strong></span> <span class='ocrx_word' id='word_1_290' title='bbox 2184 1755 2245 1810; x_wconf 85' lang='grc' dir='ltr'><strong>ού</strong></span> <span class='ocrx_word' id='word_1_291' title='bbox 2268 1757 2367 1826; x_wconf 78' lang='grc' dir='ltr'>τὴν</span> <span class='ocrx_word' id='word_1_292' title='bbox 2390 1753 2661 1825; x_wconf 81' lang='grc' dir='ltr'><strong>τυχοῦσαν</strong></span> <span class='ocrx_word' id='word_1_293' title='bbox 2684 1754 2941 1824; x_wconf 85' lang='grc' dir='ltr'><strong>κατέστη.</strong></span> <span class='ocrx_word' id='word_1_294' title='bbox 2968 1756 3482 1826; x_wconf 83' lang='grc' dir='ltr'>Μεταπεμψάμενός</span> <span class='ocrx_word' id='word_1_295' title='bbox 3505 1773 3564 1809; x_wconf 89' lang='grc' dir='ltr'><strong>τε</strong></span> <span class='ocrx_word' id='word_1_296' title='bbox 3593 1756 3757 1822; x_wconf 78' lang='grc' dir='ltr'>εὐθὺς</span> 
     </span>
    </p>
   </div>
   <div class='ocr_carea' id='block_1_48' title="bbox 2181 1845 3756 1918">
    <p class='ocr_par' dir='ltr' id='par_1_48' title="bbox 2181 1845 3756 1918">
     <span class='ocr_line' id='line_1_48' title="bbox 2181 1845 3756 1918; baseline -0.003 -13"><span class='ocrx_word' id='word_1_297' title='bbox 2181 1850 2469 1910; x_wconf 75' lang='grc' dir='ltr'>πλείστους</span> <span class='ocrx_word' id='word_1_298' title='bbox 2489 1846 2598 1899; x_wconf 92' lang='grc' dir='ltr'><strong>τῶν</strong></span> <span class='ocrx_word' id='word_1_299' title='bbox 2619 1845 2955 1900; x_wconf 75' lang='grc' dir='ltr'>ἀνατολικῶν</span> <span class='ocrx_word' id='word_1_300' title='bbox 2980 1847 3294 1900; x_wconf 84' lang='grc' dir='ltr'>ἐπισκόπων</span> <span class='ocrx_word' id='word_1_301' title='bbox 3309 1889 3321 1908; x_wconf 91' lang='grc'><strong>,</strong></span> <span class='ocrx_word' id='word_1_302' title='bbox 3341 1849 3441 1917; x_wconf 85' lang='grc' dir='ltr'>τήν</span> <span class='ocrx_word' id='word_1_303' title='bbox 3461 1863 3520 1900; x_wconf 91' lang='grc' dir='ltr'><strong>τε</strong></span> <span class='ocrx_word' id='word_1_304' title='bbox 3543 1847 3756 1918; x_wconf 80' lang='grc' dir='ltr'>αἵρεσιν</span> 
     </span>
    </p>
   </div>
   <div class='ocr_carea' id='block_1_49' title="bbox 2178 1936 3756 2009">
    <p class='ocr_par' dir='ltr' id='par_1_49' title="bbox 2178 1936 3756 2009">
     <span class='ocr_line' id='line_1_49' title="bbox 2178 1936 3756 2009; baseline -0.004 -12"><span class='ocrx_word' id='word_1_305' title='bbox 2178 1941 2275 1996; x_wconf 87' lang='grc' dir='ltr'><strong>τοῦ</strong></span> <span class='ocrx_word' id='word_1_306' title='bbox 2323 1938 2556 2006; x_wconf 82' lang='grc' dir='ltr'>ἀδελφοῦ</span> <span class='ocrx_word' id='word_1_307' title='bbox 2609 1936 2924 2008; x_wconf 80' lang='grc' dir='ltr'>προύτίθει,</span> <span class='ocrx_word' id='word_1_308' title='bbox 2977 1937 3074 1990; x_wconf 73' lang='grc' dir='ltr'>καὶ</span> <span class='ocrx_word' id='word_1_309' title='bbox 3127 1939 3254 2008; x_wconf 76' lang='grc' dir='ltr'>περὶ</span> <span class='ocrx_word' id='word_1_310' title='bbox 3313 1936 3408 1990; x_wconf 84' lang='grc' dir='ltr'><strong>τοῦ</strong></span> <span class='ocrx_word' id='word_1_311' title='bbox 3480 1937 3756 2009; x_wconf 84' lang='grc' dir='ltr'>πρακτέου</span> 
     </span>
    </p>
   </div>
   <div class='ocr_carea' id='block_1_50' title="bbox 2179 2023 3758 2096">
    <p class='ocr_par' dir='ltr' id='par_1_50' title="bbox 2179 2023 3758 2096">
     <span class='ocr_line' id='line_1_50' title="bbox 2179 2023 3758 2096; baseline -0.004 -11"><span class='ocrx_word' id='word_1_312' title='bbox 2179 2029 2584 2085; x_wconf 80' lang='grc' dir='ltr'>διεπυνθάνετο.</span> <span class='ocrx_word' id='word_1_313' title='bbox 2604 2027 2668 2078; x_wconf 84' lang='grc' dir='ltr'><strong>Οἱ</strong></span> <span class='ocrx_word' id='word_1_314' title='bbox 2683 2026 2760 2086; x_wconf 86' lang='grc' dir='ltr'><strong>δέ,</strong></span> <span class='ocrx_word' id='word_1_315' title='bbox 2779 2026 3030 2094; x_wconf 89' lang='grc' dir='ltr'>κρεῖσσον</span> <span class='ocrx_word' id='word_1_316' title='bbox 3049 2023 3260 2094; x_wconf 75' lang='grc' dir='ltr'>ἔφασαν</span> <span class='ocrx_word' id='word_1_317' title='bbox 3282 2025 3390 2078; x_wconf 90' lang='grc' dir='ltr'><strong>τῶν</strong></span> <span class='ocrx_word' id='word_1_318' title='bbox 3421 2025 3758 2096; x_wconf 82' lang='grc' dir='ltr'>Ἐκκλησιῶν</span> 
     </span>
    </p>
   </div>
   <div class='ocr_carea' id='block_1_51' title="bbox 2181 2113 3760 2192">
    <p class='ocr_par' dir='ltr' id='par_1_51' title="bbox 2181 2113 3760 2192">
     <span class='ocr_line' id='line_1_51' title="bbox 2181 2113 3760 2192; baseline -0.003 -20"><span class='ocrx_word' id='word_1_319' title='bbox 2181 2115 2585 2192; x_wconf 80' lang='grc' dir='ltr'>παραχωρῆσαι</span> <span class='ocrx_word' id='word_1_320' title='bbox 2613 2116 2726 2178; x_wconf 89' lang='grc' dir='ltr'>τοῖς</span> <span class='ocrx_word' id='word_1_321' title='bbox 2757 2114 2886 2186; x_wconf 71' lang='grc' dir='ltr'>περὶ</span> <span class='ocrx_word' id='word_1_322' title='bbox 2919 2113 3260 2180; x_wconf 84' lang='grc' dir='ltr'>Ἀθανάσιον,</span> <span class='ocrx_word' id='word_1_323' title='bbox 3293 2114 3327 2184; x_wconf 78' lang='grc' dir='ltr'>ἢ</span> <span class='ocrx_word' id='word_1_324' title='bbox 3352 2113 3616 2184; x_wconf 77' lang='grc' dir='ltr'>ἐμφύλιον</span> <span class='ocrx_word' id='word_1_325' title='bbox 3636 2116 3760 2168; x_wconf 83' lang='grc' dir='ltr'>ἀνα-</span> 
     </span>
    </p>
   </div>
   <div class='ocr_carea' id='block_1_52' title="bbox 2180 2203 3762 2276">
    <p class='ocr_par' dir='ltr' id='par_1_52' title="bbox 2180 2203 3762 2276">
     <span class='ocr_line' id='line_1_52' title="bbox 2180 2203 3762 2276; baseline -0.005 -11"><span class='ocrx_word' id='word_1_326' title='bbox 2180 2209 2436 2275; x_wconf 82' lang='grc' dir='ltr'>δέξασθαι</span> <span class='ocrx_word' id='word_1_327' title='bbox 2481 2206 2739 2276; x_wconf 78' lang='grc' dir='ltr'>πόλεμον.</span> <span class='ocrx_word' id='word_1_328' title='bbox 2789 2203 2954 2258; x_wconf 83' lang='grc' dir='ltr'>Ὅθεν</span> <span class='ocrx_word' id='word_1_329' title='bbox 3011 2204 3098 2257; x_wconf 84' lang='grc' dir='ltr'><strong>ἐπ’</strong></span> <span class='ocrx_word' id='word_1_330' title='bbox 3140 2203 3352 2275; x_wconf 81' lang='grc' dir='ltr'><strong>ἀνάγκῃ</strong></span> <span class='ocrx_word' id='word_1_331' title='bbox 3411 2203 3688 2268; x_wconf 76' lang='grc' dir='ltr'>καταστάς</span> <span class='ocrx_word' id='word_1_332' title='bbox 3727 2205 3762 2257; x_wconf 87' lang='grc' dir='ltr'><strong>ό</strong></span> 
     </span>
    </p>
   </div>
   <div class='ocr_carea' id='block_1_53' title="bbox 2185 2293 3754 2374">
    <p class='ocr_par' dir='ltr' id='par_1_53' title="bbox 2185 2293 3754 2374">
     <span class='ocr_line' id='line_1_53' title="bbox 2185 2293 3754 2374; baseline -0.004 -19"><span class='ocrx_word' id='word_1_333' title='bbox 2185 2301 2436 2374; x_wconf 80' lang='grc' dir='ltr'>βασιλεὺς</span> <span class='ocrx_word' id='word_1_334' title='bbox 2455 2337 2470 2363; x_wconf 91' lang='grc'><strong>,</strong></span> <span class='ocrx_word' id='word_1_335' title='bbox 2497 2297 2682 2352; x_wconf 86' lang='grc' dir='ltr'>ἐκάλει</span> <span class='ocrx_word' id='word_1_336' title='bbox 2712 2297 2847 2368; x_wconf 78' lang='grc' dir='ltr'>πρὸς</span> <span class='ocrx_word' id='word_1_337' title='bbox 2879 2295 3071 2348; x_wconf 84' lang='grc' dir='ltr'>ἐαυτὸν</span> <span class='ocrx_word' id='word_1_338' title='bbox 3103 2295 3228 2358; x_wconf 82' lang='grc' dir='ltr'>τοὺς</span> <span class='ocrx_word' id='word_1_339' title='bbox 3254 2294 3384 2366; x_wconf 78' lang='grc' dir='ltr'>περὶ</span> <span class='ocrx_word' id='word_1_340' title='bbox 3417 2293 3754 2349; x_wconf 78' lang='grc' dir='ltr'>’Δθανάσιον.</span> 
     </span>
    </p>
   </div>
   <div class='ocr_carea' id='block_1_54' title="bbox 2182 2383 3759 2459">
    <p class='ocr_par' dir='ltr' id='par_1_54' title="bbox 2182 2383 3759 2459">
     <span class='ocr_line' id='line_1_54' title="bbox 2182 2383 3759 2459; baseline -0.004 -14"><span class='ocrx_word' id='word_1_341' title='bbox 2182 2392 2296 2446; x_wconf 74' lang='grc' dir='ltr'>Καὶ</span> <span class='ocrx_word' id='word_1_342' title='bbox 2331 2390 2466 2453; x_wconf 87' lang='grc' dir='ltr'>τέως</span> <span class='ocrx_word' id='word_1_343' title='bbox 2513 2389 2610 2459; x_wconf 83' lang='grc' dir='ltr'>μὲν</span> <span class='ocrx_word' id='word_1_344' title='bbox 2659 2389 3004 2457; x_wconf 80' lang='grc' dir='ltr'>παραχρῆμα</span> <span class='ocrx_word' id='word_1_345' title='bbox 3047 2385 3138 2438; x_wconf 82' lang='grc' dir='ltr'>τὸν</span> <span class='ocrx_word' id='word_1_346' title='bbox 3182 2383 3394 2440; x_wconf 79' lang='grc' dir='ltr'>Παῦλον</span> <span class='ocrx_word' id='word_1_347' title='bbox 3444 2383 3581 2455; x_wconf 86' lang='grc' dir='ltr'><strong>μετά</strong></span> <span class='ocrx_word' id='word_1_348' title='bbox 3612 2385 3759 2439; x_wconf 83' lang='grc' dir='ltr'>δυεῖν</span> 
     </span>
    </p>
   </div>
   <div class='ocr_carea' id='block_1_55' title="bbox 2183 2475 3759 2549">
    <p class='ocr_par' dir='ltr' id='par_1_55' title="bbox 2183 2475 3759 2549">
     <span class='ocr_line' id='line_1_55' title="bbox 2183 2475 3759 2549; baseline -0.004 -13"><span class='ocrx_word' id='word_1_349' title='bbox 2183 2481 2498 2536; x_wconf 86' lang='grc' dir='ltr'>ἐπισκόπων</span> <span class='ocrx_word' id='word_1_350' title='bbox 2527 2480 2744 2549; x_wconf 76' lang='grc' dir='ltr'>καὶτῆς</span> <span class='ocrx_word' id='word_1_351' title='bbox 2767 2477 2933 2548; x_wconf 81' lang='grc' dir='ltr'>ἄλλης</span> <span class='ocrx_word' id='word_1_352' title='bbox 2961 2477 3125 2548; x_wconf 79' lang='grc' dir='ltr'>τιμῆς</span> <span class='ocrx_word' id='word_1_353' title='bbox 3143 2515 3159 2541; x_wconf 90' lang='grc'><strong>,</strong></span> <span class='ocrx_word' id='word_1_354' title='bbox 3192 2475 3484 2548; x_wconf 84' lang='grc' dir='ltr'>γράμμασί</span> <span class='ocrx_word' id='word_1_355' title='bbox 3513 2493 3574 2528; x_wconf 88' lang='grc' dir='ltr'><strong>τε</strong></span> <span class='ocrx_word' id='word_1_356' title='bbox 3596 2476 3759 2530; x_wconf 87' lang='grc' dir='ltr'>πάλιν</span> 
     </span>
    </p>
   </div>
   <div class='ocr_carea' id='block_1_56' title="bbox 2182 2567 3760 2640">
    <p class='ocr_par' dir='ltr' id='par_1_56' title="bbox 2182 2567 3760 2640">
     <span class='ocr_line' id='line_1_56' title="bbox 2182 2567 3760 2640; baseline -0.005 -12"><span class='ocrx_word' id='word_1_357' title='bbox 2182 2576 2298 2636; x_wconf 89' lang='grc' dir='ltr'>τοῖς</span> <span class='ocrx_word' id='word_1_358' title='bbox 2340 2573 2564 2636; x_wconf 72' lang='grc' dir='ltr'>οἰκείοις</span> <span class='ocrx_word' id='word_1_359' title='bbox 2607 2573 2637 2626; x_wconf 86' lang='grc' dir='ltr'><strong>ό</strong></span> <span class='ocrx_word' id='word_1_360' title='bbox 2667 2572 2776 2625; x_wconf 90' lang='grc' dir='ltr'><strong>τῶν</strong></span> <span class='ocrx_word' id='word_1_361' title='bbox 2815 2569 3086 2640; x_wconf 82' lang='grc' dir='ltr'>ἐσπερίων</span> <span class='ocrx_word' id='word_1_362' title='bbox 3131 2568 3416 2639; x_wconf 74' lang='grc' dir='ltr'>βασιλεὺς,</span> <span class='ocrx_word' id='word_1_363' title='bbox 3449 2567 3530 2620; x_wconf 76' lang='grc' dir='ltr'>ἔτι</span> <span class='ocrx_word' id='word_1_364' title='bbox 3562 2585 3624 2620; x_wconf 85' lang='grc' dir='ltr'><strong>τε</strong></span> <span class='ocrx_word' id='word_1_365' title='bbox 3665 2567 3760 2622; x_wconf 79' lang='grc' dir='ltr'>καὶ</span> 
     </span>
    </p>
   </div>
   <div class='ocr_carea' id='block_1_57' title="bbox 2183 2658 3761 2733">
    <p class='ocr_par' dir='ltr' id='par_1_57' title="bbox 2183 2658 3761 2733">
     <span class='ocr_line' id='line_1_57' title="bbox 2183 2658 3761 2733; baseline -0.006 -12"><span class='ocrx_word' id='word_1_366' title='bbox 2183 2669 2298 2730; x_wconf 83' lang='grc' dir='ltr'>τοῖς</span> <span class='ocrx_word' id='word_1_367' title='bbox 2322 2665 2430 2720; x_wconf 72' lang='grc' dir='ltr'><strong>ἀπὸ</strong></span> <span class='ocrx_word' id='word_1_368' title='bbox 2469 2664 2570 2733; x_wconf 82' lang='grc' dir='ltr'><strong>τῆς</strong></span> <span class='ocrx_word' id='word_1_369' title='bbox 2611 2662 2830 2718; x_wconf 87' lang='grc' dir='ltr'>συνόδου</span> <span class='ocrx_word' id='word_1_370' title='bbox 2873 2658 3266 2731; x_wconf 83' lang='grc' dir='ltr'>κατοχυρώσας</span> <span class='ocrx_word' id='word_1_371' title='bbox 3299 2658 3622 2712; x_wconf 82' lang='grc' dir='ltr'>ἀποστέλλει</span> <span class='ocrx_word' id='word_1_372' title='bbox 3664 2659 3761 2712; x_wconf 73' lang='grc' dir='ltr'>ἐπὶ</span> 
     </span>
    </p>
   </div>
   <div class='ocr_carea' id='block_1_58' title="bbox 2183 2749 3762 2830">
    <p class='ocr_par' dir='ltr' id='par_1_58' title="bbox 2183 2749 3762 2830">
     <span class='ocr_line' id='line_1_58' title="bbox 2183 2749 3762 2830; baseline -0.003 -20"><span class='ocrx_word' id='word_1_373' title='bbox 2183 2757 2282 2830; x_wconf 82' lang='grc' dir='ltr'>τὴν</span> <span class='ocrx_word' id='word_1_374' title='bbox 2333 2756 2743 2810; x_wconf 81' lang='grc' dir='ltr'>Κωνσταντίνου</span> <span class='ocrx_word' id='word_1_375' title='bbox 2802 2751 2980 2806; x_wconf 86' lang='grc' dir='ltr'>πόλιν.</span> <span class='ocrx_word' id='word_1_376' title='bbox 3040 2750 3147 2804; x_wconf 89' lang='grc' dir='ltr'>Τοῦ</span> <span class='ocrx_word' id='word_1_377' title='bbox 3197 2750 3255 2803; x_wconf 81' lang='grc' dir='ltr'>δὲ</span> <span class='ocrx_word' id='word_1_378' title='bbox 3313 2749 3632 2804; x_wconf 81' lang='grc' dir='ltr'>Ἀθανασίου</span> <span class='ocrx_word' id='word_1_379' title='bbox 3677 2749 3762 2805; x_wconf 73' lang='grc' dir='ltr'>ἔτι</span> 
     </span>
    </p>
   </div>
   <div class='ocr_carea' id='block_1_59' title="bbox 2185 2839 3763 2916">
    <p class='ocr_par' dir='ltr' id='par_1_59' title="bbox 2185 2839 3763 2916">
     <span class='ocr_line' id='line_1_59' title="bbox 2185 2839 3763 2916; baseline -0.007 -13"><span class='ocrx_word' id='word_1_380' title='bbox 2185 2846 2680 2916; x_wconf 80' lang='grc' dir='ltr'>ὑποστελλομένου,</span> <span class='ocrx_word' id='word_1_381' title='bbox 2736 2844 2832 2897; x_wconf 78' lang='grc' dir='ltr'>καὶ</span> <span class='ocrx_word' id='word_1_382' title='bbox 2893 2841 3329 2912; x_wconf 77' lang='grc' dir='ltr'>ἀμφιϐάλλοντος</span> <span class='ocrx_word' id='word_1_383' title='bbox 3389 2840 3564 2893; x_wconf 88' lang='grc' dir='ltr'>ἐλθεῖν</span> <span class='ocrx_word' id='word_1_384' title='bbox 3622 2839 3763 2910; x_wconf 78' lang='grc' dir='ltr'>πρὸς</span> 
     </span>
    </p>
   </div>
   <div class='ocr_carea' id='block_1_60' title="bbox 2184 2927 3759 3006">
    <p class='ocr_par' dir='ltr' id='par_1_60' title="bbox 2184 2927 3759 3006">
     <span class='ocr_line' id='line_1_60' title="bbox 2184 2927 3759 3006; baseline -0.01 -12"><span class='ocrx_word' id='word_1_385' title='bbox 2184 2939 2346 2994; x_wconf 78' lang='grc' dir='ltr'>αὐτόν</span> <span class='ocrx_word' id='word_1_386' title='bbox 2362 2955 2374 2968; x_wconf 71' lang='grc'><em>³</em></span> <span class='ocrx_word' id='word_1_387' title='bbox 2407 2936 2696 3006; x_wconf 81' lang='grc' dir='ltr'>ηὐλασεῖτο</span> <span class='ocrx_word' id='word_1_388' title='bbox 2711 2931 2819 3004; x_wconf 86' lang='grc' dir='ltr'><strong>γὰρ</strong></span> <span class='ocrx_word' id='word_1_389' title='bbox 2832 2931 2929 2994; x_wconf 84' lang='grc' dir='ltr'>τὰς</span> <span class='ocrx_word' id='word_1_390' title='bbox 2944 2931 3053 2985; x_wconf 89' lang='grc' dir='ltr'><strong>τῶν</strong></span> <span class='ocrx_word' id='word_1_391' title='bbox 3066 2928 3410 3000; x_wconf 80' lang='grc' dir='ltr'>συκοφαντῶν</span> <span class='ocrx_word' id='word_1_392' title='bbox 3428 2927 3759 2998; x_wconf 74' lang='grc' dir='ltr'><strong>σκευωρίας⁹</strong></span> 
     </span>
    </p>
   </div>
   <div class='ocr_carea' id='block_1_61' title="bbox 2185 3016 3762 3102">
    <p class='ocr_par' dir='ltr' id='par_1_61' title="bbox 2185 3016 3762 3102">
     <span class='ocr_line' id='line_1_61' title="bbox 2185 3016 3762 3102; baseline -0.01 -18"><span class='ocrx_word' id='word_1_393' title='bbox 2185 3033 2215 3086; x_wconf 89' lang='grc' dir='ltr'><strong>ό</strong></span> <span class='ocrx_word' id='word_1_394' title='bbox 2248 3030 2500 3102; x_wconf 80' lang='grc' dir='ltr'>βασιλεὺς</span> <span class='ocrx_word' id='word_1_395' title='bbox 2519 3027 2621 3097; x_wconf 84' lang='grc' dir='ltr'>τῆς</span> <span class='ocrx_word' id='word_1_396' title='bbox 2663 3025 2837 3097; x_wconf 81' lang='grc' dir='ltr'>Ἐᾠας</span> <span class='ocrx_word' id='word_1_397' title='bbox 2874 3023 3040 3078; x_wconf 79' lang='grc' dir='ltr'>αὑτὸν</span> <span class='ocrx_word' id='word_1_398' title='bbox 3071 3023 3170 3094; x_wconf 84' lang='grc' dir='ltr'><strong>ούχ</strong></span> <span class='ocrx_word' id='word_1_399' title='bbox 3208 3022 3354 3088; x_wconf 78' lang='grc' dir='ltr'>ἅπαξ</span> <span class='ocrx_word' id='word_1_400' title='bbox 3397 3019 3554 3091; x_wconf 85' lang='grc' dir='ltr'>μόνον</span> <span class='ocrx_word' id='word_1_401' title='bbox 3576 3061 3591 3082; x_wconf 92' lang='grc'><strong>,</strong></span> <span class='ocrx_word' id='word_1_402' title='bbox 3622 3016 3762 3070; x_wconf 80' lang='grc' dir='ltr'><strong>ἀλλά</strong></span> 
     </span>
    </p>
   </div>
   <div class='ocr_carea' id='block_1_62' title="bbox 505 3109 2085 3190">
    <p class='ocr_par' dir='ltr' id='par_1_62' title="bbox 505 3113 2085 3187">
     <span class='ocr_line' id='line_1_62' title="bbox 505 3113 2085 3187; baseline 0.004 -19"><span class='ocrx_word' id='word_1_403' title='bbox 505 3119 639 3168; x_wconf 76' lang='lat' dir='ltr'><strong>tera:</strong></span> <span class='ocrx_word' id='word_1_404' title='bbox 682 3113 854 3184; x_wconf 87' lang='lat' dir='ltr'><strong>ipsius</strong></span> <span class='ocrx_word' id='word_1_405' title='bbox 897 3115 1215 3182; x_wconf 89' lang='lat' dir='ltr'><strong>ostendunt,</strong></span> <span class='ocrx_word' id='word_1_406' title='bbox 1251 3132 1373 3187; x_wconf 71' lang='lat' dir='ltr'><strong>qua:</strong></span> <span class='ocrx_word' id='word_1_407' title='bbox 1413 3133 1480 3173; x_wconf 81' lang='lat' dir='ltr'><strong>ex</strong></span> <span class='ocrx_word' id='word_1_408' title='bbox 1508 3115 1705 3174; x_wconf 89' lang='lat' dir='ltr'><strong>Latino</strong></span> <span class='ocrx_word' id='word_1_409' title='bbox 1741 3133 1996 3176; x_wconf 84' lang='lat' dir='ltr'><strong>sermone</strong></span> <span class='ocrx_word' id='word_1_410' title='bbox 2029 3119 2085 3176; x_wconf 88' lang='lat' dir='ltr'><strong>in</strong></span> 
     </span>
    </p>
   </div>
   <div class='ocr_carea' id='block_1_63' title="bbox 2184 3109 3759 3190">
    <p class='ocr_par' dir='ltr' id='par_1_63' title="bbox 2192 3109 3759 3190">
     <span class='ocr_line' id='line_1_63' title="bbox 2192 3109 3759 3190; baseline -0.01 -12"><span class='ocrx_word' id='word_1_411' title='bbox 2192 3123 2288 3178; x_wconf 78' lang='grc' dir='ltr'>καὶ</span> <span class='ocrx_word' id='word_1_412' title='bbox 2315 3120 2395 3186; x_wconf 65' lang='grc' dir='ltr'>δὶς</span> <span class='ocrx_word' id='word_1_413' title='bbox 2432 3121 2527 3174; x_wconf 75' lang='grc' dir='ltr'>καὶ</span> <span class='ocrx_word' id='word_1_414' title='bbox 2570 3117 2690 3190; x_wconf 73' lang='grc' dir='ltr'>τρὶς</span> <span class='ocrx_word' id='word_1_415' title='bbox 2731 3116 2918 3172; x_wconf 81' lang='grc' dir='ltr'>ἐκάλει</span> <span class='ocrx_word' id='word_1_416' title='bbox 2963 3117 3096 3187; x_wconf 86' lang='grc' dir='ltr'>παρ’</span> <span class='ocrx_word' id='word_1_417' title='bbox 3137 3114 3330 3168; x_wconf 87' lang='grc' dir='ltr'>ἐαυτόν</span> <span class='ocrx_word' id='word_1_418' title='bbox 3355 3129 3368 3144; x_wconf 89' lang='grc'><strong>·</strong></span> <span class='ocrx_word' id='word_1_419' title='bbox 3405 3112 3480 3175; x_wconf 86' lang='grc' dir='ltr'>ὡς</span> <span class='ocrx_word' id='word_1_420' title='bbox 3519 3109 3590 3164; x_wconf 83' lang='grc' dir='ltr'><strong>τά</strong></span> <span class='ocrx_word' id='word_1_421' title='bbox 3630 3109 3759 3181; x_wconf 81' lang='grc' dir='ltr'>παρ’</span> 
     </span>
    </p>
   </div>
   <div class='ocr_carea' id='block_1_64' title="bbox 503 3201 1444 3266">
    <p class='ocr_par' dir='ltr' id='par_1_64' title="bbox 503 3201 1444 3266">
     <span class='ocr_line' id='line_1_64' title="bbox 503 3201 1444 3266; baseline 0.005 -8"><span class='ocrx_word' id='word_1_422' title='bbox 503 3201 755 3261; x_wconf 65' lang='lat' dir='ltr'><strong>Graecum</strong></span> <span class='ocrx_word' id='word_1_423' title='bbox 783 3221 1063 3262; x_wconf 64' lang='lat' dir='ltr'><strong>conversa:</strong></span> <span class='ocrx_word' id='word_1_424' title='bbox 1085 3207 1167 3266; x_wconf 88' lang='lat' dir='ltr'><strong>sic</strong></span> <span class='ocrx_word' id='word_1_425' title='bbox 1193 3207 1401 3264; x_wconf 86' lang='lat' dir='ltr'><strong>habent</strong></span> <span class='ocrx_word' id='word_1_426' title='bbox 1429 3225 1444 3263; x_wconf 90' lang='lat'><strong>:</strong></span> 
     </span>
    </p>
   </div>
   <div class='ocr_carea' id='block_1_65' title="bbox 753 3401 1838 3472">
    <p class='ocr_par' dir='ltr' id='par_1_65' title="bbox 753 3401 1838 3472">
     <span class='ocr_line' id='line_1_65' title="bbox 753 3401 1838 3472; baseline 0.004 -16"><span class='ocrx_word' id='word_1_427' title='bbox 753 3401 995 3472; x_wconf 80' lang='lat' dir='ltr'><strong>Epistola</strong></span> <span class='ocrx_word' id='word_1_428' title='bbox 1033 3402 1327 3459; x_wconf 82' lang='lat' dir='ltr'><strong>Constantii</strong></span> <span class='ocrx_word' id='word_1_429' title='bbox 1364 3405 1434 3459; x_wconf 86' lang='lat' dir='ltr'><strong>ad</strong></span> <span class='ocrx_word' id='word_1_430' title='bbox 1467 3404 1838 3460; x_wconf 81' lang='lat' dir='ltr'><strong>Athanasium.</strong></span> 
     </span>
    </p>
   </div>
   <div class='ocr_carea' id='block_1_66' title="bbox 684 3493 1910 3567">
    <p class='ocr_par' dir='ltr' id='par_1_66' title="bbox 684 3493 1910 3567">
     <span class='ocr_line' id='line_1_66' title="bbox 684 3493 1910 3567; baseline -0.001 -18"><span class='ocrx_word' id='word_1_431' title='bbox 684 3493 1046 3562; x_wconf 79' lang='lat' dir='ltr'><strong>Constantius,</strong></span> <span class='ocrx_word' id='word_1_432' title='bbox 1087 3495 1277 3560; x_wconf 86' lang='lat' dir='ltr'><strong>Victor,</strong></span> <span class='ocrx_word' id='word_1_433' title='bbox 1305 3496 1591 3567; x_wconf 81' lang='lat' dir='ltr'><strong>Augustus,</strong></span> <span class='ocrx_word' id='word_1_434' title='bbox 1620 3494 1910 3552; x_wconf 81' lang='lat' dir='ltr'><strong>Athanasio</strong></span> 
     </span>
    </p>
   </div>
   <div class='ocr_carea' id='block_1_67' title="bbox 1138 3569 1431 3639">
    <p class='ocr_par' dir='ltr' id='par_1_67' title="bbox 1138 3569 1431 3639">
     <span class='ocr_line' id='line_1_67' title="bbox 1138 3569 1431 3639; baseline 0 -19"><span class='ocrx_word' id='word_1_435' title='bbox 1138 3597 1148 3610; x_wconf 83' lang='lat'><strong>-</strong></span> <span class='ocrx_word' id='word_1_436' title='bbox 1173 3569 1431 3639; x_wconf 82' lang='lat' dir='ltr'><strong>episcopo.</strong></span> 
     </span>
    </p>
   </div>
   <div class='ocr_carea' id='block_1_68' title="bbox 569 3655 2089 3729">
    <p class='ocr_par' dir='ltr' id='par_1_68' title="bbox 569 3655 2089 3729">
     <span class='ocr_line' id='line_1_68' title="bbox 569 3655 2089 3729; baseline -0.001 -19"><span class='ocrx_word' id='word_1_437' title='bbox 569 3655 771 3710; x_wconf 84' lang='lat' dir='ltr'><strong>.lactari</strong></span> <span class='ocrx_word' id='word_1_438' title='bbox 833 3663 887 3712; x_wconf 91' lang='lat' dir='ltr'><strong>te</strong></span> <span class='ocrx_word' id='word_1_439' title='bbox 934 3656 1147 3712; x_wconf 92' lang='lat' dir='ltr'><strong>diutius</strong></span> <span class='ocrx_word' id='word_1_440' title='bbox 1202 3659 1498 3729; x_wconf 83' lang='lat' dir='ltr'><strong>vexarique</strong></span> <span class='ocrx_word' id='word_1_441' title='bbox 1557 3657 1872 3715; x_wconf 68' lang='lat' dir='ltr'><strong>smvissimis</strong></span> <span class='ocrx_word' id='word_1_442' title='bbox 1919 3655 2089 3712; x_wconf 90' lang='lat' dir='ltr'><strong>maris</strong></span> 
     </span>
    </p>
   </div>
   <div class='ocr_carea' id='block_1_69' title="bbox 509 3746 2086 3811">
    <p class='ocr_par' dir='ltr' id='par_1_69' title="bbox 509 3746 2086 3811">
     <span class='ocr_line' id='line_1_69' title="bbox 509 3746 2086 3811; baseline 0.002 -12"><span class='ocrx_word' id='word_1_443' title='bbox 509 3746 789 3811; x_wconf 75' lang='lat' dir='ltr'><strong>fluetibus,</strong></span> <span class='ocrx_word' id='word_1_444' title='bbox 837 3747 1146 3803; x_wconf 78' lang='lat' dir='ltr'><strong>clementiae</strong></span> <span class='ocrx_word' id='word_1_445' title='bbox 1182 3759 1383 3804; x_wconf 70' lang='lat' dir='ltr'><strong>nostra:</strong></span> <span class='ocrx_word' id='word_1_446' title='bbox 1421 3749 1734 3806; x_wconf 89' lang='lat' dir='ltr'><strong>humanitas</strong></span> <span class='ocrx_word' id='word_1_447' title='bbox 1777 3766 1886 3805; x_wconf 91' lang='lat' dir='ltr'><strong>non</strong></span> <span class='ocrx_word' id='word_1_448' title='bbox 1932 3748 2086 3804; x_wconf 92' lang='lat' dir='ltr'><strong>sinit.</strong></span> 
     </span>
    </p>
   </div>
   <div class='ocr_carea' id='block_1_70' title="bbox 508 3837 2090 3912">
    <p class='ocr_par' dir='ltr' id='par_1_70' title="bbox 508 3837 2090 3912">
     <span class='ocr_line' id='line_1_70' title="bbox 508 3837 2090 3912; baseline 0.001 -18"><span class='ocrx_word' id='word_1_449' title='bbox 508 3839 622 3894; x_wconf 83' lang='lat' dir='ltr'><strong>Nec</strong></span> <span class='ocrx_word' id='word_1_450' title='bbox 645 3846 696 3890; x_wconf 93' lang='lat' dir='ltr'><strong>te</strong></span> <span class='ocrx_word' id='word_1_451' title='bbox 722 3837 900 3907; x_wconf 87' lang='lat' dir='ltr'><strong>patrio</strong></span> <span class='ocrx_word' id='word_1_452' title='bbox 931 3839 1044 3895; x_wconf 89' lang='lat' dir='ltr'><strong>lare</strong></span> <span class='ocrx_word' id='word_1_453' title='bbox 1070 3841 1358 3907; x_wconf 90' lang='lat' dir='ltr'><strong>nudatum,</strong></span> <span class='ocrx_word' id='word_1_454' title='bbox 1398 3843 1663 3912; x_wconf 89' lang='lat' dir='ltr'><strong>bonisque</strong></span> <span class='ocrx_word' id='word_1_455' title='bbox 1695 3843 2007 3912; x_wconf 87' lang='lat' dir='ltr'><strong>spoliatum,</strong></span> <span class='ocrx_word' id='word_1_456' title='bbox 2031 3849 2090 3896; x_wconf 93' lang='lat' dir='ltr'><strong>et</strong></span> 
     </span>
    </p>
   </div>
   <div class='ocr_carea' id='block_1_71' title="bbox 513 3929 2090 4003">
    <p class='ocr_par' dir='ltr' id='par_1_71' title="bbox 513 3929 2090 4003">
     <span class='ocr_line' id='line_1_71' title="bbox 513 3929 2090 4003; baseline 0.002 -20"><span class='ocrx_word' id='word_1_457' title='bbox 513 3931 568 3983; x_wconf 89' lang='lat' dir='ltr'><strong>in</strong></span> <span class='ocrx_word' id='word_1_458' title='bbox 601 3929 835 3986; x_wconf 89' lang='lat' dir='ltr'><strong>desertis</strong></span> <span class='ocrx_word' id='word_1_459' title='bbox 867 3939 1031 4000; x_wconf 90' lang='lat' dir='ltr'><strong>atque</strong></span> <span class='ocrx_word' id='word_1_460' title='bbox 1071 3931 1234 3987; x_wconf 88' lang='lat' dir='ltr'><strong>inviis</strong></span> <span class='ocrx_word' id='word_1_461' title='bbox 1282 3933 1628 3987; x_wconf 89' lang='lat' dir='ltr'><strong>oherrantem</strong></span> <span class='ocrx_word' id='word_1_462' title='bbox 1669 3933 1806 3988; x_wconf 90' lang='lat' dir='ltr'><strong>locis</strong></span> <span class='ocrx_word' id='word_1_463' title='bbox 1841 3932 2090 4003; x_wconf 73' lang='lat' dir='ltr'><strong>despexit</strong></span> 
     </span>
    </p>
   </div>
   <div class='ocr_carea' id='block_1_72' title="bbox 512 4021 2088 4094">
    <p class='ocr_par' dir='ltr' id='par_1_72' title="bbox 512 4021 2088 4094">
     <span class='ocr_line' id='line_1_72' title="bbox 512 4021 2088 4094; baseline 0.003 -18"><span class='ocrx_word' id='word_1_464' title='bbox 512 4021 784 4077; x_wconf 85' lang='lat' dir='ltr'><strong>indefessa</strong></span> <span class='ocrx_word' id='word_1_465' title='bbox 832 4023 1007 4094; x_wconf 90' lang='lat' dir='ltr'><strong>pietas</strong></span> <span class='ocrx_word' id='word_1_466' title='bbox 1054 4031 1258 4078; x_wconf 88' lang='lat' dir='ltr'><strong>nostra.</strong></span> <span class='ocrx_word' id='word_1_467' title='bbox 1301 4023 1369 4085; x_wconf 85' lang='lat' dir='ltr'><strong>Et</strong></span> <span class='ocrx_word' id='word_1_468' title='bbox 1418 4024 1667 4094; x_wconf 89' lang='lat' dir='ltr'><strong>quamvis</strong></span> <span class='ocrx_word' id='word_1_469' title='bbox 1711 4024 1912 4080; x_wconf 88' lang='lat' dir='ltr'><strong>mentis</strong></span> <span class='ocrx_word' id='word_1_470' title='bbox 1953 4039 2088 4080; x_wconf 73' lang='lat' dir='ltr'><strong>mea:</strong></span> 
     </span>
    </p>
   </div>
   <div class='ocr_carea' id='block_1_73' title="bbox 512 4116 2085 4186">
    <p class='ocr_par' dir='ltr' id='par_1_73' title="bbox 512 4116 2085 4186">
     <span class='ocr_line' id='line_1_73' title="bbox 512 4116 2085 4186; baseline 0.001 -20"><span class='ocrx_word' id='word_1_471' title='bbox 512 4116 850 4185; x_wconf 82' lang='lat' dir='ltr'><strong>propositum</strong></span> <span class='ocrx_word' id='word_1_472' title='bbox 881 4117 1040 4186; x_wconf 78' lang='lat'><strong>110</strong></span> <span class='ocrx_word' id='word_1_473' title='bbox 1067 4116 1133 4170; x_wconf 90' lang='lat' dir='ltr'><strong>ad</strong></span> <span class='ocrx_word' id='word_1_474' title='bbox 1168 4123 1218 4171; x_wconf 93' lang='lat' dir='ltr'><strong>te</strong></span> <span class='ocrx_word' id='word_1_475' title='bbox 1242 4116 1483 4171; x_wconf 89' lang='lat' dir='ltr'><strong>scribere</strong></span> <span class='ocrx_word' id='word_1_476' title='bbox 1515 4116 1724 4172; x_wconf 90' lang='lat' dir='ltr'><strong>diutius</strong></span> <span class='ocrx_word' id='word_1_477' title='bbox 1752 4116 2085 4180; x_wconf 87' lang='lat' dir='ltr'><strong>distulerim,</strong></span> 
     </span>
    </p>
   </div>
   <div class='ocr_carea' id='block_1_74' title="bbox 509 4207 2089 4280">
    <p class='ocr_par' dir='ltr' id='par_1_74' title="bbox 509 4207 2089 4280">
     <span class='ocr_line' id='line_1_74' title="bbox 509 4207 2089 4280; baseline -0.001 -16"><span class='ocrx_word' id='word_1_478' title='bbox 509 4219 835 4278; x_wconf 72' lang='lat' dir='ltr'><strong>exs‘peetans</strong></span> <span class='ocrx_word' id='word_1_479' title='bbox 854 4209 983 4264; x_wconf 90' lang='lat' dir='ltr'><strong>dum</strong></span> <span class='ocrx_word' id='word_1_480' title='bbox 1024 4209 1140 4280; x_wconf 89' lang='lat' dir='ltr'><strong>ipse</strong></span> <span class='ocrx_word' id='word_1_481' title='bbox 1181 4217 1272 4264; x_wconf 88' lang='lat' dir='ltr'><strong>tua</strong></span> <span class='ocrx_word' id='word_1_482' title='bbox 1308 4217 1501 4280; x_wconf 87' lang='lat' dir='ltr'><strong>sponte</strong></span> <span class='ocrx_word' id='word_1_483' title='bbox 1534 4208 1602 4262; x_wconf 92' lang='lat' dir='ltr'><strong>ad</strong></span> <span class='ocrx_word' id='word_1_484' title='bbox 1633 4223 1733 4263; x_wconf 92' lang='lat' dir='ltr'><strong>nos</strong></span> <span class='ocrx_word' id='word_1_485' title='bbox 1755 4207 1992 4271; x_wconf 88' lang='lat' dir='ltr'><strong>venires,</strong></span> <span class='ocrx_word' id='word_1_486' title='bbox 2032 4215 2089 4262; x_wconf 88' lang='lat' dir='ltr'><strong>et</strong></span> 
     </span>
    </p>
   </div>
   <div class='ocr_carea' id='block_1_75' title="bbox 509 4303 2084 4373">
    <p class='ocr_par' dir='ltr' id='par_1_75' title="bbox 509 4303 2084 4373">
     <span class='ocr_line' id='line_1_75' title="bbox 509 4303 2084 4373; baseline -0.004 -15"><span class='ocrx_word' id='word_1_487' title='bbox 509 4318 882 4358; x_wconf 72' lang='lat' dir='ltr'><strong>aerumnarum</strong></span> <span class='ocrx_word' id='word_1_488' title='bbox 920 4311 1138 4358; x_wconf 89' lang='lat' dir='ltr'><strong>tuarum</strong></span> <span class='ocrx_word' id='word_1_489' title='bbox 1170 4304 1473 4359; x_wconf 91' lang='lat' dir='ltr'><strong>remedium</strong></span> <span class='ocrx_word' id='word_1_490' title='bbox 1509 4303 1844 4373; x_wconf 88' lang='lat' dir='ltr'><strong>postulares:</strong></span> <span class='ocrx_word' id='word_1_491' title='bbox 1881 4309 2084 4364; x_wconf 88' lang='lat' dir='ltr'><strong>tamen,</strong></span> 
     </span>
    </p>
   </div>
   <div class='ocr_carea' id='block_1_76' title="bbox 511 4388 2088 4464">
    <p class='ocr_par' dir='ltr' id='par_1_76' title="bbox 511 4388 2088 4464">
     <span class='ocr_line' id='line_1_76' title="bbox 511 4388 2088 4464; baseline -0.002 -18"><span class='ocrx_word' id='word_1_492' title='bbox 511 4393 640 4460; x_wconf 89' lang='lat' dir='ltr'><strong>quia</strong></span> <span class='ocrx_word' id='word_1_493' title='bbox 664 4393 964 4449; x_wconf 85' lang='lat' dir='ltr'><strong>voluntatis</strong></span> <span class='ocrx_word' id='word_1_494' title='bbox 994 4403 1099 4449; x_wconf 69' lang='lat' dir='ltr'><strong>tute</strong></span> <span class='ocrx_word' id='word_1_495' title='bbox 1131 4395 1475 4464; x_wconf 88' lang='lat' dir='ltr'><strong>propositum</strong></span> <span class='ocrx_word' id='word_1_496' title='bbox 1515 4393 1746 4446; x_wconf 82' lang='lat' dir='ltr'><strong>fortasse</strong></span> <span class='ocrx_word' id='word_1_497' title='bbox 1775 4399 1954 4444; x_wconf 89' lang='lat' dir='ltr'><strong>metus</strong></span> <span class='ocrx_word' id='word_1_498' title='bbox 1983 4388 2088 4445; x_wconf 87' lang='lat' dir='ltr'><strong>im-</strong></span> 
     </span>
    </p>
   </div>
   <div class='ocr_carea' id='block_1_77' title="bbox 2186 3204 3761 3282">
    <p class='ocr_par' dir='ltr' id='par_1_77' title="bbox 2186 3204 3761 3282">
     <span class='ocr_line' id='line_1_77' title="bbox 2186 3204 3761 3282; baseline -0.009 -15"><span class='ocrx_word' id='word_1_499' title='bbox 2186 3211 2350 3268; x_wconf 82' lang='grc' dir='ltr'>αὑτοῦ</span> <span class='ocrx_word' id='word_1_500' title='bbox 2373 3211 2677 3282; x_wconf 85' lang='grc' dir='ltr'>γράμματα</span> <span class='ocrx_word' id='word_1_501' title='bbox 2718 3208 2986 3275; x_wconf 85' lang='grc' dir='ltr'>δεικνύει,</span> <span class='ocrx_word' id='word_1_502' title='bbox 3015 3207 3164 3278; x_wconf 77' lang='grc' dir='ltr'>ᾇπερ</span> <span class='ocrx_word' id='word_1_503' title='bbox 3198 3207 3263 3259; x_wconf 90' lang='grc' dir='ltr'><strong>ἐκ</strong></span> <span class='ocrx_word' id='word_1_504' title='bbox 3303 3208 3402 3274; x_wconf 78' lang='grc' dir='ltr'>τῆς</span> <span class='ocrx_word' id='word_1_505' title='bbox 3447 3204 3761 3272; x_wconf 80' lang='grc' dir='ltr'>Ῥωμαῖκῆς</span> 
     </span>
    </p>
   </div>
   <div class='ocr_carea' id='block_1_78' title="bbox 2187 3291 3689 3370">
    <p class='ocr_par' dir='ltr' id='par_1_78' title="bbox 2187 3291 3689 3370">
     <span class='ocr_line' id='line_1_78' title="bbox 2187 3291 3689 3370; baseline -0.006 -18"><span class='ocrx_word' id='word_1_506' title='bbox 2187 3297 2597 3370; x_wconf 76' lang='grc' dir='ltr'>μεταϐληθέντα</span> <span class='ocrx_word' id='word_1_507' title='bbox 2631 3295 2885 3366; x_wconf 80' lang='grc' dir='ltr'>γλώσσης</span> <span class='ocrx_word' id='word_1_508' title='bbox 2904 3334 2920 3358; x_wconf 93' lang='grc'><strong>,</strong></span> <span class='ocrx_word' id='word_1_509' title='bbox 2949 3294 3137 3348; x_wconf 90' lang='grc' dir='ltr'>τοῦτον</span> <span class='ocrx_word' id='word_1_510' title='bbox 3167 3293 3282 3365; x_wconf 76' lang='grc' dir='ltr'>ἔχει</span> <span class='ocrx_word' id='word_1_511' title='bbox 3311 3293 3406 3346; x_wconf 87' lang='grc' dir='ltr'>τὸν</span> <span class='ocrx_word' id='word_1_512' title='bbox 3445 3291 3648 3362; x_wconf 87' lang='grc' dir='ltr'>τρόπον</span> <span class='ocrx_word' id='word_1_513' title='bbox 3670 3303 3689 3322; x_wconf 76' lang='grc' dir='ltr'><strong><em>ο</em></strong></span> 
     </span>
    </p>
   </div>
   <div class='ocr_carea' id='block_1_79' title="bbox 2279 3404 3679 3477">
    <p class='ocr_par' dir='ltr' id='par_1_79' title="bbox 2279 3404 3679 3477">
     <span class='ocr_line' id='line_1_79' title="bbox 2279 3404 3679 3477; baseline -0.006 -13"><span class='ocrx_word' id='word_1_514' title='bbox 2279 3409 2599 3477; x_wconf 73' lang='grc' dir='ltr'>Ἐπιστολὴ</span> <span class='ocrx_word' id='word_1_515' title='bbox 2641 3409 3063 3463; x_wconf 77' lang='grc' dir='ltr'>Κωνσταντιου</span> <span class='ocrx_word' id='word_1_516' title='bbox 3107 3404 3260 3475; x_wconf 81' lang='grc' dir='ltr'>πρὸς</span> <span class='ocrx_word' id='word_1_517' title='bbox 3310 3405 3679 3460; x_wconf 78' lang='grc' dir='ltr'>Ἀθανὰσιογ.</span> 
     </span>
    </p>
   </div>
   <div class='ocr_carea' id='block_1_80' title="bbox 2187 3494 3763 3624">
    <p class='ocr_par' dir='ltr' id='par_1_80' title="bbox 2187 3494 3763 3624">
     <span class='ocr_line' id='line_1_80' title="bbox 2187 3494 3763 3624; baseline -0.008 -64"><span class='ocrx_word' id='word_1_518' title='bbox 2187 3502 2636 3568; x_wconf 80' lang='grc' dir='ltr'>Κωνστάντιος,</span> <span class='ocrx_word' id='word_1_519' title='bbox 2681 3499 3398 3624; x_wconf 54' lang='grc' dir='ltr'>Νικτέτὴὲ,ό.;ὶτῦγυυστος,</span> <span class='ocrx_word' id='word_1_520' title='bbox 3442 3494 3763 3563; x_wconf 82' lang='grc' dir='ltr'>Ἀθανασιῳ</span> 
     </span>
     <span class='ocr_line' id='line_1_81' title="bbox 2840 3587 3134 3624; baseline -0.003 -1"><span class='ocrx_word' id='word_1_521' title='bbox 2840 3587 2904 3623; x_wconf 83' lang='grc' dir='ltr'><strong>πι</strong></span> <span class='ocrx_word' id='word_1_522' title='bbox 2955 3588 2989 3622; x_wconf 78' lang='grc' dir='ltr'><strong>κ</strong></span> <span class='ocrx_word' id='word_1_523' title='bbox 3071 3588 3134 3624; x_wconf 74' lang='grc' dir='ltr'><strong>(ι).</strong></span> 
     </span>
    </p>
   </div>
   <div class='ocr_carea' id='block_1_81' title="bbox 2840 3587 3134 3635">
    <p class='ocr_par' dir='ltr' id='par_1_81' title="bbox 2840 3587 3134 3635">
     <span class='ocr_line' id='line_1_82' title="bbox 2840 3587 3134 3635; baseline -0.003 -12"><span class='ocrx_word' id='word_1_524' title='bbox 2840 3587 3134 3635; x_wconf 78' lang='grc' dir='ltr'>πισκοπῳ.</span> 
     </span>
    </p>
   </div>
   <div class='ocr_carea' id='block_1_82' title="bbox 2271 3653 3762 3730">
    <p class='ocr_par' dir='ltr' id='par_1_82' title="bbox 2271 3653 3762 3730">
     <span class='ocr_line' id='line_1_83' title="bbox 2271 3653 3762 3730; baseline -0.009 -10"><span class='ocrx_word' id='word_1_525' title='bbox 2271 3665 2397 3720; x_wconf 76' lang='grc' dir='ltr'><strong>Ἐπὶ</strong></span> <span class='ocrx_word' id='word_1_526' title='bbox 2425 3663 2561 3718; x_wconf 86' lang='grc' dir='ltr'>πολύ</span> <span class='ocrx_word' id='word_1_527' title='bbox 2592 3681 2652 3717; x_wconf 89' lang='grc' dir='ltr'><strong>σε</strong></span> <span class='ocrx_word' id='word_1_528' title='bbox 2685 3660 3108 3726; x_wconf 79' lang='grc' dir='ltr'>κλυδωνίζεσθαι</span> <span class='ocrx_word' id='word_1_529' title='bbox 3143 3658 3255 3730; x_wconf 76' lang='lat'><strong>(56)</strong></span> <span class='ocrx_word' id='word_1_530' title='bbox 3283 3658 3377 3711; x_wconf 76' lang='grc' dir='ltr'>καὶ</span> <span class='ocrx_word' id='word_1_531' title='bbox 3406 3653 3762 3728; x_wconf 78' lang='grc' dir='ltr'>χειμάζεσθαι</span> 
     </span>
    </p>
   </div>
   <div class='ocr_carea' id='block_1_83' title="bbox 2187 3746 3764 3827">
    <p class='ocr_par' dir='ltr' id='par_1_83' title="bbox 2187 3746 3764 3827">
     <span class='ocr_line' id='line_1_84' title="bbox 2187 3746 3764 3827; baseline -0.008 -17"><span class='ocrx_word' id='word_1_532' title='bbox 2187 3759 2299 3822; x_wconf 87' lang='grc' dir='ltr'>τοῖς</span> <span class='ocrx_word' id='word_1_533' title='bbox 2346 3757 2447 3827; x_wconf 82' lang='grc' dir='ltr'>τῆς</span> <span class='ocrx_word' id='word_1_534' title='bbox 2502 3756 2778 3827; x_wconf 86' lang='grc' dir='ltr'>θαλάσσης</span> <span class='ocrx_word' id='word_1_535' title='bbox 2821 3753 3024 3824; x_wconf 85' lang='grc' dir='ltr'>ὁμοίως</span> <span class='ocrx_word' id='word_1_536' title='bbox 3074 3751 3315 3823; x_wconf 81' lang='grc' dir='ltr'>κύμασιν</span> <span class='ocrx_word' id='word_1_537' title='bbox 3366 3749 3613 3820; x_wconf 82' lang='grc' dir='ltr'>ἀγρίοις,</span> <span class='ocrx_word' id='word_1_538' title='bbox 3661 3746 3764 3799; x_wconf 78' lang='grc' dir='ltr'>οὐκ</span> 
     </span>
    </p>
   </div>
   <div class='ocr_carea' id='block_1_84' title="bbox 2189 3837 3761 3920">
    <p class='ocr_par' dir='ltr' id='par_1_84' title="bbox 2189 3837 3761 3920">
     <span class='ocr_line' id='line_1_85' title="bbox 2189 3837 3761 3920; baseline -0.006 -18"><span class='ocrx_word' id='word_1_539' title='bbox 2189 3850 2401 3920; x_wconf 81' lang='grc' dir='ltr'>ἀφῆκεν</span> <span class='ocrx_word' id='word_1_540' title='bbox 2443 3851 2478 3920; x_wconf 81' lang='grc' dir='ltr'>ἠ</span> <span class='ocrx_word' id='word_1_541' title='bbox 2525 3848 2625 3918; x_wconf 77' lang='grc' dir='ltr'>τῆς</span> <span class='ocrx_word' id='word_1_542' title='bbox 2653 3845 2929 3918; x_wconf 84' lang='grc' dir='ltr'>ἡμετέρας</span> <span class='ocrx_word' id='word_1_543' title='bbox 2971 3843 3314 3916; x_wconf 76' lang='grc' dir='ltr'>ἡμερότητος</span> <span class='ocrx_word' id='word_1_544' title='bbox 3361 3837 3761 3910; x_wconf 81' lang='grc' dir='ltr'>φιλανθρωπία.</span> 
     </span>
    </p>
   </div>
   <div class='ocr_carea' id='block_1_85' title="bbox 2189 3930 3763 4010">
    <p class='ocr_par' dir='ltr' id='par_1_85' title="bbox 2189 3930 3763 4010">
     <span class='ocr_line' id='line_1_86' title="bbox 2189 3930 3763 4010; baseline -0.008 -16"><span class='ocrx_word' id='word_1_545' title='bbox 2189 3938 2551 4010; x_wconf 87' lang='grc' dir='ltr'>Γυμνωθέντα</span> <span class='ocrx_word' id='word_1_546' title='bbox 2576 3956 2636 3992; x_wconf 90' lang='grc' dir='ltr'><strong>σε</strong></span> <span class='ocrx_word' id='word_1_547' title='bbox 2660 3939 2761 4008; x_wconf 77' lang='grc' dir='ltr'>τῆς</span> <span class='ocrx_word' id='word_1_548' title='bbox 2784 3936 3046 4010; x_wconf 79' lang='grc' dir='ltr'>πατρῴας</span> <span class='ocrx_word' id='word_1_549' title='bbox 3072 3936 3286 3999; x_wconf 77' lang='grc' dir='ltr'>ἐστῐας,</span> <span class='ocrx_word' id='word_1_550' title='bbox 3314 3933 3409 3987; x_wconf 81' lang='grc' dir='ltr'>καὶ</span> <span class='ocrx_word' id='word_1_551' title='bbox 3432 3930 3763 4002; x_wconf 81' lang='grc' dir='ltr'>στερηθέντα</span> 
     </span>
    </p>
   </div>
   <div class='ocr_carea' id='block_1_86' title="bbox 2188 4020 3758 4098">
    <p class='ocr_par' dir='ltr' id='par_1_86' title="bbox 2188 4020 3758 4098">
     <span class='ocr_line' id='line_1_87' title="bbox 2188 4020 3758 4098; baseline -0.008 -14"><span class='ocrx_word' id='word_1_552' title='bbox 2188 4030 2297 4085; x_wconf 85' lang='grc' dir='ltr'><strong>τῶν</strong></span> <span class='ocrx_word' id='word_1_553' title='bbox 2333 4029 2498 4095; x_wconf 88' lang='grc' dir='ltr'>ἰδίων,</span> <span class='ocrx_word' id='word_1_554' title='bbox 2535 4030 2631 4084; x_wconf 73' lang='grc' dir='ltr'>καὶ</span> <span class='ocrx_word' id='word_1_555' title='bbox 2664 4028 3020 4098; x_wconf 83' lang='grc' dir='ltr'>πλανώμενον</span> <span class='ocrx_word' id='word_1_556' title='bbox 3049 4029 3107 4081; x_wconf 89' lang='grc' dir='ltr'><strong>ἐν</strong></span> <span class='ocrx_word' id='word_1_557' title='bbox 3141 4025 3462 4097; x_wconf 79' lang='grc' dir='ltr'>θηριώδεσιν</span> <span class='ocrx_word' id='word_1_558' title='bbox 3493 4020 3758 4084; x_wconf 83' lang='grc' dir='ltr'>ἀνοδίαις,</span> 
     </span>
    </p>
   </div>
   <div class='ocr_carea' id='block_1_87' title="bbox 2187 4114 3760 4193">
    <p class='ocr_par' dir='ltr' id='par_1_87' title="bbox 2187 4114 3760 4193">
     <span class='ocr_line' id='line_1_88' title="bbox 2187 4114 3760 4193; baseline -0.007 -17"><span class='ocrx_word' id='word_1_559' title='bbox 2187 4125 2247 4178; x_wconf 89' lang='grc' dir='ltr'><strong>ού</strong></span> <span class='ocrx_word' id='word_1_560' title='bbox 2273 4123 2527 4193; x_wconf 86' lang='grc' dir='ltr'>παρεῖδεν</span> <span class='ocrx_word' id='word_1_561' title='bbox 2566 4124 2599 4191; x_wconf 87' lang='grc' dir='ltr'>ἠ</span> <span class='ocrx_word' id='word_1_562' title='bbox 2631 4122 2916 4192; x_wconf 79' lang='grc' dir='ltr'>ἀκάματος</span> <span class='ocrx_word' id='word_1_563' title='bbox 2951 4119 3111 4191; x_wconf 83' lang='grc' dir='ltr'>ἡμῶν</span> <span class='ocrx_word' id='word_1_564' title='bbox 3142 4118 3415 4173; x_wconf 76' lang='grc' dir='ltr'>εὐσέϐεια.</span> <span class='ocrx_word' id='word_1_565' title='bbox 3449 4117 3511 4168; x_wconf 89' lang='grc' dir='ltr'><strong>Εἰ</strong></span> <span class='ocrx_word' id='word_1_566' title='bbox 3547 4114 3643 4167; x_wconf 75' lang='grc' dir='ltr'>καὶ</span> <span class='ocrx_word' id='word_1_567' title='bbox 3665 4129 3760 4166; x_wconf 72' lang='grc' dir='ltr'>τασ</span> 
     </span>
    </p>
   </div>
   <div class='ocr_carea' id='block_1_88' title="bbox 2193 4206 3760 4286">
    <p class='ocr_par' dir='ltr' id='par_1_88' title="bbox 2193 4206 3760 4286">
     <span class='ocr_line' id='line_1_89' title="bbox 2193 4206 3760 4286; baseline -0.006 -19"><span class='ocrx_word' id='word_1_568' title='bbox 2193 4214 2428 4286; x_wconf 86' lang='grc' dir='ltr'>μάλιστα</span> <span class='ocrx_word' id='word_1_569' title='bbox 2460 4213 2691 4266; x_wconf 82' lang='grc' dir='ltr'>ἐπιπολὺ</span> <span class='ocrx_word' id='word_1_570' title='bbox 2739 4211 3087 4284; x_wconf 81' lang='grc' dir='ltr'>ὑπερεθέμην</span> <span class='ocrx_word' id='word_1_571' title='bbox 3127 4210 3337 4280; x_wconf 80' lang='grc' dir='ltr'>γράψαι</span> <span class='ocrx_word' id='word_1_572' title='bbox 3379 4208 3478 4282; x_wconf 79' lang='grc' dir='ltr'>τὴν</span> <span class='ocrx_word' id='word_1_573' title='bbox 3507 4206 3760 4278; x_wconf 79' lang='grc' dir='ltr'>πρόθεσιν</span> 
     </span>
    </p>
   </div>
   <div class='ocr_carea' id='block_1_89' title="bbox 2190 4301 3762 4376">
    <p class='ocr_par' dir='ltr' id='par_1_89' title="bbox 2190 4301 3762 4376">
     <span class='ocr_line' id='line_1_90' title="bbox 2190 4301 3762 4376; baseline -0.007 -16"><span class='ocrx_word' id='word_1_574' title='bbox 2190 4310 2288 4376; x_wconf 87' lang='grc' dir='ltr'>τῆς</span> <span class='ocrx_word' id='word_1_575' title='bbox 2313 4304 2452 4376; x_wconf 78' lang='grc' dir='ltr'>ἐμῆς</span> <span class='ocrx_word' id='word_1_576' title='bbox 2487 4304 2760 4368; x_wconf 88' lang='grc' dir='ltr'>διανοίας,</span> <span class='ocrx_word' id='word_1_577' title='bbox 2791 4303 3106 4374; x_wconf 88' lang='grc' dir='ltr'>προσδοκῶν</span> <span class='ocrx_word' id='word_1_578' title='bbox 3140 4301 3460 4373; x_wconf 84' lang='grc' dir='ltr'>αὐθαίρετόν</span> <span class='ocrx_word' id='word_1_579' title='bbox 3489 4316 3548 4352; x_wconf 91' lang='grc' dir='ltr'><strong>σε</strong></span> <span class='ocrx_word' id='word_1_580' title='bbox 3581 4314 3762 4368; x_wconf 83' lang='grc' dir='ltr'><strong>παρα-⁸</strong></span> 
     </span>
    </p>
   </div>
   <div class='ocr_carea' id='block_1_90' title="bbox 2191 4389 3761 4469">
    <p class='ocr_par' dir='ltr' id='par_1_90' title="bbox 2191 4389 3761 4469">
     <span class='ocr_line' id='line_1_91' title="bbox 2191 4389 3761 4469; baseline -0.005 -20"><span class='ocrx_word' id='word_1_581' title='bbox 2191 4397 2443 4466; x_wconf 80' lang='grc' dir='ltr'>γενέσθαι</span> <span class='ocrx_word' id='word_1_582' title='bbox 2473 4397 2610 4469; x_wconf 76' lang='grc' dir='ltr'>πρὸς</span> <span class='ocrx_word' id='word_1_583' title='bbox 2640 4399 2818 4469; x_wconf 77' lang='grc' dir='ltr'>ἡμᾶς,</span> <span class='ocrx_word' id='word_1_584' title='bbox 2839 4396 2933 4450; x_wconf 75' lang='grc' dir='ltr'>καὶ</span> <span class='ocrx_word' id='word_1_585' title='bbox 2960 4395 3067 4448; x_wconf 91' lang='grc' dir='ltr'><strong>τῶν</strong></span> <span class='ocrx_word' id='word_1_586' title='bbox 3103 4395 3366 4466; x_wconf 84' lang='grc' dir='ltr'>καμάτων</span> <span class='ocrx_word' id='word_1_587' title='bbox 3395 4393 3568 4446; x_wconf 73' lang='grc' dir='ltr'>αἰτεῖν</span> <span class='ocrx_word' id='word_1_588' title='bbox 3601 4389 3761 4460; x_wconf 85' lang='grc' dir='ltr'>θερα-</span> 
     </span>
    </p>
   </div>
   <div class='ocr_carea' id='block_1_91' title="bbox 512 4478 2085 4557">
    <p class='ocr_par' dir='ltr' id='par_1_91' title="bbox 512 4478 2085 4552">
     <span class='ocr_line' id='line_1_92' title="bbox 512 4478 2085 4552; baseline -0.001 -19"><span class='ocrx_word' id='word_1_589' title='bbox 512 4482 705 4549; x_wconf 90' lang='lat' dir='ltr'><strong>pediit,</strong></span> <span class='ocrx_word' id='word_1_590' title='bbox 736 4483 944 4537; x_wconf 90' lang='lat' dir='ltr'><strong>idcirco</strong></span> <span class='ocrx_word' id='word_1_591' title='bbox 991 4485 1206 4538; x_wconf 85' lang='lat' dir='ltr'><strong>litteras</strong></span> <span class='ocrx_word' id='word_1_592' title='bbox 1248 4483 1601 4552; x_wconf 74' lang='lat' dir='ltr'><strong>indulgentia:</strong></span> <span class='ocrx_word' id='word_1_593' title='bbox 1640 4480 1984 4550; x_wconf 89' lang='lat' dir='ltr'><strong>plenissimas</strong></span> <span class='ocrx_word' id='word_1_594' title='bbox 2021 4478 2085 4533; x_wconf 90' lang='lat' dir='ltr'><strong>ad</strong></span> 
     </span>
    </p>
   </div>
   <div class='ocr_carea' id='block_1_92' title="bbox 2184 4478 3767 4557">
    <p class='ocr_par' dir='ltr' id='par_1_92' title="bbox 2199 4479 3767 4557">
     <span class='ocr_line' id='line_1_93' title="bbox 2199 4479 3767 4557; baseline -0.005 -17"><span class='ocrx_word' id='word_1_595' title='bbox 2199 4486 2394 4540; x_wconf 83' lang='grc' dir='ltr'>πείαν’</span> <span class='ocrx_word' id='word_1_596' title='bbox 2437 4487 2587 4557; x_wconf 82' lang='grc' dir='ltr'>ὅμως</span> <span class='ocrx_word' id='word_1_597' title='bbox 2626 4486 2816 4556; x_wconf 76' lang='grc' dir='ltr'>ἐπειδὴ</span> <span class='ocrx_word' id='word_1_598' title='bbox 2862 4486 2991 4549; x_wconf 76' lang='grc' dir='ltr'>ἴσως</span> <span class='ocrx_word' id='word_1_599' title='bbox 3031 4486 3060 4537; x_wconf 87' lang='grc' dir='ltr'><strong>ὁ</strong></span> <span class='ocrx_word' id='word_1_600' title='bbox 3103 4485 3266 4555; x_wconf 80' lang='grc' dir='ltr'>φόϐος</span> <span class='ocrx_word' id='word_1_601' title='bbox 3303 4482 3400 4554; x_wconf 81' lang='grc' dir='ltr'>τὴν</span> <span class='ocrx_word' id='word_1_602' title='bbox 3447 4479 3767 4552; x_wconf 79' lang='grc' dir='ltr'>προαίρεσιν</span> 
     </span>
    </p>
   </div>
   <div class='ocr_carea' id='block_1_93' title="bbox 512 4569 2085 4650">
    <p class='ocr_par' dir='ltr' id='par_1_93' title="bbox 512 4569 2085 4640">
     <span class='ocr_line' id='line_1_94' title="bbox 512 4569 2085 4640; baseline 0.001 -18"><span class='ocrx_word' id='word_1_603' title='bbox 512 4573 834 4640; x_wconf 81' lang='lat' dir='ltr'><strong>gravitatem</strong></span> <span class='ocrx_word' id='word_1_604' title='bbox 881 4581 1027 4626; x_wconf 89' lang='lat' dir='ltr'><strong>tuam</strong></span> <span class='ocrx_word' id='word_1_605' title='bbox 1059 4575 1328 4637; x_wconf 87' lang='lat' dir='ltr'><strong>misimus,</strong></span> <span class='ocrx_word' id='word_1_606' title='bbox 1362 4582 1424 4627; x_wconf 89' lang='lat' dir='ltr'><strong>ut</strong></span> <span class='ocrx_word' id='word_1_607' title='bbox 1456 4573 1662 4640; x_wconf 89' lang='lat' dir='ltr'><strong>absque</strong></span> <span class='ocrx_word' id='word_1_608' title='bbox 1705 4580 1852 4626; x_wconf 90' lang='lat' dir='ltr'><strong>metu</strong></span> <span class='ocrx_word' id='word_1_609' title='bbox 1892 4569 2085 4624; x_wconf 75' lang='lat' dir='ltr'><strong>nostris</strong></span> 
     </span>
    </p>
   </div>
   <div class='ocr_carea' id='block_1_94' title="bbox 2184 4569 3763 4650">
    <p class='ocr_par' dir='ltr' id='par_1_94' title="bbox 2188 4569 3763 4650">
     <span class='ocr_line' id='line_1_95' title="bbox 2188 4569 3763 4650; baseline -0.006 -18"><span class='ocrx_word' id='word_1_610' title='bbox 2188 4580 2288 4648; x_wconf 80' lang='grc' dir='ltr'>τῆς</span> <span class='ocrx_word' id='word_1_611' title='bbox 2313 4579 2412 4648; x_wconf 83' lang='grc' dir='ltr'>σῆς</span> <span class='ocrx_word' id='word_1_612' title='bbox 2440 4579 2748 4650; x_wconf 84' lang='grc' dir='ltr'>προθέσεως</span> <span class='ocrx_word' id='word_1_613' title='bbox 2786 4577 3059 4643; x_wconf 78' lang='grc' dir='ltr'>ἐνεπόδιζε</span> <span class='ocrx_word' id='word_1_614' title='bbox 3082 4618 3097 4642; x_wconf 95' lang='grc'><strong>,</strong></span> <span class='ocrx_word' id='word_1_615' title='bbox 3117 4575 3365 4630; x_wconf 86' lang='grc' dir='ltr'>διατοῦτο</span> <span class='ocrx_word' id='word_1_616' title='bbox 3397 4573 3604 4644; x_wconf 78' lang='grc' dir='ltr'>δωρεᾶς</span> <span class='ocrx_word' id='word_1_617' title='bbox 3627 4569 3763 4640; x_wconf 79' lang='grc' dir='ltr'>πληο</span> 
     </span>
    </p>
   </div>
   <div class='ocr_carea' id='block_1_95' title="bbox 512 4664 2096 4736">
    <p class='ocr_par' dir='ltr' id='par_1_95' title="bbox 512 4664 2096 4736">
     <span class='ocr_line' id='line_1_96' title="bbox 512 4664 2096 4736; baseline 0 -20"><span class='ocrx_word' id='word_1_618' title='bbox 512 4666 900 4732; x_wconf 71' lang='grc' dir='ltr'>εοιιεροοιίιιιιε</span> <span class='ocrx_word' id='word_1_619' title='bbox 929 4667 1274 4736; x_wconf 71' lang='lat' dir='ltr'><strong>prwsentiam</strong></span> <span class='ocrx_word' id='word_1_620' title='bbox 1319 4677 1467 4721; x_wconf 89' lang='lat' dir='ltr'><strong>tuam</strong></span> <span class='ocrx_word' id='word_1_621' title='bbox 1496 4665 1903 4734; x_wconf 84' lang='lat' dir='ltr'><strong>quamprimum</strong></span> <span class='ocrx_word' id='word_1_622' title='bbox 1941 4664 2096 4720; x_wconf 74' lang='lat' dir='ltr'><strong>exhi-</strong></span> 
     </span>
    </p>
   </div>
   <div class='ocr_carea' id='block_1_96' title="bbox 514 4753 2093 4828">
    <p class='ocr_par' dir='ltr' id='par_1_96' title="bbox 514 4753 2093 4828">
     <span class='ocr_line' id='line_1_97' title="bbox 514 4753 2093 4828; baseline 0.003 -22"><span class='ocrx_word' id='word_1_623' title='bbox 514 4753 644 4807; x_wconf 89' lang='lat' dir='ltr'><strong>bere</strong></span> <span class='ocrx_word' id='word_1_624' title='bbox 677 4754 900 4810; x_wconf 82' lang='lat' dir='ltr'><strong>festines</strong></span> <span class='ocrx_word' id='word_1_625' title='bbox 919 4797 934 4820; x_wconf 93' lang='lat'><strong>,</strong></span> <span class='ocrx_word' id='word_1_626' title='bbox 959 4773 1069 4826; x_wconf 92' lang='lat' dir='ltr'><strong>quo</strong></span> <span class='ocrx_word' id='word_1_627' title='bbox 1089 4759 1298 4812; x_wconf 88' lang='lat' dir='ltr'><strong>scilicet</strong></span> <span class='ocrx_word' id='word_1_628' title='bbox 1322 4774 1546 4828; x_wconf 85' lang='lat' dir='ltr'><strong>compos</strong></span> <span class='ocrx_word' id='word_1_629' title='bbox 1573 4767 1825 4813; x_wconf 87' lang='lat' dir='ltr'><strong>votorum</strong></span> <span class='ocrx_word' id='word_1_630' title='bbox 1852 4760 2093 4822; x_wconf 80' lang='lat' dir='ltr'><strong>tuorum,</strong></span> 
     </span>
    </p>
   </div>
   <div class='ocr_carea' id='block_1_97' title="bbox 2194 4661 3763 4740">
    <p class='ocr_par' dir='ltr' id='par_1_97' title="bbox 2194 4661 3763 4740">
     <span class='ocr_line' id='line_1_98' title="bbox 2194 4661 3763 4740; baseline -0.005 -16"><span class='ocrx_word' id='word_1_631' title='bbox 2194 4671 2424 4738; x_wconf 87' lang='grc' dir='ltr'>ρέστατα</span> <span class='ocrx_word' id='word_1_632' title='bbox 2477 4670 2782 4740; x_wconf 83' lang='grc' dir='ltr'>γράμματα</span> <span class='ocrx_word' id='word_1_633' title='bbox 2836 4670 2972 4740; x_wconf 73' lang='grc' dir='ltr'>πρὸς</span> <span class='ocrx_word' id='word_1_634' title='bbox 3024 4668 3122 4740; x_wconf 79' lang='grc' dir='ltr'>τὴν</span> <span class='ocrx_word' id='word_1_635' title='bbox 3169 4667 3266 4738; x_wconf 82' lang='grc' dir='ltr'>σὴν</span> <span class='ocrx_word' id='word_1_636' title='bbox 3317 4665 3653 4736; x_wconf 72' lang='grc' dir='ltr'>στερρότητα</span> <span class='ocrx_word' id='word_1_637' title='bbox 3685 4661 3763 4716; x_wconf 87' lang='grc' dir='ltr'>δι-</span> 
     </span>
    </p>
   </div>
   <div class='ocr_carea' id='block_1_98' title="bbox 2191 4753 3763 4830">
    <p class='ocr_par' dir='ltr' id='par_1_98' title="bbox 2191 4753 3763 4830">
     <span class='ocr_line' id='line_1_99' title="bbox 2191 4753 3763 4830; baseline -0.004 -18"><span class='ocrx_word' id='word_1_638' title='bbox 2191 4761 2586 4830; x_wconf 80' lang='grc' dir='ltr'>επεμψάμεθα·</span> <span class='ocrx_word' id='word_1_639' title='bbox 2617 4761 2703 4813; x_wconf 83' lang='grc' dir='ltr'>ἵνα</span> <span class='ocrx_word' id='word_1_640' title='bbox 2733 4760 2951 4829; x_wconf 76' lang='grc' dir='ltr'>ἀφόΰως</span> <span class='ocrx_word' id='word_1_641' title='bbox 2989 4762 3107 4821; x_wconf 88' lang='grc' dir='ltr'>ταῖς</span> <span class='ocrx_word' id='word_1_642' title='bbox 3142 4759 3436 4830; x_wconf 84' lang='grc' dir='ltr'>ἡμετέραις</span> <span class='ocrx_word' id='word_1_643' title='bbox 3465 4753 3763 4824; x_wconf 76' lang='grc' dir='ltr'>προσόψεσι</span> 
     </span>
    </p>
   </div>
   <div class='ocr_carea' id='block_1_99' title="bbox 512 4842 2085 4921">
    <p class='ocr_par' dir='ltr' id='par_1_99' title="bbox 512 4845 2085 4920">
     <span class='ocr_line' id='line_1_100' title="bbox 512 4845 2085 4920; baseline 0.003 -20"><span class='ocrx_word' id='word_1_644' title='bbox 512 4855 568 4900; x_wconf 87' lang='lat' dir='ltr'><strong>et</strong></span> <span class='ocrx_word' id='word_1_645' title='bbox 618 4845 1012 4904; x_wconf 89' lang='lat' dir='ltr'><strong>humanitatem</strong></span> <span class='ocrx_word' id='word_1_646' title='bbox 1061 4858 1306 4904; x_wconf 87' lang='lat' dir='ltr'><strong>nostram</strong></span> <span class='ocrx_word' id='word_1_647' title='bbox 1355 4859 1650 4920; x_wconf 84' lang='lat' dir='ltr'><strong>expertus,</strong></span> <span class='ocrx_word' id='word_1_648' title='bbox 1704 4850 1814 4904; x_wconf 89' lang='lat' dir='ltr'><strong>tuis</strong></span> <span class='ocrx_word' id='word_1_649' title='bbox 1868 4849 2085 4904; x_wconf 72' lang='lat' dir='ltr'><strong>sedibus</strong></span> 
     </span>
    </p>
   </div>
   <div class='ocr_carea' id='block_1_100' title="bbox 2184 4842 3760 4921">
    <p class='ocr_par' dir='ltr' id='par_1_100' title="bbox 2191 4842 3760 4921">
     <span class='ocr_line' id='line_1_101' title="bbox 2191 4842 3760 4921; baseline 0.001 -19"><span class='ocrx_word' id='word_1_650' title='bbox 2191 4852 2410 4919; x_wconf 88' lang='grc' dir='ltr'>ταχεῖαν</span> <span class='ocrx_word' id='word_1_651' title='bbox 2431 4849 2530 4921; x_wconf 73' lang='grc' dir='ltr'>τὴν</span> <span class='ocrx_word' id='word_1_652' title='bbox 2553 4848 2752 4902; x_wconf 89' lang='grc' dir='ltr'>σαυτοῦ</span> <span class='ocrx_word' id='word_1_653' title='bbox 2777 4845 3094 4919; x_wconf 63' lang='grc' dir='ltr'>παρουσίαν</span> <span class='ocrx_word' id='word_1_654' title='bbox 3105 4847 3410 4918; x_wconf 86' lang='grc' dir='ltr'>παρασχεῖν</span> <span class='ocrx_word' id='word_1_655' title='bbox 3429 4842 3760 4914; x_wconf 73' lang='grc' dir='ltr'>σπουδάσῃςν</span> 
     </span>
    </p>
   </div>
   <div class='ocr_carea' id='block_1_101' title="bbox 1721 5027 2578 5089">
    <p class='ocr_par' dir='ltr' id='par_1_101' title="bbox 1721 5027 2578 5089">
     <span class='ocr_line' id='line_1_102' title="bbox 1721 5027 2578 5089; baseline 0.006 -7"><span class='ocrx_word' id='word_1_656' title='bbox 1721 5027 1990 5083; x_wconf 77' lang='lat' dir='ltr'><strong>VALESII</strong></span> <span class='ocrx_word' id='word_1_657' title='bbox 2031 5030 2578 5089; x_wconf 82' lang='lat' dir='ltr'><strong>ANNOTATIONES.</strong></span> 
     </span>
    </p>
   </div>
   <div class='ocr_carea' id='block_1_102' title="bbox 515 5145 2086 5218">
    <p class='ocr_par' dir='ltr' id='par_1_102' title="bbox 515 5145 2086 5218">
     <span class='ocr_line' id='line_1_103' title="bbox 515 5145 2086 5218; baseline 0 -18"><span class='ocrx_word' id='word_1_658' title='bbox 515 5163 676 5218; x_wconf 83' lang='lat' dir='ltr'><strong>quam</strong></span> <span class='ocrx_word' id='word_1_659' title='bbox 693 5146 783 5218; x_wconf 83' lang='lat' dir='ltr'><strong>hic</strong></span> <span class='ocrx_word' id='word_1_660' title='bbox 807 5145 973 5218; x_wconf 84' lang='lat' dir='ltr'><strong>refert</strong></span> <span class='ocrx_word' id='word_1_661' title='bbox 995 5146 1267 5211; x_wconf 78' lang='lat' dir='ltr'><strong>Soeratcs,</strong></span> <span class='ocrx_word' id='word_1_662' title='bbox 1295 5147 1478 5203; x_wconf 72' lang='lat' dir='ltr'><strong>dubia:</strong></span> <span class='ocrx_word' id='word_1_663' title='bbox 1510 5147 1634 5204; x_wconf 85' lang='lat' dir='ltr'><strong>fidei</strong></span> <span class='ocrx_word' id='word_1_664' title='bbox 1667 5146 1803 5200; x_wconf 91' lang='lat' dir='ltr'><strong>mihi</strong></span> <span class='ocrx_word' id='word_1_665' title='bbox 1832 5145 2086 5218; x_wconf 83' lang='lat' dir='ltr'><strong>videtur:</strong></span> 
     </span>
    </p>
   </div>
   <div class='ocr_carea' id='block_1_103' title="bbox 514 5216 2089 5288">
    <p class='ocr_par' dir='ltr' id='par_1_103' title="bbox 514 5216 2089 5288">
     <span class='ocr_line' id='line_1_104' title="bbox 514 5216 2089 5288; baseline -0.002 -14"><span class='ocrx_word' id='word_1_666' title='bbox 514 5216 639 5274; x_wconf 78' lang='lat' dir='ltr'><strong>nam</strong></span> <span class='ocrx_word' id='word_1_667' title='bbox 665 5227 721 5270; x_wconf 92' lang='lat' dir='ltr'><strong>et</strong></span> <span class='ocrx_word' id='word_1_668' title='bbox 749 5217 1078 5272; x_wconf 82' lang='lat' dir='ltr'><strong>Athanasius</strong></span> <span class='ocrx_word' id='word_1_669' title='bbox 1103 5218 1304 5271; x_wconf 89' lang='lat' dir='ltr'><strong>nullam</strong></span> <span class='ocrx_word' id='word_1_670' title='bbox 1337 5218 1456 5287; x_wconf 86' lang='lat' dir='ltr'><strong>ejus</strong></span> <span class='ocrx_word' id='word_1_671' title='bbox 1481 5218 1726 5288; x_wconf 53' lang='lat' dir='ltr'><strong>epistola</strong></span> <span class='ocrx_word' id='word_1_672' title='bbox 1757 5216 2089 5271; x_wconf 89' lang='lat' dir='ltr'><strong>mentionem</strong></span> 
     </span>
    </p>
   </div>
   <div class='ocr_carea' id='block_1_104' title="bbox 519 5288 2090 5356">
    <p class='ocr_par' dir='ltr' id='par_1_104' title="bbox 519 5288 2090 5356">
     <span class='ocr_line' id='line_1_105' title="bbox 519 5288 2090 5356; baseline -0.001 -14"><span class='ocrx_word' id='word_1_673' title='bbox 519 5289 682 5348; x_wconf 81' lang='lat' dir='ltr'><strong>facit,</strong></span> <span class='ocrx_word' id='word_1_674' title='bbox 720 5297 774 5339; x_wconf 91' lang='lat' dir='ltr'><strong>et</strong></span> <span class='ocrx_word' id='word_1_675' title='bbox 813 5303 1010 5340; x_wconf 88' lang='lat' dir='ltr'><strong>nomen</strong></span> <span class='ocrx_word' id='word_1_676' title='bbox 1039 5288 1212 5350; x_wconf 84' lang='lat' dir='ltr'><strong>Pauli,</strong></span> <span class='ocrx_word' id='word_1_677' title='bbox 1243 5289 1390 5356; x_wconf 88' lang='lat' dir='ltr'><strong>quod</strong></span> <span class='ocrx_word' id='word_1_678' title='bbox 1443 5288 1500 5341; x_wconf 90' lang='lat' dir='ltr'><strong>in</strong></span> <span class='ocrx_word' id='word_1_679' title='bbox 1543 5305 1610 5343; x_wconf 90' lang='lat' dir='ltr'><strong>ea</strong></span> <span class='ocrx_word' id='word_1_680' title='bbox 1656 5295 1852 5349; x_wconf 77' lang='lat' dir='ltr'><strong>exstat,</strong></span> <span class='ocrx_word' id='word_1_681' title='bbox 1892 5288 2090 5342; x_wconf 89' lang='lat' dir='ltr'><strong>merito</strong></span> 
     </span>
    </p>
   </div>
   <div class='ocr_carea' id='block_1_105' title="bbox 516 5357 2088 5426">
    <p class='ocr_par' dir='ltr' id='par_1_105' title="bbox 516 5357 2088 5426">
     <span class='ocr_line' id='line_1_106' title="bbox 516 5357 2088 5426; baseline -0.003 -12"><span class='ocrx_word' id='word_1_682' title='bbox 516 5364 824 5426; x_wconf 83' lang='lat' dir='ltr'><strong>suspectam</strong></span> <span class='ocrx_word' id='word_1_683' title='bbox 883 5357 1064 5410; x_wconf 89' lang='lat' dir='ltr'><strong>reddit</strong></span> <span class='ocrx_word' id='word_1_684' title='bbox 1103 5357 1408 5425; x_wconf 83' lang='lat' dir='ltr'><strong>epistolam.</strong></span> <span class='ocrx_word' id='word_1_685' title='bbox 1462 5358 1663 5412; x_wconf 87' lang='lat' dir='ltr'><strong>Paulus</strong></span> <span class='ocrx_word' id='word_1_686' title='bbox 1693 5357 1840 5410; x_wconf 85' lang='lat' dir='ltr'><strong>enim</strong></span> <span class='ocrx_word' id='word_1_687' title='bbox 1873 5357 2088 5426; x_wconf 85' lang='lat' dir='ltr'><strong>episco-</strong></span> 
     </span>
    </p>
   </div>
   <div class='ocr_carea' id='block_1_106' title="bbox 515 5427 2088 5508">
    <p class='ocr_par' dir='ltr' id='par_1_106' title="bbox 515 5427 2088 5508">
     <span class='ocr_line' id='line_1_107' title="bbox 515 5427 2088 5508; baseline 0 -26"><span class='ocrx_word' id='word_1_688' title='bbox 515 5435 642 5508; x_wconf 83' lang='lat' dir='ltr'><strong>patu</strong></span> <span class='ocrx_word' id='word_1_689' title='bbox 669 5435 936 5508; x_wconf 64' lang='lat' dir='ltr'><strong>suotunc</strong></span> <span class='ocrx_word' id='word_1_690' title='bbox 982 5428 1328 5508; x_wconf 73' lang='lat' dir='ltr'><strong>potiebatur;</strong></span> <span class='ocrx_word' id='word_1_691' title='bbox 1363 5443 1475 5508; x_wconf 87' lang='lat' dir='ltr'><strong>nec</strong></span> <span class='ocrx_word' id='word_1_692' title='bbox 1519 5427 1840 5508; x_wconf 77' lang='lat' dir='ltr'><strong>Serdiccnsi</strong></span> <span class='ocrx_word' id='word_1_693' title='bbox 1882 5429 2088 5508; x_wconf 79' lang='lat' dir='ltr'><strong>synodo</strong></span> 
     </span>
    </p>
   </div>
   <div class='ocr_carea' id='block_1_107' title="bbox 519 5496 2086 5566">
    <p class='ocr_par' dir='ltr' id='par_1_107' title="bbox 519 5496 2086 5566">
     <span class='ocr_line' id='line_1_108' title="bbox 519 5496 2086 5566; baseline -0.001 -14"><span class='ocrx_word' id='word_1_694' title='bbox 519 5496 798 5561; x_wconf 77' lang='lat' dir='ltr'><strong>interfuit,</strong></span> <span class='ocrx_word' id='word_1_695' title='bbox 821 5513 1001 5566; x_wconf 86' lang='lat' dir='ltr'><strong>neque</strong></span> <span class='ocrx_word' id='word_1_696' title='bbox 1033 5498 1152 5566; x_wconf 88' lang='lat' dir='ltr'><strong>ejus</strong></span> <span class='ocrx_word' id='word_1_697' title='bbox 1188 5496 1412 5551; x_wconf 82' lang='lat' dir='ltr'><strong>decreto</strong></span> <span class='ocrx_word' id='word_1_698' title='bbox 1437 5499 1724 5551; x_wconf 87' lang='lat' dir='ltr'><strong>restitutus</strong></span> <span class='ocrx_word' id='word_1_699' title='bbox 1765 5504 1868 5559; x_wconf 83' lang='lat' dir='ltr'><strong>est,</strong></span> <span class='ocrx_word' id='word_1_700' title='bbox 1896 5496 1955 5550; x_wconf 84' lang='lat' dir='ltr'><strong>ut</strong></span> <span class='ocrx_word' id='word_1_701' title='bbox 1993 5514 2086 5552; x_wconf 90' lang='lat' dir='ltr'><strong>su-</strong></span> 
     </span>
    </p>
   </div>
   <div class='ocr_carea' id='block_1_108' title="bbox 515 5567 2086 5639">
    <p class='ocr_par' dir='ltr' id='par_1_108' title="bbox 515 5567 2086 5639">
     <span class='ocr_line' id='line_1_109' title="bbox 515 5567 2086 5639; baseline -0.001 -18"><span class='ocrx_word' id='word_1_702' title='bbox 515 5569 704 5639; x_wconf 81' lang='lat' dir='ltr'><strong>perius</strong></span> <span class='ocrx_word' id='word_1_703' title='bbox 747 5567 1132 5622; x_wconf 87' lang='lat' dir='ltr'><strong>demonstravi.</strong></span> <span class='ocrx_word' id='word_1_704' title='bbox 1167 5567 1345 5639; x_wconf 73' lang='lat' dir='ltr'><strong>Quare</strong></span> <span class='ocrx_word' id='word_1_705' title='bbox 1391 5567 1435 5620; x_wconf 91' lang='lat' dir='ltr'><strong>si</strong></span> <span class='ocrx_word' id='word_1_706' title='bbox 1483 5567 1597 5620; x_wconf 62' lang='lat' dir='ltr'><strong>hate</strong></span> <span class='ocrx_word' id='word_1_707' title='bbox 1623 5567 1936 5639; x_wconf 76' lang='lat' dir='ltr'><strong>Constantis</strong></span> <span class='ocrx_word' id='word_1_708' title='bbox 1970 5567 2086 5639; x_wconf 74' lang='lat' dir='ltr'><strong>cpi-</strong></span> 
     </span>
    </p>
   </div>
   <div class='ocr_carea' id='block_1_109' title="bbox 519 5634 2084 5705">
    <p class='ocr_par' dir='ltr' id='par_1_109' title="bbox 519 5634 2084 5705">
     <span class='ocr_line' id='line_1_110' title="bbox 519 5634 2084 5705; baseline -0.003 -11"><span class='ocrx_word' id='word_1_709' title='bbox 519 5634 658 5694; x_wconf 59' lang='lat' dir='ltr'><strong>Stola</strong></span> <span class='ocrx_word' id='word_1_710' title='bbox 684 5655 812 5694; x_wconf 88' lang='lat' dir='ltr'><strong>vera</strong></span> <span class='ocrx_word' id='word_1_711' title='bbox 849 5649 952 5702; x_wconf 78' lang='lat' dir='ltr'><strong>est,</strong></span> <span class='ocrx_word' id='word_1_712' title='bbox 986 5645 1110 5692; x_wconf 87' lang='lat' dir='ltr'><strong>ante</strong></span> <span class='ocrx_word' id='word_1_713' title='bbox 1142 5637 1521 5692; x_wconf 84' lang='lat' dir='ltr'><strong>Serdicensem</strong></span> <span class='ocrx_word' id='word_1_714' title='bbox 1561 5634 1830 5704; x_wconf 82' lang='lat' dir='ltr'><strong>synodum</strong></span> <span class='ocrx_word' id='word_1_715' title='bbox 1880 5634 2084 5705; x_wconf 80' lang='lat' dir='ltr'><strong>scripta</strong></span> 
     </span>
    </p>
   </div>
   <div class='ocr_carea' id='block_1_110' title="bbox 516 5705 2082 5778">
    <p class='ocr_par' dir='ltr' id='par_1_110' title="bbox 516 5705 2082 5778">
     <span class='ocr_line' id='line_1_111' title="bbox 516 5705 2082 5778; baseline -0.003 -15"><span class='ocrx_word' id='word_1_716' title='bbox 516 5707 685 5764; x_wconf 87' lang='lat' dir='ltr'><strong>fuerit</strong></span> <span class='ocrx_word' id='word_1_717' title='bbox 709 5725 931 5766; x_wconf 87' lang='lat' dir='ltr'><strong>necesse</strong></span> <span class='ocrx_word' id='word_1_718' title='bbox 972 5716 1073 5766; x_wconf 83' lang='lat' dir='ltr'><strong>est.</strong></span> <span class='ocrx_word' id='word_1_719' title='bbox 1106 5706 1350 5778; x_wconf 81' lang='lat' dir='ltr'><strong>Denique</strong></span> <span class='ocrx_word' id='word_1_720' title='bbox 1385 5706 1544 5776; x_wconf 82' lang='lat' dir='ltr'><strong>epist.</strong></span> <span class='ocrx_word' id='word_1_721' title='bbox 1599 5705 1621 5759; x_wconf 79' lang='grc' dir='ltr'><strong>Ι</strong></span> <span class='ocrx_word' id='word_1_722' title='bbox 1673 5705 1975 5763; x_wconf 83' lang='lat' dir='ltr'><strong>Constantii</strong></span> <span class='ocrx_word' id='word_1_723' title='bbox 2017 5706 2082 5764; x_wconf 82' lang='lat' dir='ltr'><strong>ad</strong></span> 
     </span>
    </p>
   </div>
   <div class='ocr_carea' id='block_1_111' title="bbox 2193 5142 3761 5216">
    <p class='ocr_par' dir='ltr' id='par_1_111' title="bbox 2193 5142 3761 5216">
     <span class='ocr_line' id='line_1_112' title="bbox 2193 5142 3761 5216; baseline -0.006 -9"><span class='ocrx_word' id='word_1_724' title='bbox 2193 5150 2572 5211; x_wconf 82' lang='lat' dir='ltr'><strong>Athanasium,</strong></span> <span class='ocrx_word' id='word_1_725' title='bbox 2608 5163 2770 5216; x_wconf 89' lang='lat' dir='ltr'><strong>quam</strong></span> <span class='ocrx_word' id='word_1_726' title='bbox 2803 5162 2926 5201; x_wconf 83' lang='lat' dir='ltr'><strong>mox</strong></span> <span class='ocrx_word' id='word_1_727' title='bbox 2956 5147 3122 5202; x_wconf 89' lang='lat' dir='ltr'><strong>refert</strong></span> <span class='ocrx_word' id='word_1_728' title='bbox 3145 5147 3420 5208; x_wconf 82' lang='lat' dir='ltr'><strong>Socrates,</strong></span> <span class='ocrx_word' id='word_1_729' title='bbox 3445 5145 3585 5216; x_wconf 89' lang='lat' dir='ltr'><strong>hanc</strong></span> <span class='ocrx_word' id='word_1_730' title='bbox 3614 5142 3761 5198; x_wconf 85' lang='lat' dir='ltr'><strong>Con-</strong></span> 
     </span>
    </p>
   </div>
   <div class='ocr_carea' id='block_1_112' title="bbox 2193 5215 3760 5289">
    <p class='ocr_par' dir='ltr' id='par_1_112' title="bbox 2193 5215 3760 5289">
     <span class='ocr_line' id='line_1_113' title="bbox 2193 5215 3760 5289; baseline -0.004 -17"><span class='ocrx_word' id='word_1_731' title='bbox 2193 5220 2391 5274; x_wconf 83' lang='lat' dir='ltr'><strong>stantis</strong></span> <span class='ocrx_word' id='word_1_732' title='bbox 2407 5215 2691 5289; x_wconf 83' lang='lat' dir='ltr'><strong>epistolam</strong></span> <span class='ocrx_word' id='word_1_733' title='bbox 2720 5218 2841 5289; x_wconf 81' lang='lat' dir='ltr'><strong>falsi</strong></span> <span class='ocrx_word' id='word_1_734' title='bbox 2869 5218 3163 5271; x_wconf 83' lang='lat' dir='ltr'><strong>convincit.</strong></span> <span class='ocrx_word' id='word_1_735' title='bbox 3196 5216 3288 5289; x_wconf 77' lang='lat' dir='ltr'><strong>Ait</strong></span> <span class='ocrx_word' id='word_1_736' title='bbox 3315 5217 3461 5270; x_wconf 87' lang='lat' dir='ltr'><strong>enim</strong></span> <span class='ocrx_word' id='word_1_737' title='bbox 3487 5215 3760 5270; x_wconf 83' lang='lat' dir='ltr'><strong>Constan-</strong></span> 
     </span>
    </p>
   </div>
   <div class='ocr_carea' id='block_1_113' title="bbox 2189 5287 3764 5355">
    <p class='ocr_par' dir='ltr' id='par_1_113' title="bbox 2189 5287 3764 5355">
     <span class='ocr_line' id='line_1_114' title="bbox 2189 5287 3764 5355; baseline -0.003 -13"><span class='ocrx_word' id='word_1_738' title='bbox 2189 5289 2297 5343; x_wconf 89' lang='lat' dir='ltr'><strong>tius</strong></span> <span class='ocrx_word' id='word_1_739' title='bbox 2342 5305 2400 5344; x_wconf 91' lang='lat' dir='ltr'><strong>se</strong></span> <span class='ocrx_word' id='word_1_740' title='bbox 2442 5287 2648 5345; x_wconf 87' lang='lat' dir='ltr'><strong>litteris</strong></span> <span class='ocrx_word' id='word_1_741' title='bbox 2697 5287 2764 5340; x_wconf 94' lang='lat' dir='ltr'><strong>ad</strong></span> <span class='ocrx_word' id='word_1_742' title='bbox 2820 5287 3044 5341; x_wconf 87' lang='lat' dir='ltr'><strong>fratrem</strong></span> <span class='ocrx_word' id='word_1_743' title='bbox 3101 5287 3322 5355; x_wconf 91' lang='lat' dir='ltr'><strong>scriptis</strong></span> <span class='ocrx_word' id='word_1_744' title='bbox 3384 5299 3642 5355; x_wconf 84' lang='lat' dir='ltr'><strong>rogasse,</strong></span> <span class='ocrx_word' id='word_1_745' title='bbox 3700 5292 3764 5338; x_wconf 85' lang='lat' dir='ltr'><strong>ut</strong></span> 
     </span>
    </p>
   </div>
   <div class='ocr_carea' id='block_1_114' title="bbox 2191 5355 3546 5426">
    <p class='ocr_par' dir='ltr' id='par_1_114' title="bbox 2191 5355 3546 5426">
     <span class='ocr_line' id='line_1_115' title="bbox 2191 5355 3546 5426; baseline -0.004 -12"><span class='ocrx_word' id='word_1_746' title='bbox 2191 5359 2490 5416; x_wconf 84' lang='lat' dir='ltr'><strong>Athanasio</strong></span> <span class='ocrx_word' id='word_1_747' title='bbox 2507 5359 2580 5426; x_wconf 83' lang='lat' dir='ltr'><strong>&#39;ad</strong></span> <span class='ocrx_word' id='word_1_748' title='bbox 2603 5374 2702 5412; x_wconf 90' lang='lat' dir='ltr'><strong>sua</strong></span> <span class='ocrx_word' id='word_1_749' title='bbox 2730 5357 2993 5412; x_wconf 90' lang='lat' dir='ltr'><strong>redeundi</strong></span> <span class='ocrx_word' id='word_1_750' title='bbox 3021 5365 3342 5426; x_wconf 85' lang='lat' dir='ltr'><strong>potestatem</strong></span> <span class='ocrx_word' id='word_1_751' title='bbox 3371 5355 3546 5409; x_wconf 78' lang='lat' dir='ltr'><strong>daret.</strong></span> 
     </span>
    </p>
   </div>
   <div class='ocr_carea' id='block_1_115' title="bbox 2261 5424 3771 5500">
    <p class='ocr_par' dir='ltr' id='par_1_115' title="bbox 2261 5424 3771 5500">
     <span class='ocr_line' id='line_1_116' title="bbox 2261 5424 3771 5500; baseline 0 -22"><span class='ocrx_word' id='word_1_752' title='bbox 2261 5428 2371 5500; x_wconf 75' lang='lat'><strong>(56)</strong></span> <span class='ocrx_word' id='word_1_753' title='bbox 2410 5425 2542 5483; x_wconf 80' lang='grc' dir='ltr'><strong>Ἐπὶ</strong></span> <span class='ocrx_word' id='word_1_754' title='bbox 2588 5427 2749 5500; x_wconf 63' lang='grc' dir='ltr'>πολύ</span> <span class='ocrx_word' id='word_1_755' title='bbox 2809 5442 2881 5479; x_wconf 81' lang='grc' dir='ltr'><strong>σε</strong></span> <span class='ocrx_word' id='word_1_756' title='bbox 2918 5424 3396 5500; x_wconf 58' lang='grc' dir='ltr'>κλρδῳνίζὲᾳραι.</span> <span class='ocrx_word' id='word_1_757' title='bbox 3456 5427 3578 5480; x_wconf 69' lang='lat' dir='ltr'><strong>llaec</strong></span> <span class='ocrx_word' id='word_1_758' title='bbox 3615 5424 3771 5500; x_wconf 63' lang='lat' dir='ltr'><strong>Con—</strong></span> 
     </span>
    </p>
   </div>
   <div class='ocr_carea' id='block_1_116' title="bbox 2190 5495 3758 5568">
    <p class='ocr_par' dir='ltr' id='par_1_116' title="bbox 2190 5495 3758 5568">
     <span class='ocr_line' id='line_1_117' title="bbox 2190 5495 3758 5568; baseline -0.003 -15"><span class='ocrx_word' id='word_1_759' title='bbox 2190 5495 2374 5553; x_wconf 65' lang='lat' dir='ltr'><strong>sla&#39;ntii</strong></span> <span class='ocrx_word' id='word_1_760' title='bbox 2407 5499 2635 5568; x_wconf 87' lang='lat' dir='ltr'><strong>epistola</strong></span> <span class='ocrx_word' id='word_1_761' title='bbox 2669 5512 2773 5568; x_wconf 89' lang='lat' dir='ltr'><strong>una</strong></span> <span class='ocrx_word' id='word_1_762' title='bbox 2819 5511 2944 5568; x_wconf 90' lang='lat' dir='ltr'><strong>cum</strong></span> <span class='ocrx_word' id='word_1_763' title='bbox 2975 5496 3194 5568; x_wconf 73' lang='lat' dir='ltr'><strong>duabus</strong></span> <span class='ocrx_word' id='word_1_764' title='bbox 3229 5496 3352 5568; x_wconf 82' lang='lat' dir='ltr'><strong>aliis</strong></span> <span class='ocrx_word' id='word_1_765' title='bbox 3381 5495 3758 5568; x_wconf 76' lang='lat' dir='ltr'><strong>sequentibus,</strong></span> 
     </span>
    </p>
   </div>
   <div class='ocr_carea' id='block_1_117' title="bbox 2191 5563 3759 5630">
    <p class='ocr_par' dir='ltr' id='par_1_117' title="bbox 2191 5563 3759 5630">
     <span class='ocr_line' id='line_1_118' title="bbox 2191 5563 3759 5630; baseline 0.001 -8"><span class='ocrx_word' id='word_1_766' title='bbox 2191 5563 2457 5622; x_wconf 70' lang='lat' dir='ltr'><strong>refertur&#39;</strong></span> <span class='ocrx_word' id='word_1_767' title='bbox 2490 5568 2559 5624; x_wconf 85' lang='lat' dir='ltr'><strong>ab</strong></span> <span class='ocrx_word' id='word_1_768' title='bbox 2607 5567 2903 5625; x_wconf 85' lang='lat' dir='ltr'><strong>Athanasio</strong></span> <span class='ocrx_word' id='word_1_769' title='bbox 2970 5567 3025 5623; x_wconf 86' lang='lat' dir='ltr'><strong>in</strong></span> <span class='ocrx_word' id='word_1_770' title='bbox 3095 5565 3418 5625; x_wconf 87' lang='lat' dir='ltr'><strong>Defensione</strong></span> <span class='ocrx_word' id='word_1_771' title='bbox 3463 5563 3714 5623; x_wconf 79' lang='lat' dir='ltr'><strong>secunda</strong></span> <span class='ocrx_word' id='word_1_772' title='bbox 3740 5601 3759 5630; x_wconf 82' lang='grc'><strong>,</strong></span> 
     </span>
    </p>
   </div>
   <div class='ocr_carea' id='block_1_118' title="bbox 2191 5639 2470 5709">
    <p class='ocr_par' dir='ltr' id='par_1_118' title="bbox 2191 5639 2470 5709">
     <span class='ocr_line' id='line_1_119' title="bbox 2191 5639 2470 5709; baseline 0.018 -18"><span class='ocrx_word' id='word_1_773' title='bbox 2191 5653 2310 5709; x_wconf 76' lang='lat' dir='ltr'><strong>pag.</strong></span> <span class='ocrx_word' id='word_1_774' title='bbox 2348 5639 2470 5695; x_wconf 87' lang='lat'><strong>769.</strong></span> 
     </span>
    </p>
   </div>
   <div class='ocr_carea' id='block_1_119' title="bbox 2928 5825 3072 5845">
    <p class='ocr_par' dir='ltr' id='par_1_119' title="bbox 2928 5825 3072 5845">
     <span class='ocr_line' id='line_1_120' title="bbox 2928 5825 3072 5845; baseline -0.056 0"><span class='ocrx_word' id='word_1_775' title='bbox 2928 5837 2980 5845; x_wconf 64' lang='grc' dir='ltr'><strong>..α</strong></span> <span class='ocrx_word' id='word_1_776' title='bbox 3012 5825 3072 5840; x_wconf 48' lang='grc'><strong>..4-</strong></span> 
     </span>
    </p>
   </div>
  </div>
