4078 6210
292 195 403 254 253

1278 212 1602 271 HISTORIA
1636 214 2191 276 ECCLESIASTICA.
2228 251 2299 261 —-
2338 221 2472 278 LIB.
2516 222 2581 278 ll.

3443 242 3551 301 956

287 320 460 375 πολλά
502 320 819 421 πειρασθεὶς
870 321 1022 396 (62),
1060 324 1160 398 τὴν
1219 329 1526 401 σκευωρίαν
1552 331 1734 387 πᾶσαν
1763 331 1855 403 τῆς

1963 344 2194 393 cunctas
2235 337 2456 398 Arianae
2494 342 2769 399 haereseos
2804 341 3032 402 insidias
3063 350 3441 421 conculcavit;
3483 371 3549 412 ac

298 412 587 485 Ἀρειανῆς
631 412 900 485 αἱρέσεως
937 416 1284 489 κατεπάτησε
1304 456 1323 484 ,
1355 420 1451 475 καὶ
1488 418 1748 485 πολλάκις
1776 420 1866 475 διὰ

287 502 483 572 φθόνον
512 504 607 557 καὶ
633 504 715 568 είς
746 503 991 560 κίνδυνον
1022 507 1459 575 ἐπιϐουλευθεὶς,
1492 511 1863 583 κατεφρόνησε

286 593 518 648 θανάτου
539 634 555 661 ,
581 595 992 667 φρουρούμενος
1010 596 1116 651 ὑπὸ
1136 596 1231 652 τοῦ
1251 601 1692 673 παντοκράτορος
1708 601 1863 668 Θεοῦ,

284 684 377 741 κα)⁸
416 685 512 740 τοῦ
541 688 749 759 Κυρίου
782 689 943 759 ήμῶν
983 690 1157 761 Ἰησοῦ
1186 691 1426 764 Χριστοῦ
1447 708 1463 725 ’
1489 692 1727 757 ἐλπίζων
1747 690 1865 764 ἅμα

284 780 378 833 καὶ
420 780 521 843 τὰς
566 778 865 846 ἐπιϐουλὰς
909 781 1210 847 ἐκκλίνειν,
1260 782 1357 837 καὶ
1410 783 1864 858 άποκατασταθή-

284 870 473 926 σεσθαι
496 869 637 941 πρὸς
665 870 939 943 ὑμετέραν
972 873 1318 946 παράκλησιν
1336 915 1352 940 ,
1378 875 1561 947 φέρων
1589 874 1718 947 ὑμῖν
1744 874 1865 947 ἅμα

281 961 345 1015 ὲκ
370 960 474 1032 τῆς
503 960 779 1031 ὑμετέρας
833 962 1198 1035 συνειδήσεως
1245 962 1467 1034 μείζονα
1494 963 1563 1019 τὰ
1603 964 1859 1035 τρόπαια.

292 1054 382 1109 Ἐν
408 1049 497 1119 οἷς
535 1056 635 1110 καὶ
678 1054 808 1127 ἄχρι
833 1056 1120 1128 τερμάτων
1161 1059 1343 1131 πάσης
1382 1058 1483 1129 τῆς
1514 1058 1621 1137 γῆς
1653 1057 1864 1126 ἔνδοξος

281 1144 531 1218 ἐγνώσθη
551 1186 569 1211 ,
596 1146 951 1218 δοκιμασθεὶς
987 1148 1052 1202 ὲκ
1090 1148 1184 1202 τοῦ
1216 1148 1332 1220 βίου
1351 1188 1367 1214 ,
1401 1149 1860 1223 παρρησιασάμε-

279 1255 371 1302 νος
409 1237 514 1309 μὲν
562 1240 629 1310 τῇ
678 1239 939 1308 προθέσει
989 1238 1082 1294 καὶ
1131 1242 1200 1312 τῇ
1221 1240 1451 1313 οὐρανίᾳ
1498 1240 1856 1312 διδασκαλίαν

282 1329 623 1401 ἀποδειχθεὶς
665 1331 723 1385 δὲ
767 1331 1023 1403 ἀθανάτῳ
1061 1333 1237 1404 κρίσει
1273 1335 1401 1406 παρ’
1440 1333 1596 1405 ὑμῶν
1632 1332 1861 1404 ἀγαπῶ·

1967 443 2111 499 saepe
2139 445 2239 500 per
2280 432 2543 492 invidiam
2581 436 2917 506 fraudesque
2955 437 3304 498 inimicorum
3341 445 3396 500 in
3426 449 3551 506 vita

1964 516 2263 575 discrimen
2297 519 2596 589 adductus,
2632 533 2865 581 mortem
2900 531 3258 599 contempsit,
3299 537 3552 607 omnipo-

1966 610 2133 665 tentis
2171 612 2266 667 Dei
2300 618 2357 669 et
2392 610 2522 671 Jesu
2564 616 2767 671 Christi
2809 617 3026 672 Domini
3071 621 3248 675 nostri
3293 626 3547 692 praesidio

1965 701 2212 758 munitus
2239 720 2251 732 ·
2278 705 2562 763 conlidens
2581 707 2833 763 futurum
2852 716 2914 763 ut
2941 724 3053 765 non
3082 711 3261 766 solum
3290 714 3547 773 inimico-

1963 806 2088 847 rum
2116 793 2345 851 insidias
2367 796 2655 870 eli‘ugeret,
2687 814 2882 854 verum
2928 800 3099 857 etiam
3127 802 3286 858 vobis
3321 805 3387 858 ad
3416 821 3550 861 eon-

1961 884 2288 943 solationem
2306 896 2548 944 vestram
2580 890 2997 959 restitueretur,
3028 894 3235 964 majora
3258 895 3544 952 vobiscum

1963 983 2166 1048 tropaea
2204 978 2450 1035 referens
2487 997 2555 1036 ex
2596 983 2932 1039 conscientia
2978 996 3128 1039 recte
3152 984 3442 1041 factorum.
3467 988 3547 1044 Ex

1961 1068 2164 1139 quibus
2190 1069 2259 1125 ad
2287 1076 2566 1128 extremos
2603 1089 2780 1143 usque
2810 1082 3084 1130 terrarum
3113 1074 3252 1132 lines
3273 1077 3548 1147 gloriosus

1961 1157 2223 1225 innotuit,
2245 1160 2318 1216 ob
2337 1161 2461 1216 vita!
2486 1161 2854 1233 integritatem
2872 1164 3157 1234 probatus,
3185 1174 3242 1221 et
3262 1167 3316 1222 in
3341 1183 3544 1240 propo-

1958 1250 2068 1309 sito
2093 1251 2316 1321 quidem
2352 1253 2525 1308 animi
2547 1253 2633 1309 sui
2658 1255 2981 1326 caelestique
3002 1257 3254 1314 doctrina
3288 1260 3545 1317 fiduciam

1958 1356 2157 1413 gerens
2192 1358 2206 1397 :
2232 1352 2420 1400 vestro
2442 1350 2625 1401 autem
2649 1346 2921 1401 constanti
2963 1361 3028 1402 ac
3048 1357 3314 1419 perpetuo
3331 1350 3545 1421 judicio

285 1441 468 1496 μενος.
514 1422 906 1496 Ἐωνὲρχεται
934 1423 1220 1495 τοιγαροῦν
1245 1423 1381 1495 πρὸς
1409 1424 1585 1495 ὑμᾶς,
1620 1423 1855 1495 λαμπρό-

1958 1434 2193 1491 dilectus
2216 1442 2379 1505 atque
2398 1435 2701 1491 adamatus.
2736 1436 2898 1491 Redit
2913 1454 3044 1509 ergo
3071 1438 3162 1494 ille
3188 1455 3335 1496 nunc
3359 1443 3427 1497 ad
3446 1458 3547 1498 vos
3638 1500 3651 1510 ,

279 1527 438 1584 τερος
464 1511 561 1566 νῦν
589 1510 623 1584 ἢ
647 1515 738 1568 ὅτε
779 1512 913 1586 παρ’
943 1511 1097 1585 ὑμῶν
1122 1513 1493 1586 ἀπεδήμησεν.
1528 1514 1593 1569 Εί
1622 1515 1732 1586 γὰρ
1761 1514 1855 1570 καὶ

1957 1522 2310 1594 splendidior,
2328 1541 2492 1595 quam
2509 1541 2634 1580 cum
2649 1541 2682 1580 a
2697 1526 2855 1582 vobis
2868 1527 3193 1585 discederet.
3208 1530 3342 1586 Nam
3354 1532 3397 1587 si
3414 1548 3542 1602 pre-

275 1604 375 1669 τὶις
404 1602 592 1675 τιμίας
620 1601 784 1667 ὕλας,
815 1603 1019 1675 χρυσὸν
1044 1604 1107 1676 δὴ
1146 1604 1291 1674 λέγω
1329 1607 1424 1661 καὶ
1466 1607 1741 1678 ἄργυρον,
1774 1611 1855 1675 είς

1960 1614 2099 1671 tiosa
2124 1616 2360 1683 metalla,
2378 1632 2575 1672 aurum
2591 1617 2717 1672 dico
2735 1625 2792 1674 et
2806 1627 3114 1690 argentum,
3135 1622 3275 1693 ignis
3297 1601 3545 1694 explorat

278 1694 627 1767 καθαρότητα
654 1696 718 1748 τὸ
752 1694 868 1768 πῦρ
910 1695 1228 1767 δοκιμάζει,
1252 1696 1306 1751 τί
1334 1697 1401 1752 άν
1430 1715 1514 1762 τις
1556 1699 1705 1752 είποι
1733 1700 1855 1755 κατ’

1957 1719 2022 1759 ac
2033 1712 2250 1775 purgat,
2273 1705 2408 1775 quid
2427 1705 2495 1761 de
2512 1711 2665 1760 tanta
2680 1707 2804 1761 viro
2817 1684 2919 1778 prb
2941 1684 3209 1780 dignitate
3224 1710 3333 1767 dici
3347 1684 3541 1783 possit,

276 1786 439 1852 ἀξίαν
478 1784 575 1841 τοῦ
614 1788 875 1841 τοσούτου
924 1788 1118 1858 ἀνδρὸς
1138 1827 1155 1853 ,
1200 1785 1260 1851 ὃς
1310 1787 1583 1843 τοσούτων
1621 1787 1855 1858 θλίψεων

1957 1795 2053 1866 qui
2090 1803 2171 1851 tot
2206 1796 2364 1851 malis
2400 1796 2773 1867 periculisque
2811 1801 3104 1869 superatis,
3144 1816 3293 1857 nunc
3322 1803 3541 1858 tandem

276 1879 460 1952 πυράν
478 1920 494 1943 ,
524 1880 619 1934 καὶ
652 1879 943 1943 τοσούτους
974 1878 1251 1944 κινδύνους
1280 1880 1393 1949 (63)
1422 1882 1684 1953 νικήσας,
1714 1883 1853 1937 άπο-

274 1969 484 2027 δίδοται
507 1971 601 2026 νῦν
645 1973 772 2042 ὑμῖν
803 1968 1013 2036 ἁθῶος,
1061 1971 1122 2026 οὑ
1154 1970 1284 2040 παρ’
1304 1970 1462 2042 ἡμῶν
1493 1973 1688 2046 μόνον,
1717 1974 1856 2029 ἀλλὰ

276 2064 381 2117 καὶ
416 2064 549 2136 παρ’
567 2063 777 2135 ἁπάσης
798 2063 897 2134 τῆς
928 2062 1145 2118 συνόδου
1170 2062 1486 2135 ἀποδειχθείς
1509 2064 1653 2135 (64);
1692 2065 1856 2119 ’Υπυι

271 2154 508 2221 δέξασθε
536 2154 740 2219 τοίνυν,
777 2154 1055 2226 ἀγαπητοὶ
1092 2153 1346 2226 ἀδελφοὶ,
1384 2158 1522 2229 μετὰ
1549 2159 1728 2230 πάσης
1754 2161 1854 2230 τῆς

274 2245 422 2299 κατὰ
448 2244 583 2299 Θεὸν
618 2244 780 2317 δόξης
804 2263 866 2300 τε
901 2245 999 2300 καὶ
1030 2247 1204 2318 χαρᾶς
1232 2247 1324 2303 τὸν
1367 2249 1666 2305 ἐπίσκοπον
1694 2251 1859 2322 ὑμῶν

286 2336 641 2407 ’Δθανάσιον,
665 2339 805 2411 μετά
829 2339 1033 2394 τούτων
1074 2338 1272 2406 οἵτινες
1292 2340 1407 2414 (65)
1437 2342 1619 2397 αὐτῶν
1657 2361 1855 2398 κοινω-

272 2428 357 2480 νοὶ
389 2427 668 2498 γεγόνασι.
698 2428 810 2482 Καὶ
843 2427 1097 2500 χαίρετε,
1127 2428 1234 2485 τῶν
1257 2430 1432 2501 εὐχῶν
1453 2431 1852 2500 ἀπολαύοντες,

272 2521 325 2575 οἶ
355 2520 449 2574 τὸν
481 2521 721 2591 ποιμένα
766 2521 860 2575 τὸν
904 2520 1205 2595 ὑμέτερον,
1234 2521 1301 2576 ἶν’
1331 2520 1507 2587 οὕτως
1546 2522 1724 2591 είπω,
1755 2540 1855 2578 πο-

273 2613 472 2667 θοῦντα
491 2612 589 2666 καὶ
609 2612 851 2682 διψῶντα
875 2612 975 2689 τήν
1014 2613 1290 2685 ὑμετέραν
1314 2613 1656 2677 θεοσέϐειαν,
1680 2632 1848 2686 σωτη-

274 2706 411 2777 ρίοις
449 2707 691 2777 γραφαῖς
732 2704 999 2777 ὲθρέψατέ
1024 2722 1086 2759 τε
1126 2706 1221 2759 καὶ
1248 2706 1561 2763 ὲποτίσατε.
1602 2707 1717 2761 Καὶ
1743 2705 1857 2777 γάρ

274 2799 369 2853 καὶ
413 2799 514 2869 τῆς
556 2798 651 2853 ὲπὶ
690 2796 848 2868 ξένης
900 2796 1064 2852 αὑτοῦ
1106 2796 1431 2869 διατριϐῆς,
1475 2798 1636 2870 ὑμεῖς
1669 2815 1852 2871 παρα-

274 2887 444 2958 μυθία
490 2886 754 2955 γεγόνατε
774 2901 789 2916 ·
841 2886 938 2940 καὶ
990 2884 1318 2959 διωκόμενον
1361 2886 1456 2940 καὶ
1501 2885 1853 2941 ἐπιϐουλευό-

272 3000 435 3054 μενον
470 2981 738 3052 ὲθάλψατε
764 2982 886 3043 ταῖς
907 2979 1259 3045 πιστοτάταις
1297 2980 1508 3035 ἑαυτῶν
1534 2978 1734 3051 ψυχαῖς
1755 2979 1851 3034 καὶ

269 3074 558 3138 διανοίαις.
602 3073 733 3145 Ἐμὲ
772 3073 830 3127 δὲ
869 3072 973 3145 ήδη
1012 3071 1296 3143 εὐφραίνει
1316 3110 1331 3136 ,
1367 3070 1723 3143 δννοούμενον
1753 3070 1851 3124 καὶ

268 3168 596 3240 προορῶντα
612 3166 689 3239 τῷ
703 3164 950 3237 λογισμῷ
964 3206 979 3229 ,
999 3163 1100 3237 τήν
1120 3165 1213 3218 ἐπὶ
1233 3166 1299 3235 τῇ
1345 3163 1591 3234 ἑπανόδῳ
1619 3160 1855 3220 ἑκάστου

268 3259 424 3331 ὑμῶν
476 3260 689 3330 χαρὰν,
716 3257 815 3311 καὶ
854 3256 951 3312 τοῦ
998 3255 1239 3327 πλήθους
1282 3256 1383 3321 τὰς
1428 3255 1854 3320 θεοσεϐεστάτας

266 3351 609 3421 άπαπήσεις
624 3389 643 3417 ,
688 3349 785 3402 καὶ
842 3348 944 3419 τὴν
1004 3347 1216 3414 ἔνδοξον
1273 3347 1383 3401 τῶν
1447 3347 1853 3419 συντρεχόντων

268 3440 496 3512 ἑορτὴν,
521 3441 621 3495 καὶ
644 3438 727 3503 τίς
753 3438 938 3511 εκείνη
963 3438 998 3511 ή
1030 3434 1212 3512 ἡμέρα
1240 3437 1375 3510 ὑμῖν
1396 3436 1493 3494 καὶ
1510 3439 1640 3494 ποία
1663 3437 1848 3506 ἔσται,

266 3531 709 3604 ἑπανερχομένου
754 3531 855 3602 μὲν
888 3530 986 3584 τοῦ
1028 3529 1263 3601 ἀδελφοῦ
1303 3548 1405 3602 μου
1426 3544 1442 3564 ⁸
1480 3530 1855 3602 παυσαμένων

265 3623 326 3675 δὲ
356 3622 475 3676 τῶν
520 3621 974 3693 προγενομένων,
1025 3623 1122 3677 καὶ
1164 3620 1265 3693 τῆς
1308 3624 1683 3694 πολυτιμήτου
1730 3624 1855 3677 κατ’

265 3716 436 3787 εὐχήν
481 3714 777 3780 ἐπανόδου,
806 3715 887 3777 εἰς
924 3710 1266 3784 εὐφροσύνην
1307 3715 1429 3769 τινὰ
1471 3715 1853 3786 πληρεστάτης

265 3808 446 3877 χαρᾶς
475 3804 854 3876 συναπτούσης
898 3806 1027 3870 τοὺς
1065 3805 1295 3869 πάντας.
1344 3802 1670 3876 ’[Γτοιαύτη
1705 3804 1853 3877 χαρὰ

265 3901 411 3955 κατὰ
453 3898 518 3953 τὺ
550 3898 811 3969 μέγιστον
855 3898 1052 3971 μέχρις
1086 3896 1248 3970 ήμῶν
1283 3897 1514 3967 φθάνει,
1552 3893 1636 3963 οἷς
1665 3895 1854 3954 θεόθεν

266 3992 362 4043 καὶ
408 3989 573 4044 τοῦτο
630 3989 1087 4062 συγκεχωρῆσθαι
1144 3989 1511 4061 συνέστηκεν,
1568 3991 1721 4069 ρπως
1770 3992 1851 4056 εἰς

264 4084 474 4152 γνῶσιν
525 4082 623 4137 τοῦ
671 4083 989 4155 τηλικούτου
1034 4084 1231 4155 ἀνδρὸς
1276 4083 1454 4139 ὲλθεϊν
1505 4085 1846 4157 δυνηθῶμεν.

263 4176 360 4240 Εἰς
401 4176 574 4248 εὐχὴν
609 4172 705 4231 οῦν
749 4178 850 4248 τήν
884 4174 1176 4248 επιστολὴν
1220 4177 1510 4233 τελειῶσαι
1560 4179 1748 4234 καλόν.
1788 4178 1850 4234 Ὀ

263 4267 396 4333 Θεὸς
430 4268 463 4320 ὁ
505 4268 907 4341 παντοκράτωρ
950 4268 1047 4325 καὶ
1077 4267 1268 4325 τούτου
1299 4270 1428 4335 Υἱὸς
1456 4271 1486 4324 ό
1516 4269 1726 4344 Κύριος
1752 4270 1850 4325 καὶ

1955 1886 2113 1942 vobis
2155 1887 2653 1959 restituitur,.non
2697 1890 2873 1944 solum
2920 1898 3110 1947 nostro
3156 1892 3399 1963 judicio,
3443 1894 3541 1949 sed

1954 1976 2120 2033 etiam
2161 1977 2434 2033 universae
2471 1977 2663 2049 synodi
2693 1980 2970 2034 sententia
3001 1980 3268 2038 innocens
3301 1984 3544 2039 declara-

1957 2068 2086 2123 tus?
2112 2067 2402 2135 Quocirca,
2430 2069 2631 2125 fratres
2653 2070 2984 2137 eharissimi,
3015 2088 3141 2128 cum
3164 2076 3314 2130 omni
3341 2090 3541 2131 secun-

1954 2160 2087 2216 dum
2119 2162 2295 2217 Deum
2317 2162 2490 2233 gloria
2518 2172 2683 2234 atque
2715 2164 2902 2221 laetitia
2932 2166 3197 2237 suscipite
3219 2168 3539 2239 episcopum

1952 2254 2199 2308 vestrum
2246 2253 2637 2321 Athanasium,
2690 2266 2750 2311 et
2805 2272 2912 2312 una
2975 2272 3101 2313 cum
3148 2273 3217 2313 eo
3271 2266 3543 2329 quotquot

1952 2360 2323 2403 aerumnarum
2349 2346 2498 2402 illius
2527 2348 2662 2403 socii
2687 2362 2752 2403 ac
2779 2349 3076 2420 participes
3104 2334 3455 2407 exstiterunt.
3472 2352 3541 2407 Et

1952 2447 2210 2494 votorum
2255 2447 2571 2495 vestrorum
2621 2449 2902 2510 compotes
2947 2441 3078 2497 facti
3128 2443 3360 2512 gaudete
3382 2484 3398 2509 ,
3443 2444 3539 2515 qui

1951 2538 2228 2600 pastorem
2260 2534 2505 2586 vestrum
2532 2532 2891 2598 esurientem,
2935 2540 2998 2586 ut
3027 2533 3101 2588 ita
3146 2533 3346 2601 dicam,
3371 2543 3539 2606 atque

1952 2621 2229 2677 sitientem
2284 2623 2547 2693 pietatem
2597 2632 2868 2690 vestram,
2921 2625 3257 2681 salutaribus
3316 2627 3540 2699 scriptis

1951 2713 2166 2769 aluistis
2185 2721 2349 2784 atque
2373 2715 2624 2784 potastis.
2649 2708 2761 2771 Vos
2779 2714 2929 2770 enim
2954 2715 3033 2771 illi
3051 2716 3106 2770 in
3125 2716 3430 2787 peregrinis
3445 2734 3537 2774 re-

1950 2805 2209 2875 gionibus
2230 2802 2452 2875 degenti
2478 2806 2675 2862 solatio
2703 2804 2915 2872 fuistis;
2947 2822 3046 2862 vos
3080 2807 3233 2863 illum
3265 2824 3531 2878 persecu-

1950 2896 2196 2952 tionibus
2214 2904 2379 2966 atque
2403 2896 2623 2952 insidiis
2637 2897 2962 2967 appetitum,
2987 2897 3318 2954 fidelissimis
3338 2899 3537 2954 animis

1951 2986 2150 3041 vestris
2183 2999 2248 3041 ac
2282 2986 2561 3042 mentibus
2587 2986 2929 3043 coniovistis.
2964 2985 3079 3060 Ego
3113 2995 3265 3044 certe
3305 3004 3533 3060 magno-

1952 3088 2085 3147 pere
2116 3076 2394 3144 delector,
2426 3078 2558 3133 dum
2590 3079 2773 3150 cogito
2815 3087 2984 3151 atque
3022 3081 3208 3137 animo
3258 3081 3540 3153 prospicio

1952 3168 2391 3239 uniuscujusque
2422 3174 2667 3225 vestrum
2710 3170 2767 3225 in
2791 3168 2910 3243 ejus
2950 3172 3132 3227 reditu
3176 3172 3417 3228 laetitiam
3439 3214 3455 3241 ,
3480 3182 3539 3230 et

1950 3259 2126 3330 plebis
2148 3260 2588 3331 religiosissimos
2608 3274 2895 3330 occursus,
2911 3272 2967 3319 et
2984 3265 3432 3321 convenientium
3448 3282 3539 3323 οεο-

1949 3350 2161 3406 lebrem
2207 3350 2583 3416 festivitatem,
2629 3356 2686 3407 et
2727 3353 2854 3423 quis
2887 3354 3046 3410 vobis
3087 3356 3374 3425 qualisque
3412 3356 3534 3412 dies

1952 3442 2043 3497 ille
2077 3442 2297 3497 futurus
2329 3443 2443 3508 sit,
2472 3457 2599 3497 cum
2631 3442 2805 3499 frater
2840 3443 3067 3514 quidem
3100 3460 3257 3500 meus
3290 3457 3536 3504 reverte-

1954 3541 2071 3598 tur,
2102 3533 2379 3604 prazterita
2401 3542 2589 3588 autem
2624 3535 2767 3589 mala
2798 3533 2963 3591 tinem
2997 3535 3287 3608 accipient,
3319 3546 3377 3593 et
3407 3553 3536 3608 pre-

1954 3624 2127 3680 tiosus
2169 3633 2334 3695 atque
2370 3624 2630 3695 optabilis
2670 3625 2882 3682 reditus
2915 3626 2970 3681 in
3004 3628 3307 3697 plenissimi
3352 3629 3535 3700 gaudii

1951 3719 2235 3776 alacritate
2287 3726 2516 3777 cunctos
2563 3718 2863 3789 copulabit.
2919 3719 3036 3774 Hoc
3076 3735 3247 3790 porro
3277 3720 3539 3791 gaudium

1951 3811 2189 3868 maxima
2234 3827 2303 3868 ex
2353 3818 2510 3884 parte
2549 3810 2619 3866 ad
2660 3827 2761 3867 nos
2806 3826 2983 3883 usque
3028 3813 3306 3884 pertingit,
3336 3812 3541 3884 quibus

1949 3901 2218 3958 divinitus
2255 3916 2580 3958 concessum
2622 3916 2744 3957 esse
2782 3910 3018 3968 constat,
3048 3911 3107 3958 ut
3160 3901 3215 3958 in
3262 3904 3398 3959 tanti
3430 3903 3537 3959 viri

1952 3995 2206 4051 notitiam
2232 3994 2526 4067 pervenire
2554 4007 2860 4066 possemus.
2899 3995 3069 4050 Decet
3102 3995 3271 4065 igitur
3301 4003 3362 4051 ut
3393 3996 3537 4049 hanc

1951 4087 2239 4158 epistolam
2284 4087 2443 4157 113
2494 4093 2739 4143 nostram
2791 4085 3011 4141 claudat
3058 4086 3325 4157 precatio.
3392 4086 3539 4141 Deus

1951 4176 2342 4249 omnipotens,
2375 4185 2432 4232 et
2475 4174 2648 4232 Filius
2690 4177 2812 4247 ejus
2853 4176 3119 4231 Dominus
3162 4191 3227 4229 ac
3278 4175 3538 4230 Servator

1954 4281 2144 4328 noster
2182 4269 2343 4326 Iesus
2383 4266 2663 4333 Christus,
2688 4268 2833 4322 hanc
2873 4266 3103 4337 gratiam
3155 4265 3314 4321 vobis
3343 4280 3532 4337 perpe-

1465 4442 1735 4499 V'ALESII
1774 4436 2327 4499 ANNOTATIONES.

330 4573 447 4647 (62)
726 4572 1092 4647 πειρασβείς.
1128 4572 1188 4628 In
1228 4572 1548 4647 Florentino
1583 4571 1849 4647 scriptum
1884 4574 1928 4630 D

262 4643 452 4700 inveni
477 4644 653 4699 πολλὰ
682 4643 1018 4715 χειμασθείς.
1042 4643 1223 4715 Atque
1273 4644 1349 4700 ita
1384 4644 1580 4714 legisse
1632 4643 1855 4698 videtur

264 4715 633 4786 Epiphanius,
664 4711 879 4785 qui'sic
912 4715 1083 4771 vertit
1114 4711 1478 4786 {Frequenter
1521 4715 1664 4771 enim
1703 4723 1857 4770 terra

264 4783 508 4857 uterique
532 4783 820 4857 plurimum
850 4794 1101 4840 (esttrans.

334 4804 403 4840 ιη
479 4803 508 4839 e
532 4803 820 4857 ptunmum
850 4803 1101 4840 (saluam.

334 4803 595 4927 (ΒὲἷΚαὶ
619 4857 952 4927 ζοσούτους
975 4855 1347 4927 κινδύνους.
1372 4854 1440 4927 ln
1470 4855 1688 4927 codice,
1721 4852 1848 4913 F10.

264 4922 486 4981 rentino
530 4936 591 4981 et
628 4922 905 4982 Sfortiano
958 4925 1117 4982 deest
1154 4926 1483 4982 vocabulum
1534 4926 1844 4992 τοσούτους.

262 4993 449 5068 βρύει
483 5008 619 5068 vero
648 4994 1077 5068 LeonisAllatii
1108 4997 1181 5053 ita
1206 4999 1474 5068 scriptum
1507 4996 1675 5054 habet
1699 4996 1849 5053 hunc

265 5063 447 5122 locum
476 5085 491 5121 :
521 5067 597 5139 ὃς
612 5066 707 5139 διὰ
726 5066 986 5123 κινδύνων
1018 5070 1289 5123 τοσούτων
1314 5063 1409 5122 καὶ
1441 5069 1673 5139 θλίψεων
1698 5069 1845 5139 νική-

265 5153 384 5203 σας.
418 5146 528 5194 etc.
565 5134 689 5209 Sed
724 5139 972 5209 priorum
1004 5140 1258 5195 codicum
1312 5134 1604 5195 lectionem
1638 5134 1842 5209 confir-

265 5216 375 5263 mat
425 5206 768 5280 Epiphanius
826 5206 1216 5274 Scholasticus,
1255 5209 1353 5280 qui
1403 5210 1484 5265 sic
1531 5206 1847 5280 vertitzQui

262 5293 382 5332 cm
413 5276 593 5335 tantbs
628 5280 995 5351 tribulationes
1018 5290 1067 5335 et
1099 5276 1335 5351 pericula
1368 5280 1633 5348 devicerit,
1674 5278 1847 5335 reddi—

264 5356 351 5400 tur
378 5367 519 5405 nunc
548 5351 692 5405 vobis
718 5350 1115 5406 inmaculatus;

331 5418 603 5492 (ῥηιισβ
633 5421 884 5492 ἀπάσης
914 5420 1023 5488 τῆς
1065 5419 1331 5492 συνόδου
1381 5419 1752 5492 ἀποδεχθεὶς.
1788 5420 1847 5475 In

262 5484 449 5546 edice
480 5484 687 5563 Léonis
722 5484 981 5549 Allatiiet
1002 5484 1150 5563 apud
1176 5489 1537 5547 Athanasium
1570 5484 1851 5563 scriptum

263 5568 347 5614 est
382 5561 751 5633 ἀποδειχθείς,
792 5580 960 5635 quam
1018 5561 1242 5634 quidem
1285 5563 1614 5635 scripturam
1663 5561 1852 5619 melio-

270 5642 382 5685 rcm
419 5644 574 5704 puto.

2398 4571 2624 4652 τοία-ωας
2677 4571 2916 4652 οἵτινες.
2972 4566 3033 4652 In
3083 4566 3274 4652 codice
3334 4564 3541 4652 [reatris

1957 4639 2141 4715 Allati‘i
2168 4642 2261 4715 hic
2298 4642 2455 4715 locus
2493 4643 2566 4697 ita
2609 4639 2809 4715 legitur
2842 4659 2857 4695 :
2896 4642 3036 4715 μετὰ
3060 4640 3247 4695 τούτου
3280 4641 3377 4715 καὶ
3405 4641 3540 4715 sict-

1957 4729 2047 4776 νες
2068 4711 2221 4783 αὑτῷ
2251 4713 2345 4766 καὶ
2370 4714 2477 4768 τῶν
2496 4711 2768 4767 τοσούτων
2808 4711 3071 4783 καμάτων
3103 4711 3355 4783 κοινωνοὶ
3378 4711 3537 4781 γεγό⁴

1956 4800 2098 4838 νασι.
2133 4782 2292 4854 Apud
2334 4783 2694 4854 Athanasium
2737 4798 2871 4839 vero
2890 4782 2975 4841 ita
3017 4782 3238 4854 legitur,
3275 4782 3370 4836 καὶ
3401 4783 3540 4853 μετὰ

1952 4854 2147 4908 τούτου
2181 4853 2386 4924 οἵτινες
2419 4853 2569 4924 αὐτῷ
2599 4854 2710 4907 τῶν
2739 4854 3010 4908 τοσούτων
3031 4853 3319 4924 καμάτων
3348 4870 3539 4906 κοινω-

1955 4925 2037 4979 νοὶ
2060 4923 2334 4993 γεγόνασι.
2364 4922 2649 4993 Vulgatam
2704 4932 2886 4981 tamen
2938 4922 3265 4993 scripturam
3314 4929 3541 4993 tuentur

1954 4988 2364 5078 postri'codices
2385 5003 2441 5050 et
2466 4988 2806 5078 Epiphapius
2822 4988 3194 5078 scholasticus
3221 5010 3235 5047 :
3261 4993 3368 5048 nisi
3391 4988 3542 5078 quod

1952 5065 2057 5121 iste
2085 5067 2159 5144 _in
2199 5082 2313 5144 suo_
2336 5063 2633 5144 exemplari
2654 5063 3216 5144 ΔΙιξρςοιτιι.ὀιὺτιῖιτῷν
3248 5063 3541 5144 ,τοσούτων

1952 5136 2234 5207 καμάτων,
2270 5137 2414 5191 sicut
2452 5134 2596 5207 apud
2639 5134 2999 5192 Athanasium
3029 5143 3095 5207 et
3146 5135 3211 5207 in
3248 5134 3541 5207 Excerptis

1953 5201 2231 5263 Theodori
2269 5201 2597 5277 legiturilta
2631 5207 2785 5262 enim
2821 5207 2987 5261 vertit
3028 5204 3177 5261 hunc
3202 5206 3382 5277 locum
3406 5201 3535 5277 Epig

1954 5277 2194 5346 phanius
2225 5294 2238 5329 :
2268 5274 2527 5348 Suscipite
2564 5278 2748 5348 igitur,
2785 5294 2949 5341 nunc,
2983 5277 3178 5347 fratres
3218 5274 3537 5336 charissimi,

1954 5362 2075 5419 cum
2108 5348 2255 5401 omni
2272 5346 2451 5403 divina
2481 5346 2656 5419 gratia
2684 5361 2953 5419 pastorem
2986 5346 3314 5419 ’vestrumAac
3333 5359 3537 5413 prwsu-

1959 5415 2080 5490 ίειιι,
2107 5426 2364 5490 tanquam
2403 5415 2517 5472 ver}:
2556 5415 2892 5476 Ἀθανάτων.
2919 5435 3035 5490 cunt
3050 5419 3130 5472 his
3151 5416 3242 5487 qui
3269 5421 3540 5490 tqntprum

1963 5486 2201 5541 laborum
2215 5482 2635 5562 'cj_us_pr_zrti¢jipcs
2650 5499 2773 5562 situt
2800 5490 2978 5562 affecti.
3014 5487 3073 5562 in
3107 5482 3399 5562 ex'emplari
3427 5495 3545 5560 quo

1962 5574 2093 5628 usus
2124 5567 2216 5628 est
2248 5556 2617 5628 Epiphanius,
2660 5556 2878 5618 videtur
2931 5556 3197 5626 scriptum
3250 5556 3420 5607 fuisse
3461 5556 3543 5616 ὡς

1960 5626 2173 5699 ἀληθῶς
2216 5626 2546 5685 Ἀθανάτων.
