4078 6210
259 231 345 303 air

1204 210 1531 295 .ms'ronlA
1570 235 2118 295 ECCLESIASTICA.
2161 266 2230 276 —
2267 232 2396 291 ua.
2437 233 2501 290 ιι.

3356 238 3464 298 258

257 362 369 424 λέως
392 359 472 422 είς
492 355 591 419 τὰς
624 351 834 410 ἑαυτῶν
863 350 1054 422 ἐφοίτα
1092 350 1304 415 πόλεις,
1335 348 1624 404 κελεύοντα
1652 349 1792 404 ἐτοί-

1909 360 2100 409 ιοιοι-οε
2121 350 2294 423 ipsius
2305 348 2647 420 aufugerunt.
2663 348 2900 406 Proinde
2923 349 3267 422 imperatoris
3284 354 3464 412 edicta

250 469 352 527 μως
374 450 572 511 αὐτοὺς
615 442 990 515 ὑποδέχεσθαι.
1027 442 1117 495 Ἐν
1157 440 1257 513 μὲν
1278 436 1372 496 οὖν
1414 439 1658 511 Ἀγκύρῃ⁵
1687 439 1795 493 Βα-

257 541 425 595 σιλείου
476 535 884 606 ἐξωθουμένου,
916 534 1015 588 καὶ
1054 531 1414 594 ἀντεισιόντος
1440 530 1796 603 Μαρκέλλου,

254 629 437 704 ταραχὴ
466 630 569 698 οὐχ
606 628 643 698 ἡ
685 624 926 698 τυχοῦσα
953 624 1172 693 ἐγένετο
1195 663 1210 685 ,
1247 622 1284 694 ἢ
1323 622 1597 694 πρόφασιν
1632 620 1801 675 λοιδο-

255 726 356 798 ρίας
373 720 614 792 παρέσχε
636 720 752 781 τοῖς
780 716 849 771 τά
873 715 1092 770 ἐναντία
1119 714 1408 785 φρονοῦσιν
1430 730 1447 747 ’
1489 711 1800 784 ’Δσκληπᾶν

253 813 304 868 δέ
334 810 553 881 ἑτοίμως
586 806 813 871 Γαζαῖοι
842 802 1111 869 ἐδέξαντο.
1151 802 1240 856 Ἐν
1268 801 1325 856 δὲ
1361 803 1429 873 τῇ
1458 800 1802 856 Κωνσταντί-

251 921 330 958 νου
351 902 498 956 πόλει
528 897 862 959 Μακεδόνιος
901 893 1102 965 Παύλῳ
1128 892 1265 965 πρὸς
1291 891 1475 962 ὀλίγον
1505 891 1797 963 ὑπεξέστη,

253 992 355 1048 καθ’
375 988 566 1045 ἐαυτὸν
594 988 655 1042 ἐν
705 982 987 1055 ίδιαζούσῃ
1031 981 1299 1054 ἐκκλησίᾳ
1329 980 1431 1053 τῆς
1463 980 1670 1046 πόλεως
1701 980 1801 1043 τὰς

253 1081 476 1143 συνόδους
519 1075 865 1148 ποιούμενος.
910 1072 1087 1145 ’Υπὲρ
1132 1071 1317 1144 μέντοι
1373 1070 1725 1137 ’Δθανασίου,
1771 1073 1802 1125 ὁ

252 1169 483 1243 βασιλεὺς
532 1166 857 1229 ἐπισκόποις
899 1181 960 1218 τε
1015 1163 1109 1217 καὶ
1151 1162 1435 1233 κληρικοῖς
1478 1161 1572 1216 καί
1613 1161 1798 1229 λαοῖς,

250 1264 363 1334 περὶ
397 1258 491 1314 τοῦ
534 1259 791 1329 ἀσμένως
846 1255 1011 1313 αὐτὸν
1055 1253 1422 1325 ἀποδεχθῆναι
1466 1252 1800 1311 ἐπέστειλεν.

254 1357 361 1409 Ἔτι
391 1353 498 1424 μὴν
545 1351 641 1406 καὶ
667 1349 739 1404 τά
779 1347 904 1403 κατ’
952 1346 1117 1401 αὑτοῦ
1151 1348 1210 1400 ἐν
1237 1345 1608 1418 δικαστηρίοις
1648 1362 1804 1417 πρα-

248 1447 444 1525 χθέντα.
460 1444 527 1498 δι’
554 1443 757 1514 ἐτέρων
776 1440 1120 1512 γραμμάτων
1138 1438 1499 1510 ἀφανισθῆναι
1524 1438 1800 1493 ἐκέλευσε.

250 1538 324 1592 Τὰ
358 1536 411 1590 δὲ
458 1534 590 1607 περὶ
608 1532 935 1604 ἀμφοτέρων
956 1530 1158 1586 τούτων
1183 1529 1483 1604 γραφέντα,
1508 1529 1625 1583 ἐστι
1645 1529 1803 1583 τάδε’

319 1734 641 1803 Ἐπιστολὴ
689 1732 1115 1789 Κωνσταντίου
1149 1731 1304 1801 ὑπὲρ
1356 1732 1728 1788 Ἄθανασίου.

244 1827 493 1902 Xanthe
521 1823 955 1902 Kqu'tdrttoc.
985 1820 1633 1902 dlértdrgcutseaetdc
1652 1821 1805 1902 ,ἔτι-

309 1891 553 1964 aridam;
578 1896 677 1949 καί
711 1891 1137 2016 πρεσξιιᾶτέέρις
1165 1891 1277 1961 τῆς
1296 1891 1637 1960 Καθολικῆς
1674 1892 1805 1946 Ἐκ·

956 1979 993 2031 η
1043 1977 1159 2027 ιας.

310 2056 426 2110 οὐκ
449 2053 745 2126 ἀπελείφθη
773 2053 873 2124 τῆς
901 2051 996 2106 τοῦ
1027 2050 1163 2106 Θεοῦ
1191 2051 1417 2123 χάριτος
1447 2050 1477 2105 ὃ
1517 2050 1805 2123 αίδεσιμώ-

238 2164 402 2213 τατος
445 2147 731 2209 ἐπίσκοπος
776 2143 1118 2207 Ἀθανάσιος.
1163 2142 1304 2196 Ἀλλ’
1342 2144 1393 2197 εί
1431 2143 1527 2197 καὶ⁵
1569 2144 1630 2196 ἐν
1673 2143 1806 2216 βρα-

239 2241 327 2311 χεῖ
351 2232 528 2310 χρόνῳ
554 2234 619 2308 τῇ
654 2235 796 2290 κατὰ
821 2234 1140 2306 ἀνθρώπους
1170 2233 1467 2306 δοκιμασίᾳ
1487 2234 1767 2307 ύπεὸλήθη
1786 2272 1803 2299 ,

239 2333 382 2403 ὅμως
400 2330 498 2402 τὴν
512 2328 873 2400 ὀφειλομένην
889 2325 1041 2398 παρὰ
1061 2324 1164 2398 τῆς
1180 2325 1521 2399 παντεφόρου
1541 2325 1809 2399 Προνοίας

241 2421 588 2492 ἀπηνέγκατο
602 2418 791 2491 ’ψῆφον
815 2434 830 2450 ·
867 2416 1157 2474 ἀπολαϐὼν
1198 2416 1446 2491 βουλήσει
1486 2417 1582 2473 τοῦ
1618 2417 1807 2491 κρείτ-

238 2527 413 2577 τονος,
460 2510 557 2564 καὶ
605 2510 787 2581 κρίσει
827 2508 1076 2581 ἡμετέρᾳ
1111 2507 1209 2581 τὴν
1253 2508 1494 2581 πατρίδα
1537 2508 1674 2580 ὁμοῦ
1713 2508 1810 2564 καὶ

238 2605 334 2675 τὴν
408 2601 783 2674 Ἐκκλησίαν,
853 2590 925 2673 ῆς
998 2600 1130 2672 θείῳ
1198 2594 1430 2672 νεύματι
1494 2600 1809 2672 προστάτης

242 2699 521 2769 ἐτύγχανε.
544 2693 735 2767 Τούτῳ
758 2694 831 2749 τά
867 2693 1135 2749 ἀκόλουθα
1162 2692 1274 2747 ἔδει
1311 2692 1463 2765 παρά
1490 2691 1591 2765 τῆς
1614 2693 1811 2765 ἡμετέ-

244 2806 343 2861 ρας
364 2785 603 2856 ὑπάρξαι
629 2787 958 2861 πραότητος.
987 2785 1154 2839 Ὥστε
1190 2784 1369 2840 πάντα
1396 2783 1464 2838 τὰ
1489 2783 1595 2855 πρὸ
1621 2783 1810 2838 τούτου

241 2883 381 2937 κατὰ
436 2881 548 2935 τῶν
605 2878 758 2950 αὐτῷ
810 2877 1291 2949 κεκοινωνηκότων
1343 2876 1662 2948 ὡρισμένα,
1715 2875 1813 2930 νῦν

241 2970 517 3042 ἀμνηστίᾳ
547 2967 953 3040 παραδοθῆναι,
989 2966 1173 3021 πᾶσάν
1203 2983 1264 3019 τε
1298 2965 1534 3036 ὑποψίαν
1564 2965 1665 3037 τὴν
1689 2965 1812 3019 κατ’

1898 444 1967 499 ad
1993 444 2233 515 ipsorum
2262 442 2429 497 missa
2458 448 2588 496 sunt
2617 439 2885 506 civitates,
2932 443 3134 512 quibus
3171 446 3468 517 jubebatur

1898 542 1960 589 ut
1991 535 2115 590 illos
2153 539 2405 605 prompte
2446 530 2810 602 susciperent.
2851 532 2917 587 Et
2968 533 3197 604 Ancyra
3243 537 3465 604 quidem

1897 638 2024 679 cum
2054 623 2286 679 Basilius
2312 621 2733 687 exturbaretur,
2770 621 3056 677 Marcellus
3093 638 3226 678 vero
3257 625 3311 679 in
3349 628 3468 696 ejus

1897 714 2326 770 substitueretur
2388 713 2569 769 locum
2602 753 2620 781 ,
2672 728 2785 768 non
2850 712 3144 769 mediocris
3203 704 3470 773 tumultus

1903 808 1947 877 ι
1960 806 2065 880 ιε,
2085 815 2309 862 exortus
2329 814 2435 872 est,
2458 806 2553 877 qui
2577 805 2944 862 calumniandi
2969 806 3310 862 occasionem
3333 824 3472 878 pne-

1900 897 2021 953 buit
2058 896 2386 952 adversariis
2437 914 2451 951 :
2498 895 2674 952 Gazai
2716 910 2846 952 vero
2899 894 3134 951 libenter
3187 896 3471 967 Aselepam

1898 997 2282 1058 susceperunt.
2345 987 2818 1058 Constantinopoli
2875 996 3059 1043 autem
3122 987 3473 1045 Macedonius

1852 1146 1859 1155 Ι
1900 1078 2068 1134 Paulo
2112 1078 2183 1132 ad
2218 1077 2496 1131 modicum
2540 1086 2759 1147 tempus
2793 1078 2915 1132 loco
2955 1076 3140 1142 cessit,
3178 1077 3234 1130 in
3260 1076 3471 1147 privata

1898 1169 2135 1240 quadam
2180 1170 2336 1225 urbis
2390 1169 2621 1225 ecclesia
2664 1184 2910 1225 seorsum
2951 1178 3255 1225 conventus
3285 1183 3469 1239 agens.

1900 1262 2006 1317 Pro
2030 1261 2330 1317 Athanasio
2362 1276 2492 1316 vero
2526 1261 2822 1332 imperator
2842 1260 2909 1316 ad
2935 1261 3220 1331 episcopos
3238 1268 3296 1315 et
3314 1260 3472 1316 cleri-

1900 1366 1995 1407 cos
2019 1362 2076 1406 et
2097 1351 2164 1406 ad
2186 1351 2419 1421 populos
2451 1351 2692 1421 scripsit,
2718 1359 2781 1405 ut
2805 1350 3106 1406 libentibus
3128 1350 3326 1406 animis
3346 1363 3474 1405 eum

1901 1444 2240 1513 exciperent.
2270 1441 2379 1497 Sed
2402 1450 2458 1496 et
2481 1457 2578 1512 per
2603 1442 2738 1496 alias
2772 1441 2983 1497 litteras
3009 1442 3192 1513 jussit,
3220 1449 3283 1497 ut
3321 1454 3472 1511 qua—

1897 1548 2121 1603 cunque
2143 1533 2200 1588 in
2220 1531 2445 1604 judiciis
2460 1539 2650 1587 contra
2682 1532 2834 1587 illum
2859 1541 2979 1588 acta
3010 1532 3248 1599 fuerant,
3285 1533 3472 1588 abole-

1903 1634 2118 1682 rentur.
2138 1626 2212 1680 De
2234 1631 2469 1695 utraque
2490 1640 2548 1681 re
2571 1626 2788 1696 scripta
2820 1625 3016 1682 littera
3036 1625 3116 1682 sic
3143 1640 3201 1682 se
3228 1625 3434 1683 habent
3458 1640 3471 1680 :

2149 1737 2394 1810 Epistula
2437 1738 2736 1795 Constantii
2775 1756 2873 1810 pro
2913 1739 3227 1796 Athanasio.

1906 1830 2078 1886 Victor
2110 1828 2477 1895 Constantius,
2513 1830 2799 1901 Haaimus,
2831 1832 3119 1901 Augustus,
3143 1831 3392 1901 episcopis
3427 1837 3476 1884 ct

2230 1901 2544 1973 presbyteris
2580 1899 2863 1957 Catholica
2893 1899 3162 1956 Ecclesia.

1973 2063 2094 2120 Non
2119 2071 2205 2119 est
2247 2060 2546 2118 derelictus
2568 2076 2599 2116 a
2624 2060 2720 2117 Dei
2761 2062 2939 2133 gratia
2987 2060 3478 2120 reverendissimus

1902 2155 2198 2226 episcopus
2220 2148 2573 2207 Athanasius.
2601 2150 2709 2206 Sed
2735 2167 3047 2223 quanquam
3079 2151 3236 2207 brevi
3265 2161 3477 2223 tempo-

1904 2245 1981 2300 ris
2005 2243 2186 2314 spatio
2209 2241 2464 2298 humana
2488 2241 2802 2311 probationi
2838 2241 3135 2313 subiacuit,
3161 2241 3346 2296 divina
3394 2250 3478 2296 ta—

1905 2350 2032 2391 men
2059 2333 2394 2405 suffragante
2417 2331 2790 2397 Providentia,
2813 2331 3017 2404 justam
3041 2333 3243 2388 meruit
3268 2331 3481 2388 referre

1905 2426 2236 2484 sententiam
2263 2440 2277 2478 :
2305 2423 2598 2479 restitutus
2623 2431 2738 2479 tum
2759 2424 2857 2479 Dei
2895 2424 3199 2489 voluntate,
3228 2431 3345 2478 tum
3384 2439 3481 2479 no-

1908 2515 2275 2588 strojudieio,
2305 2515 2362 2569 in
2386 2515 2620 2585 patriam
2662 2514 2826 2568 simul
2853 2520 2912 2569 et
2959 2514 3015 2568 in
3039 2513 3361 2580 Ecclesiam,
3388 2515 3481 2569 eui

1907 2606 2097 2663 divino
2118 2614 2258 2660 nutu
2276 2603 2630 2674 prasidebat.
2663 2600 2805 2657 Huic
2823 2603 3216 2672 consequentia
3237 2619 3268 2658 a
3292 2611 3482 2658 nostra

1909 2702 2127 2770 oportet
2149 2693 2401 2766 prastari
2440 2692 2772 2759 clementia;
2802 2700 2864 2748 ut
2907 2692 3118 2748 scilicet
3142 2701 3336 2747 cuncta
3361 2709 3482 2763 qua

1908 2785 2142 2843 antehac
2165 2785 2432 2841 adversus
2455 2783 2580 2838 illos
2603 2784 2698 2854 qui
2736 2784 2819 2839 illi
2863 2783 3360 2849 cominunieabant,
3388 2784 3483 2840 de-

1909 2882 2062 2932 creta
2106 2882 2257 2940 sunt,
2312 2889 2461 2929 nunc
2504 2873 2771 2929 oblivioni
2824 2871 3144 2938 tradantur,
3194 2873 3483 2942 omnisque

1913 2966 2173 3038 deinceps
2195 2972 2387 3022 contra
2411 2965 2566 3021 illum
2588 2972 2767 3021 cesset
2786 2963 3045 3035 suspicio.
3069 2963 3139 3019 Et
3167 2963 3487 3020 immunitas

238 3061 402 3116 αὺτοῦ
460 3060 722 3131 σχολάσαι
770 3057 867 3113 τοῦ
911 3057 1133 3122 λοιποῦ,
1181 3059 1283 3129 τήν
1336 3074 1397 3111 τε
1446 3056 1694 3111 ἀτέλειαν
1739 3051 1809 3128 ἧς

1910 3075 2019 3132 qua
2045 3058 2253 3125 clerici,
2277 3059 2371 3130 qui
2400 3074 2526 3114 eum
2541 3073 2608 3114 eo
2638 3067 2787 3124 sunt,
2809 3057 2942 3112 olim
2964 3056 3311 3123 fruebantur,
3330 3057 3483 3129 ipsis,

234 3153 427 3224 ἔτυχον
448 3152 619 3207 πάλαι
640 3154 689 3204 oi
723 3150 843 3222 ἅμα
872 3149 1020 3222 αὐτῷ
1041 3149 1296 3221 κληρικοὶ
1312 3188 1328 3212 ,
1357 3146 1568 3211 τούτοις
1594 3145 1817 3218 βεϐαιω-

235 3244 397 3316 θῆναι
448 3243 857 3317 προσηκόντως.
912 3241 1075 3297 Ἀλλά
1125 3241 1234 3314 μὴν
1279 3239 1374 3294 καὶ
1416 3238 1575 3293 τοῦτο
1615 3241 1683 3311 τῇ
1735 3238 1817 3301 είς

234 3331 397 3386 αὑτὸν
464 3333 651 3403 χάριτι
722 3329 1092 3401 προστεθῆναι
1164 3325 1595 3397 ἐδικαιώσαμεν,
1664 3323 1810 3378 ὥστε

234 3425 453 3489 πάντας
492 3425 623 3488 τοὺς
656 3422 752 3477 τοῦ
796 3420 940 3493 ίεροῦ
974 3418 1277 3488 καταλόγου
1310 3416 1634 3488 γινώσκειν,
1672 3415 1817 3470 ἐνδε-

231 3516 425 3570 Maban
454 3516 517 3569 τὸ
548 3514 752 3584 ἄφοδον
792 3515 925 3567 πᾶσι
966 3512 1079 3575 τοῖς
1112 3509 1259 3582 αὐτῷ
1301 3507 1811 3581 προστεθειμένοις,

230 3610 342 3661 εἴτε
373 3606 730 3668 ἐπισκόποις,
755 3604 865 3658 εἴτε
886 3603 1186 3673 κληρικοῖς.
1220 3600 1427 3655 Ἱκανὸν
1447 3599 1505 3654 δὲ
1526 3598 1814 3671 γνώρισμα

227 3701 332 3770 τῆς
362 3699 605 3753 ἑκάστου
635 3696 806 3768 ὀρθῆς
830 3692 1205 3766 προαιρέσεως
1232 3690 1386 3745 ἔσται
1408 3730 1425 3757 ,
1452 3692 1487 3760 ὴ
1520 3690 1658 3763 πρὸς
1692 3687 1817 3743 τοῦ·

225 3806 323 3845 τον
345 3789 572 3853 ἐνωσις.
601 3788 756 3840 Ὅσοι
774 3784 885 3857 γὰρ
909 3785 978 3839 ἂν
995 3785 1096 3854 τῆς
1115 3782 1394 3846 καλλίονος
1419 3779 1557 3853 ὁμοῦ
1582 3777 1817 3853 κρίσεώς

224 3899 288 3935 τε
320 3882 422 3935 καὶ
453 3879 649 3952 μοίρας
676 3878 985 3949 γινόμενοι,
1012 3875 1114 3947 τὴν
1152 3872 1343 3929 τούτου
1372 3873 1603 3929 ἕλωνται
1634 3889 1823 3928 κοινω-

225 3973 349 4026 νίαν
368 4013 386 4039 ,
436 3970 663 4033 τούτους
701 3968 907 4032 πάντας
936 3964 1332 4036 ἐκελεύσαμεν,
1361 3963 1485 4019 καθ’
1530 3964 1821 4035 ὁμοιότητα

224 4062 330 4133 τῆς
356 4059 679 4131 φθανούσης
704 4055 1090 4128 Προνοίας,καὶ
1104 4054 1200 4109 νῦν
1219 4054 1319 4125 τῆς
1343 4054 1432 4124 ὑφ’
1450 4053 1608 4127 ήμῶν
1629 4052 1822 4125 βουλή-

227 4170 315 4208 σει
339 4152 448 4208 τοῦ
475 4151 780 4223 κρείττονος
801 4146 1237 4220 παρασχεθείσης
1259 4145 1479 4217 χάριτος
1504 4144 1818 4202 ἀπολαύειν.

228 4246 431 4311 Ἄλλη
468 4240 788 4307 ἐπιστολὴ,
815 4238 939 4305 τοῖς
981 4237 1435 4307 Ἀλεξανδρεῦσι
1463 4238 1820 4308 πεμφθεῖσα.
1853 4245 1901 4306 ο

223 4335 510 4402 Νικητὴς
538 4330 992 4402 ΑΚωνρντάν-τιος,
1018 4329 1329 4402 ΔΜέγιστος
1347 4372 1363 4395 ,
1388 4326 1823 4402 Σεσωζὸςητῷ

298 4398 601 4472 metu
634 4398 783 4456 κᾰτὰ
827 4398 1279 4537 Ἀλελεῗὲιξειαν
1319 4399 1659 4468 Καθολικῆς
1700 4400 1823 4453 Ἐκ-

891 4487 927 4525 κ
971 4488 1010 4539 η
1161 4508 1176 4524 .

299 4564 531 4621 Σκοτὼν
570 4562 882 4635 ποιούμενοι
906 4561 1006 4632 τὴν
1044 4560 1318 4633 ὑμετέραν
1349 4561 1408 4615 ἐν
1437 4560 1643 4615 ἅπασιν
1666 4558 1818 4613 εὐνο-

229 4657 371 4728 μίαν
409 4654 576 4728 (68),
620 4653 823 4719 είδὸτες
851 4670 910 4706 τε
948 4652 1025 4716 ὼς
1070 4651 1301 4706 ἐπιπολὺ
1345 4650 1447 4722 τῆς
1476 4649 1573 4705 τοῦ
1607 4652 1843 4705 ἐπισκο-’

226 4749 477 4814 ποῦντος
526 4746 788 4818 προνοίας
833 4743 1130 4816 ἐστέρησθε
1150 4784 1167 4809 ,
1225 4742 1544 4799 ’Δθανάσιον
1572 4741 1666 4797 τὸν
1707 4741 1828 4795 ἐπί-

230 4857 486 4906 σκοτων,
541 4838 712 4909 ἄνδρα
760 4838 876 4901 τοῖς
920 4836 1056 4889 πᾶσι
1105 4833 1196 4889 διά
1257 4851 1320 4889 τε
1373 4834 1472 4906 τὴν
1516 4830 1827 4905 προσοῦσαν

239 4932 556 5004 ὀρθότητα,
579 4930 676 4984 καὶ
699 4928 791 4983 διὰ
814 4926 916 4997 τὴν
941 4926 1151 4982 οίκείαν
1171 4924 1464 4998 εὐτροπίαν
1483 4922 1760 4995 γνώριμον
1781 4930 1826 4989 ο,

1908 3161 1972 3208 ut
2015 3166 2118 3222 par
2164 3159 2270 3214 est,
2311 3149 2689 3206 conﬁrmetur.
2727 3149 2844 3204 Hoc
2877 3149 3042 3205 etiam
3077 3148 3363 3204 nostrain
3414 3149 3483 3203 il-

1908 3243 2024 3299 lum
2069 3243 2423 3315 indulgentia
2461 3241 2830 3313 adjiciendum
2875 3257 2997 3297 esse
3044 3241 3379 3306 censuimus,
3426 3250 3487 3296 ut

1908 3350 2100 3390 omnes
2140 3331 2285 3389 sacri
2331 3331 2544 3387 ordinis
2588 3332 2693 3387 viri
2752 3331 3077 3403 intelligant,
3128 3332 3485 3387 securitatem

1910 3424 2124 3481 cunctis
2145 3425 2243 3495 qui
2273 3423 2575 3479 Athanasio
2616 3422 2990 3489 adhaserunt,
3033 3422 3150 3478 sive
3187 3423 3486 3493 episcopis,

1916 3515 2032 3571 sive
2054 3515 2290 3581 clericis,
2334 3530 2456 3571 esse
2495 3529 2832 3570 concessam.
2874 3513 3029 3568 Reeti
3075 3529 3209 3570 vero
3250 3513 3490 3584 singulo-

1918 3623 2040 3663 rum
2066 3608 2329 3679 propositi
2352 3606 2719 3663 certissimum
2739 3607 2845 3663 erit
2868 3606 3154 3673 indicium,
3182 3607 3336 3661 firma
3362 3622 3490 3662 cum

1920 3699 2016 3755 illo
2059 3699 2368 3755 consensio.
2393 3698 2719 3771 Quicunque
2743 3716 2874 3772 ergo
2910 3700 3123 3755 meliori
3141 3699 3350 3771 judicio
3382 3701 3489 3764 usi,

1921 3797 1978 3846 et
2000 3789 2274 3847 saniorem
2298 3799 2514 3861 partem
2539 3791 2735 3857 secuti,
2763 3791 3204 3847 communionem
3229 3791 3350 3862 ejus
3371 3806 3488 3846 am-

1923 3880 2070 3952 plexi
2093 3887 2242 3947 sunt,
2269 3897 2365 3938 eos
2387 3897 2580 3939 omnes
2598 3882 2866 3955 jussimus
2882 3885 3038 3955 juxta
3062 3882 3371 3953 exemplum
3395 3898 3491 3938 su-

1922 3972 2160 4043 perioris
2202 3973 2591 4041 Providentia,
2617 3990 2767 4032 nunc
2807 3990 3025 4046 quoque
3061 3974 3187 4030 data
3233 3989 3264 4029 a
3309 3974 3489 4038 nobis,

1921 4078 2035 4119 non
2078 4065 2201 4122 sine
2240 4065 2339 4122 Dei
2382 4067 2687 4133 voluntate,
2736 4066 3079 4138 indulgentia
3120 4064 3349 4136 perfrui.

2309 4244 2554 4316 Epistola
2595 4245 2667 4299 ad
2700 4243 3114 4301 Alexandrinos.

1931 4336 2102 4393 Victor
2121 4334 2479 4398 Constantius,
2517 4333 2803 4402 Maximus,
2843 4331 3132 4402 Augustus,
3171 4331 3364 4402 papula
3388 4329 3493 4389 Ca-

2204 4403 2409 4461 tholica
2432 4402 2684 4460 Ecclesiae
2711 4400 3214 4457 Alexandrinorum.

1994 4565 2132 4622 Cum
2167 4569 2296 4619 ante
2337 4560 2528 4618 oculos
2565 4574 2783 4632 semper
2827 4558 3129 4615 habeamus
3161 4566 3397 4615 vestram
3441 4559 3497 4615 in

1927 4650 2187 4707 omnibus
2208 4648 2578 4720 disciplinam,
2615 4663 2719 4705 nec
2744 4648 2918 4720 ignari
2961 4648 3135 4704 simus
3171 4649 3498 4721 jampridem

1925 4757 2027 4799 vos
2045 4741 2343 4812 episcopali
2381 4740 2728 4812 providentia
2771 4740 3068 4796 destitutos
3110 4754 3255 4807 esse,
3281 4756 3499 4811 aquam

1927 4830 2268 4897 censuimus,
2291 4829 2653 4887 Athanasium
2688 4830 3029 4901 episcopum,
3054 4829 3235 4888 virum
3260 4830 3333 4886 ob
3373 4831 3502 4888 vita

1926 4920 2344 4976 sanctimoniam
2385 4934 2712 4991 morumque
2737 4918 3067 4990 probitatem
3106 4919 3367 4977 omnibus
3403 4938 3502 4980 co-

3542 4997 3553 5022 ἐ

1442 5057 1712 5114 VALESII
1750 5053 2301 5113 ANNOTATIONES.

311 5157 432 5232 (δε)
454 5156 701 5232 nos!»
719 5152 1061 5232 ξιοφύμεῖρι
1089 5149 1518 5232 εντηύμεῐέρςξν
1537 5148 1849 5232 irim”

582 5220 924 5300 Epiphanius
953 5220 1324 5280 Scholasticus
1350 5220 1481 5293 legit
1509 5220 1608 5291 τὴν
1636 5220 1833 5292 ἡμετέ-

1060 5334 1083 5363 ο

1934 5166 2033 5231 ραν
2059 5189 2076 5214 ,
2117 5146 2585 5231 sie.en_i.m.'verti.t
2621 5164 2635 5202 :
2666 5145 2733 5204 In
2784 5148 3023 5207 omnibus
3054 5148 3383 5222 perhibcnm
3408 5163 3505 5203 no-

1935 5227 2062 5296 stra
2085 5225 2348 5292 aquitatis
2373 5225 2733 5274 intentionem.

1703 5375 2086 5435 VARIORUM.

314 5482 344 5514 ⁸
541 5477 771 5562 οἰκείαν
811 5474 1132 5556 εὐτροπίαν
1176 5471 1483 5596 ἶγώριμον.
1515 5473 1739 5528 Rectius
1770 5473 1827 5528 in

314 5554 424 5596 ten
470 5549 736 5596 alumne-
778 5546 877 5596 τὴν
909 5561 1018 5596 των
1057 5545 1170 5596 οίκε
1194 5560 1260 5596 αν
1286 5542 1569 5596 (mendose
1610 5558 1711 5596 nro
1749 5546 1827 5596 oi-

237 5549 427 5618 Veteri
452 5542 737 5613 editione,
778 5542 1018 5618 τὴντῶν
1057 5542 1260 5618 οίκείαν
1286 5542 1569 5618 (mendose
1610 5558 1711 5613 pro
1749 5546 1828 5618 oi-

237 5617 440 5690 κείων)
490 5620 640 5692 ηθων
674 5612 969 5689 εὐτροπίαν
1013 5612 1307 5686 γνώριμον,
1337 5628 1449 5683 quo
1490 5612 1623 5670 item
1663 5614 1827 5672 modo

1932 5473 2064 5544 legit
2117 5471 2456 5544 Epiphanius
2510 5470 2901 5544 Scholastieus,
2951 5483 3269 5544 sacramque
3300 5480 3502 5544 morum

1935 5533 2250 5616 probitatem
2277 5543 2474 5597 cunctis
2502 5542 2749 5616 innotuit.
2784 5533 3031 5616 monachi
3070 5533 3348 5593 Benedict.
3383 5533 3502 5591 Λιι-

1937 5610 2051 5671 not.
2082 5613 2135 5669 in
2164 5611 2449 5681 Albanas,
2484 5613 2593 5668 vol.
2619 5611 2662 5678 l,
2694 5627 2815 5683 pag.
2846 5610 2964 5665 175.
