4078 6210
551 289 648 350 271

1993 281 2327 337 SOCRATIS
3705 279 3814 335 2·ῖὶ

553 405 912 468 ducerentur,
943 401 1120 457 necati
1147 408 1293 456 sunt.
1329 400 1396 454 Et
1427 398 1542 454 haec
1575 397 1796 468 quidem
1822 411 1920 467 per
1948 411 2138 450 omnes

2241 396 2456 459 τοὶικὰς
2500 396 2715 460 πόλεις,
2753 396 3043 467 ἐξαιρέτως
3076 395 3130 447 δὲ
3181 395 3239 446 ἐν
3281 395 3346 463 τῇ
3397 395 3811 446 Κωνσταντίνου

555 494 721 550 urbes
768 492 1054 548 orientalis
1096 490 1313 562 imperii
1346 488 1700 561 gerebantur,
1732 487 1964 541 maxime
2000 501 2132 540 vero

553 583 1042 654 Constantinopoli.
1107 582 1257 636 lianc
1307 580 1622 635 intestinam
1666 578 2128 648 persecutionem,

556 695 681 734 cum
720 677 953 734 antehac
1001 675 1213 730 modica
1256 682 1424 739 esset,
1457 671 1809 730 Macedonius
1845 670 2130 740 episcopa-

555 781 672 827 tum
715 769 947 838 adeptus
992 767 1145 822 auxit
1190 766 1508 836 plurimum.
1551 763 1770 818 Achaiae
1807 777 1940 817 vero
1973 768 2030 816 et
2062 761 2134 816 ll-

553 859 709 931 }yrici
741 858 1009 921 civitates,
1031 864 1087 912 et
1113 856 1336 926 reliquae
1365 854 1720 911 occiduarum
1759 853 1997 924 partium
2028 853 2132 907 Ec-

554 953 753 1014 clesiae,
787 951 1096 1022 tranquillae
1116 949 1298 1004 adhuc
1323 955 1480 1005 erant
1516 957 1572 1002 et
1607 949 1975 1012 inconcussas;
2017 954 2133 1000 tum

2239 488 2411 541 πόλει.
2439 487 2636 541 Τοῦτον
2661 487 2761 557 μὲν
2787 483 2880 541 οὖν
2904 488 2995 539 τὸν
3025 485 3285 558 ἐμφύλιον
3313 484 3573 554 διωγμὸν,
3607 483 3813 555 βραχὺν

2239 579 2368 632 ὅντα
2408 579 2693 650 πρότερον,
2727 580 2806 640 είς
2837 578 2935 647 τὴν
2967 575 3270 646 ἐπισκοπὴν
3299 575 3588 646 παρελθὼν
3621 578 3810 630 Μακε-

2239 671 2412 734 δόνιος
2460 670 2714 741 ηύξησεν.
2749 670 2820 722 At
2850 669 2907 722 δὲ
2941 667 3068 739 περὶ
3107 667 3205 737 τὴν
3243 667 3468 721 Ἐλλάδα
3502 667 3688 732 πόλεις
3719 669 3815 722 καὶ

2254 759 2545 832 Ἰλλυριοὺς
2577 761 2767 814 καὶτὰ
2812 759 3041 829 ἑσπέρια
3090 757 3254 828 μέρη,
3290 757 3527 828 ἐμμενον
3560 758 3640 812 ἔτι
3675 760 3814 813 ἀσα-

2240 852 2438 917 λευτοι,
2473 853 2550 924 τῷ
2583 854 2891 924 συμφωνεῖν
2918 867 2976 904 τε
3009 848 3282 920 ἀλλήλοις,
3319 850 3414 903 καὶ
3444 848 3536 902 τὸν
3573 850 3815 919 παραδο-

2242 945 2402 998 θέντα
2435 945 2499 998 ἐκ
2527 945 2625 1015 τῆς
2651 948 2707 996 ἐν
2739 940 2947 1012 Nimia.
2984 939 3204 994 συνόδου
3231 939 3431 992 κανόνα
3455 942 3699 1010 κρατεῖν.

553 1047 700 1116 quod
726 1047 869 1101 inter
895 1061 952 1101 se
985 1044 1396 1108 consentirent,
1457 1050 1574 1097 tum
1600 1043 1746 1113 quod
1797 1041 1922 1097 ﬁdei
1968 1041 2209 1111 regulam
2249 1056 2278 1094 a
2307 1041 2526 1096 Nicmno
2565 1037 2800 1094 concilio
2837 1036 3091 1092 traditam
3130 1034 3565 1090 constantissime
3608 1035 3814 1090 retine-

556 1146 677 1192 rent
687 1179 699 1191 .

1126 1241 1277 1297 CAP.
1317 1242 1550 1298 XXVIII.

2787 1238 3038 1292 ΚΕΦΑΛ.
3075 1238 3210 1291 κη’.

556 1333 634 1388 De
665 1333 820 1387 malis
846 1331 1190 1416 Alexandriae.
1239 1335 1628 1416 perpeti-aliena
1676 1333 1896 1416 Georgio
1943 1335 2140 1388 Ariano

2245 1331 2381 1416 negl
2432 1328 2551 1416 ad»:
2596 1330 2924 1416 γεγὊτόςων
2975 1329 3045 1382 ἐν
3096 1324 3171 1406 ζῇ
3200 1327 3634 1416 ⁹’Ἀαΐεξ-,ἀ-ιςιξρὶείςι
3694 1331 3816 1416 ύπὸ

885 1418 950 1456 ex
980 1403 1290 1457 narratione
1319 1403 1482 1473 ipsius
1509 1403 1809 1458 Athanasii.

619 1578 749 1643 Quae
771 1590 901 1631 vero
919 1575 1186 1649 Georgius
1199 1577 1390 1632 eodem
1409 1585 1654 1648 tempore
1668 1579 2008 1635 Alexandria:
2027 1595 2154 1651 per-

2315 1395 2614 1468 Γεωργίού
2665 1395 2770 1452 τοῦ
2819 1395 3163 1466 Ἀρειανοῦ,
3189 1397 3258 1452 ἐκ
3290 1397 3401 1466 τῆς
3448 1399 3811 1454 Ἀθανασίου

2312 1470 2668 1539 διηγήσεως.
3554 1481 3560 1488 ’

2316 1577 2418 1634 Οἷα
2448 1579 2507 1633 δὲ
2538 1580 2604 1652 τῇ
2652 1576 3031 1648 ’Δλεξανδρεία
3064 1567 3334 1648 Γεὼργιοξ
3367 1578 3474 1632 ὑπὸ
3514 1578 3605 1632 τὸν
3651 1580 3817 1634 αὐτὸν

562 1670 810 1740 petrarit,
837 1668 1015 1739 ipsum
1043 1669 1424 1734 Athanasium,
1451 1669 1545 1738 qui
1567 1685 1632 1724 ea
1677 1671 1902 1740 pertulit
1950 1680 2006 1725 et
2055 1670 2140 1740 qui

2246 1676 2435 1747 χρόνον
2470 1671 2774 1743 εἰργάζετο,
2801 1673 2899 1742 τῆς
2927 1671 3105 1742 φωνῆς
3149 1672 3462 1725 ’Δθανασίου
3490 1671 3586 1726 τοῦ
3616 1689 3819 1728 πεπον-

562 1762 776 1816 cunctis
835 1760 1103 1824 interfuit,
1133 1769 1447 1816 narrantem
1495 1759 1800 1815 audiamus.
1844 1761 1943 1816 Hic
1978 1761 2140 1832 igitur

2247 1765 2399 1828 θότος
2427 1765 2522 1817 καὶ
2549 1763 2812 1834 παρόντος
2844 1763 2956 1824 τοῖς
2984 1763 3310 1830 γινομένοις,
3341 1763 3665 1816 ἐπάκουσον.
3725 1763 3818 1816 Ἐν

566 1855 619 1908 in
659 1852 1010 1924 Apologetico
1037 1867 1198 1921 quem
1225 1851 1292 1906 de
1319 1851 1442 1923 fuga
1470 1869 1567 1907 sua
1599 1851 1944 1920 conscripsit,
1964 1851 2032 1907 de
2054 1851 2140 1907 his

561 1960 682 2012 quia
737 1951 866 1997 tunc
908 1948 1060 2012 gesta
1108 1948 1238 1996 sunt
1282 1941 1533 2011 loquens,
1583 1941 1672 1996 his
1710 1942 1884 1996 utitur
1926 1942 2134 1997 verbis:

567 2035 720 2105 121
749 2033 880 2088 Inde
902 2031 1046 2087 enim
1070 2039 1340 2087 venerunt
1370 2031 1776 2097 Alexandriam,
1806 2032 2006 2087 iterum
2052 2047 2140 2088 me

563 2135 874 2198 quaerentes
897 2124 964 2181 ad
995 2139 1204 2180 necem.
1230 2123 1300 2179 Et
1325 2141 1445 2195 qua:
1473 2134 1588 2181 tum
1621 2135 1770 2196 gesta
1801 2135 1949 2191 sunt,
1981 2126 2140 2197 longe

563 2221 750 2290 pejora
780 2217 934 2272 fuere
957 2214 1256 2287 prioribus.
1299 2215 1498 2271 Milites
1527 2217 1673 2271 enim
1710 2225 1936 2286 repente
1960 2216 2139 2270 eccle-

541 2314 701 2367 siam
743 2307 1248 2373 circumdederunt,
1279 2317 1337 2362 et
1382 2309 1438 2363 in
1486 2307 1754 2363 orationis
1801 2307 1983 2362 locum
2019 2322 2142 2362 suc-

563 2404 730 2459 cessit
752 2401 1018 2473 praelium.
1046 2400 1177 2456 Post
1203 2400 1320 2456 haec
1342 2399 1628 2470 Georgius,
1646 2400 1741 2469 qui
1767 2414 1834 2453 ex
1855 2397 2139 2469 Cappado-

566 2497 650 2551 cia
679 2496 750 2550 ab
784 2494 916 2564 ipsis
947 2492 1148 2548 missus
1177 2490 1376 2555 fuerat,
1412 2489 1854 2560 Quadragesima'.
1897 2498 2142 2557 tempore

570 2584 997 2656 superveniens,
1051 2583 1260 2638 scelera
1329 2595 1452 2650 quae
1511 2580 1582 2634 ab
1649 2579 1785 2649 ipsis
1851 2577 2139 2643 didicerat,

567 2676 809 2732 adauxit.
835 2676 972 2731 Nam
993 2682 1116 2744 post
1147 2682 1368 2728 octavas
1392 2670 1633 2736 Paschaa,
1658 2669 1900 2740 virgines
1929 2669 1986 2722 in
2015 2684 2138 2724 car-

567 2782 749 2824 cerem
774 2765 1181 2829 .trudebantur;
1216 2761 1458 2834 episc0pi
1492 2776 1523 2815 a
1556 2761 1827 2815 militibus
1863 2760 2140 2816 duceban-

571 2871 658 2915 tur
707 2858 945 2914 vinculis
999 2855 1319 2918 constricti;
1359 2853 1696 2923 pupillorum
1744 2851 2143 2921 viduarumque

567 2950 714 3013 tedes
747 2959 804 3004 et
831 2961 1062 3002 annona:
1101 2943 1539 3013 diripiebantur:
1580 2940 1916 3010 irruptiones
1947 2942 2002 2994 in
2039 2941 2140 2995 do-

570 3011 689 3099 mos
743 3039 938 3094 factae:
985 3011 1287 3092 Christiani
1323 3041 1490 3088 noctu
1530 3031 1596 3086 ad
1637 3032 1908 3086 tumulum
1941 3031 2142 3100 depor-

2244 1855 2352 1926 γὰρ
2372 1852 2449 1924 τῷ
2467 1851 2870 1923 Ἀπολογητικῷ
2895 1853 3022 1924 περῖ¹
3051 1851 3148 1922 τῆς
3175 1852 3352 1922 φυγῆς
3377 1853 3400 1891 ¹ι
3431 1853 3622 1906 ἑαυτοῦ
3649 1853 3815 1924 λόγῳ,

2242 1947 2384 2002 κατὰ
2412 1943 2558 2010 λέξιν
2604 1944 2732 2015 περὶ
2777 1942 2886 1998 τῶν
2937 1945 3055 1998 ἐκεῖ
3083 1943 3467 2015 γεγενημένων
3505 1945 3666 2015 φησι.
3706 1945 3819 1998 Καὶ

2243 2037 2352 2108 γὰρ
2385 2037 2466 2100 είς
2487 2035 2587 2106 τὴν
2629 2035 3034 2107 Ἀλεξάνδρειαν
3058 2035 3372 2106 ἐπεφύησαν
3391 2035 3680 2106 ζητοῦντες
3708 2037 3817 2092 πά-

2243 2127 2327 2180 λιν
2353 2127 2501 2198 ἡμᾶς
2531 2125 2868 2180 ἀποκτεῖναι.
2907 2125 3016 2178 Καὶ
3042 2125 3230 2194 γέγονε
3253 2123 3322 2178 τὰ
3347 2124 3569 2196 ὕστερα,
3599 2127 3820 2198 χείρονα

2241 2217 2350 2270 τῶν
2383 2215 2636 2288 πρώτων.
2670 2214 3010 2286 Στρατιῶται
3037 2214 3148 2288 γὰρ
3187 2215 3448 2288 ἐξαίφνης
3477 2219 3578 2288 τὴν
3615 2219 3816 2290 ἐκκλη-

2243 2309 2366 2362 σίαν
2397 2306 2713 2362 ἐκύκλωσαν
2738 2346 2753 2371 ,
2789 2307 2882 2361 καὶ
2927 2307 2995 2361 τὰ
3038 2307 3291 2379 πολέμων
3332 2309 3451 2362 ἀντὶ
3497 2309 3602 2364 τῶν
3641 2310 3818 2380 εύχῶν

2243 2399 2468 2469 ἐγίνετο.
2490 2393 2624 2452 Εἶτα
2643 2397 2901 2452 εἰσελθὼν
2925 2401 2990 2470 τῇ
3028 2398 3479 2471 Τεσσαρακοστῇ,
3517 2401 3545 2452 ό
3570 2400 3703 2470 παρ’
3728 2401 3820 2454 a6-

2242 2491 2351 2545 τῶν
2386 2491 2710 2555 ἀποσταλεὶς
2740 2492 2804 2545 ἐκ
2837 2489 3229 2556 Καππαδοκίας
3259 2473 3548 2562 Γεώργιος,
3579 2492 3818 2563 ηῦξησεν

2243 2584 2279 2637 ἃ
2309 2586 2441 2656 παρ’
2469 2583 2647 2638 αὐτῶν
2684 2583 2972 2655 μεμάθηκε
2998 2583 3166 2637 κακά.
3197 2583 3351 2638 Μετὰ
3385 2584 3492 2654 γὰρ
3517 2583 3586 2637 τὰ
3613 2584 3820 2654 ἐδδομα

2243 2673 2338 2727 τοῦ
2386 2672 2614 2744 Πάσχα.
2642 2673 2902 2741 παρθένοι
2939 2675 3020 2734 είς
3064 2671 3436 2744 δεσμωτήριον
3483 2673 3774 2727 ἐϐάλλοντο
3802 2693 3816 2706 ·

2245 2766 2531 2820 ἐπίσκοποι
2557 2766 2752 2836 ἤγοντο
2781 2765 2886 2820 ὑπὸ
2919 2765 3267 2838 στρατιωτῶν
3292 2765 3562 2835 δεδεμένοι
3587 2782 3600 2795 ο
3641 2767 3817 2838 ὀρφα-

2243 2857 2351 2913 νῶν
2382 2859 2476 2912 καὶ
2507 2857 2692 2929 χηρῶν
2720 2856 3028 2929 ἡρπάζοντο
3071 2859 3240 2912 οίκίαι
3275 2875 3334 2911 τε
3374 2857 3465 2912 καὶ
3495 2858 3683 2928 ἄρτοιο
3719 2858 3818 2926 ἔφα

2242 2947 2352 3001 οδοι
2379 2947 2522 3000 κατὰ
2547 2947 2656 3000 τῶν
2675 2947 2860 3003 οἰκιῶν
2875 2948 3111 3013 ἐγίνοντο
3127 2963 3142 2980 ⁶
3172 2947 3268 3001 καὶ
3285 2943 3534 3010 νυκτδςόἱ
3558 2948 3819 3018 Χριστια-

2245 3039 2326 3094 νοὶ
2388 3037 2771 3110 κατεφέροντο.
2849 3039 3398 3111 Ἐπεσφραγίσθησαν
3448 3039 3662 3092 οἰκίαι·
3723 3040 3819 3093 καὶ

572 3131 689 3187 tati.
733 3127 1173 3199 Obsignabantur
1213 3123 1430 3187 domus,
1477 3129 1535 3176 et
1567 3121 1895 3176 clericorum
1943 3119 2140 3176 fratres

2243 3131 2461 3200 ἀδελφοὶ
2511 3131 2790 3203 κληρικῶν
2818 3131 2960 3203 ὑπὲρ
3007 3131 3117 3185 τῶν
3163 3130 3406 3201 ἀδελφῶν
3456 3130 3816 3184 ἐκινδύνευον.

572 3237 669 3294 pro
707 3219 972 3275 fratribus
1009 3217 1126 3272 suis
1151 3213 1623 3286 periclitabantur.
1673 3211 1870 3268 Gravia
1913 3211 2136 3282 quidem

572 3313 676 3368 ista
701 3329 716 3365 :
744 3310 839 3366 sed
864 3309 1035 3365 multo
1062 3307 1313 3379 graviora
1347 3305 1501 3361 fuere
1527 3319 1649 3374 quae
1675 3311 1865 3375 postea
1885 3304 2140 3360 commis-

571 3419 628 3462 sa
667 3411 816 3459 Sunt.
850 3399 1199 3457 “ebdomade
1228 3399 1376 3455 enim
1430 3413 1552 3468 quae
1591 3403 1676 3451 est
1724 3404 1850 3466 post
1895 3404 2139 3450 sanctam

571 3498 952 3559 Pcntecosten,
1024 3492 1258 3564 populus
1311 3505 1436 3544 cum
1493 3488 1824 3560 jejunasset,
1876 3486 2141 3542 orationis

574 3604 734 3645 causa
757 3601 1011 3659 egressus
1037 3593 1122 3640 est
1145 3584 1211 3639 ad
1251 3580 1650 3644 coemeterium,
1679 3594 1744 3634 eo
1777 3579 1924 3649 quod
1951 3592 2141 3633 omnes

574 3679 1010 3736 communionem
1071 3692 1194 3731 cum
1230 3674 1464 3744 Georgio
1524 3678 1929 3728 aversarentur.
1985 3669 2140 3736 Quod

574 3772 666 3826 ubi
697 3770 891 3825 didicit
919 3767 1287 3838 nequissimus
1317 3764 1601 3834 Georgius,
1626 3762 2006 3818 Sebastianum
2034 3761 2139 3816 du-

570 3878 711 3928 cem,
743 3867 890 3916 secta
922 3857 1303 3920 Manicheum,
1349 3854 1612 3910 adversus
1645 3869 1740 3907 eos
1775 3852 2014 3920 instigat.
2046 3851 2140 3905 Ille

571 3968 695 4010 cum
750 3948 1101 4006 multitudine
1136 3947 1371 4003 militum
1412 3953 1768 4008 armatorum,
1813 3942 2022 4013 gladios
2058 3941 2140 3997 di-

570 4051 795 4108 strictos
822 4060 1091 4115 arcusque
1112 4051 1168 4099 et
1192 4041 1295 4098 tela
1323 4039 1668 4111 gestantium,
1694 4037 1897 4107 impetu
1923 4035 2066 4090 facto
2084 4036 2138 4089 in

570 4139 832 4214 populum
881 4135 1046 4191 irruit
1081 4133 1173 4189 die
1213 4131 1517 4187 Dominico.
1565 4128 1868 4196 Paucisque
1909 4125 2144 4181 inventis

570 4233 664 4306 qui
704 4230 942 4289 orationi
977 4226 1245 4284 vacabant
1277 4241 1290 4278 :
1330 4222 1583 4294 plerique
1621 4221 1770 4275 enim
1812 4219 1883 4274 ob
1927 4225 2144 4288 tempus

571 4325 677 4381 diei
705 4325 814 4395 jam
841 4321 1238 4378 discesserant:
1261 4315 1385 4370 talia
1401 4313 1586 4385 gessit,
1611 4311 1792 4382 qualia
1809 4310 1992 4365 decuit
2017 4323 2142 4364 eum

571 4432 730 4486 agere
760 4415 855 4484 qui
881 4411 1103 4467 Arianis
1127 4407 1376 4480 parebat.
1406 4405 1635 4460 Incensa
1657 4401 1803 4458 enim
1841 4417 1993 4472 rogo,
2026 4401 2141 4454 vir-

2238 3221 2349 3275 Kal.
2374 3221 2523 3276 δεινὰ
2567 3222 2665 3292 μὲν
2701 3219 2905 3276 ταῦτα’
2950 3221 3228 3294 δεινότερα
3266 3221 3346 3284 δὲ,
3374 3221 3443 3275 τὰ
3488 3222 3626 3292 μετὰ
3647 3221 3826 3275 ταῦτα

2237 3311 2638 3383 τετολμημένα.
2663 3313 2742 3383 Τῇ
2773 3312 2882 3383 γὰρ
2916 3311 3171 3384 ἐδδομάδι
3203 3312 3342 3383 μετὰ
3367 3312 3466 3384 τὴν
3494 3311 3656 3382 ἁγίαν
3683 3313 3833 3367 Hav-

2237 3402 2529 3474 τηκοστὴν,
2551 3405 2580 3456 ό
2609 3402 2737 3466 λαὸς
2769 3402 3071 3474 νηστεύσας
3101 3402 3290 3473 ἐξῆλθε
3314 3403 3440 3474 περὶ
3467 3403 3531 3455 τὸ
3555 3407 3832 3476 κοιμητή-

2242 3511 2359 3565 ριον
2401 3493 2662 3561 εὔξασθαι
2689 3533 2704 3558 ,
2753 3493 2842 3548 διὰ
2889 3494 2950 3546 τὺ
2988 3495 3200 3557 πάντας
3243 3494 3682 3565 ἀποστρέφεσθαι
3719 3496 3832 3566 τὴν

2240 3587 2376 3658 πρὸς
2395 3586 2663 3658 Γεώργιον
2683 3589 2990 3641 κοινωνίαν.
3033 3586 3193 3640 Ἀλλὰ
3217 3586 3373 3640 τοῦτο
3400 3585 3587 3656 μαθὼν
3616 3588 3645 3639 ό
3667 3603 3830 3656 παμ-

2242 3679 2477 3751 πόνηρος
2506 3679 2704 3744 αὐτὸς,
2739 3679 3033 3746 παροξύνει
3083 3678 3174 3732 τὸν
3221 3677 3599 3750 στρατηλάτην
3646 3678 3832 3732 Σεϐα-

2242 3771 2456 3824 στιανδν
2489 3772 2787 3841 Μανιχαῖον
2807 3770 2956 3823 ὄντα.
2989 3770 3094 3823 Καὶ
3120 3769 3308 3823 λοιπὸν
3329 3771 3490 3834 αὐτὸς
3510 3773 3646 3842 μετὰ
3677 3773 3797 3843 πλή
3812 3801 3834 3816 ο

2242 3860 2368 3924 θους
2398 3860 2767 3932 στρατιωτῶν,
2799 3860 2938 3915 ὅπλα
2966 3861 3057 3914 καὶ
3087 3861 3215 3931 ξίφη
3243 3861 3426 3932 γυμνὰ
3453 3863 3546 3914 καὶ
3575 3862 3704 3926 τόξα
3725 3866 3831 3918 καὶ

2244 3949 2374 4021 βέλη
2405 3951 2702 4022 φερόντων,
2737 3951 2997 4022 ὥρμησεν
3036 3955 3093 4005 ἐν
3131 3952 3266 4022 αὐτῇ
3297 3955 3362 4023 τῇ
3391 3951 3640 4022 Κυριακῇ
3677 3955 3830 4008 κατὰ

2241 4042 2348 4096 τῶν
2394 4042 2558 4095 λαῶν.
2610 4043 2721 4096 Καὶ
2754 4043 2969 4111 ὀλίγους
3000 4041 3176 4115 εὑρὼν
3207 4044 3533 4113 εὐχομένους
3565 4083 3579 4110 ,
3611 4044 3660 4096 oi
3709 4045 3830 4116 γὰρ

2242 4133 2483 4186 πλεῖστοι
2506 4134 2692 4187 λοιπὸν
2723 4132 2812 4186 διὰ
2831 4133 2930 4204 τὴν
2958 4133 3107 4205 ὥραν
3132 4133 3590 4205 ἀναχωρήσαντες
3605 4133 3825 4204 ἔτυχον,

2242 4224 2465 4278 τοιαῦτα
2498 4223 2843 4295 εἰργάσαντο,
2879 4219 2967 4278 οἷα
3011 4223 3142 4294 παρ’
3195 4222 3377 4276 αὐτῶν
3415 4222 3623 4294 ἔπρεπε
3675 4241 3829 4295 πρα-

2248 4318 2462 4389 χθῆναι.
2493 4319 2781 4392 Πυρκαῖὰν
2811 4317 2920 4388 γὰρ
2947 4315 3112 4386 ἆψας,
3139 4315 3234 4370 καὶ
3276 4317 3479 4386 στήσας
3518 4316 3832 4386 παρθένους

2245 4410 2395 4482 παρὰ
2439 4410 2500 4464 τὸ
2541 4410 2672 4481 πῦρ,
2709 4410 2985 4480 ἠνάγκαζε
3026 4409 3204 4477 λέγειν
3247 4407 3414 4471 αὑτὰς
3449 4411 3548 4479 τῆς
3608 4409 3832 4478 Ἀρείου

572 4481 724 4572 gines
756 4481 865 4573 igni
899 4501 1146 4554 admotas
1167 4497 1412 4568 proﬁteri
1435 4495 1610 4566 coegit
1662 4509 1720 4549 se
1746 4492 1975 4548 Arianas
1998 4508 2138 4548 esse.

2245 4481 2480 4565 πίστεως
2505 4498 2666 4556 εἶναι.
2708 4502 2795 4564 Ὠς
2817 4500 2876 4553 δέ
2903 4499 3140 4562 νικώσας
3173 4497 3341 4562 αύτὰς
3373 4498 3588 4560 ἑϐλεπε,
3625 4499 3720 4552 καὶ
3748 4502 3834 4572 μὴ

572 4596 639 4650 lit
668 4608 792 4648 cum
836 4591 958 4644 illas
999 4590 1202 4643 invicto
1243 4587 1426 4641 animo
1464 4601 1584 4639 esse
1623 4583 1974 4653 flammasque
2008 4600 2142 4638 con-

559 4695 815 4758 ,temnere
853 4680 1087 4743 videret,
1109 4677 1373 4732 detractis
1406 4675 1610 4744 quibus
1639 4674 1964 4743 tegebantur
1985 4674 2142 4739 velis,

571 4775 645 4830 ira
681 4771 873 4826 faciem
904 4769 1120 4824 illarum
1152 4765 1375 4830 cecidit,
1402 4773 1463 4819 ut
1495 4773 1618 4835 post
1643 4767 1845 4818 muttos
1863 4763 1985 4820 dies
2002 4779 2146 4834 aegre
2179 4759 2198 4764 ”

2245 4587 2636 4658 φροντιζούσας
2661 4586 2753 4640 τοῦ
2782 4586 2973 4658 πυρὸς,
3001 4585 3296 4657 γυμνώσας
3322 4586 3526 4651 λοιπὸν,
3548 4586 3692 4640 οὕτω
3719 4607 3836 4643 κοι-

2244 4677 2473 4748 τέκοψεν
2504 4678 2675 4742 αὑτὰς
2705 4679 2785 4741 είς
2816 4679 2884 4732 τὰ
2913 4678 3201 4749 πρόσωπα,
3234 4677 3310 4742 ὡς
3341 4677 3481 4745 μετὰ
3497 4680 3686 4750 χρόνον
3722 4685 3836 4750 μό-

2203 4759 2208 4766 ’
2247 4784 2334 4837 γις
2403 4769 2808 4839 ἐπιγνωσθῆναι
2831 4786 2848 4803 ο
2887 4770 3089 4841 ἄνδρας
3125 4787 3185 4824 τε
3225 4772 3508 4843 κρατήσας
3548 4777 3839 4845 τεσσαρά-

1727 4939 2086 4996 VARIORUM
2126 4941 2677 5001 ANNOTATIONES.

641 5065 668 5105 ιι
713 5067 820 5122 Ἕν
837 5063 916 5128 τῷ
957 5062 1397 5133 Ἀπολογνητικῷ
1425 5058 1706 5133 περὶμτῆς
1739 5059 1957 5133 φυγῆς.
1997 5060 2134 5118 Cum

569 5137 779 5196 inimici
823 5133 1105 5191 Athanasii
1140 5131 1303 5203 paulo
1325 5141 1451 5188 ante
1482 5133 1537 5186 in
1562 5131 1667 5185 fine
1695 5145 1814 5203 cap.
1840 5131 1910 5203 20
1931 5146 2137 5189 memo-

572 5209 697 5270 rati,
737 5221 879 5276 aegre
910 5204 1118 5276 ferrent
1142 5201 1276 5276 eum
1315 5203 1441 5276 fuga
1482 5217 1603 5256 sese
1651 5201 2011 5276 proripuisse,
2054 5217 2136 5276 iac

571 5271 1062 5345 cruentasSyriani
1085 5273 1242 5345 ducis
1263 5271 1746 5345 evasisseumanus
1765 5311 1780 5335 ,
1813 5271 1993 5345 fugam
2017 5275 2137 5345 ejus

573 5344 850 5404 criminari
875 5340 1134 5413 aggressi,
1159 5342 1468 5397 timiditatis
1495 5340 1646 5413 illum
1671 5340 1992 5413 arguebant,
2018 5340 2139 5396 ani-

572 5431 831 5486 mumque
882 5411 1240 5486 iri—periculis
1285 5428 1386 5486 ρῳ
1431 5411 1634 5479 populo
1695 5412 2140 5486 suo_subeundis

574 5480 828 5556 ignavum
873 5480 1302 5556 exprobrabant.
1329 5480 1502 5556 Quam
1543 5487 1603 5556 ut
1630 5481 1974 5556 propulsaret
2003 5495 2138 5556 con-

574 5548 852 5611 tumeliam
884 5548 1231 5614 Athanasius,
1277 5549 1496 5619 scripsit
1537 5548 1854 5619 Apologiam
1898 5551 1967 5604 de
2013 5549 2139 5619 fuga

571 5642 709 5692 sua;
753 5627 808 5681 in
865 5638 973 5694 qua
1020 5621 1330 5691 exemplum
1377 5617 1540 5694 affert
1584 5617 1834 5694 veterum
1880 5617 2136 5694 Patrum,

568 5686 992 5766 prophetarum,
1054 5686 1270 5748 necnon
1326 5686 1749 5760 apostolorum;
1809 5688 1919 5745 imo
1965 5688 2140 5758 ipsius

2241 5063 2468 5138 Christi.
2492 5065 2593 5138 qui
2607 5081 2719 5138 non
2757 5068 2934 5123 solum
2969 5068 3137 5124 verbo
3165 5066 3355 5122 docuit
3387 5083 3509 5124 esse
3546 5069 3602 5123 in
3633 5084 3846 5138 perse-

2243 5135 2464 5206 cutione
2485 5135 2804 5206 fugiendum
2829 5139 2899 5193 ab
2930 5154 3036 5193 una
3059 5138 3279 5193 civitate
3306 5139 3364 5193 in
3393 5139 3590 5205 aliam;
3630 5135 3724 5192 sed
3774 5152 3850 5196 et

2243 5203 2360 5278 ipse
2388 5204 2455 5278 ad
2480 5203 2671 5261 necem
2702 5208 3062 5278 conquisitus,
3100 5206 3246 5262 haud
3279 5203 3447 5262 semel
3471 5209 3847 5278 seseisubdu-

2243 5275 2344 5349 xit.
2387 5275 2620 5349 Demum
2646 5275 2868 5349 enarrat
2910 5293 3021 5349 quo
3058 5287 3220 5347 pacto
3259 5278 3483 5349 obsessa
3525 5277 3848 5349 a_Syriano

2245 5293 2344 5329 xu.
2387 5293 2620 5330 uemum
2646 5293 2868 5333 enarrat
2910 5293 3021 5400 quo
3058 5293 3220 5347 paeto
3259 5293 3483 5332 onscssa
3525 5293 3555 5330 ιι
3592 5293 3848 5349 aynano

2245 5344 2386 5417 duce
2422 5346 2753 5400 ecclesia.in
2777 5363 2884 5417 qua
2911 5347 2926 5400 i
2951 5348 3001 5402 le
3025 5358 3138 5402 tum
3176 5348 3521 5412 versabatur,
3550 5347 3660 5401 Deo
3699 5351 3848 5417 opi-

2239 5416 2476 5486 tulante,
2503 5425 2716 5470 tantum
2738 5416 2913 5486 evasit
2938 5417 3270 5486 periculum.
3291 5417 3508 5486 Scripta
3530 5426 3614 5471 est
3637 5416 3849 5475 autem

2243 5433 2476 5478 tutante,
2503 5433 2716 5470 tantum
2738 5433 2913 5470 evasu
2976 5433 3270 5472 ertcutum.
3292 5433 3508 5486 acripta
3530 5433 3614 5471 εει
3637 5433 3847 5475 autem

2243 5482 2360 5564 haec
2388 5486 2824 5564 A_pologia_anno
2854 5433 3068 5564 55¥vel
3120 5486 3244 5551 558,
3285 5502 3432 5564 anno
3471 5486 3705 5548 scilicet,
3727 5491 3847 5564 vel

2241 5551 2466 5625 biennio
2495 5551 2618 5625 post
2655 5554 2857 5625 fugam,
2885 5566 2947 5610 ut
2990 5555 3194 5611 docent
3229 5556 3516 5613 eruditiss.
3566 5557 3848 5614 monachi

2243 5619 2803 5681 Benedictini‘sua'in
2832 5640 2954 5682 eam
2984 5625 3394 5682 Admonitione.
