4078 6210
391 277 492 333 23!

1384 286 1705 343 HISTORIA
1745 288 2296 347 ECCLESIASTICA.
2336 324 2405 333 —
2446 294 2574 349 LIB.
2619 297 2684 349 11.

3529 305 3636 358 282

389 394 459 446 ἐκ
486 393 695 462 νεκρῶν
726 396 788 463 τῇ
817 393 974 466 τρίτῃ
999 395 1179 465 ἡμέρᾳ
1199 437 1213 459 ,
1244 397 1336 450 καὶ
1367 399 1741 470 ἀναληφθέντα
1766 403 1844 465 εἰς
1867 403 1950 455 οὑ-

2059 405 2338 462 dexteram
2401 410 2610 464 Patris:
2671 417 2728 464 et
2792 408 2844 463 in
2885 418 3129 465 extrema
3172 415 3354 469 smculi
3391 417 3634 474 clausula

390 488 574 556 ρανὸν,
603 487 695 538 καὶ
726 485 1024 539 καθίσαντα
1051 489 1114 539 ἐκ
1139 487 1326 554 δεξιῶν
1352 490 1445 543 τοῦ
1471 493 1681 560 Πατρὸς
1700 533 1712 553 ,
1740 495 1832 547 καὶ
1864 497 1956 566 ὲρ-

389 571 616 640 χύμενον
644 571 736 624 ἐπὶ
768 571 1048 642 συντελείᾳ
1070 572 1163 625 τοῦ
1193 575 1384 639 αἰῶνος
1415 581 1596 648 κρῖναι
1627 579 1831 645 ζῶντας
1863 584 1958 636 καὶ

389 660 641 731 νεκροὺς,
671 661 765 713 καὶ
789 661 1083 716 ἀποδοῦναι
1107 665 1320 736 ἑκάστῳ
1344 669 1486 722 κατά
1508 669 1577 723 τά
1601 671 1736 741 ἔργα
1758 673 1922 726 αὑτοῦ
1941 691 1954 704 ο

385 743 451 802 οὗ
482 751 516 819 ἡ
553 749 800 819 βασιλεία
838 752 1258 818 ἀκατάπαυστος
1278 753 1413 810 οὖσα
1442 757 1688 830 διαμένει
1718 763 1799 826 είς
1829 765 1956 827 τοὺς

387 839 649 910 ἀπείρους
679 841 900 904 αἰῶναςο
923 840 1075 896 ἔσται
1095 844 1200 916 γὰρ
1224 846 1584 918 καθεζόμενος
1600 852 1656 902 ἐν
1675 851 1823 923 δεξιᾷ
1861 854 1953 908 τοῦ

386 928 628 998 Πατρὸς,
653 931 713 982 οὐ
747 931 904 1000 μόνον
933 933 990 985 ἐν
1014 932 1090 1002 τῷ
1119 934 1481 1007 αἰῶνιτούτῳ,
1512 939 1645 993 ἀλλά
1674 943 1766 995 καὶ
1790 945 1847 996 ὲν
1879 945 1957 1015 τῷ

388 1019 771 1087 potest-Mat
791 1022 872 1084 εἰς
890 1023 950 1073 τὸ
967 1022 1185 1094 Πνεῦμα
1202 1026 1263 1079 τὸ
1287 1028 1457 1095 ἆγιον,
1472 1032 1712 1086 τουτέστι
1734 1035 1824 1088 τὸν
1841 1037 1956 1090 lla-

388 1107 678 1178 ράκλητον·
695 1109 832 1180 ὅπερ
848 1113 1305 1186 ἐπαγγειλάμενος
1329 1121 1442 1180 τοῖς
1471 1121 1783 1186 ἀποστόλοις
1820 1125 1957 1194 μετά

384 1198 485 1269 τὴν
514 1201 594 1262 εἰς
621 1201 877 1264 οὐρανοὺς
909 1202 1093 1258 ἄνοδον
1128 1205 1443 1263 ἀποστεῖλαι
1476 1210 1683 1276 διδάξαι
1713 1217 1806 1268 καὶ
1827 1219 1955 1270 ὑπο-

388 1290 589 1360 μνῆσαι
617 1291 815 1352 αὐτοὺς
843 1295 1040 1356 πάντα,
1070 1295 1330 1367 ἔπεμψεν·
1353 1296 1491 1355 δι’οὗ
1517 1304 1612 1356 καὶ
1634 1305 1954 1373 ἀγιάζονται

385 1381 446 1433 αἱ
465 1381 572 1434 τῶν
582 1381 890 1453 εἰλικρινῶς
904 1385 983 1446 εἰς
994 1386 1152 1439 αὑτὸν
1164 1391 1603 1446 πεπιστευκότων
1624 1394 1793 1465 ψυχαί
1800 1398 1956 1462 ,Τοὺς

383 1468 445 1520 δὲ
472 1467 726 1536 λέγοντας
753 1470 810 1536 ἐξ
839 1471 939 1524 οὐκ
965 1471 1133 1525 ὄντων
1160 1474 1250 1527 τὸν
1282 1477 1424 1540 Υἱὸν,
1466 1479 1499 1550 ἢ
1530 1481 1588 1547 ἐξ
1607 1483 1796 1554 ἑτέρας
1816 1487 1952 1538 ὑπο-

386 1559 651 1622 στάσεως,
669 1561 762 1614 καὶ
776 1562 850 1632 μὴ
879 1564 944 1614 ὲκ
959 1562 1052 1615 τοῦ
1072 1563 1225 1632 Θεοῦ,
1245 1567 1339 1620 καὶ
1369 1570 1449 1621 ὅτι
1463 1565 1532 1640 ἦν
1547 1572 1737 1643 χρόνος
1765 1575 1795 1644 ἢ
1823 1576 1957 1631 αἰὼν

384 1657 474 1709 ὅτε
506 1655 608 1708 οὐκ
645 1650 714 1724 ἦν
739 1695 754 1718 ,
797 1656 1108 1728 ἀλλοτρίους
1139 1655 1277 1714 οἶδεν
1301 1663 1334 1731 ἡ
1383 1662 1513 1731 ἀγία
1544 1666 1635 1718 καὶ
1679 1668 1955 1742 Καθολικὴ

2058 511 2325 558 venturus
2354 512 2458 565 est,
2493 513 2552 558 ut
2592 504 2802 574 judicet
2835 503 2988 557 vivos
3013 519 3076 558 ac
3109 516 3373 573 mortuos,
3425 519 3482 565 et
3516 514 3637 567 uni-

2056 591 2256 661 cuique
2301 593 2493 648 reddat
2534 593 2842 649 mercedem
2889 607 3116 662 operum
3168 610 3431 652 suorum:
3481 604 3637 673 cujus

2058 697 2284 752 regnum
2308 692 2656 754 perpetuum,
2690 701 2792 740 nec
2820 699 3061 754 unquam
3093 684 3420 754 desiturum,
3452 691 3506 746 in
3555 693 3637 748 in-

2057 773 2209 830 ﬁnita
2234 785 2519 846 permanet
2545 778 2780 833 saecula:
2814 776 2920 832 erit
2951 775 3098 831 enim
3145 777 3342 834 sedens
3387 782 3456 835 ad
3502 785 3634 839 dex-

2057 871 2229 919 teram
2261 866 2459 930 Patris,
2505 883 2617 921 non
2667 867 2844 921 solum
2899 867 2952 921 in
3011 865 3118 919 hoc
3169 867 3386 932 saeculo,
3445 885 3632 925 verum

2054 953 2220 1008 etiam
2250 954 2306 1008 in
2331 955 2536 1009 futuro.
2582 956 2650 1010 Et
2698 957 2754 1010 in
2795 955 3063 1025 Spiritum
3127 964 3399 1021 sanctum,
3445 958 3498 1011 id
3552 969 3636 1014 est

2055 1042 2429 1097 Paracletum:
2466 1060 2630 1113 quem
2660 1044 2942 1114 pollicitus
2977 1045 3237 1114 apostolis
3286 1047 3402 1100 suis
3454 1047 3637 1102 Domi-

2053 1147 2178 1196 nus,
2205 1139 2328 1200 post
2359 1149 2643 1188 ascensum
2675 1135 2728 1188 in
2757 1137 2954 1190 celum
2998 1136 3166 1200 misit,
3204 1145 3263 1190 ut
3314 1138 3534 1192 doceret
3571 1138 3636 1192 il-

2057 1220 2138 1276 los
2158 1230 2214 1276 et
2243 1232 2492 1278 moneret
2519 1224 2734 1289 omnia;
2765 1240 2862 1294 per
2888 1240 3048 1294 quem
3086 1225 3249 1279 etiam
3287 1225 3631 1279 sanctiﬁcan-

2058 1317 2148 1364 tur
2200 1312 2396 1364 animae
2423 1327 2615 1366 eorum
2655 1313 2748 1381 qui
2791 1314 2847 1366 in
2895 1314 3073 1382 ipsum
3118 1314 3330 1368 sincere
3387 1314 3635 1368 credide-

2058 1402 2187 1455 rint.
2220 1403 2328 1456 Eos
2348 1411 2532 1457 autem
2557 1403 2650 1474 qui
2679 1404 2871 1458 dicunt
2911 1405 3110 1458 Filium
3143 1405 3239 1458 Dei
3281 1420 3347 1458 ex
3399 1405 3466 1458 iis
3513 1421 3634 1473 qua:

2057 1509 2163 1548 non
2203 1501 2380 1558 erant,
2419 1505 2514 1549 aut
2557 1511 2626 1548 ex
2657 1496 2763 1550 alia
2795 1509 2915 1550 esse
2938 1494 3265 1558 substantia,
3302 1510 3410 1548 non
3450 1504 3631 1549 autem

2057 1599 2124 1638 ex
2169 1583 2317 1636 Deo:
2353 1590 2410 1638 et
2450 1584 2619 1639 fuisse
2667 1593 2883 1654 tempus
2917 1592 3012 1638 aut
3049 1583 3307 1637 saeculum
3353 1598 3477 1637 cum
3524 1600 3632 1638 non

2060 1673 2367 1737 exsisteret,
2400 1674 2608 1728 alienos
2647 1691 2676 1728 a
2717 1690 2774 1729 se
2796 1681 2982 1729 censet
3019 1682 3204 1728 sancta
3255 1681 3312 1728 et
3355 1674 3632 1729 Catholica

745 1747 912 1800 Πάλιν
933 1744 1024 1801 οὖν
1055 1750 1306 1820 ἐροῦμεν,
1329 1752 1486 1817 εἴτις
1511 1756 1599 1809 τὸν
1623 1758 1842 1830 Πατέρα
1864 1764 1950 1816 καὶ

2058 1763 2323 1818 Ecclesia.
2351 1764 2556 1818 lterum
2583 1780 2712 1834 ergo
2739 1765 3001 1819 dicimus:
3060 1765 3104 1818 si
3141 1764 3264 1832 quis
3312 1764 3528 1818 Patrem
3575 1773 3630 1819 et

383 1830 474 1882 τὸν
503 1832 632 1886 Υἱὸν
659 1833 753 1886 δύο
781 1835 924 1902 λέγει
953 1835 1118 1900 θεοὺς
1137 1877 1151 1901 ,
1190 1839 1436 1910 ἀνάθεμα
1466 1841 1623 1900 ἔστω.
1659 1845 1768 1898 Καὶ
1798 1847 1850 1900 εῑ
1867 1865 1950 1911 τις

381 1920 555 1988 λέγων
591 1923 727 1976 Θεὸν
763 1925 856 1978 τὸν
884 1926 1116 1995 Χριστὸν
1145 1927 1255 1998 (97)
1302 1929 1408 1998 πρὸ
1445 1931 1655 1987 αἰώνων
1685 1934 1812 1988 Υἰὸν
1849 1937 1946 1990 τοῦ

382 2011 552 2078 Θεοῦ,
579 2013 963 2084 ὑπουργηκότα
1000 2015 1075 2086 τῷ
1107 2017 1280 2087 Πατρὶ
1308 2021 1388 2082 εἰς
1413 2021 1512 2090 τὴν
1536 2022 1645 2076 τῶν
1681 2024 1818 2081 ὅλων
1850 2027 1949 2099 δη-

386 2104 680 2172 μιουργίαν
713 2107 785 2174 μὴ
825 2107 1143 2178 ὁμολογοίη,
1175 2109 1422 2180 ἀνάθεμα
1450 2113 1609 2167 ἓστω.
1639 2116 1703 2169 Et
1725 2135 1810 2181 τις
1856 2121 1948 2173 τὸν

380 2194 702 2265 ἀγέννητον,
732 2195 762 2265 ἢ
800 2196 964 2267 μέρος
991 2197 1178 2261 αὑτοῦ,
1223 2201 1287 2252 ὲκ
1317 2202 1535 2271 Μαρίας
1562 2203 1737 2273 λέγειν
1759 2224 1948 2276 γεγενν·

381 2284 578 2353 νῆσθαι
601 2285 792 2356 τολμᾷ,
829 2287 1072 2358 ἀνάθεμα
1093 2289 1252 2343 ἔστω.
1281 2291 1349 2343 Εἴ
1365 2308 1448 2354 τις
1476 2294 1615 2346 κατά
1640 2296 1946 2365 πρόγνωσιν

379 2375 474 2426 τὸν
494 2376 558 2427 ὲκ
585 2376 808 2446 Μαρίας
835 2376 985 2445 λέγοι
1025 2378 1137 2430 υἰὸν
1168 2374 1328 2442 εἰναι,
1375 2382 1466 2433 καὶ
1499 2381 1574 2453 μὴ
1608 2383 1711 2454 πρὸ
1735 2384 1948 2440 αἰώνων

378 2466 444 2520 ὲκ
477 2466 568 2519 τοῦ
601 2466 815 2535 Πατρὸς
856 2468 1248 2539 γεγεννημένον
1298 2470 1433 2540 πρὸς
1477 2470 1569 2524 τὸν
1607 2472 1738 2526 Θεὸν
1778 2473 1941 2539 εἶναι,

381 2557 476 2607 καὶ
500 2556 568 2609 δι’
604 2555 770 2608 αὑτοῦ
797 2558 1122 2629 γεγενῆσθαι
1147 2559 1218 2612 τὰ
1261 2560 1467 2625 πάντα,
1499 2562 1748 2634 ἀνάθεμα
1782 2563 1945 2622 ἔστω.

381 2647 445 2697 Εἰ
477 2663 560 2709 τις
587 2647 687 2716 τὴν
719 2647 903 2700 οὐσίαν
934 2647 1024 2702 τοῦ
1049 2649 1182 2702 Θεοῦ
1227 2650 1617 2718 πλατύνεσθαι,
1647 2654 1680 2725 ἢ
1728 2655 1948 2708 συστέλ-

380 2735 569 2788 λεσθαι
606 2737 839 2804 φάσκοι,
879 2737 1125 2810 ἀνάθεμα
1155 2738 1312 2794 ἔστω.
1346 2741 1416 2796 Εἴ
1433 2760 1517 2807 τις
1541 2743 1946 2817 πλατυνομένην

380 2825 479 2896 τὴν
505 2827 694 2880 οὐσίαν
711 2828 803 2881 τοῦ
827 2829 961 2882 Θεοῦ
989 2830 1077 2883 τὸν
1101 2831 1226 2884 Υἰὸν
1246 2831 1391 2900 λέγοι
1410 2837 1604 2898 ποιεῖν,
1631 2835 1664 2905 ἢ
1693 2835 1784 2889 τὸν
1808 2837 1946 2892 πλα-

379 2919 586 2987 τυσμὸν
628 2918 730 2988 τῆς
771 2920 959 2984 οὐσίας
1001 2921 1168 2975 αὐτοῦ
1213 2922 1340 2975 Υίὸν
1368 2922 1658 2994 ὀνομάζει,
1697 2925 1946 2998 ἀνάθεμα

381 3009 544 3062 ιστω.
579 3009 648 3063 Εἴ
663 3027 747 3074 τις
773 3010 1070 3065 ἐνδιάθετον
1097 3012 1130 3080 ἢ
1160 3014 1486 3084 προφορικὸν
1503 3013 1656 3084 λόγον
1688 3016 1834 3086 λέγοι
1855 3018 1946 3072 τὸν

380 3097 512 3150 Υἰὸν
533 3097 626 3150 τοῦ
651 3098 808 3162 Θεοῦ,
839 3099 1081 3171 ἀνάθεμα
1102 3101 1260 3155 ἔστω.
1292 3103 1361 3155 Εἴ
1373 3121 1455 3166 τις
1485 3105 1766 3176 ἄνθρωπον
1787 3107 1946 3178 μόνον
1972 3088 2018 3151 ο

380 3187 531 3256 λέγοι
552 3188 643 3241 τὸν
669 3189 792 3241 Υίὸν
816 3190 906 3245 τὸν
939 3193 1003 3244 ὲκ
1030 3191 1244 3262 Μαρίας
1265 3231 1280 3256 ,
1309 3193 1555 3264 ἀνάθεμα
1593 3196 1752 3252 ἔστω.
1780 3199 1847 3252 Εἴ
1863 3216 1947 3264 τις

379 3277 516 3332 Θεὸν
541 3280 636 3332 καὶ
661 3279 944 3351 ἄνθρωπον
973 3281 1085 3336 τὸνθ
1099 3283 1164 3336 ὲκ
1209 3283 1429 3355 Μαρίας
1460 3285 1651 3355 λέγων,
1691 3289 1824 3342 Θεὸν
1854 3290 1946 3343 τὸν

379 3369 676 3440 ἀγέννητον
700 3370 860 3425 αὐτὸν
884 3373 992 3425 νοεῖ
1007 3411 1023 3434 ,
1048 3372 1292 3444 ἀνάθεμα
1328 3374 1487 3431 ἔστω.
1507 3376 1574 3430 Εἴ
1591 3395 1676 3444 τις
1701 3379 1780 3448 τὸ,
1801 3381 1949 3453 Ἐγὼ

383 3462 532 3525 Θεὸς
557 3459 806 3529 πρῶτος,
836 3463 932 3517 καί
960 3464 1072 3533 ἐγὼ
1096 3467 1456 3535 μεταταῦτα,
1485 3470 1581 3523 καί
1616 3471 1784 3541 πλὴν
1801 3473 1948 3541 ἐμοῦ

381 3553 494 3606 οὐκ
535 3552 672 3606 ἐστι
711 3553 874 3618 Θεὸς,
915 3555 975 3608 τὸ
1011 3557 1095 3609 ἐπ’
1125 3559 1400 3631 ἀναιρέσει
1437 3562 1667 3616 εἰδώλων
1707 3567 1802 3618 καὶ
1840 3566 1948 3620 τῶν

386 3643 463 3712 μὴ
493 3643 666 3696 ὄντων
692 3642 831 3698 θεῶν
861 3647 1163 3717 εἰρημένον,
1187 3649 1271 3702 ἐπ’
1298 3652 1574 3724 ἀναιρέσει
1594 3653 1688 3707 τοῦ
1725 3672 1948 3725 μονογε-

380 3732 508 3797 νοῦς
545 3735 652 3805 πρὸ
679 3735 788 3788 τῶν
826 3735 1034 3791 αἰώνων
1067 3737 1198 3792 Θεοῦ
1240 3739 1538 3807 Ἰουδαϊκῶς
1577 3745 1908 3817 ἐκλαμϐάνοι
1931 3787 1946 3813 ,

379 3824 634 3894 ἀνάθεμα
661 3824 817 3881 ἔστω.
863 3827 931 3880 Ei'
953 3845 1034 3890 τις
1072 3830 1164 3893 τὸ,
1213 3831 1275 3884 '0
1314 3834 1511 3902 Λόγος
1529 3835 1684 3904 σὰρξ
1711 3837 1947 3907 ἐγένετο

378 3915 620 3982 ἀκούων,
647 3915 736 3969 τὸν
753 3918 924 3984 Λόγον
953 3920 1032 3982 είς
1053 3921 1228 3992 σάρκα
1254 3923 1691 3995 μεταϐεϐλῆσθαι
1715 3929 1946 3999 νομίζοι,

380 4006 415 4074 ἦ
449 4007 662 4077 τροπὴν
712 4007 1164 4089 ὑπομεμενηκότα
1212 4012 1556 4084 ἀνειληφέναι
1598 4016 1698 4087 τὴν
1746 4019 1946 4090 σάρκα,

377 4096 632 4167 ἀνάθεμα
671 4097 829 4153 ἔστω.
880 4099 950 4153 Εἰ
973 4118 1058 4165 τις
1090 4102 1182 4156 τὸν
1216 4108 1474 4177 μονογενῆ
1502 4107 1624 4162 Υίὸν
1668 4109 1762 4163 τοῦ
1812 4112 1948 4167 Θεοῦ

376 4191 798 4260 ἐσταυρωμένον
823 4191 1057 4256 ἀκούων,
1087 4193 1292 4266 φθοράν
1319 4195 1352 4267 ἢ
1386 4197 1556 4262 πάθος
1588 4198 1725 4272 (98),
1750 4202 1784 4272 ἢ
1823 4219 1949 4274 τρο-

376 4279 512 4351 πὴν,
545 4280 578 4350 ἢ
613 4281 859 4351 μείωσιν,
889 4282 922 4352 ἢ
955 4283 1234 4355 ἀναίρεσιν
1273 4287 1746 4359 ὑπομεμενηκέναι
1775 4293 1944 4362 λέγοι.

2050 1851 2248 1905 Filium
2281 1852 2420 1905 duos
2449 1852 2650 1906 dixerit
2679 1853 2839 1916 Deos,
2869 1852 3152 1906 anathema
3179 1852 3268 1905 sit.
3319 1851 3386 1905 Et
3418 1853 3462 1906 si
3507 1854 3632 1922 quis

2048 1940 2327 1996 Christum
2368 1943 2538 1996 Deum
2588 1944 2793 2012 Deique
2842 1943 3040 1996 Filium
3093 1951 3221 1998 ante
3275 1943 3472 1998 saecula
3516 1960 3634 2002 esse

2048 2030 2257 2096 dicens,
2300 2033 2556 2087 eumdem
2586 2048 2698 2086 non
2732 2032 3066 2088 conﬁteatur
3098 2034 3152 2086 in
3189 2032 3488 2087 creatione.
3514 2048 3632 2088 om—

2047 2121 2200 2174 nium
2259 2138 2442 2175 rerum
2487 2122 2635 2176 Patri
2688 2123 3053 2187 ministrasse,
3091 2123 3382 2176 anathema
3432 2123 3523 2177 sit.
3575 2121 3632 2179 Si.

2047 2216 2172 2287 quis
2210 2217 2532 2287 ingenitum,
2569 2226 2663 2272 aut
2705 2226 2915 2288 partem
2944 2219 3083 2288 ejus,
3109 2233 3177 2272 ex
3226 2217 3394 2271 Maria
3442 2225 3631 2271 natum

2047 2322 2167 2362 esse
2195 2307 2393 2362 audeat
2419 2309 2626 2373 dicere,
2657 2311 2947 2363 anathema
2968 2310 3058 2363 sit.
3091 2308 3148 2363 Si
3179 2311 3304 2378 quis
3328 2310 3630 2364 secundum

2047 2399 2446 2468 praescientiam
2497 2416 2567 2455 ex
2609 2401 2778 2454 Maria
2811 2399 2958 2454 dicat
2992 2399 3189 2453 Filium
3219 2415 3359 2464 esse,
3388 2415 3497 2454 non
3536 2415 3631 2454 au-

2049 2489 2160 2539 tem
2188 2496 2314 2543 ante
2345 2489 2542 2544 saecula
2572 2505 2639 2543 ex
2673 2490 2832 2544 Patre
2871 2496 3056 2543 natum
3083 2488 3227 2558 apud
3272 2489 3441 2543 Deum
3489 2503 3630 2552 esse,

2047 2584 2104 2630 et
2135 2592 2233 2646 per
2273 2594 2400 2632 eum
2443 2580 2586 2634 facta
2632 2579 2798 2634 fuisse
2846 2581 3051 2642 omnia,
3100 2579 3392 2632 anathema
3435 2579 3523 2632 sit.
3575 2578 3630 2632 Si

2048 2666 2173 2735 quis
2206 2666 2568 2720 substantiam
2614 2668 2710 2721 Dei
2760 2668 2978 2720 dilatari
3032 2674 3130 2720 aut
3169 2666 3419 2720 contrahi
3464 2666 3628 2728 dicat,

2048 2756 2340 2811 anathema
2367 2757 2457 2811 sit.
2506 2756 2560 2810 Si
2612 2757 2736 2825 quis
2785 2757 3073 2811 dilatatam.
3117 2755 3477 2810 substantiam
3533 2756 3629 2809 Dei

2048 2846 2246 2902 Filium
2312 2847 2494 2902 facere
2536 2847 2705 2910 dicat,
2757 2855 2854 2900 aut
2894 2846 3270 2901 dilatationem
3314 2846 3632 2900 substantia:

2047 2939 2168 3008 ejus
2188 2938 2435 2993 nominet
2455 2939 2674 3002 Filium,
2696 2938 2985 2992 anathema
3010 2937 3100 2991 sit.
3125 2937 3180 2992 Si
3203 2937 3327 3007 quis
3351 2936 3632 2992 internum

2048 3036 2143 3082 aut
2167 3029 2499 3099 prolativum
2529 3029 2756 3082 verbum
2793 3028 2995 3082 dixerit
3032 3029 3127 3082 Dei
3158 3027 3378 3091 Filium,
3406 3028 3634 3082 anathe-

2050 3134 2138 3172 ma
2173 3119 2264 3172 sit.
2291 3117 2494 3189 Siquis
2534 3118 2732 3172 Filium
2766 3135 2834 3173 ex
2876 3118 3044 3172 Maria
3092 3126 3302 3182 natum,
3354 3117 3630 3173 hominem

2051 3215 2263 3262 tantum
2286 3223 2406 3263 esse
2438 3208 2605 3271 dicat,
2634 3208 2923 3262 anathema
2952 3209 3042 3262 sit.
3083 3207 3137 3262 Si
3185 3207 3309 3278 quis
3354 3209 3523 3263 Deum
3575 3218 3632 3262 et

2051 3298 2330 3354 hominem
2359 3315 2427 3354 ex
2465 3299 2631 3354 Maria
2670 3306 2861 3354 natum
2912 3314 3032 3354 esse
3077 3298 3285 3362 dicens,
3330 3298 3630 3368 ingenitum

2051 3389 2228 3461 ipsum
2258 3391 2545 3460 intelligat,
2587 3388 2877 3444 anathema
2916 3389 3006 3443 sit.
3047 3387 3102 3443 Si
3139 3387 3265 3458 quis
3313 3386 3448 3441 illud
3483 3387 3631 3456 quod

2050 3481 2314 3550 scriptum
2343 3489 2461 3535 est:
2509 3480 2624 3548 Ego
2654 3480 2794 3534 Deus
2832 3481 3051 3550 primus,
3083 3488 3131 3531 et
3167 3494 3259 3548 ego
3300 3484 3498 3546 postea,
3539 3492 3632 3531 nec

2050 3582 2127 3626 est
2151 3571 2290 3627 alius
2321 3571 2462 3626 Deus
2507 3580 2702 3642 pra’ter
2751 3570 2931 3635 me";
2974 3568 3121 3638 quod
3161 3567 3382 3637 quidem
3422 3565 3628 3620 dictum

2049 3662 2220 3718 estad
2256 3661 2677 3717 simulacrorum
2728 3669 2783 3715 et
2831 3659 3090 3714 falsorum
3132 3658 3418 3712 numinum
3478 3671 3630 3713 ever-
3705 3655 3708 3659 ’

2050 3753 2287 3816 sionem,
2322 3751 2554 3806 Judaico
2574 3767 2724 3806 more
2747 3751 3029 3820 intelligat,
3059 3749 3213 3818 quasi
3240 3748 3447 3802 dictum
3471 3747 3540 3802 sit
3560 3747 3625 3802 ad

2051 3843 2470 3898 subversionem
2503 3842 2765 3918 unigeniti
2792 3841 2912 3895 Filii
2944 3841 3039 3896 Dei
3065 3841 3160 3910 qui
3189 3848 3274 3894 est
3311 3847 3436 3894 ante
3462 3855 3626 3896 saecu-

2057 3935 2130 4001 la,
2165 3935 2455 3991 anathema
2483 3935 2571 3990 sit.
2602 3935 2656 3990 Si
2697 3934 2822 4004 quis
2856 3935 3086 3989 audiens
3113 3933 3228 3990 haec
3272 3934 3457 3998 verba,
3503 3933 3626 3987 Ver-

2053 4023 2174 4078 bum
2209 4042 2334 4079 caro
2370 4025 2569 4094 factum
2611 4034 2686 4078 est
2704 4024 2770 4089 ",
2809 4024 3049 4078 Verbum
3091 4023 3147 4077 in
3186 4038 3406 4078 carnem
3453 4031 3626 4076 muta-

2050 4123 2166 4168 tum
2197 4131 2317 4172 esse
2338 4116 2633 4178 existimet,
2658 4122 2754 4168 aut
2795 4115 3214 4169 conversionem
3246 4114 3483 4180 aliquam
3524 4127 3624 4180 pa-

2049 4205 2238 4260 tiendo
2271 4204 2629 4274 assumpsisse
2661 4219 2904 4267 carnem,
2927 4204 3215 4257 anathema
3255 4202 3344 4254 sit.
3391 4199 3446 4252 Si
3501 4200 3625 4268 quis

2049 4297 2392 4366 unigenitum
2418 4295 2613 4348 Filium
2639 4294 2734 4346 Dei
2763 4292 2991 4346 audiens
3014 4307 3134 4346 esse
3164 4289 3506 4351 cruciﬁxum,
3535 4288 3622 4342 di-

374 4369 631 4441 ἀνάθεμα
657 4368 892 4424 έστω.Εί
912 4389 994 4434 τις
1021 4370 1100 4435 τὸ,
1131 4372 1480 4444 Ποιήσωμεν
1509 4376 1839 4446 ἄνθρωπον,
1871 4383 1945 4455 μὴ

2052 4387 2331 4440 vinitatem
2361 4385 2481 4454 ejus
2505 4381 2867 4451 corruptioni,
2898 4389 2992 4434 aut
3017 4379 3279 4449 passioni,
3319 4387 3414 4433 aut
3446 4386 3620 4431 muta-

373 4461 469 4520 τὸν
497 4461 722 4532 Πατέρα
752 4461 886 4531 πρὸς
910 4461 1002 4515 τὸν
1047 4463 1174 4516 Υἰὸν
1197 4464 1396 4534 λέγειν,
1438 4466 1573 4529 ἀλλά
1614 4470 1773 4523 αὐτὸν
1812 4473 1949 4543 πρὸς

375 4551 572 4604 ἑαυτὸν
590 4549 741 4618 λέγοι
768 4551 856 4604 τὸν
869 4550 1000 4604 Θεὸν
1019 4552 1317 4624 εἰρηκέναι,
1333 4555 1582 4627 ἀνάθεμα
1603 4557 1760 4620 ἔστω,
1783 4561 1850 4615 Ei
1865 4579 1949 4626 τις

377 4641 588 4711 μὴ’τὸν
635 4642 758 4696 Υἰὸν
779 4643 926 4710 λέγοι
952 4643 1030 4714 τῷ
1069 4645 1316 4717 Ἀϐραάμ
1342 4648 1613 4719 ἑωρᾶσθαι
1633 4689 1648 4714 ,
1683 4651 1818 4705 ἀ).λά
1858 4654 1950 4707 τὸν

374 4733 675 4802 ἀγέννητον
689 4733 865 4804 Θεὸνῆ
895 4733 1056 4805 μέρος
1065 4734 1252 4800 αὐτοῦ,
1270 4736 1512 4808 ἀνάθεμα
1528 4737 1760 4794 Earum
1769 4759 1852 4807 τις
1872 4743 1950 4814 τῷ

447 4892 498 4924 δ’
523 4891 626 4947 lsa.
661 4908 768 4957 xu,
796 4892 867 4963 ις
893 4907 1033 4958 xuv,
1067 4892 1132 4959 6;
1157 4910 1336 4961 xum,
1381 4896 1465 4954 12.
1542 4899 1587 4930 ⁸⁸
1611 4899 1764 4956 toan.
1802 4919 1840 4968 ι,
1886 4904 1974 4959 lt.

2054 4476 2188 4530 tioni
2217 4475 2376 4546 126
2401 4474 2692 4528 obnoxiam
2721 4473 2892 4527 fuisse
2922 4472 3088 4536 dicat,
3121 4479 3177 4526 et
3201 4469 3616 4524 diminutionem

2054 4566 2292 4636 aliquam
2314 4567 2400 4621 vel
2432 4565 2714 4620 interitum
2737 4563 3082 4626 sustinuisse,
3114 4561 3396 4615 anathema
3437 4560 3526 4614 sit.
3565 4557 3620 4613 Si

2055 4657 2180 4728 quis
2204 4655 2361 4722 illud,
2384 4655 2664 4710 Faciamus
2684 4652 3026 4716 hominem“,
3048 4668 3157 4706 non
3177 4653 3393 4706 Patrem
3423 4649 3624 4703 dixisse

2055 4748 2124 4806 ad
2149 4749 2368 4814 Filium,
2403 4747 2497 4803 sed
2535 4747 2602 4802 ad
2641 4747 2989 4815 semetipsum
3022 4743 3264 4798 locutum
3304 4758 3423 4796 esse
3454 4742 3624 4794 Deum

2049 4905 2095 4939 “
2125 4905 2260 4962 Gen.
2292 4923 2331 4972 ι,
2365 4907 2450 4962 26.

1576 5037 1844 5096 VALESII
1881 5039 2429 5099 ANNOTATIONES.

450 5172 566 5246 (9⁵1)
583 5167 694 5246 K9}
705 5169 774 5246 _el
785 5185 882 5246 τις
910 5168 1226 5246 gerens!
1247 5173 1528 5246 Χρέστόν.
1556 5174 1727 5246 Aliter
1750 5176 1946 5246 legisse

375 5239 605 5298 videtur
629 5239 894 5294 Hilarius.
910 5239 1046 5294 Nam
1077 5240 1133 5294 in
1155 5239 1300 5295 libro
1324 5242 1398 5298 De
1423 5244 1644 5307 synodis
1665 5239 1947 5301 hancvﬁdei

377 5310 673 5383 formulam
717 5308 996 5383 referens,
1047 5309 1124 5362 ita
1182 5311 1351 5366 vertit
1385 5330 1410 5383 :_
1448 5303 1518 5366 Et
1560 5315 1605 5366 si
1639 5317 1754 5383 quis
1785 5332 1952 5368 unum

378 5383 554 5433 dicens
610 5377 803 5442 Deum,
836 5375 1100 5432 Christum
1147 5388 1322 5434 autem
1375 5381 1540 5434 Deum
1581 5375 1704 5436 ante
1755 5383 1951 5437 siccata

382 5449 576 5503 Filium
609 5445 732 5509 Dei,
773 5448 1067 5500 obsecutum
1119 5447 1274 5503 Patri
1321 5451 1377 5504 in
1425 5453 1689 5506 creatione
1716 5454 1932 5506 omnia»

380 5536 486 5572 nou
515 5515 816 5583 conﬁtetur,
857 5519 1137 5571 anathema
1161 5520 1248 5572 sit.
1922 5549 1924 5551 -

437 5586 551 5664 (98)
904 5587 1139 5664 75000pr
1175 5587 1212 5664 ᾖ
1259 5587 1446 5664 πάρος
1465 5631 1479 5649 ,
1502 5599 1632 5664 etc._
1665 5591 1721 5644 ln
1750 5590 1948 5664 _codicc

383 5653 586 5719 uanis
611 5653 825 5718 Allatii,
861 5653 925 5710 et
944 5655 1087 5731 apud
1111 5653 1469 5722 Athanasium
1500 5661 1553 5715 in
1577 5660 1722 5722 libro
1748 5661 1823 5724 De
1856 5677 1943 5732 sy-

2054 5177 2235 5241 nodis,
2266 5177 2359 5232 hic
2401 5175 2887 5230 anathematismus
2935 5174 3009 5228 ita
3055 5173 3406 5242 concipitur:
3448 5173 3516 5227 Εῖ
3540 5187 3622 5232 τις

2055 5247 2146 5299 τὸν
2202 5246 2461 5315 μονογενῆ
2492 5244 2631 5315 Υἰὸνᾼ
2652 5243 2746 5315 τοῦ
2779 5244 2911 5315 Θεοῦ
2952 5243 3363 5315 ἐσταυρωμένον
3387 5242 3618 5315 ἀκούων.

2056 5316 2154 5384 τὴν
2197 5311 2645 5384 θεότηταςαὺτοῦ
2685 5313 2902 5384 φθορὰν,
2935 5313 2968 5383 ἢ
3021 5311 3223 5384 πάθος,
3276 5321 3405 5384 etc._
3433 5311 3620 5378 Neque

2057 5380 2215 5453 aliter
2239 5383 2369 5453 legit
2394 5383 2671 5453 Hilarius;
2697 5380 2966 5453 _Sic'enirn
2999 5383 3180 5453 vertit_
3207 5383 3353 5434 hunc
3392 5380 3570 5453 locum
3600 5395 3615 5408 ο

2055 5451 2114 5506 Si
2168 5446 2320 5522 quis:
2358 5454 2569 5505 unicum
2626 5451 2817 5506 Filium
2857 5451 2956 5505 Dei
3003 5450 3309 5522 crucifixum
3370 5446 3615 5522 audiens,

2054 5517 2304 5592 deitatem
2357 5523 2469 5590 ejus
2518 5523 2922 5591 corruptionem,
2951 5519 3029 5574 vel
3065 5517 3484 5592 possibilitatem,
3522 5519 3619 5565 aut

2055 5584 2480 5653 deminutionem,
2508 5601 2601 5644 aut
2640 5584 3174 5653 diniinutimtem,'vcl
3206 5584 3615 5651 interfectionem

2053 5660 2360 5721 sustinuisse
2385 5660 2547 5724 dicat,
2583 5662 2862 5716 anathema
2886 5660 2972 5720 sit.
