4078 6210
372 228 481 285 293

953 341 1203 396 ΚΕΦΑΛ.
1243 341 1362 395 ΛΒ’.

503 433 640 500 Περὶ
668 431 777 501 τῆς
805 432 988 501 ἣττης
1009 429 1377 502 Μαγνεντίου
1395 435 1497 487 τοῦ
1519 433 1836 502 τυράννου.

451 523 790 592 Μαγνέντιος
854 523 953 593 μὲν
1003 519 1095 575 οὖν
1143 523 1242 594 τὴν
1296 523 1678 593 βασιλεύουσαν
1741 524 1962 591 Ῥώμην

380 613 729 680 καταλαϐὼν,
773 613 998 678 πολλοὺς
1034 615 1132 684 μὲν
1162 614 1261 683 τῆς
1299 615 1612 686 συγκλήτου
1644 614 1839 684 βουλῆς
1869 615 1963 666 ἀν-

383 708 528 780 ῄρει,
559 705 791 768 πολλοὺς
815 704 872 757 δὲ
897 704 1106 758 καὶτοῦ
1149 704 1320 775 δήμου
1359 703 1660 759 ἀπώλλυεν.
1701 705 1788 766 Ὡς
1815 704 1870 756 δὲ
1913 705 1962 756 οἱ

383 793 682 870 στρατηγοὶ
738 794 1121 849 Κωνσταντίου
1192 795 1293 863 τὴν
1367 795 1684 866 Ῥωμαϊκὴν
1735 794 1963 863 δύναμιν

383 889 852 960 συγκροτήσαντες
879 887 966 938 ἐπ’
993 885 1153 938 αὑτὸν
1189 883 1448 956 ἐχώρουν,
1473 885 1836 955 ἀναχωρήσας
1867 885 1963 955 τῆς

392 982 632 1050 Ῥώμης,
667 978 768 1041 τὰς
817 976 1047 1040 Γαλλίας
1098 975 1416 1030 κατέλαϐεν.
1476 975 1645 1028 Ἔνθα
1695 976 1964 1044 συμὸολαὶ

387 1073 630 1141 συνεχεῖς
666 1068 928 1137 ὲγίνοντιν
955 1069 1049 1120 καὶ
1078 1067 1206 1119 ποτὲ
1234 1066 1330 1136 μὲν
1356 1065 1512 1120 τοῦτο
1536 1067 1596 1120 τὸ
1623 1066 1806 1138 μέρος,
1839 1067 1965 1120 ποτὲ

381 1165 440 1218 δὲ
473 1163 705 1233 θάτερον
737 1159 976 1230 ἐκράτει.
1023 1157 1187 1222 Τέλος
1219 1157 1276 1210 δὲ
1311 1158 1437 1228 περὶ
1468 1157 1750 1234 Μούρσαν,
1800 1157 1967 1230 φρού-

388 1273 498 1326 ριον
519 1255 577 1306 δὲ
603 1252 764 1305 τοῦτο
787 1250 897 1304 τῶν
927 1249 1164 1304 Γαλλιῶν
1185 1249 1236 1315 ἀ,
1261 1251 1289 1302 6
1309 1250 1642 1318 Μαγνέντιος
1665 1250 1916 1320 ἡττηθεὶς
1941 1262 1964 1289 ο

388 1344 764 1412 συνεκλείσθη.
816 1344 905 1395 Ἐν
940 1335 984 1409 ᾧ
1017 1342 1264 1414 φρουρίῳ
1299 1342 1514 1411 λέγεται
1547 1343 1748 1396 τοιόνδε
1785 1341 1967 1411 Θαῦμα

392 1437 686 1509 συμϐῆναιο
726 1436 786 1488 '0
815 1434 1146 1502 Μαγνέντιος
1169 1433 1274 1487 ὑπὸ
1297 1434 1396 1504 τῆς
1417 1435 1586 1505 ἥττης
1609 1450 1967 1487 καταπεπτω-

390 1528 550 1588 κότας
573 1525 702 1589 τοὺς
722 1521 918 1576 ἑαυτοῦ
940 1520 1278 1592 στρατιώτας
1299 1521 1614 1594 ἀναρρῶσαι
1631 1519 1964 1583 σπουδάζων,

390 1615 594 1686 ὑψηλοῦ
625 1614 868 1685 βήματος
909 1611 1102 1680 ἐπέϐη.
1139 1613 1200 1664 Οί
1233 1611 1322 1676 δὲ,
1366 1615 1464 1682 τὴν
1495 1610 1697 1682 συνήθη
1726 1612 1836 1672 τοῖς
1877 1609 1969 1678 βα-

1370 225 1690 282 IIISTORIA
1731 220 2280 279 ECCLESIASTICA.
2327 255 2392 262 -—
2431 226 2558 280 LIB.
2603 226 2665 280 Il.

3534 238 3641 296 ΞΜ

2649 335 2800 396 CAP.
2846 342 3055 398 XXXII.

2418 430 2491 483 De
2529 430 2820 500 Magnentii
2865 433 3078 500 tyranni
3113 433 3289 486 exitio.

2137 523 2351 577 Interea
2377 523 2719 593 Magnentius
2755 537 2879 576 cum
2918 522 3109 576 urbem
3145 523 3372 578 Romam
3405 540 3642 596 occupa-

2064 614 2262 678 visset,
2306 614 2509 667 multos
2551 611 2814 667 senatorii
2861 611 3102 675 ordinis,
3154 612 3356 668 multos
3399 614 3531 670 item
3575 631 3638 671 es

2065 703 2224 773 plebe
2263 703 2560 758 interemit.
2597 702 2704 757 Sed
2738 718 2862 756 cum
2899 702 3069 758 duces
3120 702 3447 770 Constantii,
3475 707 3642 761 colle-

2065 792 2170 849 ctis
2193 795 2562 849 Romanorum
2587 792 2823 848 militum
2847 794 3040 863 copiis,
3067 795 3218 865 signa
3233 795 3497 851 adversus
3518 796 3644 851 eum

2065 885 2386 948 movissent,
2431 885 2602 939 Roma
2646 884 2946 956 digressus,
2984 885 3040 940 in
3079 885 3280 942 Gallias
3317 901 3375 941 se
3417 888 3643 957 recepit.

2066 978 2146 1032 Ibi
2168 977 2338 1032 variis
2361 978 2564 1046 praeliis
2587 979 2877 1044 consertis,
2902 979 3065 1034 modo
3087 978 3392 1034 Constantii
3421 981 3644 1046 milites,

2067 1069 2232 1124 modo
2267 1069 2632 1139 Magnentiani
2667 1070 2981 1140 superiores
3016 1070 3191 1126 fuere.
3231 1070 3474 1125 Tandem
3513 1087 3645 1126 vero

2067 1159 2210 1229 apud
2253 1160 2520 1224 Mursam,
2561 1161 2706 1229 quod
2745 1161 3027 1215 castellum
3080 1168 3166 1215 est
3207 1160 3427 1226 Galliae,
3465 1162 3646 1215 victus

2069 1247 2411 1322 Magnentius
2432 1259 2488 1305 et
2515 1251 2568 1304 in
2596 1252 2995 1306 munimentum
3033 1252 3166 1306 illud
3204 1260 3499 1308 contrusus
3539 1259 3640 1307 est.

2067 1339 2186 1405 Quo
2208 1339 2428 1408 quidem
2458 1340 2514 1392 in
2538 1340 2660 1394 loco
2697 1340 3009 1410 huiusmodi
3038 1341 3213 1395 fertur
3248 1342 3512 1396 accidisse
3539 1343 3643 1397 mi—

2070 1431 2347 1485 raculum:
2374 1431 2716 1501 Magnentius
2750 1446 2875 1486 cum
2911 1431 3144 1485 militum
3173 1447 3397 1486 suorum
3431 1434 3646 1489 animos

2069 1521 2140 1580 ob
2173 1518 2452 1590 acceptam
2493 1521 2704 1576 cladem
2745 1521 2948 1576 fractos
2988 1537 3052 1576 ac
3090 1523 3404 1578 debilitatos
3442 1523 3641 1579 conﬁr-

2070 1629 2221 1667 mare
2244 1613 2427 1676 vellet,
2457 1613 2691 1669 sublime
2732 1614 2972 1669 tribunal
3019 1615 3358 1670 conscendit.
3397 1617 3480 1670 llli
3515 1633 3646 1670 vero

393 1707 627 1761 σιλεῦσιν
659 1703 933 1776 εὐφημίαν
966 1703 1252 1772 ὲπιϐοῆσαι
1291 1701 1626 1773 βουλόμενοι.
1663 1700 1812 1772 παρὰ
1839 1699 1971 1768 γνώ-

2074 1704 2200 1757 dum
2238 1703 2412 1758 fausta
2447 1705 2838 1760 acclamatione
2871 1720 2992 1775 quae
3019 1705 3443 1775 imperatoribus
3465 1708 3644 1762 accla-

395 1818 502 1869 μην
539 1798 634 1851 ἐπὶ
671 1797 765 1848 τὸν
797 1795 1174 1848 Κωνστάντιον
1208 1797 1410 1865 ταύτην
1445 1793 1857 1870 μεταφέρουσιν.
1895 1791 1968 1843 Οὐ

391 1889 497 1955 γὰρ
519 1885 879 1954 Ηαγνέντιον,
910 1883 1045 1937 ἀλλὰ
1077 1885 1455 1938 Κωνστάντιον
1479 1883 1785 1951 Αὔγουστον
1816 1884 1968 1952 κοινῇ

395 1981 595 2040 πάντες
627 1976 874 2047 ἐϐόησαν.
909 1973 1078 2028 Τοῦτο
1117 1974 1382 2046 σύμϐολον
1414 1975 1534 2028 καθ’
1573 1973 1764 2027 ἑαυτοῦ
1792 1975 1820 2026 6
1848 1974 1970 2026 Ma-

401 2069 645 2136 γνέντιος
670 2066 1032 2140 ἡγησάμενος,
1069 2068 1135 2120 ὲκ
1169 2065 1263 2120 τοῦ
1311 2065 1570 2137 φρουρίου
1599 2064 1759 2128 εὐθὺς
1796 2065 1971 2117 ἀπαν-

401 2163 618 2214 ίσταται
646 2165 690 2224 f,
724 2163 866 2230 φυγῇ
900 2160 994 2212 ἐπὶ
1018 2158 1086 2212 τὰ
1132 2159 1441 2230 περαιτέρω
1472 2159 1570 2228 τῆς
1598 2156 1827 2220 Γαλλίας
1869 2174 1973 2226 χω-

393 2250 525 2321 ρῶν.
574 2247 880 2301 Ἐπέκειντο
925 2248 982 2301 δὲ
1029 2248 1078 2302 oi
1128 2246 1222 2300 τοῦ
1264 2246 1640 2301 Κωνσταντίου
1681 2245 1974 2320 στρατηγοὶ

389 2341 678 2404 διώκοντες
699 2379 714 2404 ,
744 2335 899 2403 αὖθίς
937 2356 996 2393 τε
1026 2339 1236 2408 γίνεται
1277 2339 1518 2409 συμϐολὴ
1548 2338 1676 2410 περὶ
1714 2337 1897 2400 τόπον,
1929 2328 1974 2404 ᾧ

391 2434 569 2504 ὖνομα
603 2430 1036 2492 Μιλτοσέλευκος
1069 2431 1182 2500 (15)
1205 2446 1218 2458 ·
1257 2431 1314 2482 ἐν
1344 2424 1387 2497 ᾦ
1417 2431 1760 2502 κατακράτος
1807 2431 1974 2499 ἡττη-

393 2525 509 2588 θεὶς
545 2526 573 2577 6
602 2522 957 2591 Μαγνέντιος,
994 2521 1186 2592 φεύγει
1229 2521 1389 2592 μόνος
1411 2524 1488 2586 είς
1513 2522 1845 2590 Λουγδοῦνον
1880 2523 1975 2573 πό·

389 2617 474 2670 λιν
502 2617 602 2686 τῆς
629 2615 878 2678 Γαλλίας,
911 2615 991 2678 είς
1014 2615 1082 2686 ἢν
1111 2615 1218 2668 ἀπὸ
1245 2615 1512 2685 Μούρσων
1539 2615 1654 2666 ἐστὶ
1679 2613 1772 2667 τοῦ
1807 2630 1976 2684 φρου-

395 2706 536 2776 ρίου,
565 2706 734 2774 τριῶν
768 2705 989 2776 ἡμερῶν
1025 2705 1160 2770 ὁδός.
1208 2706 1296 2758 Ἐν
1327 2703 1499 2776 ταύτῃ
1544 2706 1610 2774 τῇ
1662 2702 1976 2771 Δουγδούνῳ

2072 1797 2211 1848 mari
2249 1795 2416 1860 solet,
2455 1795 2822 1866 Magnentium
2861 1797 3116 1867 excipere
3152 1799 3421 1868 gestiunt,
3449 1808 3648 1869 praeter

2072 1887 2238 1940 animi
2264 1887 2346 1940 sui
2389 1888 2715 1942 sententiam
2754 1888 2808 1942 in
2842 1887 3219 1944 Constantium
3255 1905 3375 1944 eam
3405 1898 3646 1946 transtu-

2072 1979 2275 2033 lerunt.
2320 1979 2440 2034 Non
2491 1979 2641 2035 enim
2684 1980 3079 2052 Magnentium,
3129 1982 3226 2037 sed
3267 1981 3647 2038 Constantium

2071 2071 2375 2141 Augustum
2400 2085 2591 2126 omnes
2622 2087 2733 2127 uno
2764 2087 3035 2128 consensu
3066 2074 3456 2129 acclamarunt.
3492 2074 3648 2141 Quod

2078 2162 2229 2232 131
2273 2175 2434 2218 omen
2475 2163 2813 2219 imminentis
2851 2164 2957 2220 sibi
2996 2165 3150 2239 exitii
3191 2165 3493 2221 arbitratus
3533 2167 3646 2222 Ma-

2073 2253 2350 2324 gnentius,
2380 2253 2570 2309 relicto
2613 2255 2974 2320 munimento,
3019 2257 3088 2311 ad
3129 2257 3423 2314 ulteriores
3456 2258 3650 2314 Galliae

2074 2352 2258 2414 partes
2300 2344 2586 2400 confestim
2634 2345 2894 2417 profugit.
2944 2346 3117 2413 Quem
3163 2347 3295 2402 dum
3342 2349 3646 2404 Constantii

2075 2435 2244 2490 duces
2269 2435 2453 2489 acrius
2494 2436 2879 2505 insequuntur,
2909 2437 3106 2492 iteru'm
3149 2454 3327 2509 pugna
3360 2438 3647 2496 cummissa

2075 2534 2160 2580 est
2197 2526 2250 2579 in
2286 2527 2407 2580 loco
2449 2527 2543 2595 qui
2589 2527 2791 2581 dicitur
2829 2542 2986 2582 mons
3029 2527 3290 2584 Seleucus
3313 2547 3330 2585 :
3356 2539 3423 2585 ‘eo
3461 2530 3650 2600 praelia

2076 2617 2256 2670 victus
2278 2616 2637 2686 Magnentius,
2664 2617 2818 2672 caesis
2854 2618 2920 2671 ad
2961 2618 3391 2674 internecionem
3414 2621 3530 2675 suis
3558 2629 3650 2674 co-

2075 2706 2202 2777 piis,
2228 2707 2377 2762 solus
2398 2705 2578 2777 fugam
2615 2705 2880 2775 arripuit,
2921 2706 3245 2777 Lugdunum
3280 2709 3646 2773 contendens,

391 2796 688 2866 γενόμενος
727 2796 777 2848 6.
812 2795 1187 2864 Μαγνέντιος,
1236 2796 1451 2866 ἀναιρεῖ
1495 2792 1592 2865 μὲν
1643 2791 1739 2864 τὴν
1782 2789 1971 2846 ἑαυτοῦ

2078 2799 2270 2853 urbem
2303 2797 2510 2863 Galliae,
2536 2813 2656 2867 qua:
2693 2813 2722 2851 a
2769 2799 3085 2867 supradicto
3121 2801 3461 2853 munimento
3485 2799 3652 2855 distat

396 2889 646 2959 μητέραο
701 2886 905 2941 ἀνελὼν
949 2887 1008 2940 δὲ
1057 2887 1152 2940 καὶ
1187 2886 1278 2940 τὸν
1332 2884 1581 2954 ἀδελφὸν,
1609 2884 1667 2938 ὃν
1721 2883 1971 2954 Καίσαρα

2079 2892 2247 2946 tridui
2277 2891 2491 2945 itinere.
2521 2889 2845 2959 Lugdunum
2887 2889 3052 2958 igitur
3088 2890 3366 2959 ingressus
3399 2889 3653 2960 Magnen—

393 2977 579 3048 ἑαυτῷ
600 2978 912 3048 πεποιήκει,
941 2977 1090 3042 τέλος
1114 2977 1548 3048 ἐπικατέσφαξεν
1574 2977 1782 3032 ἑαυτόν.
1807 2974 1971 3029 Τοῦτο

2082 2983 2210 3046 tius,
2236 2981 2472 3052 primum
2496 2980 2716 3050 quidem
2742 2987 2972 3032 matrem
2997 2977 3272 3034 interfecit
3296 2995 3311 3043 ;
3341 2978 3538 3033 deinde
3561 2993 3652 3033 oc-

393 3067 652 3141 ὲπρὰχθη
680 3070 737 3121 ὲν
761 3070 995 3140 ὑπατεία
1019 3069 1402 3123 Κωνσταντίου
1432 3069 1490 3122 τὸ
1514 3070 1690 3134 ἕκτον,
1707 3068 1801 3122 καὶ
1821 3070 1971 3120 Κων-

2074 3076 2188 3131 ciso
2210 3074 2375 3128 etiam
2413 3072 2606 3135 fratre,
2632 3086 2794 3140 quem
2815 3069 3082 3126 Caesarem
3124 3070 3228 3124 sibi
3267 3071 3556 3136 asciverat,
3582 3070 3650 3124 ad

395 3162 655 3215 σταντίου
684 3159 777 3214 τοῦ
812 3161 1015 3213 Γάλλου
1040 3161 1100 3214 τὸ
1121 3161 1392 3232 δεύτερον,
1426 3163 1553 3232 περὶ
1579 3162 1676 3232 τὴν
1701 3177 1971 3214 πεντεκαι-

2074 3173 2382 3221 extremum
2407 3177 2603 3217 manus
2628 3161 2733 3215 sibi
2775 3160 2977 3214 intulit.
3016 3161 3074 3216 ld
3106 3169 3289 3215 autem
3326 3169 3536 3231 gestum
3567 3167 3652 3214 est

393 3253 634 3322 δεκάτην
673 3249 766 3305 τοῦ
796 3251 1108 3319 Αὐγούστου
1141 3252 1306 3321 μηνός
1335 3251 1468 3322 (14).
1514 3252 1626 3305 Οὐκ
1655 3253 1734 3315 εἰς
1764 3251 1971 3322 μακρὰν

2074 3254 2394 3312 Constantio
2419 3253 2662 3324 Augusto
2693 3259 2906 3306 sextum
2939 3260 2994 3307 et
3017 3251 3335 3307 Constantio
3361 3251 3514 3307 Gallo
3553 3251 3654 3306 ite-

393 3347 452 3398 δὲ
471 3387 488 3410 ,
517 3346 613 3398 καὶ
643 3346 672 3398 6
699 3344 883 3414 ἕτερος
927 3341 1021 3396 τοῦ
1055 3343 1393 3410 Μαγνεντίου
1424 3344 1652 3413 ἀδελφὸς
1673 3385 1688 3410 ,
1708 3347 1971 3407 Δεκέντιος

2077 3364 2200 3405 rum
2241 3348 2589 3411 consulibus,
2633 3363 2761 3402 xvm
2806 3345 3073 3401 Kalendas
3119 3344 3491 3414 Septembres.
3540 3344 3652 3400 Nec

395 3439 571 3507 ὕνομα
593 3436 762 3506 αὐτῷ,
787 3435 880 3489 τοῦ
933 3434 1048 3506 βίου
1077 3433 1342 3505 ἐξήγαγεν
1372 3435 1582 3502 ἑαυτὸν,
1607 3434 1812 3506 ἀγχόνῃ
1835 3451 1971 3504 χρη-

2081 3438 2254 3492 multo
2275 3445 2398 3507 post
2422 3438 2732 3501 Decentius,
2759 3437 2898 3492 alter
2924 3436 3214 3506 Magnentii
3240 3434 3430 3498 frater,
3454 3435 3650 3503 laqueo

399 3532 660 3600 σάμενος.
693 3529 775 3582 Τὰ
801 3529 900 3599 μὲν
929 3523 1019 3581 οὖν
1053 3527 1192 3582 κατὰ
1208 3527 1562 3597 Μαγνέντιον,
1587 3527 1737 3588 τέλος
1766 3524 1971 3578 τοιοῦτο

2081 3527 2270 3581 fractis
2305 3527 2555 3582 faucibus
2593 3536 2824 3581 mortem
2869 3525 2972 3580 sibi
3009 3525 3292 3580 conscivit.
3329 3523 3649 3593 Hujusmodi

397 3619 638 3685 ἐδέξατο.
673 3618 753 3671 Τὰ
779 3618 835 3671 δὲ
862 3618 1096 3688 δημόσια
1123 3617 1321 3680 τελέως
1347 3617 1444 3685 οὐχ
1471 3613 1758 3690 ἡσύχαζεν.
1797 3616 1971 3668 Μετα-

2076 3617 2182 3671 fuit
2205 3617 2384 3672 exitus
2404 3618 2716 3688 Magnentii.
2742 3619 2852 3672 Nec
2873 3626 3052 3672 tamen
3077 3616 3146 3670 ad
3182 3617 3479 3688 perfectam
3504 3624 3652 3669 tran-

397 3710 574 3764 ταῦτα
605 3709 718 3780 γὰρ
739 3708 898 3771 εὐθὺς
919 3693 1105 3778 ἕτερος
1131 3705 1402 3776 ἐπανέστη
1429 3705 1711 3776 τύραννος.
1739 3699 1781 3773 ᾧ
1809 3705 1971 3775 ὄνομα

2077 3709 2405 3777 quillitatem
2451 3709 2614 3763 rediit
2671 3709 2998 3779 respublica.
3044 3709 3178 3764 Nam
3225 3708 3486 3764 continuo
3528 3713 3651 3778 post

397 3801 689 3865 Σιλουανὸς
719 3810 767 3853 8.
803 3800 913 3856 Καὶ
945 3798 1127 3854 τοῦτον
1154 3799 1207 3850 δὲ
1240 3799 1289 3851 oi
1325 3799 1701 3852 Κωνσταντίου
1746 3815 1971 3868 στρατη-

2083 3801 2223 3855 alius
2264 3810 2489 3856 exortus
2528 3810 2612 3856 est
2638 3809 2928 3872 tyrannus,
2964 3801 3184 3855 nomine
3227 3799 3497 3855 Silvanus.
3541 3797 3651 3854 Sed

1598 3937 1868 4008 vaniss'u
1903 3932 2452 4012 ANNOTATIONES.

477 4070 1123 4142 (13)Μιλτοσέλευκος.
1172 4068 1396 4142 Rectius
1441 4066 1494 4142 in
1542 4067 1729 4142 codice
1755 4137 1766 4142 _
1790 4066 1971 4142 Allati‘i

2079 4068 2287 4142 μητρός.
2315 4067 2484 4142 Paulo
2518 4069 2676 4142 aliter
2703 4069 2993 4142 ldatiusjn
3024 4068 3202 4142 Fastis
3227 4086 3238 4121 :
3267 4068 3572 4142 Constantio
3599 4087 3650 4142 vi

399 4137 669 4203 scribitur
707 4140 1154 4200 Μοντοσέλευκος.
1215 4137 1553 4207 Epiphanius
1609 4137 1979 4207 Scholastiens

402 4223 650 4270 montem
691 4210 1184 4278 Seleucumyocat.
1226 4204 1399 4278 Hujus
1439 4207 1764 4278 lociusitum
1804 4204 1975 4278 habe-

401 4299 528 4341 mus
560 4285 616 4337 in
664 4280 953 4335 ltinerario
993 4275 1501 4347 Hierosolymitano.
1540 4276 1675 4347 Nam
1715 4275 1978 4347 post_de—

400 4366 663 4411 scensum
699 4349 890 4405 Gaurae
919 4349 1156 4416 montis,
1175 4343 1688 4416 seduiturirnntalio
1714 4343 1977 4399 Cambono

403 4425 584 4480 millia
611 4422 668 4476 8.
706 4419 910 4473 Παπείο
941 4426 1114 4473 monte
1133 4415 1331 4472 Seleuci
1355 4415 1524 4470 millia
1555 4415 1606 4468 8.

477 4496 593 4564 (Μ)
621 4489 758 4556 Περὶ
800 4487 912 4557 τὴν
943 4485 1480 4553 πεντεκαιδεκάτῳ*
1499 4485 1603 4539 τοῦ
1629 4486 1980 4554 Αὐγούστου

2085 4147 2134 4208 et
2156 4138 2463 4208 Constantio
2491 4154 2552 4208 μ.
2587 4137 2677 4190 His
2719 4155 2850 4200 coss.
2876 4138 3288 4208 Magnentiusse
3319 4136 3572 4208 interfecit
3595 4141 3650 4192 in

2079 4205 2270 4262 'Galliis
2309 4208 2448 4276 apud
2461 4206 2812 4276 Lugdunum,
2847 4207 2928 4260 die
2957 4205 3010 4260 nt
3033 4206 3156 4261 Idus
3188 4207 3346 4276 Aug.,
3381 4215 3429 4259 et
3459 4207 3655 4276 Decem

2086 4278 2188 4345 tius
2221 4281 2386 4344 frater
2417 4275 2706 4345 Magncntii
2760 4275 3042 4345 laqueorse
3099 4275 3368 4345 suspendit
3412 4292 3478 4328 xv
3520 4275 3648 4331 Kal.

2085 4342 2344 4414 Septemb.
2370 4346 2427 4398 ln
2456 4342 2726 4397 Chronico
2749 4342 2929 4398 autem
2947 4342 3313 4414 Alexandrino
3329 4349 3506 4399 annus
3527 4347 3652 4413 qui-

2080 4413 2210 4468 ‘de’m
2234 4415 2384 4481 necis
2412 4414 3002 4484 Magn‘entiiperperam
3020 4413 3377 4484 designatur:
3409 4416 3529 4470 dies
3563 4432 3654 4471 ve-

2091 4499 2152 4536 ro
2185 4479 2406 4538 notatur
2433 4500 2483 4538 tv
2501 4479 2646 4538 'ldus
2685 4479 2935 4554 Augusti.

1865 4637 2253 4693 VARIORUM.

478 4740 504 4779 εἰ
527 4735 816 4802 Μοῦρσαν
841 4733 1123 4802 φρούριον
1143 4730 1210 4784 δὲ
1242 4728 1418 4802 τοῦτο
1445 4726 1876 4802 tcbr_l’a.1.1_rér_'.
1895 4729 1974 4783 Ita

400 4807 522 4861 fere
560 4798 916 4860 Soiomenus.
936 4798 1042 4856 Alii
1067 4815 1255 4857 omnes
1292 4799 1527 4864 Mursam
1557 4798 1716 4854 istam
1749 4798 1804 4852 in
1832 4799 1975 4851 Pan-

404 4878 574 4930 nonia
596 4875 757 4928 sitam
785 4871 1175 4928 essereferunt
1200 4886 1214 4934 ;
1251 4869 1553 4938 praesertim
1581 4867 1851 4936 Sulpitius
1881 4866 1977 4921 Se-

404 4961 580 5020 verus,
594 4943 690 4998 lib.
719 4959 779 5020 ii,
794 4941 899 5011 qui
932 4943 1071 5020 hanc
1091 4940 1385 5020 historiam.
1400 4952 1683 5020 enat-rans,
1706 4938 1982 5020 insignem

405 5016 508 5069 hac
558 5006 615 5068 in
643 5029 703 5067 re
765 5006 1119 5080 imposturam
1175 5007 1420 5062 Valentis
1479 5006 1675 5061 Marsae
1731 5006 1976 5076 episcopi

406 5092 694 5138 memorat.
712 5082 801 5150 Ἣ.
823 5081 1035 5135 Lowrn.

483 5166 504 5191 ε
543 5156 609 5205 ’0
657 5147 1021 5220 Μὰγνέντιος
1081 5149 1374 5220 ἡττηθείς.
1429 5145 1510 5199 Ad
1560 5145 1798 5220 Mursam
1853 5157 1979 5199 cum

405 5221 731 5277 Constantio
756 5214 964 5290 pugnat
993 5214 1046 5273 et
1072 5218 1325 5290 "vincitur
1377 5231 1519 5269 anno
1567 5214 1709 5290 551ἓ
1728 5215 1899 5269 Roma
1924 5221 1980 5290 et

410 5293 581 5372 Italia.
608 5283 804 5372 quo's'e
827 5283 950 5358 post
970 5289 1178 5372 cladem
1213 5292 1514 5372 receperat:
1542 5300 1646 5372 per:
1671 5283 1980 5372 Constantii

2159 4729 2173 4766 ¹
2208 4729 2427 4794 Εὐθὺς,
2456 4729 2873 4784 ἀπανίσταται.
2918 4729 3033 4784 lmo
3091 4731 3310 4785 nonnisi
3343 4745 3471 4787 vere
3528 4736 3656 4790 anni

2085 4799 2427 4868 insequentis
2472 4801 2717 4862 ineunte,
2752 4808 2892 4853 teste
2919 4799 3137 4854 Juliano
3173 4809 3313 4854 orat.
3348 4817 3366 4854 ι
3398 4801 3466 4856 ad
3509 4801 3656 4857 Con-

2083 4879 2271 4933 stant.,
2313 4869 2598 4940 siquidem
2616 4879 2879 4922 autumno
2926 4871 3211 4938 'superiore
3242 4870 3387 4940 apud
3421 4871 3657 4926 Mursam

2084 4940 2262 4994 victus
2289 4948 2427 4993 erat.
2458 4939 2546 4992 W.
2580 4939 2793 4991 Low'rn.

2155 5018 2182 5056 s
2205 5009 2550 5079 Sllovqro'c.
2580 5006 2889 5079 Respublica
2925 5024 3099 5061 recens
3125 5011 3301 5079 quieta
3327 5027 3358 5063 a
3389 5009 3528 5064 ciuili
3559 5015 3664 5061 tre-

2084 5079 2370 5148 pidatione,
2395 5077 2611 5149 Silvano
2647 5078 2698 5130 in
2738 5078 3014 5149 imperium
3038 5077 3458 5149 coacto,_tentari
3477 5087 3659 5132 rursus

2085 5145 2391 5216 occaeperat.
2433 5147 2485 5201 Is
2514 5162 2742 5216 namque
2781 5145 3029 5200 Silvanus
3058 5150 3110 5200 in
3151 5147 3330 5203 Gallia
3362 5145 3507 5202 ortus
3532 5149 3661 5200 bar-

2083 5218 2227 5286 baris
2263 5218 2586 5286 parentibus,
2616 5217 2800 5270 ordine
2838 5217 3041 5270 militia:
3075 5217 3237 5270 simul
3279 5236 3310 5271 a
3357 5217 3662 5286 Magnentio

2085 5287 2154 5340 ad
2181 5285 2549 5341 Constantium
2595 5294 2974 5355 transgressus,
3007 5288 3246 5350 pedestre
3295 5287 3366 5340 ad
3408 5285 3659 5355 magiste-

410 5351 579 5416 duees
602 5351 867 5426 a'big‘itui",
923 5375 1010 5412 an.
1048 5357 1170 5414 359..
1213 5351 1418 5410 lterum
1441 5354 1513 5426 ad
1534 5351 1732 5426 ΔἈιρεε
1764 5352 1973 5426 Cottius
2074 5359 2215 5410 rium
2245 5356 2625 5411 adolescentior
2656 5351 2940 5410 meruerat.
2973 5355 3019 5409 E
3051 5373 3150 5424 quo
3179 5357 3326 5426 dum
3366 5351 3522 5407 altius
3567 5369 3662 5426 per

410 5413 1070 5503 adversusﬁonst'antuim
1102 5427 1350 5503 prae-lium
1380 5424 1500 5487 init,
1532 5413 1974 5503 iterumquede-
2078 5437 2382 5503 meturnuseu
2405 5427 2722 5483 dementiam
2746 5413 3142 5503 conscendisset,
3169 5423 3445 5503 legionum,
3470 5437 3500 5471 η
3518 5413 3662 5502 aricia

412 5500 666 5564 bellatur,
699 5514 820 5572 _an.
1019 5489 1146 5568 Mo'x
1199 5489 1528 5566 Lugdunum
1579 5489 1976 5572 fugin—ibique
2080 5497 2387 5572 praesidium
2403 5506 2751 5572 speraverat,
2781 5495 3032 5560 tumultu,
3062 5489 3466 5572 aetavanifirca
3490 5506 3556 5572 ac
3578 5491 3660 5572 vi:

410 5580 529 5640 post
561 5567 915 5640 tr‘esimpejii
953 5566 1124 5622 annos
1145 5579 1200 5623 et
1227 5564 1444 5621 menses
1480 5578 1574 5618 sex
1619 5564 1857 5632 seipsum
1893 5564 1979 5615 in-

414 5638 642 5694 terimit.
676 5639 806 5693 Ant.
838 5638 984 5692 PAGI.

2083 5558 2327 5620 resimum
2378 5558 2534 5630 diem,
2583 5563 2873 5620 trittirlatus
2917 5558 3024 5618 est.
3059 5562 3167 5630 (νη
3195 5560 3264 5612 de
3306 5558 3662 5625 Caesaribus.)
