4078 6210
470 353 579 409 515

1925 349 2258 409 SOCRATIS

3632 351 3739 407 516

470 469 619 541 quod
652 468 829 525 fuerat
856 446 1095 539 positum
1132 465 1363 523 ratione.
1401 465 1619 524 Etenim
1660 483 1787 525 cum
1832 468 2052 540 pietatis

2163 430 2440 539 ἀκριϐείας
2467 463 2562 520 καὶ
2593 465 2897 529 ὲξετασεως
2928 463 3028 536 τὴν
3080 465 3495 553 συγγραφεῖσαν
3552 426 3739 520 πίστιν

471 572 581 619 tua:
621 563 820 619 litterae
862 559 1129 632 jusserint
1169 561 1392 616 tractari
1433 559 1504 616 de
1546 562 1673 627 fide,
1715 562 2054 620 on‘erebatur

363 690 377 695 -
472 655 633 709 nobis
681 669 713 708 a
755 649 1087 721 supradictis
1126 649 1508 705 turbatoribus
1540 652 1929 719 Ecclesiarum,
1961 668 2052 707 as-

473 744 682 798 sociato
714 741 1015 805 Germinio,
1038 740 1314 796 Auxentio
1352 750 1411 797 et
1441 741 1593 808 Caio,
1627 759 1833 798 novum
1866 744 2055 799 nescio

470 834 604 904 quid
628 831 1109 896 considerandum,
1129 832 1279 902 quod
1307 834 1476 888 multa
1496 850 1772 905 perversa:
1791 835 2056 891 doctrina:

472 925 816 979 continebat.
848 924 919 978 At
946 938 1079 979 vero
1114 937 1241 977 cum
1273 924 1557 981 videretur
1583 926 1875 997 displicere
1905 926 2054 997 quod

472 1015 779 1070 offerebant
828 1016 1049 1086 publice
1106 1018 1162 1073 in
1215 1018 1468 1084 concilio,
1512 1026 1845 1089 putaverunt
1893 1019 2054 1073 aliter

472 1122 595 1163 esse
642 1108 1103 1164 conscribendum
1137 1120 1236 1166 :et
1283 1111 1506 1182 quidem
1554 1111 1672 1165 haec
1712 1110 1868 1165 brevi
1912 1120 2054 1165 tem-

474 1212 609 1265 pore
635 1214 776 1269 saepe
802 1208 1065 1267 mutasse,
1100 1202 1451 1256 manifestum
1478 1208 1582 1255 est.
1614 1199 1721 1255 Sed
1754 1215 1823 1255 ne
1861 1199 2055 1256 Eccle-

474 1288 571 1357 sia:
607 1289 952 1359 frequentius
989 1294 1410 1363 perturbentur,
1438 1292 1644 1363 placuit
1679 1292 1926 1347 instituta
1958 1308 2054 1347 ve-

477 1382 593 1441 tera
651 1383 767 1430 rata
817 1387 983 1448 atque
1035 1380 1373 1435 inviolabilia
1419 1381 1656 1446 servari;
1711 1381 2058 1451 supradictis

478 1479 613 1519 vero
644 1480 677 1523 a
709 1471 1099 1527 communione
1126 1479 1314 1526 nostra
1344 1470 1635 1526 removeri.
1665 1470 1747 1526 Ad
1779 1471 2056 1526 instruen-

479 1557 603 1613 dam
634 1558 798 1629 igitur
826 1567 973 1616 tuam
999 1563 1351 1619 clementiam
1379 1564 1586 1634 legatos
1614 1572 1832 1619 nostros
1857 1562 2061 1619 direxi-

478 1663 621 1713 mus,
660 1652 880 1707 concilii
921 1655 1248 1710 sententiam
1286 1670 1386 1725 per
1424 1655 1632 1710 litteras
1669 1663 1884 1710 nostras
1913 1670 2057 1709 nun-

478 1738 726 1794 tiaturos.
759 1740 971 1807 Quibus
1001 1745 1108 1800 hoc
1142 1745 1320 1816 ipsum
1354 1745 1531 1800 solum
1571 1744 1967 1810 mandavimus,
1997 1754 2059 1800 ut

2155 557 2531 612 ὲκτεθεικότα·
2585 556 2773 627 ἐπειδὴ
2822 555 2879 611 δὲ
2927 554 3005 620 ὡς
3057 556 3119 620 ἐξ
3166 554 3470 627 ἀνθρώπων
3520 556 3742 625 ἐγένετο

2156 648 2490 719 βαπτισθεὶς,
2523 647 2616 701 καὶ
2658 647 2796 719 πρὸς
2827 645 2927 718 τὴν
2967 646 3325 717 ὀφειλομένην
3357 648 3584 718 εἰρήνην
3646 648 3738 701 άν-

2154 740 2453 812 εχώρησεν,
2482 742 2682 794 ἄτοπον
2710 739 3039 811 ἐνομίσαμεν
3068 738 3179 809 (44)
3215 734 3355 793 εἶναι
3388 739 3504 809 μετ’
3528 742 3736 794 ἐκεῖνόν

2156 851 2208 887 τι
2239 835 2604 903 καινοτομεῖν,
2631 832 2725 885 καὶ
2748 831 3039 894 τοσούτους
3066 830 3258 898 ἁγίους
3275 830 3614 901 όμολογητάς
3638 832 3737 886 καὶ

2160 924 2465 995 μάρτυρας,
2501 925 2629 986 τοὺς
2650 922 2747 977 καὶ
2770 922 2927 977 τοῦδε
2966 919 3063 975 τού
3090 920 3362 992 δόγματος
3394 925 3737 994 συγγραφεῖς

2155 1031 2214 1068 τε
2245 1015 2333 1070 καὶ
2370 1014 2598 1086 εὑρετὰς
2647 1013 2959 1085 ύπεριδεῖν,·
2994 1012 3190 1075 οἵτινες
3215 1011 3358 1067 κατὰ
3382 1011 3473 1066 τδν
3508 1012 3737 1066 παλαιὸν

2156 1107 2255 1177 τῆς
2281 1106 2582 1178 καθολικῆς
2613 1104 2939 1177 Ἐκκλησίας
2975 1102 3196 1175 θεσμὸν,
3222 1102 3437 1157 ἅπαντα
3472 1103 3735 1176 φρονοῦν-

2156 1215 2246 1261 τες
2283 1197 2771 1271 διαμεμενήκασιν.
2802 1192 2904 1251 Ὧν
2936 1196 2966 1248 ὁ
2990 1182 3125 1260 Θεὸς
3155 1195 3255 1266 τὴν
3306 1195 3490 1251 πίστιν
3529 1197 3622 1251 καὶ
3653 1198 3735 1256 είς

2156 1290 2283 1354 τοὺς
2322 1291 2449 1354 σοὺς
2479 1290 2705 1362 χρόνους
2738 1290 2838 1361 τῆς
2870 1288 3149 1361 βασιλείας
3183 1287 3479 1359 μετέδωκε,
3512 1290 3599 1343 διά
3638 1289 3749 1351 τοῦ,

2160 1380 2366 1449 Κυρίου
2397 1379 2556 1452 ἡμῶν
2583 1379 2760 1450 Ἰησοῦ
2793 1377 3052 1452 Χριστοῦ,
3077 1377 3146 1431 δι’
3166 1370 3228 1432 οὗ
3260 1394 3344 1431 σοι
3374 1380 3468 1431 καὶ
3490 1378 3552 1431 τδ
3580 1378 3741 1449 βασι-

2158 1472 2337 1526 λεύειν
2367 1470 2544 1536 οὕτως
2573 1469 2838 1543 ὑπῆρξεν,
2868 1472 2945 1535 ώς
2967 1470 3064 1524 καὶ
3098 1469 3201 1540 τῆς
3231 1469 3352 1524 καθ’
3381 1470 3529 1541 ἡμᾶς
3557 1474 3739 1524 οίκου-

2164 1566 2332 1638 μένης
2347 1566 2587 1637 κρατεῖν.
2607 1563 2776 1618 Πάλιν
2789 1562 2920 1633 γοῦν
2936 1564 2985 1617 οἱ
3004 1562 3226 1616 ὲλεεινοὶ
3239 1562 3268 1603 ιι
3287 1561 3379 1616 καὶ
3398 1563 3606 1635 οίκτροὶ
3622 1562 3740 1631 (15)

2159 1656 2239 1728 τῷ
2271 1657 2601 1728 φρονήματι,
2652 1654 2897 1727 ἀθεμίτῳ
2944 1652 3255 1724 τολμήματι
3303 1652 3403 1723 τῆς
3446 1652 3743 1717 δυσσεϐοῦς

2165 1748 2482 1819 φρονήσεως
2538 1748 2788 1817 κήρυκας
2837 1744 3062 1807 ἑαυτοὺς
3108 1742 3457 1812 άνήγγειλαν,
3493 1742 3585 1795 καὶ
3620 1744 3745 1796 ἐπι-

477 1845 589 1885 non
644 1833 805 1888 aliter
851 1835 1178 1905 legationem
1239 1836 1584 1907 perferrent,
1639 1851 1803 1907 quam
1860 1845 2059 1892 statuta

2165 1837 2443 1910 χειροῦσιν
2471 1836 2799 1908 ἀνατρέπειν
2814 1836 2922 1889 πᾶν
2945 1833 3009 1890 τὸ
3028 1834 3127 1906 τῆς
3148 1832 3407 1905 ἀληθείας
3434 1833 3742 1902 σύνταγμα.

476 1932 677 1978 vetera.
694 1940 1022 1994 permanere
1059 1926 1373 1984 firmissima
1400 1944 1413 1982 :
1439 1935 1500 1982 ut
1543 1936 1600 1983 et
1644 1928 1913 1998 sapientia
1969 1937 2059 1983 tua

476 2026 854 2084 cognosceret,
889 2034 997 2072 non
1034 2019 1141 2076 hoc
1170 2020 1316 2090 quod
1352 2021 1715 2090 promiserant
1759 2019 2059 2090 supradicti

475 2102 677 2160 Valens
718 2114 773 2160 et
810 2107 1088 2174 Ursacius,
1120 2108 1436 2166 Germinius
1471 2115 1528 2165 et
1563 2109 1747 2175 Caius,
1782 2109 1829 2165 si
1868 2110 2056 2165 subla-

475 2201 593 2249 tum
627 2194 819 2252 fuisset
847 2198 1150 2269 quidpiam,
1186 2217 1375 2271 pacem
1416 2217 1577 2271 posse
1618 2201 1903 2272 compleri.
1938 2200 2060 2268 Quo

476 2286 625 2342 enim
672 2288 837 2343 modo
881 2306 987 2359 pax
1031 2292 1241 2346 servari
1288 2292 1455 2362 possit
1503 2292 1573 2347 ab
1619 2292 1688 2348 iis
1731 2293 1825 2363 qui
1868 2308 2059 2364 pacem

477 2377 846 2435 subvertunt?
883 2381 1051 2453 Magis
1094 2385 1241 2438 enim
1291 2384 1538 2439 turbatio
1567 2385 1783 2440 cunctis
1817 2385 2059 2456 regioni-

475 2469 602 2535 bus,
646 2481 703 2527 et
738 2474 1013 2545 praecipue
1059 2475 1321 2531 Ecclesia:
1359 2477 1618 2531 Romanae
1664 2476 1908 2532 immissa
1954 2486 2058 2532 est.

475 2559 561 2616 Ob
590 2577 754 2632 quam
787 2579 902 2618 rem
937 2572 1086 2641 tuam
1117 2581 1373 2637 rogamus
1398 2568 1767 2634 clementiam,
1795 2578 1857 2624 ut
1888 2570 2060 2640 placi-

476 2651 565 2706 dis
606 2653 837 2709 auribus
879 2662 937 2710 et
983 2671 1184 2711 sereno
1213 2658 1373 2712 vultu
1404 2659 1688 2717 universos
1723 2662 1927 2734 legatos
1958 2679 2061 2720 no-

476 2750 622 2798 stros
648 2752 705 2799 et
729 2745 963 2815 aspicias
1007 2754 1064 2802 et
1107 2748 1300 2805 audias
1329 2767 1342 2803 :
1371 2765 1510 2805 neve
1545 2752 1750 2823 aliquid
1784 2756 2063 2824 permittat

476 2835 771 2892 clementia
819 2846 912 2893 tua
960 2839 1018 2894 in
1066 2840 1326 2913 injuriam
1372 2852 1622 2899 veterum
1672 2846 1927 2911 convelli,
1965 2848 2062 2903 sed

478 2941 701 2983 manere
748 2943 812 2982 ea
864 2945 987 2999 quae
1033 2946 1065 2995 a
1117 2932 1422 3007 majoribus
1464 2935 1670 2990 nostris
1714 2936 2065 3006 accepimus;

476 3032 620 3087 quos
665 3026 722 3073 et
766 3019 939 3074 fuisse
984 3021 1309 3091 prudentes,
1347 3031 1405 3080 et
1453 3024 1573 3081 sine
1616 3024 1826 3095 Spiritu
1873 3038 2062 3086 sancto

358 3102 375 3117 ⁸
479 3106 576 3171 Dei
613 3122 724 3163 non
762 3108 938 3179 egisse
971 3110 1319 3168 confidimus.
1356 3113 1495 3180 Quia
1534 3116 1637 3170 ista
1670 3117 1915 3173 novitate
1951 3135 2061 3173 non

2178 1930 2264 1992 Ὦς
2289 1928 2401 2000 γὰρ
2452 1928 2593 1981 κατὰ
2632 1927 2693 1980 τὸ
2730 1927 2821 1980 σὺν
2850 1926 3181 1999 πρόσταγμα
3224 1925 3288 1979 τὸ
3330 1925 3606 1995 συνέδριον
3640 1924 3745 1995 τῆς

2169 2021 2388 2075 συνόδου
2440 2021 2837 2091 συνεκροτεῖτο,
2891 2019 3137 2072 κάκεῖνοι
3192 2017 3293 2088 τῆς
3346 2016 3483 2080 ίδίας
3526 2016 3745 2086 ἀπάτης

2166 2109 2441 2181 ὲγύμνουν
2474 2109 2574 2181 τὴν
2601 2108 2813 2178 σκέψιν,
2839 2107 3139 2180 ἐπειρῶντο
3162 2108 3272 2179 γὰρ
3308 2106 3615 2179 πανουργίᾳ
3639 2107 3744 2157 τινὶ

2167 2202 2263 2255 καὶ
2294 2205 2509 2273 ταραχῇ
2536 2199 2939 2273 προσφέροντές
2966 2217 3019 2255 τι
3054 2199 3535 2270 καινοτομεῖν,τῆς
3557 2196 3746 2251 τοιαύο

2166 2313 2265 2366 της
2292 2297 2538 2367 ἑτεροίας
2569 2297 2696 2359 τοὺς
2723 2293 3215 2365 συναλισκομένους
3245 2293 3495 2367 εὑρόντες
3526 2291 3749 2362 Γερμὰ-

2166 2405 2298 2453 νιον,
2330 2387 2619 2454 Αύξέντιον
2638 2390 2733 2444 καλ⁸
2761 2389 2940 2454 Γάϊον,
2964 2388 3091 2452 τοὺς
3114 2386 3212 2459 τὴν
3234 2385 3350 2458 ἔριν
3370 2385 3466 2438 καὶ
3492 2385 3748 2455 διχοστα-

2169 2480 2291 2534 σίαν
2325 2478 2709 2552 ἐμποιοῦντας.
2732 2475 2836 2533 Ὧν
2862 2482 2894 2551 ἡ
2928 2477 3243 2533 διδασκαλία
3274 2475 3371 2547 μία
3412 2474 3510 2544 μὲν
3539 2468 3673 2527 οὖσα
3692 2484 3745 2539 α,

2169 2573 2279 2627 πᾶν
2300 2572 2504 2643 πλῆθος
2526 2572 2885 2644 βλασφημιῶν
2907 2570 3287 2642 ὑπερϐέϐηκεν
3303 2585 3315 2599 ·
3343 2568 3419 2631 ώς
3433 2567 3490 2621 δὲ
3504 2566 3751 2620 συνεῖδον

2168 2663 2291 2735 οὐχ)⁵
2316 2664 2417 2734 τῆς
2455 2664 2629 2735 αὐτῆς
2657 2663 3026 2736 προαιρέσεως
3051 2662 3231 2726 ὄντας,
3274 2658 3398 2713 οὔτε
3427 2660 3748 2728 ὁμογνωμοο

2168 2753 2397 2818 νοῦντας
2442 2753 2525 2822 ἐφ’
2551 2746 2633 2817 οἷς
2666 2751 2851 2816 κακῶς
2902 2751 3186 2824 ἐφρόνουν,
3217 2751 3296 2812 είς
3320 2748 3383 2802 τὸ
3420 2745 3747 2819 συμϐούλιον

2168 2843 2327 2915 ἡμῶν
2352 2846 2662 2915 μετήγαγον
2688 2843 2935 2911 ἑαυτοὺς,
2962 2842 3038 2906 ὡς
3068 2842 3245 2896 δοκεῖν
3277 2841 3463 2911 ἕτερον
3486 2839 3743 2911 γράφειν.

2166 2929 2276 2988 Ἦν
2301 2934 2357 2988 δὲ
2381 2936 2410 2988 ὁ
2432 2936 2621 3006 καιρὸς
2639 2934 2844 3005 βραχὺς
2870 2934 3005 3004 (46),
3022 2935 3159 2989 ὁκαὶ
3185 2932 3285 2998 τὰς
3310 2930 3535 3003 γνώμας
3558 2929 3743 2984 αὐτῶν

2167 3025 2607 3097 ἑξελέγχων.”1να
2636 3029 2709 3101 μὴ
2733 3024 2827 3081 οὖν
2853 3027 2967 3090 τοῖς
2988 3028 3172 3090 αὐτοῖς
3195 3026 3283 3079 ἀεὶ⁵
3305 3025 3373 3079 τὰ
3389 3027 3490 3096 τῆς
3519 3023 3749 3094 Ἐκκλη-

2169 3115 2292 3181 σίας
2322 3116 2648 3189 περιπίπτῃ,
2701 3118 2795 3170 καὶ
2825 3116 3039 3188 ταραχὴ
3074 3117 3169 3170 καὶ
3207 3114 3438 3187 θόρυϐος
3466 3113 3744 3168 κυλινδού-

480 3195 658 3251 solum
692 3196 883 3253 fideles
913 3200 1103 3270 populi
1137 3192 1455 3272 perturbati
1482 3213 1630 3271 sunt,
1660 3220 1853 3260 verum
1895 3208 2059 3262 etiam

2172 3224 2335 3279 μενος
2391 3208 2607 3262 ἅπαντα
2658 3210 2889 3281 συγχέῃ,
2947 3208 3166 3279 βέϐαιον
3219 3208 3415 3279 ἐφάνη,
3472 3209 3541 3262 τά
3575 3209 3746 3262 πάλαι

482 3284 730 3341 infideles
776 3286 842 3343 ad
892 3289 1275 3347 credulitatem
1307 3301 1565 3349 vetantur
1604 3295 1884 3352 accedere.
1923 3296 2060 3352 Ora-

481 3391 605 3431 mus
645 3378 811 3432 etiam
859 3388 923 3435 ut
964 3382 1273 3453 pracipias,
1303 3392 1384 3439 tot
1431 3386 1719 3456 episcOpos
1765 3388 1922 3459 142
1965 3389 2062 3458 qui

479 3465 730 3525 Arimino
776 3470 1118 3540 detinentur,
1156 3474 1300 3530 inter
1348 3491 1487 3546 quos
1531 3477 1755 3548 plurimi
1798 3487 1927 3534 sunt
1966 3480 2058 3549 qui

479 3567 637 3619 aetate
675 3569 732 3617 et
768 3574 1095 3636 paupertate
1127 3566 1325 3624 defecti
1362 3576 1511 3635 sunt,
1538 3569 1605 3625 ad
1640 3585 1793 3624 suam
1836 3571 2061 3640 provin-

480 3652 621 3709 ciam
661 3671 937 3724 remeare;
971 3674 1043 3714 ne
1083 3659 1332 3715 destituti
1368 3661 1485 3717 suis
1512 3661 1785 3733 episcopis
1811 3662 2064 3718 laborent

480 3746 669 3814 populi
696 3747 1083 3804 Ecclesiarum.
1113 3750 1228 3806 Hoc
1255 3751 1422 3806 etiam
1448 3751 1793 3821 frequentius
1816 3752 2062 3821 postula-

484 3851 626 3902 mus,
655 3844 717 3891 ut
745 3837 881 3891 nihil
913 3839 1229 3907 innovetur,
1260 3842 1399 3897 nihil
1444 3842 1757 3909 minuatur;
1803 3842 1899 3898 sed
1943 3859 2061 3898 ma-

482 3935 652 3983 neant
695 3927 1020 4001 incorrupta
1065 3948 1188 4003 qua:
1232 3934 1405 4004 patris
1447 3943 1650 3991 sancta:
1695 3935 1918 4006 pietatis
1956 3944 2065 3993 tua:

482 4022 848 4090 temporibus,
876 4030 931 4077 et
955 4024 1063 4079 tuis
1086 4025 1359 4096 religiosis
1383 4027 1598 4082 saeculis
1622 4035 2059 4096 permanserunt.

480 4111 593 4168 Nec
614 4114 861 4185 jamnos
894 4115 1107 4189 fatigari
1142 4126 1236 4173 aut
1261 4118 1496 4174 convelli
1527 4134 1558 4173 a
1592 4117 1817 4175 sedibus
1859 4119 2066 4175 nostris

484 4215 575 4261 tua
603 4217 789 4273 sancta
825 4209 1117 4280 prudentia
1143 4209 1449 4281 permittat,
1479 4211 1574 4266 sed
1610 4210 1787 4281 quieti
1811 4226 1935 4266 cum
1962 4226 2065 4281 po-

480 4302 627 4370 pulis
666 4302 783 4357 suis
819 4305 1077 4376 episcopi
1098 4313 1296 4362 vacent
1331 4319 1550 4375 semper
1580 4303 2063 4375 postulationibus,

478 4410 617 4463 quas
660 4395 868 4457 habent
906 4413 1009 4469 pro
1053 4399 1230 4455 salute
1279 4407 1373 4457 tua
1420 4406 1476 4454 et
1519 4413 1621 4479 pro
1661 4412 1831 4470 regno
1865 4404 1978 4462 tuo,
2007 4405 2078 4466 et“

2167 3299 2472 3372 ὡρισμένα,
2509 3299 2723 3371 ἐμμονα
2769 3302 2863 3355 καὶ
2908 3299 3284 3370 ἀμετακίνητα
3330 3300 3743 3369 διαφυλάττειν

2165 3394 2294 3457 τοὺς
2329 3392 2387 3445 δὲ
2415 3393 2848 3465 προειρημένους
2870 3392 2978 3446 ἀπὸ
3031 3394 3131 3462 τῆς
3160 3392 3434 3465 ἡμετέρας
3461 3390 3749 3456 κοινωνίας

2167 3484 2634 3555 ἀποκεχωρίσθαι.
2677 3486 2756 3537 Δι’
2804 3484 2873 3556 ἣν
2913 3484 3115 3547 αἰτίαν,
3154 3485 3283 3547 τοὺς
3325 3483 3747 3549 ἀναδιδάξαντας

2168 3575 2428 3645 πρέσϐεις
2459 3575 2593 3647 πρὸς
2616 3575 2714 3648 τὴν
2733 3575 2829 3647 σὴν
2854 3576 3155 3630 ἐπιείκειαν
3175 3576 3620 3647 ἀπεστάλκαμεν,
3645 3576 3747 3645 τὴν

2166 3665 2393 3738 γνώμην
2410 3666 2503 3721 τοῦ
2531 3666 2808 3739 συνεδρίου
2823 3667 2912 3721 διὰ
2934 3667 3033 3737 τῆς
3060 3667 3351 3739 ἐπιστολῆς
3378 3666 3716 3739 μηνύσοντας
3731 3682 3744 3695 °

2166 3760 2281 3820 τοῖς
2321 3774 2386 3827 γε
2416 3757 2782 3829 πρεσϐεύουσι
2815 3758 3009 3831 πρόιγε
3046 3759 3267 3813 πάντων
3300 3758 3459 3813 τοῦτο
3504 3775 3745 3830 παρεκε-

2167 3846 2499 3916 λευσάμεθα,
2525 3846 2605 3918 τῷ
2636 3846 2735 3919 τὴν
2760 3847 3019 3919 ἀλήθειαν
3048 3846 3424 3901 πιστώσασθαι
3455 3844 3506 3909 ει,
3543 3846 3610 3898 ἐκ
3636 3844 3747 3898 τῶν

2169 3938 2338 3993 πάλαι
2368 3936 2614 4010 ἀρχαίων
2640 3938 2735 3992 καὶ
2762 3936 2985 3992 δικαίων
3014 3937 3391 4010 ὁρμωμένους.
3423 3937 3488 3991 Οῖ
3528 3938 3624 3991 καὶ
3646 3936 3743 4007 τὴν

2171 4029 2273 4101 σὴν
2306 4028 2716 4095 ἀναδιδάξουσιν
2751 4029 3028 4101 ὁσιότητα,
3069 4030 3154 4084 ὅτι
3187 4030 3286 4099 οὐχ
3308 4028 3497 4101 ὥσπερ
3536 4027 3744 4099 ἔφησαν

2173 4118 2475 4191 Ούρσάκιός
2501 4137 2559 4173 τε
2584 4119 2681 4174 καὶ
2704 4119 2937 4189 Ούάλης,
2969 4120 3121 4173 ἔσται
3144 4120 3357 4193 είρὴνη,
3383 4119 3542 4192 εῖπερ
3564 4137 3618 4173 τι
3636 4119 3744 4172 τῶν

2171 4209 2394 4263 δικαίων
2410 4209 2771 4281 ἀνατραπείη.
2796 4209 2922 4274 Πῶς
2951 4208 3062 4283 γὰρ
3090 4211 3315 4282 είρὴνην
3339 4204 3453 4265 οἷόν
3476 4228 3535 4264 τε
3564 4209 3740 4278 ἄγειν,

2171 4301 2297 4365 τοὺς
2326 4301 2427 4372 τὴν
2458 4302 2683 4373 εἰρήνην
2711 4302 3115 4367 καταλύονταςς
3140 4302 3356 4357 Μᾶλλον
3381 4302 3490 4373 γάρ
3511 4302 3627 4371 ἔρις
3647 4302 3744 4355 καὶ

2168 4394 2380 4467 ταραχὴ
2412 4396 2476 4448 ὲκ
2504 4393 2711 4463 τούτων
2741 4396 2840 4449 σὺν
2883 4398 3003 4459 ταῖς
3033 4395 3247 4458 λοιπαῖς
3281 4393 3487 4462 πόλεσι,
3536 4395 3632 4473 καὶ
3675 4398 3742 4465 τῇ

1674 4564 1948 4629 VALESII
1990 4561 2543 4625 ANNOTATIONES.

551 4671 662 4743 (Η)
698 4672 960 4744 ᾌτοπον
985 4674 1371 4744 ἐνομίσαμεν.
1408 4674 1687 4744 Postrema
1716 4689 1844 4744 vox
1901 4675 2058 4728 deest

2163 4674 2243 4729 eis
2257 4674 2607 4744 aliquatenus
2621 4668 3219 4744 responderet,reliq_ua
3236 4667 3740 4744 hic__supplevim_u_s.

481 4741 536 4796 in
576 4741 833 4813 omnibus
871 4743 1076 4797 nostris
1096 4743 1403 4807 codicibus,
1437 4750 1494 4797 et
1521 4743 1665 4813 apud
1698 4742 2056 4809 Athanasium

480 4826 545 4866 ac
578 4812 964 4866 Sozomenum.

553 4880 662 4949 (45)
686 4880 877 4933 Πάλιν
902 4881 1049 4950 γοῦν
1076 4885 1131 4936 ot
1157 4881 1409 4936 ἐλεεινοί
1447 4881 1803 4948 καὶοικτροί.
1825 4882 2059 4937 Latinus

480 4950 676 5015 codex,
712 4965 822 5020 quo
867 4967 1001 5007 usus
1032 4962 1118 5009 est
1152 4951 1375 5009 Graecus
1434 4952 1708 5024 interpres
1740 4952 1904 5022 hujus
1935 4953 2058 5076 egi-

480 5021 668 5076 stolae.
706 5020 921 5075 auctior
961 5021 1130 5076 fuisse
1164 5023 1385 5076 videtur
1416 5040 1483 5076 eo
1516 5039 1679 5076 auem
1710 5022 1873 5076 nobis
1898 5039 1966 5076 ex
2010 5023 2058 5075 i-

480 5020 1130 5095 sto_lze_,_auctior_4fuisse
1164 5023 1385 5095 videtur
1416 5040 1483 5079 eo
1516 5020 1679 5095 quem
1710 5020 1873 5095 nobis
1898 5020 2058 5095 exhi-

481 5089 604 5165 buit
628 5090 888 5165 Hilar_i_us.
921 5092 1057 5147 Nam
1096 5093 1240 5165 apud
1267 5089 1549 5151 Hilarium'
1578 5095 1695 5165 haec
1736 5094 1913 5149 solum
1958 5094 2059 5148 ha-

481 5160 685 5235 bentur
715 5179 727 5214 :
765 5161 918 5235 Nunc
950 5165 1111 5235 etiam
1133 5160 1401 5219 conantur
1417 5164 1708 5220 convellere
1726 5165 1862 5235 quod
1879 5166 2054 5235 fuerat

480 5232 706 5301 positum
738 5234 963 5288 ratione.
1000 5233 1132 5302 Nos,
1166 5244 1229 5291 ut
1256 5234 1450 5292 Latina
1476 5232 2056 5307 interpretatioer-

2236 4738 2508 4813 (46)’⁷Ην
2549 4743 2617 4795 δὲ
2650 4746 2683 4796 ό
2708 4738 2910 4813 ἆιιιιρὸς
2954 4740 3214 4813 βραχύς.
3259 4738 3422 4813 _Ni_hil
3452 4738 3577 4813 big
3608 4740 3747 4813 vidit

2164 4807 2388 4897 (graecus
2417 4814 2711 4897 interpres.
2752 4807 2948 4867 Latina
2971 4807 3744 4897 enim.sichabentt‘fftiqui-

2165 4885 2281 4938 dem
2305 4885 2413 4953 lucc
2439 4880 2583 4938 brevi
2604 4891 2836 4953 tempore
2855 4899 2992 4953 stupe
3020 4886 3251 4953 mutasse
3283 4880 3624 4949 manifestum
3646 4889 3742 4935 est.

2164 4953 2295 5020 Qum
2316 4950 2580 5023 adversus
2601 4950 2889 5008 Ursacium
2920 4950 2974 5007 et
3007 4950 3291 5023 Valentem
3316 4964 3746 5023 eorumqueas.

2165 5019 2340 5080 scolas
2365 5020 2647 5087 dicuntur,
2688 5025 2784 5093 qui
2829 5023 2953 5078 fidei
2985 5020 3251 5078 lormulas
3292 5019 3747 5093 novasquotidie

2166 5095 2607 5177 Pramelsebanh
2636 5089 2843 5177 anilem
2873 5110 2930 5149 se
2961 5094 3363 5177 “densete!!!
3400 5089 3606 5177 habere
3639 5090 3748 5177 ἔρεξε

2164 5159 2369 5221 indicio
2390 5159 2866 5229 demonstrantes,
2896 5159 3362 5234 quemadmodum
3403 5160 3598 5233 objicit
3638 5162 3747 5216 illis

2163 5236 2497 5291 Athanasius
2520 5251 2631 5289 non
2665 5250 2776 5290 uno
2810 5236 3032 5291 inloco.

1928 5392 2308 5449 VARIORUM.

550 5484 581 5525 ιι
624 5482 817 5539 Πάλιν
861 5484 1009 5553 γοῦν
1053 5487 1106 5540 οι
1146 5485 1417 5540 ἐλεεινοί.
1456 5486 1718 5543 Ursacius
1753 5497 1810 5543 ct
1854 5488 2056 5542 Valens

480 5554 1043 5628 pmnitentiamsuam
1070 5564 1441 5628 retractarunt
1467 5558 1523 5611 in
1549 5558 1759 5628 synodo
1789 5557 2056 5628 Mediola—

480 5624 659 5699 nensi,
686 5641 837 5699 anno
867 5626 992 5690 355,
1029 5624 1486 5699 teste‘Athanasio
1521 5624 1593 5683 in'
1621 5629 1798 5699 Epist.
1826 5627 1894 5682 ad
1925 5626 2057 5681 soli-

481 5693 672 5751 tarios.
704 5697 790 5751 W.
816 5698 1036 5754 Lowru.
1176 5697 1180 5701 “

458 5808 468 5817 .
554 5773 579 5803 ε
623 5766 991 5823 Διδιισκωὶία
1013 5768 1123 5839 μία
1160 5767 1275 5839 μὲν
1305 5764 1479 5823 οὖσα.
1518 5768 1855 5824 Sozomenus
1897 5766 2062 5823 habet

2161 5487 2480 5567 διδασκμλία
2524 5490 2597 5567 pf;
2644 5489 2898 5567 μένουσα,
2933 5500 3037 5567 nec
3062 5493 3307 5567 possunt
3350 5484 3467 5565 haec
3514 5482 3744 5567 iunconf

2165 5565 2315 5611 textu
2345 5550 2541 5613 Latino
2566 5550 2867 5613 internosci
2900 5574 2915 5620 ;
2947 5556 3022 5611 ita
3062 5550 3236 5611 libera
3275 5555 3530 5610 versione
3554 5550 3758 5607 Graeca

2164 5626 2405 5683 donatus
2442 5637 2547 5683 est.
2580 5629 2680 5695 (Cl.
2716 5627 3060 5683 Bcnedictini
3094 5627 3152 5681 in
3172 5623 3459 5695 Albanas.)

2116 5739 2119 5742 -
2234 5695 2262 5734 ιι
2312 5696 2397 5762 Τῷ
2423 5698 2539 5765 τὴν
2565 5692 2854 5766 ἀλήθειαν
2904 5698 3338 5751 πιστώσασθαι.
3380 5692 3572 5766 melius
3605 5692 3745 5761 legn

2170 5774 2261 5820 tur
2282 5768 2341 5820 τὸ
2376 5763 2522 5838 apud
2553 5763 2843 5823 Sozomcn.
2878 5768 2978 5823 lib.
3010 5785 3084 5832 tv,
3111 5782 3230 5836 cap.
3266 5766 3352 5819 18.
3395 5765 3480 5821 W.
3518 5763 3745 5818 Lovmt.
