4078 6210
273 218 377 273 321

1282 209 1609 280 HISTORIA
1649 216 2201 287 ECCLESIASTIL‘A.
2240 267 2305 273 —
2346 237 2473 290 ua.
2516 238 2580 291 ιι.

3444 249 3550 302 521

272 336 465 388 πίστει
501 333 815 399 συνθέσθαι,
847 333 1124 406 ὲξόριστος
1156 335 1390 404 γίνεται,
1424 337 1533 392 τῶν
1572 339 1698 410 περ)⁸
1728 340 1855 411 Οὐρ·

1973 344 2229 401 Liberius
2271 347 2530 403 Romana:
2576 346 2731 404 urbis
2774 368 3085 423 episcopus,
3131 372 3256 411 cum
3303 358 3429 415 ﬁdei
3470 361 3546 417 illi

275 426 472 480 σάκιον
499 428 584 490 εἰς
613 426 707 479 τὸν
757 426 924 479 τόπον
951 426 1117 480 αὐτοῦ
1144 430 1606 500 καταστησάντων
1636 430 1865 501 Φίληκα,

272 519 332 580 ὃς
381 516 641 580 διάκονος
690 517 767 572 ὢν
805 516 908 586 τῆς
940 518 1000 570 ἐν
1050 516 1237 589 Ῥώμῃ
1280 518 1629 591 Ἐκκλησίας,
1679 520 1773 573 καὶ
1801 523 1866 592 τῇ

284 611 544 680 ’Δρειανῇ
587 607 717 682 δόξῃ
762 606 876 679 (52)
926 608 1267 680 προστεθεὶς,
1296 611 1377 673 είς
1418 610 1516 681 τὴν
1563 611 1867 683 ἐπισκοπὴν

273 697 621 770 προεϐλήθη.
652 698 778 751 Εἰσὶ
819 697 876 751 δὲ
906 699 957 750 oi
1005 697 1281 766 λέγοντες,
1334 699 1417 752 ὅτι
1454 698 1517 751 οὐ
1570 698 1868 769 προσέθετο

276 791 375 860 μὲν
415 792 485 860 τῇ
520 791 778 860 Ἀρειανῇ
809 786 958 863 δόξῃ,
997 788 1090 861 βίᾳ
1114 789 1171 842 δὲ
1200 790 1297 843 καὶ⁸
1318 789 1534 863 ἀνάγκῃ
1561 791 1867 860 κεχειροτό-

272 899 424 952 νητο,
459 882 648 935 Πάντα
679 882 782 953 μὲν
803 875 895 934 οὖν
932 881 1056 934 τότε
1081 881 1152 935 τὰ
1185 881 1327 935 κατὰ
1360 881 1461 953 τὴν
1500 880 1654 936 δύσιν
1686 900 1868 937 καινο-

270 972 592 1042 τομούμενα
619 972 869 1043 ταραχὴν
902 966 1038 1043 εἷχε,
1066 971 1177 1026 τῶν
1228 972 1327 1042 μὲν
1358 971 1743 1045 ἐξωθουμένων
1772 975 1866 1029 καὶ

270 1066 765 1137 ἀποστελλομένων
797 1067 879 1130 είς
933 1065 1150 1135 ὲξορίαν
1172 1079 1189 1096 ⁶
1214 1066 1325 1120 τῶν
1354 1066 1412 1121 δὲ
1459 1069 1540 1131 είς
1564 1068 1729 1121 τόπον
1757 1069 1864 1122 τῶν

270 1156 457 1210 αὐτῶν
488 1155 1053 1226 ἀντικαθισταμένων.
1080 1154 1191 1209 Καὶ
1211 1157 1384 1209 ταῦτα
1407 1157 1617 1225 ἐγίνετο
1643 1158 1735 1229 βίᾳ
1769 1161 1865 1213 καὶ

269 1252 381 1305 τῶν
412 1250 714 1321 βασιλικῶν
758 1250 1202 1322 προσταγμάτων
1230 1251 1365 1324 (55),
1393 1251 1537 1323 ἀπερ
1563 1253 1658 1305 καὶ
1687 1256 1767 1318 εἰς
1794 1255 1863 1309 τά

270 1343 382 1413 {Qa
418 1343 563 1415 μέρη
594 1342 925 1397 ἀπέσταλτο.
963 1330 1028 1396 Ὅ
1077 1342 1331 1414 Λιϐἐριος
1372 1343 1473 1414 μὲν
1540 1338 1635 1397 οὖν
1667 1346 1863 1416 μικρὸν

270 1434 506 1505 ὕστερον
535 1434 633 1503 τῆς
667 1432 886 1505 ἐξορίας
920 1433 1268 1504 ἀνακληθεὶς,
1309 1434 1405 1487 τὸν
1445 1432 1645 1489 οίκεῖον
1676 1435 1863 1506 Θρόνον

269 1525 519 1580 ἀπέλαϐε
544 1526 596 1590 ιι,
619 1524 718 1579 τοῦ
749 1527 808 1578 ὲν
843 1524 1033 1599 Ῥώμῃ
1057 1526 1188 1580 λαοῦ
1210 1527 1623 1593 στασιάσαντος,
1645 1530 1739 1582 καὶ
1763 1531 1863 1600 τῆς

280 1616 619 1688 Ἐκκλησίας
654 1615 1009 1680 ὲκϐἀλλοντος
1042 1617 1132 1670 τὸν
1180 1616 1417 1687 Φίληκα’
1443 1618 1471 1670 ὅ
1498 1634 1558 1671 τε
1605 1619 1861 1689 βασιλεὺς

1970 450 2300 493 consensum
2324 442 2739 496 accommodare
2754 444 3047 511 renuisset,
3070 446 3123 499 in
3151 450 3401 506 exsilium
3425 454 3552 509 mit-

1972 528 2129 594 titur,
2168 529 2347 585 Felice
2375 532 2431 585 in
2469 532 2590 603 ejus
2620 533 2803 588 locum
2847 534 2917 588 ab
2946 535 3260 594 Ursacianis
3295 542 3547 600 suffecto.

1969 618 2072 685 Qui
2117 619 2276 692 144
2312 638 2436 677 cum
2485 632 2631 678 esset
2670 625 2927 682 Ecclesiae
2960 625 3220 685 Romanae
3261 630 3547 697 diaconus,

1967 709 2225 765 Arianam
2272 720 2401 767 tunc
2437 715 2719 784 amplexus
2748 716 3055 785 perﬁdiam,
3104 718 3172 774 ad
3202 722 3549 793 episcopatus

1969 801 2237 857 honorem
2275 814 2563 874 promotus
2594 814 2697 861 est.
2728 807 2989 863 Nonnulli
3032 816 3215 866 tamen
3249 812 3546 882 afﬁrmant,

1968 893 2123 949 illum
2152 895 2471 966 opinionem
2498 897 2761 952 Arianam
2797 899 3023 954 minime
3057 902 3369 971 amplexum
3401 920 3545 968 esse,

1968 983 2064 1037 sed
2097 984 2149 1038 vi
2178 1000 2242 1040 ac
2272 987 2599 1042 necessitate
2620 989 2962 1058 compulsum
2999 991 3403 1050 ordinationem
3426 1011 3548 1051 sus-

1967 1073 2197 1143 cepisse.
2232 1075 2388 1129 Tunc
2418 1075 2588 1147 igitur
2631 1077 2685 1130 in
2722 1076 3038 1135 Occidentis
3066 1082 3334 1150 partibus,
3380 1087 3548 1143 rebus

1966 1166 2125 1219 novis
2162 1181 2227 1221 ac
2259 1167 2498 1221 tumultu
2529 1168 2689 1237 plena
2713 1177 2873 1224 erant
2896 1171 3115 1226 omnia:
3144 1189 3268 1228 cum
3303 1176 3394 1229 alii
3426 1177 3547 1247 qui-

1966 1256 2090 1311 dem
2116 1256 2543 1313 extruderentur
2565 1266 2621 1314 et
2661 1259 2715 1314 in
2754 1255 3006 1315 exsilium
3032 1262 3419 1332 mitterentur,
3450 1269 3541 1323 alii

1966 1363 2097 1401 vero
2123 1340 2180 1402 in
2200 1364 2393 1404 eorum
2424 1350 2857 1421 subrogarentur
2882 1351 3085 1407 locum.
3113 1346 3291 1425 Atque
3319 1352 3436 1412 haec
3454 1375 3546 1428 ge-

1965 1438 2230 1492 rebantur
2267 1440 2323 1494 vi
2356 1446 2413 1494 et
2450 1440 2781 1494 auctoritate
2814 1441 3179 1511 imperialium
3210 1443 3543 1511 edictorum,

1964 1544 2087 1597 quae
2107 1528 2174 1583 ad
2195 1537 2381 1599 partes
2404 1531 2568 1585 etiam
2581 1530 2823 1586 Orientis
2854 1533 3174 1587 transmissa
3195 1542 3342 1588 sunt.
3372 1534 3546 1590 Caste-

1965 1635 2087 1673 rum
2112 1619 2366 1675 Liberius
2395 1622 2543 1676 haud
2573 1622 2745 1676 multo
2766 1630 2890 1692 post
2910 1622 2979 1677 ab
3009 1624 3204 1678 exsilio
3232 1636 3541 1690 revocatus,

267 1708 363 1762 καὶ
389 1679 546 1780 παρά
584 1679 811 1779 ﬁdian
857 1679 1069 1771 τούτοις
1098 1679 1316 1776 ἐγένετο
1366 1679 1678 1780 σύμψηφος.
1712 1712 1774 1764 Oi

1960 1713 2149 1767 sedem
2183 1728 2338 1768 suam
2379 1715 2612 1785 recepit,
2644 1731 2771 1770 cum
2808 1715 3045 1786 populus
3079 1715 3378 1781 Romanus,
3400 1717 3545 1773 sedi-

268 1801 401 1873 περὶ
429 1800 743 1871 οὖρσάκιον
761 1800 864 1869 τῆς
895 1799 1125 1864 Ἰταλίας
1141 1801 1618 1872 ἀναχωρήσαντες,
1646 1801 1742 1855 καὶ
1767 1801 1860 1855 ἐπὶ

264 1893 330 1945 τὸ
356 1892 656 1945 ἀνατολικά
683 1890 1053 1955 διαϐαίνοντες
1084 1891 1247 1964 μέρη,
1271 1892 1426 1946 πόλιν
1486 1894 1587 1963 τῆς
1614 1892 1857 1964 Θρᾴκης,

261 1983 442 2053 ὄνομα
461 1982 666 2053 Νίκην,
681 1982 1177 2054 καταλαμϐάνουσι·
1201 1983 1395 2056 μικρὸν
1414 1984 1471 2038 δὲ
1489 1984 1863 2055 ἐπιμείναντες

263 2075 321 2127 ὲν
364 2074 515 2145 αὐτῇ
580 2074 796 2145 χρόνον,
857 2075 1047 2146 ἕτερον
1108 2075 1385 2130 ποιοῦνται
1442 2080 1500 2132 ὲν
1537 2078 1673 2149 αὐτῇ
1735 2095 1859 2131 συν-

262 2165 449 2238 ἐδριον
480 2166 600 2236 (54)
624 2183 639 2196 ·
675 2167 764 2219 καὶ
785 2165 883 2239 τὴν
909 2168 1348 2236 ἀναγνωσθεῖσαν
1381 2171 1439 2223 ὲν
1472 2169 1733 2241 Ἀριμίνῳ
1754 2170 1857 2242 τῆς

265 2258 505 2321 πίστεως
528 2257 742 2311 ἔκδοσιν
762 2260 843 2321 εἰς
878 2254 1108 2313 Ἐλλάδα
1130 2257 1381 2328 γλῶσσαν
1394 2260 1852 2332 ἐρμηνεύσαντες,

266 2351 389 2406 καθ’
419 2351 481 2404 ὃν
506 2350 771 2421 ἀνωτέρω
800 2350 1113 2422 γέγραπται
1158 2351 1380 2424 τρόπον,
1412 2348 1529 2409 εἶτα
1559 2353 1851 2426 δημοσιεύ-

1964 1805 2108 1860 tione
2134 1805 2296 1872 facta,
2312 1803 2545 1862 Felicem
2565 1798 2806 1862 Ecclesia
2828 1808 3147 1877 expulisset,
3167 1816 3223 1863 et
3250 1810 3544 1879 imperator

1962 1896 2094 1953 licet
2143 1898 2350 1953 invitus
2391 1915 2673 1954 assensum
2704 1900 2812 1954 illis
2864 1899 3209 1970 przebuisset.
3259 1896 3541 1956 Ursaciani

1963 2003 2118 2053 vero,
2141 1988 2332 2044 relicta
2380 1989 2555 2055 Italia,
2590 1990 2659 2045 ad
2696 1989 2938 2045 Orientis
2967 1998 3152 2059 partes
3191 1994 3541 2062 transgressi,

1962 2066 2133 2136 Nicen
2158 2097 2382 2146 venere,
2404 2081 2552 2152 quod
2573 2090 2658 2137 est
2676 2083 2938 2153 Oppidum
2972 2072 3240 2137 Thraciae.
3270 2083 3389 2137 Illic
3426 2100 3544 2139 mo—

1962 2172 2088 2227 dico
2148 2181 2391 2242 tempore
2437 2174 2782 2236 commorati,
2817 2172 2964 2227 aliud
3024 2172 3078 2226 in
3102 2187 3169 2226 eo
3192 2172 3314 2227 loco
3360 2165 3543 2229 fecere

1960 2264 2273 2320 concilium.
2320 2265 2388 2319 Et
2427 2264 2827 2335 expositionem
2872 2264 2999 2319 ﬁdei
3044 2280 3166 2334 quae
3197 2264 3338 2321 lecta
3363 2263 3542 2319 fuerat

1958 2355 2227 2421 Arimini,
2256 2355 2312 2411 in
2331 2354 2581 2412 Graecum
2610 2372 2920 2413 sermonem
2953 2356 3370 2423 transferentes,
3398 2357 3543 2412 sicut

1475 2528 1749 2588 VALESII
1789 2520 2337 2587 ANNOTATIONES.

357 2647 452 2719 52)
474 2647 591 2702 Kal
647 2645 725 2715 τῇ
766 2645 1040 2719 Ἀρειρνῇ
1080 2645 1381 2719 ὃόεῃμᾶμᾷ
1424 2647 1515 2700 δέ.
1568 2646 1628 2700 In
1685 2646 1856 2717 Regio

260 2716 457 2773 codice
482 2732 596 2787 quo
619 2732 756 2772 usus
799 2726 887 2772 est
918 2717 1192 2772 Rohertus
1218 2716 1551 2787 Stephanus,
1591 2724 1716 2786 post
1756 2716 1856 2770 vo-

263 2804 381 2839 cem
412 2789 535 2839 καὶ.
568 2787 675 2839 tria
698 2795 903 2839 puncta
923 2802 1159 2839 superne
1179 2795 1366 2839 notata
1417 2794 1568 2839 sunt.
1592 2802 1714 2839 aute
1759 2786 1856 2839 ali-

263 2804 381 2843 cem
412 2789 535 2851 καὶ,
568 2789 675 2841 tria
698 2795 903 2858 puncta
923 2802 1159 2857 superne
1179 2795 1366 2843 notata
1417 2794 1568 2849 sunt,
1592 2802 1714 2854 quae
1759 2789 1858 2839 ali-

263 2858 396 2927 quid
428 2858 525 2913 hic
546 2856 745 2912 deesse
783 2856 1115 2927 signiﬁcant.
1141 2857 1253 2912 Nos
1293 2871 1363 2911 ex
1389 2855 1617 2927 duobus
1634 2856 1859 2924 optimis

263 2925 905 2990 dodicibusjlorentiﬁo
925 2941 989 2980 ac
1011 2925 1586 2996 Sfortiano,insignem
1605 2925 1853 2980 lacunam

2030 2647 2142 2719 (54)
2199 2648 2450 2719 Ἕτερον
2509 2646 2821 2719 ποιοῦνται
2873 2647 2959 2719 ἐνί
2986 2648 3142 2719 αὐτῇ
3169 2649 3537 2719 Ασυνέδριον.

1956 2715 2142 2787 Legati
2192 2715 2555 2770 Ariminensis
2615 2716 2807 2787 synodi
2852 2718 2965 2787 qui
3030 2717 3098 2771 ad
3154 2715 3537 2773 Constantium

1954 2785 2107 2839 miSsi
2139 2787 2377 2849 fuerant,
2416 2800 2540 2839 cum
2567 2785 2813 2855 corrupti
2843 2785 3078 2841 fuissent
3111 2787 3179 2841 ab
3215 2788 3443 2843 Ursacio
3482 2798 3538 2843 et

1936 2856 2201 2919 Valente,
2236 2855 2530 2926 concilium
2566 2856 2920 2926 celebrarunt
2955 2857 3009 2910 in
3050 2857 3252 2926 oppido
3291 2858 3539 2914 Thracize

1954 2927 2102 2998 Nicae
2133 2930 2149 2946 '
2179 2942 2229 2980 vi
2268 2926 2395 2998 ldus
2425 2924 2681 2998 Octobris
2701 2965 2715 2989 ,
2757 2926 2997 2998 Eusebio
3034 2924 3103 2982 ρι’
3120 2924 3350 2998 Hypatio
3391 2944 3533 2983 coss.

264 2999 431 3081 hujus
604 2996 1001 3081 supplevimus.
1025 2997 1218 3081 ‘Porro
1258 2994 1497 3081 Felicem
1538 2995 1853 3059 diaconum,
1884 2999 1926 3057 C
1960 2996 2020 3076 In
2052 3010 2162 3065 quo
2196 2995 2431 3081 concilio
2463 2994 2724 3081 primum
2749 2996 2971 3076 quidem
3010 2994 3536 3081 excommunicatio-

262 3059 357 3138 qui
384 3070 445 3123 in
496 3059 730 3121 Liberii'
766 3068 963 3138 locum
992 3065 1061 3119 ab
1117 3065 1705 3138 AcacioLsubrogatus
1747 3075 1852 3138 est,

263 3135 551 3209 nunquam
589 3138 855 3192 Arianum
890 3135 1057 3190 fuisse
1100 3135 1386 3191 contendit
1424 3135 1711 3196 Baromus,
1754 3135 1849 3190 sed

260 3210 602 3263 Arianorum
642 3207 909 3262 duntaxat
934 3206 1319 3261 communione
1372 3206 1667 3263 pollutum.
1705 3205 1854 3259 Idem

261 3221 602 3263 Arianorum
642 3221 909 3262 duntaxat
934 3221 1319 3261 communione
1372 3221 1484 3275 pou

261 3276 908 3354 allii-mat_'l:beodoritt_is
931 3274 1118 3354 inAlib.
1142 3292 1179 3354 ιι
1208 3275 1486 3354 llistoriae.

337 3349 453 3418 (53)
500 3349 617 3414 Βίᾳ
648 3348 746 3400 καὶ
799 3344 921 3418 τῷν
968 3344 1311 3418 ,βασιλικῷν
1339 3344 1852 3418 προσταγμάτων.

261 3414 634 3475 Scribendum
671 3422 808 3487 puto
838 3414 930 3485 βίᾳ
961 3414 1057 3469 καὶ
1084 3417 1148 3469 ὲκ
1185 3414 1297 3470 τῶν
1322 3417 1443 3485 βασ.
1507 3414 1859 3487 προσταγμά-

259 3505 391 3543 των.

1961 3065 2047 3136 nis
2070 3064 2421 3136 Sententiam,
2456 3074 2618 3133 Quam
2632 3064 3009 3136 Ariminenses
3029 3067 3272 3136 episcopi
3298 3067 3538 3123 tulerant

1959 3135 2223 3207 adversus
2248 3135 2529 3190 Valentem
2557 3134 2918 3207 e_tl_J_rsacium
2967 3150 3031 3191 ac
3057 3134 3318 3207 reliquos,
3364 3138 3539 3207 resei-

1959 3205 2425 3273 derunt;eosque
2485 3205 2788 3259 catholicos
2827 3221 2949 3259 esse
3002 3221 3067 3260 ac
3112 3205 3331 3273 semper
3366 3206 3537 3262 fuisse

1960 3274 2407 3344 pronuntiarunt.
2439 3274 2647 3328 Deinde
2685 3273 2975 3329 formulam
3030 3275 3157 3330 ﬁdei
3224 3273 3536 3331 haereticam

1962 3345 2468 3425 promulgaverunt:
2504 3344 2696 3425 Exstat
2723 3359 2852 3425 pars
2883 3350 3129 3425 actorum
3166 3346 3239 3425 in
3266 3345 3538 3425 fragmen-

1965 3413 2036 3468 tis
2065 3413 2257 3468 Hilarii
2284 3413 2389 3467 sub
2428 3413 2614 3475 ﬁnem,
2642 3413 2737 3467 ubi
2761 3422 2817 3469 et
2848 3415 3070 3469 nomina
3116 3413 3535 3484 quatuordccim

1963 3485 2267 3555 legatorum
2302 3492 2691 3541 recensentur.

1728 3632 2109 3694 VARIORUM.

259 3777 317 3816 ιι
342 3758 467 3815 Kal.
492 3750 692 3815 Iunias
729 3772 860 3811 ann.
907 3750 1014 3810 352
1063 3755 1273 3812 electus
1312 3767 1416 3813 est.
1460 3754 1694 3825 Scriptis
1727 3770 1855 3809 mox

261 3830 474 3885 litteris
532 3826 834 3883 orientales
876 3826 1121 3896 episcopi
1165 3826 1343 3897 ipsum
1393 3828 1452 3881 in
1504 3832 1689 3897 partes
1727 3840 1856 3879 suas

333 3898 597 3954 rtrahere
616 3895 946 3978 magnopere
964 3895 1297 3978 sategerunt.
1316 3898 1522 3978 Verum
1544 3895 1854 3976 ille_coacta

311 3985 458 4024 omae
510 3964 732 4038 synodo
761 3964 1123 4038 orientalibus
1165 3966 1471 4038 rescripsit,
1528 3980 1597 4038 se
1626 3964 1693 4018 iis
1719 3978 1853 4018 con-

260 4040 478 4094 sentire
509 4034 624 4092 n'on
669 4051 868 4107 posse;
903 4035 1109 4106 diuque
1156 4050 1288 4107 sane
1316 4034 1600 4107 Athanasii
1635 4048 1853 4107 causam

262 4109 530 4163 damnare
574 4103 891 4161 con—stanter
927 4103 1221 4161 recusavit.
1268 4109 1426 4160 Anno
1474 4105 1600 4168 555,
1645 4103 1854 4158 Medio-

260 4180 451 4233 lanum
483 4177 790 4231 accersitus
833 4175 1153 4231 Constantio
1194 4175 1434 4231 viriliter
1473 4173 1710 4239 restitit;
1758 4175 1853 4243 qui

261 4264 388 4303 cum
419 4254 553 4320 post
589 4246 809 4328 longum
836 4261 1067 4328 cumneo
1103 4246 1439 4328 colloquium
1457 4244 1724 4328 habitem,
1754 4258 1855 4299 nec

263 4314 456 4388 prece'.
499 4331 617 4388 nec
637 4314 840 4388 pretio,
867 4316 1033 4388 nullis
1077 4314 1386 4388 rationibus
1422 4330 1525 4370 nec
1553 4314 1681 4367 ullis
1701 4329 1847 4388 _pro-_

263 4383 454 4443 inissis
486 4383 720 4441 minisve
757 4386 999 4440 hominis
1030 4386 1274 4440 animum
1304 4385 1523 4440 flectere
1561 4383 1760 4454 potuit,
1780 4383 1847 4438 ad

264 4458 518 4534 ﬁerinam
546 4455 1010 4534 Thracizeurbem
1036 4455 1312 4534 deportari
1336 4455 1540 4534 jussit,“
1555 4454 1849 4534 subrogato

265 4529 315 4581 ei
351 4528 540 4582 Felice
597 4526 1004 4589 archidiacono,
1041 4523 1203 4595 quem
1228 4523 1461 4581 Aeacius
1501 4523 1852 4595 Carsariensis

268 4598 457 4652 Romae
477 4597 801 4667 episcopum
839 4595 1085 4667 ordinari
1128 4596 1377 4667 curavit;
1408 4595 1701 4667 hominem
1729 4594 1850 4662 qui-

269 4668 391 4721 dem
423 4668 481 4721 in
514 4664 629 4720 ﬁde
676 4664 1031 4729 catholicum,
1064 4665 1180 4735 sed
1203 4665 1297 4735 qui
1327 4664 1546 4735 Arianis
1599 4678 1850 4735 comma:

270 4739 493 4791 nionem
533 4751 645 4790 non
692 4735 999 4806 denegavit.
1051 4732 1395 4806 (Guil.—Cave
1434 4733 1512 4806 ad
1541 4749 1669 4788 ann.
1700 4732 1848 4806 552.)

293 4808 401 4862 Fide
452 4806 625 4861 etiam
657 4803 1016 4860 Athanasium
1048 4803 1105 4859 in
1153 4804 1387 4860 Historia
1410 4804 1733 4860 Arianorum
1781 4803 1851 4856 ad

267 4879 576 4940 monachos,
604 4892 659 4947 p.
688 4875 834 4947 _367.
860 4875 1139 4947 Prolixum
1174 4875 1506 4947 colloquium
1537 4875 1681 4947 inter
1709 4872 1853 4929 Con-

266 4947 535 5011 stantium
584 4943 640 5001 et
687 4944 970 5000 Liberium
1013 4945 1183 4999 refert
1226 4943 1558 4999 Theodoret.
1628 4943 1723 4998 lib.
1787 4959 1847 5006 ιι,

263 5032 387 5071 can.
428 5017 520 5071 16.

330 5032 738 5152 ξ’⁹ἇῗίιϐ.αέι>ινσ,ις
775 5086 881 5138 τὸν
911 5084 1131 5139 οἰκεῖον
1146 5084 1363 5153 θρόνον
1386 5081 1668 5139 ἀπέλαϐε.
1706 5082 1847 5153 Dum

266 5153 530 5211 Liberius
561 5153 766 5210 Beroea:
795 5155 850 5209 in
894 5155 1089 5210 exsilio
1108 5152 1383 5218 versatur,
1436 5154 1666 5208 Romam
1706 5152 1850 5208 Con-

262 5226 506 5280 stantius
526 5226 698 5287 venit,
724 5232 889 5294 atque
913 5225 1304 5294 triumphantis
1349 5239 1502 5278 more
1523 5223 1715 5277 urbem
1735 5223 1848 5294 *ἰη-

264 5313 317 5360 ;r
328 5304 601 5377 essus_est
620 5291 914 5377 isapfilis
939 5291 1231 5377 anno—557.
1257 5293 1398 5375 'l'um
1430 5291 1849 5377 ‘ln‘atrona:_.l‘lo-

264 5380 444 5419 mana:
503 5362 942 5419 honorabiliores
975 5374 1030 5419 et
1055 5364 1364 5428 senatoriae,
1415 5362 1850 5418 detrectantibus

266 5434 507 5516 adiciam
530 5435 682 5516 viris,
707 5435 1095 5516 gonstantium
1128 5434 1400 5516 supplices
1444 5432 1667 5516 adeunt,
1699 5432 1848 5516 redi-

270 5512 495 5576 tumque
548 5505 749 5561 Liberii
805 5506 1090 5576 prtesulis,
1130 5503 1216 5559 sui
1272 5504 1473 5576 obnixe
1531 5503 1843 5576 postulant.

271 5573 362 5647 Ille
385 5573 700 5647 respondet,
738 5573 1227 5647 adesserFeliccm
1272 5575 1426 5647 urbis
1472 5574 1844 5647 _episc0pum,

273 5645 443 5703 tirutn
476 5644 626 5705 tanto
648 5663 885 5703 munere
915 5646 1162 5717 dignum.
1189 5644 1291 5699 Cui
1322 5646 1445 5711 illa),
1470 5645 1705 5699 invisum
1732 5660 1848 5698 (un-

1953 3757 2118 3810 nibus
2143 3755 2380 3838 Felicem
2402 3771 2678 3838 essetnec
2697 3770 2935 3838 unquam
2964 3770 3022 3809 se
3042 3769 3202 3838 posse
3224 3772 3291 3809 eo
3314 3754 3533 3838 deduci,

1954 3835 2017 3879 ut
2049 3841 2174 3880 cum
2208 3824 2480 3896 ejusmodi
2518 3827 2639 3881 viro
2684 3824 2961 3881 societatis
2996 3824 3081 3879 vel
3132 3828 3537 3884 communionis

1953 3896 2235 3967 quippiam
2263 3896 2911 3967 babeant,Constantius
2931 3904 3113 3950 autem
3160 3906 3219 3949 ut
3259 3914 3372 3952 rem
3406 3915 3533 3967 per-

1953 3976 2162 4034 gratam
2195 3966 2455 4020 Romanis
2485 3966 2747 4029 ediceret.
2774 3965 2930 4035 jubet
2948 3967 3193 4020 revocari
3226 3965 3532 4031 Liberi—um,

1953 4044 2009 4090 et
2043 4052 2148 4090 una
2182 4051 2307 4090 eum
2342 4037 2522 4091 Felice
2575 4037 2878 4091 Ecclesiam
2910 4035 3202 4090 moderari.
3254 4036 3370 4103 Qua
3400 4053 3535 4092 con-

1957 4103 2167 4159 ditione
2190 4121 2315 4160 cum
2334 4106 2445 4160 risu
2472 4116 2720 4175 excepta,
2741 4113 3001 4159 ctcontra
3026 4107 3293 4161 clamante
3309 4108 3532 4175 populo,

1957 4174 2108 4229 Unus
2146 4176 2311 4238 Deus,
2361 4191 2503 4230 unus
2561 4174 2835 4238 Christus,
2858 4190 3030 4245 _unus
3074 4174 3397 4245 episcopus,’
3435 4192 3537 4245 po-

1962 4246 2228 4299 stulatum
2256 4246 2347 4299 ille
2374 4245 2519 4326 plebi
2542 4245 2833 4323 concessit.
2858 4242 2929 4322 Ut
2964 4251 3147 4326 autem
3172 4242 3336 4326 habet
3365 4242 3534 4299 Scio-

1957 4330 2173 4379 menus,
2196 4330 2307 4368 non
2331 4311 2437 4368 nisi
2462 4330 2519 4368 re
2542 4329 2666 4367 cum
2685 4311 3270 4381 episcopisdeliberata
3299 4329 3533 4369 evocan—

1882 4358 2689 4455 υὄὶἶιὲζζιέἰῖἱὶιᾜὑὲτῖοιῃ,
2719 4358 2821 4436 ὀι
2874 4358 3113 4450 ’ἱιυιίιεηι
3186 4398 3249 4455 ea
3300 4358 3552 4455 ‘Icg‘cméa.

1951 4453 2291 4524 conditione,
2327 4462 2388 4524 ut
2421 4452 2772 4508 orientalium
2808 4459 2932 4504 ante
2961 4453 3290 4524 sententiam
3324 4452 3535 4524 amplc-

1950 4532 2193 4578 xaretur.
2241 4523 2485 4578 Tandem
2546 4530 2833 4593 postquam
2882 4522 3224 4593 exsulaverat
3283 4522 3537 4579 Liberius

1952 4593 2169 4647 duobus
2214 4601 2270 4647 et
2311 4591 2562 4663 amplius
2603 4594 2781 4663 annis,
2828 4597 2884 4644 et
2930 4591 3040 4663 jam
3085 4593 3430 4649 miseriarum
3479 4606 3537 4650 et

1951 4664 2325 4732 periculorum
2354 4662 2476 4732 quae
2514 4662 2798 4733 sustinuit,
2849 4662 3008 4733 taedio
3064 4673 3374 4733 superatus,
3422 4666 3534 4720 vim

1951 4726 2007 4787 et
2042 4734 2272 4788 verbera
2309 4726 2523 4802 passus,
2568 4731 2845 4803 nimiaque
2892 4726 3197 4803 Demophili
3238 4745 3293 4789 et
3337 4736 3535 4790 Fortu—

1952 4804 2160 4857 natiani
2195 4801 2609 4873 importunitate
2633 4801 2832 4867 victus,
2852 4801 3090 4861 dolendo
3140 4804 3392 4860 humanae
3420 4805 3536 4859 fra-
3599 4808 3607 4859 i

1968 4872 2178 4944 ;ilitatis
2229 4872 2480 4944 exemplo
2540 4874 2706 4937 cadit,
2744 4873 3101 4930 Athanasium
3163 4875 3422 4939 damnat,
3479 4887 3536 4929 et

2002 4944 2541 4998 ommusionistarum
2606 4944 2854 5000 formula:
2911 4959 3073 5014 quam
3131 4960 3307 5014 nuper
3348 4944 3535 5000 Sirmii

1952 5014 2334 5084 condiderant,
2365 5014 2687 5077 subscribit,
2729 5030 2872 5069 anno
2918 5014 3042 5077 358,
3070 5014 3232 5084 idque
3266 5031 3323 5069 se
3339 5014 3535 5084 fecisse

1953 5082 2096 5136 datis
2119 5084 2185 5137 ad
2229 5085 2543 5147 orientales,
2570 5084 2800 5153 aliisque
2855 5085 2922 5140 ad
2951 5082 3234 5141 Ursacium
3263 5094 3318 5140 et
3345 5083 3539 5141 Valen-

1954 5162 2063 5206 tem
2104 5154 2302 5208 litteris
2346 5162 2577 5209 testatus
2601 5163 2704 5208 est.
2738 5154 2964 5210 Romam
2993 5154 3159 5210 rediit
3190 5170 3385 5211 magno
3410 5172 3538 5211 cum

1952 5223 2139 5292 p0puli
2164 5224 2395 5294 gaudio;
2423 5224 2604 5279 Felice
2631 5224 2769 5294 vela
2794 5235 2989 5280 senatu
3029 5225 3114 5279 vel
3143 5241 3173 5279 a
3198 5223 3357 5294 plebe
3397 5227 3536 5280 urbe

1952 5293 2202 5365 expulso.
2231 5294 2378 5349 Vixit
2424 5303 2547 5364 post
2576 5293 3017 5365 reditumannos
3038 5293 3259 5365 novem,
3280 5296 3538 5365 diemque

1953 5362 2153 5435 clausit
2190 5362 2513 5435 supremum
2536 5380 2627 5418 vm
2657 5363 2773 5418 Kal.
2811 5364 3006 5421 Octob.
3036 5381 3165 5420 ann.
3190 5364 3312 5435 366.
3338 5362 3535 5435 Sepul-

1955 5441 2043 5487 tus
2102 5434 2189 5488 via
2227 5432 2431 5489 S‘alaria
2483 5434 2892 5504 incmmeterio
2942 5435 3220 5491 Priscillae.
3256 5432 3274 5504 (
3299 5434 3379 5490 CI.
3412 5432 3539 5504 ’Μο-

1953 5503 2488 5627 ἰιᾳιιξιιίοΒοηεᾱίοιίηἱ
2524 5503 2621 5559 Vit.
2651 5503 2709 5560 S.
2741 5505 3028 5571 Athanas.,
3057 5515 3113 5560 et
3137 5504 3279 5560 Guil.
3307 5504 3448 5559 Cave
3481 5503 3537 5558 in

2002 5591 2015 5626 ι
2059 5590 2198 5627 erro.

2002 5574 2198 5628 iberio.

2025 5649 2041 5664 ‘
2073 5644 2334 5716 Suspicor
2380 5646 2733 5702 scribendum
2764 5663 2883 5703 esse
2911 5647 3061 5702 Niee.
