4078 6210
305 196 420 256 825

1311 190 1638 252 HISTORIA
1671 194 2227 254 ECCLESIASTICA.
2262 231 2332 240 —
2370 202 2498 257 LIB.
2540 205 2603 259 ll.

3486 208 3590 263 526

300 310 400 371 οὖν
430 312 528 369 καὶ
554 306 724 376 οὗτοι.
763 312 833 368 τὰ
878 313 1153 384 ἀνήκεστα
1189 311 1515 385 πάσχοντες.
1541 304 1654 368 Καὶ
1703 313 1889 385 φεύγει

1997 317 2278 388 amplecti.
2313 318 2380 373 lii
2416 334 2548 390 ergo
2579 335 2685 374 una
2717 335 2843 375 cum
2874 321 2985 377 illis
3015 324 3213 389 vexati,
3240 324 3585 384 intoleranda

304 409 411 480 μιν
446 406 632 463 αὐτῶν
660 408 689 461 ὁ
721 406 1042 472 ἐπίσκοπος,
1087 407 1330 477 ’Δγέλιος
1352 406 1524 480 ὄνομα
1556 407 1723 480 αύτῷ.
1759 408 1895 463 Πολ-

300 498 387 552 λοὶ
431 497 489 551 δὲ
536 497 649 550 τῶν
694 497 987 567 ἐπισήμων
1040 497 1130 550 ἐπ’
1182 496 1442 569 εὐλαϐείᾳ
1498 496 1896 568 συλληφθέντες

304 588 582 659 ᾐκίζοντο,
619 586 743 639 ἐπεὶ
769 586 844 657 μὴ
888 584 1177 640 ἐϐούλοντο
1212 587 1463 658 μετέχειν
1484 585 1585 657 τῆς
1606 586 1894 650 κοινωνίας

300 679 495 735 αὐτοῦ.
530 677 691 734 Μετά
714 678 773 732 δὲ
803 679 930 742 τοὺς
958 679 1275 750 αἰκισμοὺς,
1317 679 1410 751 βίᾳ
1434 678 1545 733 τῶν
1580 678 1893 750 μυστηρίων

302 770 563 840 μετέχειν
591 769 722 831 τοὺς
777 767 980 840 ἄνδρας
1026 767 1361 839 ἠνάγκαζον.
1415 768 1570 841 Ξύλῳ
1603 768 1713 841 γάρ
1759 769 1895 823 διαι-

298 861 526 933 ροῦντες
557 859 630 915 τά
671 859 917 932 στόματα
965 860 1075 915 τῶν
1121 860 1445 934 ἀνθρώπων,
1492 861 1563 915 τά
1619 862 1894 933 μυστήρια

296 950 637 1007 ὲνετίθεσαν.
676 951 741 1003 Οί
793 950 851 1004 δὲ
904 950 1270 1022 ὑπομένοντες
1306 951 1486 1016 τοῦτο,
1513 950 1735 1023 μείζονα
1783 950 1891 1005 τῶν

296 1043 478 1100 ἄλλων
508 1043 798 1114 τιμωριῶν
824 1043 1049 1098 κόλασιν
1069 1043 1276 1113 ταύτην
1295 1044 1563 1116 ἐνόμιζον.
1592 1044 1800 1098 Γύναιά
1831 1062 1890 1098 τε

297 1137 395 1191 καὶ
433 1135 631 1190 παιδία
681 1134 1142 1206 συναρπάζοντες,
1183 1134 1432 1207 μυεῖσθαι
1466 1135 1794 1206 ἠνάγκαζον.
1818 1133 1882 1187 Εί

295 1228 357 1284 δέ
384 1246 470 1293 τις
499 1230 849 1300 παραιτοῖτο,
882 1227 916 1299 ἢ
948 1227 1122 1292 ἄλλως
1157 1228 1464 1297 ἀντέλεγεν,
1492 1228 1656 1291 εὐθὺς
1685 1229 1890 1300 ἐπηκο-

296 1319 528 1373 λούθουν
551 1319 785 1389 πληγαὶ,
811 1319 909 1373 καὶ
931 1320 1069 1390 μετά
1106 1318 1206 1382 τὰς
1232 1317 1448 1389 πληγὰς
1492 1318 1681 1390 δεσμοί
1704 1336 1763 1372 τε
1796 1321 1892 1374 καὶ

296 1414 681 1486 δεσμωτήρια,
733 1414 830 1468 καὶ
878 1412 948 1467 τὰ
1003 1412 1140 1467 ἄλλα
1191 1412 1362 1466 δεινά.
1393 1407 1497 1467 τΩν
1548 1411 1892 1483 ὲνὺςῆδυοίν

299 1506 698 1577 ἐπιμνησθεὶς,
736 1505 981 1576 φανερὰν
1042 1505 1140 1577 τὴν
1187 1506 1456 1577 ἀπήνειαν
1498 1505 1592 1557 καὶ
1631 1504 1893 1576 ὠμότητα

298 1597 646 1654 Μακεδονίου
700 1597 795 1651 καὶ
851 1596 963 1651 τῶν
993 1596 1113 1650 τότε
1166 1596 1533 1665 ἀκμασάντων
1563 1593 1887 1667 ἀνθρώπων,

1994 410 2242 481 perpessi
2270 420 2399 465 sunt
2416 412 2577 467 mala.
2592 412 2660 467 Et
2674 413 2965 484 episcopus
2985 416 3209 485 quidem
3231 434 3452 488 eorum,
3480 438 3583 477 no-

1995 500 2145 556 mine
2165 499 2410 571 Agelius,
2435 500 2561 573 fuga
2586 501 2693 557 sibi
2721 504 3022 559 consuluit.
3044 505 3199 559 Multi
3222 522 3353 562 vero
3380 511 3586 579 pietate

1996 593 2262 664 insignes,
2295 593 2680 664 comprehensi
2703 609 2767 649 ac
2799 595 3092 650 tormentis
3116 596 3323 653 subditi
3346 609 3493 665 sunt,
3519 619 3593 657 eo

1994 683 2143 754 quod
2186 686 2592 740 communicare
2625 701 2749 741 cum
2783 686 2877 740 illo
2909 698 3246 742 recusarent.
3287 691 3416 745 Post
3457 708 3591 747 cru~

1993 775 2170 832 ciatus
2195 784 2400 841 autem,
2426 777 2659 832 miseros
2686 777 2940 832 homines
2959 794 3148 833 secum
3174 782 3587 836 communicare

1992 881 2093 937 per
2127 866 2235 920 vim
2270 866 2582 937 adigebant.
2623 868 2796 939 Ligno
2827 868 2975 923 enim
3017 868 3221 940 injecto
3258 886 3356 925 ora
3402 872 3587 926 homi-

1993 973 2125 1012 num
2169 958 2515 1023 diducentes,
2542 967 2885 1014 sacramenta
2933 960 3069 1030 ipsis
3112 962 3460 1032 ingerebant.
3501 963 3584 1017 llli

1992 1066 2124 1105 vero
2153 1050 2359 1121 quibus
2383 1066 2446 1105 ea
2472 1036 2970 1119 vis'adhibebatur,
3001 1053 3306 1109 cruciatum
3328 1055 3476 1110 hunc
3501 1071 3587 1109 re-

1993 1141 2163 1211 liquis
2198 1142 2459 1197 omnibus
2516 1144 2689 1198 multo
2732 1144 3040 1214 graviorem
3092 1146 3410 1201 censebant.
3463 1147 3585 1200 Mu-

1992 1236 2157 1289 lieres
2188 1251 2354 1305 porro
2386 1244 2441 1289 et
2461 1236 2718 1307 parvulos
2739 1236 3097 1307 abripientes,
3125 1255 3283 1293 sacro
3307 1240 3585 1309 baptismo

1994 1327 2202 1382 initiari
2228 1327 2514 1397 cogebant.
2541 1325 2697 1393 Quod
2726 1328 2770 1382 si
2802 1328 2927 1397 quis
2954 1328 3291 1384 detrectaret
3318 1338 3421 1383 aut'
3450 1346 3583 1384 con-

1993 1418 2308 1482 tradiceret,
2357 1418 2540 1473 statim
2595 1419 2872 1485 verbera,
2918 1426 3041 1488 post
3074 1420 3192 1474 inec
3256 1421 3477 1475 vincula
3527 1430 3589 1477 ct

1994 1525 2266 1575 carceres,
2292 1518 2349 1565 et
2371 1510 2477 1564 alia
2502 1510 2709 1565 atrocia
2739 1510 3241 1581 subsequebantur.
3273 1512 3352 1565 Ex
3377 1514 3583 1582 quibus

1994 1616 2165 1655 unum
2210 1608 2307 1655 aut
2354 1600 2590 1655 alterum
2638 1600 2895 1655 retulisse
2929 1608 3243 1665 contentus,
3278 1600 3583 1656 Macedonii

294 1693 411 1754 τοῖς
456 1690 719 1744 ἀκούουσι
766 1689 1116 1760 καταστήσω.
1182 1685 1467 1742 Γυναικῶν
1516 1685 1626 1757 γάρ
1652 1686 1763 1741 τῶν
1815 1686 1889 1759 μή

1991 1700 2264 1749 eteorum
2292 1692 2389 1763 qui
2427 1701 2559 1747 tunc
2596 1691 2862 1762 temporis
2883 1691 3287 1761 praevalebant,
3317 1693 3583 1747 saevitiam

294 1776 694 1854 ἀνασχομένων
734 1782 1031 1853 μετασχεῖν
1074 1779 1185 1833 τῶν
1243 1778 1581 1850 μυστηρίων,
1626 1780 1752 1843 τοὺς
1783 1796 1888 1850 μα-

296 1875 462 1939 στοὺς
510 1878 573 1929 ἐν
603 1872 826 1945 κιϐωτῷ
861 1872 1113 1943 βαλόντες
1143 1872 1434 1943 ἀπέπριον.
1469 1870 1676 1925 Ἀλλων
1702 1888 1763 1925 τε
1787 1883 1887 1941 γυ-

295 1965 508 2021 ναικῶν
542 1965 615 2020 τὰ
653 1965 794 2019 αύτά
836 1964 1026 2036 μόρια,
1065 1962 1223 2018 τοῦτο
1254 1963 1354 2033 μὲν
1388 1962 1612 2035 σιδήρῳ,
1642 1961 1799 2016 τοῦτο
1830 1963 1888 2017 δι

286 2056 432 2120 ὠοῑς
464 2054 588 2128 [5η
618 2057 698 2121 είς
732 2054 908 2127 ἀκρον
940 2053 1075 2126 πυρὶ⁸
1115 2052 1491 2124 θερμανθεῑσι,
1520 2053 1889 2123 προφέροντες

292 2149 516 2202 ἔκαιον.
545 2146 684 2218 Ξένη
726 2163 786 2200 τε
842 2146 938 2200 καὶ
969 2144 1122 2216 παρά
1144 2144 1244 2208 τὰς
1289 2143 1556 2214 Ἐλλήνων
1590 2144 1885 2215 τιμωρίας,

288 2237 443 2309 αὕτη
485 2240 521 2306 ή
560 2238 667 2291 ὑπὸ
719 2237 829 2291 τῶν
888 2235 1294 2307 Χριστιανίζειν
1338 2235 1605 2302 λεγόντων
1655 2236 1884 2303 ἐγίνετο.

294 2332 491 2385 Ταῦτα
516 2329 577 2383 δὲ
602 2328 715 2398 ἐγὼ
743 2329 895 2400 παρὰ
916 2328 1010 2382 τοῦ
1045 2329 1590 2401 μακροχρονιωτάτου
1621 2327 1889 2392 Δύξάνονο

292 2437 394 2484 τος
419 2421 655 2491 ηκουσα,
683 2414 744 2473 οὗ
774 2419 878 2472 κᾶν
908 2418 985 2489 τῷ
1029 2417 1234 2489 πρώτῳ
1281 2417 1473 2489 βιϐλίῳ
1524 2420 1750 2489 μνήμην
1797 2436 1889 2471 πει

293 2511 562 2581 τοοίημαι.
598 2511 698 2573 Ὃς
725 2508 1099 2581 πρεσϐύτερος
1125 2507 1223 2579 μὲν
1255 2503 1324 2579 ἦν
1347 2508 1448 2577 τῆς
1470 2507 1578 2560 τῶν
1600 2508 1885 2561 Ναυατια-

292 2598 409 2653 νῶν
450 2598 806 2669 Ἐκκλησίας.
842 2595 1178 2650 Πεπονθέναι
1201 2596 1259 2650 δὲ
1278 2596 1432 2665 ἔλεγε
1462 2598 1556 2650 κα)⁸
1592 2598 1756 2661 αὐτὸς
1787 2597 1887 2651 οὐκ

292 2688 458 2759 ὀλίγα
506 2689 661 2763 παρά
710 2688 820 2743 τῶν
869 2686 1317 2759 ’Δρειανιζόντων
1354 2687 1522 2747 κακὰ,
1559 2686 1712 2741 οὔπω
1737 2704 1887 2758 τηνιο

295 2782 489 2837 καῦτα
524 2784 624 2852 τῆς
654 2779 753 2833 τοῦ
799 2777 1173 2851 πρεσϐυτέρου
1211 2778 1368 2843 ἀξίας
1408 2777 1606 2849 λαχών.
1632 2779 1783 2847 ’Ἅμα
1830 2778 1888 2831 δὲ

310 2873 656 2945 Ἀλεξάνδρῳ
713 2871 1034 2941 Παφλαγόνι
1082 2868 1436 2924 ωνασκοῦντι
1479 2869 1648 2939 αὐτῷ,
1705 2869 1785 2933 εἰς
1826 2884 1887 2922 τε

293 2966 527 3039 εἱρκτήν
577 2964 893 3037 βεϐλῆσθαι,
944 2963 1040 3018 καὶ
1073 2961 1289 3034 πληγὰς
1326 2960 1619 3031 ὑπομεῖναι
1665 2960 1885 3024 πολλὰς,

1991 1793 2049 1840 et
2100 1784 2501 1839 immanitatem
2545 1782 2894 1838 auditoribus
2946 1781 3352 1853 dijudicandam
3408 1784 3583 1839 relin-

1989 1888 2174 1945 quam.
2200 1875 2491 1931 Mulierum
2514 1890 2637 1945 quze
2670 1890 2795 1930 cum
2832 1868 2992 1945 146
3017 1874 3151 1944 ipsis
3172 1876 3585 1932 communicare

1990 1969 2331 2035 renuissent,
2369 1968 2545 2023 ubera
2570 1968 2626 2023 in
2665 1984 2794 2024 arca
2828 1966 3260 2037 comprimentes
3291 1968 3583 2025 abscinde-

1987 2060 2142 2115 bant.
2165 2058 2650 2114 Aliis'mulieribus
2663 2058 2883 2114 easdem
2900 2060 3151 2131 corporis
3177 2069 3363 2131 partes
3384 2060 3585 2130 partim

1987 2151 2160 2214 ferro,
2182 2151 2381 2220 partim
2405 2149 2642 2204 admotis
2659 2148 2780 2205 ovis
2803 2165 2969 2220 supra
2994 2150 3219 2205 modum
3240 2149 3584 2204 ferventibus

1988 2241 2432 2297 combusserunt.
2481 2242 2695 2297 Novum
2728 2241 2835 2297 hoc
2865 2243 3128 2298 tormenti
3178 2258 3371 2313 genus,
3408 2257 3510 2296 nec
3549 2258 3583 2296 a

1986 2332 2289 2403 gentilibus
2337 2333 2602 2388 adversus
2664 2342 2889 2389 nostros
2931 2350 3175 2404 unquam
3230 2342 3580 2404 usurpatum,

1989 2421 2079 2476 isti
2118 2423 2211 2493 qui
2258 2438 2318 2477 se
2365 2422 2712 2478 Christianos
2744 2423 3148 2493 proﬁtebantur
3177 2424 3579 2494 excogitarunt.

1987 2515 2115 2569 Hzec
2144 2530 2246 2585 ego
2278 2515 2347 2569 ab
2371 2514 2696 2570 Auxanonte
2727 2514 2947 2579 audivi,
2980 2515 3106 2569 viro
3129 2514 3427 2569 admodum
3453 2514 3579 2567 lon-

1986 2622 2157 2675 gaevo,
2196 2607 2354 2676 cujus
2412 2606 2579 2660 etiam
2625 2606 2680 2659 in
2722 2605 3008 2675 superiore
3057 2606 3201 2660 libro
3241 2605 3577 2659 mentionem

1986 2694 2111 2749 feci.
2142 2694 2247 2761 Qui
2268 2695 2697 2750 Novatianorum
2732 2695 2959 2765 quidem
2991 2695 3251 2750 Ecclesia:
3290 2694 3579 2764 presbyter

1987 2785 2109 2840 fuit.
2146 2786 2415 2841 Cancrum
2450 2802 2509 2842 se
2533 2803 2751 2857 quoque
2776 2788 3064 2841 innumera
3095 2786 3237 2840 mala
3260 2786 3330 2840 ab
3360 2786 3581 2840 Arianis

1987 2893 2208 2947 passum
2241 2892 2363 2932 esse
2400 2877 2637 2941 dicebat,
2675 2886 2969 2947 antequam
2990 2876 3298 2947 presbyteri
3337 2876 3577 2947 dignita—

1990 2975 2097 3023 tem
2125 2968 2357 3039 adeptus
2375 2967 2588 3023 fuisset.
2609 2966 2743 3021 Nam
2777 2974 2835 3021 et
2865 2981 2990 3021 cum
3009 2966 3321 3020 Alexandro
3344 2966 3584 3036 Paphla-

293 3058 396 3113 καὶ
438 3057 685 3126 ἐνεγκεῖν
712 3053 811 3125 μὲν
847 3052 946 3117 τὰς
976 3046 1243 3123 βασάνους
1280 3050 1443 3113 αὐτὸς
1472 3048 1676 3119 ἔλεγεν·
1710 3048 1889 3113 Ἀλέξ⁸

1992 3075 2154 3130 gone,
2194 3060 2287 3130 qui
2326 3076 2434 3114 una
2479 3073 2603 3113 cum
2655 3058 2774 3128 ipso
2815 3059 3174 3114 monasticam
3206 3056 3374 3112 vitam
3412 3057 3579 3128 dege-

291 3149 495 3221 ανδρον
508 3149 565 3205 δὲ
586 3147 694 3202 ὑπὸ
714 3146 823 3201 τῶν
837 3145 1060 3214 πληγῶν
1076 3146 1135 3197 ὲν
1150 3145 1216 3214 τῇ
1243 3143 1433 3215 εἱρκτῇ
1451 3140 1786 3213 τελευτῆσαι.
1799 3144 1895 3204 Ὃς

294 3241 572 3297 τέθαπται
629 3238 727 3294 νῦν
752 3239 812 3292 ὲν
845 3237 996 3308 δεξιᾷ
1024 3232 1409 3289 είσπλεῦσαντι
1455 3234 1546 3287 τδν
1601 3232 1892 3296 Βυζάντιον

294 3334 527 3397 κόλπον,
557 3331 618 3398 ὃς
656 3331 906 3386 καλεῖται
948 3329 1133 3400 Κέρας
1156 3327 1298 3400 (58),
1322 3326 1551 3397 πλησίον
1587 3325 1697 3378 τῶν
1728 3341 1892 3379 ποταρ

296 3424 456 3497 μῶνι
482 3418 544 3478 οὗ
577 3422 672 3477 καὶ
704 3421 971 3492 ἐκκλησία
1000 3421 1119 3473 ἐστὶ
1147 3416 1669 3483 τῶνιΝαυατιανῶν,
1713 3416 1890 3483 Ἀλεξ-

289 3517 502 3588 άνδρου
558 3514 865 3585 ἐπώνυμος.
907 3512 1198 3583 Καθῄρουν
1241 3510 1341 3583 μὲν
1381 3504 1477 3564 οὖν
1533 3509 1584 3563 οἱ
1624 3506 1885 3578 ’Δρειανί-

291 3607 512 3673 ζοντες,
576 3604 914 3661 Μακεδονίου
974 3601 1307 3667 κελεύοντος,
1373 3601 1541 3665 ἄλλας
1583 3616 1645 3654 τε
1686 3599 1887 3665 πόλλας

289 3698 450 3754 κατά
485 3697 671 3759 πόλεις
697 3693 1012 3766 ἐκκλησίας,
1046 3693 1142 3748 καὶ
1168 3693 1233 3764 δὴ
1271 3692 1368 3746 καὶ
1410 3691 1768 3746 Ναυατιανῶν
1791 3690 1889 3762 τὴν

292 3789 536 3862 πλησίον
562 3787 660 3842 τοῦ
682 3784 969 3857 Πελαργοῢ
986 3786 1045 3839 ὲν
1064 3787 1131 3856 τῇ
1155 3783 1566 3839 Κωνσταντίνου
1589 3782 1741 3836 πόλει
1775 3798 1890 3835 κει-

293 3880 497 3951 μένην.
531 3879 698 3932 Ὄτου
727 3876 889 3947 χάριν
919 3874 977 3930 δὲ
1007 3873 1211 3945 ταύτην
1250 3873 1433 3937 ιδικῶς
1481 3873 1889 3945 ἐμνημόνευσα,

288 3970 473 4036 λέξων
501 3968 752 4040 ἔρχομαι,
778 3968 881 4023 ὅσα
933 3964 1085 4037 παρά
1114 3964 1210 4019 τοῦ
1261 3963 1588 4035 γεραιτάτου
1619 3963 1887 4030 Αύξάνον·

288 4078 393 4127 τος
429 4062 546 4132 (59)
577 4061 809 4133 ήκουσα.
855 4060 913 4111 ’0
949 4056 1213 4129 βασιλέως
1242 4055 1426 4126 νόμος,
1488 4056 1585 4110 καὶ
1633 4058 1666 4127 ἡ
1711 4057 1891 4110 Μακε-

288 4153 483 4210 δονίου
516 4150 626 4223 βία,
658 4148 1041 4221 καθαιρεῖσθαι
1064 4147 1175 4204 τῶν
1214 4148 1276 4202 τὸ
1319 4146 1604 4219 ὀμοούσιον
1631 4147 1892 4219 φρονούν-

288 4263 409 4302 των
449 4244 553 4309 τὰς
574 4241 872 4313 ἑκκλησίας
900 4240 1169 4296 ἐκέλευον.
1201 4238 1393 4295 Ἕλκει
1431 4239 1496 4311 δὴ
1523 4239 1585 4293 τὸ
1607 4238 1888 4310 θέσπισμα

1989 3151 2102 3215 bat,
2139 3166 2197 3205 se
2219 3151 2276 3205 in
2305 3166 2580 3206 carcerem
2602 3152 2909 3222 conjectum
2937 3148 3233 3218 multisque
3252 3147 3580 3202 verberibus

1987 3242 2243 3297 allectum
2270 3240 2473 3308 fuisse;
2505 3256 2570 3297 ac
2598 3257 2655 3297 se
2678 3240 2903 3312 quidem
2935 3248 3211 3295 tormenta
3247 3238 3580 3294 sustinuisse

1985 3330 2237 3396 dicebat,
2276 3331 2648 3385 Alexandrum
2692 3344 2823 3385 vero
2851 3345 2919 3384 ex
2967 3328 3158 3383 dolore
3187 3329 3480 3382 verberum
3520 3328 3575 3382 in

1982 3436 2203 3477 carcere
2245 3421 2543 3477 interiisse.
2602 3421 2778 3491 Hujus
2822 3419 3137 3489 sepulcrum
3170 3435 3321 3474 nunc
3362 3427 3448 3473 est
3504 3420 3576 3473 ad

1982 3511 2238 3566 dextrum
2258 3510 2402 3566 latus
2422 3509 2811 3581 navigantibus
2836 3508 2892 3562 in
2923 3508 3243 3579 Byzantium
3277 3507 3457 3562 sinum
3482 3506 3577 3577 qui

1982 3601 2151 3658 Ceras
2196 3603 2647 3673 cognominatur,
2687 3615 2861 3672 prepe
2892 3600 3130 3655 ﬂuvios:
3166 3600 3263 3654 ubi
3291 3600 3457 3655 etiam
3491 3609 3579 3654 est

1983 3695 2414 3751 Novatianorum
2437 3696 2691 3761 ecclesia,
2714 3694 3010 3750 Alexandri
3038 3694 3262 3748 nomine
3292 3693 3572 3763 insignita.

1986 3788 2159 3842 Porro
2189 3786 2376 3842 Ariani
2410 3803 2535 3842 cum
2589 3788 2725 3842 alias
2749 3788 2950 3843 multas
2973 3787 3237 3842 ecclesias
3258 3788 3314 3842 in
3340 3785 3578 3840 diversis

1988 3878 2305 3935 civitatibus
2318 3887 2655 3943 everterunt,
2678 3880 2906 3950 jubente
2930 3880 3268 3943 Macedonio,
3289 3888 3403 3933 tum
3427 3879 3573 3932 illam

1985 3968 2414 4024 Novatianorum
2459 3984 2581 4039 quae
2627 3968 3107 4038 Constantinopoli
3152 3968 3255 4021 sita
3290 3977 3377 4021 est
3415 3969 3573 4037 juxta

1986 4059 2293 4130 Pelargum.
2350 4059 2463 4115 Cur
2515 4069 2698 4115 autem
2759 4061 2924 4131 hujus
2977 4058 3223 4113 ecclesia
3262 4057 3573 4128 specialiter

1983 4150 2321 4205 mentionem
2348 4150 2597 4212 fecerim,
2629 4151 2808 4205 dicam
2830 4152 2938 4206 hoc
2962 4151 3113 4215 loco,
3138 4149 3364 4204 sicutab
3386 4147 3571 4202 Auxa-

1984 4249 2154 4297 nonte
2188 4251 2464 4312 provecta
2500 4241 2797 4297 admodum
2837 4242 3017 4298 aetatis
3045 4241 3168 4296 viro
3214 4239 3406 4296 didici.
3443 4239 3576 4293 Edi-

1503 4414 1777 4473 VALESII
1809 4415 2254 4473 ANNOTATION
2260 4416 2363 4473 ES.

370 4554 806 4638 (57)_Toiiro_d&
839 4552 996 4634 dicit:
1026 4553 1085 4608 ln
1354 4549 1773 4638 beopisAllatii
1800 4550 1893 4638 hic
1923 4554 1967 4609 Ι)
1988 4551 2328 4638 prccgelidus.
2356 4550 2603 4638 eum
2632 4551 2818 4638 locum
2838 4550 3326 4638 correxi,_secut_us
3358 4550 3576 4638 scriptae

289 4620 482 4688 locus.
504 4627 580 4683 ita
627 4625 829 4697 legitur
859 4622 1062 4697 :froiiro
1114 4621 1172 4675 δὲ
1214 4622 1296 4676 ὡά
1324 4624 1404 4684 είς
1433 4620 1647 4697 ,ἄκρον
1672 4622 1729 4697 εν
1760 4621 1894 4691 πυρὶ

293 4689 711 4771 θερι.ι,ανθέντιι.⁷
727 4695 1099 4771 προφέροντες
1145 4689 1543 4771 συνεφασκίουν
1566 4691 1661 4771 καὶ
1683 4689 1888 4745 ἔκαιον.

292 4763 511 4825 verum
537 4782 643 4838 ego
685 4763 824 4838 nihil
868 4763 1195 4838 mutandum
1223 4776 1442 4826 censeo,
1473 4769 1684 4815 tantum
1722 4777 1893 4832 προσ-

294 4840 567 4909 φέροντες
578 4834 784 4890 ’ωαιίω
802 4834 1078 4909 scribere.

369 4900 488 4979 (58)
524 4910 624 4973 ὀς
651 4905 915 4979 κιρ-εἷται
940 4903 1151 4969 Κέρας.
1181 4900 1505 4979 lgem_dicit
1526 4901 1803 4979 _l’_olybius
1832 4902 1889 4958 in

303 4972 445 5033 ibi-0
468 4970 678 5048 quarto
710 4974 1103 5048 Historiarum,
1128 4970 1413 5048 et_Strabo
1444 4972 1497 5025 in
1526 4970 1669 5048 libro
1705 4980 1879 5048 sexto.

307 5051 470 5103 teras
494 5041 709 5101 scilicet
733 5046 915 5100 sinum
944 5059 1066 5099 esse
1098 5042 1340 5112 vicinum
1376 5041 1655 5112 Byzantio,
1688 5043 1769 5098 sic
1793 5044 1883 5098 di-

294 5129 450 5174 ctum
489 5133 519 5171 a
546 5114 752 5171 cervini
788 5130 961 5169 cornu
1011 5111 1393 5168 similitudine.
1436 5112 1647 5167 Plinius
1700 5121 1881 5169 tamen

296 5187 742 5259 promontorium
773 5184 1244 5259 ita_vocat‘_s_itum_
1274 5182 1421 5259 iri-eo
1451 5182 1595 5237 sinu.
1618 5182 1718 5259 cui
1741 5199 1876 5259 eon-

295 5252 472 5313 Sentit
512 5257 832 5312 Ammianus
858 5253 1206 5309 Marcellinus
1230 5252 1288 5306 in
1320 5252 1461 5305 libro
1495 5268 1624 5307 xm.
1662 5253 1764 5320 Qui
1798 5255 1885 5309 lo-

296 5343 398 5383 cus
412 5326 544 5398 quia
566 5327 731 5398 vulgo
756 5323 1174 5398 corruptissime
1197 5322 1419 5398 legitur,
1445 5337 1545 5376 nec
1562 5322 1620 5398 _in
1641 5324 1884 5398 editione

296 5393 489 5453 nostra
520 5393 704 5451 adhuc
732 5393 1060 5451 emendatus
1090 5400 1194 5457 est,
1234 5393 1326 5446 hic
1356 5400 1520 5464 prout
1562 5393 1666 5464 legi
1697 5394 1883 5464 debet,
1920 5410 1923 5413 ·

297 5483 327 5547 a
354 5484 445 5523 me
472 5474 780 5547 apponetur
808 5464 915 5519 :Et
937 5459 1560 5547 promontorium—geras,
1594 5459 1887 5545 p’rwlucen-

295 5545 401 5592 tem
432 5530 653 5590 naribus
682 5537 869 5590 vehens
894 5530 1249 5589 constructam
1274 5530 1463 5586 celsius
1493 5530 1684 5587 turrim
1712 5550 1886 5602 :qua-

296 5617 516 5682 prapter
551 5605 777 5663 Ceratas
811 5603 1115 5677 appellatur
1148 5612 1329 5659 ventus
1363 5604 1484 5657 inde
1534 5614 1711 5658 suetus
1758 5608 1888 5660 oriri

1988 4621 2245 4683 lectionis
2269 4623 2497 4693 vestigia
2531 4639 2543 4675 :
2577 4637 2701 4677 nam
2728 4622 2947 4691 vulgata
2971 4621 3157 4693 lectio,
3179 4623 3353 4693 cujus
3381 4632 3576 4693 anctnr

1988 4695 2096 4752 fuit
2141 4693 2337 4748 Petrus
2368 4692 2656 4756 Castellus,
2701 4707 2866 4747 sensu
2901 4692 3051 4745 omni
3100 4701 3269 4746 caret.
3309 4692 3424 4746 Mos
3471 4692 3577 4747 fuit

1986 4774 2238 4821 veterum
2269 4772 2465 4819 ventos
2490 4763 2773 4817 nominare
2801 4777 2830 4815 a
2849 4761 2987 4816 locis
3010 4776 3078 4815 ex
3107 4762 3312 4831 quibus
3334 4762 3593 4831 spirant.-

1986 4836 2078 4892 Sic
2098 4834 2384 4905 Argestem
2420 4832 2783 4905 Athenienses
2805 4839 3077 4905 vocarunt
3117 4832 3574 4905 Scironitem,_eo

2024 4904 2130 4960 uod
2148 4901 2213 4957 ei
2237 4902 3064 4973 Scironispromontoriollaret,
3083 4908 3145 4955 ut
3166 4901 3334 4973 tradit
3352 4901 3570 4957 Strabo.

2024 4924 2130 4960 1100
2148 4924 2213 4957 ex
2238 4924 2866 4973 δςιτοηιδρτοιιιυηιοινιυ
2889 4924 3064 4966 uarel,
3085 4924 3145 4955 ιιι
3168 4924 3334 4956 trauu
3352 4924 3570 4957 atram).

1985 4924 2070 5031 (lita
2093 4974 2263 5042 igitur
2311 4972 2540 5028 Ceratas
2584 4980 2784 5042 ventus
2825 4971 3007 5042 dictus
3052 4979 3139 5027 est
3166 4986 3196 5025 a
3231 4971 3571 5042 Byzantinis,

1950 5074 1956 5079 -
1989 5040 2141 5117 quod
2156 5060 2231 5117 es
2261 5041 2862 5117 promontprioﬁerate
2882 5040 3058 5117 ﬂaret.

2051 5113 2174 5240 (559)
2200 5110 2349 5168 Ὅσα
2386 5113 2545 5177 παρὰ
2573 5112 2678 5165 τοῦ
2704 5110 3047 5179 τεραιτάτου
3070 5110 3473 5178 Αὐξὰνοντος.
3508 5112 3574 5166 In

2091 5186 2171 5239 ice
2196 5184 2395 5239 Leonis
2414 5182 2594 5237 Allatii
2629 5182 2892 5240 scriptum
2907 5189 3014 5240 est.
3033 5182 3108 5240 ὼς
3139 5183 3286 5240 παρὰ
3318 5181 3411 5236 τοῦ
3446 5198 3569 5240 γερ.

1983 5181 2171 5264 ορ(ξὶοὸ
2196 5184 2395 5264 Ῑιθο-[ιίξ
2414 5182 2594 5264 ᾼιιαιὶἰ
2629 5182 2892 5251 scriptum
2907 5182 3112 5264 εειηὼς
3139 5183 3286 5264 παρὰ
3318 5181 3411 5264 τοῐξ
3446 5198 3569 5250 γερ.

1981 5255 2252 5321 Δύξιυνος,
2292 5252 2632 5324 Epiphanius
2681 5250 2911 5324 quoque
2947 5250 3332 5324 Scholasticus
3381 5251 3570 5324 Auxe-

1982 5326 2134 5379 nium
2164 5321 2356 5379 senem
2380 5321 2556 5377 vocat.
2592 5321 2700 5378 Sed
2731 5322 2787 5375 in
2802 5321 2986 5392 “hujus
3015 5323 3211 5392 capitis
3239 5322 3467 5392 exordio
3512 5327 3572 5374 et

1984 5342 2134 5379 mum
2164 5340 2350 5379 senem
2380 5339 2556 5377 vocat.
2593 5339 2700 5378 aeu
2731 5339 2892 5389 m_nu
2922 5339 2986 5375 us
3015 5339 3211 5392 captus
3239 5339 3467 5378 exorato
3512 5339 3569 5374 el

1984 5396 2038 5450 in
2070 5412 2087 5449 ι
2123 5395 2266 5449 libro
2303 5401 2529 5448 vocatur
2568 5392 2815 5447 Auxano.
2846 5339 2929 5447 AI)
2980 5393 3092 5447 hoc
3142 5402 3325 5448 autem
3383 5391 3569 5445 Auxa-

1983 5481 2147 5527 none,
2179 5478 2521 5535 quaecunque
2549 5463 2617 5518 de
2650 5462 2970 5518 Novatianis
2994 5463 3198 5535 passim
3231 5465 3285 5517 in
3331 5459 3572 5535 Historia
3667 5520 3673 5525 ,

1985 5552 2082 5589 sua
2137 5531 2321 5588 narrat
2355 5531 2627 5605 socrates,
2664 5542 2852 5590 narrat
2898 5531 3084 5589 autem
3139 5531 3572 5605 quamplurima,

1987 5605 2261 5675 accepisse
2291 5604 2429 5658 mihi
2454 5604 2695 5659 videtur.
