4078 6210
448 224 559 295 ’52⁵1

1904 220 2240 278 SOCRATIS

3623 212 3732 274 3'28

467 363 623 409 ctum
659 346 1012 421 imperatoris
1041 353 1098 401 et
1134 320 1443 400 ~Macedonii
1484 340 1747 397 violentia
1793 338 2056 393 ecclesias

2182 337 2250 389 ιαὶ
2281 337 2315 406 ή
2347 334 2439 404 βία
2464 333 2605 387 κατὰ
2626 332 2793 403 τῆσδε
2831 332 2929 402 τῆς
2957 329 3276 399 ἐκκλησίας,
3308 325 3400 384 καὶ
3429 324 3733 400 ἧπειγονοὶ

461 416 963 501 llomousianorum
1001 435 1306 493 disturbari
1346 441 1739 504 praeceperant.
1792 429 2049 484 Edictum

2182 423 2617 497 προστεταγμένοι
2689 420 2848 475 τούτο
2917 423 3113 475 ποιεῖν.
3154 419 3446 491 Θαυμάσαι
3491 416 3587 476 οὖν
3643 438 3737 493 μοι

462 540 631 610 igitur
656 544 713 591 et
736 532 997 590 violentia
1018 531 1151 589 huic
1173 541 1394 599 quoque
1424 525 1672 581 ecclesia:
1698 524 1911 578 ruinam
1942 523 2049 576 mi-

2154 518 2353 581 ἐπεισι,
2374 515 2465 569 τόν
2489 531 2548 567 τε
2581 512 2942 567 Ναυατιανῶν
2974 511 3103 565 λαὸν
3145 512 3345 566 ὁπόσον
3381 508 3530 583 εἶχον
3577 512 3743 584 ζῆλον

464 602 739 685 dabatur:
773 634 831 679 et
857 623 1145 679 instabant
1187 621 1226 675 ii
1260 619 1465 691 quibus
1502 619 1625 688 ejus
1654 615 1733 669 rei
1770 613 2053 669 exsecutio

2182 608 2251 661 παὶ
2297 605 2533 677 σπουδὴν
2573 605 2705 676 περὶ
2738 604 2838 675 τὴν
2888 602 3098 657 ἑαυτῶν
3142 602 3463 674 ἐκκλησίαν,
3509 606 3606 657 καὶ
3639 607 3740 677 τὴν

466 722 722 777 mandata
742 720 943 773 fuerat.
976 714 1107 770 Mihi
1134 722 1268 769 vero
1298 708 1486 765 mirari
1532 706 1701 772 subit,
1737 713 1854 759 tum
1896 704 2057 758 ardo-

467 830 582 869 rem
614 811 786 875 animi
841 824 908 863 ac
954 806 1203 862 studium
1249 801 1683 859 Novatianorum
1733 796 1884 869 quod
1926 812 2055 867 erga

465 904 753 960 ecclesiam
788 914 944 956 suam
990 897 1379 957 declararunt,
1441 899 1558 946 tum
1615 887 2056 945 benevolentiam

467 1010 633 1067 quam
665 1008 798 1065 erga
834 992 957 1046 illos
987 988 1354 1045 ostenderunt
1373 985 1436 1051 ii,
1460 984 1555 1054 qui
1591 990 1708 1037 tum
1736 980 1960 1051 quidem
1989 979 2059 1033 ab

467 1087 688 1142 Arianis
713 1083 947 1139 ecclesia
974 1081 1192 1135 fuerant
1221 1076 1382 1149 ejecti
1400 1116 1414 1141 ,
1453 1090 1600 1130 nunc
1620 1088 1753 1128 vero
1784 1078 1974 1141 pacate
2004 1077 2061 1123 et

470 1179 766 1249 tranquille
816 1174 1080 1231 ecclesias
1117 1170 1395 1226 obtinent.
1436 1167 1575 1222 Cum
1623 1164 1813 1229 igitur,
1848 1170 1910 1215 ut
1945 1160 2063 1215 haec

469 1273 639 1327 etiam
678 1268 913 1324 ecclesia
950 1266 1358 1325 destrueretur,
1385 1265 1650 1328 urgerent
1694 1255 1732 1309 ii
1770 1253 1975 1325 quibus
2008 1251 2063 1305 id

472 1360 722 1417 muneris
745 1368 866 1414 erat
902 1358 1235 1427 injunCtu'm,
1261 1354 1454 1423 ingens
1484 1348 1773 1403 hominum
1808 1345 1967 1399 turba
1996 1356 2065 1397 eo

473 1452 775 1515 conﬂuxit,
816 1458 935 1504 tum
988 1446 1421 1502 Novatianorum
1447 1481 1464 1506 ,
1513 1449 1631 1494 tum
1692 1438 1929 1492 aliorum
1968 1434 2064 1505 qui

476 1546 620 1600 idem
655 1545 780 1599 cum
811 1541 943 1612 ipsis
968 1538 1300 1595 sentiebant.
1323 1534 1569 1603 Cumque
1601 1529 1888 1585 ecclesiam
1910 1540 2067 1581 suam

476 1633 802 1697 diruissent,
825 1646 948 1685 eam
990 1629 1048 1683 in
1085 1627 1255 1683 alium
1288 1625 1475 1679 locum
1507 1620 1933 1677 transtulerunt.
1967 1616 2069 1671 Hic

475 1734 658 1779 autem
677 1724 835 1777 locus
853 1720 992 1776 situs
1014 1729 1101 1773 est
1123 1734 1190 1773 ex
1210 1716 1445 1772 adverso
1474 1709 2062 1780 Constantinopoleos;

477 1819 787 1887 appellatur
813 1824 1002 1869 autem
1043 1812 1216 1884 Syrte,
1247 1818 1304 1865 et
1337 1808 1501 1863 tertia
1544 1805 1760 1861 decima
1797 1809 1884 1856 est
1913 1798 2068 1854 urbis

480 1910 650 1981 regio.
697 1910 869 1964 Porro
928 1903 1177 1961 ecclesiae
1228 1899 1519 1955 translatio
1559 1895 1715 1951 brevi
1770 1891 2068 1949 admodum

484 2013 730 2071 tempore
750 2001 891 2055 facta
919 2005 1025 2061 est,
1050 2011 1175 2051 cum
1198 1992 1437 2048 maxima
1461 1988 1748 2043 hominum
1775 1983 2071 2039 multitudo

483 2088 797 2147 incredibili
823 2086 1106 2143 alacritate
1135 2099 1258 2138 eam
1293 2085 1710 2149 transportaret.
1736 2076 1892 2131 Alius
1922 2074 2071 2129 enim

484 2181 716 2250 tegulas,
757 2176 972 2247 lapides
1010 2174 1174 2238 alius,
1210 2172 1353 2226 alius
1381 2166 1692 2230 materiam,
1730 2163 1885 2235 147
1930 2163 2074 2217 alius

483 2268 641 2326 aliud
686 2268 820 2339 quid
870 2280 1115 2329 sumens,
1170 2261 1336 2333 Sycas
1373 2257 1676 2314 deferebat.
1709 2255 1817 2310 Sed
1848 2263 1905 2308 et
1948 2269 2073 2308 mu-

486 2363 652 2418 lieres
679 2371 737 2416 et
773 2368 963 2415 tenera
994 2356 1176 2410 adhuc
1204 2361 1339 2408 aetas
1391 2364 1615 2404 manum
1645 2345 1800 2417 operi
1822 2344 2078 2400 admove-

488 2454 651 2516 bant;
686 2456 814 2505 vota
847 2463 906 2502 se
938 2446 1151 2501 solvere
1185 2441 1517 2497 arbitrantes
1539 2478 1554 2502 ,
1592 2444 1651 2491 et
1689 2435 1929 2490 maximo
1967 2434 2074 2488 du—

488 2545 678 2593 centes
702 2537 880 2599 lucro,
909 2532 1060 2603 quod
1091 2533 1238 2586 Deus
1264 2543 1452 2584 rerum
1484 2526 1592 2581 sibi
1627 2530 2075 2580 consecratarum

489 2629 627 2684 ﬁdos
652 2626 911 2683 custodes
939 2625 1090 2695 ipsos
1120 2637 1243 2678 esse
1264 2620 1549 2675 voluisset.
1580 2617 1696 2671 Hoc
1719 2615 1887 2687 igitur
1914 2614 2079 2670 modo

489 2720 727 2777 ecclesia
761 2716 1193 2774 Novatianorum
1231 2729 1297 2768 ea
1342 2716 1666 2781 tempestate
1699 2706 1866 2778 Syeas
1898 2714 2078 2759 trans-

491 2814 600 2869 lata
647 2819 751 2866 est.
788 2811 985 2865 Postea
1033 2821 1167 2861 vero
1200 2813 1422 2859 mortuo
1454 2800 1799 2864 Constantio,
1830 2796 2082 2853 Julianus

494 2899 794 2967 imperator
826 2895 1008 2949 locum
1036 2890 1356 2947 Novatianis
1407 2888 1561 2943 reddi
1592 2888 1787 2959 jussit,
1817 2896 1875 2940 et
1900 2887 2079 2940 eccle-

2099 1686 2139 1741 Β

2158 700 2372 753 εὔνοιαν
2405 698 2472 769 ἢν
2494 695 2640 768 εἶχον
2674 696 2804 768 πὲρι
2836 696 3037 759 αὐτοὺς
3065 697 3115 747 oi
3144 695 3265 749 τότε
3293 696 3392 766 μὲν
3416 697 3516 767 τῆς
3543 698 3741 769 ἐκκλη-

2159 790 2281 853 σίας
2313 789 2420 843 ὑπὸ
2455 790 2565 843 τῶν
2605 788 2899 860 Ἄρειανῶν
2928 785 3308 855 ἐκϐληθέντες,
3343 786 3440 840 νῦν
3463 787 3522 841 δέ
3565 789 3625 840 ἐν
3667 791 3737 841 εἰσ

2160 884 2297 954 ρήνῃ
2329 881 2428 945 τὰς
2460 880 2757 951 ἐκκλησίας
2786 876 3128 948 κάτέχοντες.
3163 878 3251 942 Ὠς
3269 878 3326 932 δὲ
3348 879 3576 951 ἧπειγον
3607 879 3739 933 καθ⁹

2159 971 2433 1043 αιρεῖσθαι
2472 972 2567 1025 καὶ
2612 970 2768 1042 τήνδε
2798 969 2897 1040 τὴν
2933 966 3228 1039 ἐκκλησίαν
3256 965 3337 1031 οἷς
3373 966 3532 1021 τοῦτο
3571 985 3739 1040 προσ-

2161 1065 2438 1128 ετέτακτο,
2495 1063 2792 1131 συνήγοντο
2853 1060 3102 1124 πλεῖστος
3178 1059 3365 1130 ὅμιλος
3441 1058 3740 1130 ἀνθρώπω

2161 1154 2519 1209 Ναυατιανῶν
2546 1172 2605 1207 τε
2636 1154 2890 1216 καίτινες
2917 1153 3026 1205 τῶν
3062 1150 3508 1222 ὁμοφρονούντων
3538 1151 3749 1215 αὐτοῖς.

2165 1246 2275 1300 Καὶ
2313 1245 2632 1307 καθελόντες
2695 1244 2795 1315 τὴν
2840 1242 3142 1314 ἐκκλησίαν
3200 1241 3403 1305 αὐτῶν,
3454 1245 3537 1306 εἰς
3589 1243 3753 1297 ἄλλον

2164 1341 2329 1395 τόπον
2392 1340 2711 1411 μετέθεσαν.
2787 1340 2846 1393 Ὀ
2898 1339 2957 1392 δέ
3009 1338 3178 1399 τόπος
3233 1333 3388 1402 οὗτος
3454 1339 3755 1412 ἀντιπέρα-

2167 1433 2260 1487 θεν
2317 1432 2414 1503 μὲν
2470 1436 2649 1486 κεῖται
2701 1431 2803 1501 τῆς
2857 1429 3099 1494 πόλεως’
3147 1429 3321 1484 Συκαὶ
3356 1430 3414 1484 δὲ
3460 1430 3757 1500 ὀνομάζον-

2167 1538 2279 1588 ται,
2333 1522 2429 1575 καί
2502 1523 2620 1574 ἐστι
2670 1519 3119 1591 τρισκαιδέκατον
3173 1519 3274 1589 τῆς
3338 1520 3754 1573 Κωνσταντίνου

2171 1613 2382 1674 πόλεως
2431 1611 2623 1684 κλίμα.
2679 1612 2885 1681 Ταχεῖα
2926 1610 2984 1664 δὲ
3036 1608 3254 1679 ἐγένετο
3311 1610 3346 1678 ὴ
3401 1610 3757 1679 τῆςέκκλη-

2171 1706 2292 1769 σίας
2328 1704 2640 1776 μετάθεσις,
2671 1702 2802 1757 λαοῦ
2835 1700 3031 1755 πολλοῦ
3073 1703 3169 1756 σὺν
3210 1701 3491 1773 ’προθυμίᾳ⁹
3521 1701 3760 1773 μεγίστῃ

2171 1795 2587 1869 μεταφερόντων
2641 1795 2832 1865 αὐτὴν.
2893 1793 2958 1848 '0
2988 1793 3087 1864 μὲν
3114 1792 3223 1866 γάρ
3258 1810 3342 1857 τις
3390 1793 3553 1862 ἔφερε
3587 1792 3762 1862 κέρα-

2172 1904 2306 1960 μον·
2335 1889 2365 1941 ό
2406 1886 2465 1941 δέ
2508 1884 2685 1939 λίθον·
2738 1884 2926 1956 ἐτερος
2962 1883 3021 1937 δὲ
3053 1882 3209 1948 ξύλον
3232 1898 3247 1913 ’
3279 1883 3373 1937 καὶ
3421 1882 3578 1946 ἄλλος
3627 1882 3762 1936 ἄλλο

2170 1977 2485 2049 λαμϐάνων,
2523 1976 2616 2028 ἐπὶ
2643 1975 2745 2038 τὰς
2782 1973 2961 2037 Συκὰς
3005 1973 3363 2045 ἀπεκόμιζεν.
3407 1973 3762 2043 Συνεπελαμ·

2173 2070 2398 2123 ϐάνοντο
2429 2067 2488 2121 δὲ
2527 2067 2622 2120 καὶ
2646 2067 2923 2135 γυναῖκες,
2965 2066 3059 2119 καὶ
3090 2067 3124 2136 ἡ
3157 2064 3330 2136 μικρὰ
3355 2065 3563 2135 ἡλικία,
3592 2065 3762 2134 εὐχὴν

2175 2159 2477 2232 ἡγούμενοι
2510 2157 2775 2228 πληροῦν,
2806 2155 2901 2209 καὶ
2930 2157 3072 2227 μέγα
3093 2156 3285 2226 κέρδος
3305 2155 3622 2227 λαμϐάνειν,
3648 2155 3763 2207 τῶν

2174 2251 2591 2323 ἀφιερωθέντων
2638 2247 2717 2319 τῷ
2762 2248 3172 2319 Θεῷ,φύλακεζ
3211 2249 3461 2320 ἀκέραιοι
3505 2246 3764 2316 γενέσθαι

2176 2343 2493 2416 ἠξιωμένοι.
2534 2342 2729 2406 Οὕτως
2766 2342 2865 2412 μὲν
2904 2337 2997 2395 οὖν
3033 2342 3154 2395 τότε
3185 2342 3219 2411 ἡ
3264 2338 3373 2393 τῶν
3402 2337 3765 2392 Ναυατιανῶν

2177 2433 2445 2504 ἐκκλησία
2465 2435 2546 2496 εἰς
2570 2431 2669 2495 τὰς
2697 2430 2878 2493 Συκὰς
2908 2431 3284 2502 μετενήνεκτο.
3315 2429 3506 2500 Χρόνῳ
3524 2428 3580 2481 δέ
3609 2426 3767 2481 ὓστε-

2181 2541 2274 2598 ρον
2303 2523 2438 2595 μετὰ
2458 2523 2558 2593 τὴν
2580 2520 2835 2592 τελευτὴν
2860 2518 3264 2584 Κωνσταντίου,
3289 2521 3317 2572 ό
3340 2517 3594 2589 βασιλεὺς
3628 2519 3766 2571 Ἰουι

2179 2614 2363 2678 λιανδς
2391 2612 2483 2667 τόν
2512 2629 2573 2665 τε
2602 2612 2768 2665 τόπον
2795 2610 3125 2681 ἀποδοθῆναι
3158 2608 3415 2663 ἐκέλευσε
3435 2649 3450 2673 ,
3475 2608 3573 2662 καὶ
3616 2609 3767 2662 ἀνοι-
3854 2635 3865 2641 -

2182 2704 2433 2775 κοδομεῖν
2472 2696 2795 2775 ἐπέτρεψεν.
2826 2696 2992 2764 Αὖθίς
3023 2716 3086 2753 τι
3109 2701 3138 2752 ό
3167 2699 3296 2763 λαὸς
3333 2700 3426 2753 τὸν
3453 2698 3616 2753 αὑτὸν
3641 2698 3769 2771 τρό⁶

2183 2813 2304 2863 πον,
2338 2792 2883 2865 ἀντιμετενεγκόντες
2911 2790 3012 2855 τὰς
3048 2789 3202 2857 ὔλας,
3228 2792 3330 2862 τὴν
3356 2790 3651 2860 ἐκκλησίαν
3685 2790 3770 2853 είς

2182 2886 2274 2940 τὸν
2303 2886 2363 2950 ἐξ
2399 2885 2570 2959 ἀρχῆς
2600 2883 2959 2955 ᾠκοδόμησαν
2995 2881 3183 2935 τόπον.
3216 2880 3328 2935 Καὶ
3358 2880 3767 2950 βελτιώσαντες,

493 2986 632 3040 siam
669 2999 926 3054 reparare
972 2981 1055 3035 eis
1102 2979 1374 3055 permisit.
1401 2979 1618 3033 Rursus
1659 2991 1791 3047 ergo
1840 2975 2078 3046 populus

2196 2977 2563 3033 Ἀναστασίαν
2597 2984 2638 3013 ιιι
2667 2968 2950 3029 καλεῖσθαι
2997 2970 3340 3045 φὲρωνύμως
3383 2972 3644 3043 ἠξίωσαν.
3703 2972 3774 3025 Ἦ

491 3077 689 3131 eodem
726 3090 836 3144 quo
866 3072 1023 3142 prius
1052 3070 1217 3125 modo
1258 3069 1554 3140 reportatis
1584 3068 1863 3133 materiis,
1898 3068 2077 3123 eccle-

2185 3070 2284 3141 μὲν
2309 3064 2403 3122 οὖν
2430 3066 2695 3139 ἐκκλησία
2721 3066 2947 3138 ὕστερον
2967 3108 2982 3133 ,
3026 3066 3103 3129 ὼς
3132 3066 3269 3136 ἔφην
3287 3108 3301 3131 ,
3333 3067 3427 3119 ἐπὶ
3480 3065 3771 3119 Ἰουλιανοῦ

496 3167 632 3222 siam
662 3167 719 3220 in
747 3165 983 3249 pristino
1006 3165 1128 3218 loco
1159 3160 1470 3217 :ediﬁcavit.
1512 3161 1759 3231 Cumque
1796 3158 2078 3230 pulchrio-

2182 3157 2404 3228 ἀνέστη.
2445 3157 2580 3210 Τότε
2627 3156 2685 3209 δὲ
2721 3156 2912 3227 ἄμφω,
2957 3157 3071 3211 οἵτε,
3095 3156 3197 3227 τῆς
3236 3155 3563 3227 Ἐκκλησίας
3587 3156 3683 3209 καὶ
3720 3156 3774 3208 oi

496 3273 613 3313 rem
642 3273 761 3312 eam
797 3247 1076 3319 fecissent,
1114 3253 1459 3310 Anastasiam
1492 3269 1561 3309 ex
1586 3269 1644 3339 re
1680 3252 1797 3323 ipsa
1820 3251 2078 3322 appellari

2183 3248 2738 3319 Ναυατιανοὶ,ὀμοίως
2765 3247 3087 3319 ἠλαύνοντο.
3115 3248 3208 3302 Διὸ
3227 3248 3389 3303 καὶοὶ
3407 3248 3508 3319 τῆς
3544 3248 3777 3318 Ἑκκληο

497 3348 814 3403 voluerunt.
846 3346 914 3400 Et
939 3346 1057 3400 hare
1084 3344 1309 3415 quidem
1336 3344 1567 3399 ecclesia
1596 3338 1984 3414 postmodum,
2022 3353 2078 3398 ut

2186 3340 2308 3405 σίας
2359 3338 2734 3394 ἐϐδελύττοντο
2787 3340 2845 3395 ἐν
2894 3341 3010 3404 τοῖς
3059 3339 3373 3412 εὐκτηρίοις
3419 3338 3641 3410 ἔχεσθαι
3683 3339 3778 3392 τό-

497 3434 635 3498 dixi,
673 3440 937 3504 regnante
985 3430 1207 3487 Iuliano
1244 3431 1481 3487 excitata
1514 3438 1619 3485 est.
1666 3430 1822 3484 Tunc
1855 3446 1988 3485 vero
2029 3440 2087 3485 et

496 3523 768 3580 Catholici
798 3530 856 3577 et
885 3521 1199 3586 Novatiani,
1237 3521 1401 3576 simul
1434 3521 1655 3591 utrique
1689 3521 1903 3591 expulsi
1934 3527 2083 3575 sunt.

497 3618 869 3685 Quamobrem
893 3616 1163 3674 Catholici
1185 3616 1242 3670 in
1267 3616 1335 3670 iis
1365 3616 1589 3687 quidem
1614 3616 1866 3671 ecclesiis
1890 3615 1946 3669 in
1966 3615 2091 3684 qui-

501 3710 607 3764 bus
635 3709 826 3764 Ariani
864 3709 1286 3773 conveniebant,
1327 3708 1635 3763 orationem
1666 3707 1848 3763 facere
1873 3707 2089 3762 abomi-

501 3799 795 3855 nabantur.
829 3800 889 3854 ln
908 3798 1033 3853 aliis
1060 3808 1244 3853 autem
1274 3797 1453 3853 tribus
1494 3796 1763 3860 ecclesiis,
1809 3805 1891 3852 tot
1941 3797 2090 3851 enim

499 3892 766 3948 ecclesias
816 3892 875 3946 in
916 3892 1056 3947 urbe
1100 3892 1253 3963 regia
1305 3892 1507 3946 habent
1534 3888 1845 3953 Novatiani,
1893 3904 2093 3944 conve-

501 3984 723 4040 nientes
742 3983 1015 4039 Catholici
1066 3999 1176 4039 una
1205 3999 1330 4038 cum
1360 3982 1470 4037 illis
1507 3980 1815 4036 orationem
1843 3980 2091 4035 celebra-5

503 4075 684 4132 bant:
739 4090 1047 4146 parumque
1103 4074 1282 4130 abfuit
1326 4074 1463 4144 quin
1495 4072 1718 4144 penitus
1780 4070 2090 4134 unirentur,

505 4167 613 4223 nisi
637 4166 1118 4232 Novatiani,vetus
1147 4173 1432 4221 servantes
1457 4164 1799 4228 mandatum,
1835 4163 1889 4218 id
1912 4162 2093 4219 facere

505 4258 926 4316 detrectassent.
950 4259 1154 4315 Verum
1181 4258 1235 4313 in
1272 4257 1501 4328 reliquis
1523 4256 1691 4312 rebus
1716 4263 1863 4311 tanta
1889 4270 1949 4311 se
1969 4271 2094 4310 mu-

2187 3448 2310 3495 ποις
2341 3431 2478 3502 (60),
2510 3431 2568 3484 ἐν
2593 3424 2676 3495 οἷς
2701 3431 2750 3484 οἱ
2797 3431 3068 3501 Ἀρειανοὶ
3100 3433 3418 3503 συνήγοντο.
3452 3430 3545 3493 Et;
3580 3430 3638 3483 δὲ
3675 3430 3780 3494 τὰς

2190 3521 2359 3585 ἄλλας
2382 3523 2553 3593 τρεῖς,
2591 3520 2860 3584 τοσαύτας
2879 3521 2986 3593 γὰρ
3026 3522 3178 3586 ἐντὸς
3195 3524 3295 3594 τῆς
3322 3522 3530 3584 πόλεως
3562 3521 3782 3592 ἔχουσιν

2187 3613 2238 3666 οἱ
2260 3610 2366 3666 τῶν
2381 3612 2739 3666 Ναυατιανῶν
2749 3613 3071 3685 ἐκκλησίας,
3122 3614 3504 3687 συνερχόμενοι
3527 3613 3783 3682 ἀλλήλοις

2191 3703 2566 3776 συνηύχοντο·
2603 3704 2800 3776 μικροῦ
2829 3722 2891 3758 τε
2920 3706 3142 3776 ἐδέησεν
3175 3707 3443 3776 ἐνωθῆναι
3473 3707 3669 3770 αὐτοὺς
3688 3748 3703 3771 ,
3728 3709 3787 3761 ει

2194 3797 2269 3868 μὴ
2309 3798 2673 3863 Ναυατιανοὶ,
2701 3797 3063 3868 φυλάττοντες
3102 3801 3330 3871 ἀρχαῖον
3371 3799 3740 3871 παράγγελμα
3759 3843 3784 3865 ,

2192 3893 2598 3964 παρῃτήσαντο.
2633 3893 2824 3962 Ὅμως
2868 3892 2926 3946 δὲ
2962 3894 3061 3964 τὴν
3101 3893 3269 3964 ἄλλην
3313 3893 3526 3949 εὔνοιαν
3558 3895 3640 3958 εἰς
3679 3894 3789 3947 ἀλ-

2192 3982 2387 4054 λήλους
2442 3983 2852 4056 προθυμότερον
2891 3985 3218 4054 ἐφύλαττον,
3272 3985 3791 4058 ύπεραποθνήσκειν

2193 4075 2439 4146 ἀλλήλων
2482 4075 2819 4147 αἱρούμενοι.
2869 4074 3274 4147 Συνηλαύνοντο
3312 4075 3409 4131 οὖν
3442 4081 3500 4131 ἐν
3532 4081 3598 4149 τῇ
3639 4080 3833 4149 αὐτῇ-

2197 4167 2613 4220 Κωνσταντίνου
2647 4167 2833 4232 πόλει,
2865 4168 2960 4220 καὶ
2990 4169 3130 4223 κατὰ
3165 4170 3264 4233 τὰς
3304 4170 3471 4232 ἄλλας
3513 4171 3794 4241 ἐπαρχίας

2196 4276 2255 4312 τε
2285 4260 2379 4312 καὶ
2404 4258 2606 4324 πόλεις.
2645 4259 2852 4313 Αὐτίκα
2898 4260 3024 4328 γοῦν
3049 4263 3107 4315 ἐν
3136 4261 3361 4333 Κυζίκῳ
3401 4263 3675 4326 Ἐλεύσιος
3701 4272 3728 4300 ι·
3752 4266 3794 4315 ὁ

1715 4439 1983 4495 VALESII
2021 4438 2574 4502 ANNOTATIONES.

548 4574 1630 4665 ,£§°l.‘£it:ofs_€03m<eafleam:
1937 4575 2078 4665 2m.-

2200 4581 2464 4652 seiplinae,
2490 4583 3090 4665 quamocommunicare
3115 4598 3238 4638 eum
3269 4583 3562 4665 haereticis,
3590 4583 3705 4638 sive
3729 4584 3797 4640 in

507 4643 639 4698 nino
670 4643 1036 4699 scribendum
1059 4651 1141 4698 est
1173 4643 1449 4712 εῠχεσοαιζ
1476 4647 1634 4711 Quod
1670 4648 1841 4701 miror
1876 4664 1906 4701 a
1935 4646 2094 4701 Chri-

506 4713 874 4782 stophorsono
896 4712 1335 4767 animadversum
1355 4729 1463 4767 non
1489 4716 1678 4770 fuisse.
1713 4717 1884 4770 Porro
1910 4716 2091 4770 incre-

478 4783 679 4863 ‘glibile
704 4782 838 4863 mihi
862 4782 1080 4863 videtur
1101 4782 1246 4863 quod
1275 4782 1366 4863 hic
1389 4794 1575 4863 narrat
1598 4785 1871 4863 Socrates,
1891 4784 2098 4863 Catho-

510 4854 648 4907 licos
668 4852 879 4907 scilicet
903 4866 1089 4905 orasse
1122 4852 1176 4906 in
1221 4852 1470 4907 ecclesiis
1507 4854 1958 4909 Novatianornm.
1990 4855 2099 4907 lm-

511 4922 716 5003 posuit,
746 4929 808 4975 ut
828 4922 1047 5003 opinor2
1075 4919 1283 5003 Socrati
1298 4934 1502 5003 “nostro
1522 4939 1689 5003 senes
1733 4925 2098 5003 ille_Auxano,

511 4990 607 5060 qui
707 4990 914 5072 q‘uod'a
934 4990 1262 5072 quibusdam
1295 4990 1527 5072 fortasse
1544 4994 1877 5072 Christianis
1904 5009 2100 5072 parum

512 5062 692 5116 cautis
726 5060 945 5115 ’l‘actum
981 5060 1183 5125 fuerat,
1223 5063 1496 5119 universis
1543 5064 1844 5121 Catholicis
1871 5060 2099 5119 aliinxit.

466 5131 662 5188 ~Nihil
681 5131 885 5203 quippe
908 5131 1080 5201 magis
1114 5135 1450 5189 contrarium
1477 5146 1563 5192 est
1598 5135 1986 5194 ecclesiastica:
2012 5134 2103 5189 di-

2202 4653 2583 4718 sacrameutis,
2631 4653 2747 4708 sive
2788 4654 2840 4707 in
2882 4653 3220 4722 precatione.
3271 4654 3557 4708 Falluntur
3600 4666 3798 4709 autem

2204 4723 2578 4794 meoiudicio,
2614 4723 2708 4792 qui
2731 4739 2798 4794 es
2822 4723 2924 4776 hac
2943 4724 3277 4794 inarratione
3298 4724 3561 4794 colligunt
3588 4723 3796 4778 Socra-

2201 4798 2308 4844 tem
2332 4793 2693 4848 Novatianum
2720 4793 2910 4848 fuisse.
2940 4793 3054 4846 lmo
3079 4808 3213 4847 vero
3236 4809 3305 4848 ex
3328 4793 3444 4849 hoc
3468 4795 3588 4849 loco
3604 4795 3801 4848 mani-
3843 4842 3853 4854 ,

2198 4860 2335 4916 {este
2376 4863 2725 4917 convincitur
2749 4879 2875 4917 eum
2915 4862 3081 4917 fuisse
3110 4862 3477 4919 Catholieum.
3510 4863 3644 4918 Nam
3679 4865 3799 4919 (2a-

2201 4931 2436 5003 tholicos
2461 4933 2629 4987 semel
2657 4942 2820 5003 atque
2863 4933 3065 4986 iterum
3113 4933 3204 4988 hic
3254 4935 3492 5003 appellat
3532 4936 3658 4995 τοὺς
3693 4936 3801 5002 τῆς

2216 5002 2561 5074 Ίαξκκλησίας,
2597 5002 2802 5074 eosque
2827 5002 3148 5074 Novatiauis
3176 5002 3424 5074 opponit.
3451 5002 3804 5059 Novatianos

2205 5071 2373 5142 igitur
2395 5071 2549 5128 extra
2582 5071 2884 5128 Ecclesium
2915 5072 3081 5126 fuisse
3107 5071 3465 5129 exiStimavit.

1972 5297 2276 5355 VARIORU
2284 5299 2332 5354 M
2341 5339 2353 5352 .

1756 5385 1779 5411 \

585 5437 623 5501 ξιι
661 5421 1088 5501 Ἀνᾳσιέξσίμκ
1116 5422 1234 5478 Alia
1261 5423 1388 5501 Aluit
1421 5425 1537 5501 haec
1564 5426 1630 5481 ab
1664 5427 1757 5501 illa
1807 5427 2078 5501 Anastasi:

2196 5427 2286 5501 rit.
2329 5427 2405 5481 De
2435 5442 2541 5496 qua
2569 5425 2746 5501 ipsum
2772 5426 2896 5501 vide
2928 5427 2986 5480 in
3011 5425 3130 5482 Vita
3161 5443 3282 5501 sua,
3314 5445 3417 5501 pag
3471 5431 3557 5492 i7,
3587 5441 3644 5489 et
3664 5451 3808 5494 ora-

420 5559 426 5567 ο
515 5509 540 5545 a
564 5489 838 5567 Gregorio
876 5490 1234 5567 Nazianaeno
1254 5493 1723 5565 Constantinopoli
1756 5497 1996 5567 condita,
2040 5506 2097 5553 et
2197 5498 2346 5552 tione
2379 5489 2541 5550 xxiii.

516 5562 780 5619 att-.un'ob
811 5576 1030 5617 causam
1057 5563 1138 5618 sic
1184 5563 1354 5636 dicta,
1386 5580 1583 5636 nempe
1610 5562 1756 5635 quod
1790 5566 1925 5621 ﬂdes
1966 5568 2090 5622 lan-

511 5647 777 5706 guescens
804 5641 963 5689 antea
989 5642 1045 5689 et
1069 5634 1392 5692 moribunda
1415 5634 1530 5689 illic
1552 5634 1811 5692 revixisse
1828 5638 1942 5692 visa
1969 5638 2090 5694 fuc-

788 5763 816 5777 ε

2638 5497 2790 5579 icetze
2821 5498 2988 5579 etiam
3011 5507 3201 5579 annot:
3241 5497 3514 5579 ill—verba
3539 5504 3650 5567 illa,
3671 5508 3817 5575 χαί-

2203 5568 2795 5643 ροις,-ᾎναστασία,ιοῑ
2821 5567 3156 5643 G_uil._Cave
3180 5569 3240 5643 in_
3255 5570 3432 5643 ~Greg.
3462 5567 3721 5631 Nazian-Z,

2272 5647 2298 5674 υ
2343 5638 2664 5702 Ἐ’λεύσιοῤ.
2694 5638 2948 5693 Eleusius
2976 5638 3182 5710 Cyziei,
3224 5638 3426 5698 Marsis:
3451 5645 3517 5699 ad
3544 5646 3814 5716 Propon~
