4078 6210
301 276 395 331 5‘29

1284 264 1614 330 HISTORIA
1651 270 2205 331 EGCLESlASTlCA.
2247 301 2302 311 —
2356 270 2487 326 LIB.
2526 269 2595 325 ll.
3459 271 3567 327 650

301 395 447 465 τῆσδε
478 390 801 454 ἐπίσκοπος,
844 387 1047 459 ὁμοίως
1084 386 1202 460 ἄμα
1242 387 1558 460 Μακεδονίῳ
1593 387 1737 442 κατὰ
1771 386 1873 443 τῶν

1986 395 2081 441 tuo
2113 384 2587 456 prosequebantur
2613 382 3017 449 benevolentia,
3037 390 3097 437 ut
3120 398 3221 453 pro
3247 400 3305 440 se
3329 387 3564 446 invicem

304 481 638 557 Χριστιανῶν
667 478 860 545 ἐποίει,
886 467 1224 547 πανταχόθεν
1243 476 1483 529 ἐλαύνων
1509 476 1604 529 καὶ
1631 475 1879 546 διαστρέτ

302 597 403 648 φων
450 572 673 635 αὐτούς.
732 571 844 642 Τήν
885 587 945 623 τε
990 571 1048 623 ὲν
1094 567 1321 639 Κυζίκῳ
1358 566 1465 621 τῶν
1518 564 1881 620 Ναυατιανῶν

300 666 591 736 ἐκκλησίαν
619 655 870 717 καθεῖλεν
900 652 981 724 εἰς
1001 659 1217 730 ἔδαφος.
1239 658 1572 723 Μακεδόνιος
1593 657 1651 710 δὲ
1674 657 1765 711 τὸν
1787 673 1881 711 κοο

299 761 505 830 λοφῶνα
539 755 650 810 τῶν
682 754 870 810 κακῶν
901 748 986 818 οἷς
1014 753 1241 827 ἔδρασεν
1281 749 1558 822 ἐπιτίθησι
1579 765 1603 821 Ἀ
1639 749 1882 821 πυθόμε-

297 871 377 916 νος
413 853 525 921 γὰρ
563 848 708 902 κατὰ
733 848 795 901 τὸ
829 836 1201 915 Παφλαγόνων
1232 842 1386 908 ἔθνος
1429 832 1713 907 πλείστους
1740 837 1880 895 εἶναι

297 938 391 1015 τῆς
430 939 791 1009 Ναυατιανῆς
840 937 1174 1009 Θρησκείας,
1212 936 1307 990 καὶ¹
1346 934 1585 1006 μάλιστα
1632 933 1775 987 κατὰ
1816 932 1880 985 τὸ

297 1035 619 1098 Μαντίνιον,
675 1029 903 1086 συνιδών
951 1046 1011 1082 τε
1064 1028 1142 1091 ὠς
1187 1027 1287 1098 οὐχ
1343 1022 1458 1079 οἷόν
1508 1042 1569 1078 τε
1624 1023 1880 1078 τοσοῦτον

293 1126 493 1196 ’πλῆθος
537 1125 606 1178 δι’
650 1121 1125 1194 έκκλησιαστικῶν
1163 1116 1475 1190 ἀνθρώπων
1521 1116 1877 1180 ἐλαύνεσθαι,

300 1218 566 1288 τέσσαρας
616 1215 887 1286 ἀριθμοὺς
920 1220 946 1247 ο
987 1210 1336 1283 στρατιωτῶν
1363 1208 1561 1282 γνώμῃ
1595 1207 1692 1261 τοῦ
1727 1208 1882 1279 βασι-

290 1298 423 1369 λέως
474 1306 571 1382 ἐπὶ.
613 1304 716 1372 τὴν
759 1300 1142 1372 Παφλαγονίαν
1191 1299 1508 1370 πεμφθῆναι
1556 1297 1878 1369 πεποίηκεν,

198 1426 219 1443 ο
298 1399 434 1461 ὅπως
470 1395 625 1467 φόϐῳ
654 1394 765 1448 τῶν
793 1393 1053 1456 ὁπλιτῶν,
1088 1390 1186 1461 τὴν
1220 1389 1505 1461 Ἀρειανὴν
1534 1389 1692 1455 δόξαν
1713 1405 1882 1459 προσ-

295 1490 571 1554 δέξωνται.
609 1488 673 1540 υἱ
701 1487 759 1540 δὲ
807 1484 1086 1557 οἰκοῦντες
1132 1482 1193 1535 τὸ
1224 1482 1539 1545 Μαντίνιον,
1588 1481 1734 1553 ζήλῳ
1781 1482 1880 1551 τῆς

293 1574 615 1654 θρησκείας,
638 1579 868 1650 ἀπονοίᾳ
886 1579 1028 1631 κατὰ
1047 1575 1153 1629 τῶν
1174 1574 1523 1645 στρατιωτῶν
1545 1574 1877 1646 ἐχρήσαντο·

290 1662 576 1742 γενόμεῦοί
627 1688 687 1721 τε
736 1659 855 1740 ἃμα
904 1666 1112 1732 πολλοὶ,
1151 1665 1397 1737 δρέπανά
1442 1682 1504 1718 τε
1554 1664 1743 1736 μακρά
1786 1664 1882 1718 καὶ

1986 487 2219 533 mortem
2256 485 2516 548 cppeterc
2538 476 2712 546 parati
2746 484 2950 530 essent.
2984 475 3212 546 Utrique
3240 493 3371 549 ergo
3401 480 3563 536 simul

1984 569 2242 639 exagitati
2274 575 2423 634 sunt,
2450 584 2560 622 non
2607 567 2786 622 solum
2823 564 3330 639 Constantinopoli,
3373 588 3565 627 verum

1987 659 2042 713 in
2073 660 2197 714 aliis
2223 660 2386 714 etiam
2413 658 2715 730 provinciis
2737 674 2802 713 ac
2822 658 3158 714 civitatibus.
3178 660 3394 716 Etenim
3420 666 3563 734 apud

1984 747 2243 820 Cyzicum
2295 748 2521 818 quidem
2576 747 2861 813 Eleusius,
2904 748 3010 803 loci
3051 748 3201 804 illius
3247 750 3562 823 episcopus,

1985 839 2178 895 eadem
2199 855 2322 909 qua:
2348 839 2697 895 Macedonius
2720 840 2981 896 adversus
3003 839 3346 897 Christianos
3367 860 3565 916 perpe-

1985 938 2129 983 trare
2180 929 2367 999 coepit,
2422 929 2668 999 undique
2696 944 2792 984 eos
2826 929 3019 1000 fugans
3058 939 3223 1000 atque
3261 934 3563 1005 exagitans.

1983 1021 2128 1089 Quin
2143 1030 2198 1076 et
2222 1021 2511 1077 ecclesiam
2532 1020 2962 1076 Novatianorum
2988 1021 3042 1076 in
3066 1021 3201 1076 urbe
3215 1021 3414 1095 Cyzico
3437 1024 3566 1081 fun—

1984 1114 2135 1169 ditus
2160 1114 2379 1169 evertit.
2420 1113 2772 1169 Macedonius
2796 1130 2930 1169 vero
2951 1114 3257 1170 sceleribus
3290 1116 3407 1171 suis
3444 1117 3565 1174 cul—

1986 1220 2113 1260 men
2152 1205 2415 1275 imposuit
2459 1205 2773 1276 hujusmodi
2806 1222 2819 1259 :
2860 1220 2988 1260 nam
3019 1221 3144 1260 cum
3183 1208 3479 1273 audiisset,
3509 1208 3566 1269 in

1981 1296 2267 1367 provincia
2285 1295 2651 1367 Paphlagonia
2669 1306 2725 1351 et
2754 1297 3029 1366 prtecipue
3050 1297 3194 1368 apud
3217 1298 3568 1365 Mantinium,‘

1982 1389 2417 1460 quamplurimas
2462 1403 2583 1443 esse
2617 1388 2863 1444 addictos
2902 1399 3066 1445 secta:
3094 1390 3564 1459 Novatianorum;

1983 1480 2254 1551 simulque
2282 1474 2611 1552 intelligeret
2643 1480 2760 1535 fieri
2786 1497 2895 1535 non
2928 1496 3087 1552 posse
3122 1490 3184 1536 ut
3210 1489 3357 1537 tanta
3382 1482 3565 1538 homi-

1981 1589 2114 1629 num
2157 1558 2455 1628 multitudo
2484 1589 2583 1643 per
2610 1572 3013 1629 ecclesiasticos
3047 1575 3198 1630 viros
3245 1573 3562 1645 pelleretur,

1983 1672 2220 1736 quatuor
2249 1681 2510 1720 numeros
2534 1665 2773 1719 militum
2814 1648 3165 1737 imperatoris
3200 1675 3475 1738 praecepto
3508 1668 3567 1723 iu

294 1760 479 1833 ἇξίνας
511 1754 793 1827 λαϐόντες,
827 1760 921 1814 καὶ
975 1759 1139 1813 παντὶ
1188 1756 1267 1828 τῷ
1317 1757 1688 1830 παρατυχόντι
1732 1756 1873 1827 ὅπλῳ

1983 1749 2403 1837 Paphlagoniam
2453 1755 2597 1810 mitti
2648 1755 2884 1821 curavit,
2933 1772 3045 1826 quo
3094 1757 3174 1811 illi
3216 1767 3566 1817 armatorum

291 1857 585 1930 χρώμενοι,
614 1850 874 1926 ἀπήντων
893 1855 1005 1916 τοῖς
1032 1849 1415 1923 στρατιώταις.
1442 1849 1553 1904 Καὶ
1577 1849 1878 1918 γενομένης

295 1946 591 2017 συμϐολῆς,
635 1944 822 1997 πολλοὶ
855 1943 952 2014 μὲν
989 1940 1099 1994 τῶν
1143 1940 1517 2009 Παφλαγόνων
1568 1939 1874 1993 ἀπέθανονο

290 2039 403 2092 τῶν
429 2038 486 2090 δὲ
524 2034 901 2107 στρατιωτῶν,
929 2032 1069 2104 πλὴν
1110 2032 1329 2101 ὀλίγων,
1359 2033 1409 2085 οἱ
1442 2032 1664 2095 πάντες.
1690 2031 1877 2085 Ταῦτα

292 2123 409 2198 ἐγὼ
442 2128 597 2200 παρὰ
639 2128 901 2201 ἀγροίκου
943 2110 1296 2194 Παφλαγόνος
1338 2123 1578 2194 ἔμαθον,
1625 2124 1684 2188 ὃς
1721 2124 1876 2193 ἔλεγε

289 2221 559 2290 παρεῖναι
585 2219 650 2287 τῇ
680 2216 850 2289 μάχῃ.
882 2214 1119 2281 Λέγουσι
1152 2214 1210 2267 δὲ
1242 2212 1418 2266 ταῦτα
1464 2214 1559 2267 καὶ
1590 2213 1739 2267 ἄλλοι
1764 2214 1878 2266 Πα-

291 2309 579 2380 φλαγόνων
619 2305 826 2359 πολλοί.
872 2303 1112 2358 Τοιαῦτα
1158 2303 1258 2374 μὲν
1303 2298 1398 2355 οὖν
1429 2303 1498 2355 τὰ
1541 2302 1874 2356 Μακεδονίου

290 2401 431 2472 ὑπὲρ
466 2397 569 2452 τοῦ
606 2394 1039 2469 Χριστιανισμοῦ
1080 2391 1503 2465 κατορθώματα,
1558 2393 1727 2462 φόνοι,
1779 2394 1876 2446 καὶ

292 2491 487 2563 μάχαι,
541 2489 638 2542 καὶ
688 2486 1134 2559 ἁνδραποδισμοὶ,
1168 2486 1263 2538 καὶ
1315 2484 1572 2555 ἐμφύλιοι
1624 2484 1871 2555 πόλεμοι.

288 2577 435 2655 Αὕτη
476 2575 667 2652 μέντοι
694 2580 728 2651 ἡ
764 2578 985 2652 πρᾶξις,
1012 2577 1073 2630 ού
1106 2569 1267 2647 μόνον
1296 2577 1445 2646 παρὰ
1476 2575 1587 2630 τῶν
1611 2575 1876 2647 ἠδικημέ-

230 2666 239 2671 -
289 2690 417 2739 νων,
438 2675 579 2728 ἀλλὰ
600 2674 695 2726 καὶ
718 2670 873 2742 παρὰ
893 2669 1001 2723 τῶν
1034 2667 1253 2732 οἰκείως
1276 2668 1411 2740 πρὸς
1431 2669 1597 2721 αὑτὸν
1617 2669 1871 2738 ἑχόντων,

288 2768 497 2822 δίκαιον
536 2764 660 2818 κατ’
704 2761 870 2817 αὑτοῦ
917 2762 1074 2831 μῖσος
1114 2761 1433 2831 εἰργάσατο.
1488 2760 1875 2833 Προσέκρουσέ

287 2876 351 2913 τε
378 2859 473 2911 καὶ
499 2855 651 2926 αὐτῷ
677 2854 754 2925 τῷ
781 2852 993 2925 βασιλεῖ
1034 2853 1123 2906 διά
1162 2869 1221 2906 τε
1255 2851 1435 2916 τοῦτο,
1465 2853 1560 2905 καὶ
1585 2852 1652 2906 δι’
1678 2852 1876 2925 ἑτέραν

288 2952 467 3005 αἰτίαν
495 2948 732 3003 τοιάνδε·
764 2946 823 3013 ’0
851 2942 999 3008 οἶκος
1020 2944 1148 2998 ἔνθα
1176 2947 1211 3016 ἡ
1233 2944 1440 3017 λάρναξ
1471 2947 1529 2999 ὲν
1628 2946 1691 3000 τὸ
1715 2946 1876 3018 σῶμα

288 3043 382 3096 τοῦ
413 3041 681 3113 βασιλέως
713 3038 1128 3094 Κωνσταντίνου
1161 3038 1442 3099 ἀπέκειτο,
1481 3040 1691 3095 πτῶσιν
1716 3040 1872 3110 ἠπεί-

1981 1857 2132 1903 metu
2159 1848 2399 1919 perculsi
2423 1848 2690 1903 Arianum
2722 1849 2917 1920 dogma
2941 1850 3306 1920 susciperent.
3338 1851 3446 1907 Sed
3468 1853 3564 1923 qui

1979 1939 2306 1994 Mantiniam
2334 1939 2670 2006 incolebant,
2699 1940 2907 2011 ingenti
2931 1940 3133 1996 ardore
3166 1942 3235 1997 ad
3262 1952 3423 1998 sectae
3452 1959 3563 2001 sua:

1979 2029 2356 2085 defensionem
2381 2029 2617 2095 incitati,
2647 2030 3031 2101 desperatione
3061 2039 3318 2099 tanquam
3349 2035 3458 2089 telo
3480 2034 3564 2091 usi

1978 2130 2109 2177 sunt
2144 2121 2409 2178 adversus
2434 2123 2676 2189 milites;
2727 2124 2998 2195 multique
3044 2124 3102 2178 in
3145 2142 3315 2181 unum
3366 2142 3565 2198 agmen

1977 2212 2214 2277 collecti,
2228 2212 2408 2284 longis
2424 2214 2657 2270 falcibus
2676 2216 2910 2286 arreptis
2932 2231 2996 2271 ac
3014 2217 3304 2273 securibus
3325 2227 3381 2274 et
3402 2220 3565 2290 quid-

1976 2301 2110 2372 quid
2140 2303 2209 2357 ad
2235 2319 2460 2359 manum
2493 2314 2633 2371 erat,
2663 2302 2931 2363 militibus
2970 2319 3351 2367 occurrerunt.
3396 2312 3563 2369 Com-

1977 2394 2145 2449 misso
2171 2394 2340 2466 igitur
2362 2398 2578 2467 prwlio,
2601 2414 2667 2453 ex
2688 2399 3129 2470 Paphlagonibus
3154 2403 3376 2473 quidem
3407 2408 3566 2463 multi

1977 2483 2388 2552 occubuerunt;
2435 2486 2596 2557 148
2631 2486 2835 2542 milites
2874 2502 3027 2554 vero,
3063 2492 3256 2560 paucis
3297 2497 3564 2565 exceptis,

1977 2577 2104 2632 euasi
2147 2584 2277 2632 sunt
2326 2580 2592 2633 universi.
2627 2580 2752 2635 llaec
2797 2597 2900 2651 ego
2947 2598 3015 2636 ex
3072 2585 3280 2640 rustico
3325 2590 3568 2657 quodam

1977 2664 2323 2736 Paphlagone
2344 2668 2551 2738 accepi,
2571 2667 2666 2738 qui
2686 2684 2743 2723 se
2765 2670 2960 2738 prmlio
2985 2671 3298 2730 interfuisse
3325 2674 3565 2733 dicebat.

1977 2755 2084 2811 Sed
2121 2765 2180 2812 et
2208 2757 2300 2813 alii
2326 2758 2486 2813 multi
2514 2756 2888 2831 Paphlagones
2919 2761 3063 2817 idem
3111 2763 3404 2823 afﬁrmant.
3447 2768 3566 2824 Ηιιι

1970 2849 2212 2920 jusmodi
2248 2858 2377 2907 sunt
2394 2851 2699 2908 Macedonii
2718 2855 2978 2923 praeclara
3007 2854 3272 2923 facinora,
3309 2875 3431 2930 qua:
3463 2876 3567 2933 pro

1974 2938 2417 2998 Christianorum
2468 2943 2737 3014 religione
2784 2944 2991 3014 gessit:
3048 2946 3226 3003 caades
3278 2949 3563 3019 videlicet,

1974 3048 2191 3105 pugnte,
2241 3035 2588 3106 captivitates
2626 3045 2682 3091 et
2709 3038 2852 3093 bella
2883 3038 3087 3094 civilia.
3130 3041 3302 3096 Porro
3333 3044 3439 3100 hoc
3479 3045 3567 3101 fa-

286 3137 392 3195 λιι.
424 3130 607 3192 Ἦσαν
639 3132 733 3191 οὖν
764 3135 855 3190 διὰ
882 3135 1044 3189 τοῦτο
1064 3136 1197 3188 οἵτε
1228 3128 1675 3207 εἰσπορευόμενοι
1709 3134 1805 3188 καὶ
1825 3135 1873 3187 οἱ

1978 3125 2137 3183 ciuus
2169 3127 2495 3194 Macedonii,
2528 3145 2640 3185 non
2665 3131 2843 3186 solum
2875 3132 3020 3203 apud
3047 3148 3145 3188 eos
3179 3150 3319 3205 quos
3362 3136 3566 3209 injuria

288 3229 754 3303 προσεδρεύοντες
780 3227 890 3299 (Gl)
918 3212 1027 3281 καὶ⁸
1053 3227 1343 3299 εὐχόμενοι
1377 3229 1435 3280 ὲν
1481 3225 1635 3297 φόϐῳ
1674 3224 1871 3295 πολλῷ.

298 3322 362 3376 ’0
398 3318 494 3377 οὖν
521 3321 857 3384 Μακεδόνιος
900 3318 1261 3373 ἐϐουλεύσατο
1300 3317 1629 3388 μεταφέρειν
1673 3317 1743 3370 τὰ
1779 3316 1873 3370 τοῦ

287 3414 560 3486 βασιλέως
583 3414 736 3479 όστὶ,
769 3415 920 3475 ὅπως
942 3412 1009 3466 ἂν
1046 3413 1122 3484 μὴ
1158 3411 1367 3483 συληθῇ
1392 3410 1504 3482 (62)
1546 3411 1578 3481 ή
1603 3409 1745 3481 θήκη
1767 3410 1874 3463 ὑπὸ

284 3505 384 3559 τοῦ
428 3504 745 3576 πτώματος.
789 3504 962 3558 Τοῦτο
1004 3505 1227 3573 γνόντες
1275 3505 1325 3556 οἱ
1371 3503 1508 3567 λαοὶ,
1548 3503 1873 3557 διακωλύειν

285 3598 630 3669 ἐπεχείρουν,
667 3598 969 3667 φάσκοντες
1000 3596 1076 3667 μὴ
1099 3597 1209 3650 δεῖν
1234 3595 1328 3649 τοῦ
1358 3594 1622 3665 βασιλέως
1648 3595 1716 3648 τὰ
1739 3595 1874 3648 ὀστᾶ

286 3688 728 3760 μεταφέρεσθαι’
762 3688 876 3740 ἴσον
903 3688 1011 3758 γὰρ
1042 3683 1180 3740 εἶναι
1217 3686 1279 3740 τὸ
1298 3684 1710 3757 ἁνορύττεσθαι.
1743 3688 1871 3758 Διῃ-

287 3779 489 3852 ροῦντὸ
515 3796 574 3833 τε
602 3779 765 3842 εὐθὺς
796 3781 843 3831 οἱ
869 3778 989 3830 λαοὶ
1013 3781 1093 3842 είς
1113 3777 1208 3831 δύο
1230 3779 1496 3848 τμήματα
1516 3792 1528 3807 ’
1557 3778 1649 3831 καὶ
1671 3779 1720 3831 οἱ
1749 3777 1868 3847 μὲν,

286 3872 466 3944 μηδὲν
535 3870 867 3941 βλάπτεσθαι
934 3870 994 3922 τὸ
1064 3869 1465 3940 μεταφέρεσθαι
1530 3869 1622 3922 τὸν
1678 3870 1871 3941 νεκρὸν

283 3964 530 4031 ἔφασκον
554 3977 567 3989 ·
593 3963 640 4015 οί
668 3961 746 4023 δὲ,
772 3962 986 4015 ἀνόσιον
1013 3960 1196 4029 ἔλεγον
1218 3960 1278 4014 τὸ
1298 3955 1636 4030 γιγνόμενον.
1658 3953 1869 4032 Συνήρ-

280 4056 445 4127 χοντό
476 4072 534 4108 τε
569 4055 663 4107 καὶ
684 4055 733 4105 οἱ
760 4052 855 4105 τοῦ
877 4051 1164 4122 ὀμοουσίου
1191 4052 1556 4122 φρονήματος,
1585 4050 1661 4120 τῷ
1696 4066 1872 4118 γιγνο-

282 4146 440 4216 εἰένῳ
477 4146 816 4216 ἀντέχοντες.
860 4144 918 4196 Ὀ
940 4145 996 4196 δὲ
1027 4144 1358 4207 Μακεδόνως
1386 4145 1559 4215 μικρὰ
1595 4143 1702 4196 τῶν
1726 4144 1873 4214 αύτῷ

277 4238 680 4305 ἀντιλεγόντων
733 4237 1050 4306 φροντίσας,
1101 4236 1400 4306 μεταφέρει
1450 4232 1511 4289 τὸ
1565 4235 1723 4305 σῶμα
1778 4237 1872 4289 τοῦ

278 4330 557 4400 βασιλέως
582 4329 661 4391 είς
688 4328 789 4396 τὴν
815 4327 1130 4396 ἐκκλησίαν,
1165 4330 1223 4381 ὲν
1310 4328 1372 4381 τὸ
1402 4327 1561 4399 σῶμα
1592 4328 1687 4381 τοῦ
1731 4329 1874 4399 μάρ-

1976 3220 2257 3286 affecerat,
2304 3237 2497 3276 verum
2521 3221 2688 3276 etiam
2712 3222 2858 3292 apud
2911 3238 3042 3277 suos
3100 3224 3312 3295 justum
3372 3235 3565 3285 contra

1977 3312 2156 3382 ipsum
2177 3312 2368 3369 odium
2394 3313 2673 3368 excitavit.
2698 3313 2882 3383 Ipsum
2917 3330 3136 3385 quoque
3176 3316 3563 3386 imperatorem

1975 3406 2207 3462 oll'endit
2227 3406 2595 3470 Macedonius,
2626 3413 2742 3461 tum
2773 3406 2846 3461 ob
2890 3406 3032 3461 hanc
3074 3423 3239 3477 quam
3263 3408 3412 3474 dixi,
3445 3418 3562 3465 tum

1974 3497 2047 3551 ob
2073 3497 2237 3553 aliam
2258 3497 2571 3568 huiusmodi
2592 3511 2811 3551 causam
2839 3515 2851 3549 :
2878 3496 3043 3551 .‘Edes
3068 3497 3124 3552 in
3149 3513 3258 3569 qua
3289 3508 3407 3554 erat
3436 3514 3564 3557 arca

1971 3605 2092 3660 qua
2136 3590 2483 3662 imperatoris
2519 3593 2864 3648 Constantini
2914 3595 3175 3664 reliquias
3221 3597 3560 3664 continebat,

1971 3683 2188 3737 ruinam
2229 3682 2429 3738 minari
2454 3684 2767 3739 videbatur.
2793 3685 2971 3756 Atque
2994 3686 3201 3742 idcirco
3229 3696 3343 3743 tum
3384 3690 3421 3745 ii
3464 3693 3560 3763 qui

1971 3773 2026 3829 in
2056 3774 2229 3830 aedem
2263 3774 2587 3841 introibant,
2612 3785 2726 3832 tum
2753 3776 2846 3847 qui
2875 3777 2985 3833 illic
3016 3780 3311 3837 manebant
3346 3792 3403 3838 et
3431 3799 3560 3855 pres

1968 3867 2257 3951 cabantur,
2290 3868 2529 3923 maxime
2563 3869 2625 3951 ’in
2652 3878 2802 3923 metu
2847 3878 3008 3924 erant
3039 3873 3345 3929 constituti.
3379 3875 3559 3931 Illaec-

1968 3955 2170 4015 donius
2192 3940 2358 4031 igitur
2376 3940 2725 4031 imperatoris
2742 3961 3005 4031 reliquias
3029 3966 3325 4022 transferre
3343 3968 3556 4032 statuit,

1968 4066 2042 4107 ne
2087 4066 2214 4106 arca
2243 4052 2400 4106 ruina
2431 4052 2754 4108 violaretur.
2782 4053 2939 4120 Quod
2988 4071 3112 4111 cum
3157 4059 3394 4128 populus
3438 4060 3557 4115 fieri

1970 4144 2336 4214 cognovisset,
2362 4143 2628 4213 impedire
2649 4154 2879 4200 conatus
2897 4156 2999 4208 est,
3024 4148 3175 4202 nefas
3198 4163 3317 4203 esse
3341 4149 3552 4215 dicens,

1974 4236 2319 4306 imperatoris
2341 4252 2463 4291 ossa
2495 4234 2806 4289 transferri:
2837 4237 3063 4305 perinde
3095 4238 3242 4291 enim
3269 4254 3389 4293 esse
3419 4254 3482 4295 ac
3506 4240 3553 4295 si

1973 4328 2366 4382 ell‘oilerentur.
2399 4326 2703 4395 Statimque
2732 4329 2967 4397 populus
3006 4330 3142 4385 duas
3181 4330 3234 4384 in
3263 4340 3447 4396 partes
3468 4332 3556 4387 di—

1495 4505 1764 4560 V'AIJESII
1802 4505 2350 4562 ANNOTATlONES.

355 4644 438 4715 (6i
452 4638 821 4719 )_'H_o'a_r_oi)r
839 4642 938 4697 διὰ
954 4644 1008 4719 qi
1030 4640 1556 4719 ξτρςσεδρεύοζῖες.
1577 4641 1760 4719 llujus
1780 4642 1873 4719 loe‘

1991 4643 2251 4719 dicuntur
2301 4644 2774 4719 πρρςεδρεύοντες.
2806 4646 2997 4719 Quam
3044 4647 3554 4719 interpretationem

270 4711 603 4769 emendatio
626 4713 858 4769 debetur
878 4714 1053 4769 codici
1081 4712 1370 4768 Allatiano.
1405 4711 1540 4766 Nam
1576 4712 1630 4766 in
1667 4711 1871 4767 nostris

269 4784 574 4839 codicibus
591 4783 907 4838 Florentino
930 4799 993 4838 ac
1010 4783 1286 4838 Sfortiano
1309 4782 1397 4836 hic
1420 4783 1573 4836 locus
1595 4797 1702 4837 una
1729 4782 1870 4837 dun-

269 4863 433 4908 taxat
457 4868 599 4908 voce
628 4854 843 4907 auctior
888 4862 1029 4918 erat,
1084 4853 1187 4907 hoc
1228 4852 1393 4906 modo
1422 4867 1435 4904 ι
1464 4848 1603 4921 ἦσαν
1654 4849 1746 4905 οὖν
1780 4853 1867 4907 διὰ

264 4924 441 4978 τοῦτο
468 4925 542 4987 οἱ,
573 4930 683 4977 etc.
713 4923 820 4978 Sed
863 4925 1113 4979 lacunam
1152 4923 1421 4992 integram
1453 4922 1670 4991 supplet
1694 4922 1865 4977 codex

262 4995 490 5059 Allatii,
526 4993 619 5048 cui
657 4995 929 5049 consentit
961 4992 1303 5063 Epiphanius
1337 4992 1728 5048 Scholasticus.
1776 4992 1866 5049 Sic

259 5066 424 5119 etaim
460 5065 634 5119 vertit
682 5064 832 5120 hunc
860 5062 1040 5119 locum
1070 5062 1088 5115 ι
1117 5063 1342 5132 Ideoque
1379 5062 1611 5117 custodes
1659 5063 1771 5132 ejus
1816 5074 1866 5117 et

300 5136 364 5187 ai
397 5136 477 5189 ad
512 5135 809 5188 orationem
840 5135 1134 5197 intrabant,
1166 5142 1320 5187 erant
1352 5134 1506 5203 positi
1533 5134 1626 5186 sub
1654 5135 1857 5189 timore.

300 5152 362 5187 81
397 5152 474 5189 aa
512 5152 809 5188 οταιιοηεηι
840 5152 1134 5197 ιητναυαητ,
1166 5152 1320 5187 erant
1352 5152 1506 5203 ροδιιι
1533 5152 1626 5186 8H0
1654 5152 1857 5189 ιιιηονε.

255 5152 553 5261 Custodes
589 5203 987 5276 interpretatur
1023 5204 1385 5276 Epiphanius,
1430 5203 1525 5273 qui
1563 5219 1594 5257 a
1634 5202 1861 5261 Socrate

1979 4731 2088 4773 non
2122 4716 2317 4791 probo.
2347 4714 2514 4791 Magis
2536 4716 2714 4785 placet
2739 4714 3353 4791 τοὺςπροσεδρεύὸντας
3380 4722 3556 4778 inter"

1975 4786 2335 4858 pretgarigeos.
2377 4786 2800 4858 quimtnoran‘tur
2831 4786 3041 4844 diutius
3085 4786 3138 4845 in
3200 4792 3451 4855 ecclesia,
3500 4805 3558 4849 et

1974 4856 2240 4930 orationis
2277 4871 2438 4911 causa
2461 4856 2837 4930 illic__sedent.
2901 4859 2955 4914 Si
3016 4862 3142 4930 quis
3202 4869 3384 4917 tamen
3426 4864 3559 4919 tedi-

1977 4926 2477 5003 tuosj‘nterpretari
2504 4925 2676 5003 malit,
2700 4943 2808 5003 non
2839 4925 3168 5003 magnopere
3217 4932 3551 5003 repugnabo.

2047 4995 2155 5069 (62)
2176 4995 2467 5071 Ὅπως-ἂν
2488 4995 2573 5064 μὴ
2598 4995 2955 5071 συλληφρῇ
2982 4995 3323 5071 Epiphanius
3349 4995 3511 5059 vertit
3540 5022 3552 5057 :

1971 5063 2064 5138 Ne
2088 5063 2268 5121 arcam
2303 5063 2659 5138 ruinw’casus
2690 5063 3221 5138 combriiherclfSed
3264 5071 3318 5126 in
3366 5074 3556 5129 codiCe

1971 5136 2249 5261 SfoLtiano
2314 5138 2579 5207 scriptum
2646 5135 2834 5194 inveni
2893 5140 3128 5213 συληθῇ,
3173 5142 3320 5213 quod
3385 5144 3559 5215 magis

1971 5222 2070 5261 pro
2111 5223 2164 5261 ο.

1968 5222 2164 5276 prono.

1743 5366 2122 5427 VARIORUM.

252 5482 447 5540 tidem
486 5483 645 5557 urbis
673 5482 1046 5557 aMacedonio
1078 5483 1595 5557 factusepiscopus,
1625 5485 1777 5557 prius
1812 5483 1867 5557 in

250 5557 484 5624 palatio
513 5554 802 5626 splendide
825 5553 1177 5626 militaverat.
1205 5553 1512 5611 Vir'bonu's
1542 5553 1711 5626 fuiése
1735 5554 1871 5626 dici-

252 5635 389 5697 tur;
417 5625 736 5697 acerrimus
763 5633 945 5697 tamen
987 5625 1040 5679 in
1080 5626 1345 5697 vexandis
1398 5627 1469 5683 iis
1506 5627 1611 5697 qui
1662 5625 1859 5697 Filium

252 5694 421 5754 Patri
460 5695 990 5754 consubstantialem
1032 5695 1441 5786 profitebantur.
1474 5694 1734 5770 (szom.,
1760 5696 1853 5750 lib.

654 5787 924 5876 PATnOL.
971 5791 1087 5851 Gn.
1135 5788 1368 5852 LXVII.

1974 5485 2419 5628 Νῗῗοῖἓόνὲἓέᾳς
2455 5554 2761 5628 ἀρρθμούς.
2792 5556 3024 5614 Photius
3076 5557 3243 5628 habet
3284 5556 3560 5628 τέσσαρας

2019 5623 2283 5692 ἀλαγγας.
2339 5624 2700 5701 _Nicephorus
2752 5627 3221 5701 τετρακισχιλίους
3284 5623 3556 5700 ξιφήρεις.

2053 5709 2266 5751 zomen.
2294 5694 2533 5768 τέσσαρα
2560 5696 2835 5767 τάγματα.

3127 5786 3194 5852 11
