4078 6210
494 328 601 385 555
1980 315 2103 371 SOC

2206 314 2313 369 τῖε
3657 310 3767 370 336

498 440 610 505 nia,
646 448 704 495 et
733 438 827 492 alii
866 436 1107 509 quidam.
1144 433 1260 501 Qua
1288 448 1355 488 ex
1389 448 1446 486 re
1469 431 1655 503 gravis
1683 431 1826 486 inter
1865 445 1961 484 eos
1989 430 2083 500 qui

2206 432 2252 484 )i
2285 431 2384 501 μὲν
2412 428 2521 499 γὰρ
2543 429 2667 492 τοὺς
2711 427 2861 497 βίους
2901 427 3008 481 τῶν
3055 426 3545 501 κατηγορουμένων
3569 427 3769 500 πρότεο

499 533 727 588 aderant
756 530 1035 587 contentio
1064 534 1256 583 exorta
1281 534 1384 581 est.
1417 525 1553 580 Nam
1586 525 1642 579 hi
1676 522 1897 594 quidem
1919 521 2085 576 vitam

2206 541 2284 579 nov
2313 520 2635 594 ἐρευνᾶσθαι
2679 520 2894 591 ελεγον·
2944 522 2994 576 οἱ
3021 521 3077 575 δὲ
3127 521 3234 594 πρὸ
3280 521 3383 591 τῆς
3414 519 3653 583 πίστεως
3689 523 3766 592 μὴ

498 639 694 679 eorum
720 623 817 694 qui
862 621 918 675 in
959 620 1172 675 crimen
1207 618 1387 673 vocati
1421 617 1663 681 fuerant,
1705 615 1861 686 prius
1899 613 2083 668 discu-

504 715 745 772 tiendam
777 728 899 768 esse
937 710 1198 766 dicebant
1230 728 1242 762 :
1283 708 1362 763 illi
1394 716 1588 762 contra
1623 705 1763 761 nihil
1787 704 1943 775 prius
1967 718 2087 758 esse

502 805 859 878 quaerendum
882 801 1201 866 censebant,
1222 815 1388 871 quam
1411 798 1480 854 de
1510 797 1635 853 ﬁde.
1666 794 2088 853 Contentionem

434 958 439 976 ἃ
503 914 670 970 porro
697 895 957 953 excitavit
981 894 1135 949 varia
1165 889 1519 962 imperatoris
1561 887 1854 944 sententia.
1897 883 2087 941 Profe-

506 990 771 1044 rcbantur
820 987 970 1042 enim
1003 985 1126 1058 ejus
1161 983 1383 1046 littera},
1427 980 1631 1053 quibus
1668 994 1819 1058 nunc
1866 976 1935 1033 de
1984 976 2091 1031 hoc

504 1083 681 1153 capite
713 1080 868 1151 prius
893 1076 1250 1148 qurerendum
1278 1090 1398 1130 esse
1426 1072 1644 1139 aiebat;
1679 1052 1828 1126 nunc
1856 1068 1926 1124 de
1960 1068 2086 1123 isto.

483 1174 641 1229 ‘Cum
665 1172 830 1243 igitur
858 1169 963 1224 hac
990 1168 1059 1224 de
1089 1183 1150 1223 re
1176 1166 1320 1222 inter
1339 1180 1399 1220 se
1427 1161 1845 1226 contenderent,
1886 1158 2090 1213 factum

508 1272 595 1317 est
634 1259 927 1316 dissidium
961 1258 1371 1329 episcoporum.
1420 1253 1599 1323 Atque
1641 1250 1757 1306 haec
1806 1248 1911 1304 fuit
1938 1246 2093 1318 origo

507 1362 565 1409 et
603 1366 768 1407 causa
797 1366 897 1406 cur
940 1344 1312 1403 Seleuciensis
1350 1357 1572 1414 quoque
1597 1338 1839 1413 synodus
1869 1337 2008 1393 duas
2035 1336 2091 1390 in

506 1452 691 1515 partes
720 1442 1095 1497 dirimeretur.
1124 1437 1195 1492 Et
1217 1435 1446 1491 alterius
1474 1432 1698 1504 quidem
1726 1430 1902 1501 partis
1926 1428 2094 1483 duces

507 1544 668 1591 erant
681 1534 914 1590 Aeacius
924 1530 1185 1587 Cmsarea:
1199 1526 1502 1582 Palaestinae
1514 1518 2096 1594 episc0pus,Georgius

506 1612 872 1689 Alexandriae,
895 1621 1135 1679 Uranius
1170 1618 1322 1691 Tyri,
1347 1626 1403 1673 et
1437 1614 1721 1671 Eudoxius
1746 1610 2050 1668 Antiochiae
2078 1627 2091 1663 :

506 1717 712 1788 quibus
732 1714 956 1785 triginta
987 1712 1255 1767 duntaxat
1277 1708 1373 1764 alii
1388 1704 1826 1763 consentiebant.
1856 1700 2096 1757 Alterius

491 1825 642 1866 "vero
676 1807 852 1880 partis
879 1805 1160 1877 principes
1194 1810 1357 1859 erant
1398 1798 1666 1871 Georgius
1706 1795 1991 1852 Laodiceae
2039 1794 2098 1849 in
2129 1784 2170 1840 Β

487 1902 668 1974 ‘Syria
708 1887 1037 1971 episcopus,
1081 1894 1430 1967 Sophronius
1471 1887 1876 1961 Pompeiopolis
1901 1886 1958 1941 in
1989 1886 2095 1941 Pa-

499 1992 825 2065 phlagonia,
850 1988 1106 2045 Eleusius
1125 1986 1343 2059 Cyzici;
1376 1999 1517 2055 quos
1537 1983 1713 2053 major
1743 1994 1873 2050 pars
1897 1990 2095 2047 seque—

2190 610 2505 684 προτιθέναι
2551 611 2794 682 ζήτημα.
2850 610 3051 666 Ἐκίνει
3090 611 3149 665 δὲ
3196 611 3296 682 τὴν
3352 611 3687 680 φιλονεικίαν
3729 613 3763 681 ή

2187 702 2442 775 διάφορος
2462 701 2556 755 τοῦ
2589 701 2853 772 βασιλέως
2877 701 3091 774 γνώμη.
3126 703 3439 775 Γράμματα
3460 703 3570 773 γὰρ
3598 701 3765 756 αὑτοῦ

2190 793 2592 866 προσεφέρετο,
2646 791 2743 848 νῦν
2796 794 2898 864 μὲν
2940 793 3209 865 πρότερον
3255 793 3423 847 τοῦτο
3485 790 3768 863 ζητεῖσθαι

2190 885 2506 951 κελεύοντα,
2540 884 2637 939 νῦν
2679 885 2738 940 δὲ
2774 885 2837 939 τὸ
2878 885 3087 957 ἕτερον.
3119 884 3256 957 Περὶ
3292 884 3488 939 τούτου
3530 879 3626 939 οὖν
3661 885 3766 954 τῆς

2191 978 2523 1051 φιλονεικίας
2565 976 2892 1048 γινομένης,
2941 976 3150 1048 σχίσμα
3192 978 3276 1041 είς
3321 977 3451 1041 τοὺς
3491 976 3770 1047 παρόντας

2190 1068 2460 1143 ἐχώρησε.
2500 1068 2612 1123 Kal.
2655 1066 2796 1139 αὕτη
2843 1067 3039 1137 γέγονα
3085 1070 3411 1141 προφάσεως
3456 1068 3600 1140 ἀρχὴ
3621 1107 3636 1130 ,
3670 1066 3769 1121 τοῦ

2191 1164 2287 1217 καὶ
2313 1162 2413 1235 τὴν
2439 1162 2497 1215 tv
2531 1160 2825 1232 Σελευκείᾳ
2851 1161 2931 1226 είς
2963 1157 3060 1215 δύο
3097 1160 3236 1232 μέρη
3266 1159 3605 1229 διαιρεθῆναι
3650 1158 3773 1213 σύν-

2192 1252 2329 1307 οδον.
2380 1249 2641 1319 Ἡγοῦντο
2680 1250 2737 1303 δὲ
2772 1247 2869 1302 τοῦ
2915 1246 3016 1319 μὲν
3046 1246 3164 1311 ἑνὸς
3203 1246 3403 1317 μέρους
3457 1244 3712 1307 ’Δκάκιος
3739 1246 3774 1297 ό

2192 1344 2292 1415 τῆς
2320 1344 2379 1396 tv
2406 1340 2742 1412 Παλαιστίνῃ
2789 1337 3129 1409 Καισαρείας
3150 1378 3164 1402 ,
3191 1335 3468 1407 Γεώργιος
3518 1334 3774 1400 Ἀλεξαν-

2192 1433 2397 1507 δρείας,
2427 1432 2691 1504 Οὐράνιος
2730 1431 2936 1503 Τύρου,
2968 1427 3246 1495 Εὑδόξιος,
3288 1426 3624 1496 ’Δντιοχείας
3645 1443 3661 1457 ·
3687 1419 3776 1488 οἷς

2193 1525 2489 1596 τριάκοντα
2524 1523 2618 1577 δύο
2649 1522 2808 1594 μόνον
2844 1519 3103 1592 συνῄνουν
3132 1519 3303 1574 ἄλλοι.
3332 1516 3442 1572 Τοῦ
3467 1518 3524 1572 δὲ
3553 1517 3775 1589 ἑτέρου,

2197 1615 2473 1689 Γεώργιος
2540 1613 2860 1679 Λαοδικείας
2921 1613 3023 1684 τῆς
3081 1612 3140 1666 tv
3204 1609 3410 1682 Συρίᾳ,
3469 1600 3778 1680 Σωφρόνιος

2198 1707 2700 1782 Πομπηϊουπόλεως
2727 1705 2831 1776 τῆς
2858 1707 2917 1759 tv
2949 1702 3325 1774 Παφλαγονίᾳ,
3367 1698 3641 1763 Ἐλεύσιος
3670 1700 3782 1753 Κυ-

2198 1802 2375 1869 ζίκου,
2402 1795 2485 1866 οἷς
2511 1798 2840 1872 ἠκολούθουν
2864 1796 2916 1850 οἱ
2944 1794 3207 1859 πλείονες.
3244 1793 3335 1857 Ὦς
3359 1787 3453 1846 οὖν
3480 1789 3779 1861 ἐπεκράτει

2198 1894 2262 1949 τὸ
2288 1892 2557 1966 πρότερον
2588 1888 2872 1963 ζητεῖσθαι
2894 1887 3024 1959 περὶ
3051 1886 3154 1957 τῆς
3187 1885 3447 1949 πίστεως,
3477 1884 3526 1938 οἱ
3553 1882 3651 1953 μὶν
3679 1881 3780 1934 τοῦ

2201 1986 2402 2058 μέρους
2463 1981 2759 2047 Ἀκακίου,
2800 1978 2910 2054 (τὴν
2956 1980 3016 2032 tv
3043 1976 3250 2047 Νικαίᾳ
3298 1973 3482 2028 πίστιν
3523 1969 3780 2044 φανερῶς

506 2060 697 2141 batur.
731 2084 904 2138 Porro
930 2096 1055 2136 cum
1086 2076 1465 2151 praevaluisset
1490 2072 1764 2129 sententia
1797 2076 1860 2126 ut
1890 2068 1959 2124 de
1991 2066 2106 2122 ﬁdo

2206 2074 2474 2146 ἠθέτησαν
2493 2112 2509 2138 ,
2540 2069 2707 2140 ἄλλην
2753 2084 2815 2122 τε
2860 2066 3044 2121 πίστιν
3082 2061 3449 2134 ὑπαγορεύειν
3481 2060 3779 2130 ᾐνίττοντο..

509 2175 673 2246 prius
693 2177 1058 2243 quaereretur,
1086 2168 1123 2223 ii
1153 2167 1249 2237 qui
1286 2182 1320 2221 a
1354 2163 1609 2236 partibus
1640 2159 1824 2216 Acacii
1857 2156 2097 2221 stabant,

516 2269 794 2325 Nicaenam
842 2262 1011 2320 ﬁdem
1058 2260 1286 2333 penitus
1331 2258 1706 2328 abrogarunt;
1761 2251 1924 2308 aliam
1969 2262 2101 2305 vero

511 2354 974 2416 conscribendam
1026 2367 1151 2409 esse
1213 2347 1614 2422 signiﬁcaram.
1670 2342 1912 2400 Alterius
1969 2352 2102 2395 vero

517 2451 691 2523 partis
722 2446 989 2519 episcopi,
1024 2444 1122 2515 qui
1143 2451 1201 2499 et
1221 2454 1455 2497 numero
1487 2436 1803 2508 superiores
1833 2440 2012 2497 erant,
2045 2430 2101 2486 in

510 2544 748 2614 reliquis
790 2540 1012 2613 quidem
1046 2536 1306 2593 omnibus
1342 2531 1623 2591 Nicmnum
1650 2527 1945 2585 concilium
1979 2539 2103 2580 sus-

519 2635 796 2707 cipiebant
844 2650 857 2685 :
897 2631 1068 2687 solam
1094 2636 1277 2683 autem
1299 2624 1598 2681 dictionem
1624 2614 2107 2677 eonsubstantialis

522 2724 1021 2800 reprehendebant.
1049 2720 1186 2777 Cum
1214 2718 1382 2791 igitur
1406 2729 1603 2786 magna
1631 2711 1931 2769 verborum
1970 2722 2105 2763 con-

523 2819 769 2875 tentione
824 2817 968 2871 inter
1007 2829 1068 2869 se
1110 2815 1414 2867 certassent
1458 2820 1635 2877 usque
1687 2803 1754 2859 ad
1797 2814 2105 2871 vesperam,

524 2907 745 2963 tandem
790 2905 1048 2959 Silvanus
1091 2897 1381 2954 Tarsensis
1422 2894 1682 2950 Ecclesiae
1725 2890 1927 2961 prsesul
1961 2889 2108 2944 elata

522 3013 657 3052 voce
681 2995 840 3059 dixit,
875 2993 1081 3047 nullam
1121 3004 1322 3044 novam
1354 2987 1482 3042 ﬁdei
1509 2983 1799 3040 formulam
1834 2979 2108 3037 conscribi

500 3096 803 3159 oportere,
837 3083 933 3138 sed
967 3082 1116 3137 illam
1148 3096 1271 3152 qua:
1301 3077 1606 3135 Antiochiae
1648 3075 1704 3130 in
1733 3072 1980 3128 ecclesia:
2010 3071 2108 3126 de-

523 3178 799 3236 dicatione
826 3176 1031 3246 scripta
1060 3181 1226 3239 esset,
1265 3179 1438 3226 ratam
1470 3184 1590 3224 esse
1615 3167 1836 3222 debere.
1873 3164 1987 3218 Hoc
2015 3163 2111 3218 ubi

520 3269 735 3324 dictum
781 3275 894 3331 est,
946 3261 1203 3319 Acaciani
1237 3276 1268 3316 e
1308 3259 1545 3316 concilio
1596 3273 1654 3312 se
1705 3257 2107 3312 subduxerunt.

530 3360 777 3417 Alterius
824 3365 1010 3413 autem
1065 3354 1241 3427 partis
1271 3350 1549 3409 antistites
1591 3348 1756 3404 ﬁdem
1808 3348 2112 3405 Antiochiae

532 3453 789 3522 .vcriptam
804 3449 1160 3522 protulerunt
1192 3464 1205 3500 :
1241 3460 1349 3516 qua
1370 3442 1523 3513 151
1553 3441 1796 3512 perlecta
1818 3440 2113 3496 concilium

2201 2167 2266 2222 Οἱ
2290 2165 2348 2220 δὲ
2377 2164 2470 2219 τοῦ
2499 2161 2687 2235 ἑτέρου
2724 2159 2925 2232 μέρους
2950 2159 3000 2212 οἱ
3028 2156 3107 2228 τῷ
3127 2153 3345 2227 ἀριθμῷ
3368 2151 3778 2216 πλεονάζοντες,

2199 2257 2270 2312 τά
2299 2256 2397 2328 μὲν
2420 2254 2555 2311 ἄλλα
2572 2253 2750 2308 πάντα
2766 2250 2868 2322 τῆς
2888 2251 2947 2305 tv
2968 2248 3174 2319 Νικαίᾳ
3192 2246 3409 2300 συνόδου
3433 2242 3776 2328 ἀπεδέχοντο

2206 2325 2374 2419 μόνην
2398 2345 2456 2399 δὲ
2487 2343 2585 2415 τὴν
2612 2340 2897 2411 όμοουσίου
2935 2338 3080 2404 λέξιν
3108 2336 3438 2408 ἐμέμφοντο.
3477 2332 3655 2387 Πολλὰ
3684 2325 3782 2384 οὖν

2203 2440 2336 2512 ἄχρι
2374 2437 2554 2509 δείλης
2593 2434 2752 2507 ὀψίας
2799 2431 2936 2505 πρὸς
2989 2428 3253 2500 ἀλλήλους
3303 2423 3779 2496 φιλονεικούντων,

2204 2530 2359 2594 τέλος
2408 2527 2668 2591 Σιλδανδς
2710 2525 2810 2597 τῆς
2858 2520 3073 2594 Ταρσοῦ
3121 2517 3399 2593 προεστὼς
3454 2514 3783 2586 Ἐκκλησίας

2210 2618 2354 2691 μέγα
2375 2618 2671 2690 ἀνέκραγε,
2687 2615 2861 2684 λέγων
2886 2613 2961 2684 μὴ
2988 2612 3185 2683 χρῆναι
3212 2606 3402 2678 καινὴν
3422 2603 3785 2676 ὑπαγορεύειν

2208 2712 2447 2774 πίστεως
2476 2707 2690 2762 ἔκδοσιν
2709 2747 2726 2773 ,
2758 2703 2897 2759 ἀλλὰ
2931 2702 3030 2774 τὴν
3060 2701 3160 2773 ἤδη
3192 2700 3459 2770 πρότερον
3486 2698 3544 2749 tv
3579 2695 3785 2747 Ἀντιο⁶

2206 2803 2333 2877 χείᾳ
2350 2805 2460 2864 τοῖς
2482 2799 2779 2870 ὲγκαινίοις
2797 2794 3265 2867 ύπαγορευθεῖσαν
3286 2790 3519 2859 ὀφείλειν
3538 2788 3784 2860 κρατεῖν.

2208 2875 2412 2950 Τούτου
2443 2890 2757 2962 λεχθέντος,
2784 2889 2833 2941 οἱ
2862 2887 2959 2959 μὲν
3002 2884 3130 2956 περ)⁸
3173 2883 3424 2937 Ἀκάκιον
3448 2875 3746 2947 ὑπεξῆλθον
3764 2890 3784 2905 θ

2209 2989 2261 3043 οί
2288 2987 2347 3041 δὲ
2374 2985 2468 3039 τοῦ
2514 2983 2702 3053 ἑτέρου
2753 2980 2972 3053 μέρους,
3028 2976 3399 3050 προεκόμισαν
3433 2972 3533 3043 τὴν
3565 2971 3623 3024 tv
3665 2968 3793 3021 'Av-
3828 2962 3842 2966 ’

2210 3077 2420 3151 τιοχείᾳ
2459 3074 2673 3137 πίστιν,
2708 3074 2802 3127 καὶ
2837 3068 3194 3138 ἀναγνόντες,
3218 3065 3468 3119 διέλυσαν
3513 3063 3570 3115 tv
3601 3058 3792 3131 ἐκείνῃ

2163 3163 2183 3186 ¹
2212 3174 2279 3242 τῇ
2300 3150 2485 3241 ἡμέρα
2509 3165 2601 3220 τὸν
2629 3164 2903 3232 σύλλογον.
2940 3162 3020 3233 Τῇ
3049 3160 3108 3213 δὲ
3131 3158 3259 3229 ἑξῆς
3287 3157 3369 3219 είς
3397 3155 3490 3209 τὸν
3514 3154 3571 3207 tv
3597 3150 3797 3205 Σελευ-

2214 3262 2342 3334 κείςι⁸
2390 3260 2679 3330 εύκτήριον
2731 3253 3074 3316 συνελθόντες
3125 3246 3307 3313 οἶκον,
3344 3248 3439 3303 καὶ
3482 3245 3581 3309 τὰς
3618 3242 3795 3315 θύρας

2214 3330 2663 3412 ἀποκλείσαντες,
2691 3345 2789 3418 τὴν
2833 3340 3275 3412 ἀναγνωσθεῖσαν
3320 3336 3504 3392 πίστιν
3548 3330 3799 3402 ὑπογρά-

2217 3456 2408 3513 φοντες
2436 3437 2688 3510 ὲκύρουν.
2730 3433 3078 3505 ’Υπέγραφον
3098 3430 3156 3485 δὲ
3183 3430 3321 3501 ὑπὲρ
3351 3423 3798 3513 ἀπολειφθέντων

530 3559 599 3601 eo
631 3546 719 3600 die
753 3544 1043 3600 dimissum
1089 3546 1192 3595 est.
1226 3535 1499 3593 Postridie
1547 3548 1674 3589 cum
1728 3534 1785 3590 in
1828 3532 2106 3588 ecclesiam

2217 3531 2383 3586 τινῶν
2433 3529 2698 3600 παρόντες
2748 3522 3095 3594 ἀναγνῶσται
3142 3522 3238 3575 καί
3282 3518 3551 3579 διάκονοι,
3595 3515 3663 3569 δι’
3715 3506 3801 3567 ὧν

531 3656 652 3713 quae
706 3636 975 3695 Seleuciae
1018 3642 1122 3700 est,
1158 3629 1565 3694 convenissent,
1599 3626 1838 3682 occlusis
1868 3625 2102 3692 foribus,

2218 3623 2461 3696 στέρξειν
2484 3621 2576 3675 τὸν
2617 3621 2743 3691 ὅρον
2769 3619 2817 3671 οἱ
2853 3614 3276 3684 ἀπολειφθέντες
3305 3608 3687 3681 ὡμολόγησαν.

535 3735 829 3806 perlectam
884 3727 1011 3784 ﬁdei
1041 3725 1350 3781 'Tormulam
1392 3721 1797 3792 subscriptione
1841 3733 1940 3774 sua
1970 3718 2385 3775 conﬁrmarunt.
2421 3715 2528 3771 Pro
2558 3710 2832 3785 episcopis
2875 3717 3060 3765 autem
3116 3703 3395 3762 nonnullis
3417 3701 3510 3773 qui
3539 3700 3800 3764 aberant,

535 3824 910 3893 subscripsere
950 3818 1165 3875 diaconi
1197 3826 1248 3871 et
1284 3816 1538 3881 lectores,
1573 3791 1809 3883 quorum
1865 3824 2031 3879 opera
2067 3808 2470 3880 approbaturos
2510 3818 2569 3858 se
2601 3800 2730 3856 ﬁdei
2752 3797 3044 3855 formulam
3069 3795 3326 3852 absentes
3346 3791 3576 3864 professi
3609 3798 3800 3845 erant.

1157 3951 1325 4008 CAP.
1371 3950 1479 4004 XL.

572 4072 817 4142 Qualiter
851 4069 1074 4142 Aeacius
1101 4064 1356 4142 Qtesorcw
1381 4062 1649 4142 episcopus
1674 4059 1729 4113 in
1760 4056 2083 4141 ﬁelagciensi

696 4141 894 4216 synodo
919 4137 1087 4194 aliam
1112 4135 1242 4206 ﬁdei
1271 4128 1642 4204 expositionem
1667 4128 1955 4201 scripserit.

610 4300 840 4358 Aeacius
869 4312 1003 4353 vero
1036 4309 1162 4351 cum
1186 4292 1303 4347 suis
1326 4288 1693 4346 sectatoribus
1715 4286 1769 4341 id
1793 4285 1998 4341 factum
2027 4299 2119 4338 re-

540 4392 935 4466 prehendebat,
968 4402 1036 4443 eo
1059 4384 1205 4457 quod
1236 4383 1440 4439 clausis
1471 4380 1716 4437 ecclesiae
1749 4378 1961 4434 foribus
1987 4377 2120 4434 sub-

540 4483 909 4553 scripsissent.
943 4476 1157 4547 Quippe
1173 4474 1401 4537 ~aiebat,
1431 4473 1506 4526 Ea
1532 4486 1652 4541 qua:
1683 4471 1737 4524 in
1778 4471 1996 4526 occulto
2027 4484 2123 4541 ge-

2814 3929 3068 3986 ΚΕΦΔΛ.
3103 3925 3192 3982 Μ’.

2217 4052 2348 4104 Ὅτι
2378 4049 2448 4103 ἐν
2480 4046 2554 4116 τῇ
2584 4046 2743 4116 κατὰ,
2762 4043 3121 4116 Σελεύκειαν
3140 4036 3731 4116 Δοὐνόδῳη’ᾼκάλτιος

2287 4108 2667 4186 Καισαρείας,
2707 4114 2907 4182 ἄλλην
2951 4112 3371 4182 ὑπηγόρευσεν
3414 4108 3659 4164 ἔκθεσιν
3700 4108 3805 4160 πί-

2287 4207 2497 4255 στεως.

2303 4280 2556 4344 Ἀκάκιος
2585 4278 2643 4332 δὲ
2672 4257 2766 4332 ait
2785 4277 2835 4330 οἱ
2864 4274 2959 4329 τοῦ
2986 4274 3185 4347 μέρους
3211 4270 3400 4337 αὑτοῦ,
3429 4269 3497 4325 τὰ
3533 4269 3803 4341 γινόμενα

2216 4372 2599 4445 διεμέμφοντο,
2626 4370 2757 4425 διότι
2779 4369 2878 4440 τὴν
2903 4366 3227 4438 Ἐκκλησίαν
3259 4363 3676 4424 ἀποκλείσαντες
3696 4379 3806 4415 κα-

2220 4466 2588 4536 θυπέγραφον.
2608 4463 2691 4516 Τὰ
2712 4461 2819 4533 γὰρ
2854 4461 2911 4513 tv
2938 4458 3295 4529 παραϐύστῳ,
3324 4454 3479 4527 φησὶ,
3516 4454 3803 4524 γινόμενα,

544 4583 760 4639 runtur,
792 4571 1026 4642 reproba
1056 4546 1192 4623 sunt
1221 4575 1278 4620 et
1310 4573 1584 4633 suspecta.
1635 4564 1750 4618 Hoc
1774 4572 1959 4618 autem
2000 4563 2106 4617 idet

2224 4558 2460 4628 ἀδόκιμα
2480 4555 2576 4608 καὶ
2601 4553 2836 4623 ὑποψίας
2862 4552 3032 4615 ἐντός.
3055 4549 3242 4604 Ταῦτα
3280 4548 3455 4617 ἔλεγε,
3484 4546 3811 4619 βουλόμενος

543 4664 780 4727 dicebat,
805 4639 951 4731 quod
975 4659 1030 4712 in
1051 4657 1236 4712 animo
1257 4654 1488 4709 haberet
1512 4652 1675 4705 aliam
1693 4651 1819 4707 ﬁdei
1835 4652 2106 4707 formulan

2225 4650 2420 4721 ἑτέραν
2448 4647 2656 4702 ἔκδοσιν
2688 4646 2925 4708 πίστεως
2959 4644 3418 4711 ἀντεισενεγκεῖν,
3447 4640 3586 4712 ἔχων
3614 4639 3811 4711 εὑτρε-

545 4757 666 4812 loco
698 4728 845 4808 illius
874 4749 1225 4821 promulgare
1258 4763 1273 4797 :
1304 4758 1471 4814 quam
1497 4740 1721 4811 quidem
1747 4751 1995 4812 paratam
2022 4756 2106 4813 pe-

2231 4741 2521 4812 πισμένην,
2550 4741 2618 4811 ἢν
2645 4736 2945 4807 ἀνεγνώκει
2981 4736 3078 4808 μὲν
3111 4738 3223 4821 τοῖς
3266 4735 3496 4805 ἄρχουσι
3521 4730 3816 4802 Λαυρικίῳ

546 4862 646 4900 nes
678 4859 737 4899 se
776 4840 1035 4904 habebat,
1069 4847 1124 4894 et
1153 4835 1412 4892 Lauricio
1444 4832 1668 4903 quidem
1701 4847 1765 4886 ac
1804 4832 2005 4887 Leonas
2036 4847 2126 4886 re-

548 4932 795 4989 ctoribus
821 4931 933 5002 jam
951 4938 1120 4983 antea
1147 4925 1473 4982 recitaverat
1502 4941 1514 4976 :
1551 4933 1809 4978 czeterum
1840 4922 2130 4977 omnistu-

548 5023 642 5078 dio
671 5020 1056 5083 contendebat,
1083 5026 1157 5095 ut
1188 5016 1305 5072 haec
1330 5016 1445 5072 sola
1487 5014 1598 5070 vim
1628 5023 1794 5084 atque
1827 5016 2129 5070 auctorita-

552 5123 665 5168 tem
687 5110 981 5166 obtineret.
1013 5108 1140 5163 Htec
1171 5115 1289 5162 aeta
1316 5115 1444 5161 sunt
1466 5104 1710 5161 secundo
1735 5103 1846 5170 die,
1881 5120 1984 5161 nec
2009 5119 2129 5159 am-

550 5204 698 5276 plius
728 5201 1047 5273 quidquam.
1082 5199 1269 5254 Tertio
1293 5197 1382 5253 die
1428 5197 1642 5253 Leonas
1674 5212 1866 5253 rursus
1901 5211 2124 5268 operam

552 5297 726 5360 dedit,
771 5303 833 5349 ut
854 5292 1027 5348 amba:
1069 5300 1254 5363 partes
1297 5291 1352 5345 in
1394 5306 1565 5345 unum
1601 5291 1982 5347 convenirent.
2009 5291 2130 5358 Quo

553 5390 776 5462 quidem
807 5386 897 5441 die
927 5400 1031 5441 nec
1078 5382 1428 5439 Macedonius
1465 5382 1642 5438 abfuit
1669 5382 2130 5454 Constantinopo-

2228 4833 2323 4887 καὶ
2352 4832 2577 4903 Λεωνᾷ·
2628 4829 2795 4901 μόνην
2846 4829 2903 4883 δὲ
2946 4827 3116 4898 αὐτὴν
3155 4820 3452 4899 κρατήσειν
3483 4821 3814 4888 ἐσπούδαζε.

2228 4922 2445 4977 Τούτων
2475 4922 2573 4993 μὲν
2594 4918 2687 4975 οὖν
2714 4920 2877 4973 πλέον
2906 4919 3060 4973 οὐδὲν
3085 4917 3229 4971 κατὰ
3252 4917 3351 4988 τὴν
3382 4913 3639 4986 δευτέραν
3667 4911 3818 4985 ἡμέ-

2233 5030 2332 5085 ραν
2361 5012 2589 5081 ὲγίνετο.
2623 5010 2781 5064 Κατὰ
2817 5010 2872 5063 δὲ
2898 5009 2998 5081 τὴν
3024 5009 3218 5081 τρίτην
3241 5010 3269 5062 ὁ
3300 5008 3520 5069 Λεωνᾶς
3557 5000 3719 5068 αὖθις
3741 5003 3819 5057 τὰ

2234 5106 2375 5178 μέρη
2414 5106 2737 5173 συναγαγεῖν
2760 5100 3060 5165 ἐσπούδαζε
3083 5117 3095 5129 ·
3128 5101 3254 5154 καθ’
3283 5100 3352 5171 ἦν
3374 5099 3473 5153 οὑκ
3503 5094 3818 5168 ἀπελείφθη

2233 5199 2329 5252 καὶ
2358 5197 2690 5259 Μακεδόνιος
2730 5196 2759 5249 ό
2790 5192 3436 5255 Κωνσταντινουπόλεως,
3480 5189 3603 5244 οὐδὲ
3650 5187 3756 5260 μὴν
3789 5189 3822 5243 ὁ

2247 5288 2520 5361 ’Λγκύρας
2553 5288 2855 5351 Βασίλειος.
2901 5285 3055 5339 Ἐπεὶ
3079 5281 3172 5339 οὖν
3203 5283 3500 5355 ἀμφότεροι
3535 5282 3617 5345 είς
3649 5280 3823 5334 ταὺτὸ

2241 5382 2407 5454 μέρος
2443 5378 2899 5451 συνεληλύθησαν,
2933 5373 3091 5441 αὖθις
3120 5378 3172 5430 οἱ
3193 5375 3321 5446 περὶ
3362 5371 3619 5427 ’Δκάκιον
3638 5372 3822 5426 ἀπαν-

557 5482 757 5537 litanus
776 5479 1089 5551 episcopus,
1117 5490 1221 5531 nec
1252 5474 1486 5531 Basilius
1515 5474 1763 5549 Ancyrae.
1792 5474 1930 5532 Cum
1966 5475 2100 5547 igitu

2238 5477 2338 5546 τᾷν
2367 5475 2467 5528 οὑκ
2505 5470 2789 5526 ἐϐούλοντο
2808 5510 2822 5534 ,
2854 5469 3156 5539 φάσκοντες
3184 5466 3294 5521 δεῖν
3327 5464 3591 5536 πρότερον
3622 5460 3826 5517 ἐκϐάλ-

555 5572 719 5628 ambo
743 5572 833 5627 isti
858 5570 915 5624 in
940 5567 1187 5625 eamdem
1213 5575 1423 5637 partem
1455 5567 1887 5633 concessissent,
1932 5568 2106 5623 iteruu

2240 5566 2428 5622 λεσθαι
2459 5565 2552 5620 τού
2585 5562 2844 5632 συλλόγου
2886 5562 3013 5626 τούς
3040 5580 3102 5615 τε
3129 5561 3230 5632 ἤδη
3262 5559 3528 5629 πρότερον
3556 5553 3824 5627 καθαιρε-

558 5665 811 5727 Aeaciani
869 5663 939 5719 ad
991 5659 1285 5717 concilium
1338 5673 1633 5714 occurrere
1687 5661 2031 5716 noluerunt:
2068 5675 2135 5715 ex
2244 5660 2436 5715 θέντας

2471 5669 2513 5721 τ,
2550 5657 2645 5711 καὶ
2677 5655 2804 5720 τοὺς
2827 5657 2885 5709 ἐν
2910 5653 2989 5726 τῷ
3025 5653 3254 5726 παρόντι
3291 5646 3822 5720 κατηγορουμένοὺς.

1723 5753 2085 5811 VARIORUM
2122 5751 2677 5810 ANNOTATIONES.

540 5910 561 5922 .-
641 5833 666 5865 ι
706 5826 848 5898 Τοὺς
898 5826 1013 5898 ἤδη
1091 5827 1381 5897 σφέτερον
1435 5808 1921 5893 καθαιρεθένταζξ
1946 5808 2103 5882 θέω

2211 5808 2347 5882 anus
2422 5823 2696 5895 intelligit,
2751 5836 2989 5893 quorum
3047 5819 3156 5876 dux
3223 5827 3343 5876 erat
3405 5814 3641 5872 Basilius
3705 5808 3819 5866 An-
