4078 6210
334 287 440 347 83⁸1

1371 301 1691 360 HISTORIA
1735 305 2284 365 ECCLESIASTICA.
2315 342 2381 349 —
2421 311 2550 366 LIB.
2596 313 2657 367 Il.

3487 319 3591 375 358

351 406 508 458 Ἐπεὶ
540 403 599 460 δὲ
630 404 1146 479 φιλονεικησάντων,
1173 412 1329 468 τοῦτο
1358 417 1560 488 μᾶλλον
1589 421 1912 491 ἐκράτησεν,

2023 435 2287 480 conventu
2330 426 2624 497 ejiciendus
2653 426 2806 494 prius
2836 441 2954 481 esse
3007 428 3285 496 dicentes,
3337 440 3449 486 tum
3495 449 3597 487 eos-

337 497 652 568 ὑπεξῂεσαν
699 498 797 568 μὲν
839 501 889 553 οἱ
924 503 980 556 ἐν
1007 503 1240 558 αἰτιάσει
1272 509 1628 579 τυγχάνοντες
1652 527 1665 541 ο
1710 513 1923 565 ἀντεισ-

335 586 502 654 ἦλθον
547 587 605 640 δὲ
649 589 696 640 oi
725 590 854 660 περὶ
906 590 1180 648 ’Δκάκιον.
1237 594 1370 651 Τότε
1403 599 1459 652 δὲ
1501 603 1528 653 6
1558 603 1776 666 Λεωνᾶς
1811 603 1914 674 ἔφη

339 676 546 745 βιϐλίον
590 677 836 732 δεδόσθαι
889 681 1039 753 αὐτῷ
1096 685 1248 755 παρὰ
1287 687 1396 740 τῶν
1445 691 1574 759 περὶ
1639 692 1920 757 Ἀκάκιον,

336 770 672 841 ἀποκρύψας
695 771 772 836 ὠς
802 772 886 844 εῐη
915 773 1186 845 δόγματος
1220 779 1607 851 ύπατόρευσις,
1639 782 1798 837 τοῦτο
1823 785 1924 855 μὲν

335 861 646 930 λεληθότως
671 903 686 924 ,
739 863 898 918 τοῦτο
938 865 994 918 δὲ
1031 869 1125 920 καὶ
1174 871 1425 942 φανερῶς
1454 873 1764 943 μαχομένου
1813 877 1924 939 τοῖς

338 951 727 1020 προλαϐοῦσιν.
767 953 856 1018 Ὠς
886 955 944 1009 δὲ
971 959 1020 1011 οἱ
1049 960 1316 1030 παρόντες
1356 961 1638 1032 ἡσύχασαν
1663 1003 1678 1027 ,
1719 963 1846 1018 ἄλλο
1869 982 1922 1018 τι

340 1043 544 1112 μᾶλλον
572 1044 604 1115 ἢ
638 1045 877 1111 πίστεως
909 1047 1120 1103 ἔκδοσιν
1149 1051 1424 1123 περιέχειν
1450 1053 1512 1106 τὸ
1541 1054 1743 1124 βιϐλίον
1769 1056 1922 1126 νομί-

339 1151 558 1197 σαντες,
596 1135 899 1204 τηνικαῦτα
946 1139 1042 1194 καὶ
1085 1141 1338 1195 Ἀκακίου
1369 1143 1470 1214 τῆς
1519 1144 1753 1209 πίστεως
1793 1146 1918 1199 σύν-

338 1243 531 1296 τάγμα
554 1228 650 1280 σὺν
681 1227 758 1298 τῷ
792 1229 1064 1302 προοιμίῳ
1104 1233 1437 1306 ἀνεγνώσθη,
1469 1235 1656 1290 τοῦτον
1683 1237 1805 1307 ἔχον
1833 1238 1923 1292 τὸν

339 1319 566 1380 τρόπον·
609 1319 802 1390 Ἡμεῖς
831 1322 1176 1388 συνελθόντες
1201 1325 1258 1378 ἐν
1283 1325 1574 1398 Σελευκείᾳ
1605 1329 1703 1398 τῆς
1751 1326 1923 1383 Ἰσαυ-

343 1409 470 1480 ρίας
508 1411 648 1464 κατὰ
685 1411 748 1464 τὸ
785 1411 1065 1482 βασιλικὸν
1102 1414 1385 1488 βούλημα,
1424 1421 1492 1490 τῇ
1544 1419 1672 1490 χθὲς
1695 1420 1880 1492 ἡμέρᾳ
1905 1462 1919 1487 ,

340 1502 468 1570 ἥτις
497 1497 573 1572 ἦν
611 1503 721 1573 πρὸ
771 1503 933 1557 πέντε
980 1505 1269 1559 Καλανδῶν
1315 1508 1660 1581 Ὀκτωϐρίων
1680 1551 1695 1574 ,
1743 1513 1922 1581 πᾶσαν

344 1593 583 1664 σπουδὴν
611 1594 848 1664 ἐθέμεθα
869 1636 884 1660 ,
920 1595 1056 1665 μετὰ
1083 1597 1262 1668 πάσης
1293 1575 1545 1667 εὐταξίας
1572 1601 1670 1672 τὴν
1697 1575 1922 1674 είρήνην

340 1687 407 1754 τῇ
445 1683 742 1754 Ἐκκλησία
767 1683 1021 1753 φυλάξαι,
1045 1685 1139 1739 καὶ
1157 1687 1392 1758 περὶτῆς
1407 1689 1924 1755 πίστεωςεύσταθῶς

338 1772 618 1826 διαλαϐεῖν
637 1813 652 1834 ,
683 1773 760 1836 ὡς
794 1774 1128 1844 προσέταξεν
1157 1779 1186 1830 6
1217 1776 1631 1848 θεοφιλέστατος
1667 1779 1922 1850 βασιλεὺς
1955 1762 1996 1816 Β

342 1863 504 1935 ήμῶν
533 1863 939 1930 Κωνστάντιος,
973 1867 1114 1921 κατὰ
1140 1868 1238 1933 τὰς
1269 1870 1614 1942 προφητικάς
1640 1871 1733 1924 καὶ
1759 1871 1922 1941 εύαγ-

341 1951 574 2020 γελικὰς
601 1954 785 2024 φωνὰς
809 1995 823 2020 ,
861 1958 955 2010 καὶ⁸
1001 1959 1168 2029 μηδὲν
1200 1961 1352 2032 παρὰ
1377 1961 1476 2025 τὰς
1510 1962 1661 2026 θείας
1697 1962 1922 2034 ι’ραφὰς

291 2080 308 2096 .
339 2043 656 2112 ιισενέγκαι
672 2048 733 2117 τῇ
763 2047 1217 2122 Ἐκκλησιαστικῇ
1241 2051 1444 2106 πίστει.
1462 2053 1679 2126 Ἐπειδὴ
1697 2053 1753 2107 δέ
1771 2071 1918 2119 τινες

340 2136 405 2187 ἐν
438 2137 505 2206 τῇ
541 2137 767 2205 συνόδῳ,
815 2139 944 2204 τοὺς
976 2140 1075 2211 μὲν
1099 2142 1255 2213 ήμῶν
1287 2141 1537 2216 ὕϐρισαν,
1572 2145 1696 2210 τοὺς
1722 2146 1778 2199 δὲ
1821 2147 1921 2199 ἐπ-

337 2225 658 2297 εστόμισαν,
681 2229 739 2281 ού
760 2231 1166 2303 συγχωροῦντες
1188 2233 1368 2290 λαλεῖν
1387 2253 1402 2268 °
1434 2237 1558 2301 τοὺς
1585 2237 1642 2290 δὲ
1669 2237 1920 2292 ἀπέκλει-

340 2334 443 2371 σαν
464 2319 694 2384 ἄκοντας
717 2335 731 2349 ·
753 2322 848 2375 καὶ
881 2323 1010 2387 τοὺς
1038 2324 1455 2397 καθῃρημένους
1485 2328 1541 2382 δὲ
1566 2329 1630 2381 ἐκ
1650 2328 1918 2399 διαφόρων

341 2408 626 2479 ἐπαρχιῶν
663 2405 809 2481 εἶχον
847 2411 966 2483 μεθ’
997 2413 1235 2469 ἑαυτῶνο
1261 2415 1356 2469 καὶ
1385 2417 1512 2480 τοὺς
1545 2417 1697 2489 παρὰ
1723 2417 1920 2473 κανόνα

339 2501 721 2566 καταστάντας
744 2497 879 2574 ἦγον
920 2504 1039 2575 μεθ’
1067 2505 1272 2560 ἑαυτῶν
1294 2525 1306 2538 ·
1341 2507 1418 2572 ῶς
1447 2509 1785 2579 πανταχόθεν
1831 2509 1918 2563 θο-

343 2591 509 2662 ρύϐου
526 2591 709 2664 πλήρη
732 2595 988 2663 γενέσθαι
1006 2597 1105 2668 τὴν
1135 2597 1372 2665 σύνοδον,
1402 2598 1584 2663 καθὼς
1611 2600 1705 2653 καὶ
1727 2599 1756 2652 6
1775 2599 1914 2670 λαμ-

341 2681 612 2752 πρότατος
644 2683 946 2754 ἡγούμενος
972 2686 1071 2758 τῆς
1112 2687 1383 2758 ἐπαρχίας
1421 2679 1723 2760 ’Λαυρίκιος
1767 2687 1879 2760 (68)
1901 2729 1916 2754 ,

341 2774 438 2826 καὶ
472 2775 502 2826 6
527 2775 912 2848 λαμπρότατος
937 2779 1112 2850 κόμης
1143 2782 1362 2845 Λεωνᾶς
1405 2781 1640 2854 αύτοψίᾳ
1675 2783 1916 2854 παρέλα·

340 2866 455 2933 ϐον,
482 2867 674 2921 τούτου
708 2869 894 2924 ἕνεκεν
925 2870 1281 2943 διαλαλούμεν
1314 2873 1508 2926 ταῦτα’
1557 2873 1645 2936 Ὠς
1691 2876 1751 2928 ού
1783 2872 1917 2944 φεύ-

342 2979 516 3033 γομεν
549 2969 574 2998 ⁸
614 2963 716 3033 τὴν
757 2963 1073 3018 ἐκτεθεῖσαν
1111 2966 1434 3038 αύθεντικὴν
1477 2966 1659 3023 πίστιν
1704 2970 1762 3022 ἐν
1808 2970 1920 3032 τοῖς

341 3057 642 3126 ἐγκαινίοις
670 3059 784 3121 τοῖς
816 3056 958 3111 κατὰ
981 3057 1080 3128 τὴν
1118 3057 1468 3128 ’Δντιόχειαν,
1497 3059 1922 3131 προκομίζοντες
1949 3091 1994 3154 c

344 3150 539 3221 αὐτὴν,
568 3149 727 3203 είκαὶ
747 3149 1058 3219 ταμάλιστα
1086 3150 1134 3203 οἱ
1165 3150 1401 3221 πατέρες
1420 3150 1577 3221 ἡμῶν
1599 3151 1719 3204 κατ’
1748 3153 1924 3204 ἐκεῖνο

341 3242 438 3295 τοῦ
487 3241 680 3313 καιροῦ
711 3241 848 3311 πρὸς
877 3239 938 3293 τδ
968 3240 1322 3310 ὑποκείμενον
1346 3243 1446 3312 τῆς
1479 3241 1759 3312 ζητήσεως
1793 3258 1922 3296 συν-

346 3335 608 3407 ἔδραμον.
648 3333 802 3388 Ἐπεὶ
841 3333 900 3386 δὲ
937 3331 1164 3397 πολλοὺς
1192 3332 1522 3405 ἐθορύϐησεν
1552 3333 1616 3386 τὸ
1641 3332 1926 3404 ὁμοούσιον

344 3428 440 3478 καὶ
471 3425 536 3479 τὸ
564 3423 875 3498 όμοιούσιον
918 3424 977 3477 ἐν
1006 3426 1120 3488 τοῖς
1153 3424 1484 3496 παρελθοῦσι
1527 3425 1742 3498 χρόνοις
1761 3464 1777 3489 ,
1829 3425 1927 3480 καὶ

347 3517 514 3588 μέχρι
537 3495 663 3569 νύνσ
692 3514 830 3569 ἀλλὰ
869 3513 966 3569 καὶ
989 3514 1192 3586 ἀρτίως
1221 3495 1437 3584 λέγεται
1479 3495 1917 3586 καινοτομεῐσθαι

345 3607 453 3661 ὑπό
477 3625 642 3661 τινων
665 3606 727 3660 τὸ
755 3605 1006 3677 ἀνόμοιον
1030 3605 1125 3660 τοῦ
1147 3607 1278 3660 Υἱοῦ
1301 3606 1437 3679 πρὸς
1463 3606 1705 3677 Πατέρα’
1727 3606 1916 3662 τούτου

343 3697 509 3768 χάριν
523 3696 586 3750 τὸ
616 3696 714 3767 μὲν
738 3696 1022 3767 ὀμοούσιον
1045 3696 1140 3750 καὶ
1163 3699 1224 3751 τδ
1238 3696 1542 3769 ὁμοιούσιον
1563 3696 1919 3770 ἐκϐάλλομεν,

342 3791 419 3851 ὡς
453 3790 738 3862 ἀλλότριον
775 3789 882 3844 τῶν
908 3790 1158 3863 Γραφῶν,
1196 3792 1258 3846 τὸ
1293 3792 1350 3846 δὲ
1374 3793 1626 3864 ἀνόμοιον
1650 3792 1922 3864 ἀναθεμαο

343 3882 572 3952 τίζομεν
597 3899 611 3912 ·
643 3884 739 3934 mi.
763 3882 970 3947 πάντας
1001 3883 1113 3938 ὅσοι
1145 3883 1376 3938 τοιοῦτοι
1407 3884 1792 3954 τυγχάνουσιν,
1827 3885 1922 3938 ἀλ-

344 3975 594 4046 λοτρίους
620 3975 900 4046 ἡγούμεθα
926 3976 1024 4048 τῆς
1059 3975 1404 4047 Ἐκκλησίας.
1435 3976 1510 4030 Τὸ
1532 3976 1589 4030 δὲ
1611 3976 1797 4048 ὅμοιον
1823 3974 1919 4030 τοῦ

346 4065 480 4120 Υίοῦ
525 4065 666 4137 πρὸς
697 4065 790 4121 τὸν
832 4065 1051 4139 Πατέρα
1084 4066 1272 4137 σαφῶς
1299 4066 1666 4140 ὁμολογοῦμεν
1699 4066 1748 4134 ί,
1777 4065 1921 4122 κατὰ

2023 518 2112 586 qui
2145 519 2252 587 jam
2291 527 2448 571 antea
2474 518 2728 586 depositi,
2757 525 2873 570 tum
2917 518 3039 572 illos
3081 520 3176 588 qui
3208 521 3264 574 in
3299 524 3590 591 praesentia

2024 609 2263 662 accusati
2309 618 2484 663 erant.
2532 609 2660 662 Post
2711 609 2940 662 multam
2988 610 3135 663 ultro
3178 611 3424 681 citroque
3457 629 3591 668 con-

2023 701 2493 766 tentionem,-cum
2518 701 2633 756 haec
2665 701 2936 755 sententia
2955 701 3171 756 tandem
3200 705 3591 772 prtevaluisset,

2022 790 2062 848 ii
2084 791 2178 860 qui
2213 791 2266 845 in
2299 791 2508 846 crimen
2540 791 2718 846 vocati
2751 792 2987 857 fuerant,
3025 795 3383 864 egressi'sunt
3413 812 3425 848 :
3452 796 3591 850 Aca-

2023 881 2163 936 ciani
2198 897 2328 936 vero
2361 882 2643 936 introiere.
2673 882 2812 937 Tum
2854 884 3066 939 Leonas
3107 885 3360 939 libellum
3389 885 3490 938 sibi
3525 886 3594 939 ab

2021 971 2218 1026 Acacio
2263 971 2524 1027 traditum
2568 989 2689 1030 esse
2733 973 2912 1028 dixit:
2946 975 3299 1031 dissimulans
3351 977 3592 1041 interim,

2022 1062 2168 1131 quod
2217 1072 2361 1118 esset
2405 1065 2675 1134 expositio
2725 1065 2887 1131 ﬁdei,
2952 1083 3100 1122 nunc
3151 1068 3397 1132 occulte,
3449 1085 3596 1123 nunc

2022 1163 2208 1224 aperte
2233 1156 2608 1225 superioribus
2639 1159 3010 1227 repugnantis.
3041 1158 3180 1212 Cum
3204 1159 3483 1212 silentium
3512 1160 3593 1213 fe-

2023 1247 2225 1302 cissent
2266 1247 2321 1302 hi
2361 1247 2456 1317 qui
2503 1248 2752 1315 aderant,
2798 1250 3018 1319 quidvis
3059 1250 3244 1319 potius
3269 1267 3433 1320 quam
3469 1251 3593 1305 fidei

2024 1337 2312 1394 formulam
2355 1355 2421 1395 eo
2454 1341 2641 1395 libello
2673 1341 2944 1396 contineri
2997 1342 3374 1397 existimantes
3398 1382 3413 1405 ,
3465 1349 3596 1397 tunc

2024 1429 2288 1484 recitatus
2325 1439 2410 1485 est
2457 1431 2640 1486 Acacii
2684 1430 2823 1487 liber
2865 1431 2934 1485 de
2967 1431 3070 1485 fide
3119 1448 3242 1486 cum
3296 1433 3592 1502 prooemio,

2023 1521 2117 1592 qui
2169 1522 2248 1576 sic
2292 1522 2459 1576 habet
2493 1541 2504 1576 :
2540 1523 2651 1577 Nos
2686 1523 2908 1593 quidem
2941 1539 3064 1577 cum
3109 1523 3252 1593 apud
3286 1524 3596 1579 Seleuciam

2021 1611 2243 1670 Isauriae
2290 1628 2359 1668 ex
2412 1614 2756 1684 imperatoris
2807 1614 3064 1668 mandato
3114 1616 3592 1679 convenissemus,

2025 1703 2284 1759 hesterno
2316 1703 2426 1769 die,
2454 1705 2560 1759 hoc
2584 1713 2686 1768 est,
2713 1712 2839 1759 ante
2864 1704 3008 1758 diem
3044 1704 3297 1773 quintum
3327 1705 3595 1759 Kalendas

2023 1792 2306 1859 Octobres,
2354 1795 2502 1849 omni
2551 1795 2735 1849 studio
2778 1795 3169 1859 laboravimus,
3197 1803 3256 1849 ut
3287 1811 3411 1850 cum
3443 1795 3592 1851 om'ni

2022 1884 2289 1940 modestia
2310 1901 2413 1954 pax
2432 1885 2693 1942 Ecclesia:
2718 1894 3052 1950 servaretur,
3075 1894 3131 1940 et
3161 1886 3229 1940 de
3258 1885 3362 1940 fide
3384 1887 3594 1956 placida.

2026 1983 2352 2029 tractaretur
2377 1975 2533 2045 juxta
2564 1975 2913 2045 propheticas
2938 1986 2994 2031 et
3034 1977 3378 2046 evangelicas
3410 1992 3591 2038 voces,

2021 2065 2478 2136 quemadmodum
2511 2066 2622 2120 Deo
2663 2066 3020 2121 charissimus
3066 2066 3364 2136 imperator
3410 2076 3596 2121 noster

2020 2155 2375 2212 Constantius
2397 2157 2658 2227 praecepit
2685 2175 2697 2210 :
2731 2141 2834 2212 nec
2860 2159 3160 2228 quidquam
3191 2167 3393 2228 przeter
3417 2173 3598 2212 sacras
3661 2201 3673 2218 χ

2021 2246 2334 2317 Scripturas
2358 2247 2414 2300 in
2445 2247 2871 2303 ecclesiasticam
2895 2247 3056 2302 ﬁdem
3091 2248 3462 2304 induceretur.
3489 2248 3594 2303 Sed

2021 2339 2279 2408 quoniam
2308 2339 2362 2392 in
2389 2339 2620 2394 concilio
2643 2339 2892 2394 nonnulli
2919 2340 3058 2395 alios
3077 2357 3144 2396 ex
3165 2341 3368 2395 nostris
3400 2339 3600 2412 injuria

2021 2429 2345 2494 affecerunt,
2377 2429 2502 2484 aliis
2533 2445 2596 2485 os
2626 2430 2973 2496 obturarunt,
3014 2440 3209 2503 negata
3233 2433 3314 2487 eis
3338 2431 3596 2502 loquendi

2021 2521 2296 2586 libertate,
2326 2521 2463 2576 alios
2499 2521 2698 2575 invitos
2729 2522 3083 2576 excluserunt
3113 2540 3125 2575 :
3164 2538 3288 2576 cum
3335 2531 3517 2576 tamen
3543 2533 3625 2574 et.

2021 2611 2287 2681 quosdam
2309 2612 2402 2681 qui
2428 2611 2662 2680 depositi
2685 2611 2903 2665 fuerant
2925 2626 3111 2665 secum
3128 2611 3414 2674 baberent,
3435 2627 3618 2680 quos-—

2021 2701 2146 2757 dam
2178 2710 2376 2772 praeter
2415 2701 2672 2756 Ecclesiae
2709 2702 2955 2772 regulam
2991 2702 3274 2757 ordinatos
3308 2717 3375 2755 ex
3410 2702 3598 2755 diver-

2022 2794 2098 2848 sis
2115 2793 2411 2863 provinciis
2427 2808 2611 2848 secum
2635 2793 2990 2848 adduxissent
3018 2811 3030 2846 :
3058 2793 3195 2847 adeo
3219 2800 3279 2846 ut
3304 2793 3598 2847 concilium

2023 2883 2264 2954 undique
2287 2883 2656 2953 compleretur
2681 2884 2941 2948 tumultu,
2977 2884 3118 2939 sicut
3145 2883 3230 2937 vir
3258 2884 3601 2938 clarissimus

2027 2975 2183 3046 152
2207 2976 2502 3047 provincia:
2528 2991 2726 3047 praeses
2748 2975 3057 3040 Lauricius,
3081 2985 3136 3030 et
3158 2976 3242 3029 vir
3264 2975 3609 3030 clarissimus

2024 3079 2207 3120 comes
2238 3064 2448 3120 Leonas
2498 3065 2600 3134 ipsi
2649 3063 2764 3119 suis
2809 3063 2987 3119 oculis
3028 3063 3284 3118 viderunt
3318 3063 3429 3119 :ob
3480 3078 3599 3117 eam

2024 3170 2244 3210 causam
2276 3157 2391 3212 haec
2422 3156 2878 3225 interloquimur:
2903 3155 3012 3210 Nos
3035 3170 3143 3209 non
3175 3154 3470 3225 refugimus
3501 3171 3602 3209 au-

2025 3247 2326 3324 thenticam
2360 3247 2522 3302 fidem
2565 3263 2686 3318 qua:
2712 3247 3019 3302 Antiochia:
3070 3247 3125 3301 in
3173 3247 3431 3302 encmniis
3473 3263 3600 3316 pro-

2023 3325 2262 3411 mulgata
2298 3346 2413 3405 est,
2457 3354 2577 3394 eam
2615 3339 2804 3408 utique
2837 3338 3202 3408 proferentes,
3259 3338 3387 3392 licet
3419 3346 3604 3407 patres

2022 3429 2196 3484 nostri
2219 3428 2287 3483 ad
2311 3429 2652 3499 pr0positum
2674 3427 2741 3482 de
2757 3443 2866 3498 quo
2889 3437 3005 3482 tum
3027 3427 3374 3499 quaerebatur
3399 3443 3599 3481 convc-

2022 3521 2223 3576 nerint.
2247 3519 2519 3577 Caaterum
2543 3519 2987 3590 quandoquidem
3013 3519 3097 3574 hze
3124 3534 3290 3574 voces
3319 3518 3601 3588 ὁμοούσιον

2032 3620 2087 3667 et
2109 3610 2414 3682 ὁμοιούσιον
2437 3611 2642 3666 multos
2658 3611 3040 3681 superioribus
3063 3609 3401 3680 temporibus
3416 3609 3603 3664 turba-

2024 3710 2172 3769 runt,
2192 3710 2357 3772 atque
2380 3702 2684 3758 etiamnum
2709 3702 2932 3756 turbant
2951 3719 2964 3754 :
2983 3716 3048 3756 ac
3070 3709 3334 3771 prattcrea
3359 3715 3537 3769 nuper
3568 3718 3597 3753 ιι

2020 3793 2361 3867 quibusdam
2388 3795 2666 3850 invectum
2689 3810 2810 3850 esse
2833 3793 3036 3848 dicitur
3051 3793 3114 3847 τὺ
3147 3793 3420 3863 ἀνόμοιον,
3442 3792 3495 3846 id
3512 3802 3600 3846 est

2020 3886 2410 3946 dissimilitudo
2434 3885 2558 3942 Filii
2582 3901 2614 3941 a
2642 3887 2801 3942 Patre
2838 3904 2851 3939 :
2884 3884 3090 3941 idcirco
3121 3883 3444 3939 homousion
3477 3885 3602 3952 qui-

2019 3979 2145 4035 dem
2168 3987 2225 4034 et
2250 3978 2616 4044 hommusion,
2637 3985 2894 4048 tanquam
2924 3991 3093 4032 voces
3114 3991 3146 4030 a
3169 3975 3341 4032 sacris
3374 3974 3604 4028 Litteris

2019 4067 2224 4122 alienas
2247 4067 2528 4138 rejicimus
2546 4084 2560 4120 :
2579 4081 2870 4138 anommon
2887 4071 3071 4120 autem
3085 4062 3431 4116 anathemate
3451 4059 3602 4118 dam-

1555 4222 1819 4279 VALESII
1857 4221 2406 4280 ANNOTATIONES.

418 4333 537 4406 (68)
586 4312 1098 4406 ’ἀκούμενος-τῆς
1133 4335 1421 4404 ἐπαρχίας
1447 4337 1786 4406 Λαυρίκιος.
1826 4337 1924 4394 IIic

2028 4339 2154 4394 nius
2217 4335 2644 4406 Scholasticus,
2675 4333 2786 4406 nisi
2816 4331 2962 4406 quod
3016 4331 3268 4406 Leonam
3336 4328 3605 4399 prteponit

344 4401 583 4487 locus’in
805 4404 1203 4487 Leonisﬁllatii
1225 4401 1438 4487 auctior
1463 4401 1792 4487 legitur-hoc
1811 4423 1928 4487 mo-
1964 4401 1975 4402 ί
2033 4407 2310 4487 Laur-icio,
2347 4407 2556 4487 rectius
2596 4405 2721 4487 _sine
2756 4401 2973 4487 dub'io._
3002 4401 3177 4482 Atque
3218 4401 3604 4487 prorsus

347 4476 420 4530 do
438 4518 454 4539 ,
477 4472 670 4548 καθὼς
685 4473 778 4548 καί
811 4473 1186 4548 λαμπρότατος
1215 4472 1632 4548 ἡγούμενοςὲἧς
1659 4477 1926 4548 ἐπαρχίας

347 4543 668 4669 Amabam,
697 4543 790 4596 καὶ
818 4545 848 4596 6
883 4543 1262 4616 λαμπρότατος
1311 4543 1488 4616 κόμης
1540 4543 1926 4618 Δεωνᾶς’παρ-

347 4615 440 4669 Da
511 4629 541 4667 ν
583 4613 832 4669 amca.
865 4613 1036 4669 Ouam
1059 4615 1348 4669 lectionem
1377 4614 1664 4669 confirmat
1684 4616 1924 4669 Eninha-

344 4613 541 4670 ἔλαϐον
583 4613 832 4683 αὐτοψία.
865 4613 1348 4680 ρυέιιιιίεοιίοιιεω
1377 4613 1664 4670 confirmat
1684 4613 1924 4688 Epipha-

2033 4477 2233 4547 legitur
2270 4476 2429 4554 apud
2455 4475 2821 4554 Epiphanium
2865 4474 2919 4554 in
2961 4470 3167 4554 haeresi.
3209 4470 3606 4554 _Sem_iariano-

2032 4541 2176 4672 'ru'rp,
2214 4541 2335 4617 cap.
2362 4546 2453 4613 25,
2495 4541 2591 4602 ubi
2623 4546 2739 4602 hinc
2782 4543 3053 4617 professio
3097 4541 3224 4598 fidei
3269 4542 3482 4610 integra
3510 4553 3598 4590 re-

2053 4633 2114 4672 er
2144 4633 2228 4671 ur.

1788 4773 2174 4830 VARIORUM.

344 4902 588 4960 σξηαυβ
609 4905 633 4960 ε,
664 4902 806 4958 quos
832 4889 1054 4958 quidem
1098 4905 1129 4943 a
1166 4887 1374 4960 synodo
1397 4886 1720 4960 ASardicen‘si
1747 4886 1918 4956 depo-

343 4950 484 5016 sitas
528 4950 786 5028 legimus,
841 4950 951 5013 non
997 4950 1212 5014 autem'
1244 4959 1314 5013 ab
1363 4958 1548 5028 aliquo
1590 4950 1920 5028 Arianorum

344 5025 649 5090 conventu,
682 5028 830 5098 quod
858 5029 1049 5083 sciam.
1082 5029 1416 5084 Athanasius
1447 5025 1630 5098 autem
1660 5025 1923 5098 Basilium

345 5096 717 5169 Ancyranum‘
735 5105 798 5169 et
833 5113 958 5152 eum
997 5115 1064 5154 eo
1101 5100 1424 5162 sentientes,
1471 5108 1532 5152 ut
1556 5097 1626 5152 ab
1653 5096 1922 5169 orthodo-

345 5170 449 5231 xis,
471 5167 674 5223 verbis
698 5168 877 5238 potius
912 5181 1068 5235 quam
1096 5185 1186 5233 re,
1218 5170 1616 5237 discrepantes,
1653 5176 1852 5238 purgat
1862 5167 1925 5238 in

346 5239 492 5360 Ebro
548 5238 626 5293 De
678 5235 904 5310 synodis
953 5239 1128 5294 Arim.
1179 5246 1238 5295 et
1290 5235 1504 5293 Seleuc.
1555 5253 1610 5308 p.
1654 5235 1791 5292 ⁷705.
1822 5235 1922 5308 _W.

391 5323 568 5360 om.

391 5323 568 5362 om.

242 5442 251 5447 _
420 5387 442 5413 '
477 5378 583 5447 ,Ὡς
612 5379 684 5432 οὐ
720 5378 1036 5446 φεύγομεν.
1075 5377 1320 5432 Habetur
1351 5377 1468 5431 haec
1502 5375 1628 5431 ﬁdei
1654 5375 1924 5446 professio

347 5446 890 5572 xapag,Epifzbanium
930 5448 1126 5502 haeresi
1159 5448 1248 5512 75,
1271 5447 1430 5512 ολδ,
1459 5453 1518 5501 et
1555 5447 1784 5518 Nicepb.
1821 5447 1920 5502 lib.

349 5530 574 5668 xxyca’g.
593 5518 897 5668 algbl‘qwr
926 5586 1032 5668 τςῦ
1068 5587 1389 5668 ζυγοῦ-ἦρός
1412 5585 1521 5668 td?
1567 5585 1796 5668 Πατέρα
1809 5600 1931 5668 Ea:

352 5655 473 5722 ςεῶς
505 5655 733 5726 ὁμαλά
775 5657 942 5725 ῦμεν.
971 5656 1032 5710 In
1077 5657 1182 5711 hoc
1208 5655 1473 5711 differunt
1507 5655 1779 5710 confessio
1804 5657 1928 5712 fidei

353 5725 405 5782 in
444 5728 657 5784 svnodo
702 5676 990 5784 girmicnsi
1045 5727 1226 5784 tertia.
1267 5743 1392 5783 ann.
1425 5727 1526 5781 557
1570 5729 1928 5784 nronmlaata.

353 5727 405 5782 in
444 5728 657 5792 synodo
702 5727 990 5784 Sirmicnsi
1045 5727 1226 5794 tertia,
1267 5743 1392 5783 ann.
1425 5727 1526 5781 557
1570 5729 1929 5799 promulgata.

2025 4885 2416 4949 Seleuciensis,
2450 4884 2518 4939 de
2538 4899 2646 4953 qua
2678 4883 2768 4936 hic
2803 4882 3004 4953 agitur,
3031 4890 3104 4953 e_t_
3139 4879 3599 4953 constantinum-

2019 4955 2186 5011 litana
2214 4955 2407 5010 eodem
2445 4950 2590 5008 anno
2638 4953 2816 5017 edita;
2844 4950 3012 5020 'quod
3053 4950 3370 5004 Sirmiensis
3400 4950 3597 5004 Filium

2020 5026 2172 5080 Patri
2211 5025 2448 5089 similem
2513 5021 2657 5076 κατὰ
2707 5023 2882 5075 πάντα
2931 5020 3414 5091 pronuntiaverit;
3475 5020 3595 5091 vid.

2021 5111 2190 5166 supra
2228 5111 2348 5165 cap.
2373 5096 2460 5166 '56.
2504 5093 2630 5148 Ilaec
2653 5090 3022 5166 Seleueiensis
3045 5091 3244 5166 Filium
3267 5090 3422 5166 Patri
3441 5090 3597 5166 simi-

2022 5160 2130 5236 lem
2173 5160 2522 5236 generalibus
2573 5163 2758 5217 verbis
2811 5161 3113 5236 secundum
3163 5160 3602 5236 Schripturashde-

2025 5229 2284 5300 finivcrit,
2311 5235 2606 5290 Anommos
2631 5242 2814 5287 tamen
2859 5231 3136 5285 damnarit
3161 5247 3173 5283 :
3209 5229 3596 5300 Constantino-

2025 5299 2276 5375 politana
2321 5305 2524 5375 eadem,
2565 5304 2634 5358 de
2688 5301 3074 5375 similitudine
3099 5299 3222 5355 Filii
3259 5316 3386 5354 cum
3417 5299 3598 5359 Patre,

2021 5371 2144 5445 quae
2192 5373 2594 5437 Seleuciensis,
2651 5373 2994 5445 afﬁrmabat;
3049 5371 3353 5445 Anomceos
3417 5376 3598 5418 tamen

2022 5439 2356 5501 anathemati
2383 5445 2607 5498 minime
2633 5443 2962 5512 subjiciebat
2992 5459 3008 5508 ;
3042 5439 3600 5512 ettam_obatavquani

2025 5500 2324 5568 ὑπόστασιν
2355 5513 2424 5569 de
2448 5515 2560 5568 Deo
2599 5500 2896 5582 [medicare
2933 5500 3169 5567 vetabat.
3208 5508 3390 5582 Porro.
3423 5500 3604 5579 qualis

2025 5593 2172 5642 esset
2193 5584 2318 5638 Filii
2371 5599 2495 5638 cum
2525 5573 2684 5637 Patre
2710 5582 3028 5654 similitudo
3049 5596 3114 5634 ex
3145 5591 3316 5654 sensu
3365 5573 3602 5654 Ariano-

2031 5672 2150 5710 rum
2210 5654 2520 5709 luculenter
2565 5653 2790 5724 exponit
2834 5651 3102 5724 Euselgiu§
3131 5641 3604 5724 ANiCl-mlediﬁllsisv

2033 5727 2246 5784 Arianzc
2301 5724 2554 5782 factionis
2597 5711 2847 5793 signifer,
2896 5723 2948 5774 in
2994 5715 3163 5784 Epist.
3202 5716 3275 5773 ad
3314 5711 3609 5772 Paulinum

3393 5827 3424 5846 δ
