4078 6210
461 342 564 398 35')

1947 340 2280 397 SOCRATIS

3619 337 3728 394 540

463 470 676 519 namus,
695 468 994 524 omnesque
1017 453 1108 524 qui
1130 454 1436 508 istiusmodi
1456 463 1602 519 sunt,
1621 464 1907 510 extraneos
1929 472 2040 512 esse

2149 455 2241 508 τὸν
2269 453 2587 507 Ἀπόστολον
2604 450 2695 506 τὸν
2722 432 3097 522 λέγονταιπερὶ
3123 447 3218 504 τοῦ
3242 448 3396 515 Υἱοῦ,
3419 451 3528 517 ’Ὃς
3555 451 3728 506 ἐστιν

461 549 529 606 ab
576 546 817 602 Ecclesia
853 560 1158 600 censemus.
1198 544 1441 600 Similem
1463 556 1648 602 autem
1672 548 1820 602 Patri
1844 548 2041 602 Filium

460 654 581 692 csse
606 638 764 706 plane
796 635 1142 700 conﬁtemur,
1175 636 1474 690 secundum
1506 637 1826 706 Apostolum
1858 639 1951 708 qui
1977 638 2044 693 de

463 728 599 783 Filio
624 728 696 780 ita
720 726 873 789 dicit,
905 725 1005 790 Qui
1037 733 1111 779 est
1145 726 1319 794 imago
1351 725 1620 779 invisibilis
1652 725 1748 780 Dei
1767 727 1833 780 ⁵⁸.
1859 727 2045 782 Conti-

463 830 644 874 temur
678 819 844 889 igitur
876 827 932 874 et
972 817 1252 872 credimus
1295 817 1353 871 in
1390 833 1561 872 unum
1605 818 1779 872 Deum
1823 818 2044 873 Patrem

462 912 916 980 omnipotentem,
953 910 1211 964 factorem
1247 909 1369 964 coeli
1413 917 1468 962 et
1515 917 1709 974 terrae,
1743 910 2046 965 visibilium

462 1012 518 1058 ct
558 1003 938 1058 invisibilium.
984 1001 1276 1060 Credimus
1311 1001 1474 1054 etiam
1510 999 1566 1053 in
1613 1001 1904 1055 Dominum
1943 1015 2045 1054 no-

463 1105 640 1150 strum
667 1097 855 1151 Jesum
877 1095 1183 1159 Christum,
1210 1093 1409 1148 Filium
1434 1094 1576 1164 ejus,
1617 1094 1735 1147 sine
1777 1093 1889 1147 ulla
1919 1107 2045 1163 pas-

462 1191 617 1244 sione
651 1198 776 1244 ante
807 1189 991 1244 omnia
1009 1189 1208 1244 saecula
1227 1204 1295 1242 ex
1315 1202 1381 1242 eo
1405 1189 1649 1258 genitum
1673 1207 1685 1240 :
1710 1189 1884 1242 Deum
1905 1189 2045 1243 Ver-

464 1282 595 1338 bum
624 1297 690 1336 cx
717 1283 829 1336 Deo
857 1281 1202 1350 unigenitum
1238 1297 1251 1333 :
1289 1280 1498 1343 lumen,
1522 1280 1714 1343 vitam,
1757 1280 2045 1335 veritatem

463 1382 627 1443 atque
671 1373 995 1442 sapientiam
1026 1391 1037 1425 :
1072 1387 1172 1441 per
1223 1387 1389 1440 quem
1423 1371 1606 1424 omnia
1645 1371 1786 1425 facta
1831 1380 1961 1425 sunt
1991 1372 2046 1426 in

464 1465 604 1520 cmlo
637 1473 694 1520 et
737 1465 791 1517 in
838 1464 1024 1528 terris,
1072 1471 1186 1516 tam
1233 1462 1472 1518 visibilia
1522 1478 1685 1534 quam
1727 1463 2042 1517 invisibilia.

464 1557 621 1612 llunc
671 1556 728 1610 in
772 1554 878 1609 ﬁne
911 1555 1238 1610 saeculorum
1278 1554 1355 1607 ad.
1390 1553 1720 1612 abolendum
1761 1562 2046 1623 peccatum

463 1664 685 1702 carnem
733 1647 1097 1717 assumpsisse
1146 1646 1424 1700 credimus
1473 1661 1540 1700 ex
1591 1652 1781 1700 sancta
1826 1645 2047 1716 Virgine

463 1736 666 1802 Maria,
725 1744 782 1791 et
815 1736 1093 1791 hominem
1133 1734 1339 1788 factum
1371 1749 1491 1790 esse
1514 1775 1530 1800 ,
1575 1749 1905 1806 passamque
1945 1752 2047 1806 pro

2144 546 2319 599 δικὼν
2342 543 2447 598 τοῦ
2478 543 2624 598 Θεοῦ
2656 542 2762 597 τοῦ
2807 541 3085 609 ἀοράτου.
3128 540 3530 611 Ὀμολογοῦμεν
3556 542 3727 596 δὲκαὶ

2145 633 2472 706 πιστεύομεν
2517 635 2597 696 είς
2645 633 2743 686 ἕνα
2782 632 2950 698 Θεὸν,
3002 630 3222 700 Πατέρα
3269 631 3722 703 παντοκράτορα·

2147 728 2384 800 ποιητὴν
2411 725 2656 798 οὐρανῶν
2686 724 2780 779 καὶ
2811 726 2937 794 γῆς,
2963 723 3177 794 ὁρατῶν
3207 722 3304 776 καὶ
3330 724 3600 793 ἀοράτων.
3625 727 3726 778 Πι-

2147 820 2409 890 στεύομεν
2429 819 2486 872 δὲ
2512 819 2700 881 καὶείς
2724 819 2816 871 τὸν
2842 816 3047 888 Κύριον
3073 815 3234 887 ἡμῶν
3263 815 3470 886 Ἰησοῦν
3492 815 3730 886 Χριστὸν

2145 915 2236 970 τὸν
2275 915 2404 967 Υίδν
2434 911 2632 977 αὐτοῦ,
2669 911 2760 966 τὸν
2807 909 2868 976 ἐξ
2893 907 3061 964 αὐτοῦ
3110 907 3448 980 γεννηθέντα
3495 910 3725 976 ἀπαθῶς

2147 1005 2254 1076 πρὸ
2284 1007 2500 1059 πάντων
2524 1003 2632 1060 τῶν
2673 1001 2906 1067 αἰώνων,
2935 1001 3070 1056 Θεὸν
3115 1000 3287 1069 Λόγον
3312 1001 3377 1052 ἐκ
3402 999 3536 1053 Θεοῦ
3571 1018 3727 1071 μονο-

2146 1095 2302 1164 γενῆ,
2333 1095 2471 1164 φῶς,
2494 1093 2662 1164 ζωὴν,
2702 1093 2985 1164 ἀλήθειαν,
3010 1093 3205 1162 σοφίαν
3223 1107 3236 1120 ·
3271 1091 3340 1145 δι’
3367 1085 3428 1146 οὗ
3456 1091 3526 1144 τὰ
3548 1092 3726 1147 πάντα

2147 1185 2384 1252 ἐγένετο,
2416 1185 2484 1238 τά
2512 1201 2571 1236 τε
2602 1186 2660 1238 ἐν
2688 1186 2801 1248 τοῖς
2829 1185 3112 1255 οὐρανοῖς,
3148 1182 3245 1236 καὶ
3289 1182 3355 1236 τὰ
3382 1183 3476 1236 ἐπὶ
3507 1183 3606 1252 τῆς
3628 1181 3728 1252 γῆς

2147 1275 2257 1328 εἴτε
2294 1275 2466 1347 ὁρατά
2499 1276 2610 1330 εἴτε
2639 1277 2865 1347 ἀόρατα.
2891 1275 3094 1330 Τοῦτον
3122 1275 3451 1344 πιστεύομεν
3473 1274 3568 1328 ἐπὶ
3600 1291 3724 1326 συν-

2147 1363 2331 1434 τελείᾳ
2357 1363 2468 1416 τῶν
2501 1364 2734 1431 αἰώνων,
2771 1367 2854 1429 εἰς
2900 1363 3160 1437 ἀθέτησιν
3211 1363 3494 1436 ἁμαρτίας
3543 1363 3725 1434 σάρκα

2148 1455 2425 1527 εἰληφέναι
2449 1456 2514 1510 ἐκ
2529 1457 2628 1526 τῆς
2651 1455 2810 1522 ἁγίας
2840 1454 3123 1525 Παρθένου
3152 1452 3366 1525 Μαρίας
3389 1469 3402 1482 ⁸
3446 1453 3541 1508 καὶ
3574 1455 3724 1506 ἐνανο

2149 1546 2518 1620 θρωπήσαντα
2544 1588 2558 1611 ,
2591 1547 2832 1601 παθόντα
2879 1546 3020 1616 ὑπὲρ
3050 1545 3160 1599 τῶν
3212 1544 3499 1616 ἁμαρτιῶν
3541 1545 3722 1614 ἡμῶν,

2149 1639 2242 1692 καὶ
2276 1637 2601 1702 ἀναστάντα,
2629 1637 2722 1690 καὶ
2755 1635 3128 1706 ἀναληφθέντα
3158 1636 3238 1698 εἰς
3263 1635 3555 1707 οὐρανοὺς,
3591 1636 3723 1690 καθ-

2149 1727 2368 1793 ἕξεσθαι
2401 1730 2459 1781 ἐν
2491 1728 2642 1799 δεξιᾷ
2685 1725 2778 1781 τοῦ
2828 1727 3040 1798 Πατρός
3060 1744 3073 1758 ·
3111 1727 3205 1781 καὶ
3235 1727 3401 1782 πάλιν
3434 1728 3726 1798 ἐρχόμενον

459 1828 700 1906 peccatis
731 1827 935 1882 nostris
970 1845 982 1879 :
1021 1825 1149 1880 dein
1187 1824 1578 1894 resurrexisse,
1610 1833 1668 1880 et
1692 1836 2038 1898 assumptum

2149 1822 2208 1874 ἐν
2235 1819 2364 1894 δόξῃ
2389 1823 2568 1892 κρῖναι
2601 1818 2811 1884 ζῶντας
2853 1819 2950 1873 καὶ
2978 1819 3226 1888 νεκρούς.
3257 1818 3596 1889 Πιστεύομεν
3631 1820 3724 1882 καὶ

461 1920 517 1975 in
549 1919 749 1974 coelum
773 1919 968 1973 sedere
996 1917 1064 1972 ad
1091 1918 1370 1974 dexteram
1394 1916 1573 1972 Patris
1600 1934 1612 1970 :
1645 1925 1809 1988 atque
1843 1919 2045 1974 iterum

458 2017 755 2066 venturum
786 2024 908 2064 esse
933 2024 1059 2064 cum
1085 2008 1259 2080 gloria
1294 2016 1357 2061 ut
1380 2007 1536 2062 vivos
1559 2007 1770 2079 judicct
1798 2024 1861 2064 ac
1896 2027 2047 2066 mor-

463 2105 606 2152 tuos.
635 2096 926 2152 Credimus
968 2096 1135 2150 etiam
1172 2095 1228 2149 in
1265 2092 1531 2164 Spiritum
1571 2105 1841 2160 sanctum,
1883 2113 2047 2170 quem

461 2194 520 2242 et
535 2188 876 2243 Paracletum
900 2187 1116 2242 vocavit
1149 2185 1408 2243 Servator
1442 2199 1505 2238 ac
1532 2185 1798 2242 Dominus
1830 2197 2044 2254 noster,

457 2278 735 2349 pollicitus
749 2294 807 2334 se
831 2279 983 2333 illum
1001 2276 1290 2349 discipulis
1303 2280 1417 2336 suis
1432 2276 1730 2333 missurum
1741 2294 1862 2335 esse
1883 2281 2046 2350 paulo

456 2369 898 2437 postdiscessum
927 2384 1086 2424 suum
1115 2387 1126 2424 :
1157 2385 1319 2442 quem
1347 2372 1514 2427 etiam
1537 2370 1688 2426 misit
1713 2389 1726 2423 :
1760 2386 1858 2440 per
1882 2387 2046 2442 quem

456 2461 764 2517 sanctiﬁcat
790 2471 1019 2518 etmctos
1043 2463 1331 2519 credentes
1357 2464 1412 2520 in
1438 2464 1700 2528 Ecclesia,
1722 2473 1779 2519 et
1805 2463 2047 2536 baptizav

456 2559 541 2604 tos
565 2549 621 2605 in
646 2552 871 2606 nomine
892 2551 1090 2616 Patris,
1111 2559 1166 2606 et
1197 2551 1340 2616 Filii,
1363 2561 1419 2608 et
1443 2552 1684 2623 Spiritus
1714 2553 1909 2607 sancti.
1938 2551 2047 2610 Eos

454 2647 636 2694 autem
661 2640 756 2709 qui
773 2649 972 2710 praeter
995 2640 1151 2698 istam
1177 2639 1340 2696 ﬁdem
1366 2641 1516 2696 aliud
1546 2640 1827 2712 quidpiam
1851 2642 2048 2718 praedi—

454 2737 602 2792 cant,
625 2728 694 2784 ab
708 2726 954 2786 Ecclesia
977 2728 1250 2784 catholica
1268 2728 1478 2784 alienos
1491 2743 1802 2786 censemus.
1820 2727 1946 2786 Htec
1962 2735 2048 2783 est

457 2819 614 2892 153
633 2820 868 2876 formula
889 2821 1015 2876 ﬁdei
1039 2821 1108 2876 ab
1132 2820 1332 2878 Acacio
1355 2821 1520 2878 edita.
1541 2819 1644 2876 Cui
1665 2819 2046 2892 subscripsere

454 2901 567 2968 tum
587 2914 821 2972 Aeacius
839 2913 956 2986 ipse
977 2953 992 2978 ,
1008 2920 1124 2968 tum
1140 2913 1259 2982 ejus
1271 2912 1537 2976 fautores,
1564 2911 1794 2970 totidem
1813 2928 2046 2970 numero

455 3011 590 3074 quot
634 3004 890 3073 superius
930 3003 1380 3062 commemoravi.
1415 3001 1553 3057 Cum
1592 3013 1776 3058 autem
1817 3003 2045 3060 recitata

451 3104 618 3159 esset,
649 3094 992 3169 Sophronias
1033 3095 1486 3166 Pompeiopoleos
1517 3095 1899 3166 Paphlagoniae
1931 3096 2046 3166 cpi.-

454 3202 657 3258 scopus
676 3186 1032 3258 proclamavit
1057 3186 1145 3242 his
1168 3186 1394 3241 omnino
1424 3185 1608 3241 verbis
1636 3204 1647 3238 :
1677 3186 1733 3242 Si
1761 3187 2040 3260 propriam

451 3278 701 3348 quotidie
755 3277 1087 3334 sententiam
1139 3292 1438 3347 exponere,
1489 3276 1544 3330 id
1593 3276 1721 3332 ﬁdei
1769 3278 2039 3350 expositio

451 3379 558 3434 cst,
594 3371 856 3426 destituet
901 3385 1002 3424 nos
1044 3369 1230 3442 regula
1276 3370 1544 3430 veritatis.
1589 3371 1658 3426 Et
1696 3369 2040 3440 Sophronius

452 3462 673 3532 quidem
709 3471 841 3516 tunc
874 3462 974 3518 ista
999 3461 1136 3516 dixit
1165 3479 1176 3514 :
1209 3460 1322 3532 Ego
1348 3478 1480 3516 vero
1505 3461 1736 3529 aﬂirmo,
1767 3462 1813 3519 si
1841 3463 1910 3518 ab
1936 3463 2041 3520 ini-v

454 3553 529 3608 tio
571 3551 638 3607 de
687 3551 904 3608 Nicznna
959 3551 1063 3608 ﬁde
1099 3552 1173 3607 ita
1205 3551 1504 3611 sensissent
1536 3561 1650 3608 tum
1693 3554 1732 3608 ii
1769 3555 1864 3628 qui
1899 3563 2029 3610 ante

451 3643 586 3699 istos
614 3643 895 3708 vixerant,
925 3652 1040 3702 tum
1072 3645 1166 3716 qui
1201 3643 1325 3704 illos
1353 3645 1633 3704 subsecuti
1667 3654 1816 3712 sunt,
1851 3661 2035 3701 cessa-

451 3750 629 3796 turam
666 3739 834 3796 fuisse
859 3741 1219 3811 quaestionem
1251 3758 1469 3798 omnem
1506 3753 1562 3798 et
1600 3745 2033 3817 contentionem,

2149 1917 2230 1978 εἰς
2261 1912 2324 1965 τὸ
2355 1913 2508 1981 ἅγιον
2536 1911 2782 1982 Πνεῦμα,
2809 1912 2838 1964 ὃ
2871 1911 2966 1965 καὶ
3000 1910 3363 1980 Παράκλητον
3391 1911 3672 1982 ὠνόμασεν
3699 1913 3730 1965 ό

2154 2003 2346 2078 Σωτὴρ
2393 2006 2422 2058 ό
2476 2003 2681 2075 Κύριος
2729 2001 2924 2073 ἡμῶν,
2970 2003 3440 2072 ἐπαγγειλάμενος
3486 2002 3624 2074 μετὰ
3666 2004 3729 2056 τὸ

2147 2098 2410 2158 ἀπελθεῖν
2434 2098 2620 2161 αὐτὸν,
2663 2097 2877 2167 πέμψαι
2905 2095 3065 2154 τοῦτο
3088 2099 3200 2161 τοῖς
3225 2098 3530 2168 μαθηταῖς,
3567 2099 3595 2152 ὃ
3631 2100 3730 2156 καὶ

2147 2186 2436 2242 ἀπέστειλε
2459 2202 2473 2216 ³
2505 2186 2571 2240 δι’
2605 2181 2666 2241 οὗ
2693 2187 2786 2241 καὶ
2817 2185 3031 2254 ἁγιάζει
3056 2187 3180 2249 τοὺς
3213 2187 3271 2240 ἐν
3316 2189 3383 2256 τῇ
3431 2186 3727 2258 Ἐκκλησίᾳ

2150 2279 2526 2343 πιστεύοντας,
2563 2279 2657 2334 καὶ
2685 2278 3119 2350 βαπτιζομένους
3149 2279 3207 2330 ἐν
3236 2277 3462 2349 ὀνόματι
3487 2279 3582 2331 τοῦ
3616 2281 3726 2332 Παο

2147 2371 2272 2441 τρδς
2306 2371 2402 2424 καὶ
2425 2369 2518 2424 τοῦ
2551 2369 2682 2425 Υίοῦ
2707 2371 2799 2424 καὶ
2829 2370 2926 2425 τοῦ
2956 2369 3113 2440 ἁγίου
3139 2368 3478 2439 Πνεύματος.
3507 2369 3647 2433 Τοὺς
3671 2371 3727 2425 δέ

2147 2462 2298 2533 παρὰ
2330 2461 2532 2533 ταύτην
2557 2462 2657 2532 τὴν
2689 2461 2874 2518 πίστιν
2901 2461 3028 2518 ἄλλο
3047 2478 3102 2514 τι
3142 2459 3543 2532 κηρύττοντας,
3568 2461 3729 2515 ἀλλο-

2148 2554 2330 2626 τρίους
2360 2549 2499 2608 εἶναι
2539 2553 2638 2624 τῆς
2679 2553 2974 2625 καθολικῆς
3019 2553 3347 2624 Ἐκκλησίας
3391 2551 3528 2625 (69).
3575 2553 3730 2625 Δῦτη

2101 2643 2103 2645 ’
2151 2643 2250 2713 μὲν
2294 2645 2328 2714 ἡ
2385 2642 2688 2709 Ἀκακίου,
2738 2643 2870 2715 περὶ
2917 2643 3018 2715 τῆς
3058 2643 3226 2698 αὐτοῦ
3276 2643 3514 2708 πίστεως
3569 2644 3722 2698 ἐκδο-

2151 2751 2236 2799 σις
2259 2752 2273 2768 ·
2314 2730 2456 2807 ἦσαν
2490 2735 2548 2792 δὲ
2585 2734 2723 2806 αὐτῇ
2759 2735 3307 2808 καθυπογράψαντες,
3353 2735 3514 2798 αὐτὸς
3560 2737 3725 2790 Ἀκάο

2147 2844 2263 2890 κιος
2286 2827 2382 2881 καὶ
2417 2829 2467 2880 οἱ
2508 2825 2578 2881 τὰ
2602 2826 2770 2881 αὐτοῦ
2798 2827 3143 2900 φρονοῦντες,
3170 2826 3413 2882 τοσοῦτοι
3444 2827 3598 2890 ὄντες
3628 2829 3720 2882 τὸν

2146 2918 2395 2989 ἀριθμὸν,
2442 2921 2564 2974 ὅσον
2609 2920 2804 2989 μικρὸν
2852 2919 3163 2991 ἔμπροσθεν
3205 2919 3718 2991 ἐμνημονεύσαμεν.

2160 3010 2625 3082 ’Λναγνωσθείσης
2651 3011 2710 3064 δὲ
2741 3011 2914 3083 αὐτῆς
2937 3052 2951 3079 ,
2980 3011 3289 3081 Σωφρόνιος
3331 3013 3724 3082 Πομπηϊουπό-

2146 3098 2283 3163 λεως
2327 3102 2426 3170 τῆς
2476 3101 2536 3153 ἐν
2585 3101 2941 3173 Παφλαγονίᾳ
2986 3101 3212 3158 τοιαῦτα
3264 3103 3455 3166 αὑταῖς
3515 3103 3726 3170 λέξεσιν

2069 3152 2112 3211 ε
2143 3152 2460 3262 assensi}
2501 3193 2568 3248 Et
2586 3152 2667 3246 ξιξ
2685 3152 2845 3248 ’πέᾶόῖ
2860 3152 3132 3263 res;
3151 3152 3724 3266 ἦμξᾷἷιὲεαῖξᾷἐὲζ

2145 3282 2335 3338 θεσθαι
2368 3284 2644 3362 βούλησιν,
2675 3286 2911 3350 πίστεως
2937 3287 3173 3359 ὑπάρχει
3198 3287 3432 3352 ἐκθεσις,
3459 3289 3728 3358 ἐπιλείψει

2143 3378 2297 3448 ἡμᾶς
2341 3379 2374 3447 ἡ
2403 3376 2506 3445 τῆς
2549 3377 2810 3452 ἀληθείας
2859 3379 3136 3450 ἀκρίϐεια.
3171 3378 3358 3434 Ταῦτα
3401 3380 3501 3449 μὲν
3529 3382 3559 3434 ὁ
3610 3381 3728 3434 Σω-

2143 3470 2362 3541 φρόνιος
2398 3469 2619 3540 ἔφησεν.
2689 3469 2832 3538 Ἐγὼ
2874 3470 2932 3528 δέ
2984 3488 3164 3541 φημι,
3209 3470 3285 3533 ὡς
3343 3471 3393 3526 εί
3445 3469 3503 3536 ἐξ
3550 3471 3730 3541 ἀρχῆς

2146 3561 2369 3616 τοιαῦτα
2399 3563 2530 3633 περὶ
2556 3562 2654 3632 τῆς
2684 3563 2742 3620 ἐν
2775 3563 2980 3633 Nimia
3009 3562 3269 3625 πίστεως.
3302 3562 3356 3616 οῗ
3389 3579 3450 3616 τε
3497 3562 3602 3633 πρὸ
3627 3563 3729 3616 αὐ·

2147 3653 2254 3708 τῶν
2294 3654 2388 3709 καὶ
2415 3655 2466 3707 οἱ
2512 3654 2633 3724 μετ’
2664 3653 2908 3717 ἐκείνους
2939 3651 3296 3723 διενοήθησαν
3318 3693 3332 3717 ,
3377 3651 3624 3708 πέπαυτο
3657 3650 3726 3703 ἂν

2138 3749 2287 3804 πᾶσα
2314 3745 2612 3816 φιλόνεικος
2633 3745 2882 3816 ζήτησις,
2914 3745 3010 3800 καὶ
3029 3744 3132 3802 οὐκ
3163 3743 3229 3797 ἂν
3244 3741 3354 3796 τῶν
3383 3741 3726 3810 Ἐκκλησιῶν

449 3849 554 3890 nec
595 3835 899 3892 violentum
936 3846 994 3897 et
1039 3837 1268 3893 rationis
1308 3847 1590 3908 expertem
1632 3840 1928 3900 tumultum
1979 3841 2036 3896 in

2142 3840 2326 3907 ἄλογος
2353 3839 2622 3908 ἐκράτησε
2649 3838 2881 3909 ταραχή.
2915 3836 3054 3890 Ἀλλ’
3087 3837 3235 3899 ὅπως
3266 3835 3366 3906 μὲν
3387 3834 3500 3904 ἔχει
3525 3832 3728 3899 ταῦτα,

449 3924 692 3980 Ecclesia
726 3925 893 3982 fuisse
930 3927 1249 3988 valiturum.
1299 3928 1410 3990 Sed
1437 3928 1900 3998 quemadmodum
1931 3929 2034 3985 ista

2142 3932 2474 4002 κρινάτωσαν
2520 3933 2570 3984 οἱ
2618 3931 2900 3986 κατανοεῖν
2939 3929 3248 3999 δυνάμενοι.
3297 3928 3432 3984 Τότε
3466 3927 3524 3980 δὲ
3551 3925 3736 3980 πολλὰ.

449 4031 509 4076 se
550 4017 807 4084 habeant,
854 4019 1306 4090 prudentioribus
1339 4020 1698 4090 iudicandum
1745 4022 2026 4093 relinquo.

518 4175 566 4207 ⁵⁸
593 4175 710 4235 Col.
756 4192 796 4243 ι,
835 4175 921 4231 15.

2133 4024 2270 4094 πρὸς
2307 4022 2570 4094 ἀλλήλους
2606 4023 2732 4094 περί
2760 4040 2821 4078 τε
2857 4021 3068 4086 τούτου,
3103 4021 3195 4080 καὶ
3235 4019 3345 4076 τῶν
3381 4034 3725 4091 κατηγορου-

1650 4269 1920 4330 νΑιλΕδιι
1960 4269 2512 4329 ANNOTATIONES.

519 4379 629 4454 (69)
673 4375 852 4454 -ίξῖιξαι
901 4377 1008 4447 τῆς
1050 4377 1396 4454 -ξιαθολικῆς
1439 4377 1813 4454 ,Ἐνικᾼῃοςίας
1862 4379 2028 4447 νομί·
2063 4382 2107 4438 D
2135 4382 2200 4454 τῇ
2219 4380 2405 4454 πίστει
2447 4380 2758 4454 ἰσοδυναμεῖ
2794 4381 2886 4454 καὶ
2925 4383 3056 4454 ὴᾼέν
3091 4380 3302 4454 Σιρμίῳ
3345 4378 3722 4454 πρῴηνγὲκτε-

453 4448 643 4519 (om.
673 4449 874 4504 Ultima
902 4465 1008 4503 vox
1036 4449 1191 4510 abest
1218 4465 1250 4504 a
1282 4448 1484 4503 nostris
1521 4449 1846 4515 codicibus;
1881 4465 2032 4504 eam—

452 4537 558 4591 que
584 4535 651 4591 ex
669 4519 708 4591 li
714 4519 827 4576 bris
845 4519 1328 4591 ChristOphorsoni
1349 4520 1512 4591 primi
1529 4520 1860 4591 addiderunt
1884 4529 2041 4591 typo-

451 4588 644 4660 graphi
672 4588 1039 4660 Genevenses.
1082 4589 1187 4660 Sed
1215 4588 1432 4660 cum’in
1470 4590 1622 4660 nullo
1667 4588 2042 4659 manuscripto

451 4657 1116 4729 codiccdreperiaturbmc
1147 4658 1332 4729 lectio,
1365 4658 1750 4729 eam__ﬁdenter
1779 4657 2038 4729 expunxi.

450 4729 609 4798 Apud
632 4723 1000 4798 Epiphanium
1015 4741 1158 4798 vero
1189 4726 1245 4778 in
1268 4727 1463 4798 hmresi
1482 4723 1970 4798 Semiarianor'um,
1989 4738 2045 4782 et

450 4795 593 4868 apud
621 4796 979 4868 Athanasium
1011 4797 1068 4868 in
1102 4795 1245 4868 libro
1279 4797 1353 4849 De
1367 4796 1598 4868 synodis
1613 4797 1921 4868 Ariminiet
1943 4799 2043 4853 Se-

449 4863 642 4924 leuciae
677 4866 751 4920 ita
783 4866 982 4936 legitur
1010 4865 1099 4920 hic
1120 4866 1302 4936 locus:
1330 4863 1643 4936 ἀλλοτρίους
1670 4863 1808 4920 οἶδεν
1830 4868 2045 4921 καθολι-

449 4939 520 5008 κὴ
565 4936 877 5005 Ἐκκλησία.
903 4935 1372 5008 Quemadmodum
1402 4935 1563 4990 etiam
1588 4937 1644 4991 in
1672 4937 1861 4993 codice
1879 4938 2030 4994 Alla-

451 5006 602 5062 Iiano
629 5008 896 5075 scriptum
923 5006 1130 5060 inveni.
1166 5007 1296 5061 Post
1331 5008 1448 5062 haec
1495 5017 1681 5064 autem
1723 5009 1914 5073 verba,
1947 5026 2032 5064 se-

2142 4450 2296 4504 θεῖσα
2324 4451 2525 4516 πίστις,
2557 4451 2650 4504 ἐπὶ
2681 4451 2777 4520 τῆς
2817 4450 3097 4514 εὐσεϐείας
3121 4450 3215 4504 τοῦ
3252 4450 3514 4521 βασιλέως
3539 4452 3718 4520 ἡμῶν,

2145 4521 2507 4593 γνωρίζουσιν
2548 4523 2597 4593 oi
2653 4522 3075 4593 ἐντυγχάνοντες
3125 4525 3193 4593 τῇ
3255 4521 3454 4593 πίστει.
3510 4521 3721 4579 Deinde

2139 4591 2392 4660 sequitur
2442 4591 2594 4648 aliud
2621 4592 2971 4662 Hcaputfﬁhoc
3008 4591 3215 4646 modo:
3270 4592 3624 4662 ’Υπέγραψαν
3669 4595 3719 4646 ol

2141 4663 2438 4733 παρόντες,
2485 4661 2792 4733 ΔΒασίλειος,
2827 4661 3059 4733 Μάρκος
3095 4663 3191 4717 καὶ
3240 4661 3513 4732 Γεώργιος
3553 4664 3581 4733 ό
3619 4664 3724 4733 τῆς

2154 4730 2567 4804 Ἀλεξανδρείας
2623 4730 2971 4804 ἐπίσκοπος,
3015 4730 3371 4804 Παγκράτιοςή
3400 4733 3504 4804 ’καὶ
3549 4730 3726 4804 Ὑπα-

2140 4801 2342 4873 τιανὸς,
2378 4801 2470 4855 καὶ
2524 4802 2572 4854 οἱ
2601 4801 2848 4873 πλεῖστοι
2880 4801 3297 4873 ἐπίσκοποιτῆς
3341 4802 3574 4865 Δύσεως.
3608 4802 3723 4858 Sed

2141 4886 2252 4925 non
2292 4872 2487 4942 dubito
2521 4871 2660 4942 quin
2686 4871 3041 4926 scribendum
3071 4873 3142 4926 sit
3169 4892 3180 4926 :
3211 4871 3262 4925 οί
3298 4873 3720 4942 ἐντυγχάνοντες

2139 4945 2207 5012 τῇ
2233 4942 2414 4995 πίστει
2534 4937 2878 5013 ὗπέγραψαν,
2934 4953 3041 4997 etc.
3075 4942 3134 4996 1d
3178 4951 3266 4999 est
3294 4963 3306 4996 :
3341 4937 3493 5008 Quod
3540 4952 3721 4998 autem

2140 5029 2258 5066 cum
2288 5014 2386 5083 huc
2422 5013 2528 5081 ﬁde
2565 5029 2781 5083 prorsus
2811 5015 3102 5068 consentiat
3126 5029 3186 5068 ea
3221 5013 3375 5080 ﬁdes,
3401 5029 3518 5082 qua!
3552 5029 3722 5082 nuper

445 5085 695 5160 (iuuatur
728 5077 925 5160 “apud.
951 5077 1320 5160 Epiphaniam
1367 5079 1590 5160 nomina
1642 5079 2032 5160 episcoporum
2133 5083 2276 5153 apud
2304 5077 2574 5137 Sirmium
2595 5085 2796 5138 dictata
2837 5091 2911 5138 est
2952 5100 3139 5160 param
3187 5077 3718 5160 religiosissimoim~

447 5149 542 5217 qui
576 5147 704 5200 huic
725 5146 976 5218 formulae
1009 5146 1495 5218 'subscripserunt,
1527 5146 1758 5204 numero
1806 5146 2031 5206 circiter

446 5216 976 5290 quadraginta._S_ed
1031 5225 1158 5271 ante
1186 5216 1337 5290 illas
1388 5220 1828 5290 subscriptiones
1877 5222 2021 5288 adje-

2129 5160 2377 5222 peratore
2422 5162 2626 5218 nostro,
2657 5164 2852 5208 norunt
2873 5155 3171 5225 quicunque
3211 5170 3330 5208 eam
3370 5153 3528 5225 ﬁdem
3576 5153 3718 5225 lege-

2130 5225 2260 5294 rint,
2316 5223 2893 5294 cuisubscripseruut
2919 5226 2972 5278 Iri
3027 5223 3118 5294 qui
3170 5225 3416 5286 aderant,
3459 5223 3718 5285 Basilius,

447 5286 595 5366 ctum
626 5286 1019 5366 estquiddam,
1050 5288 1199 5366 quod
1242 5288 1355 5366 l1_ic_
1378 5286 1628 5366 meretur
1640 5292 1885 5366 ascribi.
1929 5286 2029 5366 Sic
2126 5293 2359 5366 Marcus,
2401 5286 2668 5366 Georgius
2696 5297 2965 5366 episcopus
3007 5286 3368 5366 Alexandriae,
3395 5294 3720 5366 Pancratii“

446 5359 614 5430 igitur
640 5358 804 5414 habet
846 5357 1017 5413 editio
1050 5357 1291 5428 Dionysii
1323 5361 1528 5415 Petavii
1555 5379 1566 5414 :
1603 5364 1723 5415 ’Ὁτι
1757 5362 1813 5415 δὲ
1841 5364 2014 5433 ταύτῃ

2125 5371 2176 5416 et
2204 5363 2563 5436 Ilypalianus',
2606 5374 2655 5418 et
2682 5363 2902 5434 plurinii
2930 5364 3222 5421 Occidentis
3256 5364 3504 5435 episcopi.

1902 5517 2287 5577 VARIORUM.

447 5630 945 5702 apud'l‘heodorit.
976 5629 1075 5702 lih.
1103 5645 1142 5690 ι,
1205 5645 1253 5683 c.
1289 5629 1354 5683 6:
1388 5631 1634 5702 Γεγονὸς,
1669 5632 2017 5702 inquit,6).0'

450 5700 539 5770 σῂε
552 5701 657 5770 ρῶς
682 5703 867 5771 ἕτερον
889 5703 954 5769 τῇ
985 5700 1143 5771 φύσει
1176 5702 1269 5752 καὶ
1290 5703 1354 5771 τῇ
1381 5700 1627 5771 δυνάμει,
1645 5700 1781 5771 πρὸς
1814 5701 2026 5756 τελείαν

453 5769 747 5844 ὁμοίοτητα
776 5769 1067 5838 διαθέσεὼς
1095 5788 1151 5825 τε
1193 5769 1587 5840 καὶδυνάμεως
1644 5769 1736 5824 τοῦ
1802 5789 2029 5844 πεποιη-

2134 5637 2288 5701 κότος
2317 5637 2626 5706 γενόμενον.
2675 5635 2886 5689 Natura
2954 5643 3002 5687 ct
3039 5636 3232 5706 virtute

2132 5723 2269 5766 sum,
2331 5708 2400 5760 ad
2454 5705 2747 5776 perfectam
2800 5714 2983 5759 tamen
3031 5705 3431 5776 similitudinem
3506 5712 3720 5756 natura

3275 5648 3490 5704 prorsus
3539 5632 3718 5686 divcr-

2136 5774 2691 5848 virtutisque'factoris
2720 5778 2803 5830 sui
2841 5776 3127 5830 conditum.
3159 5775 3246 5830 W.
3278 5774 3495 5828 Loxn‘n.
