4078 6210
332 320 439 377 3“

1338 324 1662 384 HISTORIA
1698 327 2249 385 ECCLESIASTICA.
2290 360 2359 368 —
2396 328 2525 384 LIB.
2570 330 2633 384 ll.

3504 335 3614 395 3.32
3626 348 3639 353 "

337 436 547 507 μένων,
582 433 830 500 είπόντες
856 433 948 489 καὶ
980 434 1345 505 ἀκούσαντες,
1378 439 1723 513 διελύθησαν.
1754 440 1836 514 Τῇ
1863 441 1910 496 δὲ

2025 443 2181 497 Tunc
2205 443 2468 512 temporis
2496 459 2649 509 vero,
2685 459 2811 499 cum
2835 437 3070 515 plurima
3103 447 3249 502 ultro
3280 448 3530 521 citroque
3552 460 3611 508 et

330 529 578 600 τετάρτῃ
610 523 771 593 αὖθις
805 528 990 601 ήμέρᾳ
1028 529 1293 601 συνῆλθον
1330 531 1569 598 ἅπαντες
1603 536 1684 598 είς
1716 535 1882 589 ταύτὸ
1905 575 1921 601 ,

331 622 435 676 καὶ
475 616 639 685 αὖθις
674 622 955 676 ἀνεκίνουν
999 622 1140 693 μετά
1179 624 1496 695 ἐρεσχελίας
1537 626 1665 693 τοὺς
1711 626 1921 696 λόγους.

288 732 293 740 ’
348 715 439 767 Ἐν
484 708 569 777 οἷς
632 714 886 779 ’Δκάκιος
950 714 1160 769 τοιάνδε
1200 715 1343 770 κατά
1399 716 1545 783 λέξιν
1594 719 1925 791 εἰσηγήσατο

333 805 588 878 γνώμην·
608 807 675 860 Ei
700 805 849 873 ἅπαξ
878 808 912 878 ή
941 807 1001 860 έν
1027 806 1234 879 Νικαίᾳ
1259 808 1441 873 πίστις
1471 810 1807 883 μετεποίηθη
1829 811 1924 866 καὶ

335 894 658 965 μεταταῦτα
703 894 1002 963 πολλάκις,
1035 895 1189 949 οὐδὲν
1228 896 1428 950 κωλύει
1474 898 1569 952 καὶ
1600 900 1695 953 νῦν
1729 901 1922 972 ἑτέραν

330 987 783 1060 ὕπαγορευθῆναι
796 988 995 1044 πίστιν.
1010 987 1157 1062 Πρὸς
1165 988 1337 1045 ταῦτα
1360 989 1665 1056 Ἐλεύσιοςό
1683 992 1921 1058 Κυζίκου

328 1080 512 1135 τοιάδε
542 1075 698 1135 εἶπεν
716 1094 731 1109 ⁶
748 1080 815 1134 Ἡ
839 1079 1056 1145 σύνοδος
1087 1080 1458 1153 συνεκροτήθη
1480 1082 1573 1136 ἐπὶ
1592 1082 1684 1136 τοῦ
1713 1084 1919 1153 παρόν-

327 1186 459 1235 τος,
485 1168 588 1240 οὐχ
622 1169 712 1223 ἴνα
749 1168 898 1243 μάθῃ
926 1168 964 1224 ἃ
1010 1169 1084 1242 μὴ
1122 1169 1440 1242 μεμάθηκεν
1485 1171 1622 1243 (70),
1669 1171 1783 1226 οὗθ’
1833 1174 1920 1227 ἵνα

316 1260 530 1327 ,πίστιν
557 1259 804 1331 δέξηται,
834 1259 904 1330 ήν
927 1259 1003 1333 μὴ
1033 1258 1296 1331 κέκτηται
1318 1277 1332 1294 ο
1366 1259 1505 1316 ἀλλά
1530 1264 1597 1333 τῇ
1621 1263 1727 1325 τῶν
1753 1262 1921 1316 πατέ-

335 1366 446 1421 ρων
473 1350 660 1404 πίστει
690 1348 982 1420 στοιχοῦσα
1030 1348 1178 1422 (7i),
1206 1348 1412 1422 ταύτης
1446 1350 1607 1423 μέχρι
1644 1351 1791 1424 ζωῆς
1827 1351 1919 1405 καὶ

333 1440 571 1495 θανάτου
611 1442 714 1495 οὐκ
754 1440 1050 1508 ἐξίσταται.
1096 1441 1375 1505 Τοιούτοις
1414 1444 1509 1497 καὶ
1553 1445 1581 1498 ὀ
1648 1443 1920 1508 Ἐλεύσιος

332 1531 474 1604 πρὸς
499 1532 601 1605 τὴν
639 1531 900 1586 ’Δκακίου
928 1530 1155 1605 γνώμην
1186 1532 1500 1605 ἀπήντησε,
1537 1532 1719 1588 πίστιν
1750 1533 1918 1586 πατέρ

336 1643 449 1695 ρων
499 1625 603 1696 τὴν
651 1626 711 1680 ὲν
758 1623 1061 1697 Ἀντιοχείᾳ
1120 1624 1432 1681 ὲκτεθεῖσαν
1480 1625 1664 1679 πίστιν
1714 1624 1911 1680 καλῶν.

345 1716 681 1789 Ἀπαντήσει
712 1717 759 1770 δ’
790 1718 856 1773 ἄν
877 1734 962 1782 τις
995 1716 1087 1772 καὶ
1123 1717 1260 1787 πρὸς
1280 1716 1468 1772 τοῦτον
1492 1733 1505 1750 ·
1538 1716 1665 1782 Πῶς
1701 1719 1828 1783 τοὺς
1855 1720 1912 1771 ὲν

2027 532 2095 588 de
2120 533 2223 588 hac
2247 549 2305 588 re
2327 539 2383 588 et
2404 533 2473 589 de
2498 533 2608 588 illis
2630 534 2723 604 qui
2747 535 2988 589 accusati
3007 544 3166 590 erant
3182 537 3327 593 dicta
3350 538 3606 607 fuissent,

2026 622 2325 679 concilium
2370 622 2656 679 dimissum
2695 632 2799 679 est.
2850 624 3057 691 Quarto
3097 625 3299 681 iterum
3339 629 3429 685 die
3480 647 3608 687 cum

2025 726 2219 767 omnes
2253 713 2311 767 in
2334 729 2506 768 unum
2539 714 2947 779 convenissent,
2987 716 3181 771 eadem
3206 732 3331 772 cum
3355 722 3606 789 pervica-

2024 801 2109 856 cia
2142 801 2424 872 disputare
2449 812 2755 874 coeperunt.
2783 804 2931 859 Inter
2956 822 3097 876 quos
3119 806 3349 864 Aeacius
3381 820 3604 868 seutcn-
3682 864 3685 867 Α

2026 890 2156 946 tiam
2190 908 2345 947 suam
2373 894 2629 965 exposuit
2656 894 2745 949 his
2780 896 2996 951 verbis:
3043 896 3181 953 Cum
3215 899 3351 954 ﬁdes
3386 901 3603 959 Nicana

2018 981 2349 1052 jampridem
2376 983 2545 1039 semel
2562 1000 2627 1039 ac
2654 984 2855 1040 deinde
2887 987 3087 1058 sapius
3108 998 3317 1045 mutata
3348 991 3440 1056 sit,
3463 994 3603 1049 nihil

2022 1081 2171 1128 vetat
2218 1075 2516 1144 quominus
2576 1092 2725 1131 nunc
2769 1092 2988 1148 quoque
3042 1080 3149 1135 alia
3217 1084 3604 1142 conscribatur

2022 1161 2176 1220 ﬁdes.
2225 1164 2307 1222 Ad
2366 1168 2483 1224 hac
2537 1169 2790 1227 Eleusius
2843 1171 3026 1244 Cyzici
3086 1176 3412 1248 episcopus:
3457 1178 3604 1236 Con-

2023 1254 2234 1325 cilium,
2289 1259 2493 1331 inquit,
2528 1262 3028 1333 imprasentiarum
3061 1276 3450 1339 congregatum
3498 1279 3604 1337 est,

2021 1365 2133 1404 non
2179 1358 2240 1405 ut
2287 1367 2352 1407 ea
2385 1352 2562 1408 discat
2606 1369 2727 1424 qua
2754 1354 2868 1426 jam
2909 1358 3043 1412 olim
3081 1348 3296 1424 didicit,
3332 1376 3512 1430 neque
3547 1370 3607 1418 ut

2022 1440 2186 1499 ﬁdem
2208 1445 2475 1515 suscipiat
2511 1463 2675 1518 quam
2711 1450 2866 1519 prius
2896 1466 3008 1505 non
3070 1451 3294 1519 habuit;
3339 1455 3432 1509 sed
3477 1454 3605 1510 ﬁdei

2022 1526 2237 1607 patrum
2282 1537 2562 1605 insistens,
2603 1556 2708 1597 nec
2738 1542 2864 1597 vita
2896 1557 3001 1598 nec
3031 1545 3225 1600 mortis
3259 1553 3506 1616 tempore
3535 1546 3605 1601 ab

2020 1636 2086 1677 ea
2140 1640 2381 1694 unquam
2430 1626 2667 1682 recedet.
2715 1627 3042 1700 Hujusmodi
3088 1633 3277 1689 verbis
3327 1634 3602 1691 adversus

2023 1711 2205 1769 Acacii
2237 1717 2565 1773 sententiam
2599 1722 2840 1776 occurrit
2881 1722 3156 1790 Eleusius,
3182 1723 3346 1781 ﬁdem
3384 1734 3603 1797 patrum

344 1806 648 1879 Ἀντιοχείᾳ
671 1808 1024 1873 συνελθόντας
1049 1807 1290 1880 πατέρας
1304 1806 1617 1880 ὀνομάζεις,
1652 1808 1910 1875 Ἑλεύσιε,

2022 1807 2304 1878 appellans
2330 1825 2452 1864 eam
2481 1827 2604 1882 qua
2624 1814 2871 1883 exposita
2900 1823 3019 1869 erat
3048 1815 3370 1873 Antiochia.
3400 1819 3604 1875 Verum

329 1899 459 1962 τοὺς
497 1899 725 1954 ἐκείνων
766 1899 1017 1973 πατέρας
1061 1898 1394 1971 ἀρνούμενος
1426 1899 1574 1971 (72);
1608 1901 1672 1954 Οί
1712 1898 1822 1971 γὰρ
1852 1900 1912 1954 ὲν

329 1989 541 2062 Νικαίᾳ
588 1990 967 2057 συνελθόντες,
1019 1991 1114 2046 καὶ
1158 1991 1222 2046 τὸ
1272 1992 1556 2063 ὀμοούσιον
1609 1994 1678 2064 τῇ
1734 1991 1914 2048 πίστει

332 2082 830 2153 συμφωνήσαντες,
860 2081 1189 2155 κυριώτερον
1207 2082 1274 2139 ἂν
1294 2083 1528 2157 πατέρες
1542 2083 1784 2154 λέγοιντο
1797 2123 1812 2150 ,
1836 2083 1916 2156 τῷ

329 2173 435 2228 καὶ
463 2173 962 2247 πρωναόεσηκέναι
986 2177 1099 2241 τοῖς
1121 2176 1355 2247 χρόνοις,
1380 2177 1477 2231 καὶ
1501 2177 1583 2231 ὅτι
1611 2177 1664 2230 οί
1704 2179 1764 2231 έν
1796 2176 1915 2232 Ἀν-

332 2263 551 2336 τιοχείᾳ
587 2266 895 2337 γενόμενοι,
940 2267 1032 2320 ὑπ’
1075 2266 1301 2322 ἐκείνων
1348 2268 1429 2333 είς
1465 2269 1566 2342 τὴν
1613 2267 1914 2341 ἱερωσύνην

327 2355 721 2428 πρώέὸληντο.
751 2359 817 2412 Et
841 2359 898 2413 δὲ
923 2359 974 2412 οι
1010 2359 1070 2414 ὲν
1111 2359 1411 2434 Ἀντιοχείᾳ
1445 2362 1571 2426 τοὺς
1615 2360 1778 2426 ἰδίους
1807 2378 1915 2415 πα-

324 2446 497 2519 τέρας
529 2447 828 2519 ηθέτησαν,
883 2445 1173 2520 λελήθασιν
1216 2448 1443 2514 ἑαυτοὺς
1497 2449 1548 2502 οί
1596 2447 1913 2521 μεταταῦτα

324 2543 441 2605 τοῖς
465 2539 826 2613 πατραλοίαις
849 2540 1127 2612 ἑπόμενοι.
1153 2540 1280 2604 Πῶς
1295 2539 1351 2594 δὲ
1381 2541 1476 2595 καὶ
1499 2533 1574 2595 ὧν
1600 2542 1796 2594 ἐκεῖνοι
1810 2540 1911 2611 τὴν

324 2632 511 2687 πίστιν
552 2631 631 2691 ὡς
674 2632 938 2703 ἀδόκιμον
971 2631 1267 2703 ἠθέτησαν,
1311 2632 1413 2703 τὴν
1462 2631 1801 2703 χειροτονίαν
1832 2630 1911 2695 ὡς

324 2722 561 2794 δοκίμην
589 2723 875 2791 έδέξαντο;
906 2722 970 2778 Et
992 2723 1050 2778 δὲ
1073 2723 1273 2777 ἐκεῖνοι
1302 2723 1405 2777 ούκ
1428 2719 1574 2795 εἶχον
1600 2723 1661 2776 τὸ
1683 2723 1909 2795 Πνεῦμα

322 2814 386 2869 τὸ
418 2814 597 2884 ἅγιον,
628 2816 658 2869 ὃ
689 2815 781 2869 διὰ
811 2816 914 2887 τῆς
949 2814 1284 2888 χειροτονίας
1313 2814 1629 2887 ἐπέρχεται,
1660 2815 1781 2869 οὐδὲ
1812 2808 1910 2869 οὗ-

321 2926 407 2962 τοι
438 2909 539 2979 τὴν
564 2909 865 2980 ἱερωσύνην
884 2908 1095 2965 ἐλαὸον.
1130 2909 1254 2973 Πῶς
1289 2908 1400 2982 γὰρ
1426 2908 1731 2981 ἐλάμϐανον
1755 2908 1912 2982 παρά

319 2999 434 3055 τῶν
458 3002 565 3056 οὐκ
590 3002 828 3072 ιχόντων
860 3002 921 3056 τὸ
952 3001 1264 3074 διδόμενον;
1294 3001 1482 3058 Ταῦτα
1514 3002 1614 3073 μὲν
1642 2997 1736 3057 οὖν
1765 3002 1909 3056 ἀντι-

322 3097 484 3168 θήσει
537 3113 623 3159 τις
669 3078 808 3167 πρὸξ
852 3095 922 3149 τά
967 3095 1076 3149 ὑπὸ
1119 3088 1394 3149 Ἐλευσίου
1441 3094 1722 3166 λεχθέντα.
1772 3093 1908 3148 Τότε

318 3187 378 3243 δι
406 3183 568 3252 αὖθις
608 3187 703 3242 ἐπὶ
743 3186 936 3259 ἑτέραν
967 3185 1256 3259 ἐχώρησαν
1287 3186 1537 3258 ζήτησιν.
1594 3186 1748 3241 Ἐπεὶ
1796 3185 1906 3257 γάρ

319 3283 419 3336 καὶ
466 3282 517 3334 οἱ
565 3280 693 3352 περὶ
747 3279 1004 3334 Ἀκάκιον
1048 3280 1106 3333 ὲν
1149 3280 1217 3351 τῇ
1258 3276 1671 3351 ἀναγνωσθείσῃ
1725 3277 1909 3331 πίστει

319 3372 510 3443 ὅμοιον
552 3369 763 3439 εφασαν
815 3368 904 3423 τὸν
944 3368 1073 3423 Υίὸν
1120 3366 1199 3439 τῷ
1244 3368 1441 3441 Πατρὶ,
1491 3367 1911 3422 διεπυνθάνοντο

319 3460 588 3534 ἀλλήλων,
611 3461 753 3517 κατά
768 3463 821 3514 τί
840 3460 1025 3533 ὅμοιός
1049 3450 1197 3515 ἐστιν
1218 3462 1247 3514 ὁ
1265 3460 1395 3525 Υἱὸς
1415 3459 1493 3531 τῷ
1508 3460 1703 3532 Πατρί.
1726 3460 1836 3516 Καὶ
1857 3460 1907 3516 οἱ

324 3554 427 3627 μὲν
460 3554 591 3627 περὶ
628 3554 904 3620 ’Δκάκιον,
928 3552 1112 3623 ἔλεγον
1138 3553 1283 3608 κατά
1307 3553 1409 3625 τήν
1433 3551 1688 3625 βούλησιν
1724 3552 1905 3624 μόνον,

320 3651 381 3704 οὐ
418 3648 527 3720 μὴν
562 3647 705 3702 κατά
733 3647 834 3718 τήν
876 3646 1066 3701 οὐσίαν
1097 3647 1282 3719 ὅμοιον
1319 3644 1398 3717 τῷ
1443 3644 1619 3720 Πατρὶ
1650 3639 1793 3700 εῖναι
1817 3646 1908 3699 τὸν

321 3741 476 3795 Υἱόν.
512 3741 579 3793 Oi
604 3741 664 3793 δὲ
708 3739 860 3795 ἄλλοι
901 3738 1248 3810 σύμπαντες,
1287 3739 1383 3793 καὶ
1410 3737 1554 3793 κατά
1578 3737 1678 3811 τὴν
1719 3737 1907 3793 οὐσίαν

318 3833 697 3902 ἀπεφήναντο.
722 3829 860 3902 Περὶ
889 3829 1079 3885 τούτου
1117 3830 1174 3884 δὲ
1202 3829 1297 3884 τοῦ
1327 3827 1641 3901 ζητήματος
1670 3830 1902 3900 φιλονειο

321 3921 552 3987 κοῦντες
582 3920 1002 3994 ὲνδιημέρευον,
1034 3920 1129 3976 καὶ
1158 3920 1252 3975 τὸν
1294 3920 1552 3975 Ἀκάκιον
1592 3920 1904 3994 ἐξήλεγχον,

315 4016 395 4080 ῶς
436 4016 524 4085 εἴη
554 4016 612 4070 ὲν
642 4017 755 4079 τοῖς
787 4013 965 4085 λόγοις
993 4013 1182 4079 αὐτοῦ,
1213 4012 1309 4079 οὓς
1345 4014 1675 4088 συγγράψας
1710 4015 1905 4080 ἐξέδω-

318 4125 438 4173 κεν,
476 4109 665 4177 ὅμοιον
687 4107 831 4161 κατά
866 4107 1045 4163 πάντα
1080 4106 1250 4161 είπὼν
1283 4107 1377 4162 τὸν
1424 4107 1554 4163 Υίὸν
1589 4107 1669 4180 τῷ
1705 4108 1903 4181 Πατρί.

317 4202 435 4256 Καὶ
458 4199 581 4265 πῶς
602 4201 721 4266 νῦν,
741 4199 970 4271 ἔφασαν,
995 4200 1135 4273 ἀρνῇ
1158 4198 1256 4272 τὴν
1285 4200 1407 4254 κατ’
1436 4201 1628 4255 οὐσίαν
1646 4200 1743 4255 τοῦ
1771 4200 1906 4255 Υἱοῦ

317 4295 460 4367 πρὸς
495 4293 589 4349 τὸν
618 4292 841 4365 Πατέρα
870 4293 1201 4366 ὁμοιότητα;
1241 4293 1301 4348 Ὀ
1329 4292 1387 4348 δὲ
1405 4298 1429 4359 ,’
1455 4292 1590 4348 Ἀπὸ
1619 4310 1905 4366 συγγραμ-

321 4387 539 4457 μάτων,
578 4385 719 4457 εφη,
762 4384 887 4440 οὔτε
925 4385 1046 4451 νέος
1084 4402 1172 4451 τις
1220 4384 1347 4440 οὔτε
1410 4386 1638 4458 ἀρχαῖος
1687 4385 1905 4458 ἐκρίθη.

2018 1896 2150 1953 huic
2178 1913 2398 1969 quoque
2425 1900 2761 1971 respondere
2789 1902 3059 1974 quispiam
3083 1905 3256 1976 possit
3279 1905 3368 1962 his
3391 1907 3600 1962 verbiS'

2015 1988 2305 2056 Quomodo
2344 2008 2442 2048 eos
2481 1993 2577 2063 qui
2608 1993 2913 2052 Antiochia
2957 2006 3373 2066 convenerunt,
3419 2009 3604 2071 patres

2013 2081 2278 2151 appellas,
2312 2082 2518 2150 Eleusi,
2552 2084 2647 2155 qui
2686 2085 2908 2143 illorum
2953 2096 3139 2161 patres
3170 2106 3282 2145 non
3314 2092 3605 2163 agnoscis?

2012 2173 2151 2229 Nam
2173 2174 2230 2230 hi
2256 2183 2405 2231 certe
2420 2176 2515 2247 qui
2532 2177 2577 2232 Ν
2584 2177 2728 2234 icaa
2743 2188 3141 2246 convenerunt,
3160 2189 3217 2236 et
3235 2181 3599 2238 consubstan-

2012 2264 2161 2320 tialis
2192 2265 2356 2322 ﬁdem
2401 2283 2502 2323 suo
2536 2283 2809 2325 consensu
2841 2268 3149 2337 firmarunt,
3176 2274 3351 2343 magis
3379 2273 3601 2343 pr0prie

2013 2354 2336 2413 dicerentur
2369 2365 2585 2430 patres:
2617 2362 2821 2433 quippe
2844 2363 2939 2435 qui
2970 2372 3027 2419 et
3052 2363 3436 2434 praecesserint
3458 2372 3598 2419 tem-

2012 2463 2167 2519 pore,
2195 2456 2252 2504 et
2284 2450 2406 2507 illos
2429 2449 2523 2522 qui
2550 2450 2856 2510 Antiochia
2875 2462 3065 2525 postea
3095 2464 3494 2522 convenerunt,
3530 2456 3599 2510 ad

2014 2540 2310 2597 sacerdotii
2350 2541 2672 2613 dignitatem
2714 2545 3111 2615 promoverint.
3141 2544 3297 2613 Quod
3335 2547 3382 2601 si
3424 2543 3615 2617 biqui.

2012 2629 2319 2688 Antiochia
2355 2632 2583 2689 fuerunt
2614 2636 2950 2707 congregati,
2993 2645 3180 2708 patres
3222 2652 3353 2693 suos
3388 2639 3597 2709 rejece-

2011 2730 2176 2788 runt,
2212 2722 2300 2777 isti
2334 2723 2431 2793 qui
2466 2739 2563 2779 eos
2609 2734 2950 2795 sequuntur,
2998 2742 3110 2781 non
3155 2726 3602 2783 animadvertunt

2010 2827 2070 2869 se
2100 2813 2406 2884 parricidas
2449 2813 2628 2886 sequi.
2664 2816 2915 2884 Quonam
2958 2826 3145 2875 autem
3197 2819 3363 2876 modo
3402 2836 3600 2876 eorum

2011 2904 2415 2962 ordinationem
2441 2916 2698 2978 tanquam
2730 2906 2963 2978 probam
2989 2925 3054 2965 ac
3089 2907 3393 2982 legitimam
3414 2927 3602 2967 susce-

2010 3005 2232 3069 perunt,
2283 3014 2520 3069 quorum
2575 2997 2740 3054 ﬁdem
2769 3000 2922 3055 velut
2952 2999 3144 3056 falsam
3193 3017 3257 3067 ac
3308 2982 3601 3073 mprobant

2011 3088 2371 3158 reiecerunt?
2410 3088 2548 3143 Nam
2580 3089 2625 3144 si
2656 3089 2735 3144 illi
2778 3106 2893 3145 non
2953 3090 3272 3148 habuerunt
3324 3091 3596 3164 Spiritum

2010 3185 2259 3233 sanctum
2284 3178 2379 3248 qui
2401 3193 2503 3248 per
2517 3177 2921 3235 ordinationem
2948 3179 3277 3249 infunditur,
3294 3181 3385 3238 isti
3411 3199 3596 3239 sacer-

2010 3267 2222 3324 dotium
2264 3284 2378 3347 non
2412 3278 2766 3341 acceperunt.
2815 3269 3102 3338 Quomodo
3144 3274 3293 3329 enim
3342 3276 3595 3347 accipere

2008 3345 2311 3433 potuerunt
2359 3362 2429 3418 ab
2464 3362 2553 3429 iis,
2582 3364 2676 3435 qui
2708 3380 2821 3419 non
2860 3365 3142 3421 habebant
3173 3368 3321 3438 quod
3366 3345 3600 3425 darent?

2009 3455 2136 3512 Hac
2166 3471 2281 3510 non
2311 3455 2587 3512 immerito
2610 3456 2736 3527 quis
2760 3457 2933 3527 possit
2955 3458 3197 3528 objicere
3224 3458 3313 3524 iis,
3332 3475 3455 3530 qua
3479 3471 3596 3516 tum

2008 3549 2078 3604 ab
2093 3549 2311 3604 Eleusio
2331 3556 2460 3604 sunt
2479 3547 2646 3604 dicta.
2669 3549 2799 3604 Post
2822 3546 2982 3622 15a
3000 3548 3119 3604 hac
3133 3550 3202 3604 ad
3220 3550 3386 3606 aliam
3402 3567 3597 3609 rursus

2008 3640 2369 3713 quastionem
2404 3639 2806 3696 transilierunt.
2839 3640 2975 3695 Nam
3019 3641 3280 3710 quoniam
3334 3642 3596 3699 Acaciani

2008 3734 2067 3790 in
2098 3733 2333 3789 formula
2366 3732 2493 3789 fidei
2536 3748 2658 3805 qua
2690 3732 2871 3789 fuerat
2915 3733 3163 3802 recitata,
3212 3733 3411 3791 Filium
3444 3735 3593 3793 Patri
3688 3756 3695 3761 ‘

2007 3827 2243 3884 similem
2268 3842 2389 3883 esse
2414 3827 2690 3893 dixerant,
2718 3827 3038 3898 quarebant
3063 3828 3207 3884 inter
3231 3844 3289 3885 se
3310 3845 3419 3901 qua
3444 3828 3502 3884 in
3534 3844 3596 3886 re

2008 3917 2180 3975 Filius
2205 3927 2351 3976 esset
2374 3919 2572 3976 similis
2612 3918 2785 3975 Patri.
2828 3918 2897 3973 Et
2925 3918 3183 3976 Acaciani
3216 3920 3443 3990 quidem
3477 3921 3594 3976 sola

2006 4016 2292 4071 voluntate
2331 4015 2567 4071 similem
2609 4030 2730 4071 esse
2765 4014 3043 4079 dicebant,
3088 4029 3201 4070 non
3232 4022 3417 4071 autem
3458 4014 3593 4070 sub-

2007 4107 2231 4164 stantia.
2278 4107 2500 4178 Reliqui
2543 4121 2756 4171 omnes,
2791 4104 2957 4160 etiam
3004 4104 3311 4161 substantia
3356 4105 3593 4160 similem

2006 4200 2157 4256 Patri
2176 4215 2299 4255 esse
2316 4200 2517 4254 Filium
2534 4198 2878 4254 asserebant.
2896 4197 2974 4252 De
2998 4196 3102 4251 hac
3123 4196 3428 4266 quastione
3447 4195 3593 4251 inter

2008 4311 2066 4352 se
2089 4295 2439 4358 altercantes,
2477 4300 2652 4347 totum
2678 4291 2826 4346 diem
2858 4290 3190 4344 contrivere.
3236 4289 3305 4344 Et
3330 4287 3592 4343 Acacium

2009 4383 2396 4446 confutabant,
2452 4380 2601 4452 quod
2651 4380 2710 4436 in
2755 4378 2914 4434 libris
2962 4393 3101 4449 quos
3151 4394 3182 4434 a
3241 4394 3300 4435 se
3356 4379 3593 4450 scriptos

319 4479 500 4535 Πολλά
530 4479 588 4532 δὲ
621 4479 759 4552 πρὸς
781 4478 1045 4550 ἀλλήλους
1077 4478 1209 4550 περὶ
1236 4476 1332 4532 τοῦ
1362 4477 1679 4550 ζητήματος
1710 4477 1902 4532 τούτου

2012 4474 2275 4539 ediderat,
2300 4473 2499 4529 Filium
2522 4473 2672 4528 Patri
2698 4486 2797 4542 per
2808 4469 2993 4525 omnia
3019 4469 3253 4526 similem
3277 4486 3399 4527 esse
3418 4469 3590 4525 dixis-

319 4567 902 4638 ἀκριϐολογουμένων,
932 4568 1030 4621 καὶ
1067 4566 1337 4639 μηδαμῶς
1377 4565 1835 4637 συμφωνούντων,
1871 4568 1901 4620 ὁ

316 4657 544 4720 Δεωνᾶς
564 4654 804 4719 ἀναστὰς
833 4654 1044 4708 διέλυσε
1068 4654 1160 4708 τὸν
1189 4653 1468 4723 σύλλογον.
1499 4655 1612 4709 Καὶ
1635 4653 1797 4708 τοῦτο
1821 4653 1901 4707 τέ-

316 4747 409 4813 λος
433 4748 596 4819 ἔσχεν
619 4749 656 4820 ή
685 4748 743 4801 εν
768 4746 1061 4819 Σελευκείᾳ
1100 4746 1370 4818 γενομένη
1408 4746 1646 4811 σύνοδος.
1685 4748 1766 4819 Τῇ
1793 4745 1902 4819 γὰρ

320 4837 449 4909 ἑξῆς
490 4835 985 4909 παρακαλούμενος
1022 4836 1207 4891 οὐκέτι
1250 4837 1334 4901 είς
1375 4834 1574 4892 ταύτὸν
1623 4834 1901 4889 συνελθεῖν

2006 4572 2110 4620 set.
2136 4562 2441 4629 Quomodo,
2459 4562 2700 4627 aiebant,
2717 4575 2918 4632 negare
2938 4575 3087 4615 nunc
3118 4562 3289 4616 audes
3318 4561 3440 4615 Filii
3463 4576 3590 4616 cum

2007 4656 2168 4712 Patre
2202 4655 2620 4710 similitudinem
2652 4653 2956 4710 secundum
2996 4654 3404 4710 substantiam?
3450 4653 3611 4709 Tum

2006 4746 2275 4803 Aeacius:
2301 4747 2493 4819 Neque
2518 4763 2588 4803 ex
2615 4746 3043 4815 recentioribus,
3071 4747 3283 4819 inquit,
3307 4763 3489 4819 neque
3520 4762 3591 4803 ex

2007 4838 2406 4895 vetustioribus
2425 4839 2735 4910 quisquam,
2761 4854 2831 4895 ex
2851 4838 3011 4895 libris
3036 4839 3154 4896 suis
3177 4838 3460 4912 judicatus
3482 4846 3597 4896 est.

1513 5014 1785 5072 VALESII
1819 4974 2373 5072 ANNorATioNEs.

385 5133 501 5206 (70)
518 5133 647 5206 Οὐχ
668 5131 944 5206 Iram
959 5130 999 5187 ἃ
1019 5130 1382 5206 μεμάθηκεν.
1399 5130 1459 5186 In
1476 5130 1666 5206 codice
1684 5130 1911 5206 Floren-

323 5199 438 5261 tino
458 5199 519 5261 et
541 5199 817 5273 Allatiano
839 5199 1107 5273 scriptum
1135 5210 1221 5258 est
1241 5220 1254 5255 :
1271 5202 1308 5257 ἃ
1326 5201 1399 5273 μὴ
1423 5199 1760 5273 μεμάθηκεν.
1781 5200 1910 5270 Epi-

359 5276 563 5331 hanius
585 5282 772 5329 autem
799 5271 1174 5329 Scholasticus
1197 5271 1347 5329 hunc
1373 5271 1557 5327 locum
1584 5271 1659 5327 ita
1701 5273 1901 5327 vertit:

369 5362 567 5401 tmen:
601 5342 884 5399 concilium
917 5342 1244 5398 celebratum
1271 5351 1369 5410 est,
1406 5359 1511 5397 non
1540 5352 1599 5396 ut
1640 5343 1907 5397 mathema

320 5415 624 5496 discat;_sic
668 5414 825 5470 enim
873 5413 1171 5486 legendum
1218 5424 1324 5481 est,
1366 5423 1429 5470 ut
1450 5413 1563 5485 jam
1614 5422 1776 5467 antea
1803 5411 1905 5467 ob-

320 5499 562 5541 servan.

390 5556 507 5627 (7i)
536 5554 898 5627 Eratzoﬁaa.
925 5555 1035 5627 Ant
1072 5555 1365 5627 στείχουσα
1414 5551 1771 5610 scribendum
1785 5559 1905 5627 _est,

319 5622 645 5697 accentuin
667 5622 1446 5697 primamsyllabam'rejecto,
1469 5632 1566 5681 aut
1599 5622 1906 5696 στοιχοῦσα,

324 5706 385 5749 ιιι
406 5695 685 5751 scribitur
708 5697 765 5752 in
798 5695 993 5751 codice
1023 5695 1364 5752 Florentino.
1424 5717 1445 5738 η

391 5766 508 5835 (72)
563 5766 710 5835 Τοὺς
750 5767 850 5822 καί
900 5766 1146 5822 ἐκείνων
1194 5766 1454 5836 πατέρας
1512 5766 1901 5837 ἀρνούμενος.

2008 5131 2252 5216 Delenda
2274 5131 2786 5216 videtur'partiep‘la
2805 5133 2945 5216 καί,
2979 5146 3102 5216 (χιι-ω
3132 5146 3379 5216 sensum
3403 5134 3595 5216 turbat

2008 5202 2196 5272 potius
2228 5217 2393 5272 quam
2422 5201 2661 5274 adjuvat.
2692 5201 2855 5274 certe
2905 5201 3249 5274 Epiphanius
3289 5202 3595 5274 scholasti-

2008 5271 2109 5327 cus
2141 5287 2263 5327 eam
2306 5287 2419 5326 non
2445 5271 2711 5343 agnoscit.
2748 5271 2840 5329 Sic
2869 5271 3027 5329 eni'm‘
3060 5275 3229 5329 vertit
3275 5291 3288 5327 :
3323 5273 3595 5340 Quomodo

2006 5352 2185 5415 patres
2240 5342 2331 5397 hos
2378 5342 2643 5415 nominas,
2690 5360 2735 5415 io
2777 5343 2993 5409 Eleusi,
3054 5361 3173 5400 cum
3231 5344 3449 5415 illorum
3491 5358 3597 5415 non

2006 5412 2231 5485 recipias
2271 5419 2448 5484 patres
2467 5412 2576 5485 ?rln
2605 5414 2795 5470 codice
2824 5424 3009 5471 autem
3038 5415 3241 5470 Leonis
3268 5412 3598 5485 Allatii,_hic

2005 5480 2163 5553 locus
2203 5480 2280 5538 ita
2299 5484 2644 5553 perscriptus
2661 5495 2779 5542 est:
2803 5487 2897 5541 καὶ
2925 5486 3053 5550 τοὺς
3085 5485 3306 5539 ἐκείνων
3353 5480 3598 5552 πατέρας

2008 5552 2423 5631 ἀρνουμέκςόυςς
2490 5552 2698 5631 absque
2764 5556 2911 5631 ullo_
2935 5570 3118 5631 sensu.
3170 5553 3288 5631 _Sed
3348 5558 3599 5631 nostram

2007 5623 2452 5680 emendationem
2489 5623 2781 5682 conﬁrmat
2811 5627 2982 5683 codex
3017 5623 3349 5685 Sfortianus,
3376 5623 3441 5684 in,
3485 5632 3609 5689 quo

2007 5693 2164 5748 deest
2208 5695 2482 5764 particula
2508 5697 2624 5764 καί,
2677 5704 2739 5751 ιιι
2799 5697 2865 5752 ad
2899 5699 3041 5752 latus
3069 5692 3197 5747 libri
3251 5691 3335 5747 sui
3386 5689 3616 5746 notavit‘

2008 5764 2348 5820 llolstenius.

2058 5765 2348 5822 olstenius.
