4078 6210
794 295 820 305 4

811 314 846 334 η

462 321 567 374 515

1933 329 2264 386 SOCRATlS

3626 336 3730 391 3ΐῦ

457 435 596 489 Cum
629 433 724 489 diu
757 437 960 492 acriter
997 454 1060 494 ac
1085 441 1362 497 subtiliter
1403 443 1471 499 de
1497 444 1602 501 hoc
1631 448 1810 517 capite
1839 447 2033 518 dispu-

2139 450 2321 512 αύτοῖς
2351 449 2581 518 ὴθέλησε
2607 489 2620 511 ,
2655 449 2832 519 φήσας
2864 445 3204 500 ἀπεστάλθαι
3249 447 3402 519 παρά
3443 446 3536 502 τοῦ
3571 450 3728 518 βασιο

458 532 686 591 tassent,
723 543 824 583 nec
864 529 978 584 ullo
1022 533 1184 587 modo
1239 534 1382 589 inter
1409 551 1466 590 se
1505 539 1886 602 convenirent,
1916 553 2040 591 sur-

457 633 590 687 gens
611 619 822 675 Leonas
849 623 1142 678 concilium
1173 625 1443 684 dissolvit.
1473 629 1632 684 Hunc
1659 629 1822 686 ﬁnem
1849 629 2043 684 habuit

456 709 699 780 synodus
725 711 1108 772 Scleuciensis.
1162 719 1389 774 Postero
1424 723 1572 776 enim
1606 723 1695 779 die
1736 733 1958 796 rogatus
1982 733 2042 779 ut

457 803 524 858 ad
573 821 890 861 consessum
942 809 1178 876 veniret,
1235 815 1529 881 recusavit,
1584 816 1654 870 ab
1709 817 2040 888 imperatore

457 899 684 952 missum
720 914 778 953 se
823 916 942 956 esse
991 902 1183 959 dicens
1226 913 1288 959 ut
1325 907 1586 962 concordi
1614 909 1823 980 synodo
1864 909 2038 964 inter-

455 997 621 1042 esset.
651 987 920 1054 Quoniam
958 1009 1107 1048 vero-
1134 996 1382 1050 nonnulli
1435 997 1578 1052 inter
1611 1015 1710 1056 vos
1746 1001 2035 1067 dissident,

455 1079 652 1150 inquit,
679 1098 781 1153 ego
825 1084 1019 1140 adesse
1047 1102 1156 1140 non
1184 1103 1427 1158 possum.
1474 1091 1635 1148 Abite
1684 1109 1836 1164 ergo,
1881 1104 1937 1150 et
1981 1095 2038 1150 in

454 1172 687 1226 ecclesia
743 1175 966 1243 garrite.
1018 1176 1138 1242 Quo
1190 1179 1338 1235 facto
1399 1181 1656 1245 Aeaeiani
1727 1200 1923 1256 magno
1983 1185 2037 1240 id

453 1263 720 1320 ducentes
755 1267 929 1333 lucro,
957 1269 1192 1333 ulterius
1218 1273 1408 1335 adesse
1431 1276 1749 1336 noluerunt.
1799 1277 2040 1333 Alterius

452 1364 636 1410 autem
663 1359 835 1427 partis
873 1361 1116 1432 episcopi
1143 1379 1268 1419 cum
1319 1367 1373 1420 in
1421 1368 1712 1423 ecclesiam
1747 1370 2037 1424 convenis-

452 1455 608 1510 sent,
653 1447 911 1502 Acacium
957 1451 1024 1504 ad
1070 1438 1366 1509 concilium
1418 1464 1717 1522 vocarunt,
1769 1466 1831 1512 ut
1875 1471 2040 1513 causa

451 1536 636 1608 Cyrilli
664 1538 1167 1612 Hierosolymorum
1204 1546 1445 1617 episcopi
1466 1548 1827 1618 judicaretur.
1847 1548 2038 1604 Scien-

451 1628 582 1682 dum
607 1629 754 1684 enim
772 1639 876 1696 est,
901 1631 1160 1703 Cyrillum
1177 1635 1291 1705 jam
1311 1645 1471 1692 antea
1499 1647 1813 1693 accusatum
1836 1639 2036 1707 fuisse;

451 1737 560 1791 qua
582 1730 765 1777 autem
790 1723 858 1778 de
883 1740 964 1789 re,
993 1741 1210 1796 nequeo
1231 1727 1733 1784 dicere.Ca:terum
1757 1731 2041 1802 depositus

2143 540 2278 603 λέως
2301 540 2393 592 ἐπὶ
2415 541 2475 593 τὸ
2499 542 2754 612 παρεῖναι
2792 542 2856 610 τῇ
2887 538 3089 609 συνόδῳ
3107 539 3487 610 όμοφωνούσῃ.
3511 541 3729 610 Ἐπειδὴ

2140 628 2200 681 δέ
2231 645 2382 691 τινες
2414 629 2726 699 διέστησαν,
2758 629 2819 681 οὐ
2840 629 3098 698 δύναμαι,
3127 628 3255 700 ἔφη,
3289 630 3726 700 παραγενέσθαι.

2153 721 2441 774 Ἀπέλθετε
2491 717 2620 787 οὖν,
2673 721 2768 774 καὶ
2814 721 2872 772 ἐν
2940 721 3007 790 τῇ
3087 720 3358 792 ἐκκλησίᾳ
3408 721 3726 792 φλυαρεῖτε.

2140 812 2345 867 Τούτου
2374 813 2688 884 γενομένου,
2714 815 2764 866 οἱ
2791 813 2921 884 περὶ
2959 812 3217 867 Ἀκάκιον
3247 813 3477 882 ἕρμαιον
3517 814 3730 885 ἡγησά-

2142 922 2292 976 μενοι
2316 946 2330 970 ,
2355 905 2476 958 ούδέ
2506 905 2661 958 αὐτοὶ
2683 905 2994 977 ἀπαντῆσαι
3016 903 3312 974 ἠθέλησαν.
3336 905 3400 957 Οἱ
3421 904 3479 958 δὲ
3509 905 3606 958 τοῦ
3629 906 3729 960 ἄλ-

2139 995 2232 1049 λου
2267 995 2471 1066 μέρους
2505 994 2911 1066 διακριθέντες,
2936 994 3031 1050 καὶ
3059 993 3408 1056 συνελθόντες
3438 995 3580 1048 κατὰ
3617 995 3719 1066 τὴν

2137 1087 2454 1159 ἐκκλησίαν,
2493 1085 2719 1142 ἐκάλῆυν
2749 1090 2877 1152 τοὺς
2923 1088 3054 1157 περ).
3089 1087 3364 1149 Ἀκάκιον,
3389 1088 3481 1140 ἐπὶ
3511 1087 3584 1157 τῷ
3609 1092 3731 1157 κρῖ-

2139 1197 2226 1232 ναι
2264 1179 2332 1233 τὰ
2361 1179 2503 1234 κατὰ
2530 1179 2798 1252 Κύριλλον
2832 1179 2925 1234 τὸν
2970 1179 3269 1233 ἐπίσκοπον
3311 1178 3724 1251 Ἱεροσολύμων.

2153 1272 2348 1326 ’ἰστέον
2369 1273 2481 1343 γὰρ
2498 1274 2580 1326 ὅτι
2608 1271 2870 1344 Κύριλλος
2893 1273 2992 1344 ἤδη
3026 1273 3294 1344 πρότερον
3333 1274 3682 1344 κατηγόρητο
3710 1291 3726 1306 ο

2139 1365 2233 1418 καὶ
2256 1365 2343 1418 διὰ
2372 1365 2422 1418 τί
2454 1365 2574 1436 μὲν,
2609 1365 2708 1419 οὐκ
2734 1365 2842 1436 ἔχω
2887 1365 3092 1437 φράσαι
3121 1378 3171 1420 ιι.
3198 1365 3493 1437 Καθῃρέθη
3521 1365 3608 1428 δὲ,
3641 1368 3727 1420 ὄτι

2141 1457 2403 1519 πολλάκις
2445 1460 2539 1511 ἐπὶ
2577 1457 2639 1510 τὸ
2670 1457 2924 1528 κριθῆναι
2951 1457 3285 1528 καλούμενος
3317 1467 3366 1521 τ,
3406 1457 3602 1529 ἐφεξῆς
3629 1458 3726 1511 δύο

2147 1549 2417 1603 ἐνιαυτῶν
2470 1548 2731 1619 διέφυγε,
2771 1548 2875 1612 τὰς
2919 1548 3258 1620 κατηγορίας
3303 1549 3721 1620 εὐλαϐούμενος.

2142 1639 2503 1711 Καθαιρεθεὶς
2547 1641 2592 1694 δ’
2623 1636 2716 1694 οὖν
2748 1640 2898 1711 ὅμως
2921 1639 3186 1711 ἐκκλήτου
3220 1639 3424 1710 βιϐλίον
3447 1643 3560 1705 τοῖς
3587 1642 3726 1695 καθ-

2142 1731 2322 1786 ελοῦσι
2347 1732 2820 1802 διαπεμψάμενος,
2847 1730 3030 1803 μεῖζον
3051 1731 3428 1786 ἐπεκαλέσατο
3456 1733 3722 1804 δικαστή-

449 1823 558 1878 est,
578 1823 866 1886 propterea
882 1819 1026 1888 quod
1044 1821 1242 1890 saepius
1267 1823 1322 1876 in
1342 1823 1610 1894 judicium
1634 1833 1879 1890 vocatus,
1899 1825 2033 1879 duo-

2145 1837 2294 1890 ptOV'
2332 1814 2394 1874 οὗ
2426 1822 2490 1890 τῇ
2533 1818 2781 1890 ἐκκλήτῳ
2827 1819 2926 1871 καὶ
2970 1818 3000 1871 ό
3043 1818 3297 1889 βασιλεὺς
3344 1821 3726 1882 Κωνστάντιος

451 1905 556 1960 bus
591 1907 867 1964 continuis
892 1911 1051 1965 annis
1074 1927 1186 1967 non
1226 1923 1628 1985 comparuerat,
1667 1915 2042 1973 accusationes

451 1998 836 2065 reformidans.
863 2003 1154 2072 Depositus
1173 2015 1354 2066 tamen
1399 2007 1775 2069 nihilominus,
1803 2007 2040 2076 appella-

451 2090 618 2145 tionis
634 2091 821 2148 libello
843 2093 910 2148 ad
926 2109 1022 2150 eos
1041 2096 1134 2166 qui
1154 2097 1334 2167 ipsum
1355 2096 1744 2167 deposuerant,
1765 2097 1950 2162 misso,
1971 2098 2039 2152 ad

452 2184 628 2254 majus
651 2183 920 2254 judicium
948 2188 1282 2264 provocavit.
1306 2187 1406 2243 Cui
1433 2188 1657 2258 quidem
1688 2189 2039 2258 appellationi

450 2275 613 2330 etiam
654 2277 950 2348 imperator
985 2277 1336 2335 Constantius
1376 2279 1703 2350 astipulatus
1738 2289 1841 2336 est.
1878 2281 2040 2336 Solus

453 2365 619 2437 igitur
644 2381 708 2422 ac
726 2367 938 2436 primus
970 2367 1218 2422 omnium
1245 2368 1501 2440 Cyrillus,
1552 2377 1745 2424 contra
1783 2370 2042 2424 ecclesia-

453 2459 579 2518 stici
605 2458 834 2514 canonis
853 2459 1331 2525 consuetudinem,
1359 2459 1800 2531 appellationem,
1819 2461 1962 2516 sicut
1982 2461 2038 2516 in

453 2551 688 2624 publicis
705 2552 931 2622 iudiciis
955 2551 1073 2606 ﬁeri
1099 2552 1255 2616 solet,
1284 2552 1638 2623 interposuit.
1665 2553 1744 2616 Ac
1770 2562 1884 2608 tum
1911 2555 2036 2624 qui-

451 2631 577 2708 dem
600 2640 864 2705 Seleucia:
894 2641 1106 2706 aderat,
1134 2651 1360 2712 paratus
1402 2643 1674 2714 judicium
1713 2643 1920 2698 subire.
1970 2643 2039 2698 Et

451 2733 523 2788 ob
549 2734 694 2790 hanc
719 2750 941 2800 causam
976 2733 1220 2804 episcopi
1247 2734 1552 2789 Acacianos
1600 2734 1668 2788 ad
1719 2750 2037 2790 consessum

449 2826 741 2890 vocabant,
767 2827 1232 2897 quemadmodum
1257 2827 1421 2896 paulo
1446 2836 1572 2882 ante
1599 2827 1735 2891 dixi,
1775 2836 1836 2881 ut
1873 2827 2039 2882 rebus

453 2918 796 2980 examinatis,
843 2919 1122 2973 communi
1163 2919 1395 2973 consilio
1439 2918 1769 2972 sententiam
1821 2917 2036 2986 profer-

453 3016 594 3062 rent.
627 3009 782 3079 155
809 3008 943 3063 Nam
980 3017 1035 3062 et
1068 3007 1204 3063 alios
1228 3007 1454 3078 perinde
1504 3016 1790 3062 accusatos
1834 3008 2038 3062 citave-

449 3107 598 3164 rant,
617 3099 710 3168 qui
735 3098 802 3155 ad
825 3106 1008 3169 partes
1029 3097 1390 3170 confugerant
1419 3097 1620 3152 Acacii.
1647 3096 1753 3152 Sed
1773 3097 2034 3166 quoniam

2140 1911 2384 1981 ἐγεγόνει
2417 1911 2726 1982 σύμψηφος.
2755 1911 2926 1964 Τοῦτο
2959 1911 3058 1982 μὲν
3091 1906 3210 1977 οὖν,
3240 1912 3400 1982 μόνος
3430 1913 3525 1966 καὶ
3564 1912 3722 1983 πρῶ-

2138 2019 2230 2064 τος
2258 2001 2410 2072 παρὰ
2443 2002 2506 2055 τὸ
2536 2001 2766 2072 σύνηθες
2805 2002 2916 2072 (75)
2950 2001 3028 2072 τῷ
3061 2002 3501 2073 ἐκκλησιαστικῴ
3533 2004 3728 2056 κανόνι

2139 2091 2406 2163 Κύριλλος
2437 2092 2712 2164 ἐποίησεν,
2749 2093 3036 2164 ἐκκλήτοις
3075 2093 3152 2158 ὡς
3189 2095 3246 2147 ἐν
3284 2094 3532 2166 δημοσίῳ
3575 2096 3728 2148 δικα·

2142 2183 2346 2255 στηρίῳ
2377 2184 2739 2254 χρησάμενος.
2763 2184 2895 2237 Τότε
2926 2185 2982 2238 δὲ
3023 2185 3080 2237 ἐν
3120 2187 3185 2256 τῇ
3221 2185 3510 2258 Σελευκείᾳ
3540 2189 3726 2258 παρῆν

2139 2275 2560 2347 κριθησόμενος.
2590 2277 2702 2330 Καὶ
2742 2275 2993 2330 διατοῦτο
3023 2277 3073 2331 οί
3109 2278 3397 2332 ἐπίσκοποι
3435 2281 3560 2342 τοὺς
3598 2281 3724 2349 περὶ

2151 2368 2405 2422 Ἀκάκιον
2431 2367 2680 2433 ἐκάλουν,
2715 2367 2792 2431 ὡς
2829 2367 3012 2440 μικρῷ
3044 2367 3352 2440 ἔμπροσθεν
3375 2371 3724 2440 ἐμνημονεύ-

2141 2475 2336 2530 σαμεν,
2360 2459 2510 2522 ὅπως
2537 2458 2604 2513 ἂν
2631 2459 2762 2530 περὶ
2791 2458 2904 2512 τῶν
2931 2460 3425 2530 κατηγορουμένων
3454 2460 3566 2532 (74)
3603 2461 3725 2516 δια-

2139 2548 2361 2617 γνόντες
2394 2546 2582 2618 κοινὴν
2613 2547 2941 2616 ἐξενέγκωσι
2979 2548 3180 2620 ψῆφον.
3221 2549 3483 2604 Ἐκάλουν
3509 2550 3616 2623 γάρ
3654 2551 3723 2622 δὴ

2140 2638 2232 2694 καί
2259 2655 2408 2701 τινας
2435 2637 2627 2702 ἄλλους
2651 2637 2761 2692 τῶν
2804 2640 3305 2710 κατηγορουμένων
3323 2681 3339 2706 ,
3367 2640 3419 2694 οἳ
3447 2643 3560 2705 τοῖς
3590 2643 3724 2712 περὶ

2151 2730 2405 2786 Ἀκάκιον
2455 2729 2956 2801 προσπεφεύγασιν.
3008 2731 3163 2786 Ἐπεὶ
3201 2727 3293 2786 οὖν
3325 2731 3583 2796 πολλάκις
3611 2750 3723 2786 καο

2138 2820 2390 2892 λούμενοι
2431 2821 2532 2876 οὑκ
2563 2820 2884 2892 ἀπήντησαν
2909 2863 2924 2886 ,
2956 2821 3204 2876 καθεῖλον
3245 2823 3408 2876 αὐτόν
3440 2839 3501 2876 τε
3553 2824 3724 2878 Ἀκάοο

2138 2912 2561 2984 κιον,Γεὼργιον
2593 2911 3014 2984 Ἀλεξανδρείας,
3045 2913 3352 2985 Ούρσάκιον
3373 2913 3550 2984 Τύρου
3574 2915 3718 2984 (75),

2138 3004 2425 3059 Θεόδουλον
2455 3003 2820 3075 Χαιρετάπων
2851 3004 2964 3072 (76)
3001 3003 3103 3074 τῆς
3129 3004 3408 3076 Φρυγίας,
3439 3005 3728 3059 Θεοδόσιον

2137 3095 2493 3164 Φιλαδελφίας
2537 3094 2638 3166 τῆς
2701 3095 2760 3147 ἐν
2821 3095 3017 3166 Λυδίᾳ,
3075 3095 3345 3166 Εύάγριον
3407 3095 3730 3167 Μιτυλήνης

451 3186 654 3269 saepius
677 3187 929 3243 accersiti
963 3187 1152 3242 venire
1198 3187 1599 3254 detrectabant,
1648 3186 1894 3256 episc0pi
1941 3187 2033 3257 qui

2139 3187 2241 3258 τῆς
2300 3186 2499 3256 νήσου,
2551 3185 2801 3239 Λεόντιον
2848 3184 3162 3259 Τριπόλεως
3189 3187 3293 3258 τῆς
3342 3185 3572 3252 Λυδίας,
3622 3189 3729 3242 καὶ

1653 3349 1920 3406 VALESll
1960 3347 2513 3405 ANNOTATIONES.

525 3465 636 3540 (73)
664 3467 860 3540 Μόνος
896 3471 994 3524 καί
1035 3469 1267 3537 πρῶτος
1295 3470 1456 3539 παρὰ
1478 3468 1543 3524 τὸ
1573 3470 1857 3537 σύνηθες.
1913 3469 2029 3525 Imo

453 3537 548 3592 diu
581 3550 706 3612 ante
728 3537 993 3611 Cyrillum
1038 3541 1333 3612 Donatistae
1377 3537 1408 3612 a
1449 3540 1660 3612 judicio
1693 3541 2029 3612 Arelatensis

453 3609 673 3664 concilii
700 3609 1149 3678 prevocaverant.
1201 3611 1293 3667 Sic
1317 3609 1466 3666 enim
1494 3610 1888 3666 Constantinus
1923 3611 2029 3664 im-

455 3688 674 3801 perator
705 3681 761 3734 in
807 3681 1038 3750 epistola
1065 3696 1164 3736 sua
1197 3681 1264 3736 de
1305 3681 1501 3736 iisdem
1548 3682 1828 3750 loquitur:
1856 3681 1900 3736 0
1933 3698 2028 3734 ra-

489 3749 577 3801 ida
614 3750 807 3801 furoris
850 3752 1078 3801 audacia
1100 3752 1120 3801 .'
1149 3749 1294 3801 Sicut
1331 3752 1386 3801 in
1428 3753 1600 3801 causis
1635 3751 1909 3801 aemilium
1938 3767 2026 3801 so-

489 3749 577 3802 ida
612 3750 807 3823 furoris
838 3749 1078 3823 audacia
1100 3752 1120 3804 .'
1149 3749 1294 3806 Sicut
1331 3752 1386 3804 in
1428 3753 1600 3810 causis
1625 3749 1909 3823 ﬁgentilium
1938 3767 2026 3804 so-

455 3816 1002 3892 tet,_a'ppellationem
1032 3821 1482 3892 interposuerunt.

523 3837 547 3882 r,
585 3837 616 3872 a
659 3837 1002 3890 peuanonem
1032 3837 1482 3900 interposuerunt.

523 3837 864 3969 inf-:0ch
918 3890 996 3969 (ne
1041 3890 1174 3969 περὶ
1213 3908 1331 3943 των
1395 3889 2027 3969 κᾳτηγορουμένῳηοί

452 3958 596 4031 τοῖς.
643 3958 760 4031 Hoc
777 3959 909 4014 loco.
928 3961 1065 4016 duas
1087 3961 1262 4031 lineas
1297 3976 1420 4030 qua:
1456 3962 1511 4015 in
1546 3958 1794 4031 vulgatis.
1825 3960 2026 4015 editio-

451 4030 620 4100 nihns
669 4028 920 4100 deerant,
946 4028 1331 4100 supplevimus
1360 4047 1428 4085 ex
1483 4028 1673 4085 codice
1711 4031 2028 4094 Florentino

451 4045 620 4084 mnus
669 4045 920 4092 deerant,
946 4045 1323 4153 supplevlmus
1360 4047 1428 4085 ex
1483 4045 1673 4085 conice
1711 4045 2025 4094 rtorenttno

450 4099 866 4182 et‘Sl’ortiano.‘
892 4100 1011 4182 Qni
1055 4117 1131 4182 ns.
1172 4101 1447 4182 consentit
1506 4101 1689 4155 versio
1732 4101 2025 4182 Epiplranii

452 4169 798 4226 Scholastici.
838 4169 907 4225 At
952 4169 1489 4241 Christophorsonus
1520 4186 1749 4240 prorsus
1781 4169 2026 4225 infelici-

453 4251 537 4296 ter
576 4241 724 4324 hunc
757 4241 960 4324 [locum
985 4243 1338 4324 snppleverat
1380 4242 1820 4324 ex_conjectura.
1862 4241 2017 4324 [inde
2053 4269 2094 4324 ι)

450 4319 696 4382 apparet,
753 4309 1315 4382 Christopho'rsonum
1379 4309 2018 4382 nullos‘mannscriptos

451 4380 694 4436 Socratis
719 4381 941 4437 codices
978 4380 1256 4444 habuisse,
1301 4381 1398 4437 sed
1432 4382 1613 4437 varias
1640 4383 1906 4437 duntaxat
1934 4383 2016 4436 le-

451 4451 662 4508 ctiones
710 4466 778 4505 ex
825 4453 1168 4521 marginibus
1204 4468 1532 4511 excusorum
1599 4453 1853 4508 codicum
1895 4467 2022 4507 cor-.

2127 3477 2364 3527 roaatas.

2194 3487 2700 3612 ῗὲἵὶιξὶῗδδύρᾳάκιον
3001 3536 3377 3612 scribendum.
3415 3547 3507 3612 est
3536 3538 3717 3612 Οὐράρ

2126 3607 2262 3676 νων,
2289 3607 2360 3666 ex
2409 3607 2707 3669 Athanasio
2750 3607 2824 3663 in
2853 3610 2998 3670 libro
3026 3609 3114 3679 De,
3149 3607 3378 3679 synodis
3399 3607 3634 3679 Arimini
3663 3619 3725 3670 et

2127 3681 2416 3745 Seleuciae,
2463 3697 2585 3750 pag.
2641 3679 2764 3743 880,
2797 3688 2854 3734 et
2894 3695 2967 3750 ex,
3020 3677 3328 3750 Epiphanio
3355 3677 3713 3750 Scholasticeg

2126 3753 2208 3806 lta
2232 3748 2797 3821 quoque—nominatur
2829 3749 2974 3821 apud
3019 3748 3388 3821 Epiphanium
3426 3748 3484 3821 in
3520 3748 3720 3821 hmrcsi

2127 3817 2623 3886 Sem'iarianorum,
2651 3820 2797 3874 inter
2829 3817 3240 3890 episcoposqui
3277 3817 3561 3880 Acaciana:
3596 3817 3724 3875 ﬁdei

2126 3890 2599 3961 subscripserunt.

2197 3960 2312 4032 (76)
2347 3955 2658 4032 bsoawpor
2689 3958 3106 4032 Xarperdmor._
3147 3957 3208 4012 In
3247 3955 3466 4032 eodice‘
3492 3956 3722 4032 Floren-

2125 4025 2243 4086 tino
2294 4025 2358 4084 et
2411 4025 2683 4084 Allatiano
2739 4025 2944 4092 rectius
3003 4028 3208 4099 legitur
3238 4025 3720 4099 _856_60u).ov.__Sic

2122 4101 2273 4157 enim
2299 4109 2533 4156 vocatur
2561 4100 2630 4154 ab
2658 4100 2960 4154 Athanasio
2991 4096 3426 4167 et'Epipbanio,
3477 4112 3540 4167 ac
3582 4096 3718 4149 Phi?

2123 4170 2403 4241 lostorgio.
2450 4171 2550 4224 Hic
2577 4185 2704 4241 curn
2741 4170 3059 4241 episcopatu
3083 4166 3492 4241 Chaerempensi
3518 4175 3722 4241 exutus

2124 4236 2321 4296 fuisset
2379 4240 2434 4294 in
2494 4239 2730 4294 concilio
2777 4236 3042 4294 Seleuciae
3081 4237 3378 4299 celebrato,
3426 4243 3611 4306 postea
3647 4236 3718 4289 ab

2123 4309 2482 4365 Eunomianis
2541 4309 2834 4379 episcopus
2879 4307 3332 4379 Palazstinm_est
3389 4306 3715 4379 ord_in_atu_s_,

2129 4390 2189 4436 ut
2217 4379 2383 4434 tradit
2440 4375 2592 4434 idem
2627 4375 3045 4445 Philostorgius.
3092 4379 3167 4432 De
3208 4375 3442 4431 Leontio
3471 4375 3718 4445 Tripoli.»

2130 4460 2260 4506 tano
2289 4449 2460 4509 multa
2489 4449 2660 4512 habes
2691 4449 2836 4517 apud
2869 4447 3318 4518 Philostorgium.

1903 4607 2286 4666 YARIORUM.

521 4722 552 4756 ιι
577 4715 678 4769 Διὰ
700 4715 759 4768 τί
777 4715 914 4780 μὲν,
938 4717 1052 4771 οὐκ
1075 4715 1201 4783 ἔχω
1237 4714 1484 4784 φράσαι.
1514 4716 1760 4784 Magnam
1783 4721 2033 4775 exercuit

451 4785 603 4841 litem
631 4784 868 4856 Cyrillus
887 4803 1010 4856 cum
1032 4785 1230 4840 Acacio
1245 4785 1562 4840 Caesariensi
1590 4784 1656 4840 de
1673 4788 1798 4855 jure
1824 4799 2031 4843 metro-

454 4855 692 4927 politano
730 4855 875 4925 quod
904 4855 1137 4927 Cyrillus
1157 4856 1400 4910 ecclesia:
1421 4873 1533 4912 sua:
1562 4857 1732 4910 veluti
1763 4859 1876 4913 sedi
1904 4875 2035 4927 apo-

453 4926 656 4997 stolicae
671 4941 916 4997 asserere
932 4926 1125 4997 voluit,
1143 4927 1475 4981 reclamante
1492 4927 1714 4997 quidem
1733 4926 2032 4983 consuetu-

452 4996 603 5068 dine,
633 5006 688 5068 et
715 4995 1151 5068 ipsiusNicaanae
1169 4997 1359 5068 synodi
1383 4995 1594 5052 canone
1627 4998 1880 5066 septimo.
1918 4999 2032 5055 Sie-

455 5065 579 5138 pius
599 5065 804 5121 idcirco
818 5067 874 5120 in
888 5066 1156 5138 judicium
1172 5065 1396 5122 vocatus
1412 5084 1520 5123 non
1542 5065 1851 5138 comparuit
1877 5088 1888 5122 :
1908 5069 2033 5124 inde

455 5136 834 5210 ab‘Acacio‘et
865 5137 1071 5210 synodo
1105 5138 1390 5210 Prelestina
1429 5136 1732 5210 depositus,
1764 5149 2030 5210 praeterito

455 5206 678 5277 quidem
701 5207 810 5261 alio
840 5206 1094 5280 crimine,
1118 5208 1265 5280 quod
1298 5206 1579 5280 grassante
1614 5206 1779 5270 fame'
1804 5211 1858 5264 in
1888 5227 2026 5280 pau-

455 5292 647 5345 perum
682 5293 816 5330 usus
870 5277 1160 5332 thesauros
1187 5279 1446 5334 Ecclesia:
1475 5281 1823 5346 vendiderat,
1863 5277 1920 5335 et
1970 5282 2026 5336 in

455 5347 542 5410 his
573 5363 782 5402 sacram
826 5348 1023 5402 stolam
1061 5348 1249 5402 aureis
1304 5348 1412 5403 ﬁlis
1443 5359 1779 5415 contextam,
1811 5367 1838 5406 a
1877 5351 2023 5408 Con-

387 5483 389 5485 1
455 5419 697 5506 stantino
741 5417 809 5506 ll.
863 5418 994 5506 huic
1048 5418 1294 5506 ecclesiae
1343 5419 1622 5506 donatam.
1664 5420 1774 5506 _Ab
1821 5422 2024 5506 iniqua

454 5488 636 5562 Acacii
669 5489 945 5562 sententia
977 5489 1318 5562 provocavit
1347 5489 1586 5560 Cyrillus
1614 5490 1680 5545 ad
1700 5561 1709 5562 ί
1728 5493 1905 5562 majus
1929 5488 2021 5561 jn-

457 5559 684 5620 dicium,
752 5558 1079 5629 astipulante
1131 5558 1257 5629 ipso
1305 5558 1631 5629 imperatore
1682 5558 2020 5617 Constantio.

457 5629 614 5702 Anno
651 5629 775 5702 559,
799 5627 1095 5702 in’synodo
1121 5627 1480 5702 Seleuciensi,
1533 5630 1734 5702 Acacio
1769 5633 2023 5702 superior

459 5699 560 5780 fuit
575 5717 605 5780 ς
623 5699 719 5780 sed
746 5699 801 5754 in
825 5698 1188 5780 conciliabulo
1215 5698 1378 5780 paulo
1406 5709 1530 5780 post
1553 5698 2022 5780 Constantinopoli

462 5768 666 5836 habito,
705 5769 1020 5826 incrustatis
1061 5768 1342 5849 prioribus
1395 5768 1710 5837 Calumniis,
1752 5768 2023 5849 novisque

2129 4722 2332 4778 additis
2365 4724 2598 4780 Aeacius
2630 4721 2784 4790 illum
2812 4719 3014 4773 iterum
3039 4718 3314 4790 deposuit.
3372 4717 3541 4789 (Guil.
3569 4716 3718 4772 Cave

2131 4793 2187 4846 in
2222 4793 2424 4866 Cyrillo
2462 4788 2755 4866 Hierosol.)

2201 4872 2229 4901 ⁷
2267 4857 2427 4918 ’Ὅτι
2497 4857 2795 4924 πολλάκις
2865 4858 2964 4911 ἐπὶ
3029 4858 3097 4912 τὸ
3169 4857 3447 4928 κριθῆναι
3485 4858 3716 4911 κα.ὶού-

2131 4935 2562 5001 {teram—Juxta
2614 4944 2882 4986 canonem
2940 4930 3303 5001 apostolicum
3334 4927 3444 4993 ⁷74,
3498 4928 3592 4997 qui
3625 4927 3720 5001 hic

2132 4999 2361 5059 Statuit:
2413 5003 2741 5056 Ἐπίσκοπον
2792 4999 3241 5070 κατηγορηθέντα
3285 5000 3376 5053 ἐπί
3410 5016 3527 5070 ,τινι
3560 4999 3720 5070 παρὰ

2130 5074 2457 5138 ἀξιοπίστων
2487 5067 3208 5140 ἀνθρώπωνβ-Ερίέεὸρυηι
3250 5087 3282 5123 a
3319 5069 3444 5140 viris
3492 5067 3598 5136 ﬁde
3629 5069 3717 5121 di-

2131 5146 2248 5215 gnis
2301 5145 2363 5199 ob
2394 5139 2606 5213 aliquid
2627 5140 3188 5215 accusatum,_i_psum_
3217 5141 3292 5215 αι)Δ
3335 5139 3589 5215 episcopis
3620 5155 3716 5192 vo-

2128 5209 2242 5269 cari
2264 5230 2466 5268 necesse
2485 5209 2604 5266 est.
2638 5211 2709 5266 Et
2730 5211 2776 5264 si
2806 5227 2861 5264 se
2886 5209 3098 5280 quidem
3121 5211 3325 5280 stiterit
3351 5219 3398 5262 et
3449 5209 3718 5277 confessus

2125 5283 2208 5338 vel
2232 5285 2495 5338 convictus
2535 5283 2714 5354 fuerit,
2781 5279 3054 5354 statuatur
3090 5297 3266 5350 pwna.
3300 5279 3358 5335 Si
3411 5288 3590 5354 autent
3617 5294 3716 5354 vo-_

2125 5364 2272 5409 catus
2303 5372 2407 5409 non
2436 5347 2696 5423 paruerit,
2718 5351 2946 5423 secundo
2969 5347 3130 5404 etiarn
3161 5361 3395 5413 vocetur,
3427 5349 3612 5423 emissis
3644 5347 3717 5423 ad

2121 5426 2296 5496 ipsum
2343 5417 2596 5496 episcopis
2621 5422 2844 5476 duobus.
2876 5419 2936 5496 _Si
2981 5427 3158 5496 autem
3191 5423 3353 5496 etiam
3389 5422 3464 5475 sic
3491 5434 3594 5471 non
3625 5417 3719 5470 ob-

2124 5490 2330 5560 edierit,
2373 5490 2604 5548 'vocetur
2663 5503 2711 5545 et
2767 5493 2942 5555 tertio,
2991 5490 3190 5544 duobus
3231 5490 3300 5544 ad
3352 5506 3470 5544 eum
3527 5502 3715 5541 rursus

2126 5567 2296 5619 missis
2321 5565 2600 5636 episcopis.
2648 5561 2705 5636 Si
2745 5569 2923 5614 autem
2949 5560 3042 5636 cel
3069 5561 3146 5613 sic
3189 5577 3484 5636 aspernans
3521 5566 3714 5636 contu-

2126 5651 2252 5688 max
2297 5627 2362 5689 δέ
2400 5627 2504 5688 non
2533 5634 2748 5692 stiterit,
2790 5632 3020 5702 synodus
3058 5647 3122 5684 ea
3169 5627 3286 5700 qua!
3323 5631 3572 5702 videntur
3607 5627 3712 5702 ad-

2127 5721 2304 5758 versus
2333 5722 2450 5759 eum
2482 5698 2905 5771 pronuntictfne
2953 5698 3267 5771 lucrifacere
3316 5700 3558 5754 videatur
3581 5698 3714 5750 dum

2130 5776 2382 5839 iudicium
2409 5773 2744 5841 subterfuqit.
