4078 6210
429 237 537 293 δι’]

1900 238 2235 297 SOCRATIS

3582 244 3711 300 3‘8‘

432 354 559 408 dem
580 365 745 421 quam
771 347 872 420 ipsi
893 348 1290 419 exposuissent.
1315 347 1677 416 Quamobrem
1707 351 2020 422 indignatus

2136 359 2324 410 πίστιν.
2367 353 2566 425 Διόπερ
2611 334 2997 425 ἀγανακτήσας
3032 351 3062 405 ό
3107 350 3379 422 βασιλεὺς,
3427 351 3696 424 ἐπενόησε

437 444 754 514 imperator,
782 456 877 497 eos
901 440 1214 511 dispergere
1230 442 1533 506 constituit,
1552 443 1667 512 lege
1690 444 1798 497 lata
1818 444 2014 512 princi-

439 534 615 602 piens,
646 541 705 586 ut
727 532 1040 602 quicunque
1070 531 1212 585 inter
1241 532 1365 587 illos
1384 533 1617 602 publicis
1639 533 2016 588 functionibus

436 636 601 678 erant
620 621 862 686 obnoxii,
897 621 962 675 ad
993 622 1279 692 pristinam
1303 622 1673 677 conditionem
1698 624 2016 693 redigeren-

437 724 544 771 tur.
574 715 707 769 Nam
739 730 805 769 ex
846 714 955 768 illis
994 715 1088 769 alii
1128 715 1542 785 municipalium
1593 716 1872 782 ordinum,
1924 717 2018 771 alii

436 807 780 861 diversorum
831 806 886 860 in
933 806 1233 876 provinciis
1281 805 1585 861 olliciorum
1640 806 2017 863 functionibus

438 905 597 952 erant
626 897 857 952 astricti.
882 897 979 951 llis
1004 898 1077 952 ita
1101 898 1455 967 perturbatis,
1483 897 1738 953 Acaciani
1757 898 2023 954 Constan-

444 990 671 1060 tiuopoli
711 989 918 1044 diutius
959 989 1331 1053 immorantes,
1379 990 1529 1047 aliud
1581 990 1875 1045 concilium
1925 1005 2020 1045 co-

440 1093 691 1152 egerunt,
745 1082 1028 1136 accersitis
1070 1082 1343 1153 episcopis
1377 1081 1664 1153 Bithynia).
1698 1082 2022 1153 Congregati

443 1172 608 1243 igitur
652 1174 925 1228 antistites
966 1189 1195 1228 numero
1236 1173 1654 1244 quinquaginta,
1696 1173 1841 1228 inter
1885 1188 2025 1243 quos

441 1273 561 1318 erat
608 1262 768 1318 Maris
795 1265 1085 1334 episcopus
1122 1264 1502 1329 Chalcedonis,
1556 1264 1683 1320 ﬁdei
1735 1264 2023 1320 formulam

438 1353 670 1408 Arimini
700 1356 1016 1424 perlectam,
1044 1355 1132 1409 cui
1164 1356 1372 1426 praeﬁxi
1402 1367 1563 1415 erant
1586 1359 1861 1422 consules,
1889 1373 2023 1413 con-

438 1445 747 1501 ﬁrmarunt.
773 1445 945 1512 Quam
992 1447 1216 1517 quidem
1255 1449 1361 1503 hoc
1391 1450 1512 1504 loco
1541 1449 1784 1505 inserere
1829 1464 2025 1519 super-

436 1549 667 1589 vacuum
694 1541 858 1599 esset,
885 1535 931 1589 si
962 1536 1101 1590 nihil
1142 1537 1211 1592 de
1244 1552 1345 1591 suo
1389 1538 1468 1591 illi
1519 1536 1865 1608 adjecissent.
1918 1536 2026 1591 Sed

2114 447 2425 517 διασπεῖραι
2439 446 2655 511 αὑτοῦς,
2676 448 2824 517 νόμῳ
2847 442 3131 507 κελεύσας,
3151 444 3279 506 τοὺς
3304 443 3701 515 ὑποκειμένους

2117 539 2295 592 αὐτῶν
2323 537 2605 609 δημοσίοις
2634 536 3084 607 λειτουργήμασι,
3116 537 3182 606 τῇ
3214 533 3321 605 ἰδίᾳ
3339 534 3480 607 τύχῃ
3511 536 3703 589 ἀποδί-

2116 629 2321 684 δοσθαι.
2364 629 2476 683 Καὶ
2506 629 2616 700 γὰρ
2650 622 2791 699 ἦσαν
2834 628 2979 691 τινὲς
3009 625 3071 692 ἐξ
3111 625 3291 679 αὐτῶν
3331 625 3701 697 λειτουργίαις

2120 720 2490 792 ὁποκείμενοι,
2521 721 2573 773 oi
2600 720 2698 792 μὲν
2727 719 3125 790 βουλευτηρίων
3146 758 3162 782 ,
3187 716 3238 770 oi
3268 717 3327 770 δὲ
3352 717 3462 771 τῶν
3491 719 3549 771 ὲν
3576 720 3703 784 ταῖς

2119 811 2408 883 ἐπαρχίαις
2429 810 2636 876 τάξεων
2658 812 2793 882 (82).
2824 810 3042 864 Τούτων
3070 809 3137 881 δὴ
3166 808 3340 871 οὓτως
3360 807 3705 880 ταραττομέο

2121 923 2250 969 νων,
2273 906 2323 958 οἱ
2346 922 2412 958 πε
2421 906 2476 976 pl
2514 904 2765 960 Ἀκάκιον
2787 902 3166 974 ἐπιμείναντες
3195 903 3263 973 τῇ
3284 901 3701 973 Κωνσταντίνου

2120 994 2574 1064 πόλει,συνέδριον
2586 994 2674 1047 ἓτε
2681 1011 2769 1067 ρον
2786 994 3168 1065 πεποιήκασιι,
3185 992 3312 1054 τοὺς
3327 991 3436 1045 ἀπὸ
3448 991 3707 1056 Βιθυνίας

2122 1086 2454 1149 ἐπισκόπους
2477 1084 2984 1157 μεταπεμψάμενοι.
3009 1083 3296 1153 Γενόμενοι
3314 1077 3409 1137 οὖν
3427 1084 3477 1136 oi
3500 1084 3708 1148 πάντες

2122 1173 2213 1227 τὸν
2237 1173 2469 1245 ἀριθμὸν
2499 1175 2836 1245 πεντήκοντα
2861 1174 2997 1244 (85),
3015 1167 3096 1237 οἷς
3122 1172 3504 1243 κατηρίθμητο
3520 1174 3711 1243 Μάρις

2123 1267 2153 1319 ὁ
2185 1264 2551 1336 Χαλκηδόνος,
2584 1265 2862 1337 βεϐαιοῦσι
2894 1265 2994 1336 τὴν
3022 1266 3081 1318 ἐν
3120 1265 3401 1335 ’Δριμήνῳ
3432 1264 3569 1333 μετὰ
3603 1265 3709 1335 τῆς

2127 1356 2391 1421 ὑπατείας
2416 1359 2856 1427 ἀναγνωσθεῖσαν
2884 1358 3089 1410 πίστιν.
3126 1356 3230 1409 Ἢν
3256 1356 3512 1429 περιττὸν
3536 1352 3605 1427 ἦν
3635 1356 3708 1410 ἂν

2126 1450 2362 1505 ἐνταῦθα
2399 1450 2740 1523 προκεῖσθαι,
2774 1450 2825 1502 εί
2852 1447 3032 1521 ’μηδὲν
3057 1449 3197 1519 αὐτῇ
3233 1446 3706 1518 προστεθείκασιν.

2141 1536 2441 1614 Ἐπειδηδέ
2458 1560 2580 1596 τινα
2606 1542 2745 1613 αὐτῇ
2786 1538 3202 1611 προστεθείκασι
3233 1540 3484 1611 ῥήματα,
3527 1539 3709 1608 ἀναγ-

437 1627 696 1695 quoniam
718 1627 983 1682 nonnulla
1001 1628 1053 1682 ei
1074 1627 1243 1683 verba
1266 1636 1639 1692 attexuerunt,
1656 1627 2026 1687 necessarium

2136 1637 2282 1688 καῖον
2314 1635 2409 1688 καὶ
2453 1629 2610 1697 αὖθις
2638 1632 2809 1703 αὐτὴν
2836 1630 3070 1685 ἐνταῦθα
3108 1629 3494 1702 παραγράψαι.
3540 1629 3702 1682 Ἔστι

439 1718 663 1772 omnino
685 1727 771 1775 est
803 1727 863 1775 ut
886 1719 978 1775 hic
1004 1719 1187 1776 denuo
1210 1721 1537 1776 ascribatur.
1575 1720 1675 1776 Est
1706 1728 1892 1777 autem
1919 1721 2029 1779 bu-

2136 1725 2187 1780 Βὲ
2223 1727 2281 1779 ἐν
2304 1727 2418 1789 τοῖς
2448 1726 2656 1797 ῥήμασι
2681 1721 2919 1787 τούτοις*

434 1810 677 1876 jusmodi
714 1829 727 1865 :
3568 1880 3573 1884 .

513 1903 804 1958 Credimus
832 1902 887 1956 in
922 1919 1092 1958 unum
1118 1903 1290 1958 Deum
1327 1904 1544 1958 Patrem
1572 1906 2026 1976 omnipotentem,

2202 1910 2231 1949 ι’
2249 1898 2586 1971 Πιστεὺομεν
2609 1898 2690 1962 εἰς
2703 1898 2799 1952 ἕνα
2820 1897 2978 1968 μόνον
2993 1895 3148 1962 θεὸν,
3166 1894 3387 1967 Πατέρα
3398 1892 3713 1965 παντοκρά-

440 2009 509 2049 ex
538 2009 648 2062 quo
668 1999 797 2047 sunt
832 1991 1016 2046 omnia
1051 2010 1063 2045 :
1092 2000 1148 2046 et
1174 1992 1230 2047 in
1258 1992 1483 2048 unicum
1514 1994 1713 2049 Filium
1758 1994 1878 2059 Dei,
1904 2002 2031 2049 ante

2136 2009 2282 2062 τορα,
2309 1990 2366 2056 ἐξ
2394 1984 2454 2045 οὗ
2473 1990 2542 2043 τὰ
2569 1990 2744 2043 πάντα
2763 2004 2778 2019 ⁸
2805 1988 2900 2042 καὶ
2925 1989 3009 2051 εἰς
3041 1986 3133 2040 τὸν
3168 1986 3437 2057 μονογενῆ
3458 1986 3583 2038 Υίδν
3608 1983 3710 2039 τοῦ

441 2085 623 2139 omnia
655 2084 853 2139 saecula
873 2091 930 2138 et
953 2092 1079 2139 ante
1103 2098 1266 2140 omne
1303 2084 1657 2155 principium,
1688 2087 1933 2157 genitum
1963 2102 2031 2142 ex

2136 2080 2288 2146 Θεοῦ,
2321 2081 2426 2154 πρὸ
2453 2080 2673 2135 πάντων
2701 2080 2811 2132 τῶν
2835 2078 3048 2133 αἰώνων
3078 2078 3170 2133 καὶ
3194 2077 3301 2148 πρὸ
3332 2078 3512 2146 πάσης
3531 2077 3714 2149 ἀρχῆς

444 2176 554 2233 Deo
575 2192 588 2228 :
612 2191 712 2246 per
730 2191 895 2245 quem
908 2174 1091 2230 omnia
1117 2173 1257 2229 facta
1277 2182 1426 2239 sunt,
1451 2182 1560 2229 tam
1583 2176 1841 2243 visibilia,
1866 2192 2031 2247 quam

2136 2174 2459 2244 γεννηθέντα
2491 2174 2556 2226 ὲκ
2578 2172 2673 2226 τοῦ
2699 2171 2837 2226 Θεοῦ
2853 2188 2871 2205 ’
2888 2171 2954 2225 δι’
2975 2163 3036 2225 οὗ
3061 2169 3132 2225 τὰ
3160 2172 3338 2225 πάντα
3369 2169 3605 2238 ἐγένετο,
3638 2168 3717 2223 τὰ

445 2265 741 2321 invisibilia
771 2284 784 2321 :
814 2283 1050 2337 eumque
1083 2266 1261 2321 solum
1284 2266 1628 2337 unigenitum
1651 2283 1720 2325 e1
1741 2268 1905 2324 Patre
1931 2284 2034 2327 na-

2136 2263 2303 2336 ὑρατὰ
2332 2263 2511 2318 καὶτὰ
2533 2263 2741 2336 ἀόρατα
2762 2279 2776 2293 ·
2800 2261 3131 2332 γεννηθέντα
3147 2262 3204 2315 δὲ
3235 2262 3519 2333 μονογενῆ,
3546 2254 3714 2331 μόνον

448 2364 557 2410 tum
588 2371 731 2421 esse,
763 2356 939 2412 solum
960 2371 1028 2411 ex
1050 2356 1187 2420 solo,
1219 2357 1391 2410 Deum
1421 2372 1489 2411 ex
1511 2357 1624 2412 Deo
1658 2375 1672 2411 ι
1717 2357 1954 2413 similem
1982 2359 2036 2415 ei

2136 2354 2198 2408 ὲκ
2237 2354 2397 2425 μόνου
2423 2353 2518 2408 τοῦ
2545 2352 2781 2424 Πατρὸς,
2811 2352 2943 2406 Θεὸν
2973 2353 3040 2406 ὲκ
3070 2349 3230 2415 Θεοῦ,
3256 2352 3444 2422 ὅμοιον
3475 2349 3552 2419 τῷ
3582 2366 3717 2419 γεν-

450 2448 545 2518 qui
569 2448 746 2518 ipsum
775 2446 964 2517 genuit
984 2445 1132 2502 Patri
1175 2445 1476 2503 secundum
1505 2444 1817 2518 Scripturas
1843 2466 1856 2501 :
1883 2449 2039 2519 cujus

451 2538 858 2605 generationem
882 2551 1042 2591 nemo
1061 2536 1235 2601 novit,
1258 2535 1364 2594 nisi
1393 2536 1542 2591 solus
1561 2536 1655 2606 qui
1678 2537 1829 2591 illum
1851 2538 2040 2607 genuit

448 2629 626 2684 Pater.
668 2629 826 2683 Hunc
852 2628 1196 2700 unigenitum
1225 2627 1419 2683 Filium
1450 2628 1547 2683 Dei
1586 2628 1790 2683 scimus
1825 2645 1857 2683 a
1877 2630 2038 2685 Patre

356 2774 373 2783 κ
447 2718 670 2773 missum
706 2718 1054 2774 descendisse
1087 2718 1155 2773 de
1186 2717 1359 2785 cmlis,
1384 2718 1527 2773 sicut
1552 2720 1815 2790 scriptum
1838 2728 1941 2781 est.
1971 2720 2039 2775 ad

446 2813 877 2868 destructionem
911 2813 1118 2882 peccati
1149 2822 1313 2882 atque
1359 2812 1556 2867 mortis
1584 2830 1599 2865 :
1627 2821 1684 2866 ct
1720 2828 1788 2867 ex
1832 2812 2039 2889 Spiritu

448 2910 640 2956 sancto
666 2909 852 2955 natum
900 2901 969 2955 de
1001 2900 1170 2954 Maria
1196 2900 1416 2971 Virgine
1459 2898 1763 2954 secundum
1794 2915 2037 2966 carnem,

447 3001 505 3048 ct
533 3007 657 3046 cum
682 2990 969 3060 discipulis
999 2999 1405 3055 conversatum,
1425 2997 1484 3045 et
1514 2990 1773 3046 universa
1812 2990 2038 3061 dispen-

449 3081 662 3136 satione
680 3082 834 3151 juxta
860 3080 1037 3133 Patris
1060 3079 1399 3134 voluntatem
1430 3081 1672 3151 impleta,
1697 3080 2038 3147 cruciﬁxum,

451 3180 730 3227 mortuum
748 3186 811 3226 ac
823 3170 1097 3239 sepultum
1117 3185 1258 3233 esse,
1281 3171 1416 3225 etad
1435 3171 1643 3227 inferos
1659 3171 2009 3227 descendisse
2027 3190 2042 3227 :

452 3274 617 3328 quem
646 3266 703 3314 et
731 3258 847 3329 ipse
873 3273 1040 3314 orcus
1065 3259 1370 3314 exhorruit.
1394 3259 1498 3326 Qui
1537 3261 1704 3317 etiam
1736 3262 1900 3316 tertio
1923 3271 2047 3333 post

454 3352 543 3406 die
568 3352 807 3406 surrexit
828 3367 859 3407 a
896 3352 1150 3417 mortuis,
1173 3360 1228 3407 et
1270 3368 1396 3409 cum
1423 3353 1580 3425 157
1601 3354 1886 3426 discipulis
1917 3372 2045 3411 ver-

456 3454 608 3500 satus
623 3454 708 3500 est
731 3462 743 3499 :
768 3444 1098 3516 tandemque
1123 3447 1409 3517 completis
1444 3447 1804 3517 quadraginta
1826 3447 2042 3515 diebus,

458 3544 771 3606 assumptus
796 3544 880 3592 est
915 3537 970 3591 in
999 3538 1221 3602 caelum,
1244 3537 1509 3608 sedetque
1534 3538 1602 3593 ad
1628 3538 1906 3594 dexteram
1947 3540 2048 3595 Pa-

461 3630 580 3693 tris,
620 3636 866 3684 extremo
898 3629 1324 3685 resurrectionis
1352 3629 1442 3685 die
1482 3638 1749 3685 venturus
1782 3630 1838 3684 in
1876 3631 2048 3702 gloria

2135 2447 2363 2517 νήσαντι
2396 2444 2558 2500 αὐτὸν
2586 2445 2763 2516 Πατρὶ
2784 2443 2926 2499 κατὰ
2945 2442 3045 2506 τὰς
3071 2443 3295 2517 Γραφας
3318 2459 3332 2472 '
3365 2433 3427 2496 οὗ
3454 2442 3551 2512 τὴν
3577 2440 3715 2509 γέν-

2136 2552 2291 2605 νησιν
2319 2535 2495 2599 οὐδεὶς
2522 2534 2801 2604 γινώσκει,
2832 2536 2879 2587 εί
2907 2534 2981 2606 μὴ
3013 2533 3173 2606 μόνος
3200 2534 3229 2585 ὁ
3253 2534 3522 2603 γεννήσας
3543 2531 3716 2585 αὐτὸν

2137 2630 2346 2699 Πατήρ.
2404 2627 2604 2681 Τοῦτον
2650 2627 2869 2699 οἴδαμεν
2914 2628 3175 2699 μονογενῆ
3215 2624 3308 2681 τοῦ
3358 2625 3492 2679 Θεοῦ
3542 2624 3664 2678 Υίὸν
3692 2662 3714 2688 ,

2139 2718 2448 2789 πέμποντος
2477 2717 2572 2771 τοῦ
2608 2718 2823 2788 Πατρὸς
2855 2717 3257 2791 παραγενέσθαι
3297 2718 3361 2771 ἐκ
3401 2716 3510 2770 τῶν
3543 2715 3716 2786 οὐρα-

2139 2809 2265 2875 νῶν,
2297 2809 2373 2871 ῶς
2398 2809 2724 2878 γέγραπται,
2752 2809 2845 2862 ἐπὶ
2875 2809 3169 2863 καταλύσει
3195 2811 3292 2880 τῆς
3313 2808 3583 2879 ἁμαρτίας
3617 2806 3719 2860 καὶ

2138 2899 2235 2953 τοῦ
2269 2899 2522 2953 θανάτου.
2555 2900 2664 2954 Καὶ
2684 2900 3027 2979 γεννηθέντα
3057 2903 3122 2955 ὲκ
3160 2900 3477 2971 Πνεῦματος
3515 2898 3671 2967 ἁγίου
3694 2939 3715 2959 ,

2141 2990 2237 3045 καὶ
2267 2990 2488 3062 Μαρίας
2508 2991 2785 3063 Παρθένου
2807 2992 2868 3046 τὸ
2888 2992 3029 3055 κατά
3057 2993 3255 3063 σάρκα,
3284 2992 3359 3056 ὡς
3382 2991 3714 3062 γέγραπται,

2142 3083 2238 3137 καὶ
2266 3082 2682 3155 ἀναστραφέντα
2712 3084 2849 3154 μετὰ
2867 3084 2977 3137 τῶν
2997 3082 3278 3155 μαθητῶν·
3306 3083 3400 3137 καὶ
3417 3083 3597 3153 πάσης
3613 3083 3720 3153 τῆς

2141 3174 2453 3245 οἰκονομίας
2494 3174 2874 3245 πληρωθείσης
2904 3175 3047 3228 κατὰ
3076 3174 3175 3246 τὴν
3204 3174 3489 3244 Πατρικὴν
3524 3173 3723 3243 βούλη-

2144 3282 2249 3329 σιν,
2274 3263 2653 3337 σταυρωθέντα
2693 3266 2788 3318 καὶ
2806 3263 3166 3329 ἀποθανόντα,
3190 3265 3285 3318 καὶ
3304 3263 3540 3333 ταφέντα
3562 3302 3577 3324 ,
3621 3262 3723 3316 καὶ

2142 3358 2223 3421 είς
2259 3358 2328 3411 τὰ
2351 3356 2676 3427 καταχθόνια
2707 3355 3143 3427 κατεληλυθόται
3165 3373 3180 3387 θ
3211 3356 3392 3409 ὅντινα
3423 3354 3516 3408 καὶ
3548 3353 3717 3417 αὐτὸς

2144 3451 2175 3503 ὁ
2210 3448 2345 3520 ᾅδης
2392 3447 2643 3519 ἔπτηξεν.
2680 3449 2870 3510 Ὅστις
2901 3448 2994 3501 καὶ
3021 3448 3218 3518 ἀνέστη
3245 3447 3352 3501 ἀπὸ
3381 3446 3490 3500 τῶν
3511 3445 3723 3517 νεκρῶν

2150 3541 2217 3611 τῇ
2247 3539 2406 3612 τρίτῃ
2441 3538 2626 3610 ἡμέρᾳ
2648 3578 2660 3599 ,
2706 3537 2801 3591 καὶ
2836 3536 3076 3609 διέτριψε
3113 3536 3252 3608 μετὰ
3288 3537 3394 3589 τῶν
3428 3534 3720 3606 μαθητῶνο

2152 3632 2248 3686 καὶ
2290 3629 2679 3702 πληρωθεισῶν
2715 3629 2825 3683 τῶν
2876 3629 3284 3700 τεσσαράκοντα
3328 3628 3575 3701 ἡμερῶν,
3625 3628 3727 3683 ἁν-

1642 3783 1913 3839 VALESII
1949 3782 2507 3841 ANNOTATIONES.

535 3896 643 3970 (8'2)
679 3897 742 3950 Οἱ
770 3894 982 3970 δὲῼτῶν
1010 3896 1082 3970 έν
1110 3896 1236 3970 ταῖς
1266 3895 1579 3970 ἐπαρχίαις
1610 3894 1857 3960 τάξεων.
1894 3894 2041 3970 Sup-

466 3964 959 4039 ple‘istsoupyiatq
1011 3964 1387 4036 ὑποκείμενοι.
1415 3964 1575 4039 Quod
1608 3981 1735 4039 cum
1776 3981 1889 4032 non
1925 3964 2045 4020 ani-

465 4035 884 4093 inadvertissent
914 4035 1261 4106 interpretes,
1302 4044 1479 4092 totum
1524 4036 1673 4106 hunc
1700 4036 1889 4106 locum
1919 4052 2046 4104 per—

466 4122 654 4178 peram
685 4114 1041 4178 acceperunt.
1061 4103 1209 4178 Quid
1257 4114 1443 4178 essent
1461 4103 1663 4178 τάξεις,
1691 4103 2046 4178 jampridem

465 4173 654 4231 inonui
683 4176 740 4230 in
780 4173 1243 4231 Ann'otationibus
1290 4176 1358 4230 ad
1392 4173 1742 4230 Ammianum
1771 4173 2044 4230 Marcelli-

465 4262 598 4301 num
635 4263 648 4300 :
684 4261 913 4316 corpora
959 4246 1168 4301 scilicet
1221 4244 1534 4316 oﬂicialium
1597 4245 1714 4300 sive
1765 4245 2046 4316 apparito-

2140 3897 2235 3953 sed
2271 3897 2508 3968 quadam
2542 3896 2809 3952 servitute
2839 3895 2966 3968 nexi
2997 3894 3727 3968 erant,donecimissionem

2153 3966 2437 4037 consecuti
2470 3975 2688 4034 essent,
2753 3976 2819 4023 ut
2864 3967 3022 4022 docet
3062 3966 3259 4037 Suidas
3294 3966 3351 4021 in
3384 3966 3678 4037 Βετερᾴνος
3705 3984 3723 4020 :

2139 4038 2222 4092 sic
2248 4034 2507 4092 oﬂlciales
2540 4037 2657 4108 isti,
2701 4037 2797 4108 qui
2833 4038 3099 4108 urbanam
3126 4036 3378 4108 militiam
3411 4034 3725 4108 sequeban-

2143 4115 2254 4171 tur,
2297 4114 2456 4162 erant
2484 4107 2639 4171 quasi
2670 4105 3090 4171 conditionales,
3120 4114 3178 4163 et
3209 4107 3569 4162 militiaaisuaa
3592 4105 3727 4160 fun-

2142 4176 2422 4233 ctionibus
2464 4175 2687 4232 obnoxii
2729 4196 2741 4231 :
2789 4191 3090 4246 eorumque
3123 4176 3361 4246 praedia,
3393 4175 3621 4246 perinde
3659 4190 3729 4230 ac

2149 4246 2528 4311 decurionum,
2556 4247 2821 4302 oneribus
2845 4246 2955 4301 illis
2991 4244 3319 4303 tenebantur
3347 4244 3632 4312 obstricta,
3662 4253 3730 4299 ut

468 4328 589 4370 rum
610 4357 625 4381 ,
663 4315 757 4387 qui
781 4307 1145 4387 'praesidibus
1186 4323 1243 4371 et
1294 4315 1701 4386 provinciarum
1738 4307 2048 4387 rectoribus
2079 4307 2124 4365 D
2151 4325 2302 4387 patet
2331 4333 2399 4371 ex
2421 4307 2625 4387 Codice
2666 4316 3066 4387 Theodosiano‘.

467 4384 831 4466 apparebant.
860 4384 1080 4466 Horum!
1105 4384 1313 4466 munus
1327 4393 1460 4466 erat
1493 4386 1698 4466 tributa
1719 4401 1773 4440 'a
1807 4385 2037 4454 provin-

469 4455 699 4509 cialibus
729 4455 977 4524 exigere,
1032 4464 1089 4510 et
1125 4456 1425 4510 sententias
1461 4455 1759 4524 praesidum
1804 4470 2037 4508 exsecu-

471 4524 624 4593 tioni
644 4523 920 4577 mandare.
943 4524 1114 4593 Porro
1142 4523 1600 4593 quemadmodum
1628 4525 1664 4579 ii
1687 4524 1780 4593 qui
1818 4531 2040 4593 armatae.

472 4541 606 4578 ιιοιιι
644 4541 920 4577 mandare.
944 4541 1114 4578 l’Ol‘l‘O
1142 4541 1600 4593 quemaumouum
1628 4542 1664 4579 ιι
1726 4542 1780 4579 ιιι
1818 4541 2039 4578 armatae

472 4591 679 4647 militiae
706 4607 907 4645 nomen
939 4592 1224 4656 dederant,
1248 4600 1591 4647 saeramento
1620 4541 1846 4647 lni‘iitari
1876 4592 2039 4647 astri-

473 4661 546 4722 cti
588 4659 942 4727 tenebantur,
980 4677 1084 4719 nec
1120 4663 1341 4732 plenam
1387 4661 1665 4717 habebant
1706 4663 2041 4726 libertatem,

2217 4386 2327 4458 (85)
2370 4388 2513 4458 ίΤὸν
2572 4386 2822 4458 ἀριθμόν
2872 4384 3265 4458 πεντήκοντα.
3300 4384 3389 4458 _In
3447 4383 3729 4458 Chronico

2144 4452 2514 4512 Alexandrino
2543 4452 2902 4527 septuaginta
2923 4454 3033 4509 duo
3071 4454 3315 4527 episcopi
3341 4455 3551 4527 synodo
3570 4452 3728 4527 _Con-

2146 4521 2645 4651 stantcigopolitanaa
2683 4521 2999 4585 interfuisse
3054 4521 3348 4591 dicuntur,
3373 4521 3529 4583 anno
3559 4521 3731 4581 Chri-

2146 4611 2175 4651 s
2202 4613 2218 4650 ι
2241 4614 2275 4650 ο
2350 4635 2362 4651 .

2146 4611 2218 4651 ειι
2241 4611 2362 4651 Ουυ.

1915 4821 2298 4881 VARIORUM.

545 4935 938 5009 ’Συνέδρων
998 4938 1201 5008 ἕτερον
1267 4937 1653 5009 πεποιήκασί.
1692 4938 2047 5009 MenseDe—

478 5007 684 5083 cembri
713 5008 841 5083 anni
872 5008 976 5064 559
999 5007 1252 5083 inchoata
1285 5020 1371 5066 est
1392 5007 1510 5066 haec
1535 5008 1776 5083 synodus
1803 5025 1861 5064 ut
1896 5007 2045 5083 Con—

477 5077 990 5151 stantinopolitana,
1034 5087 1091 5151 et
1140 5081 1197 5151 in
1243 5077 1580 5151 sequentem'
1609 5094 1812 5135 annum
1867 5079 2047 5151 conti-

477 5155 663 5203 nuata.
697 5148 864 5201 Erant
904 5148 1024 5204 dua:
1072 5150 1127 5205 in
1162 5150 1265 5204 hac
1287 5148 1494 5217 synodo
1536 5150 1837 5217 factiones;
1867 5148 2047 5204 Semi-

477 5219 793 5291 srianorum
818 5233 945 5283 una,
978 5220 1070 5291 qui
1090 5220 1286 5291 Eilium
1308 5219 1456 5274 Patri
1481 5221 1783 5291 όμοιούσιον
1806 5260 1820 5284 ,
1860 5219 2044 5274 Actia-

478 5302 677 5361 noriirn
720 5287 911 5361 altera,
958 5287 1050 5361 qui
1090 5289 1288 5361 Filium
1322 5287 1627 5361 ὲτερνούσιον
1656 5306 1794 5361 esse,
1822 5297 2055 5361 conten-

480 5357 704 5412 debant.
759 5356 910 5430 _Yicit
973 5356 1436 5430 Semiarianorum
1492 5375 1639 5430 pars.
1701 5360 1832 5430 lnde
1864 5358 2058 5413 Aetius

483 5443 610 5501 mox;
659 5426 852 5501 exsilio
886 5429 1162 5501 multatus
1210 5444 1223 5480 :
1270 5426 1591 5501 damnatum
1641 5431 1761 5501 ejus
1803 5428 1997 5501 dogma
2040 5443 2053 5479 :

484 5497 721 5569 denique
776 5494 901 5551 ﬁdei
936 5497 1183 5569 formula
1210 5498 1429 5569 synodo
1486 5494 1818 5554 Ariminensi
1854 5494 2055 5569 oblata,

484 5567 839 5621 conﬁrmatur
883 5568 1073 5637 paucis
1119 5566 1344 5631 additis,
1379 5583 1578 5638 nempe
1623 5579 1685 5623 ut
1721 5582 1910 5638 neque,
1937 5566 2059 5619 sub-

484 5638 704 5703 stantia,
739 5632 915 5708 neque
946 5639 1237 5711 hypostasis
1270 5637 1337 5693 de
1388 5632 1827 5693 Deo’diceretu‘ri
1875 5637 2061 5691 Exstat

2148 4937 2381 5015 epistola
2418 4935 2705 5015 synodalis.
2718 4933 2785 4989 ad
2809 4930 3119 5015 Georgium
3135 4927 3479 5015 Alexandria;
3515 4931 3737 5015 (misce:-

2143 4999 2282 5090 p'um
2340 5007 2409 5088 de
2447 4999 2819 5062 'damnatione
2867 4999 3012 5058 Aetii
3072 5000 3193 5082 ejus
3234 4999 3474 5067 diaconi,
3522 4999 3734 5058 Theod.

2150 5080 2290 5129 Hist.
2337 5077 2436 5129 lib.
2496 5092 2564 5129 ιι.
2614 5090 2734 5129 can.
2790 5072 2881 5129 28.
2932 5071 3140 5128 Concrl.
3183 5076 3296 5123 tom
3348 5069 3415 5129 ll,
3455 5087 3577 5129 pag.
3610 5068 3734 5129 805.

2150 5077 2290 5134 ilist.
2337 5077 2436 5131 lib.
2496 5092 2564 5140 ιι,
2614 5090 2734 5199 cap.
2790 5077 2881 5138 28,
2932 5077 3140 5128 Concil.
3183 5077 3296 5150 tom
3350 5077 3415 5136 ll,
3455 5087 3577 5142 pag.
3610 5077 3736 5129 805.

2150 5146 2373 5219 Confer.
2416 5145 2635 5219 S_ozom_.
2702 5145 2778 5219 ib.
2810 5158 2888 5219 ιν,
2915 5158 2964 5197 c.
3009 5142 3110 5219 (ξιξλ
3142 5138 3311 5219 ςϐιιιὶ.
3344 5138 3487 5197 Cave
3532 5142 3644 5197 vol.
3669 5142 3738 5207 ll,

2152 5232 2207 5289 p.
2258 5216 2398 5282 ll9;
2437 5216 2563 5289 Ant.
2596 5210 3134 5289 Pagi_ad_ann.§59.

2224 5257 3290 5355 lian-éfbrni’ulam
3314 5279 3458 5355 apud
3474 5279 3739 5355 Athanas.

2156 5359 2233 5412 De
2296 5349 2744 5435 synodis,“pag._
2774 5353 2897 5435 741,
2951 5349 3464 5435 Theodorit_._llist.
3507 5350 3605 5405 llb.
3670 5367 3739 5416 ιι,

2157 5443 2279 5498 cap.
2321 5420 2413 5492 Ξι,
2455 5420 2787 5498 οιΝἰοὲριι.
2824 5420 3045 5498 lib._rx,
3083 5436 3210 5498 _cap.
3242 5420 3356 5495 44.)

2231 5490 2253 5534 ί
2298 5490 2407 5551 Καί
2446 5490 2726 5564 mysi-rd,
2766 5491 2864 5564 καί
2903 5493 2992 5557 εἰς
3035 5490 3510 5564 τεινιαταχθόνιᾳ
3535 5503 3744 5564 ’χρῖε-

2157 5567 2484 5632 ληλυθότα.
2508 5557 2609 5619 llic
2629 5571 2686 5617 et
2711 5562 2995 5631 sepultura
3016 5567 3072 5616 et
3098 5557 3396 5619 descensus
3424 5560 3492 5616 ad
3533 5557 3755 5617 inferos

2160 5635 2418 5692 distincte
2455 5632 2845 5707 praedicantur.
