4078 6210
314 287 426 344 549

1319 293 1643 352 HISTORIA
1680 296 2233 361 ECCLESIASTICA.
2261 282 2345 347 ζ
2384 308 2512 363 LIB.
2554 310 2618 364 II.

3510 320 3616 376 350

317 399 537 472 ελήφθη
575 397 661 461 εἰς
699 400 828 463 τοὺς
854 401 1150 473 οὐρανοὺς,
1202 405 1297 459 καὶ
1330 405 1622 471 καθέζεται
1671 410 1730 464 ἐν
1763 411 1914 485 δεξιᾷ

2021 416 2216 484 Patris,
2246 429 2307 475 ut
2338 420 2532 477 reddat
2554 422 2854 495 unicquue
2878 428 3187 485 mercedem
3216 445 3446 503 operum
3481 451 3616 492 suo-

313 493 413 547 τοῦ
448 493 703 565 Πατρὸς,
741 493 1099 565 ἐλευσόμενος
1136 498 1196 552 ἐν
1221 501 1289 571 τῇ
1326 500 1532 574 ἐσχάτῃ
1582 502 1767 575 ἡμέρᾳ
1815 506 1916 575 τῆς

314 586 679 649 ἀναστάσεως
700 587 760 639 ἐν
780 588 847 658 τῇ
868 589 1116 660 Πατρικῇ
1141 588 1289 663 δόξῃ,
1310 592 1397 645 ἵνα
1421 594 1677 668 ἀποδὼσῃ
1702 598 1916 669 ἑκάστῳ

318 680 464 735 κατὰ
491 680 563 734 τὰ
584 680 724 752 ἔργα
749 680 941 735 αὐτοῦ.
972 684 1085 737 Καὶ
1117 686 1199 749 είς
1226 685 1289 739 τὸ
1320 686 1476 755 ἅγιον
1504 688 1747 762 Πνεῦμα,
1778 691 1914 765 ὅπερ

319 772 486 837 αὐτὸς
511 775 542 825 ὑ
571 773 889 845 Μονογενὴς
902 773 997 827 τοῦ
1026 774 1163 829 Θεοῦ
1188 778 1218 829 ὁ
1246 778 1506 849 Χριστὸς,
1533 781 1563 833 ὁ
1588 782 1792 854 Κύριος
1818 784 1911 838 καὶ

319 863 455 927 Θεὸς
468 863 631 935 ἡμῶν
649 865 1014 936 ἐπηγγείλατο
1041 866 1281 938 πέμπειν
1295 867 1372 939 τῷ
1392 870 1537 939 γένει
1557 871 1667 925 τῶν
1691 873 1789 926 ἀνθ
1797 871 1908 944 ρώ-

319 972 443 1010 πων
490 953 878 1026 Παρὰκλητον,
913 954 1171 1028 καθάπερ
1201 957 1553 1030 γέγραπται,
1599 959 1661 1013 τδ
1690 959 1915 1030 Πνεῦμα

317 1048 423 1119 τῆς
466 1047 733 1118 ἀληθείας
755 1063 769 1077 ’
798 1047 940 1117 ὅπερ
968 1048 1152 1112 αὐτοῖς
1182 1048 1429 1121 επεμψεν
1452 1090 1468 1114 ,
1508 1051 1598 1105 ὅτε
1630 1051 1913 1124 ἀνελήφθη

320 1142 402 1202 εἰς
442 1139 575 1203 τοὺς
607 1139 897 1210 οὐρανούς.
927 1140 1003 1193 Τὸ
1025 1140 1084 1194 δέ
1114 1140 1289 1212 ὄνομα
1322 1142 1422 1213 τῆς
1460 1142 1671 1209 οὐσίας,
1709 1143 1915 1199 ἀπλού-

324 1249 519 1304 στερον
551 1230 659 1286 ὑπὸ
683 1232 792 1285 τῶν
821 1232 1077 1305 πατέρων
1103 1233 1286 1305 ἐτέθη,
1328 1235 1693 1307 ἀγνοούμενον
1715 1237 1774 1290 δὲ
1802 1240 1915 1303 τοῖς

322 1326 496 1389 λαοῖς,
534 1324 835 1379 σκάνδαλον
869 1324 1063 1397 ἔφερε,
1092 1325 1228 1381 διότι
1262 1327 1398 1399 μηδὲ
1429 1329 1485 1381 αἱ
1513 1328 1733 1401 Γραφαὶ
1754 1330 1916 1384 τοῦτο

328 1419 703 1492 περιέχουσιν,
759 1419 929 1489 ἤρεσε
983 1420 1445 1491 περιαιρεθῆναι,
1490 1421 1586 1475 καὶ
1631 1422 1914 1488 παντελῶς

330 1511 605 1583 μηδεμίαν
659 1510 883 1583 μνήμην
928 1510 1022 1565 τοῦ
1066 1510 1256 1567 λοιποῦ
1294 1513 1547 1581 γενέσθαι
1573 1553 1588 1577 ,
1614 1515 1913 1590 ἐπειδήπερ

324 1605 424 1657 καὶ
448 1605 507 1656 σί
530 1602 676 1657 θεῖαι
700 1601 920 1674 Γραφαὶ
946 1601 1187 1670 οὐδαμοῦ
1212 1604 1631 1678 ἐμνημόνευσαν
1666 1609 1793 1681 περ)⁸
1824 1611 1915 1664 ού-

326 1696 452 1760 σίας
480 1695 702 1765 Πατρὸς
730 1695 824 1749 καὶ
842 1694 997 1748 Υἱοῦ.
1035 1695 1148 1750 Καὶ
1175 1696 1284 1771 γὰρ
1311 1697 1412 1753 οὐκ
1440 1699 1645 1770 ὀφείλει
1675 1702 1912 1756 ὑπόστα-

268 1820 271 1821 ν
330 1806 417 1852 ct;
456 1788 578 1860 (84)
609 1788 741 1858 περὶ
764 1787 979 1860 Πατρὺς
1003 1788 1101 1842 καὶ
1133 1788 1264 1842 Υἱοῦ
1305 1790 1398 1843 καὶ
1423 1791 1579 1860 ἀγίου
1596 1793 1917 1865 Πνεύματος
1946 1787 1990 1844 Β

323 1878 716 1951 ὀνομάζεσθαι.
753 1880 980 1950 Ὅμοιον
1000 1879 1058 1934 δὲ
1076 1878 1309 1952 λέγομεν
1330 1881 1421 1937 τὸν
1452 1882 1581 1937 Υἱὸν
1611 1884 1688 1957 τῷ
1713 1886 1914 1960 Πατρὶ,

327 1973 404 2036 ὡς
439 1971 694 2040 λέγουσιν
718 1971 779 2025 αἱ
818 1971 960 2027 θεῖαι
993 1972 1212 2044 Γραφαὶ
1241 1975 1337 2029 καὶ
1368 1974 1703 2033 διδάσκουσι.
1735 1980 1916 2036 Πᾶσαι

325 2063 391 2117 δέ
431 2063 710 2133 αἱρέσεις,
742 2062 804 2116 αῖ
839 2079 900 2116 τε
923 2063 1025 2134 ἤδη
1063 2063 1330 2138 πρότερον
1369 2061 1796 2141 κατεκρῒθησαν,
1823 2071 1918 2125 καὶ

328 2156 547 2220 αἵτινες
604 2155 695 2210 ἐὰν
744 2156 1068 2229 καινότεραι
1142 2157 1255 2230 (85)
1314 2158 1614 2228 γένωνται,
1674 2164 1918 2219 ἐναντίαι

324 2248 698 2319 τυγχάνουσαι
716 2247 817 2319 τῆς
831 2247 1148 2320 ἐκτεθείσης
1172 2249 1377 2322 ταύτης
1396 2252 1639 2323 γραφῆς,
1667 2254 1918 2327 ἀνάθεμα

328 2340 598 2395 εστωσαν.
645 2339 834 2394 Ταῦτα
884 2339 984 2410 μὲν
1035 2339 1095 2395 ἐν
1136 2342 1550 2397 Κωνσταντίνου
1599 2344 1752 2399 πόλει
1796 2347 1918 2401 τότε

327 2432 770 2504 ἀνεγνώσθησαν.
787 2432 979 2504 Ἥμεῐς
995 2432 1053 2487 δέ
1070 2432 1161 2488 τὸν
1181 2433 1506 2507 λαόύρινθον
1522 2435 1632 2491 τῶν
1647 2436 1919 2494 ἐκθέσεων

326 2524 425 2594 ὀψέ
455 2541 589 2578 ποτε
615 2522 972 2588 διανύσαντες
997 2565 1014 2592 ,
1041 2523 1546 2597 τὴνάπαρίθμησιν
1575 2527 1759 2582 αὐτῶν
1796 2545 1920 2584 συν⁹

327 2613 651 2684 αγάγωμεν.
691 2613 850 2667 Μετὰ
869 2612 976 2684 γὰρ
1004 2611 1103 2685 τὴν
1125 2615 1184 2668 ἐν
1219 2613 1424 2687 Νικαίᾳ
1454 2616 1656 2685 πίστιν,
1692 2616 1921 2689 ὕστερον

327 2706 385 2756 ἐν
424 2702 733 2774 Ἀντιοχείᾳ
769 2704 884 2767 τοῖς
937 2702 1235 2770 ἐγκαινίοις
1292 2702 1483 2768 δισσὰς
1524 2704 1770 2771 ἐκθέσεις
1809 2708 1914 2762 ὑπο

328 2796 669 2866 ηγόρευσαν.
709 2794 882 2866 Τρίτη
914 2792 972 2847 δέ
1008 2794 1179 2860 ἐστιν,
1200 2795 1234 2865 ἠ
1263 2795 1572 2852 ἐπιδοθεῖσα
1615 2798 1770 2871 παρά
1811 2799 1920 2855 τῶν

329 2883 460 2957 περὶ
493 2882 812 2955 Νάρκισσον
843 2884 903 2936 ἐν
927 2885 1049 2947 ταῖς
1093 2883 1344 2949 Γαλλίαις
1377 2884 1458 2955 τῷ
1496 2885 1709 2957 βασιλεῖ
1748 2890 1912 2945 Κών-

328 2992 521 3033 σταντι
546 2992 562 3007 ·
597 2974 836 3047 τετάρτη
870 2973 929 3029 δὲ
950 3013 966 3039 ,
997 2976 1032 3047 ἡ
1077 2974 1143 3030 δι’
1180 2976 1435 3041 Εὺδοξίου
1463 2980 1576 3042 τοῖς
1604 2980 1665 3032 ἐν
1721 2979 1921 3054 Ἰταλίᾳ

2024 525 2169 563 rum.
2203 510 2271 565 Et
2304 511 2358 565 in
2381 511 2648 583 Spiritum
2670 526 2943 582 sanctum,
2968 535 3133 590 quem
3158 520 3274 592 ipse
3300 526 3617 597 unigenitus

2023 600 2121 656 Dei
2150 602 2343 669 Filius,
2369 604 2641 672 Christus,
2674 608 2940 664 Dominus
2979 626 3043 666 ac
3083 612 3228 668 Deus
3263 626 3452 672 noster
3481 634 3613 689 pro-

2023 696 2174 751 misit
2197 713 2254 752 se
2286 698 2583 755 missurum
2620 702 2807 773 generi
2832 703 3074 759 humano
3100 705 3448 772 advocatum,
3471 710 3616 765 sicut

2023 795 2287 866 scriptum
2310 806 2414 863 est,
2446 798 2711 869 Spiritum
2743 800 3029 855 veritatis:
3065 817 3230 872 quem
3268 812 3326 858 et
3351 803 3482 874 ipsis
3508 807 3615 860 mi-

2024 885 2114 949 sit,
2138 897 2492 959 posteaquam
2513 891 2924 946 ascendissetin
2947 893 3168 948 cmlum.
3186 895 3397 951 Nomen
3431 905 3615 952 autem

2024 978 2365 1047 substantiae,
2391 980 2539 1051 quod
2563 981 2868 1053 simplicius
2896 999 2929 1037 a
2954 984 3212 1040 Patribus
3242 987 3482 1055 positum
3507 996 3613 1053 est,

2024 1081 2080 1127 et
2110 1073 2258 1142 quod
2304 1074 2549 1145 ignotum
2583 1074 2800 1145 populis
2839 1075 3134 1135 offensioni
3175 1076 3299 1142 fuit,
3323 1086 3614 1148 propterea

2023 1165 2172 1235 quod
2204 1165 2256 1220 in
2282 1166 2455 1222 sacris
2479 1165 2707 1222 Litteris
2725 1183 2836 1223 non
2867 1168 3203 1234 continetur,
3227 1168 3436 1239 placuit
3459 1185 3614 1224 amo-

2021 1258 2161 1323 veri,
2186 1273 2291 1312 nec
2312 1258 2482 1314 ullam
2498 1258 2759 1331 deinceps
2775 1261 2893 1330 ejus
2917 1259 3038 1315 ﬁeri
3060 1260 3420 1327 mentionem,
3440 1276 3617 1332 quan-

2023 1348 2319 1420 doquidem
2336 1365 2505 1405 sacrae
2518 1350 2742 1408 Litterae
2756 1367 3026 1422 nusquam
3042 1352 3343 1408 meminere
3358 1354 3617 1409 substan-

2024 1446 2113 1501 tia:
2132 1445 2309 1501 Patris
2341 1460 2405 1500 ac
2437 1445 2581 1500 Filii.
2605 1444 2744 1502 Nam
2778 1444 3089 1518 hypostasis
3120 1445 3301 1500 Patris
3318 1452 3375 1500 et
3399 1446 3522 1500 Filii
3550 1461 3615 1501 ac

2024 1538 2264 1611 Spiritus
2283 1538 2458 1593 sancti
2487 1554 2558 1594 ne
2590 1539 2865 1594 nominari
2897 1538 3120 1610 quidem
3148 1538 3332 1595 debet.
3366 1539 3611 1598 Similem

2021 1640 2207 1689 autem
2235 1632 2470 1687 dicimus
2501 1631 2702 1687 Filium
2729 1632 2897 1696 Patri,
2925 1631 3387 1701 quemadmodum
3412 1631 3614 1688 divinae

2022 1725 2322 1796 Scripturae
2352 1725 2542 1781 dicunt
2571 1739 2636 1779 ac
2656 1723 2875 1779 docent.
2908 1721 3113 1778 Omnes
3141 1738 3307 1793 porro
3350 1724 3609 1789 haereses,

2019 1834 2115 1875 seu
2135 1835 2259 1889 quae
2290 1818 2419 1873 olim
2445 1817 2736 1882 damnatas,
2771 1831 2868 1873 seu
2894 1830 3014 1885 qua?
3053 1830 3249 1871 recens
3292 1823 3447 1879 oriae,
3481 1816 3614 1871 huic

2019 1928 2050 1967 a
2074 1912 2235 1967 nobis
2263 1910 2525 1982 exposita:
2563 1908 2692 1965 ﬁdei
2732 1907 3097 1979 refragantur,
3140 1907 3434 1962 anathema
3476 1906 3610 1963 sint.

2018 2003 2087 2060 Et
2118 2004 2235 2058 hmc
2256 2002 2483 2073 quidem
2522 1998 2996 2069 Constantinopoli
3038 2006 3156 2054 tum
3199 1997 3429 2053 recitata
3459 2002 3608 2051 sunt.

2017 2096 2128 2151 Nos
2165 2110 2299 2149 vero
2342 2092 2748 2163 expositionum
2788 2089 2916 2145 ﬁdei
2960 2089 3337 2160 labyrinthum
3390 2087 3611 2143 tandem

2018 2183 2316 2254 aliquando
2338 2182 2568 2246 emensi,
2599 2196 2791 2235 earum
2822 2172 3114 2233 numerum
3136 2178 3249 2249 jam
3269 2177 3609 2248 colligamus.

2017 2275 2149 2332 Post
2178 2274 2343 2330 ﬁdem
2384 2289 2506 2344 quae
2546 2273 2741 2328 Nicaea:
2784 2270 3128 2342 promulgata
3155 2277 3260 2335 est,
3307 2264 3617 2324 Antiochiae

2019 2365 2078 2422 in
2098 2364 2444 2421 dedicatione
2472 2362 2720 2420 ecclesia:
2746 2361 2882 2417 duas
2911 2360 3284 2431 expositiones
3314 2358 3443 2416 ﬁdei
3477 2376 3612 2417 con-

2020 2458 2383 2529 scripserunt.
2416 2454 2604 2511 Tertia
2628 2460 2732 2519 est,
2763 2468 2928 2525 quam
2954 2451 3247 2507 Narcissus
3279 2460 3336 2508 et
3364 2452 3457 2522 qui
3487 2467 3611 2506 cum

2020 2551 2115 2606 illo
2136 2556 2295 2606 erant
2322 2546 2584 2620 episcopi,
2605 2545 2889 2602 Constanti
2912 2544 3159 2616 Augusto
3189 2543 3536 2599 tradiderunt
3556 2542 3611 2595 in

2019 2642 2229 2709 Galliis;
2263 2649 2479 2713 quarta,
2504 2656 2626 2711 quae
2652 2656 2752 2711 per
2776 2639 3086 2695 Eudoxium
3120 2638 3177 2693 in
3201 2638 3409 2693 Italiam
3445 2637 3616 2691 missa

2020 2744 2124 2792 est.
2160 2733 2347 2790 Sirmii
2375 2748 2508 2787 vero
2534 2740 2648 2787 tres
2670 2729 2996 2800 conscripta:
3032 2737 3195 2785 sunt:
3238 2744 3471 2800 quarum
3504 2744 3614 2785 una

2020 2844 2149 2885 cum
2180 2824 2418 2899 praeﬁxis
2447 2823 2735 2881 consulum
2770 2821 3091 2877 nominibus
3116 2819 3352 2875 Arimini
3386 2819 3613 2875 recitata

2020 2928 2125 2975 est.
2151 2917 2355 2974 Octava
2383 2924 2468 2972 est
2491 2930 2658 2986 quam
2703 2912 2960 2970 Acaciani
2991 2912 3258 2968 Seleuciae
3297 2912 3613 2982 promulga-

2021 3013 2173 3060 runt.
2196 3005 2483 3060 Postrema
2510 3000 2985 3071 Constantinopoli
3024 2999 3172 3056 edita
3203 3007 3288 3054 est
3315 3014 3439 3053 cum
3471 3013 3614 3056 nova

326 3067 646 3137 πεμφθεῖσα
675 3081 690 3095 ⁸
726 3066 785 3120 ἕν
806 3084 868 3120 τε
896 3066 1108 3138 Σιρμίῳ
1129 3070 1282 3139 τρεῖς
1329 3069 1815 3142 ὑπηγορεύθησαν,
1842 3065 1918 3129 ὧν

328 3162 359 3183 Δ
412 3159 508 3183 --ι-
552 3160 609 3183 ι,,
651 3158 932 3183 unus-“
965 3158 1102 3183 ..-_;
1136 3158 1238 3183 -3-
1277 3159 1544 3183 an--.“
1579 3161 1883 3183 λυμμληιιρ

2023 3092 2345 3164 appendice.
2374 3089 2516 3146 Huic
2556 3089 2705 3143 enim
2736 3065 3007 3161 adjectum
3038 3098 3143 3153 est,
3182 3094 3243 3142 ut
3271 3101 3448 3157 neque
3478 3085 3614 3141 sub-

328 3162 363 3231 ἡ
408 3159 513 3233 μία
549 3160 609 3213 ἐν
651 3158 933 3230 ’Δριμήνῳ
964 3158 1103 3228 μετά
1135 3158 1238 3229 τῆς
1277 3159 1544 3224 ὑπατείας
1573 3161 1914 3238 ἀνεγνώσθη.

339 3250 537 3323 Ὀγδόη
582 3249 642 3304 δέ
686 3250 859 3313 ἐστιν,
881 3250 917 3321 ἡ
941 3251 1000 3303 ἐν
1023 3249 1315 3324 Σελευκείᾳ
1341 3289 1356 3316 ,
1398 3252 1467 3323 ἢν
1495 3253 1547 3308 οἱ
1588 3255 1722 3328 περὶ
1759 3256 1922 3312 Ἀκά-

328 3359 452 3396 κιον
504 3340 929 3410 ἀνεγνώκεισαν.
985 3339 1289 3397 Τελευταία
1343 3341 1402 3395 δέ
1424 3382 1440 3407 ,
1498 3344 1560 3398 ἐν
1615 3346 1922 3400 Κωνσταν-

332 3434 488 3489 τίνου
512 3433 667 3488 πόλει
697 3433 837 3505 μετά
860 3432 963 3503 τῆς
991 3432 1310 3506 προσθήκης
1336 3434 1631 3492 ἐκδίδοται.
1657 3438 1923 3510 Πρόσκει-

329 3545 424 3581 ται
456 3526 569 3598 γὰρ
582 3528 750 3597 αὐτῇ,
775 3527 916 3597 μήτε
944 3525 1151 3590 οὐσίαν,
1183 3527 1321 3598 μήτε
1343 3527 1641 3585 ὑπόστασιν
1670 3532 1763 3585 ἐπὶ
1783 3532 1920 3589 Θεοῦ

327 3617 535 3685 λέγειν.
564 3615 748 3686 Ταύτῃ
782 3616 875 3668 καὶ
903 3613 1173 3684 Ούλφίλας
1197 3615 1227 3669 ὁ
1248 3616 1359 3670 τῶν
1387 3617 1598 3673 Γότθων
1621 3620 1919 3693 ἐπίσκοπος

2020 3182 2222 3238 stantia
2252 3195 2431 3253 neque
2470 3177 2782 3250 bypostasis
2825 3176 2894 3243 de
2940 3177 3054 3231 Deo
3098 3175 3397 3230 diceretur.
3440 3175 3617 3230 Porro

2018 3270 2149 3325 huic
2194 3268 2323 3325 ﬁdei
2368 3268 2536 3324 etiam
2580 3265 2743 3322 Ulﬁla
2797 3263 3103 3320 Gothorum
3149 3262 3439 3334 episcopus
3482 3269 3617 3317 tunc

2017 3360 2258 3430 primum
2289 3356 2587 3413 consensit.
2611 3355 2749 3411 Nam
2778 3362 2905 3409 ante
2928 3352 3064 3408 illud
3098 3361 3313 3424 tempus
3340 3352 3621 3407 Nicmnam.

2019 3446 2185 3503 ﬁdem
2225 3447 2510 3516 amplexus
2560 3443 2771 3509 fuerat;
2812 3449 3036 3496 secutus
3078 3439 3467 3511 Theophilum,
3518 3437 3615 3507 qui
3700 3474 3703 3475 ν

2025 3554 2153 3595 cum
2193 3537 2497 3594 Gothorum
2539 3541 2687 3591 esset
2732 3533 3055 3603 episcopus,
3108 3532 3331 3587 Nicaano
3380 3528 3616 3585 concilio

2025 3642 2270 3701 prmsens
2290 3625 2713 3695 subscripserat.
2742 3619 2850 3675 Sed
2876 3621 2945 3676 de
2972 3620 3062 3676 bis
3086 3621 3373 3675 hactenus.

339 3712 465 3765 τότε
502 3709 720 3782 πρῶτον
752 3707 1028 3764 συνέθετο.
1067 3709 1173 3764 Τὸν
1214 3711 1324 3783 γὰρ
1364 3710 1674 3784 ἔμπροσθεν
1712 3717 1927 3789 χρόνον,
1958 3722 2060 3795 τὴν
2121 3723 2182 3777 ἐν
2256 3720 2462 3793 Νικαίᾳ
2501 3719 2685 3772 πίστιν
2720 3716 3021 3787 ἠσπάζετο,
3053 3713 3322 3787 ἑπόμενος
3344 3707 3622 3780 Θεοφίλῳ,

328 3808 391 3872 ὃς
424 3807 538 3861 τῶν
585 3806 802 3862 Γάτθων
863 3801 1163 3866 ἀπίσκοπος
1209 3803 1286 3861 ὢν
1326 3807 1394 3879 τῇ
1433 3808 1492 3861 ἐν
1528 3807 1737 3885 Νικαίᾳ
1769 3815 1973 3890 συνόδῳ
2011 3816 2209 3891 παρὼν
2263 3812 2683 3887 καθυπέγραψε.
2718 3808 2971 3866 Τοσαῦτα
3006 3808 3106 3883 μὲν
3136 3806 3264 3880 περὶ
3294 3805 3501 3862 τούτων
3537 3806 3650 3892 si-l

333 3902 546 3974 ρήσθω.

895 4013 1154 4071 ΚΕΦΔΛ.
1193 4014 1329 4069 MB'.

2632 4008 2796 4066 CAP.
2828 4003 2993 4062 XLII.

342 4112 447 4176 Ὦς
463 4107 916 4177 καθαιρεθέντος
941 4110 1339 4173 Maenadas-Iov,
1357 4108 1646 4176 Εὑδόειος
1666 4109 1784 4179 τὴν
1802 4111 1918 4166 ἐπι-

2029 4109 2274 4179 Qualiter
2314 4104 2545 4179 deposito
2572 4100 2900 4179 Macedonio,
2919 4095 3229 4179 ,ΙξιιᾴοετὶιιεΔ
3258 4092 3615 4163 episcopatum

439 4179 695 4247 σκοπὴν
726 4181 1191 4235 Κωνσταντίνου
1223 4182 1459 4246 πόλεως
1495 4180 1815 4250 κατέσχεν.

407 4276 471 4327 οι
494 4274 557 4326 δὲ
594 4272 726 4343 περὶ
763 4271 1020 4327 ’Δκάκιον
1047 4272 1143 4325 καὶ
1158 4270 1431 4339 Εὐδόξιον,
1454 4273 1513 4327 ἐν
1539 4275 1605 4343 τῇ
1638 4274 1931 4327 Κωνσταν-

2385 4165 2910 4241 Όοηεεαηιὶηοροίεοε
2948 4165 3251 4220 obtinuerit.

2096 4269 2370 4326 Caeterum
2413 4262 2647 4319 Aeacius
2690 4268 2749 4314 et
2785 4255 3068 4313 Eudoxius
3106 4261 3165 4309 et
3203 4251 3297 4323 qui
3334 4265 3460 4305 cum
3508 4248 3620 4304 illis

330 4370 485 4423 τίνου
533 4342 690 4421 πόλει
723 4365 852 4437 περὶ
896 4365 957 4419 τὸ
988 4365 1395 4437 ἀντικαθαιρεϊν
1426 4366 1520 4419 καὶ
1567 4342 1725 4419 αὐτοί
1772 4382 1918 4430 τινας

2031 4366 2191 4419 erant
2232 4350 2729 4421 Constantinopoli,
2763 4349 2819 4403 id
2851 4345 3086 4401 maxime
3121 4342 3426 4407 ambibant,
3462 4348 3523 4395 ut
3561 4346 3618 4394 et

331 4458 430 4511 τοῦ
455 4457 651 4529 ἐτέρου
686 4431 907 4531 μέρους,
950 4457 1138 4529 ἀγῶνα
1182 4431 1441 4513 ἐτίθεντο.
1483 4457 1679 4513 ’ἰστέον
1721 4456 1801 4521 δέ,
1844 4459 1918 4513 ὅτι

2035 4453 2143 4524 ipsi
2170 4448 2414 4508 vicissim
2451 4442 2747 4501 nonnullos
2780 4439 3137 4497 adversarum
3178 4435 3423 4534 partium
3451 4431 3619 4502 depo-

332 4550 615 4622 οὺδέτεροι
637 4547 728 4603 διὰ
764 4547 1084 4619 θρησκείαν,
1107 4548 1245 4603 ἀλλὰ
1277 4548 1346 4603 δι’
1374 4546 1570 4619 ἐτέρας
1596 4548 1924 4620 προφάσεις,

2034 4523 2251 4599 tierent.
2278 4535 2576 4597 Sciendum
2599 4547 2767 4604 porro
2793 4538 2901 4595 est,
2925 4534 3159 4584 neutros
3172 4526 3243 4581 ob
3270 4523 3615 4594 religionem,

333 4644 433 4707 τὶις
457 4614 813 4714 καθαιρέσεις
836 4614 1184 4712 πεποίηνται.
1215 4614 1768 4712 Διακρινόμενοιτγάρ
1799 4639 1918 4713 περῖ

2039 4632 2135 4690 sed
2158 4638 2386 4704 propter
2400 4629 2536 4685 alias
2554 4641 2769 4690 causas,
2791 4620 3107 4695 hujusmodi
3128 4617 3504 4690 depositiones
3526 4614 3625 4671 de!

336 4736 601 4797 πίστεως,
634 4707 708 4786 ’ἐν
753 4733 832 4806 τῷ
881 4707 1166 4808 καθαιρεῖν
1197 4707 1490 4804 ἀλλήλους,
1539 4732 1637 4803 τὴν
1680 4707 1918 4805 ἀλλήλων

2036 4719 2297 4777 crevisse.
2317 4718 2455 4775 Nam
2485 4713 2736 4787 quamvis
2759 4712 2814 4767 in
2851 4710 2957 4766 ﬁde
2980 4707 3402 4772 dissentiebant,
3432 4712 3619 4760 tamen

338 4827 525 4879 πίστιν
583 4824 647 4876 ού
705 4798 1089 4894 διεμέμφοντο.
1146 4798 1533 4895 Συγχρώμενοι
1581 4798 1637 4874 δέ
1683 4821 1733 4874 οἱ
1797 4798 1918 4891 scapi

2027 4828 2153 4868 eum
2203 4826 2262 4867 se
2310 4807 2556 4864 vicissim
2600 4805 2959 4876 deponerent,
2986 4809 3184 4857 neutra
3216 4815 3347 4869 pars
3389 4798 3626 4854 alterius

346 4919 607 4974 ’Δκάκιον
630 4919 698 4987 τῇ
724 4914 816 4973 τοῦ
847 4916 1115 4987 βασιλέως
1138 4915 1299 4988 ὀργῇ,
1335 4914 1405 4985 ἢν
1443 4911 1588 4967 κατά
1613 4928 1675 4965 τε
1704 4911 1813 4966 τῶν
1841 4910 1931 4966 ἄλ-

334 5011 462 5076 λων,
490 5010 590 5064 καὶ
615 5009 859 5080 μάλιστα
902 5008 1047 5063 κατὰ
1084 5005 1423 5062 Μακεδονίου
1457 5003 1745 5075 φυλάττων
1774 5003 1930 5059 ἐκτε-

334 5103 493 5160 λέσαι
524 5098 885 5169 ἐσπούδαζεν,
918 5098 1247 5174 καθαιροῦσι
1296 5096 1512 5169 πρῶτον
1543 5095 1642 5168 μὲν
1673 5093 1927 5153 Μακεδό-

2027 4906 2193 4962 ﬁdem
2222 4902 2580 4959 insimulavit.
2610 4900 2716 4968 Qui
2755 4898 2924 4970 igitur
2966 4894 3129 4966 158
3151 4895 3221 4950 ab
3255 4891 3458 4949 Acacio
3504 4897 3620 4946 sta—

2026 4998 2182 5064 bant,
2219 4997 2511 5053 abutentes
2536 4990 2885 5064 imperatoris
2907 4986 3302 5060 indignatione,
3332 5000 3494 5056 quam
3529 4983 3626 5038 ille

2021 5090 2355 5165 jampridem
2403 5089 2589 5146 animo
2630 5093 2975 5155 conceptam,
3006 5091 3121 5139 tum
3165 5080 3434 5139 adversus
3457 5076 3601 5132 alios

1553 5250 1824 5312 VALESII
1843 5216 2411 5307 'ANNOTATIONES.

410 5379 525 5451 (84)
579 5377 691 5434 Kal
755 5372 869 5447 γᾶρ
936 5374 1045 5427 οὐκ
1085 5370 1317 5442 ὀφείλει
1374 5369 1735 5431 ὑπόστασις.
1765 5362 1918 5445 .ApuI

410 5449 702 5505 hanasium
737 5446 795 5502 in
826 5444 971 5500 libro
1005 5443 1082 5500 De
1114 5441 1374 5505 synodis,
1407 5456 1460 5505 p.
1499 5437 1620 5499 906,
1673 5444 1918 5503 scriptun

2040 5379 2109 5439 pa
2150 5404 2163 5418 .
2204 5363 2347 5436 905;
2388 5361 2572 5417 locum
2602 5358 2783 5430 ipsum
2810 5370 2938 5411 mox
2966 5354 3326 5411 adducemus.

2111 5380 2225 5505 ῗ85)
2273 5432 2404 5505 Καὶ-
2426 5432 2657 5505 αἵτινεςΔ
2687 5427 2796 5505 ad?
2839 5428 3225 5505 xmgdtepcu.‘
3248 5423 3326 5479 Sc:

341 5433 702 5509 Athanasium
737 5433 795 5502 iii
826 5433 971 5500 libro
1005 5443 1082 5500 De
1114 5433 1374 5514 synodig,
1407 5456 1460 5514 p.
1499 5437 1620 5514 906,
1666 5433 1940 5514 scriptum
2042 5433 2059 5439 Ὗ
2113 5433 2237 5506 (85)
2273 5433 2405 5514 Καὶ,
2426 5433 2504 5514 af!

1407 5456 1460 5564 ἱ.
1499 5456 1620 5499 ‘JUD,
1673 5456 1918 5503 scriptun

1457 5508 1639 5564 atinus
1665 5505 1918 5573 interpre:

2113 5456 2225 5506 κοῦ)
2273 5456 2386 5488 nm.
2426 5456 2649 5495 αιτινες
2687 5456 2795 5482 cur
2839 5456 3196 5495 παινυιαμωι.
3249 5456 3620 5479 mum-suun.

2036 5515 2122 5561 est
2149 5503 2343 5574 procul
2374 5501 2560 5574 dubio
2573 5500 2670 5574 καὶ
2714 5499 2918 5574 αἵτινες
2954 5496 3039 5574 ἂν.
3074 5493 3384 5573 καινότεραι
3415 5490 3620 5574 γένων-

342 5531 425 5577 est
454 5539 467 5575 :
494 5521 589 5574 καὶ
615 5518 729 5587 γάρ
754 5515 877 5571 οὐδὲ
901 5514 1127 5587 ὀφείλει,
1146 5511 1267 5569 ἐκ.
1310 5511 1379 5587 Et

344 5575 421 5647 ita
442 5575 652 5646 vertit':
695 5575 813 5645 Ima
842 5602 906 5640 ne
934 5575 1234 5654 ὑπόστασις
1270 5581 1480 5654 quidem
1500 5580 1608 5637 sive
1651 5575 1936 5654 subsisten-

344 5645 417 5717 ad
463 5645 528 5715 de
562 5660 752 5722 Patre,
793 5655 950 5721 Filio,
989 5663 1038 5708 et
1085 5645 1293 5725 Spiritu
1320 5660 1503 5725 sancto
1548 5645 1934 5725 nqminaride-

345 5714 649 5800 Ic'tgouod
701 5714 989 5789 conﬁrmat
1016 5714 1346 5785 Athanasius
1403 5721 1458 5775 in
1519 5717 1709 5775 eodem
1768 5714 1933 5782 libro,

2205 5419 2237 5506 ἶ
2273 5419 2405 5506 Kal
2426 5419 2657 5506 αἵτινεᾶ,
2687 5427 2796 5506 say
2839 5428 3225 5506 καιςότεραιη
3248 5419 3625 5506 Scribendum

2034 5560 2167 5637 ται,”
2184 5574 2313 5629 licet
2354 5571 2499 5642 apud
2534 5560 2911 5642 Athanasium
2941 5565 3133 5623 eadem
3164 5560 3304 5634 qua!
3324 5560 3384 5618 in
3411 5560 3628 5619 nostris

2036 5644 2325 5703 codicibus
2355 5640 2626 5699 habeatur
2651 5640 2945 5714 scriptura.

2399 5809 2473 5821 ...ον
2488 5813 2515 5822 ⁴δ
