  <div class='ocr_page' id='page_1' title='image "/cluster/home/n/w/nwhite01/storage/ocr_20150623/67/hvd.32044020707378/181.png"; bbox 0 0 4078 6210; ppageno 0'>
   <div class='ocr_carea' id='block_1_1' title="bbox 473 330 573 386">
    <p class='ocr_par' dir='ltr' id='par_1_1' title="bbox 473 330 573 386">
     <span class='ocr_line' id='line_1_1' title="bbox 473 330 573 386; baseline -0.02 0"><span class='ocrx_word' id='word_1_1' title='bbox 473 330 573 386; x_wconf 76' lang='lat'><strong>35]</strong></span> 
     </span>
    </p>
   </div>
   <div class='ocr_carea' id='block_1_2' title="bbox 1925 332 2211 392">
    <p class='ocr_par' dir='ltr' id='par_1_2' title="bbox 1925 332 2211 392">
     <span class='ocr_line' id='line_1_2' title="bbox 1925 332 2211 392; baseline 0.014 -4"><span class='ocrx_word' id='word_1_2' title='bbox 1925 332 2211 392; x_wconf 80' lang='lat' dir='ltr'><strong>SOCRA&#39;I’I</strong></span> 
     </span>
    </p>
   </div>
   <div class='ocr_carea' id='block_1_3' title="bbox 3628 352 3737 405">
    <p class='ocr_par' dir='ltr' id='par_1_3' title="bbox 3628 352 3737 405">
     <span class='ocr_line' id='line_1_3' title="bbox 3628 352 3737 405; baseline 0 0"><span class='ocrx_word' id='word_1_3' title='bbox 3628 352 3737 405; x_wconf 66' lang='lat'><strong>57.2</strong></span> 
     </span>
    </p>
   </div>
   <div class='ocr_carea' id='block_1_4' title="bbox 476 451 2063 539">
    <p class='ocr_par' dir='ltr' id='par_1_4' title="bbox 476 451 2057 539">
     <span class='ocr_line' id='line_1_4' title="bbox 476 451 2057 539; baseline 0.004 -20"><span class='ocrx_word' id='word_1_4' title='bbox 476 476 589 520; x_wconf 90' lang='lat' dir='ltr'><strong>tum</strong></span> <span class='ocrx_word' id='word_1_5' title='bbox 607 462 880 537; x_wconf 65' lang='lat' dir='ltr'><strong>praecipue</strong></span> <span class='ocrx_word' id='word_1_6' title='bbox 895 451 1086 521; x_wconf 83' lang='lat' dir='ltr'><strong>contra</strong></span> <span class='ocrx_word' id='word_1_7' title='bbox 1108 465 1486 520; x_wconf 84' lang='lat' dir='ltr'><strong>Macedonium</strong></span> <span class='ocrx_word' id='word_1_8' title='bbox 1513 468 1735 536; x_wconf 80' lang='lat' dir='ltr'><strong>explere</strong></span> <span class='ocrx_word' id='word_1_9' title='bbox 1754 470 2057 539; x_wconf 86' lang='lat' dir='ltr'><strong>satagebat,</strong></span> 
     </span>
    </p>
   </div>
   <div class='ocr_carea' id='block_1_5' title="bbox 2165 451 3737 539">
    <p class='ocr_par' dir='ltr' id='par_1_5' title="bbox 2165 458 3737 531">
     <span class='ocr_line' id='line_1_5' title="bbox 2165 458 3737 531; baseline 0.006 -25"><span class='ocrx_word' id='word_1_10' title='bbox 2165 473 2294 518; x_wconf 82' lang='grc' dir='ltr'>νιον,</span> <span class='ocrx_word' id='word_1_11' title='bbox 2329 458 2419 508; x_wconf 77' lang='grc' dir='ltr'>καὶ</span> <span class='ocrx_word' id='word_1_12' title='bbox 2440 458 2515 520; x_wconf 77' lang='grc' dir='ltr'>ὡς</span> <span class='ocrx_word' id='word_1_13' title='bbox 2535 459 2706 511; x_wconf 80' lang='grc' dir='ltr'>αἴτιον</span> <span class='ocrx_word' id='word_1_14' title='bbox 2737 459 2945 513; x_wconf 83' lang='grc' dir='ltr'>πολλῶν</span> <span class='ocrx_word' id='word_1_15' title='bbox 2975 460 3151 528; x_wconf 88' lang='grc' dir='ltr'>φόνων</span> <span class='ocrx_word' id='word_1_16' title='bbox 3181 462 3493 531; x_wconf 84' lang='grc' dir='ltr'>γενόμενον,</span> <span class='ocrx_word' id='word_1_17' title='bbox 3529 466 3620 519; x_wconf 66' lang='grc' dir='ltr'>καὶ</span> <span class='ocrx_word' id='word_1_18' title='bbox 3647 467 3737 520; x_wconf 82' lang='grc' dir='ltr'>ὅτι</span> 
     </span>
    </p>
   </div>
   <div class='ocr_carea' id='block_1_6' title="bbox 473 557 2054 629">
    <p class='ocr_par' dir='ltr' id='par_1_6' title="bbox 473 557 2054 629">
     <span class='ocr_line' id='line_1_6' title="bbox 473 557 2054 629; baseline 0.004 -21"><span class='ocrx_word' id='word_1_19' title='bbox 473 559 711 628; x_wconf 81' lang='lat' dir='ltr'><strong>primum</strong></span> <span class='ocrx_word' id='word_1_20' title='bbox 734 559 959 628; x_wconf 88' lang='lat' dir='ltr'><strong>quidem</strong></span> <span class='ocrx_word' id='word_1_21' title='bbox 997 557 1280 626; x_wconf 90' lang='lat' dir='ltr'><strong>deponunt</strong></span> <span class='ocrx_word' id='word_1_22' title='bbox 1307 557 1718 611; x_wconf 83' lang='lat' dir='ltr'><strong>Macedonium:</strong></span> <span class='ocrx_word' id='word_1_23' title='bbox 1758 567 1871 612; x_wconf 91' lang='lat' dir='ltr'><strong>tum</strong></span> <span class='ocrx_word' id='word_1_24' title='bbox 1907 561 2054 629; x_wconf 94' lang='lat' dir='ltr'><strong>quod</strong></span> 
     </span>
    </p>
   </div>
   <div class='ocr_carea' id='block_1_7' title="bbox 473 647 2059 718">
    <p class='ocr_par' dir='ltr' id='par_1_7' title="bbox 473 647 2059 718">
     <span class='ocr_line' id='line_1_7' title="bbox 473 647 2059 718; baseline 0.001 -16"><span class='ocrx_word' id='word_1_25' title='bbox 473 650 833 718; x_wconf 89' lang='lat' dir='ltr'><strong>plurimarum</strong></span> <span class='ocrx_word' id='word_1_26' title='bbox 872 647 1102 703; x_wconf 68' lang='lat' dir='ltr'><strong>caedium</strong></span> <span class='ocrx_word' id='word_1_27' title='bbox 1133 656 1326 701; x_wconf 92' lang='lat' dir='ltr'><strong>auctor</strong></span> <span class='ocrx_word' id='word_1_28' title='bbox 1365 647 1579 712; x_wconf 88' lang='lat' dir='ltr'><strong>fuisset,</strong></span> <span class='ocrx_word' id='word_1_29' title='bbox 1611 656 1724 702; x_wconf 91' lang='lat' dir='ltr'><strong>tum</strong></span> <span class='ocrx_word' id='word_1_30' title='bbox 1755 650 1900 718; x_wconf 93' lang='lat' dir='ltr'><strong>quod</strong></span> <span class='ocrx_word' id='word_1_31' title='bbox 1941 651 2059 705; x_wconf 91' lang='lat' dir='ltr'><strong>dia-</strong></span> 
     </span>
    </p>
   </div>
   <div class='ocr_carea' id='block_1_8' title="bbox 474 738 2056 808">
    <p class='ocr_par' dir='ltr' id='par_1_8' title="bbox 474 738 2056 808">
     <span class='ocr_line' id='line_1_8' title="bbox 474 738 2056 808; baseline 0.002 -15"><span class='ocrx_word' id='word_1_32' title='bbox 474 757 672 794; x_wconf 85' lang='lat' dir='ltr'><strong>conum</strong></span> <span class='ocrx_word' id='word_1_33' title='bbox 700 741 755 794; x_wconf 91' lang='lat' dir='ltr'><strong>in</strong></span> <span class='ocrx_word' id='word_1_34' title='bbox 781 739 1140 794; x_wconf 73' lang='lat' dir='ltr'><strong>fornicatione</strong></span> <span class='ocrx_word' id='word_1_35' title='bbox 1162 738 1565 808; x_wconf 84' lang='lat' dir='ltr'><strong>deprehensum</strong></span> <span class='ocrx_word' id='word_1_36' title='bbox 1605 740 1673 794; x_wconf 93' lang='lat' dir='ltr'><strong>ad</strong></span> <span class='ocrx_word' id='word_1_37' title='bbox 1712 742 2056 796; x_wconf 87' lang='lat' dir='ltr'><strong>communio-</strong></span> 
     </span>
    </p>
   </div>
   <div class='ocr_carea' id='block_1_9' title="bbox 471 830 2060 902">
    <p class='ocr_par' dir='ltr' id='par_1_9' title="bbox 471 830 2060 902">
     <span class='ocr_line' id='line_1_9' title="bbox 471 830 2060 902; baseline 0.004 -20"><span class='ocrx_word' id='word_1_38' title='bbox 471 845 595 883; x_wconf 93' lang='lat' dir='ltr'><strong>nem</strong></span> <span class='ocrx_word' id='word_1_39' title='bbox 648 830 980 895; x_wconf 73' lang='lat' dir='ltr'><strong>admiserat;</strong></span> <span class='ocrx_word' id='word_1_40' title='bbox 1026 830 1307 884; x_wconf 85' lang='lat' dir='ltr'><strong>Eleusium</strong></span> <span class='ocrx_word' id='word_1_41' title='bbox 1345 830 1866 902; x_wconf 69' lang='lat' dir='ltr'><strong>deinde‘Cyzicenze</strong></span> <span class='ocrx_word' id='word_1_42' title='bbox 1906 835 2060 890; x_wconf 83' lang='lat' dir='ltr'><strong>urbis</strong></span> 
     </span>
    </p>
   </div>
   <div class='ocr_carea' id='block_1_10' title="bbox 470 923 2057 996">
    <p class='ocr_par' dir='ltr' id='par_1_10' title="bbox 470 923 2057 996">
     <span class='ocr_line' id='line_1_10' title="bbox 470 923 2057 996; baseline 0.003 -20"><span class='ocrx_word' id='word_1_43' title='bbox 470 923 810 992; x_wconf 83' lang='lat' dir='ltr'><strong>episcopum,</strong></span> <span class='ocrx_word' id='word_1_44' title='bbox 863 931 1156 992; x_wconf 77' lang='lat' dir='ltr'><strong>propterea</strong></span> <span class='ocrx_word' id='word_1_45' title='bbox 1205 923 1350 993; x_wconf 91' lang='lat' dir='ltr'><strong>quod</strong></span> <span class='ocrx_word' id='word_1_46' title='bbox 1404 923 1719 978; x_wconf 80' lang='lat' dir='ltr'><strong>Heracliam</strong></span> <span class='ocrx_word' id='word_1_47' title='bbox 1765 926 2057 996; x_wconf 85' lang='lat' dir='ltr'><strong>quemdam</strong></span> 
     </span>
    </p>
   </div>
   <div class='ocr_carea' id='block_1_11' title="bbox 475 1013 2058 1087">
    <p class='ocr_par' dir='ltr' id='par_1_11' title="bbox 475 1013 2058 1087">
     <span class='ocr_line' id='line_1_11' title="bbox 475 1013 2058 1087; baseline 0.003 -21"><span class='ocrx_word' id='word_1_48' title='bbox 475 1013 724 1067; x_wconf 82' lang='lat' dir='ltr'><strong>Herculis</strong></span> <span class='ocrx_word' id='word_1_49' title='bbox 748 1013 896 1084; x_wconf 86' lang='lat' dir='ltr'><strong>Tyrii</strong></span> <span class='ocrx_word' id='word_1_50' title='bbox 928 1013 1290 1077; x_wconf 83' lang='lat' dir='ltr'><strong>sacerdotem,</strong></span> <span class='ocrx_word' id='word_1_51' title='bbox 1331 1015 1584 1069; x_wconf 84' lang='lat' dir='ltr'><strong>maleﬁcii</strong></span> <span class='ocrx_word' id='word_1_52' title='bbox 1627 1023 1684 1069; x_wconf 91' lang='lat' dir='ltr'><strong>et</strong></span> <span class='ocrx_word' id='word_1_53' title='bbox 1725 1016 2058 1087; x_wconf 86' lang='lat' dir='ltr'><strong>magicarum</strong></span> 
     </span>
    </p>
   </div>
   <div class='ocr_carea' id='block_1_12' title="bbox 473 1105 2057 1176">
    <p class='ocr_par' dir='ltr' id='par_1_12' title="bbox 473 1105 2057 1176">
     <span class='ocr_line' id='line_1_12' title="bbox 473 1105 2057 1176; baseline 0.001 -18"><span class='ocrx_word' id='word_1_54' title='bbox 473 1105 674 1158; x_wconf 81' lang='lat' dir='ltr'><strong>artium</strong></span> <span class='ocrx_word' id='word_1_55' title='bbox 705 1106 1036 1168; x_wconf 89' lang='lat' dir='ltr'><strong>convictum,</strong></span> <span class='ocrx_word' id='word_1_56' title='bbox 1071 1121 1197 1159; x_wconf 91' lang='lat' dir='ltr'><strong>cum</strong></span> <span class='ocrx_word' id='word_1_57' title='bbox 1223 1121 1378 1160; x_wconf 90' lang='lat' dir='ltr'><strong>sacro</strong></span> <span class='ocrx_word' id='word_1_58' title='bbox 1402 1106 1729 1176; x_wconf 79' lang='lat' dir='ltr'><strong>baptismate</strong></span> <span class='ocrx_word' id='word_1_59' title='bbox 1768 1107 2057 1173; x_wconf 87' lang='lat' dir='ltr'><strong>initiasset,</strong></span> 
     </span>
    </p>
   </div>
   <div class='ocr_carea' id='block_1_13' title="bbox 476 1195 2061 1252">
    <p class='ocr_par' dir='ltr' id='par_1_13' title="bbox 476 1195 2061 1252">
     <span class='ocr_line' id='line_1_13' title="bbox 476 1195 2061 1252; baseline 0.003 -5"><span class='ocrx_word' id='word_1_60' title='bbox 476 1211 600 1248; x_wconf 76' lang='lat' dir='ltr'><strong>mox</strong></span> <span class='ocrx_word' id='word_1_61' title='bbox 630 1196 922 1250; x_wconf 91' lang='lat' dir='ltr'><strong>diaconum</strong></span> <span class='ocrx_word' id='word_1_62' title='bbox 953 1195 1322 1250; x_wconf 84' lang='lat' dir='ltr'><strong>ordinaverat.</strong></span> <span class='ocrx_word' id='word_1_63' title='bbox 1361 1195 1502 1249; x_wconf 86' lang='lat' dir='ltr'><strong>Tum</strong></span> <span class='ocrx_word' id='word_1_64' title='bbox 1531 1197 1791 1250; x_wconf 86' lang='lat' dir='ltr'><strong>Basilium</strong></span> <span class='ocrx_word' id='word_1_65' title='bbox 1821 1214 1919 1252; x_wconf 92' lang='lat' dir='ltr'><strong>seu</strong></span> <span class='ocrx_word' id='word_1_66' title='bbox 1961 1198 2061 1251; x_wconf 83' lang='lat' dir='ltr'><strong>Ba-</strong></span> 
     </span>
    </p>
   </div>
   <div class='ocr_carea' id='block_1_14' title="bbox 475 1286 2058 1357">
    <p class='ocr_par' dir='ltr' id='par_1_14' title="bbox 475 1286 2058 1357">
     <span class='ocr_line' id='line_1_14' title="bbox 475 1286 2058 1357; baseline 0.002 -18"><span class='ocrx_word' id='word_1_67' title='bbox 475 1286 651 1351; x_wconf 90' lang='lat' dir='ltr'><strong>silam,</strong></span> <span class='ocrx_word' id='word_1_68' title='bbox 678 1288 758 1342; x_wconf 91' lang='lat' dir='ltr'><strong>sic</strong></span> <span class='ocrx_word' id='word_1_69' title='bbox 776 1287 922 1341; x_wconf 93' lang='lat' dir='ltr'><strong>enim</strong></span> <span class='ocrx_word' id='word_1_70' title='bbox 942 1289 1106 1342; x_wconf 90' lang='lat' dir='ltr'><strong>etiam</strong></span> <span class='ocrx_word' id='word_1_71' title='bbox 1131 1287 1526 1357; x_wconf 83' lang='lat' dir='ltr'><strong>appellabatur,</strong></span> <span class='ocrx_word' id='word_1_72' title='bbox 1558 1288 1652 1357; x_wconf 88' lang='lat' dir='ltr'><strong>qui</strong></span> <span class='ocrx_word' id='word_1_73' title='bbox 1679 1289 1914 1342; x_wconf 84' lang='lat' dir='ltr'><strong>Marcelli</strong></span> <span class='ocrx_word' id='word_1_74' title='bbox 1937 1289 2058 1344; x_wconf 90' lang='lat' dir='ltr'><strong>loco</strong></span> 
     </span>
    </p>
   </div>
   <div class='ocr_carea' id='block_1_15' title="bbox 473 1377 2061 1450">
    <p class='ocr_par' dir='ltr' id='par_1_15' title="bbox 473 1377 2061 1450">
     <span class='ocr_line' id='line_1_15' title="bbox 473 1377 2061 1450; baseline 0.003 -21"><span class='ocrx_word' id='word_1_75' title='bbox 473 1378 763 1446; x_wconf 89' lang='lat' dir='ltr'><strong>episcopus</strong></span> <span class='ocrx_word' id='word_1_76' title='bbox 789 1377 1023 1450; x_wconf 47' lang='lat' dir='ltr'><strong>Ancyrae</strong></span> <span class='ocrx_word' id='word_1_77' title='bbox 1038 1379 1216 1433; x_wconf 83' lang='lat' dir='ltr'><strong>fuerat</strong></span> <span class='ocrx_word' id='word_1_78' title='bbox 1234 1379 1589 1443; x_wconf 84' lang='lat' dir='ltr'><strong>constitutus,</strong></span> <span class='ocrx_word' id='word_1_79' title='bbox 1622 1395 1688 1434; x_wconf 89' lang='lat' dir='ltr'><strong>eo</strong></span> <span class='ocrx_word' id='word_1_80' title='bbox 1708 1380 1853 1449; x_wconf 89' lang='lat' dir='ltr'><strong>quod</strong></span> <span class='ocrx_word' id='word_1_81' title='bbox 1870 1396 2061 1448; x_wconf 91' lang='lat' dir='ltr'><strong>quem-</strong></span> 
     </span>
    </p>
   </div>
   <div class='ocr_carea' id='block_1_16' title="bbox 477 1466 2058 1538">
    <p class='ocr_par' dir='ltr' id='par_1_16' title="bbox 477 1466 2058 1538">
     <span class='ocr_line' id='line_1_16' title="bbox 477 1466 2058 1538; baseline 0.005 -20"><span class='ocrx_word' id='word_1_82' title='bbox 477 1466 602 1520; x_wconf 89' lang='lat' dir='ltr'><strong>dam</strong></span> <span class='ocrx_word' id='word_1_83' title='bbox 657 1469 860 1538; x_wconf 80' lang='lat' dir='ltr'><strong>injuste</strong></span> <span class='ocrx_word' id='word_1_84' title='bbox 905 1479 1168 1534; x_wconf 88' lang='lat' dir='ltr'><strong>torserat,</strong></span> <span class='ocrx_word' id='word_1_85' title='bbox 1208 1480 1264 1524; x_wconf 88' lang='lat' dir='ltr'><strong>et</strong></span> <span class='ocrx_word' id='word_1_86' title='bbox 1317 1470 1526 1526; x_wconf 89' lang='lat' dir='ltr'><strong>catenis</strong></span> <span class='ocrx_word' id='word_1_87' title='bbox 1572 1471 1769 1526; x_wconf 89' lang='lat' dir='ltr'><strong>ferreis</strong></span> <span class='ocrx_word' id='word_1_88' title='bbox 1814 1472 2058 1527; x_wconf 91' lang='lat' dir='ltr'><strong>vinctum</strong></span> 
     </span>
    </p>
   </div>
   <div class='ocr_carea' id='block_1_17' title="bbox 473 1558 2062 1630">
    <p class='ocr_par' dir='ltr' id='par_1_17' title="bbox 473 1558 2062 1630">
     <span class='ocr_line' id='line_1_17' title="bbox 473 1558 2062 1630; baseline 0.004 -19"><span class='ocrx_word' id='word_1_89' title='bbox 473 1558 741 1613; x_wconf 73' lang='lat' dir='ltr'><strong>custodiae</strong></span> <span class='ocrx_word' id='word_1_90' title='bbox 760 1559 1172 1630; x_wconf 80' lang='lat' dir='ltr'><strong>mancipaverat</strong></span> <span class='ocrx_word' id='word_1_91' title='bbox 1202 1579 1214 1613; x_wconf 90' lang='lat'>:</span> <span class='ocrx_word' id='word_1_92' title='bbox 1245 1568 1513 1630; x_wconf 75' lang='lat' dir='ltr'><strong>praeterea</strong></span> <span class='ocrx_word' id='word_1_93' title='bbox 1535 1576 1601 1615; x_wconf 91' lang='lat' dir='ltr'><strong>eo</strong></span> <span class='ocrx_word' id='word_1_94' title='bbox 1629 1562 1774 1630; x_wconf 91' lang='lat' dir='ltr'><strong>quod</strong></span> <span class='ocrx_word' id='word_1_95' title='bbox 1798 1562 2062 1617; x_wconf 84' lang='lat' dir='ltr'><strong>adversus</strong></span> 
     </span>
    </p>
   </div>
   <div class='ocr_carea' id='block_1_18' title="bbox 2157 546 3734 620">
    <p class='ocr_par' dir='ltr' id='par_1_18' title="bbox 2157 546 3734 620">
     <span class='ocr_line' id='line_1_18' title="bbox 2157 546 3734 620; baseline 0.01 -22"><span class='ocrx_word' id='word_1_96' title='bbox 2157 546 2402 600; x_wconf 83' lang='grc' dir='ltr'>διάκονον</span> <span class='ocrx_word' id='word_1_97' title='bbox 2437 550 2531 601; x_wconf 73' lang='grc' dir='ltr'><strong>ἐπὶ</strong></span> <span class='ocrx_word' id='word_1_98' title='bbox 2561 549 2782 620; x_wconf 78' lang='grc' dir='ltr'>πορνείᾳ</span> <span class='ocrx_word' id='word_1_99' title='bbox 2811 550 3006 604; x_wconf 80' lang='grc' dir='ltr'>ἁλόντα</span> <span class='ocrx_word' id='word_1_100' title='bbox 3045 552 3259 618; x_wconf 79' lang='grc' dir='ltr'><strong>ἐδέξατο</strong></span> <span class='ocrx_word' id='word_1_101' title='bbox 3289 555 3369 617; x_wconf 85' lang='grc' dir='ltr'><strong>είς</strong></span> <span class='ocrx_word' id='word_1_102' title='bbox 3403 559 3688 613; x_wconf 76' lang='grc' dir='ltr'>κοινωνίαν</span> <span class='ocrx_word' id='word_1_103' title='bbox 3716 579 3734 591; x_wconf 87' lang='grc'><strong>·</strong></span> 
     </span>
    </p>
   </div>
   <div class='ocr_carea' id='block_1_19' title="bbox 2171 639 3740 720">
    <p class='ocr_par' dir='ltr' id='par_1_19' title="bbox 2171 639 3740 720">
     <span class='ocr_line' id='line_1_19' title="bbox 2171 639 3740 720; baseline 0.01 -30"><span class='ocrx_word' id='word_1_104' title='bbox 2171 639 2442 692; x_wconf 82' lang='grc' dir='ltr'>Ἐλεύσιον</span> <span class='ocrx_word' id='word_1_105' title='bbox 2471 640 2526 694; x_wconf 81' lang='grc' dir='ltr'>δὲ</span> <span class='ocrx_word' id='word_1_106' title='bbox 2548 641 2636 693; x_wconf 84' lang='grc' dir='ltr'>τὸν</span> <span class='ocrx_word' id='word_1_107' title='bbox 2659 641 2918 706; x_wconf 74' lang='grc' dir='ltr'>Κυζίκου,</span> <span class='ocrx_word' id='word_1_108' title='bbox 2941 642 3074 696; x_wconf 81' lang='grc' dir='ltr'><strong>διότι</strong></span> <span class='ocrx_word' id='word_1_109' title='bbox 3099 643 3421 714; x_wconf 79' lang='grc' dir='ltr'>Ἡράκλειόν</span> <span class='ocrx_word' id='word_1_110' title='bbox 3441 666 3560 701; x_wconf 85' lang='grc' dir='ltr'>τινα</span> <span class='ocrx_word' id='word_1_111' title='bbox 3583 651 3625 702; x_wconf 82' lang='grc' dir='ltr'><strong>ίε</strong></span> <span class='ocrx_word' id='word_1_112' title='bbox 3636 651 3740 720; x_wconf 74' lang='grc' dir='ltr'><strong>ρέα</strong></span> 
     </span>
    </p>
   </div>
   <div class='ocr_carea' id='block_1_20' title="bbox 2157 729 3744 808">
    <p class='ocr_par' dir='ltr' id='par_1_20' title="bbox 2157 729 3744 808">
     <span class='ocr_line' id='line_1_20' title="bbox 2157 729 3744 808; baseline 0.01 -28"><span class='ocrx_word' id='word_1_113' title='bbox 2157 729 2252 782; x_wconf 79' lang='grc' dir='ltr'><strong>τοῦ</strong></span> <span class='ocrx_word' id='word_1_114' title='bbox 2317 734 2374 784; x_wconf 81' lang='grc' dir='ltr'>ἐν</span> <span class='ocrx_word' id='word_1_115' title='bbox 2422 731 2582 800; x_wconf 83' lang='grc' dir='ltr'><strong>Τύρῳ</strong></span> <span class='ocrx_word' id='word_1_116' title='bbox 2641 732 3000 802; x_wconf 82' lang='grc' dir='ltr'>Ἡρακλέους,</span> <span class='ocrx_word' id='word_1_117' title='bbox 3048 734 3140 786; x_wconf 74' lang='grc' dir='ltr'><strong>ἐπὶ</strong></span> <span class='ocrx_word' id='word_1_118' title='bbox 3193 737 3416 807; x_wconf 82' lang='grc' dir='ltr'><strong>γοητείᾳ</strong></span> <span class='ocrx_word' id='word_1_119' title='bbox 3461 739 3744 808; x_wconf 72' lang='grc' dir='ltr'><strong>ληφθέντα</strong></span> 
     </span>
    </p>
   </div>
   <div class='ocr_carea' id='block_1_21' title="bbox 2162 820 3737 896">
    <p class='ocr_par' dir='ltr' id='par_1_21' title="bbox 2162 820 3737 896">
     <span class='ocr_line' id='line_1_21' title="bbox 2162 820 3737 896; baseline 0.005 -22"><span class='ocrx_word' id='word_1_120' title='bbox 2162 820 2447 890; x_wconf 77' lang='grc' dir='ltr'><strong>βαπτίσας,</strong></span> <span class='ocrx_word' id='word_1_121' title='bbox 2479 823 2560 885; x_wconf 85' lang='grc' dir='ltr'><strong>εἰς</strong></span> <span class='ocrx_word' id='word_1_122' title='bbox 2601 822 2844 876; x_wconf 81' lang='grc' dir='ltr'>διάκονον</span> <span class='ocrx_word' id='word_1_123' title='bbox 2894 823 3278 896; x_wconf 76' lang='grc' dir='ltr'>προεϐάλλετο.</span> <span class='ocrx_word' id='word_1_124' title='bbox 3327 827 3606 881; x_wconf 75' lang='grc' dir='ltr'><strong>Βασίλειον</strong></span> <span class='ocrx_word' id='word_1_125' title='bbox 3649 829 3737 889; x_wconf 87' lang='grc' dir='ltr'><strong>δὲ.</strong></span> 
     </span>
    </p>
   </div>
   <div class='ocr_carea' id='block_1_22' title="bbox 2157 912 3740 986">
    <p class='ocr_par' dir='ltr' id='par_1_22' title="bbox 2157 912 3740 986">
     <span class='ocr_line' id='line_1_22' title="bbox 2157 912 3740 986; baseline 0.004 -21"><span class='ocrx_word' id='word_1_126' title='bbox 2157 912 2248 966; x_wconf 81' lang='grc' dir='ltr'>τὸν</span> <span class='ocrx_word' id='word_1_127' title='bbox 2280 915 2372 966; x_wconf 76' lang='grc' dir='ltr'>καὶ</span> <span class='ocrx_word' id='word_1_128' title='bbox 2404 913 2664 976; x_wconf 82' lang='grc' dir='ltr'>Βασιλᾶν,</span> <span class='ocrx_word' id='word_1_129' title='bbox 2707 913 2932 984; x_wconf 74' lang='grc' dir='ltr'>καὶγὰρ</span> <span class='ocrx_word' id='word_1_130' title='bbox 2958 914 3130 978; x_wconf 78' lang='grc' dir='ltr'>οὕτως</span> <span class='ocrx_word' id='word_1_131' title='bbox 3175 915 3513 986; x_wconf 76' lang='grc' dir='ltr'>ὠνομάζετο,</span> <span class='ocrx_word' id='word_1_132' title='bbox 3543 921 3633 971; x_wconf 73' lang='grc' dir='ltr'><strong>τὸν</strong></span> <span class='ocrx_word' id='word_1_133' title='bbox 3675 922 3740 972; x_wconf 82' lang='grc' dir='ltr'>ὲν</span> 
     </span>
    </p>
   </div>
   <div class='ocr_carea' id='block_1_23' title="bbox 2172 1005 3738 1080">
    <p class='ocr_par' dir='ltr' id='par_1_23' title="bbox 2172 1005 3738 1080">
     <span class='ocr_line' id='line_1_23' title="bbox 2172 1005 3738 1080; baseline 0.004 -23"><span class='ocrx_word' id='word_1_134' title='bbox 2172 1005 2413 1075; x_wconf 78' lang='grc' dir='ltr'>Ἀγκύρα</span> <span class='ocrx_word' id='word_1_135' title='bbox 2445 1007 2526 1068; x_wconf 83' lang='grc' dir='ltr'><strong>είς</strong></span> <span class='ocrx_word' id='word_1_136' title='bbox 2549 1007 2640 1058; x_wconf 72' lang='grc' dir='ltr'><strong>τὸν</strong></span> <span class='ocrx_word' id='word_1_137' title='bbox 2684 1006 2846 1058; x_wconf 85' lang='grc' dir='ltr'>τόπον</span> <span class='ocrx_word' id='word_1_138' title='bbox 2889 1007 3210 1076; x_wconf 78' lang='grc' dir='ltr'>Μαρκέλλου</span> <span class='ocrx_word' id='word_1_139' title='bbox 3261 1011 3738 1080; x_wconf 81' lang='grc' dir='ltr'>προχειρισθέντα,</span> 
     </span>
    </p>
   </div>
   <div class='ocr_carea' id='block_1_24' title="bbox 2159 1097 3743 1172">
    <p class='ocr_par' dir='ltr' id='par_1_24' title="bbox 2159 1097 3743 1172">
     <span class='ocr_line' id='line_1_24' title="bbox 2159 1097 3743 1172; baseline 0.004 -23"><span class='ocrx_word' id='word_1_140' title='bbox 2159 1097 2234 1158; x_wconf 87' lang='grc' dir='ltr'>ὼς</span> <span class='ocrx_word' id='word_1_141' title='bbox 2289 1097 2488 1160; x_wconf 83' lang='grc' dir='ltr'><strong>ἀδίκως</strong></span> <span class='ocrx_word' id='word_1_142' title='bbox 2538 1098 2660 1150; x_wconf 83' lang='grc' dir='ltr'>τινὰ</span> <span class='ocrx_word' id='word_1_143' title='bbox 2716 1097 3114 1167; x_wconf 83' lang='grc' dir='ltr'>βασανίσαντα,</span> <span class='ocrx_word' id='word_1_144' title='bbox 3176 1100 3271 1152; x_wconf 69' lang='grc' dir='ltr'>καὶ</span> <span class='ocrx_word' id='word_1_145' title='bbox 3325 1101 3743 1172; x_wconf 79' lang='grc' dir='ltr'>σιδηροδέσμοις</span> 
     </span>
    </p>
   </div>
   <div class='ocr_carea' id='block_1_25' title="bbox 2161 1186 3740 1257">
    <p class='ocr_par' dir='ltr' id='par_1_25' title="bbox 2161 1186 3740 1257">
     <span class='ocr_line' id='line_1_25' title="bbox 2161 1186 3740 1257; baseline 0.004 -19"><span class='ocrx_word' id='word_1_146' title='bbox 2161 1186 2428 1256; x_wconf 76' lang='grc' dir='ltr'><strong>φυλακαῖς</strong></span> <span class='ocrx_word' id='word_1_147' title='bbox 2470 1188 2902 1242; x_wconf 87' lang='grc' dir='ltr'>κατακλείσαντα</span> <span class='ocrx_word' id='word_1_148' title='bbox 2921 1205 2934 1218; x_wconf 71' lang='grc' dir='ltr'><strong>ο</strong></span> <span class='ocrx_word' id='word_1_149' title='bbox 2972 1189 3066 1241; x_wconf 79' lang='grc' dir='ltr'>καὶ</span> <span class='ocrx_word' id='word_1_150' title='bbox 3088 1189 3168 1241; x_wconf 81' lang='grc' dir='ltr'>ὅτι</span> <span class='ocrx_word' id='word_1_151' title='bbox 3199 1192 3562 1257; x_wconf 82' lang='grc' dir='ltr'>συκοφαντίας</span> <span class='ocrx_word' id='word_1_152' title='bbox 3590 1194 3740 1245; x_wconf 74' lang='grc' dir='ltr'>τισὶν</span> 
     </span>
    </p>
   </div>
   <div class='ocr_carea' id='block_1_26' title="bbox 2159 1278 3738 1352">
    <p class='ocr_par' dir='ltr' id='par_1_26' title="bbox 2159 1278 3738 1352">
     <span class='ocr_line' id='line_1_26' title="bbox 2159 1278 3738 1352; baseline 0.001 -20"><span class='ocrx_word' id='word_1_153' title='bbox 2159 1279 2433 1352; x_wconf 71' lang='grc' dir='ltr'>ἒῤῥαψενο</span> <span class='ocrx_word' id='word_1_154' title='bbox 2494 1279 2572 1332; x_wconf 78' lang='grc' dir='ltr'>ἔτι</span> <span class='ocrx_word' id='word_1_155' title='bbox 2623 1278 2728 1349; x_wconf 82' lang='grc' dir='ltr'>μὴν</span> <span class='ocrx_word' id='word_1_156' title='bbox 2780 1279 2876 1332; x_wconf 76' lang='grc' dir='ltr'>καὶ</span> <span class='ocrx_word' id='word_1_157' title='bbox 2925 1279 3006 1332; x_wconf 87' lang='grc' dir='ltr'>ὃτι</span> <span class='ocrx_word' id='word_1_158' title='bbox 3045 1279 3113 1332; x_wconf 86' lang='grc' dir='ltr'><strong>δι’</strong></span> <span class='ocrx_word' id='word_1_159' title='bbox 3169 1280 3470 1334; x_wconf 75' lang='grc' dir='ltr'>ἐπιστολῶν</span> <span class='ocrx_word' id='word_1_160' title='bbox 3521 1281 3618 1344; x_wconf 74' lang='grc' dir='ltr'><strong>τὰς</strong></span> <span class='ocrx_word' id='word_1_161' title='bbox 3672 1285 3738 1334; x_wconf 82' lang='grc' dir='ltr'>ὲν</span> 
     </span>
    </p>
   </div>
   <div class='ocr_carea' id='block_1_27' title="bbox 2174 1370 3736 1444">
    <p class='ocr_par' dir='ltr' id='par_1_27' title="bbox 2174 1370 3736 1444">
     <span class='ocr_line' id='line_1_27' title="bbox 2174 1370 3736 1444; baseline 0 -18"><span class='ocrx_word' id='word_1_162' title='bbox 2174 1374 2406 1444; x_wconf 85' lang='grc' dir='ltr'>Ἀφρικῇ</span> <span class='ocrx_word' id='word_1_163' title='bbox 2454 1370 2785 1440; x_wconf 79' lang='grc' dir='ltr'>Ἐκκλησίας,</span> <span class='ocrx_word' id='word_1_164' title='bbox 2823 1371 3117 1442; x_wconf 77' lang='grc' dir='ltr'>ἐτάραξεν·</span> <span class='ocrx_word' id='word_1_165' title='bbox 3157 1371 3481 1444; x_wconf 86' lang='grc' dir='ltr'>Δρακόντιον</span> <span class='ocrx_word' id='word_1_166' title='bbox 3537 1373 3612 1436; x_wconf 87' lang='grc' dir='ltr'>δὲ,</span> <span class='ocrx_word' id='word_1_167' title='bbox 3646 1375 3736 1426; x_wconf 78' lang='grc' dir='ltr'>ὅτι</span> 
     </span>
    </p>
   </div>
   <div class='ocr_carea' id='block_1_28' title="bbox 2161 1461 3736 1533">
    <p class='ocr_par' dir='ltr' id='par_1_28' title="bbox 2161 1461 3736 1533">
     <span class='ocr_line' id='line_1_28' title="bbox 2161 1461 3736 1533; baseline -0.001 -15"><span class='ocrx_word' id='word_1_168' title='bbox 2161 1463 2270 1518; x_wconf 82' lang='grc' dir='ltr'><strong>ἀπὸ</strong></span> <span class='ocrx_word' id='word_1_169' title='bbox 2299 1461 2565 1526; x_wconf 80' lang='grc' dir='ltr'>Γαλατίας</span> <span class='ocrx_word' id='word_1_170' title='bbox 2587 1462 2789 1533; x_wconf 80' lang='grc' dir='ltr'>μετέϐη</span> <span class='ocrx_word' id='word_1_171' title='bbox 2815 1465 2894 1525; x_wconf 81' lang='grc' dir='ltr'><strong>είς</strong></span> <span class='ocrx_word' id='word_1_172' title='bbox 2921 1461 3239 1532; x_wconf 77' lang='grc' dir='ltr'>Πέργαμον.</span> <span class='ocrx_word' id='word_1_173' title='bbox 3262 1463 3526 1516; x_wconf 82' lang='grc' dir='ltr'>Καθεῖλον</span> <span class='ocrx_word' id='word_1_174' title='bbox 3556 1463 3611 1516; x_wconf 79' lang='grc' dir='ltr'>δὲ</span> <span class='ocrx_word' id='word_1_175' title='bbox 3636 1465 3736 1517; x_wconf 74' lang='grc' dir='ltr'>καὶ</span> 
     </span>
    </p>
   </div>
   <div class='ocr_carea' id='block_1_29' title="bbox 2161 1547 3736 1624">
    <p class='ocr_par' dir='ltr' id='par_1_29' title="bbox 2161 1547 3736 1624">
     <span class='ocr_line' id='line_1_29' title="bbox 2161 1547 3736 1624; baseline -0.001 -18"><span class='ocrx_word' id='word_1_176' title='bbox 2161 1554 2386 1608; x_wconf 74' lang='grc' dir='ltr'>Νεωνᾶν</span> <span class='ocrx_word' id='word_1_177' title='bbox 2419 1553 2511 1607; x_wconf 75' lang='grc' dir='ltr'><strong>τὸν</strong></span> <span class='ocrx_word' id='word_1_178' title='bbox 2533 1551 2872 1616; x_wconf 87' lang='grc' dir='ltr'>Σελευκείας,</span> <span class='ocrx_word' id='word_1_179' title='bbox 2903 1553 2959 1605; x_wconf 80' lang='grc' dir='ltr'>ὲν</span> <span class='ocrx_word' id='word_1_180' title='bbox 3055 1552 3295 1620; x_wconf 74' lang='grc' dir='ltr'>ἐγεγόνει</span> <span class='ocrx_word' id='word_1_181' title='bbox 3328 1553 3360 1622; x_wconf 83' lang='grc' dir='ltr'>ὴ</span> <span class='ocrx_word' id='word_1_182' title='bbox 3393 1552 3628 1618; x_wconf 80' lang='grc' dir='ltr'>σύνοδος,</span> <span class='ocrx_word' id='word_1_183' title='bbox 3651 1553 3736 1605; x_wconf 77' lang='grc' dir='ltr'><strong>ἑτι</strong></span> 
     </span>
    </p>
   </div>
   <div class='ocr_carea' id='block_1_30' title="bbox 479 1642 2063 1723">
    <p class='ocr_par' dir='ltr' id='par_1_30' title="bbox 479 1651 2063 1723">
     <span class='ocr_line' id='line_1_30' title="bbox 479 1651 2063 1723; baseline 0.004 -22"><span class='ocrx_word' id='word_1_184' title='bbox 479 1651 774 1706; x_wconf 91' lang='lat' dir='ltr'><strong>nonnullos</strong></span> <span class='ocrx_word' id='word_1_185' title='bbox 795 1651 1095 1706; x_wconf 87' lang='lat' dir='ltr'><strong>calumnias</strong></span> <span class='ocrx_word' id='word_1_186' title='bbox 1119 1660 1426 1708; x_wconf 83' lang='lat' dir='ltr'><strong>struxerat:</strong></span> <span class='ocrx_word' id='word_1_187' title='bbox 1454 1652 1690 1721; x_wconf 88' lang='lat' dir='ltr'><strong>denique</strong></span> <span class='ocrx_word' id='word_1_188' title='bbox 1707 1654 1851 1723; x_wconf 92' lang='lat' dir='ltr'><strong>quod</strong></span> <span class='ocrx_word' id='word_1_189' title='bbox 1876 1653 2063 1708; x_wconf 87' lang='lat' dir='ltr'><strong>Eccle-</strong></span> 
     </span>
    </p>
   </div>
   <div class='ocr_carea' id='block_1_31' title="bbox 2165 1642 3736 1723">
    <p class='ocr_par' dir='ltr' id='par_1_31' title="bbox 2167 1642 3736 1716">
     <span class='ocr_line' id='line_1_31' title="bbox 2167 1642 3736 1716; baseline -0.004 -17"><span class='ocrx_word' id='word_1_190' title='bbox 2167 1646 2272 1716; x_wconf 80' lang='grc' dir='ltr'>μὴν</span> <span class='ocrx_word' id='word_1_191' title='bbox 2328 1646 2421 1699; x_wconf 76' lang='grc' dir='ltr'>καὶ</span> <span class='ocrx_word' id='word_1_192' title='bbox 2479 1645 2784 1716; x_wconf 89' lang='grc' dir='ltr'>Σωφρόνιον</span> <span class='ocrx_word' id='word_1_193' title='bbox 2837 1643 2928 1696; x_wconf 78' lang='grc' dir='ltr'>τὸν</span> <span class='ocrx_word' id='word_1_194' title='bbox 2977 1643 3473 1713; x_wconf 86' lang='grc' dir='ltr'>Πομπηῖουπόλεως</span> <span class='ocrx_word' id='word_1_195' title='bbox 3516 1643 3615 1712; x_wconf 82' lang='grc' dir='ltr'>τῆς</span> <span class='ocrx_word' id='word_1_196' title='bbox 3673 1642 3736 1693; x_wconf 59' lang='grc' dir='ltr'>ὲν</span> 
     </span>
    </p>
   </div>
   <div class='ocr_carea' id='block_1_32' title="bbox 474 1732 2063 1814">
    <p class='ocr_par' dir='ltr' id='par_1_32' title="bbox 474 1739 2060 1814">
     <span class='ocr_line' id='line_1_32' title="bbox 474 1739 2060 1814; baseline 0.003 -21"><span class='ocrx_word' id='word_1_197' title='bbox 474 1739 582 1794; x_wconf 86' lang='lat' dir='ltr'><strong>sias</strong></span> <span class='ocrx_word' id='word_1_198' title='bbox 605 1740 808 1803; x_wconf 56' lang='lat' dir='ltr'><strong>Africa?</strong></span> <span class='ocrx_word' id='word_1_199' title='bbox 835 1743 1083 1813; x_wconf 80' lang='lat' dir='ltr'><strong>epistolis</strong></span> <span class='ocrx_word' id='word_1_200' title='bbox 1109 1743 1224 1798; x_wconf 89' lang='lat' dir='ltr'><strong>suis</strong></span> <span class='ocrx_word' id='word_1_201' title='bbox 1249 1745 1687 1814; x_wconf 82' lang='lat' dir='ltr'><strong>perturbaverat.</strong></span> <span class='ocrx_word' id='word_1_202' title='bbox 1708 1745 2060 1799; x_wconf 85' lang='lat' dir='ltr'><strong>Dracontium</strong></span> 
     </span>
    </p>
   </div>
   <div class='ocr_carea' id='block_1_33' title="bbox 2165 1732 3734 1814">
    <p class='ocr_par' dir='ltr' id='par_1_33' title="bbox 2165 1732 3734 1808">
     <span class='ocr_line' id='line_1_33' title="bbox 2165 1732 3734 1808; baseline -0.005 -16"><span class='ocrx_word' id='word_1_203' title='bbox 2165 1738 2537 1808; x_wconf 77' lang='grc' dir='ltr'>Παφλαγονία,</span> <span class='ocrx_word' id='word_1_204' title='bbox 2581 1737 2678 1791; x_wconf 70' lang='grc' dir='ltr'><strong>καὶ</strong></span> <span class='ocrx_word' id='word_1_205' title='bbox 2735 1736 3000 1789; x_wconf 85' lang='grc' dir='ltr'>Ἐλπίδιον</span> <span class='ocrx_word' id='word_1_206' title='bbox 3051 1734 3303 1788; x_wconf 84' lang='grc' dir='ltr'>Σατάλων</span> <span class='ocrx_word' id='word_1_207' title='bbox 3340 1735 3439 1804; x_wconf 83' lang='grc' dir='ltr'>τῆς</span> <span class='ocrx_word' id='word_1_208' title='bbox 3487 1732 3734 1787; x_wconf 77' lang='grc' dir='ltr'>Μακεδοο</span> 
     </span>
    </p>
   </div>
   <div class='ocr_carea' id='block_1_34' title="bbox 479 1818 2063 1906">
    <p class='ocr_par' dir='ltr' id='par_1_34' title="bbox 479 1833 2060 1906">
     <span class='ocr_line' id='line_1_34' title="bbox 479 1833 2060 1906; baseline 0.003 -22"><span class='ocrx_word' id='word_1_209' title='bbox 479 1847 613 1887; x_wconf 89' lang='lat' dir='ltr'><strong>vero</strong></span> <span class='ocrx_word' id='word_1_210' title='bbox 643 1833 850 1891; x_wconf 85' lang='lat' dir='ltr'><strong>idcirco</strong></span> <span class='ocrx_word' id='word_1_211' title='bbox 884 1835 1278 1905; x_wconf 89' lang='lat' dir='ltr'><strong>deposuerunt,</strong></span> <span class='ocrx_word' id='word_1_212' title='bbox 1315 1835 1463 1905; x_wconf 90' lang='lat' dir='ltr'><strong>quod</strong></span> <span class='ocrx_word' id='word_1_213' title='bbox 1507 1851 1576 1890; x_wconf 82' lang='lat' dir='ltr'><strong>ex</strong></span> <span class='ocrx_word' id='word_1_214' title='bbox 1609 1835 1819 1890; x_wconf 87' lang='lat' dir='ltr'><strong>Galatia</strong></span> <span class='ocrx_word' id='word_1_215' title='bbox 1863 1837 2060 1906; x_wconf 85' lang='lat' dir='ltr'><strong>Perga—</strong></span> 
     </span>
    </p>
   </div>
   <div class='ocr_carea' id='block_1_35' title="bbox 2165 1818 3734 1906">
    <p class='ocr_par' dir='ltr' id='par_1_35' title="bbox 2165 1824 3734 1898">
     <span class='ocr_line' id='line_1_35' title="bbox 2165 1824 3734 1898; baseline -0.003 -16"><span class='ocrx_word' id='word_1_216' title='bbox 2165 1830 2282 1892; x_wconf 89' lang='grc' dir='ltr'>νίας</span> <span class='ocrx_word' id='word_1_217' title='bbox 2345 1827 2485 1898; x_wconf 85' lang='grc'>(86),</span> <span class='ocrx_word' id='word_1_218' title='bbox 2537 1829 2630 1882; x_wconf 69' lang='grc' dir='ltr'>καὶ</span> <span class='ocrx_word' id='word_1_219' title='bbox 2684 1827 2793 1880; x_wconf 85' lang='grc' dir='ltr'>τῶν</span> <span class='ocrx_word' id='word_1_220' title='bbox 2842 1825 3227 1897; x_wconf 84' lang='grc' dir='ltr'>Ἰεροσολύμων</span> <span class='ocrx_word' id='word_1_221' title='bbox 3297 1824 3583 1896; x_wconf 83' lang='grc' dir='ltr'>Κύριλλον,</span> <span class='ocrx_word' id='word_1_222' title='bbox 3633 1827 3734 1878; x_wconf 78' lang='grc' dir='ltr'><strong>καὶ</strong></span> 
     </span>
    </p>
   </div>
   <div class='ocr_carea' id='block_1_36' title="bbox 477 1916 2063 1993">
    <p class='ocr_par' dir='ltr' id='par_1_36' title="bbox 477 1924 2062 1993">
     <span class='ocr_line' id='line_1_36' title="bbox 477 1924 2062 1993; baseline 0.003 -19"><span class='ocrx_word' id='word_1_223' title='bbox 477 1937 627 1978; x_wconf 89' lang='lat' dir='ltr'><strong>mum</strong></span> <span class='ocrx_word' id='word_1_224' title='bbox 651 1924 1001 1979; x_wconf 87' lang='lat' dir='ltr'><strong>transilierat.</strong></span> <span class='ocrx_word' id='word_1_225' title='bbox 1030 1924 1373 1979; x_wconf 82' lang='lat' dir='ltr'><strong>Abdicarunt</strong></span> <span class='ocrx_word' id='word_1_226' title='bbox 1395 1925 1560 1978; x_wconf 90' lang='lat' dir='ltr'><strong>etiam</strong></span> <span class='ocrx_word' id='word_1_227' title='bbox 1583 1924 1823 1978; x_wconf 87' lang='lat' dir='ltr'><strong>Neonam</strong></span> <span class='ocrx_word' id='word_1_228' title='bbox 1849 1924 2062 1993; x_wconf 89' lang='lat' dir='ltr'><strong>episco-</strong></span> 
     </span>
    </p>
   </div>
   <div class='ocr_carea' id='block_1_37' title="bbox 2165 1916 3191 1993">
    <p class='ocr_par' dir='ltr' id='par_1_37' title="bbox 2167 1916 3191 1983">
     <span class='ocr_line' id='line_1_37' title="bbox 2167 1916 3191 1983; baseline -0.005 -8"><span class='ocrx_word' id='word_1_229' title='bbox 2167 1920 2358 1983; x_wconf 80' lang='grc' dir='ltr'>ἄλλους</span> <span class='ocrx_word' id='word_1_230' title='bbox 2392 1920 2458 1972; x_wconf 88' lang='grc' dir='ltr'><strong>δι’</strong></span> <span class='ocrx_word' id='word_1_231' title='bbox 2489 1919 2651 1982; x_wconf 81' lang='grc' dir='ltr'>ἄλλας</span> <span class='ocrx_word' id='word_1_232' title='bbox 2676 1918 2854 1980; x_wconf 81' lang='grc' dir='ltr'>αἰτίας</span> <span class='ocrx_word' id='word_1_233' title='bbox 2888 1916 3191 1981; x_wconf 71' lang='grc' dir='ltr'>ἐξέϐαλλον.</span> 
     </span>
    </p>
   </div>
   <div class='ocr_carea' id='block_1_38' title="bbox 476 2006 3733 2088">
    <p class='ocr_par' dir='ltr' id='par_1_38' title="bbox 476 2006 3733 2088">
     <span class='ocr_line' id='line_1_38' title="bbox 476 2006 3733 2088; baseline -0.003 -19"><span class='ocrx_word' id='word_1_234' title='bbox 476 2030 608 2084; x_wconf 86' lang='lat' dir='ltr'><strong>pum</strong></span> <span class='ocrx_word' id='word_1_235' title='bbox 640 2016 920 2081; x_wconf 61' lang='lat' dir='ltr'><strong>Seleucia,</strong></span> <span class='ocrx_word' id='word_1_236' title='bbox 953 2033 1059 2086; x_wconf 87' lang='lat' dir='ltr'><strong>qua</strong></span> <span class='ocrx_word' id='word_1_237' title='bbox 1099 2017 1153 2070; x_wconf 90' lang='lat' dir='ltr'><strong>in</strong></span> <span class='ocrx_word' id='word_1_238' title='bbox 1181 2017 1316 2070; x_wconf 89' lang='lat' dir='ltr'><strong>urbe</strong></span> <span class='ocrx_word' id='word_1_239' title='bbox 1356 2017 1595 2088; x_wconf 87' lang='lat' dir='ltr'><strong>synodus</strong></span> <span class='ocrx_word' id='word_1_240' title='bbox 1626 2017 1812 2071; x_wconf 86' lang='lat' dir='ltr'><strong>habita</strong></span> <span class='ocrx_word' id='word_1_241' title='bbox 1845 2016 2023 2070; x_wconf 86' lang='lat' dir='ltr'><strong>fuerat</strong></span> <span class='ocrx_word' id='word_1_242' title='bbox 2049 2035 2061 2069; x_wconf 92' lang='lat'>:</span> <span class='ocrx_word' id='word_1_243' title='bbox 2103 2014 2472 2085; x_wconf 83' lang='lat' dir='ltr'><strong>Sophroniutu</strong></span> <span class='ocrx_word' id='word_1_244' title='bbox 2493 2027 2712 2081; x_wconf 89' lang='lat' dir='ltr'><strong>quoque</strong></span> <span class='ocrx_word' id='word_1_245' title='bbox 2733 2051 2749 2075; x_wconf 91' lang='lat'><strong>,</strong></span> <span class='ocrx_word' id='word_1_246' title='bbox 2785 2009 3102 2079; x_wconf 77' lang='lat' dir='ltr'><strong>episc0punt</strong></span> <span class='ocrx_word' id='word_1_247' title='bbox 3124 2006 3589 2076; x_wconf 85' lang='lat' dir='ltr'><strong>Pompeiopoleos,</strong></span> <span class='ocrx_word' id='word_1_248' title='bbox 3606 2019 3733 2074; x_wconf 70' lang='lat' dir='ltr'><strong>qua:</strong></span> 
     </span>
    </p>
   </div>
   <div class='ocr_carea' id='block_1_39' title="bbox 477 2096 3732 2176">
    <p class='ocr_par' dir='ltr' id='par_1_39' title="bbox 477 2096 3732 2176">
     <span class='ocr_line' id='line_1_39' title="bbox 477 2096 3732 2176; baseline -0.002 -18"><span class='ocrx_word' id='word_1_249' title='bbox 477 2106 610 2159; x_wconf 81' lang='lat' dir='ltr'><strong>urbs</strong></span> <span class='ocrx_word' id='word_1_250' title='bbox 673 2115 757 2160; x_wconf 92' lang='lat' dir='ltr'><strong>est</strong></span> <span class='ocrx_word' id='word_1_251' title='bbox 816 2105 1230 2176; x_wconf 60' lang='lat' dir='ltr'><strong>Paphlagonia};</strong></span> <span class='ocrx_word' id='word_1_252' title='bbox 1271 2105 1546 2175; x_wconf 87' lang='lat' dir='ltr'><strong>Elpidium</strong></span> <span class='ocrx_word' id='word_1_253' title='bbox 1589 2105 1896 2160; x_wconf 86' lang='lat' dir='ltr'><strong>Satalorum</strong></span> <span class='ocrx_word' id='word_1_254' title='bbox 1967 2105 2260 2169; x_wconf 64' lang='lat' dir='ltr'><strong>Armeniae,</strong></span> <span class='ocrx_word' id='word_1_255' title='bbox 2320 2101 2585 2173; x_wconf 84' lang='lat' dir='ltr'><strong>Cyrillum</strong></span> <span class='ocrx_word' id='word_1_256' title='bbox 2637 2100 3140 2170; x_wconf 81' lang='lat' dir='ltr'><strong>Hierosolymorum</strong></span> <span class='ocrx_word' id='word_1_257' title='bbox 3184 2096 3544 2168; x_wconf 85' lang='lat' dir='ltr'><strong>episcopum,</strong></span> <span class='ocrx_word' id='word_1_258' title='bbox 3592 2097 3732 2151; x_wconf 87' lang='lat' dir='ltr'><strong>alios</strong></span> 
     </span>
    </p>
   </div>
   <div class='ocr_carea' id='block_1_40' title="bbox 475 2197 1665 2268">
    <p class='ocr_par' dir='ltr' id='par_1_40' title="bbox 475 2197 1665 2268">
     <span class='ocr_line' id='line_1_40' title="bbox 475 2197 1665 2268; baseline -0.003 -15"><span class='ocrx_word' id='word_1_259' title='bbox 475 2197 716 2268; x_wconf 81' lang='lat' dir='ltr'><strong>denique</strong></span> <span class='ocrx_word' id='word_1_260' title='bbox 740 2197 874 2252; x_wconf 88' lang='lat' dir='ltr'><strong>alias</strong></span> <span class='ocrx_word' id='word_1_261' title='bbox 896 2197 967 2252; x_wconf 92' lang='lat' dir='ltr'><strong>ob</strong></span> <span class='ocrx_word' id='word_1_262' title='bbox 999 2211 1192 2251; x_wconf 84' lang='lat' dir='ltr'><strong>causas</strong></span> <span class='ocrx_word' id='word_1_263' title='bbox 1217 2203 1665 2250; x_wconf 75' lang='lat' dir='ltr'><strong>exauctorarunt.</strong></span> 
     </span>
    </p>
   </div>
   <div class='ocr_carea' id='block_1_41' title="bbox 1085 2322 2063 2386">
    <p class='ocr_par' dir='ltr' id='par_1_41' title="bbox 1085 2328 1459 2386">
     <span class='ocr_line' id='line_1_41' title="bbox 1085 2328 1459 2386; baseline -0.008 0"><span class='ocrx_word' id='word_1_264' title='bbox 1085 2328 1236 2386; x_wconf 83' lang='lat' dir='ltr'><strong>CAP.</strong></span> <span class='ocrx_word' id='word_1_265' title='bbox 1271 2329 1459 2383; x_wconf 79' lang='lat' dir='ltr'><strong>XLIII.</strong></span> 
     </span>
    </p>
   </div>
   <div class='ocr_carea' id='block_1_42' title="bbox 2165 2322 3128 2386">
    <p class='ocr_par' dir='ltr' id='par_1_42' title="bbox 2719 2322 3128 2380">
     <span class='ocr_line' id='line_1_42' title="bbox 2719 2322 3128 2380; baseline -0.015 0"><span class='ocrx_word' id='word_1_266' title='bbox 2719 2325 2966 2380; x_wconf 78' lang='grc' dir='ltr'><strong>ΚΕΦΑΛ.</strong></span> <span class='ocrx_word' id='word_1_267' title='bbox 2997 2322 3128 2378; x_wconf 73' lang='grc' dir='ltr'><strong>ΜΓ.</strong></span> 
     </span>
    </p>
   </div>
   <div class='ocr_carea' id='block_1_43' title="bbox 782 2411 2063 2492">
    <p class='ocr_par' dir='ltr' id='par_1_43' title="bbox 782 2417 1754 2490">
     <span class='ocr_line' id='line_1_43' title="bbox 782 2417 1754 2490; baseline 0 -17"><span class='ocrx_word' id='word_1_268' title='bbox 782 2419 861 2473; x_wconf 85' lang='lat' dir='ltr'><strong>De</strong></span> <span class='ocrx_word' id='word_1_269' title='bbox 893 2419 1173 2473; x_wconf 78' lang='lat' dir='ltr'><strong>Eustathio</strong></span> <span class='ocrx_word' id='word_1_270' title='bbox 1208 2421 1446 2490; x_wconf 79' lang='lat' dir='ltr'><strong>episcopo</strong></span> <span class='ocrx_word' id='word_1_271' title='bbox 1485 2417 1754 2474; x_wconf 71' lang='lat' dir='ltr'><strong>Sebastiar.</strong></span> 
     </span>
    </p>
   </div>
   <div class='ocr_carea' id='block_1_44' title="bbox 2165 2411 3655 2492">
    <p class='ocr_par' dir='ltr' id='par_1_44' title="bbox 2232 2411 3655 2492">
     <span class='ocr_line' id='line_1_44' title="bbox 2232 2411 3655 2492; baseline -0.011 -13"><span class='ocrx_word' id='word_1_272' title='bbox 2232 2422 2371 2492; x_wconf 75' lang='grc' dir='ltr'>Περὶ</span> <span class='ocrx_word' id='word_1_273' title='bbox 2400 2418 2737 2475; x_wconf 76' lang='grc' dir='ltr'>Εὐσταθίου</span> <span class='ocrx_word' id='word_1_274' title='bbox 2771 2415 2876 2470; x_wconf 80' lang='grc' dir='ltr'>τοῦ</span> <span class='ocrx_word' id='word_1_275' title='bbox 2902 2412 3260 2478; x_wconf 77' lang='grc' dir='ltr'>Σεϐαστείιις</span> <span class='ocrx_word' id='word_1_276' title='bbox 3295 2411 3655 2465; x_wconf 79' lang='grc' dir='ltr'>ἐπισκόπου.</span> 
     </span>
    </p>
   </div>
   <div class='ocr_carea' id='block_1_45' title="bbox 547 2501 2063 2582">
    <p class='ocr_par' dir='ltr' id='par_1_45' title="bbox 547 2510 2063 2582">
     <span class='ocr_line' id='line_1_45' title="bbox 547 2510 2063 2582; baseline -0.001 -14"><span class='ocrx_word' id='word_1_277' title='bbox 547 2511 870 2568; x_wconf 86' lang='lat' dir='ltr'><strong>Eustathius</strong></span> <span class='ocrx_word' id='word_1_278' title='bbox 894 2527 1026 2566; x_wconf 91' lang='lat' dir='ltr'><strong>vero</strong></span> <span class='ocrx_word' id='word_1_279' title='bbox 1050 2510 1314 2566; x_wconf 76' lang='lat' dir='ltr'><strong>Sebastize</strong></span> <span class='ocrx_word' id='word_1_280' title='bbox 1353 2512 1408 2565; x_wconf 90' lang='lat' dir='ltr'><strong>in</strong></span> <span class='ocrx_word' id='word_1_281' title='bbox 1447 2510 1706 2566; x_wconf 88' lang='lat' dir='ltr'><strong>Armenia</strong></span> <span class='ocrx_word' id='word_1_282' title='bbox 1749 2510 2063 2582; x_wconf 89' lang='lat' dir='ltr'><strong>episcopus,</strong></span> 
     </span>
    </p>
   </div>
   <div class='ocr_carea' id='block_1_46' title="bbox 2165 2501 3730 2582">
    <p class='ocr_par' dir='ltr' id='par_1_46' title="bbox 2233 2501 3730 2577">
     <span class='ocr_line' id='line_1_46' title="bbox 2233 2501 3730 2577; baseline -0.009 -9"><span class='ocrx_word' id='word_1_283' title='bbox 2233 2513 2532 2574; x_wconf 80' lang='grc' dir='ltr'>Εὑστόιθιος</span> <span class='ocrx_word' id='word_1_284' title='bbox 2561 2510 2618 2563; x_wconf 80' lang='grc' dir='ltr'>δὲ</span> <span class='ocrx_word' id='word_1_285' title='bbox 2639 2510 2668 2561; x_wconf 85' lang='grc' dir='ltr'><strong>ὁ</strong></span> <span class='ocrx_word' id='word_1_286' title='bbox 2693 2508 2792 2577; x_wconf 80' lang='grc' dir='ltr'>τῆς</span> <span class='ocrx_word' id='word_1_287' title='bbox 2821 2509 2878 2560; x_wconf 81' lang='grc' dir='ltr'>ὲν</span> <span class='ocrx_word' id='word_1_288' title='bbox 2914 2505 3174 2576; x_wconf 69' lang='grc' dir='ltr'>Ἀρμενίᾳ.</span> <span class='ocrx_word' id='word_1_289' title='bbox 3223 2501 3563 2566; x_wconf 77' lang='grc' dir='ltr'>Σεϐαστείας,</span> <span class='ocrx_word' id='word_1_290' title='bbox 3604 2501 3730 2555; x_wconf 72' lang='grc' dir='ltr'>οὔτε</span> 
     </span>
    </p>
   </div>
   <div class='ocr_carea' id='block_1_47' title="bbox 480 2593 2063 2674">
    <p class='ocr_par' dir='ltr' id='par_1_47' title="bbox 480 2601 2063 2674">
     <span class='ocr_line' id='line_1_47' title="bbox 480 2601 2063 2674; baseline -0.001 -17"><span class='ocrx_word' id='word_1_291' title='bbox 480 2619 546 2658; x_wconf 90' lang='lat' dir='ltr'><strong>nc</strong></span> <span class='ocrx_word' id='word_1_292' title='bbox 571 2603 794 2674; x_wconf 87' lang='lat' dir='ltr'><strong>quidem</strong></span> <span class='ocrx_word' id='word_1_293' title='bbox 813 2603 882 2657; x_wconf 87' lang='lat' dir='ltr'><strong>ad</strong></span> <span class='ocrx_word' id='word_1_294' title='bbox 909 2603 994 2656; x_wconf 90' lang='lat' dir='ltr'><strong>sui</strong></span> <span class='ocrx_word' id='word_1_295' title='bbox 1023 2601 1398 2657; x_wconf 83' lang='lat' dir='ltr'><strong>defensionem</strong></span> <span class='ocrx_word' id='word_1_296' title='bbox 1424 2601 1696 2658; x_wconf 88' lang='lat' dir='ltr'><strong>admissus</strong></span> <span class='ocrx_word' id='word_1_297' title='bbox 1717 2609 1832 2657; x_wconf 90' lang='lat' dir='ltr'><strong>est:</strong></span> <span class='ocrx_word' id='word_1_298' title='bbox 1863 2603 2063 2672; x_wconf 89' lang='lat' dir='ltr'><strong>quippe</strong></span> 
     </span>
    </p>
   </div>
   <div class='ocr_carea' id='block_1_48' title="bbox 2165 2593 3733 2674">
    <p class='ocr_par' dir='ltr' id='par_1_48' title="bbox 2169 2593 3733 2673">
     <span class='ocr_line' id='line_1_48' title="bbox 2169 2593 3733 2673; baseline -0.01 -13"><span class='ocrx_word' id='word_1_299' title='bbox 2169 2608 2248 2670; x_wconf 81' lang='grc' dir='ltr'><strong>είς</strong></span> <span class='ocrx_word' id='word_1_300' title='bbox 2277 2603 2570 2672; x_wconf 79' lang='grc' dir='ltr'>ἀπολογίαν</span> <span class='ocrx_word' id='word_1_301' title='bbox 2603 2600 2715 2673; x_wconf 88' lang='grc'><strong>(87)</strong></span> <span class='ocrx_word' id='word_1_302' title='bbox 2762 2599 2976 2669; x_wconf 73' lang='grc' dir='ltr'>ἐδέχθη,</span> <span class='ocrx_word' id='word_1_303' title='bbox 3007 2597 3140 2650; x_wconf 88' lang='grc' dir='ltr'>διότι</span> <span class='ocrx_word' id='word_1_304' title='bbox 3187 2595 3292 2648; x_wconf 80' lang='grc' dir='ltr'><strong>ὑπὸ</strong></span> <span class='ocrx_word' id='word_1_305' title='bbox 3333 2594 3591 2647; x_wconf 82' lang='grc' dir='ltr'>Εὑλαλίου</span> <span class='ocrx_word' id='word_1_306' title='bbox 3632 2593 3733 2646; x_wconf 79' lang='grc' dir='ltr'>τοῦ</span> 
     </span>
    </p>
   </div>
   <div class='ocr_carea' id='block_1_49' title="bbox 477 2685 2063 2767">
    <p class='ocr_par' dir='ltr' id='par_1_49' title="bbox 477 2693 2063 2767">
     <span class='ocr_line' id='line_1_49' title="bbox 477 2693 2063 2767; baseline -0.002 -17"><span class='ocrx_word' id='word_1_307' title='bbox 477 2697 569 2767; x_wconf 91' lang='lat' dir='ltr'><strong>qui</strong></span> <span class='ocrx_word' id='word_1_308' title='bbox 603 2712 634 2750; x_wconf 91' lang='lat' dir='ltr'><strong>a</strong></span> <span class='ocrx_word' id='word_1_309' title='bbox 663 2704 818 2766; x_wconf 89' lang='lat' dir='ltr'><strong>patre</strong></span> <span class='ocrx_word' id='word_1_310' title='bbox 857 2710 958 2750; x_wconf 92' lang='lat' dir='ltr'><strong>suo</strong></span> <span class='ocrx_word' id='word_1_311' title='bbox 991 2695 1222 2760; x_wconf 86' lang='lat' dir='ltr'><strong>Eulalio,</strong></span> <span class='ocrx_word' id='word_1_312' title='bbox 1257 2693 1516 2750; x_wconf 61' lang='lat' dir='ltr'><strong>Caesarea:</strong></span> <span class='ocrx_word' id='word_1_313' title='bbox 1543 2693 1923 2765; x_wconf 89' lang='lat' dir='ltr'><strong>Cappadocum</strong></span> <span class='ocrx_word' id='word_1_314' title='bbox 1953 2694 2063 2764; x_wconf 88' lang='lat' dir='ltr'><strong>cpi-</strong></span> 
     </span>
    </p>
   </div>
   <div class='ocr_carea' id='block_1_50' title="bbox 2165 2685 3733 2767">
    <p class='ocr_par' dir='ltr' id='par_1_50' title="bbox 2169 2685 3733 2766">
     <span class='ocr_line' id='line_1_50' title="bbox 2169 2685 3733 2766; baseline -0.01 -15"><span class='ocrx_word' id='word_1_315' title='bbox 2169 2698 2297 2751; x_wconf 86' lang='grc' dir='ltr'>ίδίου</span> <span class='ocrx_word' id='word_1_316' title='bbox 2324 2695 2527 2766; x_wconf 73' lang='grc' dir='ltr'>πατρὸς</span> <span class='ocrx_word' id='word_1_317' title='bbox 2547 2694 2640 2747; x_wconf 77' lang='grc' dir='ltr'>καὶ</span> <span class='ocrx_word' id='word_1_318' title='bbox 2663 2692 2959 2745; x_wconf 76' lang='grc' dir='ltr'>ἐπισκόπου</span> <span class='ocrx_word' id='word_1_319' title='bbox 2998 2686 3332 2756; x_wconf 84' lang='grc' dir='ltr'>Καισαρείας</span> <span class='ocrx_word' id='word_1_320' title='bbox 3363 2685 3462 2754; x_wconf 82' lang='grc' dir='ltr'>τῆς</span> <span class='ocrx_word' id='word_1_321' title='bbox 3491 2685 3546 2736; x_wconf 82' lang='grc' dir='ltr'>ὲν</span> <span class='ocrx_word' id='word_1_322' title='bbox 3572 2685 3733 2736; x_wconf 84' lang='grc' dir='ltr'>Καπ-</span> 
     </span>
    </p>
   </div>
   <div class='ocr_carea' id='block_1_51' title="bbox 477 2776 2063 2858">
    <p class='ocr_par' dir='ltr' id='par_1_51' title="bbox 477 2784 2063 2856">
     <span class='ocr_line' id='line_1_51' title="bbox 477 2784 2063 2856; baseline -0.001 -14"><span class='ocrx_word' id='word_1_323' title='bbox 477 2801 644 2856; x_wconf 88' lang='lat' dir='ltr'><strong>scopo</strong></span> <span class='ocrx_word' id='word_1_324' title='bbox 684 2785 800 2855; x_wconf 80' lang='lat' dir='ltr'><strong>jam</strong></span> <span class='ocrx_word' id='word_1_325' title='bbox 841 2791 1002 2839; x_wconf 88' lang='lat' dir='ltr'><strong>antea</strong></span> <span class='ocrx_word' id='word_1_326' title='bbox 1039 2784 1322 2854; x_wconf 90' lang='lat' dir='ltr'><strong>depositus</strong></span> <span class='ocrx_word' id='word_1_327' title='bbox 1351 2784 1549 2849; x_wconf 88' lang='lat' dir='ltr'><strong>luerat,</strong></span> <span class='ocrx_word' id='word_1_328' title='bbox 1571 2800 1639 2839; x_wconf 90' lang='lat' dir='ltr'><strong>eo</strong></span> <span class='ocrx_word' id='word_1_329' title='bbox 1673 2785 1819 2855; x_wconf 87' lang='lat' dir='ltr'><strong>quod</strong></span> <span class='ocrx_word' id='word_1_330' title='bbox 1861 2795 2063 2842; x_wconf 81' lang='lat' dir='ltr'><strong>vestem</strong></span> 
     </span>
    </p>
   </div>
   <div class='ocr_carea' id='block_1_52' title="bbox 2165 2776 3734 2858">
    <p class='ocr_par' dir='ltr' id='par_1_52' title="bbox 2165 2776 3734 2858">
     <span class='ocr_line' id='line_1_52' title="bbox 2165 2776 3734 2858; baseline -0.01 -15"><span class='ocrx_word' id='word_1_331' title='bbox 2165 2788 2417 2858; x_wconf 67' lang='grc' dir='ltr'>παδοκίᾳ,</span> <span class='ocrx_word' id='word_1_332' title='bbox 2473 2786 2572 2857; x_wconf 70' lang='grc' dir='ltr'><strong>ἤδη</strong></span> <span class='ocrx_word' id='word_1_333' title='bbox 2615 2785 2874 2854; x_wconf 85' lang='grc' dir='ltr'>πρότερον</span> <span class='ocrx_word' id='word_1_334' title='bbox 2911 2780 3204 2852; x_wconf 82' lang='grc' dir='ltr'>καθῄρητο,</span> <span class='ocrx_word' id='word_1_335' title='bbox 3252 2777 3439 2848; x_wconf 63' lang='grc' dir='ltr'>ἐπειδὴ</span> <span class='ocrx_word' id='word_1_336' title='bbox 3488 2776 3734 2847; x_wconf 68' lang='grc' dir='ltr'>ἀνάρμοο</span> 
     </span>
    </p>
   </div>
   <div class='ocr_carea' id='block_1_53' title="bbox 479 2869 2063 2949">
    <p class='ocr_par' dir='ltr' id='par_1_53' title="bbox 479 2875 2063 2943">
     <span class='ocr_line' id='line_1_53' title="bbox 479 2875 2063 2943; baseline -0.001 -13"><span class='ocrx_word' id='word_1_337' title='bbox 479 2875 751 2930; x_wconf 88' lang='lat' dir='ltr'><strong>sacerdoti</strong></span> <span class='ocrx_word' id='word_1_338' title='bbox 799 2875 1026 2929; x_wconf 90' lang='lat' dir='ltr'><strong>minime</strong></span> <span class='ocrx_word' id='word_1_339' title='bbox 1081 2875 1498 2929; x_wconf 86' lang='lat' dir='ltr'><strong>convenientem</strong></span> <span class='ocrx_word' id='word_1_340' title='bbox 1543 2882 1827 2943; x_wconf 80' lang='lat' dir='ltr'><strong>gestasset.</strong></span> <span class='ocrx_word' id='word_1_341' title='bbox 1882 2875 2063 2930; x_wconf 89' lang='lat' dir='ltr'><strong>Scien-</strong></span> 
     </span>
    </p>
   </div>
   <div class='ocr_carea' id='block_1_54' title="bbox 2165 2869 3734 2949">
    <p class='ocr_par' dir='ltr' id='par_1_54' title="bbox 2166 2869 3734 2949">
     <span class='ocr_line' id='line_1_54' title="bbox 2166 2869 3734 2949; baseline -0.007 -16"><span class='ocrx_word' id='word_1_342' title='bbox 2166 2897 2290 2934; x_wconf 88' lang='grc' dir='ltr'>στον</span> <span class='ocrx_word' id='word_1_343' title='bbox 2333 2881 2397 2949; x_wconf 82' lang='grc' dir='ltr'><strong>τῇ</strong></span> <span class='ocrx_word' id='word_1_344' title='bbox 2433 2875 2700 2948; x_wconf 76' lang='grc' dir='ltr'>ἱερωσύνῃ</span> <span class='ocrx_word' id='word_1_345' title='bbox 2741 2873 2930 2944; x_wconf 81' lang='grc' dir='ltr'>στολὴν</span> <span class='ocrx_word' id='word_1_346' title='bbox 2969 2873 3257 2944; x_wconf 77' lang='grc' dir='ltr'>ἠμφίεστο.</span> <span class='ocrx_word' id='word_1_347' title='bbox 3305 2870 3497 2922; x_wconf 79' lang='grc' dir='ltr'>’ἰστέον</span> <span class='ocrx_word' id='word_1_348' title='bbox 3527 2869 3603 2933; x_wconf 85' lang='grc' dir='ltr'>δὲ,</span> <span class='ocrx_word' id='word_1_349' title='bbox 3629 2869 3734 2923; x_wconf 58' lang='grc' dir='ltr'>ὅτε</span> 
     </span>
    </p>
   </div>
   <div class='ocr_carea' id='block_1_55' title="bbox 478 2958 2063 3036">
    <p class='ocr_par' dir='ltr' id='par_1_55' title="bbox 478 2965 2063 3036">
     <span class='ocr_line' id='line_1_55' title="bbox 478 2965 2063 3036; baseline -0.001 -14"><span class='ocrx_word' id='word_1_350' title='bbox 478 2967 610 3022; x_wconf 91' lang='lat' dir='ltr'><strong>dum</strong></span> <span class='ocrx_word' id='word_1_351' title='bbox 639 2983 806 3036; x_wconf 92' lang='lat' dir='ltr'><strong>porro</strong></span> <span class='ocrx_word' id='word_1_352' title='bbox 840 2975 946 3031; x_wconf 92' lang='lat' dir='ltr'><strong>est,</strong></span> <span class='ocrx_word' id='word_1_353' title='bbox 979 2967 1035 3018; x_wconf 93' lang='lat' dir='ltr'><strong>in</strong></span> <span class='ocrx_word' id='word_1_354' title='bbox 1069 2966 1250 3019; x_wconf 93' lang='lat' dir='ltr'><strong>locum</strong></span> <span class='ocrx_word' id='word_1_355' title='bbox 1294 2965 1564 3020; x_wconf 88' lang='lat' dir='ltr'><strong>Eustathii</strong></span> <span class='ocrx_word' id='word_1_356' title='bbox 1592 2966 1908 3036; x_wconf 89' lang='lat' dir='ltr'><strong>episcopum</strong></span> <span class='ocrx_word' id='word_1_357' title='bbox 1935 2967 2063 3021; x_wconf 92' lang='lat' dir='ltr'><strong>sub-</strong></span> 
     </span>
    </p>
   </div>
   <div class='ocr_carea' id='block_1_56' title="bbox 2165 2958 3730 3036">
    <p class='ocr_par' dir='ltr' id='par_1_56' title="bbox 2165 2958 3730 3030">
     <span class='ocr_line' id='line_1_56' title="bbox 2165 2958 3730 3030; baseline -0.008 -10"><span class='ocrx_word' id='word_1_358' title='bbox 2165 2968 2245 3030; x_wconf 87' lang='grc' dir='ltr'><strong>είς</strong></span> <span class='ocrx_word' id='word_1_359' title='bbox 2279 2965 2444 3018; x_wconf 85' lang='grc' dir='ltr'>τόπον</span> <span class='ocrx_word' id='word_1_360' title='bbox 2490 2963 2784 3019; x_wconf 82' lang='grc' dir='ltr'>Εὑσταθίου</span> <span class='ocrx_word' id='word_1_361' title='bbox 2833 2961 3092 3023; x_wconf 86' lang='grc' dir='ltr'>Μελέτιος</span> <span class='ocrx_word' id='word_1_362' title='bbox 3135 2959 3371 3029; x_wconf 86' lang='grc' dir='ltr'>κατέστη</span> <span class='ocrx_word' id='word_1_363' title='bbox 3414 2958 3730 3022; x_wconf 76' lang='grc' dir='ltr'>ἐπίσκοπος,</span> 
     </span>
    </p>
   </div>
   <div class='ocr_carea' id='block_1_57' title="bbox 481 3047 2063 3153">
    <p class='ocr_par' dir='ltr' id='par_1_57' title="bbox 481 3057 2063 3130">
     <span class='ocr_line' id='line_1_57' title="bbox 481 3057 2063 3130; baseline 0.002 -17"><span class='ocrx_word' id='word_1_364' title='bbox 481 3066 730 3128; x_wconf 82' lang='lat' dir='ltr'><strong>rogatum</strong></span> <span class='ocrx_word' id='word_1_365' title='bbox 770 3073 891 3112; x_wconf 91' lang='lat' dir='ltr'><strong>esse</strong></span> <span class='ocrx_word' id='word_1_366' title='bbox 934 3057 1230 3120; x_wconf 83' lang='lat' dir='ltr'><strong>Meletium,</strong></span> <span class='ocrx_word' id='word_1_367' title='bbox 1280 3057 1347 3111; x_wconf 91' lang='lat' dir='ltr'><strong>de</strong></span> <span class='ocrx_word' id='word_1_368' title='bbox 1371 3073 1480 3128; x_wconf 86' lang='lat' dir='ltr'><strong>quo</strong></span> <span class='ocrx_word' id='word_1_369' title='bbox 1511 3059 1674 3127; x_wconf 88' lang='lat' dir='ltr'><strong>paulo</strong></span> <span class='ocrx_word' id='word_1_370' title='bbox 1695 3058 1840 3130; x_wconf 74' lang='lat' dir='ltr'><strong>infra</strong></span> <span class='ocrx_word' id='word_1_371' title='bbox 1865 3059 2063 3116; x_wconf 90' lang='lat' dir='ltr'><strong>dicturi</strong></span> 
     </span>
    </p>
   </div>
   <div class='ocr_carea' id='block_1_58' title="bbox 2165 3047 3732 3153">
    <p class='ocr_par' dir='ltr' id='par_1_58' title="bbox 2172 3047 3732 3127">
     <span class='ocr_line' id='line_1_58' title="bbox 2172 3047 3732 3127; baseline -0.005 -17"><span class='ocrx_word' id='word_1_372' title='bbox 2172 3056 2302 3127; x_wconf 77' lang='grc' dir='ltr'>περὶ</span> <span class='ocrx_word' id='word_1_373' title='bbox 2334 3047 2395 3109; x_wconf 76' lang='grc' dir='ltr'><strong>οὗ</strong></span> <span class='ocrx_word' id='word_1_374' title='bbox 2429 3054 2623 3126; x_wconf 79' lang='grc' dir='ltr'>μικρὸν</span> <span class='ocrx_word' id='word_1_375' title='bbox 2663 3053 2888 3124; x_wconf 76' lang='grc' dir='ltr'>ὕστερον</span> <span class='ocrx_word' id='word_1_376' title='bbox 2931 3051 3187 3123; x_wconf 73' lang='grc' dir='ltr'>ἐροῦμεν.</span> <span class='ocrx_word' id='word_1_377' title='bbox 3221 3051 3516 3114; x_wconf 83' lang='grc' dir='ltr'>Εὑστάθιος</span> <span class='ocrx_word' id='word_1_378' title='bbox 3550 3050 3732 3120; x_wconf 85' lang='grc' dir='ltr'>μέντοι</span> 
     </span>
    </p>
   </div>
   <div class='ocr_carea' id='block_1_59' title="bbox 483 3141 2063 3219">
    <p class='ocr_par' dir='ltr' id='par_1_59' title="bbox 483 3146 2063 3219">
     <span class='ocr_line' id='line_1_59' title="bbox 483 3146 2063 3219; baseline 0 -16"><span class='ocrx_word' id='word_1_379' title='bbox 483 3162 694 3203; x_wconf 89' lang='lat' dir='ltr'><strong>sumus.</strong></span> <span class='ocrx_word' id='word_1_380' title='bbox 719 3147 988 3202; x_wconf 82' lang='lat' dir='ltr'><strong>Caeterum</strong></span> <span class='ocrx_word' id='word_1_381' title='bbox 1015 3146 1338 3200; x_wconf 86' lang='lat' dir='ltr'><strong>Eustathius</strong></span> <span class='ocrx_word' id='word_1_382' title='bbox 1360 3147 1600 3216; x_wconf 66' lang='lat' dir='ltr'><strong>posthaec</strong></span> <span class='ocrx_word' id='word_1_383' title='bbox 1624 3147 1789 3202; x_wconf 91' lang='lat' dir='ltr'><strong>etiam</strong></span> <span class='ocrx_word' id='word_1_384' title='bbox 1825 3147 1879 3202; x_wconf 91' lang='lat' dir='ltr'><strong>in</strong></span> <span class='ocrx_word' id='word_1_385' title='bbox 1903 3164 2063 3219; x_wconf 87' lang='lat' dir='ltr'><strong>syno-</strong></span> 
     </span>
    </p>
   </div>
   <div class='ocr_carea' id='block_1_60' title="bbox 2165 3141 3728 3219">
    <p class='ocr_par' dir='ltr' id='par_1_60' title="bbox 2169 3141 3728 3218">
     <span class='ocr_line' id='line_1_60' title="bbox 2169 3141 3728 3218; baseline -0.006 -17"><span class='ocrx_word' id='word_1_386' title='bbox 2169 3148 2264 3202; x_wconf 77' lang='grc' dir='ltr'><strong>καὶ</strong></span> <span class='ocrx_word' id='word_1_387' title='bbox 2287 3145 2598 3218; x_wconf 84' lang='grc' dir='ltr'>μεταταῦτα</span> <span class='ocrx_word' id='word_1_388' title='bbox 2621 3149 2676 3198; x_wconf 82' lang='grc' dir='ltr'>ὲν</span> <span class='ocrx_word' id='word_1_389' title='bbox 2692 3149 2759 3216; x_wconf 80' lang='grc' dir='ltr'>τῇ</span> <span class='ocrx_word' id='word_1_390' title='bbox 2783 3145 2849 3198; x_wconf 82' lang='grc' dir='ltr'>δι’</span> <span class='ocrx_word' id='word_1_391' title='bbox 2877 3143 3036 3197; x_wconf 81' lang='grc' dir='ltr'>αὐτὸν</span> <span class='ocrx_word' id='word_1_392' title='bbox 3047 3141 3314 3214; x_wconf 76' lang='grc' dir='ltr'>γενομένῃ</span> <span class='ocrx_word' id='word_1_393' title='bbox 3333 3143 3388 3194; x_wconf 79' lang='grc' dir='ltr'>ὲν</span> <span class='ocrx_word' id='word_1_394' title='bbox 3413 3141 3728 3211; x_wconf 76' lang='grc' dir='ltr'>Γάγγραιςι</span> 
     </span>
    </p>
   </div>
   <div class='ocr_carea' id='block_1_61' title="bbox 483 3231 2063 3308">
    <p class='ocr_par' dir='ltr' id='par_1_61' title="bbox 483 3237 2063 3308">
     <span class='ocr_line' id='line_1_61' title="bbox 483 3237 2063 3308; baseline 0 -14"><span class='ocrx_word' id='word_1_395' title='bbox 483 3239 554 3294; x_wconf 91' lang='lat' dir='ltr'><strong>do</strong></span> <span class='ocrx_word' id='word_1_396' title='bbox 581 3237 905 3308; x_wconf 83' lang='lat' dir='ltr'><strong>Gangrens&#39;r,</strong></span> <span class='ocrx_word' id='word_1_397' title='bbox 939 3253 1059 3307; x_wconf 65' lang='lat' dir='ltr'><strong>qua:</strong></span> <span class='ocrx_word' id='word_1_398' title='bbox 1086 3237 1257 3306; x_wconf 90' lang='lat' dir='ltr'><strong>ipsius</strong></span> <span class='ocrx_word' id='word_1_399' title='bbox 1291 3253 1456 3292; x_wconf 87' lang='lat' dir='ltr'><strong>causa</strong></span> <span class='ocrx_word' id='word_1_400' title='bbox 1483 3237 1539 3292; x_wconf 91' lang='lat' dir='ltr'><strong>in</strong></span> <span class='ocrx_word' id='word_1_401' title='bbox 1565 3237 1935 3308; x_wconf 83' lang='lat' dir='ltr'><strong>Paphlagonia</strong></span> <span class='ocrx_word' id='word_1_402' title='bbox 1958 3241 2063 3294; x_wconf 92' lang='lat' dir='ltr'><strong>col-</strong></span> 
     </span>
    </p>
   </div>
   <div class='ocr_carea' id='block_1_62' title="bbox 2165 3231 3738 3308">
    <p class='ocr_par' dir='ltr' id='par_1_62' title="bbox 2165 3231 3738 3307">
     <span class='ocr_line' id='line_1_62' title="bbox 2165 3231 3738 3307; baseline -0.005 -16"><span class='ocrx_word' id='word_1_403' title='bbox 2165 3238 2264 3307; x_wconf 84' lang='grc' dir='ltr'>τῆς</span> <span class='ocrx_word' id='word_1_404' title='bbox 2313 3235 2693 3304; x_wconf 84' lang='grc' dir='ltr'>Παφλαγονίας</span> <span class='ocrx_word' id='word_1_405' title='bbox 2732 3234 2932 3304; x_wconf 86' lang='grc' dir='ltr'>συνόδῳ</span> <span class='ocrx_word' id='word_1_406' title='bbox 2959 3232 3282 3304; x_wconf 77' lang='grc' dir='ltr'>κατεκρίθη,</span> <span class='ocrx_word' id='word_1_407' title='bbox 3326 3233 3458 3286; x_wconf 90' lang='grc' dir='ltr'>διότι</span> <span class='ocrx_word' id='word_1_408' title='bbox 3494 3234 3631 3302; x_wconf 79' lang='grc' dir='ltr'>μετὰ</span> <span class='ocrx_word' id='word_1_409' title='bbox 3669 3231 3738 3283; x_wconf 74' lang='grc' dir='ltr'>τὸ</span> 
     </span>
    </p>
   </div>
   <div class='ocr_carea' id='block_1_63' title="bbox 483 3317 2063 3400">
    <p class='ocr_par' dir='ltr' id='par_1_63' title="bbox 483 3317 2063 3397">
     <span class='ocr_line' id='line_1_63' title="bbox 483 3317 2063 3397; baseline 0.001 -16"><span class='ocrx_word' id='word_1_410' title='bbox 483 3327 626 3381; x_wconf 87' lang='lat' dir='ltr'><strong>lecta</strong></span> <span class='ocrx_word' id='word_1_411' title='bbox 673 3326 874 3391; x_wconf 84' lang='lat' dir='ltr'><strong>fuerat,</strong></span> <span class='ocrx_word' id='word_1_412' title='bbox 909 3317 1310 3380; x_wconf 82' lang='lat' dir='ltr'><strong>condemnatus</strong></span> <span class='ocrx_word' id='word_1_413' title='bbox 1353 3335 1458 3392; x_wconf 87' lang='lat' dir='ltr'><strong>est,</strong></span> <span class='ocrx_word' id='word_1_414' title='bbox 1491 3343 1557 3382; x_wconf 92' lang='lat' dir='ltr'><strong>eo</strong></span> <span class='ocrx_word' id='word_1_415' title='bbox 1592 3328 1737 3397; x_wconf 92' lang='lat' dir='ltr'><strong>quod</strong></span> <span class='ocrx_word' id='word_1_416' title='bbox 1785 3337 1908 3397; x_wconf 91' lang='lat' dir='ltr'><strong>post</strong></span> <span class='ocrx_word' id='word_1_417' title='bbox 1935 3345 2063 3384; x_wconf 91' lang='lat' dir='ltr'><strong>con-</strong></span> 
     </span>
    </p>
   </div>
   <div class='ocr_carea' id='block_1_64' title="bbox 2165 3317 3733 3400">
    <p class='ocr_par' dir='ltr' id='par_1_64' title="bbox 2167 3325 3733 3400">
     <span class='ocr_line' id='line_1_64' title="bbox 2167 3325 3733 3400; baseline -0.004 -17"><span class='ocrx_word' id='word_1_418' title='bbox 2167 3328 2556 3398; x_wconf 80' lang='grc' dir='ltr'>καθαιρεθῆναι</span> <span class='ocrx_word' id='word_1_419' title='bbox 2612 3327 2774 3381; x_wconf 82' lang='grc' dir='ltr'>αὑτὸν</span> <span class='ocrx_word' id='word_1_420' title='bbox 2829 3329 2888 3380; x_wconf 79' lang='grc' dir='ltr'>ὲν</span> <span class='ocrx_word' id='word_1_421' title='bbox 2928 3329 2993 3397; x_wconf 79' lang='grc' dir='ltr'><strong>τῇ</strong></span> <span class='ocrx_word' id='word_1_422' title='bbox 3045 3325 3186 3400; x_wconf 78' lang='grc' dir='ltr'>κατὰ</span> <span class='ocrx_word' id='word_1_423' title='bbox 3233 3325 3568 3395; x_wconf 80' lang='grc' dir='ltr'>Καισάρειαν</span> <span class='ocrx_word' id='word_1_424' title='bbox 3607 3341 3733 3376; x_wconf 70' lang='grc' dir='ltr'>συνο</span> 
     </span>
    </p>
   </div>
   <div class='ocr_carea' id='block_1_65' title="bbox 486 3414 2063 3490">
    <p class='ocr_par' dir='ltr' id='par_1_65' title="bbox 486 3416 2063 3488">
     <span class='ocr_line' id='line_1_65' title="bbox 486 3416 2063 3488; baseline 0.002 -17"><span class='ocrx_word' id='word_1_425' title='bbox 486 3416 859 3472; x_wconf 90' lang='lat' dir='ltr'><strong>demnationis</strong></span> <span class='ocrx_word' id='word_1_426' title='bbox 883 3417 1212 3474; x_wconf 84' lang='lat' dir='ltr'><strong>sententiam</strong></span> <span class='ocrx_word' id='word_1_427' title='bbox 1237 3416 1500 3471; x_wconf 90' lang='lat' dir='ltr'><strong>adversus</strong></span> <span class='ocrx_word' id='word_1_428' title='bbox 1521 3418 1698 3488; x_wconf 90' lang='lat' dir='ltr'><strong>ipsum</strong></span> <span class='ocrx_word' id='word_1_429' title='bbox 1722 3418 1987 3486; x_wconf 90' lang='lat' dir='ltr'><strong>prolatam</strong></span> <span class='ocrx_word' id='word_1_430' title='bbox 2015 3420 2063 3474; x_wconf 91' lang='lat' dir='ltr'><strong>in</strong></span> 
     </span>
    </p>
   </div>
   <div class='ocr_carea' id='block_1_66' title="bbox 2165 3414 3734 3490">
    <p class='ocr_par' dir='ltr' id='par_1_66' title="bbox 2165 3414 3734 3490">
     <span class='ocr_line' id='line_1_66' title="bbox 2165 3414 3734 3490; baseline -0.004 -18"><span class='ocrx_word' id='word_1_431' title='bbox 2165 3419 2270 3490; x_wconf 86' lang='grc' dir='ltr'><strong>όδῳ</strong></span> <span class='ocrx_word' id='word_1_432' title='bbox 2295 3417 2430 3490; x_wconf 91' lang='grc'>(88),</span> <span class='ocrx_word' id='word_1_433' title='bbox 2459 3417 2628 3470; x_wconf 85' lang='grc' dir='ltr'>πολλὰ</span> <span class='ocrx_word' id='word_1_434' title='bbox 2670 3417 2820 3488; x_wconf 81' lang='grc' dir='ltr'>παρὰ</span> <span class='ocrx_word' id='word_1_435' title='bbox 2863 3417 2988 3480; x_wconf 81' lang='grc' dir='ltr'>τοὺς</span> <span class='ocrx_word' id='word_1_436' title='bbox 3015 3415 3496 3486; x_wconf 73' lang='grc' dir='ltr'>ἐκκλησιαστικοὺς</span> <span class='ocrx_word' id='word_1_437' title='bbox 3527 3414 3734 3478; x_wconf 82' lang='grc' dir='ltr'>τύπους</span> 
     </span>
    </p>
   </div>
   <div class='ocr_carea' id='block_1_67' title="bbox 488 3505 2063 3583">
    <p class='ocr_par' dir='ltr' id='par_1_67' title="bbox 488 3508 2063 3583">
     <span class='ocr_line' id='line_1_67' title="bbox 488 3508 2063 3583; baseline 0.002 -18"><span class='ocrx_word' id='word_1_438' title='bbox 488 3509 700 3583; x_wconf 74' lang='lat' dir='ltr'><strong>synodo</strong></span> <span class='ocrx_word' id='word_1_439' title='bbox 726 3508 1068 3574; x_wconf 68' lang='lat' dir='ltr'><strong>Caesariensi,</strong></span> <span class='ocrx_word' id='word_1_440' title='bbox 1094 3508 1266 3563; x_wconf 88' lang='lat' dir='ltr'><strong>multa</strong></span> <span class='ocrx_word' id='word_1_441' title='bbox 1289 3516 1476 3566; x_wconf 87' lang='lat' dir='ltr'><strong>contra</strong></span> <span class='ocrx_word' id='word_1_442' title='bbox 1501 3509 1648 3580; x_wconf 85' lang='lat' dir='ltr'><strong>leges</strong></span> <span class='ocrx_word' id='word_1_443' title='bbox 1673 3509 2063 3568; x_wconf 81' lang='lat' dir='ltr'><strong>ecclesiasticas</strong></span> 
     </span>
    </p>
   </div>
   <div class='ocr_carea' id='block_1_68' title="bbox 2165 3505 3734 3583">
    <p class='ocr_par' dir='ltr' id='par_1_68' title="bbox 2168 3505 3734 3582">
     <span class='ocr_line' id='line_1_68' title="bbox 2168 3505 3734 3582; baseline -0.005 -17"><span class='ocrx_word' id='word_1_444' title='bbox 2168 3511 2456 3582; x_wconf 73' lang='grc' dir='ltr'>ἔπραττεν.</span> <span class='ocrx_word' id='word_1_445' title='bbox 2491 3511 2694 3582; x_wconf 84' lang='grc' dir='ltr'>Γαμεῖν</span> <span class='ocrx_word' id='word_1_446' title='bbox 2724 3511 2832 3582; x_wconf 80' lang='grc' dir='ltr'>γὰρ</span> <span class='ocrx_word' id='word_1_447' title='bbox 2862 3509 3088 3573; x_wconf 79' lang='grc' dir='ltr'>ἐκώλυε,</span> <span class='ocrx_word' id='word_1_448' title='bbox 3136 3508 3232 3562; x_wconf 63' lang='grc' dir='ltr'><strong>καὶ¹</strong></span> <span class='ocrx_word' id='word_1_449' title='bbox 3267 3505 3570 3578; x_wconf 73' lang='grc' dir='ltr'>βρωμάτιον</span> <span class='ocrx_word' id='word_1_450' title='bbox 3624 3507 3734 3559; x_wconf 69' lang='grc' dir='ltr'><strong>ἀπο</strong></span> 
     </span>
    </p>
   </div>
   <div class='ocr_carea' id='block_1_69' title="bbox 1687 3675 2540 3734">
    <p class='ocr_par' dir='ltr' id='par_1_69' title="bbox 1687 3675 2540 3734">
     <span class='ocr_line' id='line_1_69' title="bbox 1687 3675 2540 3734; baseline -0.005 0"><span class='ocrx_word' id='word_1_451' title='bbox 1687 3676 1952 3734; x_wconf 80' lang='lat' dir='ltr'><strong>VALESII</strong></span> <span class='ocrx_word' id='word_1_452' title='bbox 1987 3675 2540 3732; x_wconf 80' lang='lat' dir='ltr'><strong>ANNOTATIONES.</strong></span> 
     </span>
    </p>
   </div>
   <div class='ocr_carea' id='block_1_70' title="bbox 561 3783 2063 3868">
    <p class='ocr_par' dir='ltr' id='par_1_70' title="bbox 561 3783 2051 3868">
     <span class='ocr_line' id='line_1_70' title="bbox 561 3783 2051 3868; baseline 0.002 -29"><span class='ocrx_word' id='word_1_453' title='bbox 702 3785 981 3866; x_wconf 72' lang='grc' dir='ltr'><strong>Σατᾴλων</strong></span> <span class='ocrx_word' id='word_1_454' title='bbox 1008 3786 1118 3868; x_wconf 49' lang='grc' dir='ltr'>τῆς</span> <span class='ocrx_word' id='word_1_455' title='bbox 1152 3787 1546 3868; x_wconf 58' lang='grc' dir='ltr'>Μαξιεδονίας.</span> <span class='ocrx_word' id='word_1_456' title='bbox 1575 3787 1753 3868; x_wconf 77' lang='lat' dir='ltr'><strong>Satala</strong></span> <span class='ocrx_word' id='word_1_457' title='bbox 1789 3788 2051 3868; x_wconf 77' lang='lat' dir='ltr'><strong>oppidum</strong></span> 
     </span>
    </p>
   </div>
   <div class='ocr_carea' id='block_1_71' title="bbox 2165 3783 3731 3868">
    <p class='ocr_par' dir='ltr' id='par_1_71' title="bbox 2165 3783 3731 3868">
     <span class='ocr_line' id='line_1_71' title="bbox 2165 3783 3731 3868; baseline -0.004 -25"><span class='ocrx_word' id='word_1_458' title='bbox 2165 3789 2286 3853; x_wconf 88' lang='lat' dir='ltr'><strong>tala,</strong></span> <span class='ocrx_word' id='word_1_459' title='bbox 2313 3788 2668 3868; x_wconf 61' lang='lat' dir='ltr'><strong>episcopatus</strong></span> <span class='ocrx_word' id='word_1_460' title='bbox 2703 3786 3256 3868; x_wconf 52' lang='lat' dir='ltr'><strong>Lyciaemmemoratur</strong></span> <span class='ocrx_word' id='word_1_461' title='bbox 3298 3783 3356 3838; x_wconf 88' lang='lat' dir='ltr'><strong>in</strong></span> <span class='ocrx_word' id='word_1_462' title='bbox 3384 3792 3538 3854; x_wconf 78' lang='lat' dir='ltr'><strong>parte</strong></span> <span class='ocrx_word' id='word_1_463' title='bbox 3573 3784 3731 3838; x_wconf 87' lang='lat' dir='ltr'><strong>tertia</strong></span> 
     </span>
    </p>
   </div>
   <div class='ocr_carea' id='block_1_72' title="bbox 492 3853 3206 3939">
    <p class='ocr_par' dir='ltr' id='par_1_72' title="bbox 492 3853 3206 3939">
     <span class='ocr_line' id='line_1_72' title="bbox 492 3853 3206 3939; baseline -0.001 -29"><span class='ocrx_word' id='word_1_464' title='bbox 492 3853 597 3939; x_wconf 75' lang='lat' dir='ltr'><strong>fuit</strong></span> <span class='ocrx_word' id='word_1_465' title='bbox 624 3853 919 3939; x_wconf 52' lang='lat' dir='ltr'><strong>Armenia}:</strong></span> <span class='ocrx_word' id='word_1_466' title='bbox 960 3853 1349 3939; x_wconf 58' lang='lat' dir='ltr'><strong>cuiuscrebra</strong></span> <span class='ocrx_word' id='word_1_467' title='bbox 1383 3853 1628 3939; x_wconf 63' lang='lat' dir='ltr'><strong>occurrit</strong></span> <span class='ocrx_word' id='word_1_468' title='bbox 1668 3853 1879 3938; x_wconf 76' lang='lat' dir='ltr'><strong>mentio</strong></span> <span class='ocrx_word' id='word_1_469' title='bbox 1907 3857 2052 3939; x_wconf 75' lang='lat' dir='ltr'><strong>apud</strong></span> <span class='ocrx_word' id='word_1_470' title='bbox 2159 3853 2661 3939; x_wconf 45' lang='lat' dir='ltr'><strong>synodi&#39;ghalced”</strong></span> <span class='ocrx_word' id='word_1_471' title='bbox 2698 3853 2836 3939; x_wconf 44' lang='lat' dir='ltr'><strong>.pag.‘</strong></span> <span class='ocrx_word' id='word_1_472' title='bbox 2871 3855 2993 3939; x_wconf 64' lang='grc' dir='ltr'>ὅθί).</span> <span class='ocrx_word' id='word_1_473' title='bbox 3086 3882 3134 3939; x_wconf 63' lang='lat' dir='ltr'><strong>~u</strong></span> <span class='ocrx_word' id='word_1_474' title='bbox 3171 3921 3206 3939; x_wconf 55' lang='grc' dir='ltr'><strong>ν</strong></span> 
     </span>
    </p>
   </div>
   <div class='ocr_carea' id='block_1_73' title="bbox 491 3922 2063 3996">
    <p class='ocr_par' dir='ltr' id='par_1_73' title="bbox 491 3922 2056 3996">
     <span class='ocr_line' id='line_1_73' title="bbox 491 3922 2056 3996; baseline 0.001 -17"><span class='ocrx_word' id='word_1_475' title='bbox 491 3924 829 3996; x_wconf 81' lang='lat' dir='ltr'><strong>veteres._ln</strong></span> <span class='ocrx_word' id='word_1_476' title='bbox 869 3922 1184 3996; x_wconf 83' lang='lat' dir='ltr'><strong>Macedonia</strong></span> <span class='ocrx_word' id='word_1_477' title='bbox 1213 3941 1366 3990; x_wconf 91' lang='lat' dir='ltr'><strong>vero,</strong></span> <span class='ocrx_word' id='word_1_478' title='bbox 1403 3927 1576 3996; x_wconf 8' lang='lat' dir='ltr'><strong>nulla,</strong></span> <span class='ocrx_word' id='word_1_479' title='bbox 1603 3926 1767 3996; x_wconf 75' lang='lat' dir='ltr'><strong>hujus</strong></span> <span class='ocrx_word' id='word_1_480' title='bbox 1816 3922 2056 3981; x_wconf 87' lang='lat' dir='ltr'><strong>nominis</strong></span> 
     </span>
    </p>
   </div>
   <div class='ocr_carea' id='block_1_74' title="bbox 2165 3922 3728 3996">
    <p class='ocr_par' dir='ltr' id='par_1_74' title="bbox 2190 3922 3728 3996">
     <span class='ocr_line' id='line_1_74' title="bbox 2190 3922 3728 3996; baseline -0.005 -16"><span class='ocrx_word' id='word_1_481' title='bbox 2190 3922 2344 3996; x_wconf 78' lang='grc'><strong>’(87)</strong></span> <span class='ocrx_word' id='word_1_482' title='bbox 2380 3927 2526 3980; x_wconf 80' lang='grc' dir='ltr'>Οὔτε</span> <span class='ocrx_word' id='word_1_483' title='bbox 2557 3928 2642 3990; x_wconf 79' lang='grc' dir='ltr'>είς</span> <span class='ocrx_word' id='word_1_484' title='bbox 2679 3922 3032 3993; x_wconf 57' lang='grc' dir='ltr'><strong>ἀπόλογίαν.</strong></span> <span class='ocrx_word' id='word_1_485' title='bbox 3066 3922 3266 3996; x_wconf 65' lang='grc' dir='ltr'><strong>ΔΜειιιίιιτι</strong></span> <span class='ocrx_word' id='word_1_486' title='bbox 3309 3923 3552 3996; x_wconf 71' lang='lat' dir='ltr'><strong>scribere</strong></span> <span class='ocrx_word' id='word_1_487' title='bbox 3587 3922 3728 3996; x_wconf 66' lang='grc' dir='ltr'>οοδέ.</span> 
     </span>
    </p>
   </div>
   <div class='ocr_carea' id='block_1_75' title="bbox 491 3992 2063 4065">
    <p class='ocr_par' dir='ltr' id='par_1_75' title="bbox 491 3992 2059 4065">
     <span class='ocr_line' id='line_1_75' title="bbox 491 3992 2059 4065; baseline -0.001 -16"><span class='ocrx_word' id='word_1_488' title='bbox 491 3993 684 4065; x_wconf 83' lang='lat' dir='ltr'><strong>civitas</strong></span> <span class='ocrx_word' id='word_1_489' title='bbox 712 3993 780 4065; x_wconf 86' lang='lat' dir='ltr'><strong>ab</strong></span> <span class='ocrx_word' id='word_1_490' title='bbox 809 3994 1048 4065; x_wconf 87' lang='lat' dir='ltr'><strong>antiquis</strong></span> <span class='ocrx_word' id='word_1_491' title='bbox 1077 4005 1375 4050; x_wconf 89' lang='lat' dir='ltr'><strong>memorata</strong></span> <span class='ocrx_word' id='word_1_492' title='bbox 1400 3992 1695 4050; x_wconf 61' lang='lat' dir='ltr'><strong>invenitur}</strong></span> <span class='ocrx_word' id='word_1_493' title='bbox 1719 3993 1897 4065; x_wconf 82' lang='lat' dir='ltr'><strong>Quare</strong></span> <span class='ocrx_word' id='word_1_494' title='bbox 1937 3996 2059 4065; x_wconf 79' lang='grc' dir='ltr'><strong>’ᾼρ-</strong></span> 
     </span>
    </p>
   </div>
   <div class='ocr_carea' id='block_1_76' title="bbox 2165 3992 3740 4065">
    <p class='ocr_par' dir='ltr' id='par_1_76' title="bbox 2238 3992 3740 4065">
     <span class='ocr_line' id='line_1_76' title="bbox 2238 3992 3740 4065; baseline -0.001 -17"><span class='ocrx_word' id='word_1_495' title='bbox 2238 3992 2350 4065; x_wconf 58' lang='grc'>(88⁷)</span> <span class='ocrx_word' id='word_1_496' title='bbox 2393 3997 2495 4065; x_wconf 58' lang='grc' dir='ltr'>Ἐκ</span> <span class='ocrx_word' id='word_1_497' title='bbox 2552 3995 2627 4064; x_wconf 78' lang='grc' dir='ltr'>τῇ</span> <span class='ocrx_word' id='word_1_498' title='bbox 2685 3996 2832 4049; x_wconf 78' lang='grc' dir='ltr'>κατὰ</span> <span class='ocrx_word' id='word_1_499' title='bbox 2885 3992 3248 4059; x_wconf 75' lang='grc' dir='ltr'>Καισάρειαν</span> <span class='ocrx_word' id='word_1_500' title='bbox 3293 3993 3566 4065; x_wconf 55' lang='grc' dir='ltr'>συνόδῳ.</span> <span class='ocrx_word' id='word_1_501' title='bbox 3623 3995 3740 4048; x_wconf 81' lang='lat' dir='ltr'><strong>Pro</strong></span> 
     </span>
    </p>
   </div>
   <div class='ocr_carea' id='block_1_77' title="bbox 496 4012 2063 4136">
    <p class='ocr_par' dir='ltr' id='par_1_77' title="bbox 496 4012 2059 4136">
     <span class='ocr_line' id='line_1_77' title="bbox 496 4012 2059 4064; baseline -0.001 -15"><span class='ocrx_word' id='word_1_502' title='bbox 496 4012 684 4049; x_wconf 76' lang='lat' dir='ltr'><strong>ClVllaS</strong></span> <span class='ocrx_word' id='word_1_503' title='bbox 712 4012 780 4047; x_wconf 83' lang='lat' dir='ltr'><strong>an</strong></span> <span class='ocrx_word' id='word_1_504' title='bbox 809 4012 919 4048; x_wconf 85' lang='lat' dir='ltr'><strong>anu</strong></span> <span class='ocrx_word' id='word_1_505' title='bbox 963 4012 1048 4050; x_wconf 80' lang='lat' dir='ltr'><strong>uis</strong></span> <span class='ocrx_word' id='word_1_506' title='bbox 1077 4012 1375 4050; x_wconf 88' lang='lat' dir='ltr'><strong>memorata</strong></span> <span class='ocrx_word' id='word_1_507' title='bbox 1400 4012 1695 4050; x_wconf 78' lang='lat' dir='ltr'><strong>invenitur.</strong></span> <span class='ocrx_word' id='word_1_508' title='bbox 1719 4012 1897 4060; x_wconf 67' lang='lat' dir='ltr'><strong>uuare</strong></span> <span class='ocrx_word' id='word_1_509' title='bbox 1943 4012 2059 4064; x_wconf 71' lang='grc' dir='ltr'><strong>Αρ-</strong></span> 
     </span>
     <span class='ocr_line' id='line_1_78' title="bbox 496 4012 2058 4136; baseline 0.001 -19"><span class='ocrx_word' id='word_1_510' title='bbox 496 4063 684 4134; x_wconf 87' lang='grc' dir='ltr'>μενίας</span> <span class='ocrx_word' id='word_1_511' title='bbox 716 4063 807 4119; x_wconf 88' lang='lat' dir='ltr'><strong>hic</strong></span> <span class='ocrx_word' id='word_1_512' title='bbox 837 4012 1188 4122; x_wconf 30' lang='lat' dir='ltr'><strong>scribendum</strong></span> <span class='ocrx_word' id='word_1_513' title='bbox 1223 4071 1378 4134; x_wconf 80' lang='lat' dir='ltr'><strong>puto,</strong></span> <span class='ocrx_word' id='word_1_514' title='bbox 1407 4080 1508 4136; x_wconf 88' lang='lat' dir='ltr'><strong>pro</strong></span> <span class='ocrx_word' id='word_1_515' title='bbox 1550 4063 1911 4127; x_wconf 85' lang='grc' dir='ltr'>Μακεδονίας.</span> <span class='ocrx_word' id='word_1_516' title='bbox 1958 4063 2058 4119; x_wconf 85' lang='lat' dir='ltr'><strong>Sa—</strong></span> 
     </span>
    </p>
   </div>
   <div class='ocr_carea' id='block_1_78' title="bbox 2165 4012 3429 4136">
    <p class='ocr_par' dir='ltr' id='par_1_78' title="bbox 2165 4012 3429 4130">
     <span class='ocr_line' id='line_1_79' title="bbox 2238 4012 3429 4065; baseline -0.003 -17"><span class='ocrx_word' id='word_1_517' title='bbox 2238 4012 2350 4065; x_wconf 69' lang='lat'><strong>(66)</strong></span> <span class='ocrx_word' id='word_1_518' title='bbox 2400 4012 2495 4048; x_wconf 69' lang='grc' dir='ltr'><strong>ιγ</strong></span> <span class='ocrx_word' id='word_1_519' title='bbox 2552 4013 2624 4064; x_wconf 74' lang='grc' dir='ltr'>τῃ</span> <span class='ocrx_word' id='word_1_520' title='bbox 2685 4012 2832 4049; x_wconf 70' lang='grc' dir='ltr'>κατ-(ι</span> <span class='ocrx_word' id='word_1_521' title='bbox 2891 4012 3248 4059; x_wconf 71' lang='grc' dir='ltr'>ηαισαρειαν</span> <span class='ocrx_word' id='word_1_522' title='bbox 3308 4012 3429 4046; x_wconf 86' lang='grc' dir='ltr'><strong>συν</strong></span> 
     </span>
     <span class='ocr_line' id='line_1_80' title="bbox 2165 4063 3429 4130; baseline -0.005 -8"><span class='ocrx_word' id='word_1_523' title='bbox 2165 4065 2430 4130; x_wconf 63' lang='lat' dir='ltr'><strong>Caesarea,</strong></span> <span class='ocrx_word' id='word_1_524' title='bbox 2469 4064 2806 4123; x_wconf 86' lang='lat' dir='ltr'><strong>Sozomenus</strong></span> <span class='ocrx_word' id='word_1_525' title='bbox 2835 4065 3240 4120; x_wconf 80' lang='lat' dir='ltr'><strong>Neocaesaream</strong></span> <span class='ocrx_word' id='word_1_526' title='bbox 3275 4063 3429 4118; x_wconf 87' lang='lat' dir='ltr'><strong>dicit.</strong></span> 
     </span>
    </p>
   </div>
   <div class='ocr_carea' id='block_1_79' title="bbox 1931 4227 2313 4287">
    <p class='ocr_par' dir='ltr' id='par_1_79' title="bbox 1931 4227 2313 4287">
     <span class='ocr_line' id='line_1_81' title="bbox 1931 4227 2313 4287; baseline -0.01 -2"><span class='ocrx_word' id='word_1_527' title='bbox 1931 4227 2313 4287; x_wconf 82' lang='lat' dir='ltr'><strong>VARIORUM.</strong></span> 
     </span>
    </p>
   </div>
   <div class='ocr_carea' id='block_1_80' title="bbox 564 4334 2058 4410">
    <p class='ocr_par' dir='ltr' id='par_1_80' title="bbox 564 4334 2058 4410">
     <span class='ocr_line' id='line_1_82' title="bbox 564 4334 2058 4410; baseline 0.002 -20"><span class='ocrx_word' id='word_1_528' title='bbox 564 4349 594 4379; x_wconf 84' lang='grc' dir='ltr'>ι</span> <span class='ocrx_word' id='word_1_529' title='bbox 650 4336 754 4410; x_wconf 69' lang='grc' dir='ltr'>Ἐν</span> <span class='ocrx_word' id='word_1_530' title='bbox 780 4334 1099 4410; x_wconf 55' lang='grc' dir='ltr'>Γάγγροις.</span> <span class='ocrx_word' id='word_1_531' title='bbox 1123 4335 1276 4410; x_wconf 80' lang='lat' dir='ltr'><strong>Hanc</strong></span> <span class='ocrx_word' id='word_1_532' title='bbox 1307 4337 1594 4410; x_wconf 79' lang='lat' dir='ltr'><strong>synodum,</strong></span> <span class='ocrx_word' id='word_1_533' title='bbox 1621 4345 1745 4409; x_wconf 88' lang='lat' dir='ltr'><strong>post</strong></span> <span class='ocrx_word' id='word_1_534' title='bbox 1763 4337 2058 4410; x_wconf 72' lang='lat' dir='ltr'><strong>Nicaenam,</strong></span> 
     </span>
    </p>
   </div>
   <div class='ocr_carea' id='block_1_81' title="bbox 495 4407 2062 4479">
    <p class='ocr_par' dir='ltr' id='par_1_81' title="bbox 495 4407 2062 4479">
     <span class='ocr_line' id='line_1_83' title="bbox 495 4407 2062 4479; baseline 0.001 -17"><span class='ocrx_word' id='word_1_535' title='bbox 495 4407 609 4462; x_wconf 88' lang='lat' dir='ltr'><strong>sive</strong></span> <span class='ocrx_word' id='word_1_536' title='bbox 629 4407 862 4479; x_wconf 71' lang='lat' dir='ltr'><strong>primam</strong></span> <span class='ocrx_word' id='word_1_537' title='bbox 885 4407 1492 4479; x_wconf 11' lang='lat' dir='ltr'><strong>generalem,‘hab&#39;itamr</strong></span> <span class='ocrx_word' id='word_1_538' title='bbox 1506 4407 1694 4472; x_wconf 74' lang='lat' dir='ltr'><strong>fuisse,</strong></span> <span class='ocrx_word' id='word_1_539' title='bbox 1718 4417 1919 4479; x_wconf 66' lang='lat' dir='ltr'><strong>praeter</strong></span> <span class='ocrx_word' id='word_1_540' title='bbox 1935 4409 2062 4464; x_wconf 90' lang='lat' dir='ltr'><strong>Bal-</strong></span> 
     </span>
    </p>
   </div>
   <div class='ocr_carea' id='block_1_82' title="bbox 496 4475 2059 4540">
    <p class='ocr_par' dir='ltr' id='par_1_82' title="bbox 496 4475 2059 4540">
     <span class='ocr_line' id='line_1_84' title="bbox 496 4475 2059 4540; baseline 0.003 -10"><span class='ocrx_word' id='word_1_541' title='bbox 496 4475 706 4530; x_wconf 86' lang='lat' dir='ltr'><strong>samum</strong></span> <span class='ocrx_word' id='word_1_542' title='bbox 747 4485 803 4530; x_wconf 89' lang='lat' dir='ltr'><strong>et</strong></span> <span class='ocrx_word' id='word_1_543' title='bbox 828 4475 1112 4540; x_wconf 76' lang='lat' dir='ltr'><strong>Zdnaram,</strong></span> <span class='ocrx_word' id='word_1_544' title='bbox 1145 4477 1238 4532; x_wconf 89' lang='lat' dir='ltr'><strong>alii</strong></span> <span class='ocrx_word' id='word_1_545' title='bbox 1277 4479 1441 4532; x_wconf 90' lang='lat' dir='ltr'><strong>etiam</strong></span> <span class='ocrx_word' id='word_1_546' title='bbox 1465 4478 1667 4532; x_wconf 89' lang='lat' dir='ltr'><strong>diserte</strong></span> <span class='ocrx_word' id='word_1_547' title='bbox 1696 4475 2059 4534; x_wconf 77' lang='lat' dir='ltr'><strong>testati‘sunt.</strong></span> 
     </span>
    </p>
   </div>
   <div class='ocr_carea' id='block_1_83' title="bbox 496 4544 2060 4614">
    <p class='ocr_par' dir='ltr' id='par_1_83' title="bbox 496 4544 2060 4614">
     <span class='ocr_line' id='line_1_85' title="bbox 496 4544 2060 4614; baseline 0.003 -16"><span class='ocrx_word' id='word_1_548' title='bbox 496 4545 565 4599; x_wconf 92' lang='lat' dir='ltr'><strong>Et</strong></span> <span class='ocrx_word' id='word_1_549' title='bbox 585 4545 804 4614; x_wconf 88' lang='lat' dir='ltr'><strong>quidem</strong></span> <span class='ocrx_word' id='word_1_550' title='bbox 847 4544 1110 4614; x_wconf 81' lang='lat' dir='ltr'><strong>Baronius</strong></span> <span class='ocrx_word' id='word_1_551' title='bbox 1161 4547 1228 4600; x_wconf 87' lang='lat' dir='ltr'><strong>ad</strong></span> <span class='ocrx_word' id='word_1_552' title='bbox 1269 4561 1394 4600; x_wconf 88' lang='lat' dir='ltr'><strong>ann.</strong></span> <span class='ocrx_word' id='word_1_553' title='bbox 1422 4547 1546 4610; x_wconf 78' lang='grc'>561,</span> <span class='ocrx_word' id='word_1_554' title='bbox 1575 4554 1631 4599; x_wconf 89' lang='lat' dir='ltr'><strong>et</strong></span> <span class='ocrx_word' id='word_1_555' title='bbox 1659 4563 1726 4600; x_wconf 83' lang='lat' dir='ltr'><strong>ex</strong></span> <span class='ocrx_word' id='word_1_556' title='bbox 1753 4563 1820 4602; x_wconf 92' lang='lat' dir='ltr'><strong>eo</strong></span> <span class='ocrx_word' id='word_1_557' title='bbox 1851 4548 2060 4614; x_wconf 91' lang='lat' dir='ltr'><strong>Binius,</strong></span> 
     </span>
    </p>
   </div>
   <div class='ocr_carea' id='block_1_84' title="bbox 497 4613 2066 4698">
    <p class='ocr_par' dir='ltr' id='par_1_84' title="bbox 497 4613 2066 4698">
     <span class='ocr_line' id='line_1_86' title="bbox 497 4613 2066 4698; baseline 0.004 -32"><span class='ocrx_word' id='word_1_558' title='bbox 497 4613 996 4698; x_wconf 33' lang='lat' dir='ltr'><strong>eamACon‘stantini</strong></span> <span class='ocrx_word' id='word_1_559' title='bbox 1143 4624 1201 4698; x_wconf 70' lang='lat' dir='ltr'><strong>et</strong></span> <span class='ocrx_word' id='word_1_560' title='bbox 1229 4614 1491 4698; x_wconf 85' lang='lat' dir='ltr'><strong>Sylvestri</strong></span> <span class='ocrx_word' id='word_1_561' title='bbox 1535 4631 1691 4698; x_wconf 41' lang='lat' dir='ltr'><strong>papa;</strong></span> <span class='ocrx_word' id='word_1_562' title='bbox 1721 4617 2066 4698; x_wconf 62' lang='lat' dir='ltr'><strong>temporibus</strong></span> 
     </span>
    </p>
   </div>
   <div class='ocr_carea' id='block_1_85' title="bbox 499 4681 2064 4755">
    <p class='ocr_par' dir='ltr' id='par_1_85' title="bbox 499 4681 2064 4755">
     <span class='ocr_line' id='line_1_87' title="bbox 499 4681 2064 4755; baseline 0.003 -19"><span class='ocrx_word' id='word_1_563' title='bbox 499 4682 741 4736; x_wconf 87' lang='lat' dir='ltr'><strong>habitam</strong></span> <span class='ocrx_word' id='word_1_564' title='bbox 753 4681 944 4755; x_wconf 65' lang='lat' dir='ltr'><strong>fuisse</strong></span> <span class='ocrx_word' id='word_1_565' title='bbox 969 4681 1325 4755; x_wconf 80' lang='lat' dir='ltr'><strong>contendunt,</strong></span> <span class='ocrx_word' id='word_1_566' title='bbox 1361 4699 1429 4755; x_wconf 57' lang='lat' dir='ltr'><strong>ei}</strong></span> <span class='ocrx_word' id='word_1_567' title='bbox 1453 4699 1520 4755; x_wconf 84' lang='lat' dir='ltr'><strong>eo</strong></span> <span class='ocrx_word' id='word_1_568' title='bbox 1536 4681 1692 4755; x_wconf 73' lang='lat' dir='ltr'><strong>quod</strong></span> <span class='ocrx_word' id='word_1_569' title='bbox 1721 4681 1921 4740; x_wconf 83' lang='lat' dir='ltr'><strong>Hosius</strong></span> <span class='ocrx_word' id='word_1_570' title='bbox 1945 4685 2064 4755; x_wconf 90' lang='lat' dir='ltr'><strong>epi-</strong></span> 
     </span>
    </p>
   </div>
   <div class='ocr_carea' id='block_1_86' title="bbox 2157 4331 3734 4410">
    <p class='ocr_par' dir='ltr' id='par_1_86' title="bbox 2157 4331 3734 4410">
     <span class='ocr_line' id='line_1_88' title="bbox 2157 4331 3734 4410; baseline -0.006 -17"><span class='ocrx_word' id='word_1_571' title='bbox 2157 4354 2270 4410; x_wconf 89' lang='lat' dir='ltr'><strong>quo</strong></span> <span class='ocrx_word' id='word_1_572' title='bbox 2297 4352 2440 4410; x_wconf 72' lang='lat' dir='ltr'><strong>anno</strong></span> <span class='ocrx_word' id='word_1_573' title='bbox 2477 4335 2596 4391; x_wconf 63' lang='lat' dir='ltr'><strong>haec</strong></span> <span class='ocrx_word' id='word_1_574' title='bbox 2641 4333 2881 4410; x_wconf 73' lang='lat' dir='ltr'><strong>synodus</strong></span> <span class='ocrx_word' id='word_1_575' title='bbox 2921 4333 3195 4410; x_wconf 63' lang='lat' dir='ltr'><strong>celebrata</strong></span> <span class='ocrx_word' id='word_1_576' title='bbox 3244 4331 3431 4410; x_wconf 71' lang='lat' dir='ltr'><strong>fuerit.</strong></span> <span class='ocrx_word' id='word_1_577' title='bbox 3463 4331 3734 4410; x_wconf 75' lang='lat' dir='ltr'><strong>Quoniam</strong></span> 
     </span>
    </p>
   </div>
   <div class='ocr_carea' id='block_1_87' title="bbox 2160 4351 3736 4474">
    <p class='ocr_par' dir='ltr' id='par_1_87' title="bbox 2160 4351 3736 4474">
     <span class='ocr_line' id='line_1_89' title="bbox 2160 4351 3734 4460; baseline -0.005 -67"><span class='ocrx_word' id='word_1_578' title='bbox 2160 4354 2270 4410; x_wconf 89' lang='lat' dir='ltr'><strong>quo</strong></span> <span class='ocrx_word' id='word_1_579' title='bbox 2297 4352 2440 4393; x_wconf 90' lang='lat' dir='ltr'><strong>anno</strong></span> <span class='ocrx_word' id='word_1_580' title='bbox 2479 4351 2596 4391; x_wconf 64' lang='lat' dir='ltr'><strong>haec</strong></span> <span class='ocrx_word' id='word_1_581' title='bbox 2641 4351 2881 4460; x_wconf 67' lang='lat' dir='ltr'><strong>synoaus</strong></span> <span class='ocrx_word' id='word_1_582' title='bbox 2921 4351 3195 4390; x_wconf 79' lang='lat' dir='ltr'><strong>celebrata</strong></span> <span class='ocrx_word' id='word_1_583' title='bbox 3244 4351 3431 4387; x_wconf 80' lang='lat' dir='ltr'><strong>ruent.</strong></span> <span class='ocrx_word' id='word_1_584' title='bbox 3463 4351 3734 4397; x_wconf 62' lang='lat' dir='ltr'><strong>quoniam</strong></span> 
     </span>
     <span class='ocr_line' id='line_1_90' title="bbox 2160 4401 3736 4474; baseline -0.006 -10"><span class='ocrx_word' id='word_1_585' title='bbox 2160 4419 2343 4464; x_wconf 88' lang='lat' dir='ltr'><strong>autem</strong></span> <span class='ocrx_word' id='word_1_586' title='bbox 2397 4406 2614 4461; x_wconf 86' lang='lat' dir='ltr'><strong>Sozom.</strong></span> <span class='ocrx_word' id='word_1_587' title='bbox 2689 4405 2763 4459; x_wconf 89' lang='lat' dir='ltr'><strong>ib.</strong></span> <span class='ocrx_word' id='word_1_588' title='bbox 2817 4421 2890 4470; x_wconf 86' lang='lat' dir='ltr'><strong>tv,</strong></span> <span class='ocrx_word' id='word_1_589' title='bbox 2947 4420 3066 4474; x_wconf 90' lang='lat' dir='ltr'><strong>cap.</strong></span> <span class='ocrx_word' id='word_1_590' title='bbox 3123 4404 3214 4468; x_wconf 74' lang='grc'><strong>24,</strong></span> <span class='ocrx_word' id='word_1_591' title='bbox 3255 4403 3487 4474; x_wconf 90' lang='lat' dir='ltr'><strong>innuere</strong></span> <span class='ocrx_word' id='word_1_592' title='bbox 3515 4401 3736 4474; x_wconf 84' lang='lat' dir='ltr'><strong>videtur</strong></span> 
     </span>
    </p>
   </div>
   <div class='ocr_carea' id='block_1_88' title="bbox 2161 4473 3737 4554">
    <p class='ocr_par' dir='ltr' id='par_1_88' title="bbox 2161 4473 3737 4554">
     <span class='ocr_line' id='line_1_91' title="bbox 2161 4473 3737 4554; baseline -0.007 -20"><span class='ocrx_word' id='word_1_593' title='bbox 2161 4479 2302 4554; x_wconf 80' lang='lat' dir='ltr'><strong>hanc</strong></span> <span class='ocrx_word' id='word_1_594' title='bbox 2330 4476 2669 4554; x_wconf 68' lang='lat' dir='ltr'><strong>Antiochena</strong></span> <span class='ocrx_word' id='word_1_595' title='bbox 2707 4475 2876 4554; x_wconf 79' lang='lat' dir='ltr'><strong>fuisse</strong></span> <span class='ocrx_word' id='word_1_596' title='bbox 2917 4473 3204 4554; x_wconf 55' lang='lat' dir='ltr'><strong>priorem,&quot;</strong></span> <span class='ocrx_word' id='word_1_597' title='bbox 3232 4473 3381 4554; x_wconf 72' lang='lat' dir='ltr'><strong>gravi</strong></span> <span class='ocrx_word' id='word_1_598' title='bbox 3432 4473 3737 4554; x_wconf 73' lang='lat' dir='ltr'><strong>parachro-</strong></span> 
     </span>
    </p>
   </div>
   <div class='ocr_carea' id='block_1_89' title="bbox 2163 4542 3736 4614">
    <p class='ocr_par' dir='ltr' id='par_1_89' title="bbox 2163 4542 3736 4614">
     <span class='ocr_line' id='line_1_92' title="bbox 2163 4542 3736 4614; baseline -0.006 -10"><span class='ocrx_word' id='word_1_599' title='bbox 2163 4549 2360 4611; x_wconf 87' lang='lat' dir='ltr'><strong>nismo,</strong></span> <span class='ocrx_word' id='word_1_600' title='bbox 2409 4553 2472 4599; x_wconf 94' lang='lat' dir='ltr'><strong>ut</strong></span> <span class='ocrx_word' id='word_1_601' title='bbox 2521 4546 2765 4614; x_wconf 84' lang='lat' dir='ltr'><strong>videtur,</strong></span> <span class='ocrx_word' id='word_1_602' title='bbox 2800 4544 2886 4596; x_wconf 86' lang='lat' dir='ltr'><strong>vir</strong></span> <span class='ocrx_word' id='word_1_603' title='bbox 2918 4542 2999 4597; x_wconf 29' lang='lat' dir='ltr'><strong>’cl.</strong></span> <span class='ocrx_word' id='word_1_604' title='bbox 3037 4542 3289 4614; x_wconf 80' lang='lat' dir='ltr'><strong>intelligit</strong></span> <span class='ocrx_word' id='word_1_605' title='bbox 3341 4543 3736 4596; x_wconf 78' lang='lat' dir='ltr'><strong>Antiochenam</strong></span> 
     </span>
    </p>
   </div>
   <div class='ocr_carea' id='block_1_90' title="bbox 2163 4613 3740 4683">
    <p class='ocr_par' dir='ltr' id='par_1_90' title="bbox 2163 4613 3740 4683">
     <span class='ocr_line' id='line_1_93' title="bbox 2163 4613 3740 4683; baseline -0.004 -11"><span class='ocrx_word' id='word_1_606' title='bbox 2163 4618 2313 4672; x_wconf 90' lang='lat' dir='ltr'><strong>illam</strong></span> <span class='ocrx_word' id='word_1_607' title='bbox 2348 4615 2636 4683; x_wconf 89' lang='lat' dir='ltr'><strong>synodum,</strong></span> <span class='ocrx_word' id='word_1_608' title='bbox 2663 4617 2718 4668; x_wconf 79' lang='lat' dir='ltr'><strong>in</strong></span> <span class='ocrx_word' id='word_1_609' title='bbox 2746 4613 3007 4668; x_wconf 76' lang='lat' dir='ltr'><strong>Encwm’is</strong></span> <span class='ocrx_word' id='word_1_610' title='bbox 3040 4613 3204 4683; x_wconf 87' lang='lat' dir='ltr'><strong>vulgo</strong></span> <span class='ocrx_word' id='word_1_611' title='bbox 3232 4613 3454 4674; x_wconf 89' lang='lat' dir='ltr'><strong>dictam,</strong></span> <span class='ocrx_word' id='word_1_612' title='bbox 3483 4627 3740 4683; x_wconf 81' lang='lat' dir='ltr'><strong>annoque</strong></span> 
     </span>
    </p>
   </div>
   <div class='ocr_carea' id='block_1_91' title="bbox 2165 4633 3741 4741">
    <p class='ocr_par' dir='ltr' id='par_1_91' title="bbox 2165 4633 3741 4741">
     <span class='ocr_line' id='line_1_94' title="bbox 2165 4633 3740 4683; baseline -0.004 -11"><span class='ocrx_word' id='word_1_613' title='bbox 2165 4633 2313 4672; x_wconf 82' lang='lat' dir='ltr'><strong>Illam</strong></span> <span class='ocrx_word' id='word_1_614' title='bbox 2348 4633 2374 4671; x_wconf 93' lang='lat' dir='ltr'><strong>s</strong></span> <span class='ocrx_word' id='word_1_615' title='bbox 2413 4633 2636 4677; x_wconf 87' lang='lat' dir='ltr'><strong>nouum,</strong></span> <span class='ocrx_word' id='word_1_616' title='bbox 2663 4633 2718 4668; x_wconf 78' lang='lat' dir='ltr'><strong>tn</strong></span> <span class='ocrx_word' id='word_1_617' title='bbox 2746 4633 3007 4668; x_wconf 75' lang='lat' dir='ltr'><strong>nncwnus</strong></span> <span class='ocrx_word' id='word_1_618' title='bbox 3040 4633 3204 4683; x_wconf 73' lang='lat' dir='ltr'><strong>vulgo</strong></span> <span class='ocrx_word' id='word_1_619' title='bbox 3232 4633 3454 4674; x_wconf 81' lang='lat' dir='ltr'><strong>uICtaln,</strong></span> <span class='ocrx_word' id='word_1_620' title='bbox 3483 4633 3740 4680; x_wconf 80' lang='lat' dir='ltr'><strong>annoque</strong></span> 
     </span>
     <span class='ocr_line' id='line_1_95' title="bbox 2165 4633 3741 4741; baseline -0.003 -1"><span class='ocrx_word' id='word_1_621' title='bbox 2165 4687 2265 4741; x_wconf 72' lang='lat' dir='ltr'><strong>3M</strong></span> <span class='ocrx_word' id='word_1_622' title='bbox 2304 4633 2564 4740; x_wconf 54' lang='lat' dir='ltr'><strong>habitam.</strong></span> <span class='ocrx_word' id='word_1_623' title='bbox 2615 4683 2884 4738; x_wconf 65' lang='lat' dir='ltr'><strong>Caeterum</strong></span> <span class='ocrx_word' id='word_1_624' title='bbox 2935 4699 3060 4737; x_wconf 90' lang='lat' dir='ltr'><strong>eum</strong></span> <span class='ocrx_word' id='word_1_625' title='bbox 3103 4682 3352 4737; x_wconf 89' lang='lat' dir='ltr'><strong>Socrates</strong></span> <span class='ocrx_word' id='word_1_626' title='bbox 3405 4683 3494 4737; x_wconf 88' lang='lat' dir='ltr'><strong>hic</strong></span> <span class='ocrx_word' id='word_1_627' title='bbox 3531 4681 3741 4736; x_wconf 80' lang='lat' dir='ltr'><strong>diserte</strong></span> 
     </span>
    </p>
   </div>
   <div class='ocr_carea' id='block_1_92' title="bbox 501 4733 3740 4822">
    <p class='ocr_par' dir='ltr' id='par_1_92' title="bbox 501 4733 3740 4822">
     <span class='ocr_line' id='line_1_96' title="bbox 501 4733 3740 4822; baseline 0.001 -18"><span class='ocrx_word' id='word_1_628' title='bbox 501 4733 719 4822; x_wconf 57' lang='lat' dir='ltr'><strong>scopa;</strong></span> <span class='ocrx_word' id='word_1_629' title='bbox 736 4733 2065 4822; x_wconf 47' lang='lat' dir='ltr'><strong>Cordubensi;_J&#39;inie}i‘his:se&quot;d&#39;iéaliiffigiiﬁi-</strong></span> <span class='ocrx_word' id='word_1_630' title='bbox 2098 4733 2141 4789; x_wconf 79' lang='grc' dir='ltr'>υ</span> <span class='ocrx_word' id='word_1_631' title='bbox 2167 4733 3740 4822; x_wconf 46' lang='lat' dir='ltr'><strong>agaaizaa&#39;c‘iiauin&quot;aiaﬁess&#39;saga‘tmiasseasse</strong></span> 
     </span>
    </p>
   </div>
   <div class='ocr_carea' id='block_1_93' title="bbox 499 4819 2065 4890">
    <p class='ocr_par' dir='ltr' id='par_1_93' title="bbox 499 4819 2065 4890">
     <span class='ocr_line' id='line_1_97' title="bbox 499 4819 2065 4890; baseline 0.003 -18"><span class='ocrx_word' id='word_1_632' title='bbox 499 4834 621 4872; x_wconf 89' lang='lat' dir='ltr'><strong>rum</strong></span> <span class='ocrx_word' id='word_1_633' title='bbox 661 4819 717 4872; x_wconf 90' lang='lat' dir='ltr'><strong>in</strong></span> <span class='ocrx_word' id='word_1_634' title='bbox 750 4820 1102 4889; x_wconf 89' lang='lat' dir='ltr'><strong>inscriptione</strong></span> <span class='ocrx_word' id='word_1_635' title='bbox 1129 4821 1371 4890; x_wconf 74' lang='lat' dir='ltr'><strong>epistola:</strong></span> <span class='ocrx_word' id='word_1_636' title='bbox 1397 4820 1465 4873; x_wconf 91' lang='lat' dir='ltr'><strong>ab</strong></span> <span class='ocrx_word' id='word_1_637' title='bbox 1498 4820 1598 4890; x_wconf 89' lang='lat' dir='ltr'><strong>hac</strong></span> <span class='ocrx_word' id='word_1_638' title='bbox 1629 4819 1932 4890; x_wconf 21' lang='lat' dir='ltr'><strong>synodo’ad</strong></span> <span class='ocrx_word' id='word_1_639' title='bbox 1961 4826 2065 4876; x_wconf 79' lang='lat' dir='ltr'><strong>Ar-</strong></span> 
     </span>
    </p>
   </div>
   <div class='ocr_carea' id='block_1_94' title="bbox 499 4889 2063 4959">
    <p class='ocr_par' dir='ltr' id='par_1_94' title="bbox 499 4889 2063 4959">
     <span class='ocr_line' id='line_1_98' title="bbox 499 4889 2063 4959; baseline 0.002 -17"><span class='ocrx_word' id='word_1_640' title='bbox 499 4903 692 4959; x_wconf 72' lang='lat' dir='ltr'><strong>menos</strong></span> <span class='ocrx_word' id='word_1_641' title='bbox 728 4895 1068 4959; x_wconf 53' lang='lat' dir='ltr'><strong>conscripta),</strong></span> <span class='ocrx_word' id='word_1_642' title='bbox 1105 4889 1226 4959; x_wconf 50' lang='lat' dir='ltr'><strong>quae</strong></span> <span class='ocrx_word' id='word_1_643' title='bbox 1285 4889 1364 4944; x_wconf 87' lang='lat' dir='ltr'><strong>sic</strong></span> <span class='ocrx_word' id='word_1_644' title='bbox 1416 4905 1472 4944; x_wconf 87' lang='lat' dir='ltr'><strong>se</strong></span> <span class='ocrx_word' id='word_1_645' title='bbox 1501 4889 1724 4949; x_wconf 68' lang='lat' dir='ltr'><strong>~habere</strong></span> <span class='ocrx_word' id='word_1_646' title='bbox 1776 4891 2063 4946; x_wconf 86' lang='lat' dir='ltr'><strong>creditur:</strong></span> 
     </span>
    </p>
   </div>
   <div class='ocr_carea' id='block_1_95' title="bbox 500 4955 2069 5017">
    <p class='ocr_par' dir='ltr' id='par_1_95' title="bbox 500 4955 2069 5017">
     <span class='ocr_line' id='line_1_99' title="bbox 500 4955 2069 5017; baseline 0.003 -5"><span class='ocrx_word' id='word_1_647' title='bbox 500 4955 739 5012; x_wconf 77' lang='lat' dir='ltr'><strong>Dominis</strong></span> <span class='ocrx_word' id='word_1_648' title='bbox 787 4955 1174 5013; x_wconf 48' lang='lat' dir='ltr'><strong>honor—abilibus</strong></span> <span class='ocrx_word' id='word_1_649' title='bbox 1219 4960 1669 5013; x_wconf 81' lang='lat' dir='ltr'><strong>consacerdotibus</strong></span> <span class='ocrx_word' id='word_1_650' title='bbox 1720 4960 1773 5013; x_wconf 82' lang='lat' dir='ltr'><strong>in</strong></span> <span class='ocrx_word' id='word_1_651' title='bbox 1815 4960 2069 5017; x_wconf 78' lang='lat' dir='ltr'><strong>Armenia</strong></span> 
     </span>
    </p>
   </div>
   <div class='ocr_carea' id='block_1_96' title="bbox 501 5027 2066 5100">
    <p class='ocr_par' dir='ltr' id='par_1_96' title="bbox 501 5027 2066 5100">
     <span class='ocr_line' id='line_1_100' title="bbox 501 5027 2066 5100; baseline 0.003 -20"><span class='ocrx_word' id='word_1_652' title='bbox 501 5027 791 5100; x_wconf 64' lang='lat' dir='ltr'><strong>constitutis</strong></span> <span class='ocrx_word' id='word_1_653' title='bbox 836 5029 1143 5100; x_wconf 57' lang='lat' dir='ltr'><strong>eriswpi,</strong></span> <span class='ocrx_word' id='word_1_654' title='bbox 1174 5029 1447 5094; x_wconf 79' lang='lat' dir='ltr'><strong>Eusebius,</strong></span> <span class='ocrx_word' id='word_1_655' title='bbox 1472 5029 1766 5100; x_wconf 67' lang='lat' dir='ltr'><strong>Hypatius,</strong></span> <span class='ocrx_word' id='word_1_656' title='bbox 1799 5030 2066 5096; x_wconf 77' lang='lat' dir='ltr'><strong>Eulalius,</strong></span> 
     </span>
    </p>
   </div>
   <div class='ocr_carea' id='block_1_97' title="bbox 503 5094 2068 5170">
    <p class='ocr_par' dir='ltr' id='par_1_97' title="bbox 503 5094 2068 5170">
     <span class='ocr_line' id='line_1_101' title="bbox 503 5094 2068 5170; baseline 0.004 -21"><span class='ocrx_word' id='word_1_657' title='bbox 503 5096 799 5170; x_wconf 64' lang='lat' dir='ltr'><strong>Gregorius.</strong></span> <span class='ocrx_word' id='word_1_658' title='bbox 817 5094 1085 5170; x_wconf 58' lang='lat' dir='ltr'><strong>431mm“,</strong></span> <span class='ocrx_word' id='word_1_659' title='bbox 1108 5097 1427 5170; x_wconf 66' lang='lat' dir='ltr'><strong>Bithynicus,</strong></span> <span class='ocrx_word' id='word_1_660' title='bbox 1453 5094 2068 5170; x_wconf 38' lang='lat' dir='ltr'><strong>Oljmpius,‘Bassianus,</strong></span> 
     </span>
    </p>
   </div>
   <div class='ocr_carea' id='block_1_98' title="bbox 502 5165 2066 5240">
    <p class='ocr_par' dir='ltr' id='par_1_98' title="bbox 502 5165 2066 5240">
     <span class='ocr_line' id='line_1_102' title="bbox 502 5165 2066 5240; baseline 0.004 -22"><span class='ocrx_word' id='word_1_661' title='bbox 502 5167 772 5240; x_wconf 44' lang='lat' dir='ltr'><strong>Basilius:</strong></span> <span class='ocrx_word' id='word_1_662' title='bbox 836 5165 1094 5240; x_wconf 65' lang='lat' dir='ltr'><strong>Philetas,</strong></span> <span class='ocrx_word' id='word_1_663' title='bbox 1153 5165 1445 5232; x_wconf 67' lang='lat' dir='ltr'><strong>Hei-actius,</strong></span> <span class='ocrx_word' id='word_1_664' title='bbox 1490 5165 1739 5240; x_wconf 59' lang='lat' dir='ltr'><strong>Pappus,</strong></span> <span class='ocrx_word' id='word_1_665' title='bbox 1779 5165 2066 5240; x_wconf 76' lang='lat' dir='ltr'><strong>Eugenius,</strong></span> 
     </span>
    </p>
   </div>
   <div class='ocr_carea' id='block_1_99' title="bbox 505 5233 2074 5309">
    <p class='ocr_par' dir='ltr' id='par_1_99' title="bbox 505 5233 2074 5309">
     <span class='ocr_line' id='line_1_103' title="bbox 505 5233 2074 5309; baseline 0.002 -17"><span class='ocrx_word' id='word_1_666' title='bbox 505 5235 690 5309; x_wconf 74' lang='lat' dir='ltr'><strong>Hosius</strong></span> <span class='ocrx_word' id='word_1_667' title='bbox 725 5233 1090 5309; x_wconf 15' lang='lat' dir='ltr'><strong>Cordubiensis,</strong></span> <span class='ocrx_word' id='word_1_668' title='bbox 1128 5250 1234 5293; x_wconf 92' lang='lat' dir='ltr'><strong>etc.</strong></span> <span class='ocrx_word' id='word_1_669' title='bbox 1277 5240 1382 5294; x_wconf 93' lang='lat' dir='ltr'><strong>Sed</strong></span> <span class='ocrx_word' id='word_1_670' title='bbox 1423 5241 1478 5294; x_wconf 89' lang='lat' dir='ltr'><strong>in</strong></span> <span class='ocrx_word' id='word_1_671' title='bbox 1509 5233 1694 5309; x_wconf 56' lang='lat' dir='ltr'><strong>Gem</strong></span> <span class='ocrx_word' id='word_1_672' title='bbox 1730 5239 1843 5309; x_wconf 90' lang='lat' dir='ltr'><strong>ipsa</strong></span> <span class='ocrx_word' id='word_1_673' title='bbox 1864 5233 2074 5296; x_wconf 74' lang='lat' dir='ltr'><strong>inscri-</strong></span> 
     </span>
    </p>
   </div>
   <div class='ocr_carea' id='block_1_100' title="bbox 505 5307 2072 5378">
    <p class='ocr_par' dir='ltr' id='par_1_100' title="bbox 505 5307 2072 5378">
     <span class='ocr_line' id='line_1_104' title="bbox 505 5307 2072 5378; baseline 0.005 -20"><span class='ocrx_word' id='word_1_674' title='bbox 505 5307 725 5378; x_wconf 89' lang='lat' dir='ltr'><strong>ptione,</strong></span> <span class='ocrx_word' id='word_1_675' title='bbox 783 5307 871 5359; x_wconf 90' lang='lat' dir='ltr'><strong>cui</strong></span> <span class='ocrx_word' id='word_1_676' title='bbox 926 5308 1067 5378; x_wconf 87' lang='lat' dir='ltr'><strong>hanc</strong></span> <span class='ocrx_word' id='word_1_677' title='bbox 1120 5309 1310 5363; x_wconf 91' lang='lat' dir='ltr'><strong>Binius</strong></span> <span class='ocrx_word' id='word_1_678' title='bbox 1366 5316 1620 5378; x_wconf 89' lang='lat' dir='ltr'><strong>tanquam</strong></span> <span class='ocrx_word' id='word_1_679' title='bbox 1675 5307 1923 5364; x_wconf 78' lang='lat' dir='ltr'><strong>Latinam</strong></span> <span class='ocrx_word' id='word_1_680' title='bbox 1953 5311 2072 5378; x_wconf 87' lang='lat' dir='ltr'><strong>ejus</strong></span> 
     </span>
    </p>
   </div>
   <div class='ocr_carea' id='block_1_101' title="bbox 504 5377 2069 5446">
    <p class='ocr_par' dir='ltr' id='par_1_101' title="bbox 504 5377 2069 5446">
     <span class='ocr_line' id='line_1_105' title="bbox 504 5377 2069 5446; baseline 0.005 -19"><span class='ocrx_word' id='word_1_681' title='bbox 504 5377 810 5430; x_wconf 73' lang='lat' dir='ltr'><strong>versionem</strong></span> <span class='ocrx_word' id='word_1_682' title='bbox 840 5377 1112 5446; x_wconf 84' lang='lat' dir='ltr'><strong>apposuit,</strong></span> <span class='ocrx_word' id='word_1_683' title='bbox 1153 5379 1300 5432; x_wconf 89' lang='lat' dir='ltr'><strong>nulla</strong></span> <span class='ocrx_word' id='word_1_684' title='bbox 1350 5379 1409 5431; x_wconf 84' lang='lat' dir='ltr'><strong>fit</strong></span> <span class='ocrx_word' id='word_1_685' title='bbox 1434 5377 1656 5433; x_wconf 86' lang='lat' dir='ltr'><strong>omnino</strong></span> <span class='ocrx_word' id='word_1_686' title='bbox 1685 5378 1835 5434; x_wconf 85' lang='lat' dir='ltr'><strong>Hosii</strong></span> <span class='ocrx_word' id='word_1_687' title='bbox 1857 5377 2069 5435; x_wconf 85' lang='lat' dir='ltr'><strong>Cordu-</strong></span> 
     </span>
    </p>
   </div>
   <div class='ocr_carea' id='block_1_102' title="bbox 507 5445 2072 5512">
    <p class='ocr_par' dir='ltr' id='par_1_102' title="bbox 507 5445 2072 5512">
     <span class='ocr_line' id='line_1_106' title="bbox 507 5445 2072 5512; baseline 0.004 -14"><span class='ocrx_word' id='word_1_688' title='bbox 507 5446 691 5500; x_wconf 70' lang='lat' dir='ltr'><strong>liensis</strong></span> <span class='ocrx_word' id='word_1_689' title='bbox 724 5445 947 5500; x_wconf 86' lang='lat' dir='ltr'><strong>mentio.</strong></span> <span class='ocrx_word' id='word_1_690' title='bbox 993 5445 1303 5512; x_wconf 87' lang='lat' dir='ltr'><strong>Quinetiam</strong></span> <span class='ocrx_word' id='word_1_691' title='bbox 1348 5463 1450 5502; x_wconf 90' lang='lat' dir='ltr'><strong>nec</strong></span> <span class='ocrx_word' id='word_1_692' title='bbox 1482 5464 1513 5502; x_wconf 92' lang='lat' dir='ltr'><strong>a</strong></span> <span class='ocrx_word' id='word_1_693' title='bbox 1548 5456 1733 5502; x_wconf 89' lang='lat' dir='ltr'><strong>vetere</strong></span> <span class='ocrx_word' id='word_1_694' title='bbox 1766 5448 1958 5504; x_wconf 90' lang='lat' dir='ltr'><strong>Latino</strong></span> <span class='ocrx_word' id='word_1_695' title='bbox 1989 5450 2072 5504; x_wconf 90' lang='lat' dir='ltr'><strong>in-</strong></span> 
     </span>
    </p>
   </div>
   <div class='ocr_carea' id='block_1_103' title="bbox 509 5517 2072 5586">
    <p class='ocr_par' dir='ltr' id='par_1_103' title="bbox 509 5517 2072 5586">
     <span class='ocr_line' id='line_1_107' title="bbox 509 5517 2072 5586; baseline 0.003 -18"><span class='ocrx_word' id='word_1_696' title='bbox 509 5525 769 5585; x_wconf 87' lang='lat' dir='ltr'><strong>terprete,</strong></span> <span class='ocrx_word' id='word_1_697' title='bbox 801 5533 903 5572; x_wconf 87' lang='lat' dir='ltr'><strong>nec</strong></span> <span class='ocrx_word' id='word_1_698' title='bbox 928 5517 996 5570; x_wconf 88' lang='lat' dir='ltr'><strong>ab</strong></span> <span class='ocrx_word' id='word_1_699' title='bbox 1031 5517 1137 5570; x_wconf 91' lang='lat' dir='ltr'><strong>alio</strong></span> <span class='ocrx_word' id='word_1_700' title='bbox 1178 5517 1372 5586; x_wconf 87' lang='lat' dir='ltr'><strong>quovis</strong></span> <span class='ocrx_word' id='word_1_701' title='bbox 1405 5533 1674 5572; x_wconf 89' lang='lat' dir='ltr'><strong>canonum</strong></span> <span class='ocrx_word' id='word_1_702' title='bbox 1723 5518 1919 5573; x_wconf 93' lang='lat' dir='ltr'><strong>horum</strong></span> <span class='ocrx_word' id='word_1_703' title='bbox 1956 5520 2072 5574; x_wconf 74' lang='lat' dir='ltr'><strong>edi.-</strong></span> 
     </span>
    </p>
   </div>
   <div class='ocr_carea' id='block_1_104' title="bbox 511 5586 2072 5708">
    <p class='ocr_par' dir='ltr' id='par_1_104' title="bbox 511 5586 2072 5708">
     <span class='ocr_line' id='line_1_108' title="bbox 511 5586 2072 5708; baseline 0.003 -69"><span class='ocrx_word' id='word_1_704' title='bbox 511 5594 628 5640; x_wconf 86' lang='lat' dir='ltr'><strong>tore</strong></span> <span class='ocrx_word' id='word_1_705' title='bbox 666 5587 865 5643; x_wconf 82' lang='lat' dir='ltr'><strong>Hosius</strong></span> <span class='ocrx_word' id='word_1_706' title='bbox 902 5587 1004 5640; x_wconf 90' lang='lat' dir='ltr'><strong>iste</strong></span> <span class='ocrx_word' id='word_1_707' title='bbox 1047 5587 1191 5641; x_wconf 90' lang='lat' dir='ltr'><strong>inter</strong></span> <span class='ocrx_word' id='word_1_708' title='bbox 1226 5586 1512 5708; x_wconf 69' lang='lat' dir='ltr'><strong>episcopos</strong></span> <span class='ocrx_word' id='word_1_709' title='bbox 1558 5587 1659 5641; x_wconf 91' lang='lat' dir='ltr'><strong>hac</strong></span> <span class='ocrx_word' id='word_1_710' title='bbox 1693 5589 1900 5657; x_wconf 85' lang='lat' dir='ltr'><strong>synodo</strong></span> <span class='ocrx_word' id='word_1_711' title='bbox 1941 5604 2072 5644; x_wconf 89' lang='lat' dir='ltr'><strong>con-</strong></span> 
     </span>
     <span class='ocr_line' id='line_1_109' title="bbox 511 5655 2066 5708; baseline 0 0"><span class='ocrx_word' id='word_1_712' title='bbox 511 5666 757 5708; x_wconf 72' lang='lat' dir='ltr'><strong>ureuatos</strong></span> <span class='ocrx_word' id='word_1_713' title='bbox 813 5666 1268 5708; x_wconf 87' lang='lat' dir='ltr'><strong>commemoratur</strong></span> <span class='ocrx_word' id='word_1_714' title='bbox 1305 5655 1406 5708; x_wconf 81' lang='lat' dir='ltr'><strong>Cui</strong></span> <span class='ocrx_word' id='word_1_715' title='bbox 1435 5694 1449 5708; x_wconf 93' lang='lat'><strong>.</strong></span> <span class='ocrx_word' id='word_1_716' title='bbox 1498 5656 1825 5708; x_wconf 74' lang='lat' dir='ltr'><strong>Bevereuius</strong></span> <span class='ocrx_word' id='word_1_717' title='bbox 1882 5666 2066 5708; x_wconf 88' lang='lat' dir='ltr'><strong>annot.</strong></span> 
     </span>
    </p>
   </div>
   <div class='ocr_carea' id='block_1_105' title="bbox 509 5655 2066 5735">
    <p class='ocr_par' dir='ltr' id='par_1_105' title="bbox 509 5655 2066 5735">
     <span class='ocr_line' id='line_1_110' title="bbox 509 5655 2066 5735; baseline 0.003 -29"><span class='ocrx_word' id='word_1_718' title='bbox 509 5666 757 5735; x_wconf 78' lang='lat' dir='ltr'><strong>gregatos</strong></span> <span class='ocrx_word' id='word_1_719' title='bbox 813 5666 1272 5735; x_wconf 63' lang='lat' dir='ltr'><strong>commemoratur</strong></span> <span class='ocrx_word' id='word_1_720' title='bbox 1305 5655 1469 5735; x_wconf 38' lang='lat' dir='ltr'><strong>Guil.</strong></span> <span class='ocrx_word' id='word_1_721' title='bbox 1498 5655 1825 5735; x_wconf 74' lang='lat' dir='ltr'><strong>Beveregius</strong></span> <span class='ocrx_word' id='word_1_722' title='bbox 1871 5666 2066 5735; x_wconf 80' lang='lat' dir='ltr'><strong>_annot.</strong></span> 
     </span>
    </p>
   </div>
   <div class='ocr_carea' id='block_1_106' title="bbox 517 5724 2070 5799">
    <p class='ocr_par' dir='ltr' id='par_1_106' title="bbox 517 5724 2070 5799">
     <span class='ocr_line' id='line_1_111' title="bbox 517 5724 2070 5799; baseline -0.001 -16"><span class='ocrx_word' id='word_1_723' title='bbox 517 5727 572 5783; x_wconf 82' lang='lat' dir='ltr'><strong>in</strong></span> <span class='ocrx_word' id='word_1_724' title='bbox 608 5724 730 5781; x_wconf 79' lang='lat' dir='ltr'><strong>ean.</strong></span> <span class='ocrx_word' id='word_1_725' title='bbox 769 5742 922 5784; x_wconf 89' lang='lat' dir='ltr'><strong>conc.</strong></span> <span class='ocrx_word' id='word_1_726' title='bbox 977 5725 1337 5799; x_wconf 81' lang='lat' dir='ltr'><strong>Gangrcnsis;</strong></span> <span class='ocrx_word' id='word_1_727' title='bbox 1379 5724 1471 5780; x_wconf 91' lang='lat' dir='ltr'><strong>ubi</strong></span> <span class='ocrx_word' id='word_1_728' title='bbox 1508 5739 1566 5780; x_wconf 86' lang='lat' dir='ltr'><strong>se</strong></span> <span class='ocrx_word' id='word_1_729' title='bbox 1603 5724 1816 5780; x_wconf 81' lang='lat' dir='ltr'><strong>nescire</strong></span> <span class='ocrx_word' id='word_1_730' title='bbox 1867 5725 2070 5782; x_wconf 83' lang='lat' dir='ltr'><strong>fatetur</strong></span> 
     </span>
    </p>
   </div>
   <div class='ocr_carea' id='block_1_107' title="bbox 2150 4819 3738 4894">
    <p class='ocr_par' dir='ltr' id='par_1_107' title="bbox 2150 4819 3738 4894">
     <span class='ocr_line' id='line_1_112' title="bbox 2150 4819 3738 4894; baseline -0.004 -14"><span class='ocrx_word' id='word_1_731' title='bbox 2150 4833 2298 4894; x_wconf 86' lang='lat' dir='ltr'><strong>-post</strong></span> <span class='ocrx_word' id='word_1_732' title='bbox 2331 4825 2494 4894; x_wconf 86' lang='lat' dir='ltr'><strong>modo</strong></span> <span class='ocrx_word' id='word_1_733' title='bbox 2521 4819 2883 4894; x_wconf 86' lang='lat' dir='ltr'><strong>memoratum</strong></span> <span class='ocrx_word' id='word_1_734' title='bbox 2931 4822 3066 4876; x_wconf 94' lang='lat' dir='ltr'><strong>illud</strong></span> <span class='ocrx_word' id='word_1_735' title='bbox 3102 4819 3583 4894; x_wconf 70' lang='lat' dir='ltr'><strong>Constantinopoli</strong></span> <span class='ocrx_word' id='word_1_736' title='bbox 3636 4835 3738 4874; x_wconf 85' lang='lat' dir='ltr'><strong>an-</strong></span> 
     </span>
    </p>
   </div>
   <div class='ocr_carea' id='block_1_108' title="bbox 2168 4889 3742 4961">
    <p class='ocr_par' dir='ltr' id='par_1_108' title="bbox 2168 4889 3742 4961">
     <span class='ocr_line' id='line_1_113' title="bbox 2168 4889 3742 4961; baseline -0.004 -11"><span class='ocrx_word' id='word_1_737' title='bbox 2168 4889 2242 4949; x_wconf 77' lang='lat' dir='ltr'><strong>no</strong></span> <span class='ocrx_word' id='word_1_738' title='bbox 2295 4893 2398 4950; x_wconf 76' lang='grc'><strong>560</strong></span> <span class='ocrx_word' id='word_1_739' title='bbox 2446 4893 2714 4956; x_wconf 88' lang='lat' dir='ltr'><strong>habitum,</strong></span> <span class='ocrx_word' id='word_1_740' title='bbox 2749 4907 2983 4961; x_wconf 91' lang='lat' dir='ltr'><strong>cumque</strong></span> <span class='ocrx_word' id='word_1_741' title='bbox 3041 4891 3272 4946; x_wconf 85' lang='lat' dir='ltr'><strong>modicis</strong></span> <span class='ocrx_word' id='word_1_742' title='bbox 3313 4889 3618 4944; x_wconf 80' lang='lat' dir='ltr'><strong>intervallis</strong></span> <span class='ocrx_word' id='word_1_743' title='bbox 3647 4906 3742 4944; x_wconf 90' lang='lat' dir='ltr'><strong>oc-</strong></span> 
     </span>
    </p>
   </div>
   <div class='ocr_carea' id='block_1_109' title="bbox 2170 4961 3738 5030">
    <p class='ocr_par' dir='ltr' id='par_1_109' title="bbox 2170 4961 3738 5030">
     <span class='ocr_line' id='line_1_114' title="bbox 2170 4961 3738 5030; baseline -0.003 -11"><span class='ocrx_word' id='word_1_744' title='bbox 2170 4964 2343 5020; x_wconf 89' lang='lat' dir='ltr'><strong>currit</strong></span> <span class='ocrx_word' id='word_1_745' title='bbox 2389 4979 2558 5017; x_wconf 90' lang='lat' dir='ltr'><strong>unum</strong></span> <span class='ocrx_word' id='word_1_746' title='bbox 2591 4969 2648 5016; x_wconf 93' lang='lat' dir='ltr'><strong>et</strong></span> <span class='ocrx_word' id='word_1_747' title='bbox 2679 4963 2914 5015; x_wconf 90' lang='lat' dir='ltr'><strong>alterum</strong></span> <span class='ocrx_word' id='word_1_748' title='bbox 2965 4961 3269 5016; x_wconf 67' lang='lat' dir='ltr'><strong>Antiochia:</strong></span> <span class='ocrx_word' id='word_1_749' title='bbox 3325 4968 3738 5030; x_wconf 82' lang='lat' dir='ltr'><strong>congregatum,</strong></span> 
     </span>
    </p>
   </div>
   <div class='ocr_carea' id='block_1_110' title="bbox 2169 5029 3740 5103">
    <p class='ocr_par' dir='ltr' id='par_1_110' title="bbox 2169 5029 3740 5103">
     <span class='ocr_line' id='line_1_115' title="bbox 2169 5029 3740 5103; baseline -0.003 -15"><span class='ocrx_word' id='word_1_750' title='bbox 2169 5034 2303 5103; x_wconf 93' lang='lat' dir='ltr'><strong>quid</strong></span> <span class='ocrx_word' id='word_1_751' title='bbox 2332 5032 2645 5103; x_wconf 85' lang='lat' dir='ltr'><strong>dubitemus</strong></span> <span class='ocrx_word' id='word_1_752' title='bbox 2674 5030 2944 5103; x_wconf 53' lang='lat' dir='ltr'><strong>allii-mare</strong></span> <span class='ocrx_word' id='word_1_753' title='bbox 2977 5031 3242 5103; x_wconf 74' lang='lat' dir='ltr'><strong>synodum</strong></span> <span class='ocrx_word' id='word_1_754' title='bbox 3277 5030 3419 5084; x_wconf 90' lang='lat' dir='ltr'><strong>hanc</strong></span> <span class='ocrx_word' id='word_1_755' title='bbox 3433 5029 3740 5103; x_wconf 32' lang='lat' dir='ltr'><strong>_’G_angren7</strong></span> 
     </span>
    </p>
   </div>
   <div class='ocr_carea' id='block_1_111' title="bbox 2172 5099 3743 5165">
    <p class='ocr_par' dir='ltr' id='par_1_111' title="bbox 2172 5099 3743 5165">
     <span class='ocr_line' id='line_1_116' title="bbox 2172 5099 3743 5165; baseline -0.003 -8"><span class='ocrx_word' id='word_1_756' title='bbox 2172 5099 2284 5157; x_wconf 74' lang='lat' dir='ltr'><strong>sem</strong></span> <span class='ocrx_word' id='word_1_757' title='bbox 2318 5118 2462 5157; x_wconf 90' lang='lat' dir='ltr'><strong>anno</strong></span> <span class='ocrx_word' id='word_1_758' title='bbox 2505 5100 2727 5156; x_wconf 91' lang='lat' dir='ltr'><strong>circiter</strong></span> <span class='ocrx_word' id='word_1_759' title='bbox 2753 5101 2876 5165; x_wconf 75' lang='grc'>561,</span> <span class='ocrx_word' id='word_1_760' title='bbox 2914 5099 3144 5155; x_wconf 63' lang='lat' dir='ltr'><strong>aut&#39;362</strong></span> <span class='ocrx_word' id='word_1_761' title='bbox 3169 5099 3336 5154; x_wconf 88' lang='lat' dir='ltr'><strong>luisse</strong></span> <span class='ocrx_word' id='word_1_762' title='bbox 3367 5100 3743 5153; x_wconf 80' lang='lat' dir='ltr'><strong>celebratam?</strong></span> 
     </span>
    </p>
   </div>
   <div class='ocr_carea' id='block_1_112' title="bbox 2169 5169 3742 5240">
    <p class='ocr_par' dir='ltr' id='par_1_112' title="bbox 2169 5169 3742 5240">
     <span class='ocr_line' id='line_1_117' title="bbox 2169 5169 3742 5240; baseline -0.003 -14"><span class='ocrx_word' id='word_1_763' title='bbox 2169 5171 2706 5240; x_wconf 77' lang='lat' dir='ltr'><strong>Certe_Ath_anasius,</strong></span> <span class='ocrx_word' id='word_1_764' title='bbox 2732 5170 2880 5240; x_wconf 85' lang='lat' dir='ltr'><strong>libro</strong></span> <span class='ocrx_word' id='word_1_765' title='bbox 2915 5171 2992 5224; x_wconf 89' lang='lat' dir='ltr'><strong>De</strong></span> <span class='ocrx_word' id='word_1_766' title='bbox 3033 5170 3274 5240; x_wconf 87' lang='lat' dir='ltr'><strong>synodis,</strong></span> <span class='ocrx_word' id='word_1_767' title='bbox 3318 5185 3439 5240; x_wconf 70' lang='lat' dir='ltr'><strong>pag.</strong></span> <span class='ocrx_word' id='word_1_768' title='bbox 3469 5169 3594 5240; x_wconf 72' lang='grc'>747,</span> <span class='ocrx_word' id='word_1_769' title='bbox 3627 5177 3742 5222; x_wconf 89' lang='lat' dir='ltr'><strong>tra-</strong></span> 
     </span>
    </p>
   </div>
   <div class='ocr_carea' id='block_1_113' title="bbox 2171 5232 3741 5310">
    <p class='ocr_par' dir='ltr' id='par_1_113' title="bbox 2171 5232 3741 5310">
     <span class='ocr_line' id='line_1_118' title="bbox 2171 5232 3741 5310; baseline -0.004 -12"><span class='ocrx_word' id='word_1_770' title='bbox 2171 5240 2272 5306; x_wconf 91' lang='lat' dir='ltr'><strong>dit,</strong></span> <span class='ocrx_word' id='word_1_771' title='bbox 2323 5232 2701 5296; x_wconf 45' lang='lat' dir='ltr'><strong>Semiarianos&#39;</strong></span> <span class='ocrx_word' id='word_1_772' title='bbox 2715 5232 3189 5310; x_wconf 68' lang='lat' dir='ltr'><strong>Cpnstantino&#39;poli</strong></span> <span class='ocrx_word' id='word_1_773' title='bbox 3204 5232 3571 5310; x_wconf 64' lang='lat' dir='ltr'><strong>Antiochiam</strong></span> <span class='ocrx_word' id='word_1_774' title='bbox 3609 5253 3741 5307; x_wconf 87' lang='lat' dir='ltr'><strong>pro-</strong></span> 
     </span>
    </p>
   </div>
   <div class='ocr_carea' id='block_1_114' title="bbox 2172 5307 3740 5376">
    <p class='ocr_par' dir='ltr' id='par_1_114' title="bbox 2172 5307 3740 5376">
     <span class='ocr_line' id='line_1_119' title="bbox 2172 5307 3740 5376; baseline -0.003 -10"><span class='ocrx_word' id='word_1_775' title='bbox 2172 5311 2365 5376; x_wconf 89' lang='lat' dir='ltr'><strong>fectos,</strong></span> <span class='ocrx_word' id='word_1_776' title='bbox 2398 5310 2560 5365; x_wconf 87' lang='lat' dir='ltr'><strong>aliam</strong></span> <span class='ocrx_word' id='word_1_777' title='bbox 2586 5310 2710 5365; x_wconf 79' lang='lat' dir='ltr'><strong>fidei</strong></span> <span class='ocrx_word' id='word_1_778' title='bbox 2749 5309 3036 5364; x_wconf 89' lang='lat' dir='ltr'><strong>formulam</strong></span> <span class='ocrx_word' id='word_1_779' title='bbox 3070 5307 3337 5372; x_wconf 80' lang='lat' dir='ltr'><strong>edidisse;</strong></span> <span class='ocrx_word' id='word_1_780' title='bbox 3369 5307 3505 5361; x_wconf 92' lang='lat' dir='ltr'><strong>adeo</strong></span> <span class='ocrx_word' id='word_1_781' title='bbox 3541 5316 3601 5360; x_wconf 93' lang='lat' dir='ltr'><strong>ut</strong></span> <span class='ocrx_word' id='word_1_782' title='bbox 3630 5323 3740 5361; x_wconf 91' lang='lat' dir='ltr'><strong>non</strong></span> 
     </span>
    </p>
   </div>
   <div class='ocr_carea' id='block_1_115' title="bbox 2172 5377 3742 5461">
    <p class='ocr_par' dir='ltr' id='par_1_115' title="bbox 2172 5377 3742 5461">
     <span class='ocr_line' id='line_1_120' title="bbox 2172 5377 3742 5461; baseline -0.002 -26"><span class='ocrx_word' id='word_1_783' title='bbox 2172 5381 2246 5436; x_wconf 90' lang='lat' dir='ltr'><strong>sit</strong></span> <span class='ocrx_word' id='word_1_784' title='bbox 2276 5395 2413 5461; x_wconf 74' lang='lat' dir='ltr'><strong>opus</strong></span> <span class='ocrx_word' id='word_1_785' title='bbox 2451 5396 2734 5461; x_wconf 63' lang='lat' dir='ltr'><strong>recurrere</strong></span> <span class='ocrx_word' id='word_1_786' title='bbox 2765 5378 2832 5433; x_wconf 89' lang='lat' dir='ltr'><strong>ad</strong></span> <span class='ocrx_word' id='word_1_787' title='bbox 2861 5379 3000 5461; x_wconf 72' lang='lat' dir='ltr'><strong>illud</strong></span> <span class='ocrx_word' id='word_1_788' title='bbox 3031 5381 3094 5460; x_wconf 29' lang='grc' dir='ltr'><strong>δίη</strong></span> <span class='ocrx_word' id='word_1_789' title='bbox 3142 5379 3406 5461; x_wconf 54' lang='lat' dir='ltr'><strong>{luctuum</strong></span> <span class='ocrx_word' id='word_1_790' title='bbox 3435 5377 3742 5461; x_wconf 37' lang='lat' dir='ltr'><strong>antiochus</strong></span> 
     </span>
    </p>
   </div>
   <div class='ocr_carea' id='block_1_116' title="bbox 2173 5447 3743 5518">
    <p class='ocr_par' dir='ltr' id='par_1_116' title="bbox 2173 5447 3743 5518">
     <span class='ocr_line' id='line_1_121' title="bbox 2173 5447 3743 5518; baseline -0.002 -14"><span class='ocrx_word' id='word_1_791' title='bbox 2173 5447 2485 5504; x_wconf 83' lang='lat' dir='ltr'><strong>concilium.</strong></span> <span class='ocrx_word' id='word_1_792' title='bbox 2511 5449 2667 5516; x_wconf 85' lang='lat' dir='ltr'><strong>Quod</strong></span> <span class='ocrx_word' id='word_1_793' title='bbox 2693 5464 2823 5504; x_wconf 90' lang='lat' dir='ltr'><strong>vero</strong></span> <span class='ocrx_word' id='word_1_794' title='bbox 2846 5449 3115 5503; x_wconf 82' lang='lat' dir='ltr'><strong>Antonius</strong></span> <span class='ocrx_word' id='word_1_795' title='bbox 3143 5449 3270 5518; x_wconf 83' lang='lat' dir='ltr'><strong>Pagi</strong></span> <span class='ocrx_word' id='word_1_796' title='bbox 3305 5447 3578 5518; x_wconf 80' lang='lat' dir='ltr'><strong>synodum</strong></span> <span class='ocrx_word' id='word_1_797' title='bbox 3601 5447 3743 5518; x_wconf 79' lang='lat' dir='ltr'><strong>hanc</strong></span> 
     </span>
    </p>
   </div>
   <div class='ocr_carea' id='block_1_117' title="bbox 2171 5515 3742 5580">
    <p class='ocr_par' dir='ltr' id='par_1_117' title="bbox 2171 5515 3742 5580">
     <span class='ocr_line' id='line_1_122' title="bbox 2171 5515 3742 5580; baseline -0.002 -7"><span class='ocrx_word' id='word_1_798' title='bbox 2171 5518 2400 5580; x_wconf 76' lang='lat' dir='ltr'><strong>Gangris</strong></span> <span class='ocrx_word' id='word_1_799' title='bbox 2435 5515 2753 5573; x_wconf 86' lang='lat' dir='ltr'><strong>convenisse</strong></span> <span class='ocrx_word' id='word_1_800' title='bbox 2783 5519 2973 5573; x_wconf 90' lang='lat' dir='ltr'><strong>statuit</strong></span> <span class='ocrx_word' id='word_1_801' title='bbox 3000 5528 3123 5574; x_wconf 87' lang='lat' dir='ltr'><strong>ante</strong></span> <span class='ocrx_word' id='word_1_802' title='bbox 3146 5515 3348 5573; x_wconf 75' lang='lat' dir='ltr'><strong>annum</strong></span> <span class='ocrx_word' id='word_1_803' title='bbox 3373 5517 3495 5580; x_wconf 77' lang='lat'><strong>558,</strong></span> <span class='ocrx_word' id='word_1_804' title='bbox 3529 5516 3582 5569; x_wconf 90' lang='lat' dir='ltr'><strong>id</strong></span> <span class='ocrx_word' id='word_1_805' title='bbox 3611 5515 3742 5571; x_wconf 88' lang='lat' dir='ltr'><strong>facit</strong></span> 
     </span>
    </p>
   </div>
   <div class='ocr_carea' id='block_1_118' title="bbox 2173 5585 3738 5658">
    <p class='ocr_par' dir='ltr' id='par_1_118' title="bbox 2173 5585 3738 5658">
     <span class='ocr_line' id='line_1_123' title="bbox 2173 5585 3738 5658; baseline -0.003 -16"><span class='ocrx_word' id='word_1_806' title='bbox 2173 5599 2234 5642; x_wconf 89' lang='lat' dir='ltr'><strong>ut</strong></span> <span class='ocrx_word' id='word_1_807' title='bbox 2272 5585 2468 5644; x_wconf 82' lang='lat' dir='ltr'><strong>llosius</strong></span> <span class='ocrx_word' id='word_1_808' title='bbox 2513 5591 2775 5646; x_wconf 88' lang='lat' dir='ltr'><strong>interesse</strong></span> <span class='ocrx_word' id='word_1_809' title='bbox 2804 5597 3009 5658; x_wconf 90' lang='lat' dir='ltr'><strong>posset,</strong></span> <span class='ocrx_word' id='word_1_810' title='bbox 3044 5588 3137 5658; x_wconf 92' lang='lat' dir='ltr'><strong>qui</strong></span> <span class='ocrx_word' id='word_1_811' title='bbox 3170 5603 3238 5642; x_wconf 92' lang='lat' dir='ltr'><strong>eo</strong></span> <span class='ocrx_word' id='word_1_812' title='bbox 3281 5602 3423 5658; x_wconf 88' lang='lat' dir='ltr'><strong>anno</strong></span> <span class='ocrx_word' id='word_1_813' title='bbox 3459 5587 3511 5640; x_wconf 92' lang='lat' dir='ltr'><strong>in</strong></span> <span class='ocrx_word' id='word_1_814' title='bbox 3543 5585 3738 5654; x_wconf 85' lang='lat' dir='ltr'><strong>Hispa—</strong></span> 
     </span>
    </p>
   </div>
   <div class='ocr_carea' id='block_1_119' title="bbox 2172 5657 3733 5713">
    <p class='ocr_par' dir='ltr' id='par_1_119' title="bbox 2172 5657 3733 5713">
     <span class='ocr_line' id='line_1_124' title="bbox 2172 5657 3733 5713; baseline -0.001 -2"><span class='ocrx_word' id='word_1_815' title='bbox 2172 5657 2318 5711; x_wconf 85' lang='lat' dir='ltr'><strong>niam</strong></span> <span class='ocrx_word' id='word_1_816' title='bbox 2369 5672 2621 5713; x_wconf 90' lang='lat' dir='ltr'><strong>reversus</strong></span> <span class='ocrx_word' id='word_1_817' title='bbox 2663 5668 2747 5712; x_wconf 88' lang='lat' dir='ltr'><strong>est</strong></span> <span class='ocrx_word' id='word_1_818' title='bbox 2786 5657 3069 5712; x_wconf 56' lang='lat' dir='ltr'><strong>{Hosium</strong></span> <span class='ocrx_word' id='word_1_819' title='bbox 3092 5666 3275 5713; x_wconf 90' lang='lat' dir='ltr'><strong>autem</strong></span> <span class='ocrx_word' id='word_1_820' title='bbox 3307 5657 3417 5710; x_wconf 89' lang='lat' dir='ltr'><strong>illic</strong></span> <span class='ocrx_word' id='word_1_821' title='bbox 3448 5671 3558 5712; x_wconf 90' lang='lat' dir='ltr'><strong>non</strong></span> <span class='ocrx_word' id='word_1_822' title='bbox 3591 5667 3733 5711; x_wconf 61' lang='lat' dir='ltr'><strong>como</strong></span> 
     </span>
    </p>
   </div>
   <div class='ocr_carea' id='block_1_120' title="bbox 2171 5727 3466 5800">
    <p class='ocr_par' dir='ltr' id='par_1_120' title="bbox 2171 5727 3466 5800">
     <span class='ocr_line' id='line_1_125' title="bbox 2171 5727 3466 5800; baseline 0 -19"><span class='ocrx_word' id='word_1_823' title='bbox 2171 5727 2417 5798; x_wconf 85' lang='lat' dir='ltr'><strong>paruisse</strong></span> <span class='ocrx_word' id='word_1_824' title='bbox 2443 5743 2606 5800; x_wconf 83' lang='lat' dir='ltr'><strong>supra</strong></span> <span class='ocrx_word' id='word_1_825' title='bbox 2630 5742 2696 5782; x_wconf 78' lang='lat' dir='ltr'><strong>ex</strong></span> <span class='ocrx_word' id='word_1_826' title='bbox 2724 5728 3019 5800; x_wconf 81' lang='lat' dir='ltr'><strong>Bcveregio</strong></span> <span class='ocrx_word' id='word_1_827' title='bbox 3051 5736 3332 5784; x_wconf 85' lang='lat' dir='ltr'><strong>ostensum</strong></span> <span class='ocrx_word' id='word_1_828' title='bbox 3364 5731 3466 5782; x_wconf 78' lang='lat' dir='ltr'><strong>cst;</strong></span> 
     </span>
    </p>
   </div>
  </div>
