4078 6210
479 330 585 391 563

1984 300 2322 361 SOCRATIS

3617 286 3727 345 σοι
3776 238 3792 256 ⁸

484 450 560 504 ris
596 440 905 501 dicebatur.
949 436 1020 495 Et
1046 440 1202 507 pater
1225 426 1447 502 quidem
1482 422 1791 499 presbyteri
1814 416 2055 493 gradum

2185 414 2562 487 Λπολινάριος.
2612 404 2712 466 Ὧν
2743 411 2771 465 6
2813 408 2914 481 μὲν
2950 404 3151 479 πατὴρ.
3196 403 3292 459 τοῦ
3333 400 3735 476 πρεσϐυτερίου

486 540 541 593 in
568 534 810 593 Ecclesia
832 526 1117 585 obtinebat
1134 565 1149 589 ,
1173 522 1320 576 ﬁlius
1341 534 1472 575 vero
1488 515 1711 573 lectoris
1727 511 2059 582 fungebatur

485 627 684 685 cilicio.
745 621 920 679 Ambo
960 616 1271 671 Graecarum
1334 606 1749 676 disciplinarum
1792 595 2057 670 magistri.

2162 507 2308 564 κατὰ
2334 508 2435 579 τὴν
2478 503 2804 577 Ἐκκλησίαν
2840 501 3082 574 ἠξιοῦτο·
3123 500 3153 553 6
3188 497 3245 551 δὲ
3285 498 3436 561 παῖς,
3485 493 3589 565 τὴν
3637 491 3735 547 τοῦ

2160 597 2507 668 ἀναγνώστου
2547 594 2701 659 τάξιν
2739 587 2906 663 εἶχεν.
2944 589 3270 661 ’Λμφότεροι
3298 588 3355 642 δὲ
3373 582 3515 657 ἦσαν
3547 583 3739 655 Ἐλλη-

488 674 1074 787 Βξζὶξῖέτᾷἷιῇηςιιίωιη
1104 702 1369 767 docebat;
1401 674 1551 753 illius
1578 691 1928 750 rhetoricam.
1956 689 2062 744 Pa-

2184 689 2328 744 mcth
2351 688 2525 757 λόγων
2553 685 2885 755 διδάσκαλος
2914 679 3323 755 γραμματικῶν
3352 679 3452 749 μὲν
3471 677 3500 731 ὁ
3521 674 3734 747 Πατὴρ,

489 820 572 867 ter
598 780 866 868 oriundus
915 799 1020 855 fuit
1063 791 1414 856 Alexandria,
1440 794 1676 857 cquue
1716 781 1900 855 Beryti
1946 780 2066 851 ι)τί-

490 915 640 958 mum
676 894 981 956 docuisset,
1014 894 1205 959 postea
1235 881 1560 938 Laodiceam
1600 876 1949 947 migraverat,
1979 881 2064 924 at-

490 1008 596 1065 que
614 989 713 1054 ibi,
741 986 904 1041 ducta
934 994 1127 1044 uxore,
1156 976 1329 1031 [ilium
1359 988 1427 1028 ex
1441 987 1506 1026 ea
1526 973 1844 1039 susceperat
1862 961 2069 1065 Apolli-

490 1055 701 1140 narem.
736 1074 993 1133 Florehat
1015 1068 1209 1125 eodem
1234 1075 1478 1135 tempore
1512 1077 1621 1117 una
1646 1075 1771 1116 cum
1797 1058 1907 1112 illis
1932 1055 2065 1126 Epi-

489 1174 725 1247 phanius
751 1165 1014 1238 sophista.
1052 1160 1153 1217 Cui
1174 1173 1297 1215 cum
1333 1162 1517 1212 essent
1543 1151 1850 1208 arctissimo
1874 1146 2068 1203 amici-

494 1239 583 1321 tia:
609 1261 829 1319 vinculo
875 1251 1175 1326 conjuncti,
1203 1244 1352 1305 omni
1389 1246 1573 1302 studio
1622 1257 1750 1299 cum
1791 1239 2066 1296 fovebant.

492 1353 812 1412 Theodotus
853 1360 986 1403 vero
1027 1342 1368 1398 Laodicenus
1407 1337 1718 1408 episcopus,
1749 1330 1959 1387 veritus
2000 1343 2071 1384 ne

494 1445 713 1501 assidua
746 1436 988 1495 hominis
1033 1428 1432 1489 consuetudine
1474 1422 1739 1496 paulatim
1784 1420 1850 1475 ad
1899 1417 2074 1490 genti-

496 1536 632 1589 lium
685 1524 1132 1599 superstitionem
1154 1509 1161 1514 ’
1186 1519 1604 1579 delaberentur,
1649 1510 1827 1568 vetuit
1877 1524 1950 1564 ne
2003 1506 2071 1563 ad

497 1626 652 1680 illum
679 1621 984 1675 ventarent.
1016 1613 1086 1670 At
1115 1611 1192 1666 illi
1217 1608 1370 1681 parvi
1396 1606 1700 1678 pendentes
1731 1602 2072 1673 episcopum,

497 1715 792 1774 amicitiam
842 1706 1133 1780 Epiphanii
1184 1708 1499 1760 constanter
1539 1698 1905 1753 retinuerunt.
1944 1695 2075 1749 Post

499 1811 617 1864 haec
655 1803 923 1874 Georgius
973 1811 1262 1854 successor
1311 1790 1603 1855 Theodoti,
1657 1787 1727 1843 ab
1777 1785 2070 1857 Epiphanii

498 1895 898 1956 consuetudine
946 1905 1045 1947 eos
1102 1888 1336 1943 avellere
1392 1888 1650 1947 conatus,
1684 1892 1810 1934 cum
1869 1877 1924 1931 id
1964 1874 2075 1931 illis

501 1986 832 2062 persuadere
871 1998 985 2038 non
1017 1977 1308 2052 potuisset,
1347 1981 1644 2041 utrumque
1688 1966 2073 2027 communione

500 2057 804 2137 inulctavit.
838 2075 898 2131 ld
943 2074 1147 2129 factum
1188 2064 1516 2139 Apollinaris
1546 2061 1692 2117 illius
1732 2057 2077 2115 contumeliae

500 2176 624 2231 loco
651 2170 826 2226 duxit.
873 2167 943 2223 Et
981 2161 1276 2234 sophistica
1320 2155 1537 2213 dicendi
1592 2152 1849 2209 facultate
1880 2150 2072 2215 fretus,

500 2279 699 2321 novam
734 2262 851 2332 ipse
882 2270 1101 2329 quoque
1136 2251 1391 2308 haeresim
1417 2245 1683 2310 condidit,
1718 2253 1841 2314 qua:
1886 2242 1954 2296 ab
1977 2255 2076 2295 au-

503 2353 675 2411 ctoris
726 2331 949 2406 nomine
1002 2342 1272 2414 appellata
1340 2338 1638 2394 etiamnum
1701 2331 1860 2404 165.
1907 2331 2073 2403 viget.

505 2444 647 2501 Sunt
700 2440 795 2512 qui
839 2438 1025 2493 dicant
1074 2434 1200 2488 illos
1229 2446 1261 2486 a
1298 2426 1532 2498 Georgio
1583 2423 1927 2488 dissensisse,
1968 2437 2079 2476 non

505 2544 617 2591 tam
641 2534 714 2589 ob
744 2544 965 2586 causam
985 2540 1155 2596 supra
1195 2525 1696 2581 commemoratam,
1735 2528 1899 2585 quam
1932 2512 2079 2584 quod

507 2627 661 2681 illum
685 2623 937 2678 viderent
978 2613 1217 2672 absurda
1248 2612 1534 2667 docentem
1564 2614 1652 2662 :et
1683 2620 1831 2660 nunc
1857 2602 2083 2674 quidem

506 2716 875 2787 profitentem,
899 2709 1099 2764 Filium
1128 2702 1275 2760 Patri
1289 2701 1524 2757 similem
1554 2712 1697 2761 esse,
1724 2694 2084 2766 quemadmo-

505 2808 638 2862 dum
719 2804 775 2857 in
836 2794 1174 2856 Seleuciensi
1226 2789 1461 2848 concilio
1514 2791 1885 2849 convenerat,
1937 2796 2087 2836 nunc

505 2911 637 2954 vero
661 2895 717 2950 in
744 2891 858 2948 Arii
898 2886 1227 2945 sententiam
1268 2880 1672 2937 deﬂectentem.
1716 2875 1867 2930 Hanc
1914 2872 2087 2944 igitur

507 2984 810 3055 speciosam
858 2990 1078 3033 causam
1126 2969 1547 3044 praetendentes,
1595 2965 1664 3019 ab
1711 2979 1779 3018 eo
1821 2963 2089 3019 discesse-

510 3082 656 3131 runt.
682 3070 790 3128 Sed
816 3083 941 3124 cum
968 3077 1130 3121 nemo
1155 3063 1279 3117 illos
1299 3065 1622 3121 sectaretur,
1655 3069 1853 3110 novam
1891 3068 2086 3123 quam-
2114 3100 2158 3159 ο

512 3166 635 3221 dam
654 3159 940 3232 religionis
971 3154 1216 3227 speciem
1239 3150 1505 3206 inducere
1529 3152 1837 3217 cmperunt.
1880 3145 1951 3200 Et
1976 3143 2086 3199 ini-

513 3257 590 3311 tio
613 3252 836 3325 quidem
867 3247 1141 3311 dicebant,
1171 3240 1449 3298 hominem
1483 3237 1688 3307 absque
1713 3235 1940 3291 animaa
1972 3233 2088 3290 Deo

514 3345 697 3405 Verbo
716 3345 1058 3411 assumptum
1075 3349 1202 3391 esse
1227 3332 1284 3387 in
1315 3329 1724 3402 dispensatione
1751 3326 2089 3384 incarnatio-

515 3438 615 3493 nis.
667 3436 865 3491 Postea
905 3444 1038 3487 vero
1089 3434 1349 3497 tanquam
1408 3421 1733 3494 paenitentia
1783 3420 1971 3487 ducti,
2023 3435 2091 3479 ac

514 3528 803 3601 pristinum
835 3522 1188 3580 emendantes
1210 3514 1815 3586 errorem,adjecerunt
1849 3512 2089 3567 animam

512 3619 733 3689 quidem
764 3622 1102 3686 assumptam
1139 3626 1282 3675 esse,
1314 3607 1408 3665 sed
1433 3620 1556 3677 quae
1586 3613 1826 3660 mentem
1851 3619 1962 3658 non
1993 3602 2091 3657 ha-

514 3712 718 3766 heret:
755 3709 931 3764 Deum
975 3711 1157 3761 autem
1178 3699 1422 3757 Verbun
1465 3694 1665 3752 mentis
1693 3695 1817 3751 loco
1862 3707 1985 3750 esse
2033 3692 2091 3747 in

517 3801 737 3854 homine
770 3804 1070 3867 assumpto.
1112 3796 1172 3850 In
1207 3794 1313 3848 hoc
1342 3791 1511 3862 igitur
1552 3788 1670 3843 solo
1720 3802 1751 3841 a
1795 3785 2095 3842 Catholicis

2165 779 2466 855 ῥητορικῶν
2487 779 2543 833 δὲ
2563 780 2592 832 6
2609 777 2743 841 υἱός.
2783 777 2840 829 Ὀ
2870 775 2969 848 μὲν
2988 770 3082 829 οὖν
3114 772 3317 845 πατὴρ,
3348 770 3738 842 Ἀλεξανδρεὺς

2164 870 2240 926 ὢν
2281 871 2344 925 τὸ
2382 870 2558 938 γένος,
2603 867 2869 940 πρότερον
2918 865 2976 919 δὲ
3019 867 3078 920 ὲν
3116 866 3183 936 τῇ
3222 861 3452 936 Βηρυτῷ
3496 861 3736 926 διδάξας,

2165 957 2284 1018 εἶτα
2313 960 2587 1034 μεταστάς
2610 963 2691 1025 εἰς
2715 957 3057 1034 Λαοδίκειαν,
3089 956 3188 1011 καὶ
3218 957 3403 1027 γήμας
3429 957 3564 1018 ἐκεῖ,
3596 954 3741 1024 ίσχει

2166 1054 2257 1109 τὸν
2295 1032 2412 1108 υἱὸν
2456 1032 3102 1123 Ἀπολινάριον.”Λμφω
3140 1047 3197 1100 δὲ
3251 1048 3403 1117 ὅμως
3441 1044 3562 1099 τότε
3615 1061 3743 1098 συν-

2165 1142 2413 1217 ήκμαζον
2454 1141 2753 1213 Ἐπιφανίῳ
2795 1139 2874 1211 τῷ
2917 1140 3168 1210 σοφιστῇ,
3211 1136 3306 1190 καὶ
3346 1136 3559 1207 γνήσιοι
3589 1134 3745 1198 ὄντες

2169 1236 2337 1307 φίλοι,
2377 1234 2734 1305 συνεκρότουν
2767 1230 2948 1285 αὐτόν.
2978 1230 3172 1293 Δείσας
3202 1228 3260 1281 δὲ
3297 1227 3551 1290 Θεόδοτος
3585 1228 3615 1280 6
3642 1228 3743 1296 τῆς

2170 1326 2489 1391 Λαοδικείας
2513 1326 2831 1390 ἐπίσκοπος,
2862 1323 2939 1395 μὴ
2958 1325 3025 1395 τῇ
3065 1323 3280 1392 συνεχεῖ
3307 1319 3533 1393 τάνδρὸς
3557 1318 3745 1390 ὁμιλίᾳ

2171 1420 2308 1493 πρὸς
2350 1418 2440 1473 τὸν
2473 1416 2845 1488 ⁴Ἑλληνισμὸν
2870 1413 3224 1477 ἀποκλίνωσι,
3257 1411 3517 1467 διεκώλυε
3552 1411 3745 1480 φοιτᾷν

2174 1509 2304 1579 παρ’
2333 1506 2581 1562 αὐτῶνιι.
2607 1508 2669 1559 Οἱ
2695 1504 2753 1558 δὲ
2787 1503 2960 1576 μικρά
2980 1502 3073 1557 τοῦ
3102 1501 3400 1557 ἐπισκόπου
3431 1500 3747 1573 φροντίσαν-

2172 1618 2285 1666 τες,
2323 1599 2423 1672 τὴν
2459 1597 2553 1653 τοῦ
2605 1597 2923 1667 Ἐπιφανίου
2965 1594 3147 1666 φιλίαν
3188 1593 3517 1666 ἠσπάζοντο.
3560 1592 3748 1646 Μετα-

2174 1692 2351 1746 ταῦτα
2392 1687 2664 1760 Γεώργιος
2683 1691 2712 1742 ό
2740 1687 2994 1743 Θεοδότου
3039 1686 3310 1757 διάδοχος,
3342 1684 3582 1749 σπεύσας
3610 1684 3748 1738 ἀπο-

2175 1783 2516 1853 καταστῆσαι
2559 1779 2774 1843 αὐτοὺς,
2814 1779 2910 1832 καὶ
2937 1778 3126 1850 μηδενὶ⁵
3149 1777 3339 1849 τρόπῳ
3367 1778 3556 1830 πεῖσαι
3587 1775 3749 1845 δυνη-

2177 1870 2313 1934 θεὶς,
2355 1871 2523 1940 ἄμφω
2562 1871 2662 1939 τῆς
2708 1867 2991 1931 κοινωνίας
3041 1866 3370 1938 ἐζημίωσεν.
3421 1865 3620 1938 ’Υόριν
3683 1881 3749 1918 τε

2175 1960 2391 2031 ἡγεῖται
2417 1959 2490 2031 (6)
2515 1959 2544 2012 6
2573 1961 2701 2024 παῖς
2741 1958 3115 2031 ’Λπολινάριος
3141 1958 3209 2013 τά
3236 1958 3526 2029 γενόμενα,
3555 1956 3651 2010 καὶ
3678 1958 3751 2027 τῇ

2174 2051 2363 2123 εὐροίᾳ
2382 2049 2477 2105 τοῦ
2501 2050 2811 2120 σοφιστικοῦ
2838 2051 2997 2120 λόγου
3035 2049 3278 2124 θαρρῶν,
3315 2050 3630 2120 καινοτομεῖ
3657 2048 3756 2102 καί

2175 2143 2339 2207 αὐτὸς
2387 2143 2618 2215 αἵρεσιν,
2649 2143 2683 2215 ἢ
2720 2142 2815 2197 νῦν
2851 2140 3194 2207 ἐπιπολάζει,
3230 2140 3471 2212 τοῦνομα
3515 2141 3608 2194 τοῦ
3661 2141 3756 2193 εὖ·

2181 2234 2365 2307 ρόντος
2404 2233 2625 2305 ἔχουσα.
2676 2233 2813 2287 Φασὶ
2854 2232 2913 2287 δέ
2959 2250 3107 2297 τινες
3159 2232 3500 2304 διενεχθῆναι
3553 2230 3758 2295 αὐτοὺς

2177 2327 2317 2399 πρὸς
2359 2325 2651 2398 Γεώργιον,
2693 2326 2755 2379 οὐ
2803 2324 3055 2380 τοσοῦτον
3099 2324 3188 2379 διὰ
3216 2325 3315 2398 τὴν
3345 2323 3758 2397 προειρημένην

2179 2416 2359 2470 αἰτίαν
2377 2432 2393 2448 ο
2415 2414 2531 2469 ἀλλ’
2551 2416 2633 2470 ὅτι
2661 2412 2847 2486 ἑώρων
2870 2415 3033 2469 αὐτὸν
3054 2415 3315 2470 ἀλλόκοτα
3338 2414 3760 2486 δογματίζοντα,

2180 2509 2276 2563 καὶ
2308 2508 2404 2562 νῦν
2445 2507 2543 2581 μὲν
2572 2509 2755 2579 ὅμοιον
2788 2506 3151 2578 ὁμολογοῦντα
3182 2506 3272 2560 τὸν
3292 2506 3420 2559 Υίδν
3447 2505 3525 2575 τῷ
3557 2505 3760 2576 Πατρὶ,

2138 2634 2149 2639 -
2182 2600 2307 2654 καθ’
2345 2599 2374 2653 6
2410 2601 2467 2652 ὲν
2512 2601 2581 2671 τῇ
2631 2597 2922 2670 Σελευκείᾳ
2974 2597 3255 2651 συνέθετο·
3294 2595 3391 2651 νῦν
3440 2594 3499 2649 δὲ
3538 2596 3618 2659 είς
3655 2595 3762 2667 τὴν

2196 2690 2251 2746 Ἀ
2263 2690 2481 2763 ρειανὴν
2506 2688 2871 2744 ἀποκλίναντα
2896 2687 3073 2753 δόξαν.
3105 2688 3306 2760 Διόπερ
3326 2687 3762 2760 εὐπροφάσιστον

2183 2782 2440 2846 λαϐόντες
2469 2781 2671 2849 αἰτίαν,
2707 2778 2986 2835 ποιοῦνται
3028 2780 3125 2852 τὴν
3156 2779 3505 2851 ἀναχώρησιν
3535 2796 3550 2812 ο
3597 2779 3672 2843 ὡς
3696 2779 3763 2833 δὲ

2185 2873 2362 2937 οὐδεὶς
2405 2872 2589 2937 αὐτοῖς
2634 2873 2911 2944 προσεῖχε,
2963 2871 3358 2943 παρεισάγουσι
3394 2871 3580 2943 σχῆμα
3620 2869 3764 2943 θρη-

2190 2966 2396 3030 σκείας.
2437 2965 2548 3020 Καὶ
2585 2966 2848 3036 πρότερον
2890 2965 2988 3035 μὲν
3035 2963 3219 3033 ἔλεγον
3250 2962 3625 3034 ἀναληφθῆναι
3664 2963 3766 3017 τὸν

2190 3055 2478 3129 ἄνθρωπον
2507 3055 2612 3110 ὑπὸ
2650 3055 2744 3109 τοῦ
2771 3054 2907 3109 Θεοῦ
2936 3054 3109 3124 Λόγου
3144 3057 3202 3109 ὲν
3238 3057 3305 3128 τῇ
3337 3054 3617 3127 οἰκονομίᾳ
3660 3054 3771 3126 τῆς

2192 3147 2657 3221 ὲνανθρωπήσεως
2693 3146 2874 3218 ψυχῆς
2913 3147 3062 3202 ἄνευ.
3105 3144 3239 3201 Εἶτα
3265 3145 3342 3211 ὡς
3375 3148 3439 3201 ἐκ
3475 3146 3773 3218 μετανοίας

2192 3238 2682 3312 ὲπιδιορθούμενοι,
2708 3238 3047 3309 προσέθεσαν
3066 3237 3245 3310 ψυχὴν
3267 3237 3365 3310 μὲν
3390 3236 3769 3309 ἀνειληφέναι·

2192 3328 2319 3387 νοῦν
2345 3329 2531 3384 δὲούκ
2567 3328 2711 3400 ἔχειν
2739 3328 2912 3400 αὐτὴν
2938 3326 2984 3394 ί,
3007 3327 3122 3382 ἀλλ’
3160 3324 3301 3384 εἶναι
3321 3327 3410 3381 τὸν
3436 3327 3567 3381 Θεὸν
3590 3327 3775 3396 Λόγον

2193 3420 2316 3478 ἀντὶ¹
2334 3420 2426 3476 νοῦ
2456 3423 2537 3486 είς
2559 3420 2652 3476 τὸν
2679 3420 3055 3492 ἀναληφθέντα
3079 3420 3382 3492 ἄνθρωπον.
3410 3420 3545 3489 Περὶ
3570 3417 3775 3473 τούτου

2197 3513 2360 3588 μόνου
2395 3513 2459 3585 δὴ
2485 3512 2562 3584 (7)
2591 3512 2812 3582 λέγουσι
2832 3511 3205 3585 διαφέρεσθαι,
3237 3513 3285 3565 οί
3316 3510 3411 3565 νῦν
3438 3508 3499 3576 ἐξ
3542 3509 3778 3566 ἐκείνων

2194 3605 2291 3677 τὴν
2319 3603 2707 3678 προσωνυμίαν
2727 3603 2966 3676 ἔχοντες·
2998 3603 3097 3676 τὴν
3126 3606 3236 3677 γὰρ
3255 3603 3459 3676 Τριάδα
3483 3602 3779 3673 όμοούσιον

2197 3689 2339 3748 εἶναι
2386 3695 2538 3765 φασί.
2586 3695 2723 3766 Περὶ
2780 3696 2879 3767 μὲν
2923 3690 3016 3751 οὖν
3070 3695 3180 3749 τῶν
3238 3694 3624 3768 ’Δπολιναρίων
3671 3695 3782 3748 καὶ

2197 3782 2355 3850 αὖθις
2383 3788 2525 3843 κατά
2551 3787 2734 3860 χώραν
2765 3786 3228 3859 μνημονεύωμεν.

516 3891 783 3947 dissidere
810 3904 870 3945 se
906 3888 1097 3943 dicunt
1118 3884 1213 3956 qui
1246 3883 1316 3938 ab
1354 3882 1574 3936 illorum
1607 3876 1830 3933 nomine
1877 3885 2146 3932 vocantur
2204 3879 2629 3950 Apollinaristaa.
2686 3878 2826 3935 Nam
2858 3879 3186 3936 Trinitatem
3245 3878 3469 3950 quidem
3526 3875 3780 3934 consub-

517 3982 827 4040 stantialem
850 3994 971 4036 esse
1002 3976 1350 4050 proﬁtentur.
1376 3973 1580 4029 Verum
1605 3969 1675 4026 de
1700 3977 1935 4040 utroque
1961 3967 2276 4041 Apollinare
2309 3972 2510 4027 iterum
2534 3971 2676 4027 intra
2697 3972 2943 4029 dicemus
2965 3987 3066 4028 suo
3095 3971 3236 4027 loco.

1111 4067 1264 4125 CAP.
1298 4066 1509 4122 XLVII.

891 4163 971 4223 De
995 4171 1161 4218 morte
1185 4163 1313 4232 imp.
1344 4157 1664 4216 Constantii.

587 4261 762 4315 Porro
787 4255 919 4312 dum
939 4251 1294 4311 Constantius
1318 4249 1616 4320 imperator
1646 4242 1951 4302 Antiochiae
1978 4256 2099 4299 mo-

2775 4064 3024 4119 ΚΕΦΑΛ.
3058 4064 3193 4117 ΜΖ’.
3352 4088 3378 4127 ο

2234 4152 2374 4243 Περὶ
2398 4153 2508 4222 τῆς
2529 4154 2951 4209 Κωνσταντῑου
2972 4154 3079 4209 τοῦ
3094 4151 3402 4220 ,βασιλέως
3426 4150 3740 4221 τελευτῆς.

2270 4240 2379 4300 Τοῦ
2415 4246 2599 4317 μέντοι
2630 4245 2894 4317 βασιλέως
2924 4244 3304 4300 Κωνσταντίου
3339 4244 3398 4297 ὲν
3469 4240 3785 4315 ’Ἀντιοχείᾳ

524 4358 754 4415 rarotur,
774 4347 1027 4404 Julianus
1037 4343 1219 4401 Caesar
1232 4342 1287 4396 in
1305 4337 1498 4396 Galliis
1521 4351 1645 4393 cum
1663 4333 1869 4407 ingenti
1891 4333 2083 4390 Barba-

2201 4336 2500 4406 διάγοντος,
2558 4337 2589 4390 ό
2636 4338 2853 4408 Καῖσαρ
2910 4334 3196 4397 Ἰουλιανὸς
3243 4335 3302 4387 ὲν
3353 4335 3473 4397 ταῖς
3520 4332 3787 4398 Γαλλίαις

523 4456 708 4496 rorum
731 4436 1083 4494 multitudine
1115 4447 1443 4505 congressus
1467 4429 1755 4486 victoriam
1782 4425 2075 4498 reportavit

2207 4428 2423 4492 πολλοῖς
2453 4425 2758 4500 Βαρὸἀροις
2797 4423 3096 4497 συμπλέκει
3129 4425 3175 4479 l.
3207 4424 3317 4477 Καὶ
3356 4422 3609 4494 νικήσας,
3644 4422 3788 4477 πᾶσι

1749 4562 1839 4617 VA
1849 4561 2027 4616 LESII
2066 4560 2616 4619 ANNOTATIONES.

598 4668 673 4751 (ρ)
707 4667 918 4751 ξΥὸριν
948 4681 1013 4719 τε
1041 4661 1286 4733 ἡγεῖται.
1313 4657 1540 4715 Rectius
1573 4655 1911 4712 scriberetur
1941 4654 2096 4727 ὓϐριν

524 4741 581 4794 δὲ
607 4739 840 4806 ἡγεῖται.

600 4809 677 4879 (7)
701 4803 842 4874 Περὶ
877 4803 1090 4858 τούτου
1135 4799 1326 4869 μόνου
1351 4795 1450 4866 δή.
1503 4794 1667 4866 Magis
1722 4793 1901 4864 placet
1952 4794 2099 4850 scri-

2203 4667 2366 4728 ptura
2395 4656 2624 4728 codicis
2660 4653 2961 4728 Allatiani,
2994 4652 3123 4725 περὶ
3150 4650 3342 4706 τούτου
3368 4644 3461 4705 οὖν
3508 4649 3668 4721 μόνον
3692 4649 3791 4703 λέ-

2200 4725 2360 4795 ¹γουσι
2387 4725 2762 4807 διαφέρεσθαι.

1989 4925 2373 4987 VARIORUM.

602 5032 630 5073 δ
659 5029 950 5086 Ais-mitius
977 5023 1192 5099 φοιτᾶν
1220 5023 1358 5094 παρ’
1381 5019 1600 5079 αὐτῶν.
1631 5019 1776 5092 Lege
1800 5018 1982 5074 αὐτόν.
2006 5019 2096 5075 W.

529 5104 747 5159 Lowm.
884 5144 892 5151 .

606 5172 621 5212 ί
655 5169 819 5239 Νοῦν
852 5167 937 5239 ,δὲ
974 5168 1090 5239 οὐκ
1120 5165 1298 5239 ⁵ἔχειν
1344 5162 1557 5239 σι’ξτῄν.
1608 5159 2005 5239 Apollinaris“:
2037 5161 2100 5239 de

530 5246 713 5297 anima
735 5238 928 5294 Christi
952 5237 1016 5291 ab
1042 5230 1279 5291 Ecclesia
1306 5233 1563 5288 catholica
1602 5230 1982 5295 dissenserunt,
2016 5230 2100 5284 di-

530 5320 723 5376 centes,
757 5309 892 5362 sicat
936 5307 1146 5376 Ariani,
1199 5305 1369 5376 Deum
1417 5302 1684 5376 Christum
1723 5316 1939 5376 carnem
1991 5300 2102 5376 sine

530 5368 721 5438 animo
747 5379 1053 5449 suscepisse.
1090 5368 1155 5429 In
1186 5375 1470 5449 quastione
1495 5373 1802 5449 testimoniis
1840 5368 2105 5449 cgangeli—

532 5453 604 5504 cis
635 5450 776 5511 victi,
806 5441 1030 5502 mentem
1065 5441 1496 5515 qua_'rationalis
1533 5451 1607 5497 est
1639 5443 1821 5515 anima
1855 5441 2102 5515 heminis,

534 5538 637 5590 non
665 5509 823 5590 fuisse
849 5519 904 5590 in
931 5509 1111 5590 anima
1148 5513 1365 5590 Christi,
1394 5513 1607 5590 sed_pro
1632 5509 2104 5590 hacuipsiqnj’er-

534 5580 736 5643 bum'in
770 5605 833 5641 ea
857 5587 1016 5658 fuisse
1035 5585 1300 5658 dixerunt.
1331 5581 1469 5651 Aug.
1491 5580 1808 5658 [ἁπαξδηῦξῇ
1950 5580 2107 5658 Ἀπο-

534 5657 774 5729 λινάριος
798 5647 1039 5729 ἔμψυχον
1090 5655 1187 5729 μὲν
1234 5647 1443 5729 ἔφησεν
1465 5647 1602 5729 εἶναι
1634 5651 1727 5729 τοῦ
1755 5651 2005 5729 Σῳτῆρος
2036 5649 2096 5702 τὸ

539 5721 717 5796 σῶμά,
749 5729 810 5781 οὐ
833 5721 1072 5799 ’μῆν’τὴν
1091 5721 1332 5795 λογικὴν
1358 5721 1646 5799 ἐσχηκέναι
1666 5721 1876 5791 «tux-Qv-
1912 5737 2099 5790 περιτ-

2204 5016 2295 5079 τὸς
2331 5016 2441 5087 γὰρ
2477 5009 2565 5087 ἦν,
2609 5014 2796 5087 wh.
2830 5014 2859 5069 ὁ
2889 5011 3034 5087 νοῦς,
3061 5011 3158 5087 ῖςξῦ
3195 5011 3333 5067 Θεοῦ
3360 5012 3521 5087 λόγῳ
3576 5011 3793 5085 παρόν·

2205 5103 2313 5148 τος.
2344 5082 2679 5141 Theodoret.
2705 5084 2901 5139 Haeret.
2936 5083 3048 5154 fab.
3074 5083 3170 5138 lib.
3204 5100 3258 5154 ν,
3300 5098 3420 5153 cap.
3449 5082 3545 5154 μ.

2262 5154 2295 5210 .i
2350 5156 2611 5221 Πολλοῖς
2651 5152 2972 5223 Βαρϐἀροίς
3014 5152 3384 5222 συμπλέκειξ
3432 5152 3684 5207 Julianus
3730 5155 3798 5208 in

2206 5229 2406 5297 campis
2440 5224 2973 5297 Argentoratensibas
3008 5223 3414 5297 apud_Gallias,
3451 5226 3798 5297 cum.paucis

2199 5290 2454 5351 militibus
2499 5290 2744 5364 inﬁnitas
2791 5296 3018 5349 hostium
3044 5290 3241 5365 capias
3293 5293 3504 5347 delevit.
3558 5290 3799 5365 Stabant

2201 5366 2376 5422 acervi
2429 5363 2686 5421 montium
2735 5365 2972 5429 similes;
3007 5363 3230 5489 c(luebat
3283 5380 3440 5417 cruor
3505 5363 3803 5435 ﬂuminum

2201 5436 2375 5489 modo.
2409 5435 2608 5489 Cantus
2654 5452 2749 5489 rex
2781 5432 2971 5488 nobilis
3050 5434 3480 5489 honodomarius.
3522 5433 3624 5489 fasi
3671 5448 3802 5485 om-

2201 5436 2375 5491 modo.
2409 5435 2608 5507 Captus
2654 5432 2973 5507 rcxgnobilis
3007 5432 3067 5489 Cl

2202 5523 2291 5560 nes
2328 5503 2645 5577 eptim'ates:
2674 5505 2913 5577 redditas
2955 5504 3104 5559 limes
3136 5503 3392 5577 Romana:
3425 5503 3802 5577 possessionis.

2201 5577 2276 5631 Ac
2317 5572 2648 5647 postmodum
2680 5574 3142 5647 cunt_Alcntanais
3174 5572 3471 5647 dimicans,
3492 5572 3809 5647 potentissi—

3064 5434 3480 5497 ionodomarius,
3508 5433 3624 5502 fasi
3671 5448 3802 5485 om-

2206 5640 2350 5700 mmit
2388 5663 2566 5700 eorum
2595 5658 2769 5713 regem
2803 5644 3189 5698 Barlomarium
3215 5644 3370 5713 cepit.
3405 5640 3501 5696 ma
3532 5660 3565 5713 τι
3604 5640 3810 5694 militi-

2209 5717 2302 5771 bus
2334 5715 2621 5772 Gallicanis
2644 5711 2908 5786 Augustus
2936 5711 3335 5786 prommtiatar.
3370 5712 3505 5767 Hinc
3529 5711 3811 5767 Cunctas-
