4078 6210
356 296 465 353 3G9

1316 305 1638 364 HISTORIA
1675 307 2234 367 ECCLESIASTICA.
2265 343 2334 354 -—
2371 315 2497 372 LIB.
2533 317 2618 371 Ill.

3505 329 3609 385 370

351 411 580 506 ὀνόματι
601 456 616 479 ,
645 415 736 468 δύο
765 415 924 487 ἔσχεν
969 420 1335 492 ὁμοπατρίους
1383 425 1646 496 ἀδελφοὺς
1665 467 1680 491 ,
1712 428 1813 481 οὐκ
1865 429 1903 481 ἐτ

2032 443 2135 484 suo
2168 433 2387 492 nomine
2420 433 2732 506 appellavit,
2770 435 2921 492 duos
2946 436 3144 494 habuit
3170 440 3373 497 fratres
3418 457 3482 499 ex
3514 459 3608 498 co-

350 501 455 572 τῆς
475 503 649 574 αὐτῆς
681 507 1006 578 γενομένους
1039 511 1244 580 μητρός
1268 529 1285 546 ο
1319 515 1620 586 Δαλμάτιος
1662 518 1831 588 ὄνομα
1853 517 1927 589 τῷ

351 590 433 644 ἐνὶ
457 631 473 657 ,
519 591 732 663 θατέρῳ
767 595 826 648 δὲ
873 597 1270 663 Κωνστάντιος.
1319 603 1430 656 Καὶ
1475 604 1775 675 Δαλμάτιος
1830 605 1930 676 μὲν

352 680 466 733 υἱὸν
496 679 657 752 ἔσχεν
677 685 966 756 ὁμώνυμον
998 688 1163 761 αὐτῷ.
1187 692 1552 764 Κωνσταντίῳ
1573 695 1630 748 δὲ
1655 695 1749 750 δύο
1775 698 1929 765 ἐγεν-

352 769 595 842 νήθησαν
627 773 751 840 υἱοὶ,
778 775 980 842 Γάλλος
1007 779 1100 834 καὶ
1146 781 1428 848 Ἰουλιανός
1464 783 1507 839 ι.
1554 785 1642 849 Ὠς
1667 781 1761 840 οὖν
1791 786 1930 856 μετὰ

349 862 450 934 τὴν
481 865 741 938 τελευτὴν
769 867 865 922 τοῦ
895 871 1110 926 κτίστου
1136 874 1234 944 τῆς
1257 877 1663 932 Κωνσταντίνου
1698 881 1926 948 πόλεως,

349 952 398 1004 οἱ
421 955 761 1044 στρατιῶται
788 957 880 1012 τὸν
913 959 1034 1014 νέον
1063 961 1271 1018 ἀνεῖλον
1321 964 1623 1037 Δαλμάτιον
1648 1007 1664 1031 ,
1697 970 1817 1023 τότε
1861 970 1926 1044 δὴ

351 1042 445 1094 καὶ
470 1038 618 1098 οὗτοι
663 1045 1158 1119 ἀπορφανισθέντες
1189 1052 1286 1107 τοῦ
1316 1056 1517 1112 οἰκείου
1545 1059 1752 1132 πατρὸς
1773 1101 1790 1127 ,
1834 1038 1926 1131 ut;

349 1133 486 1202 κροῦ
539 1135 650 1189 δεῖν
708 1137 786 1209 τῷ
850 1141 1139 1214 Δαλματίῳ
1185 1147 1682 1205 συνεκινδύνευσανε
1737 1151 1800 1204 El
1850 1152 1925 1223 μὴ

351 1224 552 1279 Γάλλον
578 1228 679 1296 μὲν
727 1229 884 1295 νόσος
919 1232 1245 1304 προσδοκίαν
1293 1236 1492 1307 ἔχουσα
1535 1240 1766 1296 θανάτου
1800 1244 1925 1312 ἐρύ-

351 1330 514 1369 σατο·
561 1317 844 1375 Ἰουλιανὺν
871 1321 930 1374 δὲ
966 1324 999 1394 ἡ
1041 1323 1257 1394 ἡλικία,
1283 1327 1545 1399 ὀκταετὴς
1572 1327 1778 1403 γὰρ-ἦν
1819 1331 1920 1398 ἔτι,

349 1404 627 1463 διέσωσεν.
664 1410 816 1464 Ἐπεὶ
844 1411 901 1466 δὲ
929 1413 962 1483 ἡ
997 1416 1118 1467 κατ’
1149 1415 1328 1472 αὐτῶν
1355 1419 1450 1472 τοῦ
1484 1420 1751 1490 βασιλέως
1775 1425 1923 1496 ὁρμὴ

348 1499 708 1568 ἐκεχαύνωτο,
753 1503 952 1566 Γάλλος
1000 1506 1098 1576 μὲν
1143 1510 1256 1573 τοῖς
1295 1510 1354 1564 ἐν
1407 1511 1583 1583 Ἰωνίᾳ
1632 1514 1774 1567 κατὰ
1825 1516 1924 1586 τὴν

350 1587 590 1657 Ἔφεσον
615 1591 806 1659 ἐφοίτα
857 1594 1230 1662 διδασκάλοις,
1261 1598 1388 1654 ἔνθα
1415 1602 1600 1666 αὐτοῖς
1645 1604 1740 1659 καὶ
1789 1606 1923 1674 κτῆ-

347 1695 430 1740 σις
462 1675 532 1750 ἦν
560 1683 626 1734 ἐκ
667 1684 949 1753 προγόνων
977 1685 1166 1758 πολλή.
1214 1690 1500 1756 Ἰουλιανὸς
1543 1693 1602 1748 δέ
1644 1693 1920 1766 αὐξηθεὶς,

2030 531 2156 586 dem
2198 536 2374 597 patre,
2406 542 2515 582 non
2555 532 2738 582 autem
2785 541 2854 582 ex
2898 530 3088 584 eadem
3131 539 3302 587 matre
3342 534 3605 604 genitos:

2029 633 2263 691 quorum
2294 618 2431 674 alter
2459 618 2785 684 Dalmatius,
2817 620 2955 675 alter
2981 621 3340 678 Constantius
3372 626 3613 680 vocaba-

2025 720 2138 767 tur.
2161 710 2228 765 Et
2257 709 2560 765 Dalmatius
2590 710 2808 781 quidem
2839 711 3006 766 illium
3047 712 3238 767 habuit
3266 713 3372 769 sibi
3403 729 3606 785 cogno-

2026 803 2251 861 minem.
2285 802 2593 858 Constantii
2641 817 2770 858 vero
2808 803 2917 858 duo
2959 803 3052 858 lilii
3101 804 3273 868 fuere,
3307 804 3500 861 Gallus
3544 815 3600 862 et

2024 889 2296 948 Julianus.
2325 891 2497 948 Porro
2528 900 2656 964 post
2683 893 2891 948 obitum
2914 893 3261 949 Censtantini
3292 894 3602 950 conditoris

2024 983 2602 1053 Constantinopoleos,
2645 984 2806 1056 168
2826 1000 2948 1038 cum
2973 982 3252 1054 juniorem
3270 984 3602 1040 Dalmatium

2025 1071 2228 1128 milites
2270 1072 2660 1142 peremissent,
2700 1073 2793 1128 isti
2815 1087 3035 1144 quoque
3061 1080 3286 1144 parente
3313 1073 3519 1135 orbati,
3545 1074 3602 1128 in

2023 1161 2166 1218 idem
2214 1177 2338 1218 cum
2383 1162 2651 1218 Dalmatio
2706 1165 3013 1235 periculum
3063 1164 3456 1234 propemodum
3514 1165 3601 1220 in-

2023 1253 2296 1310 ciderunt.
2328 1253 2435 1311 Sed
2477 1253 2692 1311 Gallum
2737 1256 2958 1327 quidem
3003 1257 3235 1314 morbus
3278 1258 3374 1327 qui
3424 1259 3600 1314 letalis

2022 1338 2346 1405 videbatur,
2381 1340 2626 1411 periculo
2665 1343 2901 1413 eripuit;
2935 1342 3215 1398 Julianum
3247 1360 3378 1400 vero
3409 1354 3599 1402 tenera

2022 1434 2176 1495 aetas,
2201 1430 2294 1485 vix
2322 1431 2470 1486 enim
2502 1439 2626 1488 octo
2651 1447 2830 1490 annos
2855 1434 3198 1505 impleverat,
3226 1438 3600 1493 conservavit.

2022 1518 2155 1576 Post
2197 1520 2314 1577 haec
2356 1535 2484 1577 cum
2527 1523 2874 1594 imperatoris
2925 1526 3144 1584 animus
3179 1528 3443 1583 adversus
3476 1529 3599 1584 illos

2021 1611 2302 1668 emollitus
2327 1612 2441 1682 jam
2471 1621 2640 1679 esset,
2673 1612 2864 1672 Gallus
2890 1615 3086 1687 Ephesi
3117 1618 3171 1672 in
3195 1618 3344 1672 lunia
3379 1619 3597 1676 schola

2023 1702 2411 1774 frequentavit,
2442 1720 2549 1777 qna
2575 1707 2631 1762 in
2675 1707 2902 1778 regione
2939 1709 3110 1764 multa
3160 1711 3296 1780 ipsis
3327 1710 3528 1780 praedia
3566 1727 3596 1765 a

342 1769 453 1823 τῶν
490 1771 560 1862 ἐν
589 1773 999 1830 Κωνσταντίνου
1044 1778 1204 1833 πόλει
1233 1783 1630 1855 παιδευτηρίων
1659 1786 1903 1856 ἠκροᾶτο.

2021 1769 2324 1862 maioribus
2367 1769 2558 1850 relicta
2596 1769 2773 1852 erantV.
2805 1795 3060 1852 Julianus
3106 1769 3238 1853 vero
3274 1769 3365 1853 ubi
3409 1798 3595 1854 adole-

344 1861 424 1923 είς
447 1861 548 1932 τὴν
587 1863 889 1937 βασιλικὴν,
928 1866 1057 1922 ἔνθα
1085 1870 1203 1923 τότε
1229 1871 1298 1925 τὰ
1339 1873 1697 1948 παιδευτήρια
1723 1873 1791 1948 ἦν
1815 1918 1830 1943 ,
1858 1878 1917 1931 ἐν

342 1951 476 2022 λιτῷ
499 1955 734 2025 σχήματι
768 1957 994 2026 προῖὼν,
1026 1960 1119 2014 καὶ
1143 1961 1248 2015 ὑπὸ
1272 1963 1573 2035 Μαρδονίου
1609 1968 1704 2022 τοῦ
1737 1967 1918 2023 εὐνού·

340 2057 444 2132 χου
497 2045 1022 2118 παιδαγωγούμενος.
1069 2050 1190 2106 Τῶν
1236 2055 1336 2124 μὲν
1371 2052 1464 2110 οὖν
1516 2061 1915 2132 γραμματικῶν

338 2129 547 2199 λόγων,
582 2132 847 2207 Νικοκλῆς
872 2147 911 2171 ⁸
958 2141 988 2195 ὁ
1033 2141 1231 2198 Λάκων
1263 2144 1373 2216 (10)
1402 2142 1471 2218 ἦν
1500 2151 1651 2221 αὐτῷ
1674 2129 1915 2214 *παιδευέ

331 2224 436 2293 τῆς
459 2239 474 2252 ·
505 2227 798 2300 ῥητορικὴν
851 2230 942 2297 δὲ,
984 2233 1135 2304 παρὰ
1172 2235 1468 2309 Ἐκηόολίῳ
1512 2239 1800 2314 κατώρθου
1834 2245 1913 2316 τῷ

337 2320 602 2388 σοφιστῇ,
641 2320 954 2394 Χριστιανῷ
981 2325 1106 2379 τότε
1151 2329 1491 2399 τυγχάνοντι.
1522 2332 1726 2387 Τούτου
1779 2336 1835 2390 δὲ
1884 2340 1913 2392 ὁ

333 2407 584 2476 βασιλεὺς
617 2412 994 2480 Κωνστάντιος
1050 2420 1382 2491 προενόησε,
1425 2424 1621 2495 μήπως
1652 2428 1911 2500 Ἕλληνος

330 2501 650 2556 διδασκάλου
679 2505 1025 2576 ἀκροώμενος
1049 2547 1064 2572 ,
1096 2510 1233 2581 πρὸς
1271 2512 1687 2584 δεισιδαιμονίαν
1723 2518 1908 2571 ἐκκλί-

329 2609 426 2645 νοι.
458 2593 785 2663 Χριστιανὸς
814 2596 924 2668 γάρ
951 2594 1020 2669 ἦν
1053 2600 1112 2666 ἐξ
1144 2600 1317 2672 ἀρχῆς
1357 2603 1662 2669 Ἰουλιανός.
1707 2606 1911 2676 Ἀκμά-

327 2683 512 2750 ζοντος
543 2686 600 2739 δὲ
625 2687 792 2742 αὑτοῦ
819 2691 946 2761 περὶ
972 2691 1097 2755 τοὺς
1122 2691 1310 2761 λόγους
1344 2704 1394 2757 ιι,
1426 2696 1582 2766 φήμη
1608 2713 1695 2760 τις
1715 2699 1797 2762 είς
1817 2698 1906 2753 τὸν

326 2774 498 2846 δῆμον
542 2778 837 2850 διέτρεχεν,
864 2780 940 2845 ὡς
983 2783 1066 2854 ετη
1101 2783 1280 2847 ίκανὸς
1300 2786 1370 2839 τὰ
1408 2786 1694 2858 Ῥωμαίων
1726 2789 1908 2860 πράγ-

328 2881 476 2933 ματα
505 2865 746 2922 διοικεῖν.
780 2870 889 2923 Καὶ
932 2870 1090 2925 τοῦτο
1138 2873 1323 2928 λοιπὸν
1361 2875 1609 2946 φανερῶς
1645 2878 1906 2948 θρυλλού-

327 2972 521 3024 μενον,
567 2961 813 3032 ταραχὴν
853 2963 1026 3016 ἐποίει
1061 2964 1141 3035 τῷ
1179 2965 1407 3035 βασιλεῖ.
1453 2968 1545 3021 Διὸ
1589 2969 1905 3040 μεθίστησιν

323 3048 487 3100 αὐτὸν
515 3050 583 3102 ἐκ
605 3051 704 3121 τῆς
729 3052 1141 3122 μεγαλοπόλεως
1170 3057 1252 3120 εἰς
1283 3057 1380 3129 τὴν
1399 3059 1786 3132 Νικομήδειαν,
1811 3079 1905 3115 κε-

324 3136 527 3203 λεύσας
555 3141 630 3211 μὴ
658 3144 846 3213 φοιτᾷν
875 3145 1026 3216 παρὰ
1048 3147 1288 3219 Λιϐανίῳ
1308 3151 1330 3179 °
1356 3149 1435 3221 τῷ
1465 3149 1622 3221 Σύρῳ
1651 3156 1900 3224 σοφιστῇ.

323 3229 458 3283 Tota
492 3231 604 3301 γὰρ
625 3234 656 3286 ὁ
677 3233 930 3298 meam;
962 3237 1067 3290 ὑπὸ
1093 3238 1202 3292 τῶν
1232 3241 1596 3309 παιδαγωγῶν
1623 3242 1722 3312 τῆς
1747 3244 1905 3298 Κων-

322 3323 608 3377 σταντίνου
656 3325 862 3390 πόλεως
893 3328 1175 3400 ἐκϐληθεὶς
1204 3372 1219 3395 ,
1248 3332 1306 3384 ἐν
1331 3334 1397 3403 τῇ
1428 3332 1766 3404 Νικομηδείᾳ
1807 3333 1906 3398 τὰς

316 3414 606 3486 διατριϐάς
631 3418 885 3473 ἐποιεῖτο.
932 3414 1098 3483 Οὗτος
1152 3421 1252 3491 μὲν
1279 3419 1372 3476 οὖν
1418 3422 1516 3495 τὴν
1549 3423 1719 3495 ὀργὴν
1761 3426 1904 3479 κατὰ

2016 1881 2222 1948 visset,
2257 1881 2736 1955 Constantinopoli
2785 1886 3105 1944 liberalibus
3154 1889 3461 1958 disciplinis
3511 1896 3593 1944 est

2017 1971 2342 2040 institutus;
2386 1974 2441 2028 in
2485 1975 2792 2041 basilicam,
2835 1977 2931 2033 ubi
2976 1985 3110 2033 tunc
3163 1979 3366 2033 schola:
3417 1991 3592 2043 erant,

2014 2063 2254 2133 simplici
2293 2064 2483 2119 habitu
2519 2066 2826 2135 procedens
2866 2082 2972 2122 una
3003 2082 3128 2122 cum
3159 2069 3457 2138 paedagogo
3491 2085 3592 2126 suo

2012 2153 2293 2210 Mardonio
2335 2156 2607 2212 eunucho.
2642 2157 2710 2211 Et
2734 2158 2788 2212 in
2818 2159 3172 2228 grammatica
3215 2159 3434 2230 quidem
3477 2176 3593 2215 ma-

2013 2243 2246 2315 gistrum
2288 2246 2480 2302 habuit
2528 2246 2806 2304 Nicoclem
2858 2249 3165 2319 Laconem;
3207 2251 3264 2306 in
3315 2253 3589 2309 rhetorica

2011 2347 2143 2388 vero
2188 2344 2527 2404 prameptore
2575 2353 2708 2393 usus
2750 2347 2835 2394 est
2884 2337 3146 2394 Ecebolio
3192 2341 3463 2410 sophista,
3493 2347 3590 2413 qui

2010 2432 2144 2478 tunc
2173 2427 2438 2494 temporis
2471 2437 2592 2482 erat
2621 2427 2993 2485 Christianus.
3028 2431 3082 2485 Id
3112 2433 3256 2487 enim
3294 2434 3588 2504 prudenter

2011 2514 2081 2570 ab
2114 2515 2445 2583 imperatore
2479 2527 2828 2587 prospectum
2871 2518 3069 2585 fuerat,
3101 2536 3170 2576 ne
3197 2522 3286 2576 ille
3315 2538 3587 2594 paganum

2008 2604 2310 2674 sophistam
2359 2607 2626 2672 audiens,
2673 2607 2739 2662 ad
2782 2609 3073 2678 gentilium
3132 2615 3586 2682 superstitionem

1988 2694 2377 2750 delaberetur.
2414 2695 2628 2767 Quippe
2657 2697 2725 2754 ab
2767 2696 2993 2753 ineunte
3031 2707 3194 2756 aetate
3232 2701 3585 2760 Christianus

2006 2792 2126 2841 erat
2164 2781 2436 2840 Julianus.
2468 2785 2642 2841 Porro
2683 2800 2808 2841 cum
2837 2788 2892 2842 in
2925 2788 3343 2845 humanioribus
3382 2791 3584 2849 litteris

2007 2891 2237 2946 magnos
2271 2875 2482 2934 iaceret
2509 2891 2859 2948 progressus,
2887 2877 3030 2932 fama
3062 2895 3158 2949 per
3179 2882 3367 2936 urbem
3397 2884 3584 2953 spargi

2005 2969 2194 3038 erepit,
2229 2969 2488 3024 idoneum
2535 2969 2690 3024 illum
2737 2985 2860 3027 esse
2903 2972 2996 3041 qui
3030 2971 3330 3028 Romanam
3363 2989 3583 3044 rempu-

2007 3059 2204 3115 blicam
2234 3063 2584 3132 gubernaret.
2615 3061 2774 3128 Quod
2801 3077 2926 3119 cum
2963 3064 3076 3134 jam
3122 3064 3286 3119 latius
3323 3080 3582 3122 sermone

2006 3151 2252 3206 omnium
2276 3152 2674 3225 divulgaretur,
2707 3155 3057 3225 imperatoris
3079 3158 3322 3211 animum
3359 3167 3580 3214 contur-

2007 3245 2175 3300 bavit.
2208 3245 2574 3311 Quamobrem
2620 3247 2773 3302 illum
2817 3249 2886 3304 ab
2918 3249 3054 3304 urbe
3101 3249 3251 3319 regia
3297 3252 3581 3305 transtulit

2005 3335 2402 3403 Nicomediam,
2429 3338 2751 3409 praecipiens
2774 3355 2843 3395 ne
2863 3340 3109 3395 scholam
3145 3341 3322 3395 adiret
3362 3340 3580 3395 Libanii

2006 3426 2269 3496 sophistae
2293 3425 2438 3497 Syri.
2467 3425 2716 3497 Namque
2747 3427 2800 3483 id
2831 3427 3091 3497 temporis
3117 3426 3380 3482 Libanius
3411 3441 3442 3479 a
3474 3442 3580 3494 pa:-

316 3506 431 3558 τῶν
459 3507 844 3576 παιδαγωγῶν,
873 3511 953 3573 εἰς
979 3509 1071 3566 τὸν
1093 3511 1215 3564 κατ’
1245 3513 1420 3567 αὐτῶν
1445 3513 1596 3584 αὐτῷ
1619 3515 1900 3586 γραφέντα

2005 3518 2229 3589 dagogis
2254 3517 2729 3585 Constantinopoli
2750 3518 3034 3588 expulsus,
3065 3517 3398 3574 Nicomediae
3424 3517 3579 3573 scho-

315 3597 478 3665 λόγον
513 3598 561 3666 (l
578 3598 626 3667 l)
655 3599 919 3653 ἐκένωσεν
944 3616 958 3630 ο
1013 3602 1294 3664 Ἰουλιανὸς
1323 3603 1369 3657 δ’
1398 3604 1666 3659 ἐκωλύετο
1705 3607 1898 3677 φοιτᾷν

2005 3609 2111 3664 lam
2148 3616 2454 3678 aperuerat.
2489 3609 2553 3664 Et
2587 3610 2673 3664 hic
2717 3610 2936 3680 quidem
2971 3610 3107 3664 iram
3165 3610 3430 3665 adversus
3473 3625 3578 3680 pae-

315 3688 449 3762 παρ⁹
498 3688 648 3760 αὐτῷ
669 3728 686 3755 ,
735 3690 867 3745 διότι
913 3692 1166 3757 Διῦάνιος
1201 3691 1400 3766 Ἕλλην
1447 3695 1546 3766 τὴν
1597 3695 1895 3768 θρησκείαν

2005 3699 2243 3770 dagogos
2281 3709 2622 3772 conceptam,
2652 3701 2858 3772 scripta
2895 3700 2954 3756 in
2983 3701 3107 3759 illos
3147 3701 3399 3757 oratione
3439 3701 3577 3758 ellu-

1475 3834 1745 3891 VALESll
1782 3836 2342 3896 ANNOTATIONES.

384 3921 503 3991 (10)
543 3923 845 3994 Νικοκλῆς
898 3929 933 3983 d
984 3927 1214 3982 Λάκων.
1282 3927 1363 3984 Ad
1414 3929 1563 3985 hunc
1609 3932 1888 3990 Nicoclem

307 3993 505 4072 plures
521 4003 741 4072 exstant
767 3995 1273 4072 Lihaniicpistolie,
1304 4001 1626 4056 nominatim
1657 4005 1888 4072 septima

309 4063 442 4136 libri
477 4066 686 4136 quarti,
728 4067 782 4120 in
820 4082 927 4136 qua
967 4063 1234 4124 Libanius
1275 4080 1503 4125 excusat
1536 4063 1884 4128 insolentiam

304 4133 607 4211 cujusdam
627 4151 708 4211 ,ει
731 4133 861 4211 urbe
896 4136 1208 4204 Antiochia,
1245 4139 1337 4209 qui
1369 4142 1522 4195 illum
1559 4143 1775 4211 probris
1801 4143 1885 4197 af-

305 4201 555 4267 feCerat;
591 4204 941 4278 aitqueinter
968 4201 1202 4278 caetera,
1222 4201 1507 4278 peccatum
1551 4201 1716 4266 unius
1747 4213 1882 4270 civis

304 4288 423 4326 non
473 4288 603 4328 esse
656 4275 1039 4330 ascribendum
1073 4275 1345 4334 universa:
1387 4281 1622 4336 civitati.
1656 4281 1790 4336 Nam
1826 4285 1882 4338 in

1996 3937 2146 4002 beat,
2184 3935 2497 3992 mirandum
2528 3953 2636 3994 non
2667 3953 2790 3995 csse
2829 3939 2876 3993 si
2909 3955 3051 3994 unus
3093 3939 3272 3993 malus
3311 3939 3451 3993 civis
3487 3953 3574 3992 re-

1997 4008 2289 4078 periatur:
2324 4024 2448 4061 cum
2494 4024 2596 4062 nec
2627 4011 2682 4062 in
2708 4018 2797 4063 tua
2831 4008 3054 4077 Sparta,
3082 4025 3204 4078 qua:
3238 4007 3572 4078 tameniLyf

1995 4091 2225 4146 curgum
2245 4076 2404 4159 habet
2433 4078 2824 4146 legislatorem,
2854 4076 3044 4134 omnes
3056 4076 3264 4149 pariter
3295 4079 3408 4132 sint
3436 4077 3565 4132 boui

1993 4161 2057 4200 ac
2077 4160 2352 4216 gencrOSI.

2064 4215 2190 4291 illi
2233 4216 2660 4291 Elg__tdsf_xat’
2682 4216 2906 4291 notior
2929 4214 3089 4280 αὐτῷ
3121 4213 3416 4291 γραφέντα

1990 4281 2121 4355 γον.
2149 4283 2274 4338 llaec
2306 4285 2520 4355 Libanii
2551 4286 2733 4340 oratio
2760 4286 3023 4355 adversus
3052 4281 3378 4354 padag’ogos
3402 4281 3566 4338 hodie

306 4343 450 4398 urbe
487 4357 613 4413 qua:
642 4352 859 4400 centum
889 4347 1295 4418 quinquaginta
1332 4350 1502 4406 millia
1545 4351 1752 4407 civium
1794 4353 1892 4407 ha-
1977 4343 2088 4410 non
2112 4361 2321 4420 exstat,
2357 4354 2504 4426 quod
2534 4355 2756 4425 quidem
2785 4354 2981 4410 sciam.

1720 4503 2108 4562 VARIORUM.

381 4586 402 4627 ι
461 4588 809 4672 ’Iopxiardc.
853 4589 1566 4672 Julianus,_cognomento
1613 4601 1662 4672 ὁ-
1690 4601 1877 4672 Παρα-

2005 4603 2051 4656 ιά
2080 4603 2394 4659 sublimiora
2416 4605 2692 4660 scandenti
2726 4604 3157 4670 conquirens,per
3183 4603 3362 4658 omnia
3383 4602 3560 4672 philo-

302 4658 626 4734 ὗάτηςβίνρ
643 4659 924 4734 Apostata,
947 4664 1091 4734 quod
1111 4658 1142 4718 a7
1161 4658 1584 4723 Christianismo
1599 4669 1664 4723 ad
1693 4658 1844 4725 etli'ni
1858 4701 1876 4711 -

301 4729 551 4818 Cispium
584 4729 754 4818 impie
785 4729 1109 4818 desciverat
1134 4775 1148 4799 ,
1199 4734 1330 4818 Juui
1369 4739 1881 4818 Constantii__lili_us

301 4798 500 4853 ordine
516 4801 741 4871 tertius
769 4815 833 4854 ex
861 4798 1142 4870 Basilina,
1168 4798 1326 4863 natth
1359 4817 1444 4863 est
1471 4823 1616 4862 anno
1643 4810 1768 4871 551,
1792 4811 1881 4864 die

301 4878 458 4944 gesta
514 4867 883 4944 Novembris,”
902 4882 960 4928 ut
1017 4867 1214 4944 legitur
1261 4877 1315 4930 in
1366 4876 1658 4933 Laterculo
1703 4867 1880 4934 Silvii.

299 4936 612 5020 Septeunis
628 4941 808 4995 adhuc
838 4936 1178 5000 Mardonium
1219 4948 1534 5020 eunuchum
1587 4961 1884 5018 praecepto-

301 5018 690 5087 rem_sortit_u.s
717 5020 840 5087 est;
876 5030 1036 5087 quem
1068 5018 1372 5087 paganismi
1413 5029 1732 5087 suspectum
1780 5021 1882 5074 im-

297 5081 500 5157 merito
531 5080 714 5157 reddit
743 5080 1026 5157 Barcinus.
1046 5080 1196 5157 (Ἀηί.
1217 5085 1372 5157 Pagi,
1395 5080 1540 5144 Guil'.
1572 5089 1736 5156 Cave,
1755 5088 1881 5144 Joh.

291 5147 416 5204 Jac.
451 5149 717 5224 μυῒιηεηζ
757 5147 1092 5224 injuliano.)

368 5230 408 5251 ε·
438 5219 768 5298 Νικοκλῆς.
792 5220 929 5298 Eum
951 5219 1115 5298 vocat
1151 5225 1416 5284 Libanius
1437 5227 1669 5298 justitia:
1701 5246 1881 5285 sacer-

289 5289 526 5369 dotema
552 5292 866 5369 eruditionis
925 5293 1112 5347 ducem
1137 5335 1152 5359 ,
1191 5300 1298 5369 qui,
1353 5299 1400 5352 si
1432 5289 1575 5369 ullus
1625 5315 1882 5369 unquam,

295 5359 608 5416 Homericae
631 5364 816 5417 utentis
844 5379 1066 5427 arcana,
1094 5375 1144 5418 et
1172 5359 1403 5421 uniuersi
1423 5368 1624 5423 addicti
1653 5359 1880 5424 Itoniero

286 5431 744 5554 choriaggverat.
773 5432 964 5489 Liban.
983 5432 1270 5506 Logatione
1304 5437 1372 5491 ad
1396 5437 1632 5506 Iuliam,
1656 5449 1788 5494 tom.
1815 5439 1878 5506 ll,

287 5516 420 5554 nae.
577 5542 590 5554 .

305 5516 420 5555 ηε.
461 5503 590 5555 157.

287 5516 806 5647 ἷΑιὲιίιὶζοντος
826 5575 894 5629 δὲ
914 5577 1102 5632 αὐτοῦ
1120 5577 1253 5646 περὶ
1277 5579 1418 5644 τοὺς
1433 5578 1673 5647 λόγους.
1700 5578 1722 5631 1
1730 5595 1879 5633 ncre-

288 5638 460 5718 dibile
495 5638 601 5718 quo
624 5638 919 5718 quantoque
939 5647 1132 5702 ardore
1152 5638 1329 5702 rerum
1349 5638 1724 5718 principalium
1747 5651 1879 5703 noti-

293 5711 431 5764 tiam
454 5711 655 5768 celsam
669 5711 950 5788 indagans,
975 5727 1022 5774 et
1051 5711 1408 5788 quasipabu'la
1426 5711 1874 5794 qua’dam’animo

1980 4673 2178 4740 sap/tia:
2227 4674 2461 4729 membra
2505 4675 2785 4744 prudenter
2811 4674 3128 4742 disputando
3167 4675 3431 4744 currebat.
3457 4674 3561 4728 Sed

1981 4753 2155 4815 tamen
2179 4761 2297 4798 cum
2324 4745 2436 4799 hwc
2462 4743 2643 4814 e/I‘ecte
2669 4746 2916 4815 pleneque
2945 4744 3233 4814 colligeret,
3264 4760 3356 4815 nec
3384 4743 3562 4796 humi-

1981 4814 2121 4868 liora
2167 4817 2424 4882 aespezit,
2463 4816 2718 4883 poeticam
2756 4814 3092 4869 mediocriter
3137 4825 3188 4868 et
3241 4814 3562 4868 rhetoricam

1981 4883 2062 4953 (ut
2091 4886 2323 4938 ostendit
2357 4886 2659 4939 orationum
2687 4886 3136 4954 epistolarumque
3165 4886 3277 4950 eius
3293 4900 3410 4937 cum
3437 4900 3563 4950 gra-

1981 4955 2140 5008 vitate
2158 4957 2383 5009 comitas
2419 4955 2746 5022 incorrupta)
2773 4964 2822 5007 et
2852 4965 3164 5008 nostrarum
3186 4964 3558 5010 externarum-

1985 5041 2082 5088 que
2105 5041 2282 5080 rerum
2312 5027 2594 5080 historiam
2637 5023 3040 5093 multiformem.
3078 5026 3256 5080 Amm.
3285 5023 3558 5080 Marcellir

1988 5111 2114 5157 nus,
2150 5096 2244 5149 lib.
2277 5112 2386 5160 xvi,
2411 5111 2531 5162 cap.
2573 5094 2628 5148 5.

2059 5173 2084 5200 ο
2113 5167 2278 5235 Παρὰ
2324 5165 2603 5235 Λιϐανίῳ,
2631 5163 2912 5235 Libanius,
2942 5164 3117 5233 patria
3156 5162 3553 5235 éntiochenns,

1985 5233 2359 5291 claruit‘anno
2387 5235 2517 5290 Chr.
2542 5233 2670 5297 560,
2699 5241 2755 5288 ct
2785 5234 2851 5288 ad
2882 5242 3125 5289 extrema
3157 5233 3449 5291 Theodosii
3482 5234 3552 5289 M.

1984 5312 2229 5377 tempora
2261 5305 2600 5377 perduravit,
2631 5305 2701 5358 ab
2723 5318 2788 5358 eo
2829 5303 2894 5377 ad
2921 5303 3172 5377 prauorio
3203 5305 3440 5377 praelecti
3472 5304 3556 5377 di-

1984 5373 2243 5445 gnitatem
2262 5373 2530 5442 evectus;
2562 5373 3060 5445 Constantinopoli,
3085 5373 3429 5445 Niconicdire,
3459 5373 3554 5426 de-

1990 5442 2156 5522 nique
2183 5446 2497 5522 antiochus
2556 5445 2884 5522 rhetoricam
2929 5442 3147 5522 docuit.
3189 5442 3452 5522 hlulladc
3493 5457 3556 5495 se

1989 5508 2153 5592 habet
2183 5517 2322 5576 libro
2351 5530 2519 5592 quem
2548 5515 2617 5571 de
2641 5515 2750 5592 vita
2784 5530 2882 5570 sua
2906 5513 3264 5592 conscripsit;
3287 5511 3377 5592 ubi
3399 5508 3466 5592 de
3495 5524 3556 5564 se

1986 5588 2260 5656 rebusque
2281 5579 2398 5642 suis
2428 5601 2603 5656 usque
2629 5585 2697 5640 ad
2747 5600 3010 5656 nauseam
3056 5579 3182 5653 agit.
3202 5580 3370 5647 (Guil.
3405 5579 3556 5636 Cave

1986 5656 2125 5714 inter
2151 5653 2449 5728 scriptorcs
2489 5653 2719 5729 gentiles
2755 5671 2881 5712 saec.
2917 5653 3016 5714 ιν.)
