4078 6210
457 329 555 392 37!

1932 332 2271 392 SOCRATIS

3609 339 3714 394 372

455 453 572 512 ιίίις
603 448 857 504 Julianus
887 461 1017 504 vero
1063 445 1266 504 idcirco
1298 446 1364 502 ad
1394 446 1682 503 Libanium
1721 445 2031 518 prohibitus

2163 453 2432 525 τύγχανεν
2477 453 2574 509 ὢν·
2608 455 2757 527 ὅμως
2789 455 2848 509 δέ
2882 455 3118 528 ἐραστής
3149 454 3225 508 ὢν
3268 451 3378 508 τῶν
3403 453 3580 523 λόγων
3617 457 3718 509 αὑ-

455 553 572 595 erat
625 540 917 604 accedere,
971 539 1118 610 quod
1172 539 1220 596 is
1267 539 1535 610 religione
1587 540 1811 610 gentilis
1865 548 2030 596 esset.

456 631 776 687 Orationum
799 619 982 686 tamen
1009 629 1156 686 illius
1186 644 1376 685 amore
1394 637 1608 700 captus,
1645 630 1786 684 clam
1814 643 1908 686 eas
1931 629 2036 685 sibi

456 738 783 796 comparans
832 722 1081 780 studiose
1136 722 1440 780 lectitabat.
1466 721 1716 793 Cumque
1755 722 1811 778 in
1850 721 2036 778 rheto-

458 816 574 870 rica
613 814 927 885 proliceret,
957 812 1176 870 advenit
1214 811 1585 869 Nicodemiam
1620 813 1889 870 Maximus
1915 813 2034 885 phi-

460 907 743 977 losophus,
779 921 886 962 non
929 905 1022 962 ille
1065 904 1383 976 Byzantius,
1431 905 1674 962 Euclidis
1719 913 1894 976 pater,
1941 905 2035 961 sed

461 999 925 1070 Ephesius,un
949 1004 1140 1068 postea
1169 1004 1430 1068 tanquam
1457 1005 1601 1053 artes
1623 997 1862 1068 magicas
1881 1013 2040 1054 exer-

458 1101 670 1149 centem
706 1092 1005 1162 imperator
1030 1089 1448 1146 Valentinianus
1474 1087 1706 1144 interfici
1726 1089 1914 1159 jussit.
1937 1088 2029 1143 Ve-

460 1199 579 1239 rum
648 1183 810 1254 169
840 1183 892 1239 id
926 1181 1020 1238 diu
1058 1190 1246 1253 postea
1283 1180 1534 1253 contigit.
1574 1181 1729 1234 'i‘uuc
1779 1180 2042 1249 temporis

461 1292 591 1332 vero
636 1276 841 1330 nullam
891 1275 1055 1329 aliam
1106 1273 1177 1329 ob
1222 1287 1486 1334 causam,
1534 1272 1630 1327 sed
1671 1272 1788 1328 sola
1829 1270 2037 1325 Juliani

462 1367 606 1421 fama
635 1365 910 1436 impulsus
941 1363 1318 1420 Nicomediam
1350 1363 1672 1419 advenerat.
1708 1362 1867 1432 Apud
1895 1363 2043 1417 hunc

461 1457 717 1514 Julianus
745 1471 872 1512 cum
909 1455 1272 1527 philosophiae
1301 1455 1620 1510 rudimenta
1651 1462 1704 1510 et
1737 1453 2030 1524 quemdam

463 1548 622 1618 quasi
655 1557 876 1618 gustum
911 1546 1284 1618 percepisset,
1321 1547 1507 1602 statim
1535 1545 1851 1616 religionem
1885 1557 2026 1613 prte-

463 1635 710 1705 ceptor'is
743 1635 953 1690 imitari
991 1635 1182 1705 coepit.
1212 1633 1316 1700 Qui
1346 1635 1513 1689 etiam
1542 1633 1846 1704 imperandi
1881 1632 2044 1703 cupi-

466 1726 694 1781 ditatem
722 1727 778 1782 in
805 1726 929 1797 ejus
960 1728 1209 1782 animum
1237 1726 1450 1796 injecit.
1471 1725 1606 1782 Cum
1635 1725 1751 1781 haec
1772 1726 1838 1780 ad
1869 1724 2042 1794 impe-

467 1818 672 1874 ratoris
711 1832 878 1874 aures
914 1818 1124 1888 perlata
1161 1824 1373 1883 essent,
1411 1816 1668 1873 Julianus
1705 1817 1851 1872 inter
1889 1830 2039 1886 spem

468 1926 534 1966 ac
563 1917 767 1966 metum
801 1912 1177 1976 constitutus,
1223 1917 1284 1965 ut
1332 1909 1702 1979 suspicionem
1743 1905 2043 1977 effugeret,

467 2001 564 2071 qui
598 2001 753 2071 prius
787 2016 950 2056 verus
981 2001 1164 2058 fuerat
1194 2000 1578 2062 Christianus,
1631 2006 1767 2053 tunc
1813 2005 2046 2066 repente

471 2091 648 2148 falsus
675 2091 924 2148 exstitit:
949 2101 1004 2148 et
1025 2092 1094 2147 ad
1122 2099 1304 2146 cutem
1329 2103 1509 2160 usque
1533 2097 1750 2151 tonsus.
1776 2085 2048 2141 monasti-

472 2197 594 2238 cam
633 2183 799 2236 vitam
836 2181 1139 2239 simulavit.
1166 2181 1232 2235 Et
1257 2181 1404 2236 clam
1433 2178 1654 2249 quidem
1683 2175 2051 2248 philosophia:

471 2287 693 2344 operam
717 2273 881 2330 dabat
901 2291 918 2342 ;
935 2274 1111 2344 palam
1136 2287 1264 2330 vero
1289 2285 1480 2328 sacros
1502 2269 1942 2326 Christianorum
1970 2269 2048 2322 le-

475 2366 638 2438 gebat
671 2365 870 2423 libros.
921 2364 1233 2432 Quinetiam
1285 2364 1342 2418 in
1379 2362 1617 2418 ecclesia
1651 2357 2052 2416 Nicomediensi

475 2459 652 2514 lector
673 2467 760 2516 est
782 2459 1133 2515 constitutus.
1163 2455 1488 2528 Hujusmodi
1514 2453 1868 2512 simulatione
1891 2466 2051 2516 usus,

475 2550 824 2621 imperatoris
846 2551 1088 2606 furorem
1111 2549 1320 2619 eﬂhgit.
1339 2547 1404 2601 Et
1419 2548 1524 2603 ista
1546 2545 1766 2616 quidem
1791 2551 1938 2599 metu
1962 2541 2056 2596 ad-

476 2641 676 2697 ductus
704 2641 835 2712 egit.
872 2639 1144 2695 Caeterum
1173 2652 1326 2710 spem
1370 2637 1554 2691 animo
1581 2641 1909 2704 conceptam
1948 2631 2055 2685 mi-

477 2733 626 2790 nime
669 2733 976 2804 abjiciens,
1024 2730 1282 2802 plurimis
1335 2729 1642 2784 amicorum
1694 2725 1880 2782 felicia
1938 2722 2060 2778 fore

477 2834 731 2895 tempora
764 2823 1015 2888 dicebat,
1049 2823 1252 2892 quibus
1288 2821 1409 2892 ipse
1439 2833 1656 2876 summa
1685 2831 1871 2873 rerum
1912 2814 2060 2885 poti-

477 2925 650 2973 retur.
687 2915 822 2970 Dum
857 2931 948 2972 res
980 2913 1188 2970 Juliani
1217 2913 1326 2968 hoc
1360 2913 1414 2967 in
1450 2919 1598 2968 statu
1628 2918 1848 2974 essent,
1886 2906 2061 2961 frater

478 3007 600 3077 ejus
630 3005 818 3063 Gallus
841 3007 937 3077 qui
961 3005 1145 3061 Caesar
1166 3003 1514 3060 renuntiatus
1540 3002 1749 3067 fuerat,
1783 3000 1839 3054 in
1865 2996 2060 3054 Orien-

2138 544 2232 598 τοῦ
2257 583 2274 609 ,
2326 543 2626 614 λεληθότως
2665 547 2917 615 συνάγων
2966 547 3166 610 αὐτοὺς
3211 546 3452 616 ήσκεῖτο.
3506 547 3718 617 Προκό-

2140 651 2365 700 πτοντος
2385 635 2441 689 δὲ
2461 635 2624 690 αὑτοῦ
2655 636 2795 692 κατὰ
2819 635 2919 708 τὴν
2965 636 3262 708 ῥητορικὴν
3282 679 3296 702 ,
3326 635 3613 706 ἐφίσταται
3650 641 3718 708 τῇ

2139 725 2476 799 Νικομηδεία
2501 727 2751 799 Μάξιμος
2785 728 2815 781 6
2861 728 3184 798 φιλόσοφος,
3220 727 3318 798 οὐχ
3362 729 3392 782 6
3424 725 3720 794 Βυζάντιος

2139 820 2168 872 6
2192 817 2479 874 Εὐκλείδου
2509 819 2691 892 πατὴρ
2715 820 2826 891 (12)
2847 858 2863 885 ,
2895 819 3008 874 ἀλλ’
3031 822 3060 873 6
3098 819 3342 889 Ἐφέσιος
3374 829 3422 882 v,
3464 819 3524 873 6v
3562 819 3721 872 ὓστε-

2145 927 2236 983 ρον
2257 911 2334 976 ὡς
2369 912 2705 982 μαγγανείας
2728 910 2986 966 ποιοῦντα
3005 913 3034 965 6
3065 909 3316 981 βασιλεὺς
3340 909 3722 966 Οὑαλεντινια-

2141 1005 2231 1068 νὸς
2264 1005 2617 1076 ἀναιρεθῆναι
2672 1005 2945 1059 ἐκέλευσε.
2987 1002 3161 1058 Τοῦτο
3207 1001 3308 1074 μὲν
3348 997 3443 1057 οὖν
3493 1001 3724 1074 ὕστερον

2143 1096 2356 1166 γέγονε.
2384 1096 2516 1150 Τότε
2542 1096 2600 1150 δὲ
2620 1135 2636 1161 ,
2665 1097 2726 1150 οὐ
2758 1095 2825 1150 δι’
2846 1094 3034 1166 ἐτερόν
3069 1111 3124 1147 τι
3157 1092 3341 1163 παρῆν
3369 1094 3450 1157 είς
3476 1093 3576 1164 τὴν
3619 1093 3723 1146 Νι-

2143 1187 2467 1258 κομήδειαν,
2499 1186 2635 1241 ἀλλὰ
2674 1183 2959 1240 Ἷουλιανοῦ
2993 1183 3150 1254 φήμη
3179 1177 3316 1253 ἦγεν
3347 1181 3532 1237 αὐτόν.
3566 1179 3726 1252 Παρὰ

2141 1277 2314 1347 τούτῳ
2342 1277 2407 1347 δὴ
2443 1277 2748 1346 φιλοσόφων
2777 1275 2952 1344 λόγων
2987 1275 3360 1345 γευσάμενος,
3399 1274 3561 1338 εὐθὺς
3601 1275 3724 1344 ἐμι-

2147 1371 2297 1439 μεῖτο
2325 1368 2420 1421 καὶ
2447 1367 2546 1440 τὴν
2576 1366 2872 1438 θρησκείαν
2899 1363 2994 1419 τοῦ
3025 1364 3341 1430 παιδευτοῦ,
3358 1364 3453 1419 τοῦ
3481 1366 3578 1419 καὶ
3604 1366 3726 1418 ἐπι-

2145 1459 2344 1530 θυμίαν
2373 1461 2474 1530 τῆς
2507 1457 2782 1529 βασιλείας
2810 1457 3170 1529 ἐμϐάλλοντος
3203 1456 3354 1526 αὐτῷ
3387 1455 3525 1525 (15).
3571 1454 3727 1509 Ἐπεὶ

2143 1552 2199 1604 δὲ
2227 1549 2399 1604 ταῦτα
2430 1551 2530 1614 τὰς
2563 1548 2734 1612 ἀκοὰς
2775 1547 2870 1602 τοῦ
2916 1549 3244 1620 κρατοῦντος
3273 1547 3561 1602 ἐλάνθανεν
3588 1545 3724 1615 (14),

2146 1643 2205 1695 ἐν
2240 1639 2390 1712 μέσῳ
2415 1639 2628 1703 ἐλπίδος
2654 1639 2748 1693 καὶ
2775 1638 2943 1709 φόϐου
2984 1637 3061 1692 ὢν
3081 1679 3098 1705 ,
3127 1637 3226 1710 τήν
3261 1637 3516 1692 ὑπόνοιαν
3558 1639 3728 1706 ἐκφυ-

2146 1734 2264 1802 γεῖν
2293 1731 2611 1804 βουλόμενος
2637 1771 2652 1796 ,
2691 1733 2720 1785 6
2747 1730 2938 1803 πρώην
2965 1731 3186 1802 γνήσιος
3216 1729 3538 1801 Χριστιανὸς
3562 1769 3577 1793 ,
3602 1727 3726 1780 τότε

2150 1826 2382 1890 πλαστὺς
2407 1825 2621 1892 ἐγένετο
2643 1841 2659 1857 ο
2709 1824 2767 1878 ἐν
2805 1823 2922 1895 χρῷ
2968 1839 3030 1876 τε
3085 1822 3414 1894 κειράμενος
3434 1862 3449 1886 ,
3484 1819 3574 1874 τὸν
3617 1818 3728 1872 τῶν

2154 1917 2402 1990 μοναχῶν
2424 1915 2744 1986 ὑπεκρίνετο
2769 1914 2902 1986 βίον.
2921 1914 3034 1968 Kal
3059 1911 3360 1985 λεληθότως
3386 1911 3484 1983 μὲν
3508 1911 3732 1981 ἠσκεῖτο

2151 2008 2220 2063 τὰ
2239 2007 2532 2078 φιλόσοφαο
2569 2009 2626 2061 ἐν
2674 2005 2730 2058 δὲ
2777 2005 2855 2074 τῷ
2883 2002 3101 2074 φανερῷ
3125 2041 3141 2068 ,
3170 2002 3239 2056 τὰ
3285 2002 3406 2073 ἱερὰ
3452 1999 3560 2052 τῶν
3593 2000 3734 2070 Χρι-

2157 2099 2388 2154 στιανῶν
2431 2097 2764 2167 ἀνεγίνωσκε
2796 2095 3126 2167 Γράμματα.
3153 2093 3262 2147 Kal.
3301 2092 3364 2164 δὴ
3395 2091 3494 2162 τῆς
3529 2092 3588 2145 ἐν
3627 2090 3731 2144 Νι-

2155 2191 2422 2264 κομηδείᾳ
2478 2189 2772 2262 ἐκκλησίας
2828 2186 3180 2258 ἀναγνώστης
3229 2185 3567 2240 καθίσταται.
3618 2183 3732 2236 Καὶ

2156 2283 2245 2338 διά
2297 2279 2394 2335 τοῦ
2437 2280 2681 2334 τοιούτου
2731 2279 3151 2350 προσχήματος,
3183 2276 3284 2347 τὴν
3325 2272 3420 2327 τοῦ
3469 2271 3733 2344 βασιλέως

2159 2373 2450 2429 ἐλάνθανεν
2501 2372 2698 2442 ὁρμήν.
2755 2369 2864 2424 Καὶ
2917 2368 3005 2423 διὰ
3062 2366 3158 2438 μὲν
3215 2365 3306 2419 τὸν
3361 2363 3526 2433 φόϐον
3561 2361 3733 2416 ταῦτα

2161 2465 2448 2536 ἔπραττεν.
2482 2462 2593 2532 Τῆς
2620 2461 2677 2514 δὲ
2700 2459 2911 2524 ἐλπίδος
2942 2459 3045 2512 οὐκ
3085 2455 3451 2526 ἀφιστάμενος
3474 2493 3490 2518 ,
3519 2452 3736 2516 πολλοῖς

2160 2555 2272 2608 τῶν
2297 2556 2587 2626 γνωρίμων
2616 2548 3012 2623 εὐδαιμονίσειν
3046 2547 3197 2618 ἔλεγε
3221 2548 3348 2610 τοὺς
3372 2547 3596 2617 καιροὺς
3620 2586 3635 2608 ,
3665 2545 3736 2615 ἢν

2163 2647 2325 2709 αὐτὸς
2361 2645 2454 2698 τὸν
2487 2643 2624 2698 ὅλων
2649 2641 2992 2713 κρατήσειεν.
3036 2640 3125 2694 Ἐν
3146 2638 3356 2702 τούτοις
3377 2637 3434 2691 δέ
3458 2635 3734 2691 καθεστώο

2163 2754 2270 2791 των
2299 2735 2408 2789 τῶν
2435 2734 2554 2788 κατ’
2584 2733 2764 2796 αὐτὸν,
2788 2730 2985 2794 Γάλλος
3017 2731 3046 2783 6
3078 2727 3303 2798 ἁδελφὸς
3329 2726 3494 2782 αὑτοῦ
3520 2727 3738 2797 Καῖσαρ

2166 2825 2528 2896 ἀναδειχθεὶς,
2555 2819 2690 2897 ἧκεν
2730 2822 2993 2893 ὀψόμενος
3039 2819 3202 2874 αὑτὸν
3245 2820 3326 2883 είς
3357 2819 3457 2890 τὴν
3493 2818 3739 2888 Νικομή-

2165 2920 2345 2982 δειαν,
2377 2918 2458 2970 ὅτι
2490 2916 2582 2970 ἐπὶ
2609 2914 2708 2986 τήν
2742 2913 2883 2986 ἑῴαν
2907 2913 3219 2984 ἐπορεύετο.
3273 2909 3425 2965 Ἐπεὶ
3456 2909 3515 2964 δὲ
3538 2909 3740 2974 Γάλλος

2172 3005 2364 3078 μικρὸν
2392 3005 2616 3076 ὕστερον
2644 3003 2881 3077 ἀνῃρέθη
2902 3044 2916 3068 ,
2947 2988 3287 3073 παραχρῆμα
3324 3000 3418 3054 καὶ
3453 2999 3740 3062 Ἰουλιανὸς

487 3094 556 3150 tis
580 3101 764 3165 partes
807 3093 1196 3165 proﬁciscens,
1246 3092 1460 3148 visendi
1499 3090 1674 3161 ipsius
1717 3102 1884 3145 causa
1911 3087 2054 3142 venit

2169 3094 2409 3159 ῦποπτος
2434 3094 2670 3164 κατέστη
2701 3091 2778 3163 τῷ
2817 3091 3026 3163 βασιλεῖ
3045 3101 3074 3141 ιι
3097 3105 3113 3120 ο
3141 3089 3221 3144 διὸ
3264 3087 3360 3142 καὶ
3389 3085 3741 3160 φρουρεῖσθαι

480 3184 879 3240 Nicomediam.
913 3183 1070 3239 Gallo
1114 3183 1280 3254 paulo
1321 3191 1448 3254 post
1489 3181 1818 3246 interfecto,
1867 3179 2057 3235 statim

481 3270 740 3327 Julianus
775 3272 828 3326 in
864 3271 1238 3341 suspicionem
1270 3271 1420 3326 venit
1453 3269 1808 3340 imperatoris
1841 3285 1856 3335 ;
1891 3274 2059 3336 atque

483 3364 694 3420 idcirco
711 3364 904 3433 jussus
929 3371 1014 3418 est
1035 3362 1322 3418 custodiri.
1347 3361 1454 3418 Sed
1483 3377 1608 3416 cum
1637 3358 1900 3416 custodes
1925 3372 2058 3414 suos

482 3455 726 3527 eﬂ’ugere
744 3455 1047 3521 valuisset,
1069 3455 1294 3512 mutatis
1319 3452 1552 3510 subinde
1575 3453 1802 3508 latebris
1822 3455 2059 3510 salutem

485 3547 593 3602 sibi
626 3547 900 3618 quaesivit.
934 3546 1180 3603 Tandem
1220 3561 1350 3602 vero
1381 3561 1519 3601 uxor
1559 3545 1908 3614 imperatoris
1951 3545 2063 3599 Eu-

487 3637 639 3694 sebia
664 3678 680 3703 ,
728 3653 854 3694 cum
894 3654 1018 3695 eum
1057 3639 1362 3696 latitantem
1406 3637 1891 3708 deprehendisset,
1938 3652 2065 3707 per-

489 3730 668 3785 suasit
699 3731 1024 3800 imperatori
1055 3741 1115 3785 ut
1141 3731 1294 3786 nullo
1328 3730 1473 3786 malo
1501 3746 1626 3786 eum
1661 3729 1934 3798 alliceret,
1969 3731 2065 3787 sed

490 3820 675 3890 potius
692 3819 931 3876 Athenas
952 3821 1032 3876 ire
1052 3821 1391 3891 permitteret
1414 3862 1428 3887 ,
1453 3820 1812 3892 philOSOphitB
1841 3835 2065 3892 operam

2169 3185 2331 3240 αὐτὸν
2377 3183 2680 3239 ἐκέλευσεν.
2715 3183 2968 3254 ’Ἰσχύσας
2997 3183 3055 3237 δὲ
3096 3183 3379 3255 διαδρᾶσαι
3417 3181 3544 3243 τοὺς
3576 3194 3744 3249 φρου-

2173 3276 2399 3348 ροῦντας
2427 3275 2590 3330 αὐτὸν
2613 3315 2628 3340 ,
2662 3276 2826 3330 τόπον
2860 3277 2924 3329 ἐκ
2968 3276 3133 3330 τόπου
3160 3273 3402 3346 ἀμείϐων
3429 3269 3740 3334 διεσώζετο.

2183 3371 2309 3440 Ὀψὲ
2345 3370 2400 3423 δέ
2438 3387 2567 3423 ποτε
2596 3372 2628 3440 ἡ
2669 3371 2764 3423 τοῦ
2817 3367 3079 3440 βασιλέως
3109 3367 3320 3438 γαμετὴ
3349 3365 3582 3419 Εὑσεϐία
3605 3379 3744 3433 κρυ-

2171 3459 2439 3528 πτόμενον
2467 3456 2770 3528 ἀνευροῦσα
2793 3495 2807 3522 ,
2853 3456 3028 3510 πείθει
3075 3456 3166 3509 τὸν
3197 3453 3419 3525 βασιλέα
3450 3453 3614 3525 μηδὲν
3644 3452 3747 3524 μὲν

2171 3547 2332 3602 αὑτὸν
2354 3547 2549 3619 δρᾶσαι
2572 3548 2760 3612 κακὸν,
2793 3547 3143 3619 συγχωρῆσαι
3172 3546 3230 3601 δὲ
3262 3547 3354 3600 ἐπὶ
3383 3545 3479 3609 τὰς
3512 3543 3749 3614 ⁹Αθήνας

2172 3638 2381 3694 ἐλθόντι
2414 3640 2742 3711 φιλοσοφεῖν.
2795 3641 3075 3696 Ἐντεῦθεν
3119 3640 3280 3694 αὑτὸν
3302 3681 3318 3707 ,
3355 3638 3432 3703 ὡς
3467 3639 3750 3707 συντόμως

2173 3731 2346 3786 εἰπεῖν
2373 3770 2388 3796 ,
2453 3733 2483 3786 6
2536 3731 2787 3803 βασιλεὺς
2853 3730 3346 3804 μεταπεμψάμενος
3372 3769 3390 3795 ,
3444 3727 3749 3795 κατέστησε

2175 3825 2470 3896 Καίσαρα·
2531 3825 2626 3879 καὶ
2687 3823 2810 3887 δοὺς
2864 3821 3014 3893 αὑτῷ
3069 3823 3303 3891 γυναῖκα
3361 3817 3462 3890 τὴν
3513 3812 3751 3884 ἀδελφὴν

1648 4001 1916 4059 VALESII
1950 4003 2502 4064 ANNOTATIONES.

565 4098 685 4171 (l2)
702 4099 823 4171 Οὐχ
850 4100 884 4153 ὁ
911 4097 1230 4171 Βυζάῖτιος
1253 4101 1286 4154 ὁ
1303 4099 1633 4155 Εὐκλείδου
1658 4102 1872 4170 πατὴρ.
1903 4100 2067 4156 Maxi-

493 4169 617 4256 rnus
648 4169 898 4256 Epirotes
925 4185 1019 4251 seu
1043 4169 1757 4256 _Byaantliusphilosophus
1787 4186 2066 4256 memora-

495 4247 638 4311 t_ura
675 4239 865 4311 Suida,
900 4239 1115 4311 qui_de’
1141 4241 1528 4296 insolubilibus
1567 4239 1967 4311 quaestionibus
2011 4250 2068 4297 et

495 4309 564 4365 de
599 4309 868 4370 numeris.
903 4309 958 4366 et
982 4309 1444 4366 Commentarium
1472 4311 1526 4365 in
1563 4309 1908 4367 Arist0telcm
1928 4313 2069 4378 scri-

498 4388 683 4448 pserat
721 4380 787 4434 ad
811 4378 1089 4434 lulianum
1121 4380 1506 4450 imperatorem
1527 4380 1853 4450 discipulum
1881 4397 2064 4436 suum.

496 4449 718 4520 Quodsi
743 4450 821 4520 ita
846 4451 1131 4520 est.rduos
1153 4448 1420 4504 Maximos
1461 4448 1823 4520 praeceptores
1859 4451 1914 4505 in
1943 4453 2063 4520 phi-

2171 4105 2264 4160 τοῦ
2297 4105 2614 4174 φιλοσοφίαν
2658 4103 2994 4176 αὑξήσαντός
3029 4118 3090 4155 τε
3128 4100 3290 4173 ἡνίκα
3338 4097 3458 4169 ἔζη,
3497 4095 3592 4150 καὶ
3620 4095 3752 4149 σϐἐ-
3811 4077 3817 4082 ’

2174 4191 2366 4246 σαντος
2383 4178 2448 4246 τῇ
2471 4176 2714 4246 τελευτῇ.

2242 4233 2361 4314 (ίὸί
2406 4233 2514 4301 ἰξάὶ
2565 4233 2885 4314 ἐπιθυμίαν
2914 4239 3025 4310 τῆς
3051 4238 3376 4314 βασιςιείας
3411 4233 3751 4314 Magor-

2170 4305 2517 4403 τρὸ-αὐτοῦς
2552 4305 2610 4370 In
2644 4305 3172 4403 Folorentin‘o'codice
3199 4309 3397 4380 legitur
3421 4305 3752 4378 ἐμϐαλόντος

2170 4385 2339 4454 αὐτῷ,
2371 4386 2520 4456 quod
2553 4385 2730 4455 magis
2758 4385 2958 4463 placet.
3170 4449 3198 4462 ω
3489 4447 3501 4464 ν

2187 4525 2193 4526 ,
2236 4453 2354 4526 (⁸4)
2381 4457 2513 4526 ,Τὰς
2566 4453 2786 4522 ἀκροὰς
2829 4469 2936 4526 του
2980 4447 3752 4526 κρατμουνι-ος..ξχιιιξ-θιιιςειν·ἷ

498 4518 748 4593 LOSOphia
809 4518 1001 4593 habuit
1053 4517 1326 4593 Juliaims,
1378 4517 2063 4593 a_lterum_'Epirotent'seu
2097 4517 2430 4580 DAdllcnda
2485 4517 2572 4581 est
2635 4517 2900 4593 particula
2956 4517 3211 4593 negativa
3243 4535 3308 4575 ex
3349 4517 3757 4593 Nicephoroet

498 4583 849 4664 gyaantium;
895 4588 1151 4664 _alterum
1204 4587 1539 4664 Ephesium.
1595 4583 1816 4664 hlax'imi
1875 4598 2058 4664 autem
2173 4593 2480 4664 Epiphanio
2541 4583 2926 4664 Scholastico,
2958 4583 3420 4664 scribendumque
3462 4583 3564 4639 οῦκ
3589 4583 3754 4637 ὲλὰνο

500 4654 722 4725 i'lphesii
767 4656 1006 4725 elogium
1039 4663 1220 4725 exstat
1252 4654 1712 4725 apudLibanium
1746 4658 1802 4711 in
1827 4661 2062 4725 epistola

498 4697 578 4776 Zi'
586 4697 1613 4794 i'iE'i'v1322562;tiééégéiaE'ﬁTaEéEJéS
1626 4697 2058 4799 ’ἐίᾶρΐλὶἔιξέὶῖὁῧ

2169 4657 2349 4720 θανέν.
2379 4664 2500 4731 Quo
2527 4665 2689 4720 modo
2713 4663 2879 4719 etiam
2916 4661 3046 4732 legit
3069 4657 3634 4729 Christophorsonus.

1911 4879 2300 4938 VARIORUM.

572 4980 602 5021 ι’
643 4971 706 5024 '0
749 4970 1041 5043 Ἐφέσιος,
1072 4970 1305 5043 Maximo
1321 4970 1736 5043 huicpEphesio,
1771 4971 1930 5042 eique
1957 4971 2066 5043 Cy-

501 5041 647 5105 nico,
665 5042 764 5096 util
787 5041 936 5112 iquet
953 5057 984 5097 e
1007 5041 1207 5097 Juliani
1227 5043 1292 5096 ad
1311 5041 1562 5112 eumdem
1577 5041 2068 5112 epistola,’summo

501 5128 564 5168 ea
584 5119 739 5182 aetate
763 5111 1106 5182 philosopho,
1124 5119 1263 5167 teste
1277 5115 1452 5167 Amm.
1471 5111 1806 5173 Mareellino,
1829 5111 2077 5182 Nicome-

503 5183 606 5236 diae
630 5181 863 5251 primum
895 5181 1112 5238 dedisse
1129 5197 1347 5251 operam
1371 5182 1670 5245 lulianum,
1700 5183 1948 5237 referunt
1971 5181 2075 5236 So-

507 5261 687 5306 crates
713 5261 765 5305 et
788 5249 1125 5307 Sozomenus
1148 5249 1331 5320 {quod
1355 5261 1534 5309 tamen
1558 5253 1612 5309 in
1638 5253 1884 5322 ionia.ﬁin
1913 5267 2074 5322 quant

507 5323 598 5394 ille
613 5322 930 5394 adolescens
947 5338 1006 5378 se
1025 5323 1349 5386 contulerat,
1363 5323 1748 5394 acuhiagebat
1774 5321 2066 5394 Maximus,

505 5393 576 5447 ab
617 5407 682 5448 eo
734 5392 938 5447 factum
1001 5401 1310 5446 memorant
1343 5391 1620 5462 _Libanius
1675 5402 1730 5447 et
1771 5393 2073 5462 Eunapius.

505 5461 877 5533 Quantihunc
918 5462 1299 5533 philosophum
1335 5459 1586 5533 Julianus
1617 5462 1825 5533 fecerit,
1858 5459 2075 5533 abunde

507 5531 780 5594 ostendit,
813 5531 1006 5586 ubiait
1035 5548 1125 5594 se,
1175 5531 1412 5600 quandiu
1463 5533 1553 5586 ille
1593 5532 1787 5602 abfuit,
1827 5531 2076 5654 uitallrui

508 5619 615 5654 non
651 5617 824 5654 nosse.
869 5603 972 5654 nisi
1014 5611 1270 5654 auatenus
1299 5601 1504 5654 litteras
1548 5604 1662 5654 eius
1705 5603 1908 5654 leaerit.
1961 5601 2074 5654 ani-

508 5617 824 5725 ιιριῖαρῗὲδε,
869 5603 972 5658 ιιὶδὶ
1014 5611 1270 5673 quatenus
1299 5601 1504 5657 litteras
1548 5601 1669 5671 ejus
1705 5603 1908 5673 legerit.
1942 5601 2074 5672 Epi-

509 5689 534 5725 s
563 5689 594 5725 ο
755 5711 770 5725 .

509 5681 647 5726 stola
684 5681 770 5725 15.

578 5751 610 5790 ς
641 5741 943 5810 “Υποπτος
992 5741 1246 5814 κατέστη
1297 5739 1373 5807 τῷ
1400 5741 1663 5805 βασιλεῖ.
1692 5741 1826 5796 Audi
1869 5746 1934 5799 de
1972 5739 2072 5795 hac

2172 4989 2233 5030 re
2255 4974 2432 5040 ipsum
2461 4971 2760 5028 lulianum.
2784 4972 3035 5026 Ἀπαντα
3051 4967 3240 5040 χρόνον
3288 4963 3476 5019 εὔνουν
3519 4959 3758 5033 ἐμαυτὸν

2177 4989 2269 5030 ret
2313 4989 2432 5029 sum
2461 4989 2760 5028 Jttuanum.
2787 4989 3240 5040 "mravraxpovov
3288 4989 3476 5019 ευνουν
3519 4989 3756 5033 ιμυιυνιυν

2177 4989 2371 5117 egeam
2393 5042 2489 5096 καὶ
2507 5042 2696 5117 πιστὸν
2727 5041 3001 5114 παρέχων.
3035 5040 3167 5117 dum
3188 5053 3281 5109 ego
3309 5044 3554 5117 perpetuo
3583 5045 3756 5084 meum

2178 5115 2262 5186 illi
2300 5110 2652 5186 (imperatori)
2703 5110 2938 5186 antorem
2970 5129 3032 5166 ac
3071 5110 3228 5186 ﬁdem
3256 5110 3760 5186 prwstitissem,_ne-

2178 5185 2287 5238 scio
2305 5174 2499 5252 quibus
2551 5174 2817 5238 ex'causis
2849 5174 3175 5252 commotum
3197 5174 3266 5232 ἐπ’
3287 5174 3552 5252 ntcjllum
3581 5174 3760 5252 unint-

2179 5246 2400 5308 adverti.
2433 5259 2501 5306 At
2527 5252 2916 5324 itla(Eusebi‘a)
2951 5269 3069 5306 cum
3096 5250 3327 5324 primum
3376 5246 3560 5324 inanes
3584 5246 3760 5324 nescio

2177 5340 2320 5396 quas
2373 5315 2698 5392 suspiciones
2761 5315 3020 5396 audisset,
3063 5315 3173 5396 sine
3209 5315 3491 5396 cujusdam
3516 5315 3759 5391 criminis

2178 5387 2408 5460 nomine,
2433 5387 2487 5447 ut
2517 5396 2580 5448 de
2617 5411 2681 5448 ea
2702 5395 2919 5462 reprim
2939 5387 3448 5462 inquireretfpetiit,
3489 5399 3581 5462 nec
3610 5387 3760 5462 prius

2182 5466 2378 5534 falsam
2396 5450 2460 5518 ἐι
2491 5465 2727 5534 iniquam
2757 5450 3080 5534 calumniam
3121 5450 3445 5534 admitteret.
3493 5452 3623 5532 [huc
3656 5450 3762 5518 ﬂa-

2180 5531 2349 5604 gitare
2400 5551 2503 5588 non
2549 5533 2774 5595 destitit,
2811 5532 2974 5586 donec
2995 5548 3076 5586 me
3105 5531 3173 5584 ad
3198 5533 3542 5604 conspectum
3571 5531 3759 5604 imper.

2181 5592 2548 5673 perduxisset,
2610 5592 2838 5674 mihique
2897 5619 2994 5671 pro
3041 5618 3121 5674 me
3174 5592 3382 5674 dicendi
3443 5592 3764 5674 {uallatam

2183 5663 2654 5744 impetras’set,etc.
2681 5663 2944 5732 Encomio
2971 5674 3030 5730 in
3062 5670 3375 5735 Eusebiam,
3407 5663 3548 5724 orat.
3579 5663 3637 5719 3.
