4078 6210
303 265 456 324 ’573

1317 261 1644 322 HISTORIA
1682 259 2250 321 ECCLESIASTICA.
2290 291 2362 302 —
2398 260 2526 317 LIB.
2569 262 2660 318 Ill.

3521 267 3621 321 575

357 385 585 454 Ἑλένην
612 425 628 452 ,
652 383 746 438 ἐπὶ
791 382 891 448 τὰς
933 382 1163 448 Γαλλίας
1197 384 1338 438 κατὰ
1364 384 1475 439 τῶν
1502 383 1804 456 Βαρϐάρων
1836 383 1941 438 ἀπ-

2044 380 2326 438 daturum.
2347 379 2550 436 Postea
2578 395 2731 448 vero,
2757 389 2817 436 ut
2850 397 2965 438 rem
2984 383 3227 440 breviter
3253 387 3621 456 complectar,

347 479 589 533 έστειλεν
617 486 667 530 ³.
703 478 767 530 0i
792 475 904 548 γάρ
921 476 987 549 δὴ
1014 476 1307 548 Βάρϐαροι,
1325 477 1417 541 οὒς
1447 479 1477 530 ό
1507 477 1759 548 βασιλεὺς
1781 477 1936 530 Κων-

349 570 601 632 στάντιος
654 569 737 632 εἰς
789 569 1108 638 συμμαχίαν
1161 569 1306 624 κατὰ
1354 570 1691 640 Μαγνεντίου
1743 569 1937 641 μικρὸν

347 660 664 732 ἔμπροσθεν
689 659 1056 732 ἐμισθώσατο,
1075 662 1158 726 εἰς
1183 662 1336 717 οὐδὲν
1357 663 1630 734 χρήσιμον
1648 662 1763 732 (15)
1797 661 1938 716 κατὰ

347 752 443 805 τοῦ
493 752 765 823 τυράννου
816 751 1099 823 γενόμενοι
1126 793 1144 819 ,
1191 754 1292 819 τὰς
1349 755 1638 827 Ῥωμαίων
1688 755 1938 826 ἐφθειρον

349 842 537 906 πόλεις
562 856 577 869 ⁸
610 843 708 896 καὶ
736 842 927 914 ἐπειδὴ
965 842 1086 908 νέος
1134 838 1205 914 ἦν
1237 843 1337 916 τὴν
1380 845 1596 916 ἠλικίαν
1618 885 1635 912 ,
1681 845 1936 900 ἐκέλευσε

352 933 522 1005 μηδὲν
558 933 724 988 αὑτὸν
774 933 1032 1005 πράττειν
1063 935 1188 1006 δίχα
1232 934 1459 1007 γνώμης
1499 936 1815 1008 ἡγουμένων
1841 937 1937 991 τοῦ

351 1025 608 1098 στρατοῦ.
649 1027 738 1090 Ὠς
781 1027 839 1081 δὲ
871 1029 1069 1086 ἐκεῖνοι
1109 1029 1208 1098 τῆς
1255 1028 1503 1095 ἐξουσίας
1530 1029 1735 1099 ταύτης
1779 1029 1940 1084 λαϐό-

351 1135 528 1189 μενοι,
561 1118 937 1190 ῥᾳθυμότερον
965 1120 1077 1174 τῶν
1099 1121 1442 1191 πραγμάτων
1461 1121 1778 1192 ἐφρόντιζον
1798 1161 1814 1186 .
1845 1123 1940 1176 καὶ

349 1210 437 1263 διὰ
485 1210 647 1264 τοῦτο
675 1210 748 1264 τὰ
795 1209 1100 1286 Βαρϐάρων
1131 1211 1567 1284 ἐπικρατέστερα
1603 1209 1704 1284 ἦνκ,
1741 1213 1771 1268 ὀ
1811 1213 1940 1266 ’1ου-

351 1299 533 1363 λιανδς
567 1299 698 1364 τοὺς
738 1299 837 1370 μὲν
869 1300 1207 1372 στρατηγοὺς
1235 1302 1319 1356 εῐα
1360 1305 1592 1374 τρυφαῖς
1634 1305 1730 1358 καὶ
1756 1302 1940 1364 πότοις

356 1392 641 1462 σχολάζειν
673 1407 688 1424 ·
755 1393 884 1456 τοὺς
959 1393 1016 1446 δὲ
1087 1393 1428 1465 στρατιώτας
1497 1394 1939 1466 προθυμοτέρους

353 1480 614 1552 ἐποίησε,
653 1480 846 1552 μισθὸν
895 1480 1199 1553 ὡρισμένον
1249 1483 1328 1555 τῷ
1378 1483 1621 1539 ἀνελόντι
1668 1485 1939 1557 βάρϐαρον

355 1572 752 1642 ὑποσχόμενος.
812 1571 986 1626 Τοῦτο
1021 1575 1293 1646 παρέσχεν
1347 1576 1523 1647 ἀρχὴν
1572 1575 1668 1630 τοῦ
1725 1577 1820 1631 καὶ
1868 1577 1938 1631 τὰ

357 1664 664 1736 Βαρϐάρων
717 1664 1072 1719 ἐλαττοῦσθαι
1097 1705 1114 1731 ,
1153 1667 1246 1720 καὶ
1301 1667 1461 1722 αὐτὸν
1493 1667 1754 1740 ἐράσμιον
1788 1669 1938 1740 παρὰ

348 1759 460 1819 τοῖς
493 1755 859 1826 στρατιώταις
887 1756 1164 1826 γενέσθαι.
1194 1759 1367 1828 Λόγος
1404 1759 1464 1812 δέ
1492 1776 1604 1824 τις,
1647 1759 1730 1814 ὅτι
1763 1761 1843 1824 sic
1878 1759 1937 1816 ἓν

349 1848 456 1902 τῶν
481 1849 777 1920 πολιχνίων
813 1849 1145 1914 εἰσελθόντος
1189 1851 1392 1918 αὐτοῦ,
1429 1851 1696 1920 στέφανος
1731 1853 1825 1922 ἀφ’
1861 1845 1937 1906 ὧν

349 1938 449 2002 τάς
481 1939 670 2002 πόλεις
715 1939 1014 2010 κοσμοῦσιν
1043 1939 1177 2011 (16),
1217 1939 1277 1992 ἐν
1318 1939 1470 2011 μέσῳ
1498 1940 1607 1994 τῶν
1647 1941 1840 1996 κιόνων
1873 1943 1938 1996 ἐκ

351 2029 637 2085 καλωδιων
665 2030 1002 2102 ὴρτημένος,
1033 2033 1100 2102 τῇ
1131 2031 1343 2104 κεφαλῇ
1376 2032 1721 2104 κατενεχθεὶς
1755 2035 1936 2106 ἥρμο-

352 2138 469 2187 σεν,
500 2121 594 2174 ἐπί
620 2137 676 2174 τε
699 2121 875 2192 τούτῳ
899 2121 1107 2185 πάντας
1142 2122 1272 2186 τοὺς
1297 2123 1572 2195 παρόντας
1593 2125 1896 2196 ἀναϐοῆσαι
1917 2144 1934 2164 ο

348 2212 754 2286 προδηλοῦσθαι
788 2212 898 2285 γὰρ
939 2213 1089 2285 αύτῷ
1118 2213 1208 2268 διὰ
1246 2213 1343 2269 τοῦ
1384 2217 1677 2289 γενομένου
1708 2220 1934 2290 σημείου

346 2306 446 2377 τὴν
468 2306 771 2376 βασιλείαν.
793 2306 1014 2360 Φασὶ.δέ
1050 2325 1194 2372 τινες
1219 2347 1234 2374 ,
1261 2307 1338 2373 ώς
1369 2311 1746 2376 Κωνστάντιος
1775 2313 1936 2370 αὑτὸν

347 2396 602 2452 διατοῦτο
650 2397 747 2452 ἐπὶ
785 2399 913 2463 τοὺς
945 2399 1265 2470 Βαρϐάρους
1295 2400 1649 2469 ἀπέστειλεν,
1686 2403 1777 2458 ἴνα
1821 2404 1940 2459 ἐκεῖ

347 2488 624 2560 διαφθαρῇ
645 2530 661 2555 ,
688 2488 1134 2560 συμπλεκόμενος
1157 2490 1365 2555 αὐτοῖς.
1393 2492 1507 2545 Ούκ
1539 2489 1657 2548 οἶδα
1684 2493 1742 2546 δὲ
1762 2533 1778 2557 ,
1809 2495 1858 2547 εἰ
1885 2497 1935 2548 οἱ

346 2581 409 2635 τὸ
429 2579 645 2635 τοιοῦτο
681 2579 934 2649 λέγοντες
955 2580 1326 2653 ἀληθεύουσιν.
1363 2582 1422 2636 '0
1443 2583 1552 2655 γὰρ
1579 2583 1677 2657 τὴν
1702 2585 1936 2657 ἀδελφὴν

348 2676 449 2746 τὴν
483 2675 619 2728 ἰδίαν
651 2674 800 2746 αὒτῷ
831 2676 1190 2746 συνοικήσας,
1216 2675 1603 2743 ἐπιϐουλεύων,
1633 2677 1786 2734 οὐδὲν
1809 2679 1937 2733 ἄλλο

349 2768 385 2839 ἢ
415 2767 538 2822 καθ’
563 2765 762 2821 ἑαυτοῦ
789 2767 890 2838 τὴν
922 2768 1214 2841 ἐπιϐουλὴν
1233 2769 1451 2841 ἔτρεπε.
1483 2769 1654 2825 Τοῦτο
1691 2771 1789 2842 μὲν
1820 2768 1936 2839 οὖν,

347 2859 429 2921 ὡς
474 2859 692 2930 ἑκάστῳ
745 2859 938 2923 δοκεῖ,
972 2859 1222 2931 κρινέτω.
1272 2861 1565 2916 Ἰουλιανού
1619 2861 1678 2915 δὲ
1721 2863 1938 2933 μεμψα-

351 2947 523 3018 μένου
573 2948 726 3020 παρά
766 2949 976 3020 βασιλεί
1001 2951 1100 3023 τὴν
1136 2950 1406 3023 ῥαθυμίαν
1434 2949 1542 3006 τῶν
1573 2951 1938 3022 στρατηγούν-

346 3053 500 3100 των,
556 3037 743 3109 ἐτερος
782 3039 1039 3110 ἐπέμφθη
1088 3037 1428 3112 στρατηγὸς,
1480 3040 1826 3112 ἡρμοσμένος
1868 3044 1935 3113 τῇ
1967 3087 2010 3146 c

349 3129 638 3202 προθυμίᾳ
692 3131 1002 3187 Ἰου).ιανοῦ.
1042 3135 1138 3188 Ὃν
1176 3134 1314 3206 ἔχων
1352 3135 1666 3207 ὑπουργὸν,
1721 3135 1941 3210 θαρρῶν

350 3223 468 3285 τοῖς
518 3220 835 3294 Βαρϐάροις
889 3225 1238 3279 συνέϐαλλεν.
1292 3227 1354 3280 ΟΞ
1400 3225 1457 3279 δὲ
1496 3227 1946 3300 διεπρεσϐεύοντο

350 3314 492 3384 πρὸς
522 3315 717 3379 αὑτὸν,
749 3315 1052 3382 δεικνύντες
1090 3318 1167 3382 ώς
1211 3318 1282 3372 τά
1327 3317 1591 3389 βασιλέως
1641 3322 1944 3392 γράμματα

349 3409 436 3470 εἰς
464 3409 567 3479 τὴν
606 3409 894 3480 Ῥωμαίων
935 3410 1118 3481 χώραν
1167 3415 1423 3483 παρεῖναι
1471 3413 1683 3468 κελεύει
1722 3415 1942 3482 αὐτοὺς,

351 3499 452 3552 καὶ
501 3500 600 3561 τὰς
643 3502 933 3567 ἐπιστολάς
969 3503 1335 3560 ἐπεδείκνυον.
1375 3507 1436 3560 '0
1461 3506 1518 3560 δὲ
1541 3506 1653 3572 τὸν,
1685 3507 1784 3579 μὲν
1811 3526 1944 3581 πρε-

351 3591 592 3662 σϐευτὴν
614 3592 902 3666 δεσμώτην
925 3595 1148 3667 ἐποίησε
1170 3614 1184 3627 ο
1217 3597 1513 3668 συμϐάλλει
1538 3598 1595 3652 δὲ
1620 3596 1699 3669 τῷ
1729 3600 1944 3671 πλήθει,

352 3684 451 3735 καὶ
481 3685 828 3756 κατακράτος
854 3689 999 3758 νικᾷ’
1023 3689 1117 3741 καὶ
1141 3689 1230 3741 τὸν
1261 3689 1485 3759 βασιλέα
1505 3690 1614 3745 τῶν
1639 3691 1944 3764 Βαρϐάρων

350 3775 704 3844 αἰχμάλωτον
738 3775 939 3841 λαϐὼν,
968 3779 1334 3851 Κωνσταντίῳ
1369 3780 1600 3851 έπεμψε.
1637 3782 1826 3836 Ταῦτα
1857 3783 1948 3836 εύ-

348 3867 600 3936 τυχήσας
625 3905 641 3929 ,
687 3867 1076 3938 ἀναγορεύεται
1108 3867 1214 3921 ὑπὸ
1257 3867 1365 3921 τῶν
1411 3869 1761 3939 στρατιωτῶν
1795 3869 1947 3940 βασις

349 3956 500 4022 λεύς.
548 3957 638 4022 Ὠς
665 3958 722 4012 δὲ
767 3959 1028 4028 στέφανος
1057 3959 1334 4031 βασιλικὸς
1383 3962 1443 4014 ού
1476 3961 1657 4033 παρῆν
1681 4002 1696 4028 ,
1730 3956 1811 4026 εἷς
1839 3963 1946 4017 τῶν

349 4044 706 4116 δορυφόρων,
737 4047 797 4101 ὃν
825 4043 938 4118 εἶχε
963 4049 1382 4121 περιτραχήλιον
1430 4050 1624 4104 ἐαυτοῦ
1681 4053 1946 4123 στρεπτὸν

2037 475 2338 544 imperator
2366 488 2494 529 eum
2539 472 2670 528 inde
2700 475 3029 529 accersitum
3050 517 3066 542 ,
3097 476 3369 531 Caesarem
3413 493 3622 532 renun-

2039 563 2180 620 tiat:
2223 570 2276 617 et
2310 577 2504 619 sorore
2545 577 2644 618 sua
2678 561 2883 617 Helena
2915 563 2991 618 illi
3024 565 3078 617 in
3105 565 3422 634 conjugium
3457 566 3584 619 data
3607 606 3620 628 ,

2038 657 2097 712 in
2130 655 2336 710 Gallias
2363 663 2557 710 contra
2588 655 2854 711 barbaros
2886 655 3077 711 mittit.
3106 654 3324 711 Etenim
3352 656 3614 719 barbari,

2039 761 2180 818 quos
2215 745 2578 802 Constantius
2620 745 2924 816 imperator
2961 746 3031 801 ad
3081 746 3352 800 auxilium
3397 747 3502 801 sibi
3551 747 3660 802 fe-’

2039 837 2274 894 tendum
2308 848 2502 894 contra
2531 837 2902 907 Magnentium
2951 839 3117 908 paulo
3161 845 3291 893 ante
3336 837 3623 893 conduxe-

2038 937 2158 994 rat,
2209 943 2334 983 cum
2386 928 2597 983 nullum
2638 928 2725 984 sui
2762 944 2924 985 usnm
2970 929 3335 999 prmbuisscnt
3383 929 3442 983 in
3481 929 3626 984 bello

2038 1019 2307 1076 adversus
2338 1029 2631 1092 tyrannum
2653 1059 2670 1084 ,
2707 1021 2877 1077 urbes
2908 1022 3122 1092 imperii
3171 1019 3406 1077 Romani
3453 1035 3625 1092 pepu-

2041 1110 2321 1166 labantur.
2354 1113 2422 1167 Et
2445 1113 2708 1184 quoniam
2735 1113 2992 1170 Julianus
3018 1123 3178 1171 aatate
3202 1116 3383 1170 adhuc
3407 1115 3627 1186 juvenis

2039 1212 2192 1268 erat,
2231 1204 2492 1275 praecepit
2518 1204 2568 1260 ei
2600 1205 2959 1262 Constantius
3020 1223 3090 1262 ne
3113 1207 3245 1278 quid
3277 1215 3467 1278 ageret
3497 1207 3627 1262 abs-

2040 1309 2148 1364 que
2175 1293 2379 1349 ducum
2421 1295 2740 1350 militarium
2776 1297 3032 1353 consilio.
3080 1297 3188 1354 Sed
3233 1314 3359 1353 cum
3393 1299 3492 1361 illi,
3524 1299 3627 1353 hac

2043 1390 2317 1452 potestate
2347 1392 2596 1454 accepta,
2632 1387 2998 1456 negligentius
3033 1402 3146 1442 rem
3179 1397 3422 1457 agerent,
3458 1393 3628 1456 atque

2043 1474 2203 1544 17o
2223 1475 2294 1529 ob
2318 1490 2438 1530 eam
2468 1490 2689 1531 causam
2718 1479 3032 1548 superiores
3054 1487 3242 1534 essent
3269 1478 3510 1543 barbari,
3531 1477 3630 1533 Ju-

2042 1565 2224 1622 lianus
2266 1565 2440 1624 duces
2482 1569 2706 1638 quidem
2758 1568 2977 1625 deliciis
3021 1580 3077 1626 et
3124 1571 3628 1641 compotationibus

2042 1658 2331 1729 indulgere
2364 1675 2564 1729 passus
2597 1671 2682 1716 est
2712 1679 2726 1716 :
2764 1661 2970 1717 milites
3006 1677 3137 1717 vero
3169 1663 3472 1719 alacriores
3505 1662 3630 1719 red.

1973 1723 2017 1783 Β
2045 1723 2231 1815 ιιίιιίι,⁷
2246 1723 2454 1806 certam
2483 1751 2794 1808 mercedem
2826 1753 3104 1824 pollicitus
3131 1756 3178 1810 ei
3208 1756 3302 1825 qui
3332 1755 3629 1811 barbarum

2046 1843 2361 1900 occidisset.
2393 1842 2535 1899 ilinc
2595 1845 2804 1900 factum
2844 1855 2929 1902 est
2967 1856 3028 1902 ut
3055 1855 3110 1902 et
3138 1848 3500 1904 barbarornm
3531 1864 3628 1904 co-

2045 1937 2148 2007 piae
2176 1939 2579 2004 minuerentur,
2607 1949 2662 1994 et
2693 1939 2813 2010 ipse
2849 1940 3115 1996 militibus
3141 1949 3294 1997 esset
3326 1941 3627 2014 acceptior.

2043 2026 2244 2084 Fertur
2268 2035 2485 2095 autem,
2519 2045 2645 2085 cum
2689 2031 2953 2102 oppidum
2993 2032 3268 2102 quoddam
3319 2032 3632 2103 ingredere-

2044 2129 2155 2184 tur,
2201 2134 2466 2176 coronam
2496 2137 2606 2193 qua
2647 2122 2902 2180 civitates
2933 2123 3122 2179 ornari
3156 2127 3370 2190 solent,
3404 2125 3459 2180 in
3492 2124 3631 2179 duas

2044 2213 2336 2268 columnas
2369 2229 2699 2285 suspensam
2734 2214 2964 2273 funibus
2985 2257 3001 2282 ,
3032 2219 3088 2272 in
3120 2225 3286 2290 caput
3311 2217 3431 2288 ejus
3460 2217 3632 2287 aptis-

2042 2306 2182 2362 sime
2214 2307 2606 2364 descendisse:
2641 2324 2819 2380 eoque
2850 2311 2971 2366 viso
3002 2322 3235 2367 cunctos
3262 2311 3356 2381 qui
3391 2311 3622 2366 aderant

2041 2399 2388 2456 exclamasse
2408 2440 2424 2466 ,
2450 2401 2608 2472 quasi
2637 2417 2703 2457 eo
2733 2402 2894 2474 signo
2919 2403 3206 2473 imperium
3240 2403 3314 2457 illi
3343 2402 3630 2474 praesigni-

2045 2491 2201 2545 licari
2224 2491 2528 2548 videretur.
2558 2491 2698 2549 Sunt
2727 2495 2824 2564 qui
2868 2494 3058 2549 dicant
3097 2495 3249 2549 illum
3279 2503 3476 2550 contra
3501 2495 3634 2550 bar-

2045 2584 2210 2640 baros
2240 2600 2307 2641 eo
2335 2585 2574 2642 consilio
2604 2587 2836 2643 missum
2867 2603 2991 2644 esse
3018 2602 3048 2642 a
3083 2587 3440 2652 Constantio,
3471 2594 3534 2641 ut
3568 2587 3636 2641 il-

2045 2676 2119 2731 lic
2165 2691 2289 2733 eum
2336 2677 2594 2734 barbaris
2635 2679 2913 2736 dimicans
2960 2679 3232 2734 interiret.
3290 2677 3398 2734 Sed
3446 2686 3633 2733 utrum

2045 2783 2173 2824 vera
2204 2769 2394 2824 dicant
2423 2771 2520 2840 qui
2551 2771 2604 2826 id
2636 2782 2931 2835 asserunt.
2965 2770 3221 2842 equidem
3257 2770 3463 2825 nescio.
3495 2767 3632 2823 Nam

2045 2877 2238 2919 sorore
2263 2863 2484 2935 propria
2519 2863 2596 2917 illi
2636 2863 2692 2918 in
2723 2863 3136 2918 matrimonium
3169 2863 3296 2917 data
3318 2901 3332 2926 ,
3365 2863 3411 2918 si
3443 2869 3634 2933 postea

2048 2954 2280 3011 insidias
2311 2953 2360 3010 ei
2393 2954 2724 3021 struxisset,
2773 2969 3003 3025 prorsus
3029 2961 3225 3010 contra
3263 2955 3505 3025 seipsum
3539 2969 3635 3010 eas

2047 3051 2272 3106 molitus
2304 3058 2474 3107 esset.
2506 3047 2712 3105 Verum
2743 3049 2846 3105 hac
2882 3048 2951 3104 de
2991 3063 3051 3104 re
3091 3049 3294 3119 singuli
3337 3063 3441 3120 pro
3481 3049 3632 3102 arbi-

2044 3143 2155 3198 trio
2215 3158 2318 3199 suo
2353 3141 2628 3213 judicent.
2673 3140 2846 3196 Porro
2887 3157 3013 3196 eum
3053 3139 3310 3197 Julianus
3351 3142 3418 3197 de
3459 3141 3636 3212 negli-

2046 3235 2230 3304 gentia
2270 3246 2334 3288 ac
2366 3232 2628 3288 socordia
2658 3231 2862 3287 ducum
2896 3232 3038 3302 apud
3076 3232 3464 3303 imperatorem
3501 3247 3638 3304 que~

2046 3335 2169 3381 stus
2213 3331 2396 3391 esset,
2445 3325 2590 3379 alius
2637 3325 2848 3381 missus
2897 3332 2984 3382 est
3033 3326 3298 3396 magister
3354 3327 3633 3394 militum,

2045 3417 2322 3472 alacritati
2375 3415 2582 3472 Juliani
2628 3417 2851 3489 egregie
2906 3418 3274 3488 respondens.
3332 3417 3491 3473 Hunc
3541 3418 3636 3474 ille

2047 3506 2438 3561 administrum
2471 3515 2709 3570 nactus,
2748 3506 2939 3561 tidenti
2981 3508 3171 3563 animo
3211 3523 3336 3562 cum
3379 3509 3637 3564 barbaris

2049 3612 2384 3666 congressus
2410 3606 2518 3652 est.
2557 3597 2640 3651 llli
2676 3613 2809 3652 vero
2841 3598 3217 3670 legatione-ad
3251 3615 3374 3654 eum
3418 3599 3582 3654 missa
3609 3641 3625 3665 ,

2048 3689 2362 3744 docuerunt
2401 3689 2758 3759 imperatoris
2793 3706 2852 3745 sc
2893 3691 3090 3746 litteris
3121 3699 3382 3747 evocatos
3421 3692 3638 3748 venisse

2049 3779 2105 3834 in
2132 3779 2410 3851 regionem
2438 3779 2836 3835 Romanorum.
2875 3778 3050 3834 Simul
3080 3781 3244 3836 etiam
3278 3781 3631 3851 imperatoris

2048 3873 2269 3930 litteras
2299 3873 2694 3930 ostendebant.
2737 3875 2806 3928 At
2842 3873 3098 3931 Julianus
3131 3875 3373 3946 legatum
3408 3874 3632 3946 quidem

2056 3965 2301 4034 conjecit
2351 3966 2406 4021 in
2462 3966 2726 4022 vincula:
2783 3975 3042 4023 conserto
3094 3975 3277 4023 autem
3325 3983 3450 4022 cum
3501 3966 3639 4036 ipsis

2053 4058 2284 4128 proelio,
2332 4057 2697 4115 barbarorum
2735 4059 2925 4131 copias
2973 4058 3223 4115 funditus
3267 4058 3509 4124 delevit,
3547 4072 3640 4112 ca-

1525 4203 1797 4263 VALESII
1839 4207 1932 4262 AN
1939 4209 2288 4270 NOTATION
2300 4211 2407 4268 ES.

425 4293 540 4382 (ἒξ)
564 4295 886 4382 ἓιςίυύξεέτ
928 4297 1251 4382 mercem
1285 4295 1450 4382 ,ἔλεξερ
1482 4301 1767 4381 χρήσιμει·
1799 4299 1941 4382 0"!)-

2056 4314 2111 4360 et
2136 4306 2433 4375 provincia:
2463 4305 2678 4375 imperii
2710 4306 2943 4382 Romani
2983 4306 3087 4382 hoc
3108 4303 3474 4382 babitupingi
3503 4319 3639 4360 con-

354 4365 524 4438 modo
548 4366 716 4438 etiam
775 4366 978 4438 legisse
1030 4365 1250 4423 videtur
1281 4365 1760 4438 Epibhaiiirisfsic
1793 4365 1944 4426 enim

355 4435 557 4509 vertit:
593 4435 730 4509 Cum
765 4437 900 4490 nihil
927 4439 1250 4509 profujssent
1283 4435 1468 4494 contra
1495 4435 1801 4509 tyrannum.

427 4506 548 4580 (ιϐ)
577 4505 886 4580 Στέφανος
910 4503 1036 4580 dp"
1060 4503 1147 4580 ὧν
1173 4511 1282 4575 τὰς
1331 4503 1545 4576 πόλειξι
1585 4511 1943 4579 κοσμοῦσιν.

353 4573 707 4644 Epiphanius
765 4573 1149 4636 Scliolastie’us
1197 4573 1448 4634 coronam
1505 4573 1948 4637 laureaminter-

353 4656 634 4714 pretatur,
671 4648 873 4718 quibus
903 4650 1158 4706 civitates
1186 4651 1449 4706 exornari
1485 4653 1758 4708 solebant.
1803 4651 1949 4708 Sane

2057 4386 2374 4438 sueverant,
2403 4390 2640 4431 coronas
2660 4377 2926 4443 quasdam
2947 4378 3177 4446 turritas
3204 4376 3384 4444 capite
3413 4382 3635 4446 gestan-

2055 4453 2165 4530 tes,
2191 4456 2248 4530 ut
2271 4446 2452 4501 videre
2464 4455 2558 4528 .est
2581 4446 2635 4501 in
2662 4446 2876 4530 lflotitia.
2911 4447 3134 4530 imperii.
3156 4444 3637 4530 RomaniJSuspi:

2054 4515 2168 4587 cari
2189 4523 2370 4570 tamen
2385 4517 2510 4586 quis
2528 4519 2723 4586 possit,
2746 4517 2849 4573 hoc
2865 4515 3360 4587 loeo’scribendum
3377 4531 3520 4585 esse,
3542 4515 3637 4587 ἀφ’

2055 4579 2131 4640 ὧν
2165 4588 2221 4643 αἱ
2253 4579 2435 4651 πόλεις
2460 4579 2585 4652 τοῦς
2617 4579 2873 4658 βασιλέας
2897 4586 3186 4660 κοσμοῦσι.

1776 4787 2166 4847 νΑιιιοιιωί.

429 4891 452 4920 π
489 4881 627 4936 Ἐπὶ
667 4880 773 4948 τὰς
799 4883 1070 4949 Γαλλίας
1093 4882 1474 4938 ἀπέστειλεν.
1501 4883 1640 4939 Cum
1672 4883 1946 4940 Constan-

351 4952 493 5026 tium
526 4952 884 5026 exagitarent
913 4953 1124 5026 gssidui
1148 4954 1327 5026 nuntii
1348 4953 1660 5026 deploratas
1682 4954 1794 5026 jam
1819 4954 1946 5010 Gal-

352 5023 464 5095 liasﬁ
525 5019 856 5095 indicantes,
910 5020 1294 5095 Julianumin
1359 5019 1572 5095 imperii
1615 5019 1940 5082 societatem

348 5094 616 5166 ascitum,
647 5101 700 5166 et
732 5093 1188 5166 llelenaesororis
1209 5094 1379 5166 jugali
1405 5093 1608 5166 {uadere
1641 5095 1745 5151 sibi
1768 5109 1942 5166 copu-

349 5164 556 5226 latum,
589 5162 757 5232 hujus
782 5164 908 5219 belli
939 5165 1136 5221 ducem
1161 5162 1514 5222 renuntiavit.
1532 5164 1808 5230 Julianus,
1831 5162 1944 5221 non

347 5234 584 5306 ignarus
614 5235 840 5303 quantis
893 5235 1152 5305 periculis
1186 5235 1540 5306 objiceretur,
1586 5253 1695 5292 non
1733 5245 1845 5290 tam
1879 5251 1944 5292 se

346 5305 418 5376 ad
449 5305 718 5360 honorem
740 5321 905 5376 quam
934 5306 999 5360 ad
1020 5305 1528 5362 mortem’vocatum
1549 5307 1940 5362 arbitrabatur.

351 5375 424 5428 Et
466 5387 636 5440 certe,
690 5375 870 5444 inquit
899 5377 1080 5430 Amm.
1121 5376 1494 5440 Marcellinus,
1551 5378 1686 5432 illud
1731 5392 1944 5432 rumore

350 5456 503 5518 tenus
524 5446 717 5513 ubique
740 5446 1066 5518 iactabatur,
1091 5449 1228 5518 quod
1247 5447 1503 5503 Julianus
1540 5465 1644 5518 non
1674 5446 1942 5502 levaturus

349 5516 717 5588 incommoda
752 5515 1058 5572 Galliarum
1103 5515 1300 5574 electus
1339 5528 1495 5583 esset,
1529 5517 1620 5574 sed
1659 5526 1717 5571 ut
1766 5528 1942 5588 posset

347 5601 442 5654 per
470 5589 612 5642 bella
632 5587 801 5641 deleri
833 5589 1149 5652 swvissinta,
1185 5588 1334 5644 rudis
1362 5592 1522 5645 etiam
1555 5600 1688 5653 tum,
1720 5600 1776 5643 ut
1793 5592 1941 5644 msti-

351 5659 629 5722 mabatur,
653 5674 717 5712 ac
741 5675 803 5713 ne
833 5659 1064 5712 sonitum
1094 5661 1304 5729 quidem
1327 5661 1621 5716 duraturus
1645 5675 1938 5716 armorum.

351 5732 422 5782 At
445 5731 596 5786 rudis
651 5731 758 5786 istc
809 5731 1153 5800 adolescens,
1190 5741 1243 5790 ct
1298 5733 1355 5788 in
1388 5732 1693 5790 Academiae
1728 5731 1940 5798 umbra,

2053 4901 2162 4939 non
2187 4883 2253 4956 in,
2277 4883 2393 4940 sole
2411 4899 2476 4940 ac
2505 4885 2729 4956 pulvere
2757 4884 2979 4941 militari
3008 4885 3298 4954 educatus,
3333 4887 3468 4940 mira
3493 4889 3638 4944 cele-

2053 4957 2216 5027 ritate
2246 4955 2515 5012 barbaros
2537 4956 2711 5011 Gallia
2734 4957 2963 5026 expulit.
2988 4965 3195 5027 septem
3220 4957 3392 5012 totius
3415 4958 3638 5014 Germa-

2051 5026 2156 5091 nia!
2178 5027 2596 5100 potentissimos
2619 5042 2776 5098 reges
2814 5042 2929 5100 uno
2973 5026 3179 5100 ingenti
3209 5027 3638 5100 diﬂicillimoque

2052 5099 2246 5168 proelio
2300 5097 2368 5168 ad
2417 5098 2846 5168 Argentoratum
2899 5097 3124 5168 dcvieit,
3169 5099 3506 5168 omninoque
3548 5097 3638 5152 res

2051 5167 2239 5223 Galliae
2257 5167 2468 5223 accisas
2493 5166 2659 5237 atque
2685 5166 2916 5223 amictas
2941 5167 2996 5222 in
3022 5168 3296 5238 integrum
3321 5166 3524 5224 statum
3554 5184 3638 5224 re-

2051 5238 2253 5310 stituit,
2279 5238 2641 5310 quodnomne‘s
2669 5252 2785 5310 uno
2801 5252 2916 5310 ore
2933 5239 3234 5310 scriptores
3269 5238 3419 5294 illius
3439 5239 3637 5310 aetatis

2049 5306 2368 5380 pradicant.
2407 5307 2540 5363 Vide
2571 5306 2872 5380 Mareellin.
2906 5308 3002 5380 lib.
3025 5306 3117 5373 x'v,
3139 5319 3194 5366 et
3216 5309 3405 5380 ipsum
3430 5307 3632 5380 Jnlian.

2049 5377 2120 5434 ad
2151 5379 2514 5456 Atlgem'enses.
2564 5381 2695 5433 Ant.
2726 5378 2854 5456 Pagi
2888 5378 2956 5433 ad
2980 5394 3111 5434 ann.
3135 5377 3263 5445 555,
3283 5397 3338 5433 n.
3371 5379 3426 5441 Δ,

2049 5466 2176 5516 nus,
2236 5449 2435 5526 inquit,
2483 5449 2598 5526 hoc
2631 5465 2777 5526 anno
2809 5446 3001 5526 Caesar
3053 5458 3294 5513 creatus,
3337 5456 3422 5526 et"
3445 5446 3638 5526 Galliis

2050 5515 2416 5605 praepositus;
2452 5521 2600 5605 quod
2642 5519 2891 5605 iii-Italia
2941 5519 3172 5605 factum,
3199 5527 3344 5605 teste
3362 5515 3634 5605 Eosiino,

2053 5587 2211 5649 initio
2239 5593 2364 5647 libri
2389 5587 2486 5657 In,
2505 5599 2560 5648 et
2589 5592 2812 5662 quidem
2840 5588 3150 5651 Mediolani,
3175 5598 3235 5643 ut
3252 5587 3634 5656 Hieronymus

2051 5667 2104 5720 in
2136 5663 2408 5720 Chronico
2440 5664 2654 5722 scribit.
