4070 6204
439 222 546 276 375

1916 221 2254 279 SOCRATIS
2334 254 2346 264 ο

3565 217 3672 274 376

443 347 710 407 piumque
739 351 931 394 eorum
970 353 1158 409 regem
1189 339 1342 396 misit
1369 339 1436 394 ad
1466 339 1871 396 Constantium.
1905 336 2000 391 His

2121 337 2320 402 \a6t‘ov,
2370 340 2439 410 τῇ
2490 338 2700 410 κεφαλῇ
2756 336 3040 392 ’ῐουλιανοῦ
3088 332 3443 408 περιτέθεικε.
3475 332 3676 388 Τοῦτον

445 429 611 484 rebus
654 443 914 500 prospere
960 429 1168 501 gestis,
1214 430 1496 502 Augustus
1537 446 1566 484 a
1605 429 1875 486 militibus
1915 443 2009 497 ap-

443 522 700 591 pellatur.
753 522 891 576 Cnm
942 529 1122 577 autem
1173 522 1478 592 imperialis
1514 522 1733 577 deesset
1766 534 2008 584 corona,

445 625 589 666 unus
616 625 684 667 ex
716 611 1079 681 stipatoribus
1103 616 1352 680 torquem
1381 625 1542 680 quem
1567 610 1717 664 collo
1744 609 1997 681 gestabat

441 699 645 756 Juliani
675 701 846 771 capiti
876 701 1158 772 imposuit.
1190 699 1306 755 Hoc
1331 702 1495 756 modo
1520 699 1776 757 Julianus
1803 698 1873 755 ad
1905 699 2010 754 im-

444 792 656 862 perium
685 792 954 862 pervenit.
982 790 1117 857 Quae
1141 805 1272 848 vero
1301 791 1564 864 deinceps
1593 791 1795 861 gessit,
1824 799 2012 844 utrum

446 882 778 954 philosopho
806 881 1139 938 conveniant
1158 923 1174 949 ,
1205 883 1504 940 lectoribus
1527 881 1888 953 iudicandum
1926 895 2014 937 re-

447 972 657 1043 linquo.
686 971 820 1027 Nam
845 987 1029 1042 neque
1057 970 1386 1042 legationem
1413 972 1480 1028 ad
1505 971 1886 1027 Constantium
1913 969 2016 1024 mi-

447 1063 557 1131 sit,
591 1078 767 1134 neque
803 1063 954 1118 illum
992 1071 1250 1134 tanquam
1284 1063 1422 1118 bene
1453 1062 1522 1118 de
1548 1077 1610 1118 se
1636 1061 1889 1117 meritum
1923 1074 2014 1115 co-

448 1153 561 1210 lere
589 1155 992 1226 perseveravit:
1021 1154 1116 1211 sed
1143 1163 1343 1209 cuncta
1373 1169 1471 1225 pro
1495 1153 1726 1208 arbitrio
1757 1167 1858 1208 suo
1881 1151 2012 1223 egit.

448 1248 527 1301 Ac
559 1254 802 1302 rectores
830 1247 1049 1315 quidem
1077 1246 1488 1317 provinciarum
1519 1245 1769 1301 mutavit.
1802 1243 1903 1300 Per
1932 1259 2016 1298 ur-

452 1339 548 1388 bes
576 1343 759 1390 autem
793 1335 1042 1406 singulas
1071 1338 1330 1407 carpebat
1354 1337 1738 1393 Constantium
1758 1376 1773 1403 ,
1803 1336 2017 1391 litteras

449 1425 517 1480 ab
546 1424 640 1481 illo
667 1427 736 1482 ad
766 1427 1031 1484 barbaros
1061 1428 1299 1499 scriptas
1327 1443 1430 1500 pro
1456 1429 1724 1484 concione
1751 1427 2015 1482 recitans.

449 1515 623 1583 Quam
655 1519 728 1573 ob
785 1533 1009 1575 causam
1055 1533 1086 1572 a
1113 1518 1440 1575 Constantio
1470 1519 1824 1584 deﬁcientes,
1857 1517 1923 1572 ad
1954 1519 2021 1571 il-

450 1609 557 1664 lius
587 1619 771 1678 partes
799 1624 858 1665 se
888 1608 1324 1668 transferebant.
1358 1609 1560 1666 Eodem
1587 1617 1834 1680 tempore
1855 1609 2017 1664 Clu-i-

450 1700 643 1756 stianae
663 1700 946 1772 religionis
966 1701 1375 1757 simulationem
1404 1717 1634 1773 prorsus
1651 1701 1873 1772 abjecit.
1899 1699 2018 1756 Sin-

449 1791 608 1862 gulas
645 1791 792 1846 enim
833 1791 1090 1848 civitates
1120 1793 1495 1861 circumiens,
1531 1793 1735 1864 templa
1769 1793 2018 1864 aperire,

450 1890 506 1936 et
541 1881 855 1938 simulacris
883 1883 1198 1940 sacriﬁcare
1224 1885 1425 1954 etrapit,
1459 1899 1628 1955 seque
1655 1885 1772 1955 ipse
1796 1883 2019 1955 pontill-

450 1988 571 2029 cem
593 1974 890 2030 maximum
915 1975 1236 2046 appellavit.
1267 1975 1456 2047 Itaque
1481 1975 1678 2047 pagani
1708 1974 1883 2032 festos
1903 1975 2021 2030 dies

453 2065 739 2122 numinum
778 2083 1006 2124 suorum
1045 2071 1239 2143 gentili
1275 2071 1386 2126 ritu
1427 2069 1803 2126 celebrabant.
1843 2069 2022 2139 Atque

456 2156 571 2212 haec
619 2173 820 2229 agens,
877 2161 1040 2218 civile
1089 2162 1289 2218 bellum
1345 2159 1727 2216 commovebat
1757 2159 2022 2215 adversus

452 2247 878 2314 Constantium,
939 2253 1093 2323 171
1147 2251 1473 2309 occasiones
1533 2251 1890 2321 conquirens.
1955 2248 2024 2305 Et

451 2348 715 2405 quantum
749 2337 968 2408 quidem
999 2339 1054 2394 in
1096 2340 1217 2410 ipso
1246 2346 1387 2402 erat,
1423 2338 1684 2394 universa
1726 2337 1869 2392 mala
1900 2351 2023 2407 qum

454 2424 654 2480 bellum
691 2427 944 2482 comitari
983 2428 1196 2492 solent,
1235 2427 1615 2499 contigissent.
1655 2424 1841 2494 Neque
1875 2424 2021 2480 enim

453 2516 662 2588 absque
682 2518 984 2573 multorum
1006 2518 1292 2574 hominum
1319 2517 1488 2583 caede,
1522 2515 1690 2586 hujus
1711 2513 2022 2586 philosophi

451 2609 726 2679 cupiditas
771 2608 969 2666 fuisset
1010 2610 1246 2681 expleta.
1291 2608 1399 2666 Sed
1431 2608 1597 2674 Deus,
1648 2607 1742 2679 qui
1793 2621 2022 2664 suorum

451 2701 630 2772 ipsius
659 2702 1018 2758 consiliorum
1044 2701 1199 2758 solus
1227 2711 1314 2758 est
1355 2700 1583 2767 arbiter,
1617 2715 1650 2756 e
1675 2696 1894 2755 duobus
1928 2697 2024 2753 ad-

453 2790 713 2845 versariis
746 2790 982 2846 alterum
1029 2791 1152 2848 sine
1191 2791 1304 2846 ullo
1341 2789 1662 2860 reipublicae
1701 2788 1906 2844 damno
1953 2789 2023 2842 ab

452 2881 710 2937 instituto
766 2881 1063 2937 revocavit.
1115 2881 1333 2937 Etenim
1384 2879 1605 2935 Juliano
1666 2880 1723 2935 in
1768 2879 2024 2934 Thraciis

452 2971 783 3033 constituto,
812 2971 1121 3024 nuntiatum
1145 2979 1232 3025 est
1257 2970 1638 3027 Constantium
1668 2967 1810 3024 diem
1837 2977 2019 3024 extre-
2049 3002 2093 3061 ο

453 3077 602 3116 mum
637 3061 862 3118 obiisse.
882 3059 996 3116 Hoc
1020 3059 1182 3114 modo
1214 3057 1520 3115 Romanum
1549 3059 1841 3130 imperium
1882 3065 2016 3115 tunc

451 3151 721 3222 temporis
774 3151 921 3206 civili
980 3150 1126 3205 bello
1182 3150 1474 3206 liberatum
1521 3158 1626 3207 est.
1669 3151 1736 3205 At
1755 3149 2018 3218 ﬁJnlianus

451 3241 990 3312 Constantitmpolim
1007 3241 1311 3311 ingressus,
1330 3243 1518 3298 statim
1539 3243 1826 3313 inquirere
1837 3242 2020 3297 animo

453 3332 640 3402 cespit,
677 3346 914 3402 quonam
957 3339 1119 3404 pacto
1162 3332 1424 3404 populum
1459 3332 1748 3398 demereri,
1791 3331 2022 3404 ejusque

454 3421 892 3476 benevolentiam
951 3421 1056 3478 sibi
1110 3435 1434 3494 comparare
1487 3430 1693 3492 posset.
1741 3422 1823 3477 Ad
1883 3421 2022 3478 hanc

454 3515 623 3584 igitur
679 3529 794 3570 rem
846 3513 941 3574 tali
972 3530 1109 3571 usus
1171 3522 1258 3571 est
1306 3522 1470 3571 arte:
1525 3514 1696 3570 Norat
1749 3513 2022 3572 Constan-

455 3606 616 3669 tium,
645 3605 904 3660 omnibus
942 3606 1037 3677 qui
1080 3606 1576 3663 consubstantialis
1617 3607 1774 3663 [idem
1811 3608 2020 3679 ample-

455 3696 749 3752 ctebantur
787 3696 1024 3752 invisum
1064 3696 1256 3763 fuisse,
1293 3705 1408 3755 tum
1445 3697 1594 3771 quod
1645 3699 1798 3770 Ipsos
1829 3697 2015 3754 Eccle-

2113 431 2212 499 μὲν
2255 425 2348 483 οὖν
2401 431 2492 484 τὸν
2540 431 2739 502 τρόπον
2792 428 3076 493 Ἰουλιανὸς
3125 425 3459 481 ἐϐασίλευσε.
3495 423 3578 478 Τὰ
3619 425 3678 478 δέ

2111 519 2358 574 ἐντεῦθεν
2378 558 2394 585 ,
2419 521 2467 575 εί
2495 520 2802 591 φιλοσόφου,
2826 515 3267 591 δοκιμαζέτωσαν
3295 517 3347 570 oi
3369 515 3676 579 ἀκούοντες.

2112 610 2204 680 Μὴ
2239 609 2804 684 διαπρεσϐευσάμενος
2829 610 2939 682 γὰρ
2961 609 3098 682 πρὸς
3116 606 3512 670 Κωνστάντιον,
3544 606 3682 677 μηδέ

2113 701 2452 774 θεραπεύσας
2479 704 2556 768 ὼς
2589 703 2881 775 εὐεργέτην
2903 742 2919 766 ,
2951 702 3129 756 πάντα
3157 700 3419 772 ἔπραττεν
3444 699 3480 754 ἃ
3506 699 3682 752 ἐδόκει

2110 794 2278 866 αὐτῷ.
2302 795 2412 849 Καὶ
2434 795 2560 860 τοὺς
2589 795 2689 866 μέν
2719 795 2839 849 κατ’
2863 793 3132 864 ἐπαρχίαν
3161 792 3432 863 ἄρχοντας
3459 790 3678 860 ἧμειϐε·

2111 885 2322 958 διέσυρε
2347 885 2403 939 δὲ
2440 886 2530 940 τὸν
2579 884 2954 939 Κωνστάντιον
2999 881 3142 937 κατὰ
3167 881 3351 943 πόλεις
3370 921 3386 944 ,
3415 878 3682 949 ἀναγινώ-

2115 993 2260 1030 σκων
2285 974 2448 1030 αὐτοῦ
2483 975 2718 1047 δημοσίᾳ
2745 975 2844 1039 τὰς
2881 973 3017 1046 πρὸς
3045 974 3171 1036 τοὺς
3203 969 3529 1042 Βαρϐάρους
3561 970 3682 1022 ἐπι-

2115 1067 2326 1132 στολάς.
2374 1069 2572 1140 Διόπερ
2611 1068 2758 1139 αὐτῷ
2790 1065 3190 1140 προσετίθεντο,
3216 1060 3593 1116 Κωνσταντίου
3622 1060 3682 1112 δέ

2114 1161 2426 1231 ἀφίσταντο.
2461 1161 2594 1214 Τότε
2643 1159 2708 1232 δὴ
2763 1160 2860 1214 καὶ
2902 1158 3000 1230 τὴν
3033 1157 3319 1228 ὑπόκρισιν
3354 1165 3376 1194 ο
3425 1151 3521 1207 τοῦ
3561 1168 3683 1221 χρι-

2117 1253 2410 1319 στιανίζειν
2455 1253 2706 1324 φανερῶς
2737 1249 3060 1306 ἀπεδύσατοο
3095 1243 3320 1318 περιιὼν
3369 1241 3481 1314 γὰρ
3540 1240 3682 1294 κατά

2117 1342 2320 1409 πόλεις,
2342 1340 2468 1406 τούς
2498 1359 2556 1395 τε
2590 1343 2749 1405 ναοὺς
2775 1339 3027 1408 ἀνοίγων,
3062 1338 3174 1399 τοῖς
3200 1333 3477 1404 ἀγάλμασι
3509 1347 3683 1403 προσ-

2118 1432 2310 1503 έφερε,
2363 1433 2459 1484 καὶ
2517 1430 2705 1485 ἐαυτὸν
2755 1430 3018 1502 ἀρχιερέα
3053 1425 3360 1496 ὠνόμαζεν·
3406 1421 3552 1476 οἵτε
3582 1418 3684 1490 τὴν

2117 1521 2411 1592 θρησκείαν
2453 1521 2713 1591 Ἕλληνες
2772 1519 2964 1591 έορτάς
3014 1514 3298 1570 ἐπετέλουν
3342 1509 3679 1580 Ἑλληνικάς.

2118 1613 2228 1674 Καὶ
2247 1613 2420 1666 ταῦτα
2443 1611 2632 1674 ποιῶν,
2653 1611 2887 1682 πόλεμον
2916 1607 3174 1678 ἐμφύλιον
3196 1600 3511 1674 ἀνερῤίπιζε
3539 1598 3682 1652 κατὰ

2118 1703 2494 1758 Κωνσταντίου
2525 1702 2843 1774 ποιούμενος
2868 1699 2966 1765 τάς
2996 1694 3396 1769 ἀφορμάς(17).
3427 1691 3539 1746 Καὶ
3558 1691 3699 1744 ὅσον-

2121 1793 2306 1863 μέντοι
2333 1795 2419 1848 ἐπ’
2447 1795 2596 1866 αύτῷ
2619 1834 2633 1858 ,
2661 1795 2836 1848 πάντα
2867 1793 2932 1847 ἂν
2959 1789 3200 1860 ἐγεγόνει
3226 1828 3242 1854 ,
3271 1788 3370 1840 ὅσα
3394 1786 3423 1838 ὁ
3448 1783 3684 1852 πόλεμος

2117 1885 2228 1956 ἔχει
2259 1885 2424 1941 κακά.
2446 1886 2522 1942 Ού
2551 1886 2659 1958 γὰρ
2687 1885 2752 1940 ἂν
2777 1884 2899 1955 δίχα
2936 1881 3144 1936 πολλῶν
3169 1877 3413 1948 αἱμάτων
3435 1870 3680 1941 διεκρίθη

2117 1977 2152 2047 ἡ
2207 1977 2302 2030 τοῦ
2339 1977 2625 2048 φιλοσόφου
2659 1975 2861 2045 σπουδή
2895 1973 3027 2044 (18).
3058 1970 3191 2034 Θεὸς
3231 1969 3288 2022 δέ
3333 1969 3362 2021 ὁ
3392 1965 3502 2018 τῶν
3537 1962 3686 2016 ίδίων

2120 2065 2474 2138 βουλημάτων
2501 2064 2692 2137 κριτὴς
2711 2104 2727 2130 ,
2769 2063 2861 2118 τὸν
2887 2061 3071 2134 ἕτερον
3114 2058 3225 2112 τῶν
3268 2050 3686 2122 ἀνταγωνιστῶν

2117 2157 2241 2228 δίχα
2268 2156 2367 2228 τῆς
2392 2156 2499 2211 τῶν
2525 2155 2701 2212 ἀλλων
2721 2153 2922 2226 ζημίας
2949 2151 3152 2206 ἐπαυσε
3176 2148 3274 2218 τῆς
3302 2145 3497 2216 ὁρμῆς.
3529 2141 3694 2196 Γενο-

2122 2245 2284 2316 μένου
2319 2243 2428 2315 γὰρ
2470 2241 2753 2298 Ἰουλιανοῦ
2785 2242 2912 2313 περὶ
2937 2239 3004 2294 τά
3037 2238 3266 2311 Θρᾳκῶν
3308 2233 3436 2304 ἔθνη
3455 2273 3470 2299 ,
3499 2233 3686 2302 ἀπηγ-

2121 2335 2286 2406 γέλθη
2320 2334 2634 2405 τεθνηκέναι
2660 2333 3052 2388 Κωνστάντιον.
3081 2331 3192 2385 Kal
3217 2327 3358 2382 οὕτω
3378 2327 3471 2381 τὸν
3502 2323 3690 2396 ἐμφύ-

2121 2426 2235 2480 λιον
2267 2425 2500 2497 πόλεμον
2527 2425 2646 2479 τότε
2692 2423 2943 2493 διέφυγεν
2974 2422 3010 2492 ἡ
3053 2419 3336 2492 Ῥωμαίων
3379 2418 3544 2489 ἀρχή.
3571 2417 3690 2470 Κα-

2121 2516 2370 2573 ταλασὼν
2391 2517 2449 2570 δέ
2471 2514 2755 2578 Ἰουλιανὸς
2782 2513 2878 2584 τὴν
2897 2511 3303 2566 Κωνσταντίνου
3332 2509 3505 2574 πόλιν,
3523 2507 3688 2572 εὐθὺς

2126 2609 2344 2666 ἐσκόπει
2372 2608 2494 2663 τίνα
2528 2607 2728 2680 τρόπον
2761 2603 3096 2660 οἰκειώσεται
3120 2603 3190 2657 τὰ
3223 2601 3433 2674 πλήθη,
3472 2600 3566 2656 καὶ
3586 2590 3690 2670 τὴν

2123 2701 2220 2756 ἀπ’
2246 2699 2427 2755 αὐτῶν
2466 2697 2674 2754 εὔνοιαν
2724 2695 3101 2753 ἐπισπάσεται.
3137 2694 3312 2765 Τέχνη
3349 2689 3443 2746 οὖν
3487 2688 3690 2762 χρῆται

2123 2790 2350 2863 τοιαύτῃ
2388 2807 2404 2824 ο
2432 2785 2506 2845 Εὖ
2562 2788 2828 2859 ἠπίστατο
2855 2786 3229 2841 Κωνστάντιον
3259 2782 3364 2838 ὑπὸ
3397 2782 3533 2836 ὅλων
3576 2779 3691 2832 τῶν

2123 2883 2271 2937 λαῶν
2293 2881 2403 2936 τῶν
2428 2879 2488 2934 τὸ
2518 2880 2802 2950 ὁμοούσιον
2839 2877 3176 2950 φρονούντων
3209 2874 3531 2947 μισούμενον
3554 2909 3570 2934 .
3599 2871 3687 2939 ἐφ’

2123 2967 2206 3036 οἷς
2227 2989 2287 3026 τε
2313 2972 2422 3024 τῶν
2447 2969 2781 3042 Ἐκκλησιῶν
2800 2968 3102 3031 ἐλαύνοντο,
3130 2966 3225 3019 καὶ
3243 2966 3326 3018 ὅτι
3353 2963 3479 3027 τοὺς
3508 2962 3692 3024 αὐτοῖς

2124 3062 2464 3134 καθήκοντας
2496 3060 2825 3124 ἐπισκόπους
2850 3057 3124 3130 δημεύσας
3153 3054 3430 3127 ἐξώρισεν.
3474 3052 3694 3121 Ἐγίνω-

2127 3153 2223 3206 σκέ
2251 3168 2311 3205 τε
2345 3150 2533 3220 σαφῶς
2571 3151 2698 3214 τοὺς
2736 3146 3140 3219 Ἐλληνίζοντας
3167 3143 3497 3214 ἀνιωμένους
3522 3143 3569 3204 ⁸,
3603 3140 3693 3208 ἐφ’

2125 3239 2206 3308 οἷς
2226 3243 2373 3297 θύειν
2393 3243 2690 3298 ἐκωλύοντο
2706 3259 2721 3274 ο
2756 3241 3040 3312 ἐπιθυμεῖν
3059 3257 3119 3294 τε
3147 3238 3339 3310 καιροῦ
3368 3233 3691 3309 δράξασθαι,

2125 3337 2183 3390 ἐν
2206 3329 2250 3405 ᾧ
2300 3336 2394 3390 καὶ¹
2425 3335 2494 3390 τά
2525 3335 2646 3407 ίερά
2681 3336 3065 3405 ἀνοιγήσεται,
3108 3331 3202 3386 καὶ
3251 3329 3460 3394 ἐξέσται
3511 3325 3694 3388 αὐτοῖς

2126 3427 2315 3492 θυσίας
2345 3427 2635 3500 ἀναφέρειν
2680 3429 2791 3490 τοῖς
2851 3425 3180 3496 ἀγάλμασιν.
3221 3421 3378 3477 Οὕτω
3437 3419 3536 3490 μέν
3597 3411 3695 3471 οὖν

2125 3517 2418 3590 ἑκατέρους
2475 3517 2582 3589 ἰδίᾳ.
2633 3515 3002 3588 λυπουμένους
3059 3513 3194 3584 πρὸς
3247 3511 3340 3566 τὸν
3389 3507 3695 3565 ἀπελθόντα

2124 3609 2406 3679 ἐγίνωσκε.
2439 3611 2606 3681 Κοινῇ
2644 3609 2700 3664 δὲ
2735 3608 2940 3672 πάντας
2974 3606 3112 3678 πρὸς
3149 3605 3248 3676 τὴν
3287 3603 3395 3657 τῶν
3424 3599 3696 3670 εὐνούχων

2126 3701 2266 3772 βίαν,
2300 3700 2395 3754 καὶ
2428 3703 2551 3764 τοὺς
2583 3700 2968 3771 πρωτοτύπους
3006 3695 3262 3752 Εὑσεὸίου
3295 3711 3355 3750 τε
3385 3692 3482 3760 τὰς
3513 3694 3696 3764 ἁρπα-

1608 3895 1880 3952 VALESII
1921 3894 2479 3954 ANNOTATIONES.

528 4062 644 4133 (l7)
674 4063 1035 4134 Ποιούμενος
1053 4062 1160 4129 τὰς
1175 4061 1465 4132 ἀφορμάς.
1501 4063 1837 4134 Epiphanius
1855 4063 2026 4120 Scho-

459 4131 688 4188 las'ticus
720 4131 882 4188 vertit
917 4153 930 4188 :
959 4131 1498 4189 Intestinu’m’bellum
1535 4131 1722 4190 contra
1759 4133 2026 4190 Constan-

460 4205 590 4258 tium
621 4205 844 4274 qnwsita
879 4205 1151 4263 occasione
1181 4204 1426 4273 parabat.
1459 4202 1649 4273 Neque
1677 4204 2025 4274 aliterChri-

458 4273 880 4344 steplmrsonus.
911 4275 1064 4346 quasi
1105 4276 1373 4345 legeretur
1410 4275 1786 4346 ποριζόμενος.
1835 4273 2028 4330 Posset

459 4355 640 4417 tamen
669 4346 795 4417 quis
829 4345 1126 4417 aliterth
1162 4346 1325 4399 verba
1361 4345 1733 4417 interpretari,
1768 4345 1873 4400 hoc
1913 4346 2024 4401 sci-

459 4414 585 4468 licet
614 4413 798 4476 modo,
825 4414 1152 4480 expeditione
1169 4424 1431 4482 suscepta.

529 4482 643 4550 (i8)
680 4484 945 4549 Διεκρίθη
976 4484 1014 4549 ἢ
1062 4483 1169 4536 τοῦ

458 4550 979 4624 Μαι-διακρίνεσθαι
1014 4550 1449 4624 Itoc_loco_iden_i
1472 4553 1616 4624 valet
1644 4555 1790 4624 quod
1817 4550 2020 4624 perlici

457 4627 511 4672 et
539 4619 842 4690 adimpleri.
875 4619 1040 4674 Recte
1071 4621 1239 4690 igitur
1278 4619 1614 4688 Epiphanius
1649 4619 2022 4678 Scholasticus

459 4691 605 4742 httuc
636 4685 813 4741 locum
853 4689 927 4742 ita
962 4685 1123 4742 vertit
1149 4707 1161 4743 :
1188 4685 1335 4742 Non’
1359 4685 1499 4742 enim
1540 4690 1650 4743 sine
1694 4693 1862 4746 multo
1893 4709 2023 4745 san-

459 4757 615 4827 guine
665 4758 899 4812 studium
953 4758 1066 4828 ejus
1118 4757 1413 4826 philosophi
1464 4767 1669 4828 poterat
1721 4761 2019 4832 adimpleri.

2125 4065 2320 4123 Posset
2358 4067 2524 4122 etiam
2562 4083 2670 4124 non
2703 4066 3049 4124 incommode
3081 4066 3246 4131 verti,
3285 4063 3558 4132 dissipari,
3596 4076 3696 4118 seu

2125 4137 2344 4214 discuti.
2385 4137 2530 4214 _i\‘am
2561 4137 3036 4214 quodMusculus
3076 4137 3261 4200 vertit,
3307 4133 3600 4214 declarari,
3640 4140 3698 4212 et

2125 4203 2674 4278 Christophorson'us.
2713 4207 3016 4270 internosci,
3058 4221 3180 4261 meo
3227 4203 3696 4278 quidem__judic_io

2127 4271 2427 4331 absurdum
2460 4287 2565 4334 est.
2607 4277 2947 4348 Nic-ephorus
2991 4291 3121 4348 vero
3155 4277 3209 4329 in
3243 4271 3336 4348 lib.
3371 4290 3405 4348 ιι
3435 4271 3698 4348 Historia:

2125 4347 2524 4415 ecclesiasticre,
2583 4363 2705 4415 cap.
2743 4342 2831 4411 ’2,
2883 4347 3032 4400 hunc
3084 4343 3334 4415 Socratis
3393 4344 3571 4415 locum
3622 4342 3698 4394 ita

2130 4365 2524 4415 eccrestasncm,
2583 4365 2705 4402 ea).
2761 4365 2831 4411 z,
2883 4365 3032 4400 nunc
3084 4365 3327 4411 aocraus
3393 4365 3571 4397 locum
3623 4365 3698 4394 ua

2130 4419 2480 4487 interpolavit
2508 4437 2520 4472 :
2554 4365 2668 4472 Καί
2689 4434 2752 4487 γε
2787 4419 2854 4470 ἂν
2897 4415 3021 4487 ὅσον
3056 4414 3118 4487 to
3167 4415 3253 4487 ἐπ’
3279 4412 3450 4487 αύτῷ,
3502 4412 3699 4487 αἵμασι

1214 4469 1554 4559 φιᾼξσόφοιζ
1589 4483 1847 4559 σπουδή.
1886 4484 2020 4559 γενέ
2055 4469 2099 4523 D
2407 4469 2835 4559 τὸτῆς-ἐκείνου
2865 4485 3178 4559 φιλοσοφίας
3221 4469 3531 4559 ἀπέριττον.
3565 4469 3701 4559 Qut}:

2131 4550 2466 4626 Langus'sic
2503 4550 2896 4626 interpretatur
2930 4575 2944 4612 :
2976 4554 3042 4608 Et
3067 4550 3349 4626 quantunt'
3375 4552 3593 4626 in__ipso
3619 4550 3701 4626 si-

2131 4619 2418 4689 tumverat,
2460 4619 2712 4695 sanguine
2761 4625 2878 4694 fuso
2923 4626 2987 4680 de
3026 4619 3337 4680 exuberanti
3369 4619 3700 4689 philosophia

2128 4697 2242 4767 ejus
2263 4697 2527 4768 judicium
2555 4697 2758 4766 factum
2779 4697 2988 4766 fuisset.

1865 4961 2250 5020 VARIORUM.

537 5135 560 5164 ⁸
597 5123 732 5179 Τότε
760 5121 838 5190 δὴ
857 5123 954 5177 καί
984 5123 1098 5192 τὴν
1119 5127 1455 5194 ὑπόκρισιν.
1485 5125 1736 5185 Julianus
1757 5127 2024 5186 Christia-

460 5198 701 5270 nismum
742 5194 962 5270 _vi_ginti_
1012 5195 1503 5270 annisprol‘essus
1533 5207 1640 5270 est,
1699 5210 1758 5254 ut
1794 5200 1911 5270 ipse
1950 5203 2025 5255 ait

460 5262 867 5340 Alexandrinis,
881 5264 1109 5333 epistola
1128 5265 1188 5318 51
1203 5262 1221 5328 ζ
1230 5282 1374 5340 quos
1391 5283 1419 5320 a
1439 5269 1541 5324 ﬁde
1559 5269 1762 5326 Christi
1785 5262 1847 5326 ad
1865 5286 2026 5340 paga-

461 5338 699 5411 nismu_m
729 5337 1701 5411 avertereeonatuqliocargumento:
1723 5341 1834 5411 Ούχ
1853 5337 2028 5411 ἀμαρ-

459 5404 692 5481 στήσεσθε
724 5403 1056 5481 παράόρθῇς
1082 5403 1200 5481 ὁδου
1221 5403 1660 5481 πειθόμενοι-,τῷ
1706 5403 2023 5481 πορἐυθενξι

463 5472 720 5544 κάκείνην
739 5472 836 5544 τὴν
852 5472 966 5527 όδδν
985 5475 1142 5544 ἄχρις
1165 5476 1298 5526 ἐτῶν
1315 5472 1502 5529 είκοσι.
1530 5476 1582 5530 Ν
1585 5472 1649 5532 on
1675 5472 1811 5534 enim
1836 5497 1867 5533 a
1886 5492 2023 5534 recto

465 5545 684 5620 tramite
698 5544 1032 5620 aberrabitis,
1051 5545 1098 5597 si
1117 5545 1165 5598 ei
1178 5544 1611 5620 ﬁdem‘habeatis.
1628 5551 1717 5618 qui
1733 5565 1822 5618 per
1842 5552 2024 5620 viginti

465 5628 634 5666 annos
667 5615 762 5669 itla
796 5615 881 5669 via
921 5614 1137 5685 (nempe
1170 5614 1272 5672 lide
1309 5617 1536 5686 Christi)
1581 5614 2018 5688 pr‘ogr'essus'esr.

2210 5134 2230 5170 ί
2276 5130 2423 5198 Τοὺς
2473 5129 2929 5196 Ἐ.1.ῑηνίζοντας
2953 5126 3341 5198 ἀνιωμένους.
3379 5124 3704 5198 Quanquam

2129 5197 2442 5280 Christiana
2481 5202 2656 5271 pietas
2695 5199 3022 5280 acnreligio,
3065 5214 3096 5252 e
3126 5197 3348 5252 latebris
3381 5197 3535 5280 velut
3555 5205 3706 5280 geuu-

2125 5281 2236 5336 cta,
2268 5272 2382 5342 jam
2428 5268 2591 5341 caput
2644 5271 2860 5342 extulit,
2919 5268 3134 5342 ipsique
3168 5280 3424 5342 purpura:
3472 5268 3708 5342 impera-

2125 5335 2286 5398 toria;
2327 5335 2526 5396 novum
2579 5355 2642 5393 ac
2693 5335 3182 5394 divinius-lumen
3222 5335 3530 5395 attulisset,
3576 5347 3710 5401 gen-

2125 5414 2302 5484 tilium
2353 5423 2533 5466 tamen
2589 5424 2850 5484 numerus
2902 5416 3021 5484 erat
3067 5406 3213 5484 haud
3251 5402 3710 5484 contemnendus,

2127 5483 2362 5537 maxime
2390 5495 2578 5536 eorum
2603 5479 2693 5548 qui
2720 5480 2918 5534 artium
2949 5478 3254 5535 liberalium
3275 5485 3327 5531 et
3354 5475 3710 5531 scientiarum

2124 5556 2405 5624 gymnasia
2435 5549 2796 5621 occupabant.
