4070 6204
284 256 388 310 577

1259 255 1587 314 HISTORIA
1628 256 2196 315 ECCLESIASTICA.
2241 288 2308 301 —
2351 259 2480 314 LIB.
2527 258 2614 314 Ill.

3446 241 3554 300 878

279 376 384 442 τὰς
411 372 529 443 (l9)
560 371 893 444 ἀχθομένους
915 373 1257 444 ἐφεύρισκεν.
1282 374 1452 429 Πᾶσιν
1483 375 1577 431 οὐν
1605 378 1853 448 τεχνικῶς

1973 377 2072 434 siis
2097 378 2404 449 expulerat,
2455 384 2573 431 tum
2611 374 2761 446 quod
2806 372 3105 444 episcopos
3136 371 3384 443 ipsorutn
3423 385 3559 440 pro-

279 460 678 532 προσεφέρετο.
704 461 815 514 Καὶ
837 462 965 525 τοὺς
1000 460 1098 530 μὲν
1123 461 1440 533 είρωνεύετο
1459 480 1472 494 ·
1498 463 1652 526 τινας
1687 463 1744 516 δὲ
1779 463 1871 516 καὶ

279 548 418 618 πρὸς
445 547 515 600 τὸ
531 547 810 613 κενόδοξον
841 547 1060 619 ἀφορῶν
1089 550 1406 620 εὐηργέτειο
1435 556 1586 624 κοινῇ
1619 553 1676 605 δέ
1705 555 1871 606 πᾶσιν

279 639 428 701 ὅπως
476 634 594 708 εἶχε
651 639 780 710 περὶ
817 640 919 710 τὴν
962 640 1392 712 δεισιδαιμονίαν
1447 644 1706 696 ἐδείκνυε.
1759 645 1870 698 Καὶ

281 729 498 800 πριῖιτον
533 729 632 799 μὲν
659 769 674 794 ,
713 729 810 800 τὴν
855 732 1235 786 Κωνσταντίου
1276 734 1534 806 ὠμότητα
1568 737 1697 807 περὶ
1741 737 1869 801 τοὺς

281 819 561 888 ὑπηκόους
590 819 896 875 διαϐάλλειν
934 823 1028 875 καὶ
1056 823 1358 895 ἐξελέγχειν
1390 826 1546 898 παρὰ,
1571 827 1646 897 τῷ
1673 825 1868 898 πλήθει

284 908 645 978 βουλόμενος,
683 911 811 973 τοὺς
854 909 1228 982 ὲξορισθέντας
1263 914 1593 977 ἐπισκόπους
1625 914 1866 984 ἀνακλη-

281 999 439 1068 θῆναι
466 999 724 1052 ἐκέλευσε
753 1039 771 1064 ,
802 1002 896 1053 καὶ
928 1000 1028 1065 τὰς
1061 1001 1425 1073 δημευθείσας
1464 1004 1651 1068 οὐσίας
1682 1005 1868 1065 αὐτοῖς

280 1090 535 1144 ἀπεδίδου
556 1108 570 1123 ο
602 1091 699 1144 καὶ
739 1090 809 1144 τὰ
857 1092 978 1163 ἱερὰ
1002 1093 1111 1146 τῶν
1161 1093 1426 1165 Ἐλλήνων
1525 1095 1689 1166 τάχος
1716 1094 1864 1149 ἀνοί-

279 1198 400 1250 γειν
426 1219 441 1244 ,
463 1184 579 1245 τοῖς
625 1182 951 1253 ἐπιτηδείοις
984 1183 1337 1254 προσέταττε.
1377 1186 1515 1249 Τοὺς
1542 1186 1598 1239 δὲ
1621 1186 1725 1238 ὑπὸ
1755 1186 1865 1239 τῶν

281 1273 552 1342 εὐνούχων
574 1274 936 1346 ἀδικηθέντας
953 1317 968 1342 ,
986 1275 1391 1346 ἀπολαμϐάνειν
1412 1277 1479 1332 τὰ
1503 1277 1689 1341 κακῶς
1708 1280 1866 1346 ἀφαι-

284 1367 515 1436 ρεθέντα
560 1365 862 1430 ὲθέσπιζεν.
896 1368 1156 1422 Εὐσέϐιον
1195 1368 1250 1422 δὲ
1287 1369 1381 1422 τὸν
1413 1370 1733 1440 προεστῶτα
1769 1371 1862 1425 τοῦ

282 1456 564 1526 βασιλικοῦ
617 1457 907 1523 κοιτῶνος,
961 1457 1237 1528 ἐζημίωσε
1294 1458 1540 1531 θανάτῳ,
1591 1461 1652 1514 οὐ
1705 1463 1864 1531 μόνον

278 1547 335 1601 δὲ
369 1547 480 1618 (20)
536 1549 623 1603 διὰ
679 1549 739 1602 τὸ
771 1549 1000 1612 πολλοὺς
1035 1550 1326 1622 ἠδικῆσθαι
1375 1553 1465 1606 ὑπ’
1496 1551 1658 1607 αὐτοῦ
1687 1593 1702 1618 ,
1747 1553 1861 1606 ἀλλ’

278 1639 360 1692 ὃτι
389 1640 482 1692 καὶ
512 1639 715 1692 Γάλλον
748 1640 839 1694 τὸν
870 1640 1064 1694 ἑαυτοῦ
1102 1642 1330 1712 ἀδελφὸν
1353 1683 1366 1708 ,
1410 1644 1750 1716 ἀναιρεῖσθαι
1796 1647 1862 1698 ἐκ

1973 469 2210 539 scriptos
2267 470 2323 524 in
2389 468 2647 525 exsilium
2701 473 2913 537 egerat.
2971 463 3332 534 Compertum
3386 463 3558 520 etiam

1971 557 2249 622 habebat,
2291 557 2527 628 gentiles
2570 555 2798 611 moleste
2844 551 3142 606 admodum
3201 551 3367 615 ferre,
3407 550 3554 618 quod

1970 645 2289 701 sacriﬁcare
2321 645 2426 701 diis
2474 647 2589 701 suis
2617 644 3039 715 prohiberentur
3065 681 3081 708 ,
3123 649 3180 696 et
3209 648 3401 710 optare
3439 655 3558 694 om-

1970 737 2136 793 nibus
2165 739 2330 805 votis,
2362 745 2422 792 ιιι
2457 749 2672 807 tempus
2716 735 2852 790 illud
2898 735 3005 791 sibi
3040 733 3412 801 contingeret,
3443 743 3554 800 quo

1967 839 2023 886 et
2073 831 2304 886 delubra
2353 830 2724 900 aperirentur,
2785 836 2842 883 et
2896 825 3184 881 immolare
3236 821 3551 879 simulacris

1967 921 2177 977 liceret.
2224 920 2334 978 Has
2392 921 2560 993 igitur
2609 920 2682 975 ob
2731 932 2958 985 causas,
3015 915 3250 986 populos
3287 921 3553 982 utrosque

1967 1010 2229 1082 privatim
2272 1009 2492 1066 infenso
2535 1017 2589 1065 et
2619 1010 2942 1064 exulcerato
2970 1004 3234 1060 adversus
3277 1002 3553 1057 Constan-

1967 1098 2106 1153 tium
2154 1101 2340 1154 animo
2389 1113 2516 1155 esse
2566 1097 2927 1168 i‘ntelligebat.
2973 1093 3034 1148 In
3074 1105 3371 1148 commune
3420 1103 3552 1146 vero

1965 1200 2198 1248 cunctos
2254 1191 2572 1247 violentiam
2632 1189 3048 1252 cunuchorum,
3113 1199 3179 1239 ac
3231 1180 3542 1252 praesertim

1965 1283 2244 1353 ιιι-ωροείιί
2271 1283 2490 1337 illorum
2519 1279 2746 1336 Eusebii
2775 1279 2998 1347 rapinas
3034 1289 3180 1346 aegre
3211 1274 3378 1328 ferre.
3410 1270 3549 1325 Cum

1965 1374 2224 1429 omnibus
2275 1374 2446 1444 igitur
2493 1371 2695 1426 callide
2731 1370 2845 1440 egit
2886 1383 2952 1423 ac
3007 1363 3360 1421 veteratorie.
3410 1361 3549 1416 Nam

1967 1466 2106 1520 alios
2141 1466 2362 1535 quidem
2416 1462 2617 1518 blanda
2665 1459 3024 1517 simulatione
3070 1456 3369 1527 palpabat;
3406 1452 3548 1507 alios

1964 1554 2249 1610 beneﬁciis
2299 1552 2588 1618 alliciebat,
2645 1550 2825 1606 inanis
2869 1547 3060 1620 gloriae
3102 1544 3404 1615 cupiditate
3446 1542 3550 1597 du-

1963 1652 2088 1700 ctus
2121 1663 2135 1700 :
2173 1645 2431 1700 omnibus
2476 1658 2643 1715 porro
2675 1658 2741 1697 ex
2778 1657 2937 1711 aequo
2985 1637 3264 1710 patefecit,
3307 1648 3547 1705 quonam

278 1729 377 1798 τῆς
407 1729 617 1782 ἐκείνου
655 1729 908 1800 διαϐολῆς
929 1730 1276 1786 ἐπυνθάνετο.
1316 1733 1426 1786 Καὶ
1459 1734 1520 1787 τὸ
1553 1735 1652 1804 μὲν
1697 1736 1853 1805 σῶμα

1958 1737 2142 1789 animo
2165 1745 2311 1791 esset
2349 1751 2477 1806 erga
2513 1734 2963 1805 superstitionem
3001 1731 3304 1802 gentilium.
3332 1730 3411 1783 Ac
3431 1726 3549 1799 pri-

279 1817 652 1872 Κωνσταντίου
676 1827 706 1856 ἰ
751 1819 1042 1890 βασιλικῶς
1071 1821 1308 1893 τιμήσας
1332 1863 1347 1887 ,
1382 1824 1704 1895 ἐκήδευσεν·
1768 1823 1858 1890 ἐξ·

277 1911 440 1964 ἔϐαλε
467 1911 525 1963 δὲ
559 1910 668 1963 τῶν
724 1909 1006 1980 βασιλείων
1037 1912 1344 1984 εὐνούχους,
1383 1917 1631 1985 κουρεῖς,
1670 1916 1862 1986 μαγεί-

280 2019 432 2073 ρους.
462 1987 760 2072 Εὐνούχους
797 2003 916 2074 μὲν,
944 2005 1032 2057 διὰ
1062 2005 1123 2057 τὸ
1163 2007 1595 2078 ἀποϐεϐληκέναι
1628 2009 1725 2078 τὴν
1759 2026 1861 2078 γα·-

277 2094 454 2165 μετὴν
493 2104 540 2159 ν,
578 2097 690 2165 μεθ’
732 2097 798 2168 ἢν
847 2097 1012 2168 ἄλλην
1035 2099 1216 2152 οὐκέτι
1251 2101 1510 2169 ἠγάγετο.
1546 2103 1859 2173 Μαγείρους

269 2183 329 2236 δὲ
349 2225 365 2246 ,
407 2183 498 2236 διὰ
519 2184 581 2236 τὸ
615 2184 734 2256 λιτῇ
774 2185 1006 2256 χρῆσθαι
1039 2187 1218 2260 διαίτῃ
1248 2197 1296 2244 ι.
1332 2189 1575 2260 Κουρεὺς
1600 2191 1657 2244 δὲ
1677 2231 1692 2256 ι
1725 2191 1852 2262 ἔφη,

271 2270 354 2338 εἷς
383 2275 600 2339 πολλοῖς
631 2277 906 2346 ἀρκέσειε.
932 2278 1071 2343 Τοὺς
1105 2279 1204 2349 μὲν
1247 2276 1338 2334 οὖν
1385 2281 1472 2335 διὰ
1512 2281 1714 2347 ταύτας
1754 2284 1856 2348 τὰς

273 2367 454 2430 αἰτίας
500 2366 720 2433 ἐξέϐαλε
761 2376 812 2422 1.
866 2369 987 2423 Τῶν
1053 2371 1237 2441 μέντοι
1303 2373 1663 2446 ὐπογραφέων
1727 2376 1854 2440 τοὺς

273 2457 558 2521 πλείστους
582 2461 649 2529 τῇ
688 2460 749 2526 ἐξ
776 2459 950 2532 ἀρχῆς
977 2463 1252 2534 παραδοὺς
1284 2464 1422 2537 τύχῃ
1449 2506 1462 2527 .
1491 2468 1603 2530 τοῖς
1645 2467 1852 2532 λοιποῖς

270 2548 454 2603 αὐτῶν
489 2550 679 2619 μισθὸν
727 2550 1089 2622 ὑωγραφέως
1143 2555 1398 2610 ἐκέλευσε
1447 2557 1702 2614 δίδοσθαι.
1744 2561 1852 2612 Πε-

272 2639 440 2708 ριεῖλε
467 2637 526 2692 δὲ
551 2639 646 2693 καὶ
672 2639 764 2694 τὸν
800 2640 1056 2714 δημόσιον
1097 2641 1206 2697 τῶν
1234 2643 1434 2714 χρειῶν
1475 2645 1674 2717 δρόμον
1713 2645 1850 2718 (21),

1961 1841 2112 1881 mum
2137 1827 2378 1896 quidem,
2411 1836 2471 1880 ut
2500 1825 2812 1882 Constantii
2853 1825 2909 1878 in
2953 1821 3209 1879 subditos
3247 1819 3545 1875 crudelita-

1959 1925 2068 1975 tem
2110 1917 2448 1983 traduceret,
2489 1931 2728 1988 eumque
2772 1913 2917 1986 apud
2955 1912 3361 1969 multitudinem
3403 1911 3548 1966 infa-

1962 2018 2186 2074 maret,
2238 2011 2529 2080 episcopos
2579 2010 2673 2078 qui
2737 2009 2806 2062 ab
2846 2008 2941 2062 illo
2993 2006 3222 2077 relegati
3282 2005 3541 2069 fuerant,

1962 2102 2214 2157 revocari
2245 2102 2423 2171 jubet,
2454 2109 2509 2156 et
2551 2102 2699 2155 bona
2727 2115 2849 2170 quae
2886 2099 3021 2154 ﬁsco
3047 2097 3267 2153 addicta
3298 2095 3543 2164 fuerant,

1961 2193 2158 2250 iisdem
2206 2193 2482 2260 restituit;
2518 2191 2718 2247 deinde
2757 2189 3126 2245 familiaribus
3158 2189 3275 2245 suis
3315 2188 3546 2242 manda-

1958 2286 2073 2351 vit,
2117 2293 2178 2340 ut
2220 2285 2505 2356 gentilium
2537 2283 2736 2354 templa
2766 2281 3061 2338 confestim
3096 2281 3396 2351 aperirent.
3433 2277 3543 2335 Eos

1959 2384 2140 2431 autem
2161 2377 2255 2447 qui
2295 2377 2362 2430 ab
2389 2375 2663 2431 eunuchis
2695 2374 2901 2445 injuria
2945 2372 3124 2427 allecti
3168 2370 3408 2434 fuerant,
3451 2385 3542 2426 res

1958 2467 2146 2537 inique
2176 2469 2436 2537 abreptas
2478 2481 2813 2536 recuperare
2836 2466 3028 2535 jussit.
3069 2463 3368 2520 Eusebium
3407 2477 3544 2518 vero

1958 2557 2311 2629 praepositum
2338 2558 2638 2628 imperialis
2658 2557 2892 2626 cubiculi
2917 2556 3138 2625 capitali
3156 2555 3429 2624 supplicio
3455 2553 3540 2608 af-

1960 2646 2109 2713 fecit,
2134 2655 2247 2702 tum
2267 2633 2412 2718 quod
2429 2647 2630 2703 multos
2649 2644 2868 2716 injuriis
2885 2654 3258 2716 Oppresserat,
3278 2651 3393 2700 tum
3408 2658 3542 2715 prae-

1443 2821 1712 2879 VALESII
1749 2824 2196 2882 ANNOTATION
2204 2826 2306 2882 ES.

341 2913 456 2984 (I9)
494 2913 602 2968 Kal
653 2913 796 2978 τοὺς
839 2913 1264 2981 πρωτοτύπους
1306 2930 1371 2967 τε
1405 2913 1513 2980 τὰς
1555 2915 1848 2984 ἁρπαγάς.

271 2983 451 3055 Hujus
499 2984 605 3038 loci
639 2985 832 3039 vitium
867 2998 977 3038 non
1008 2984 1264 3038 viderunt
1298 2985 1651 3054 interpretes.
1710 2983 1847 3039 Nam

270 3055 821 3124 Christnphorsonus
861 3055 935 3106 ita
989 3055 1191 3118 vertit,
1244 3064 1531 3124 contraque
1587 3056 1848 3109 notabiles

269 3126 490 3180 Eusebii
505 3122 753 3192 rapinas.
791 3122 958 3188 Quasi
1000 3125 1098 3185 τὰς
1127 3122 1518 3194 πρωτοτύπους
1552 3125 1848 3193 legeretur,

268 3197 418 3262 quod
477 3210 708 3266 prorsus
753 3201 908 3266 esset
941 3193 1247 3266 insulsum.
1297 3193 1585 3266 Inicodice
1629 3195 1848 3262 quidem

269 3263 596 3322 Florentino
633 3266 721 3318 hic
752 3265 906 3318 locus
939 3264 1016 3317 ita
1063 3264 1264 3331 legitur
1294 3281 1307 3317 :
1341 3265 1451 3318 Καὶ
1471 3264 1604 3331 τοὺς
1638 3280 1849 3331 πρωτο-

265 3338 474 3396 τύπους
503 3335 763 3388 Εὐσεϐίου
791 3351 850 3386 τε
885 3333 983 3396 τὰς
1009 3330 1284 3402 ἁρπαγάς,
1313 3345 1418 3388 etc.
1466 3330 1522 3386 ln
1566 3330 1849 3386 Sfortiano

267 3422 399 3460 vero
434 3405 698 3458 Εὐσεϐίου
729 3403 806 3469 δέ,
843 3413 949 3458 etc.
999 3404 1126 3456 Milli
1171 3418 1276 3456 non
1329 3405 1549 3457 tlubiutn
1591 3410 1676 3458 est
1713 3403 1848 3470 quin

269 3475 528 3530 Socrates
553 3479 627 3530 ita
657 3475 958 3544 scripserit,
990 3473 1250 3526 Εὐσεϐίου
1271 3491 1330 3526 τε
1358 3473 1450 3527 τοῦ
1481 3471 1839 3542 πρωτοτύπου

266 3548 366 3609 τας
395 3545 676 3617 ἁρπαγάς.
695 3544 966 3617 _etc._AEst
1000 3554 1181 3617 autem
1209 3544 1588 3617 πρωτότυπος,
1628 3557 1843 3617 praepo-

267 3619 413 3670 situs
435 3613 593 3670 sacri
619 3613 880 3684 cubiculi,
910 3629 1070 3682 quam
1102 3613 1421 3684 dignitatem
1453 3621 1585 3666 tunc
1619 3614 1842 3682 gerebat

265 3686 562 3741 Eusebius.
591 3686 754 3741 Certe
783 3683 1035 3739 Socrates
1066 3683 1206 3737 hanc
1236 3699 1423 3740 vocem
1455 3684 1531 3737 ita
1570 3696 1842 3752 usurpare

265 3759 427 3816 solet,
458 3766 518 3808 ut
548 3756 733 3809 videre
760 3761 842 3807 est
871 3755 924 3806 iu
955 3755 1092 3808 libro
1130 3769 1191 3814 ιι.
1225 3769 1346 3822 cap.
1371 3754 1425 3809 2.

333 3828 451 3898 (20)
495 3829 581 3881 Οὐ
603 3827 794 3894 μόνον
819 3823 931 3898 δέκ
951 3823 1314 3898 Expuugenda
1354 3833 1439 3898 est
1488 3822 1678 3898 ultima
1714 3837 1839 3898 par-

263 3893 459 3960 ticula,
505 3893 693 3966 utpote
719 3893 1029 3976 superﬂua,
1073 3893 1243 3954 etab
1286 3896 1561 3952 oscitante
1606 3893 1836 3951 librario

260 3983 556 4039 perperam
585 3973 835 4037 repetita.

2033 2919 2146 2990 (ει)
2192 2919 2304 2972 Τὸν
2334 2917 2628 2990 δημᾴσιον
2659 2915 2783 2970 τῶν
2807 2915 3022 2990 χρειῶτ
3065 2916 3325 2990 δρόμονη
3350 2913 3541 2990 Publi-

1960 2985 2088 3043 cuin
2120 2985 2346 3043 cursum
2383 2985 2418 3040 a
2453 2985 2676 3041 Juliano
2714 2985 2862 3042 recte
2896 2986 3212 3041 ordinatum
3252 2985 3424 3039 fuisse
3459 2985 3541 3038 fa-

1958 3066 2105 3112 tetur
2134 3059 2297 3112 etiam
2332 3057 2636 3122 Gregorius
2666 3056 3050 3111 Nazianzenus
3082 3056 3136 3108 in
3173 3055 3359 3122 priore
3389 3052 3540 3109 luve-

1954 3130 2099 3182 Ctiva
2143 3127 2409 3181 adversus
2439 3125 2738 3182 Julianum.
2778 3125 2913 3179 Nam
2945 3125 3306 3180 Constantius
3357 3123 3541 3193 Augu-

1956 3206 2078 3252 stus
2109 3213 2235 3252 eum
2263 3211 2594 3265 magnopere
2614 3195 2987 3259 imminuerat,
3021 3208 3292 3265 concesso
3323 3195 3535 3262 passim

1954 3268 2076 3335 ejus
2112 3283 2218 3322 usu
2247 3263 2550 3336 episcopis,
2580 3273 2657 3336 Aut
2688 3266 2756 3320 ad
2786 3265 3027 3336 synodos
3070 3264 3139 3336 ab
3174 3263 3296 3333 ipso
3327 3276 3539 3317 convo-

1953 3333 2108 3392 catas
2143 3333 2524 3392 accurrerent.
2565 3333 2839 3400 Quidnam
2883 3343 3065 3389 autem
3101 3335 3157 3387 in
3199 3348 3262 3387 ea
3297 3347 3356 3387 re
3402 3347 3540 3386 con-

1955 3408 2206 3461 stitutum
2252 3407 2418 3460 fuerit
2463 3422 2494 3460 a
2534 3403 2776 3467 Juliano,
2818 3404 3038 3460 dillicile
3082 3410 3166 3457 est
3209 3402 3414 3456 dicere.
3455 3401 3538 3454 Ex

1948 3475 2200 3531 Socratis
2240 3485 2424 3530 tamen
2472 3476 2655 3530 verbis
2703 3475 2982 3543 conjicere
3026 3486 3355 3543 possumus,
3390 3471 3542 3525 vehi-

1945 3549 2188 3601 cularem
2240 3560 2466 3600 cursum
2518 3545 2610 3609 qui
2652 3539 2823 3599 etiam
2867 3539 3165 3597 clavularis
3217 3539 3534 3606 dicebatur,

1945 3617 2014 3670 ab
2049 3617 2147 3670 illo
2197 3615 2476 3671 sublatqu
2533 3613 2736 3678 fuisse;
2787 3614 2970 3668 solum
3009 3626 3140 3666 vero
3174 3611 3430 3666 relictum
3465 3609 3538 3664 ad

1945 3701 2078 3742 usus
2109 3687 2358 3756 publicos
2391 3699 2662 3756 equorum
2707 3698 2955 3756 cursum.
2990 3681 3068 3756 _De
3092 3680 3326 3756 _p_ublic_o
3359 3695 3534 3734 cursu

1945 3749 2125 3810 multa'
2153 3755 2395 3810 Joannes
2435 3749 2620 3824 Lydus
2660 3754 2958 3824 scripserat
2990 3752 3047 3806 in
3092 3749 3235 3806 libro
3273 3749 3348 3824 De
3382 3764 3536 3824 men-

1945 3827 2124 3890 sibus,
2166 3827 2326 3892 cujus
2376 3821 2556 3878 locum
2617 3824 2707 3878 hic
2759 3821 3043 3877 ascribere
3109 3836 3218 3892 non
3270 3821 3526 3892 pigebit:

1943 3888 2168 3950 Πάντῶν
2207 3888 2392 3962 σχεδὸν
2423 3893 2851 3962 ἐναλλαγέντων,
2875 3892 3112 3961 διέμεινε
3139 3891 3202 3962 τὸ
3233 3888 3534 3962 16641610-

1945 3967 2108 4038 μὲνου
2141 3957 2442 4038 μαχίστρου
2476 3957 2784 4036 φρόντισμα
2815 3979 2828 3995 ·
2859 3957 3107 4017 ἐπείθετο
3131 3961 3188 4016 δὲ
3212 3958 3362 4030 αὐτῷ
3381 3957 3535 4024 τάξις

1682 4121 2074 4180 VARIOBUM.

331 4230 363 4258 ι
407 4215 483 4270 τὸ
529 4215 650 4285 μὲν
684 4214 856 4286 σῶμα
887 4217 1325 4272 Κωνσταντίου.
1383 4215 1658 4278 Julianus,
1715 4229 1842 4268 cum

259 4287 583 4344 Constantii
633 4295 892 4351 mortem,
935 4286 1064 4340 dum
1107 4288 1160 4340 in
1222 4286 1383 4341 Dacia
1427 4296 1608 4348 esset,
1650 4292 1710 4338 ut
1768 4286 1845 4336 ait

258 4361 597 4436 Ammianus
638 4357 793 4436 initio
831 4344 926 4436 lib.
958 4372 1093 4436 ιιιιι,
1142 4344 1843 4436 accepisset..._Co'nstanti~
1879 4381 1923 4436 ι)
1951 4354 2188 4436 invisqu
2240 4344 2868 4436 {\ttti‘ochensib'us'oesse
2906 4344 3282 4426 conqueritur.

259 4429 513 4498 nopolim
568 4430 720 4498 venit
761 4443 817 4481 ιιι
865 4427 953 4481 die
1000 4425 1336 4498 Decembris.
1393 4425 1839 4498 Philostorgius,

260 4495 359 4552 lib.
397 4513 474 4560 vt,
519 4512 644 4566 cap.
691 4496 746 4560 6,
800 4505 1050 4563 testatur,
1081 4495 1358 4550 Juliauum
1397 4506 1526 4552 ante
1583 4496 1845 4566 feretrum

259 4565 633 4638 processisse,
664 4566 973 4638 diademate
998 4567 1065 4622 de
1095 4567 1274 4638 capite
1305 4567 1544 4638 sublato.
1581 4565 1846 4638 Libauius

259 4635 316 4693 in
383 4642 658 4706 oratione,
697 4635 930 4699 funebri,
984 4653 1036 4706 p.
1085 4636 1210 4698 289,
1264 4637 1361 4699 ait.
1410 4652 1534 4692 eum
1592 4635 1845 4706 manibus

260 4708 576 4776 contigisse
639 4705 939 4768 feretrum,
986 4704 1270 4776 ‘omuiltus
1320 4709 1475 4776 regni
1538 4704 1847 4776 insignibus

261 4774 470 4848 preter
505 4777 852 4848 chlamydem
887 4777 1177 4848 depositis.
1225 4775 1336 4831 lmo
1377 4775 1539 4844 Greg.
1578 4774 1842 4848 Nazianz.

262 4843 416 4902 hunc
439 4847 651 4901 Juliani
685 4843 742 4902 in
783 4843 1090 4902 Constantii
1126 4849 1315 4902 funere
1348 4843 1593 4902 habitum
1634 4847 1750 4898 sive
1792 4843 1846 4896 vi

263 4921 384 4973 sive
430 4927 635 4988 sponte
679 4917 915 4971 ascitum
963 4919 1072 4980 ait,
1121 4916 1379 4987 additque
1406 4917 1654 4988 demisso
1701 4914 1849 4988 uultu

261 4981 583 5055 imperatori
609 4997 904 5042 extremum
933 4988 1159 5057 oﬂicium
1188 4981 1520 5056 prtistitisse.
1553 4989 1678 5040 Ant.
1716 4981 1848 5053 Pagi

263 5061 330 5114 ad
368 5074 503 5112 ann.
536 5057 662 5120 361,
701 5074 756 5111 ιι.
784 5059 838 5112 6.

331 5139 362 5168 ν
400 5129 509 5183 Διὰ
548 5128 614 5181 τό
673 5124 1152 5194 ἀποϐεϐληκέναι
1195 5127 1312 5195 τὴν
1349 5125 1629 5196 γαμετήν.
1676 5123 1850 5196 Quam

259 5201 354 5254 alii
386 5200 442 5254 iu
473 5200 762 5270 puerperii
782 5192 1088 5270 doloribus
1120 5192 1400 5270 interiisse
1421 5192 1486 5252 'in
1530 5192 1735 5266 palatio
1755 5192 1854 5270 Jue

259 5270 424 5339 ljani,
473 5264 577 5324 'alii
621 5264 920 5339 'expulsam
967 5285 998 5322 e
1052 5269 1256 5337 palatio
1299 5264 1611 5338 scripsere,
1640 5275 1737 5339 _ut‘
1773 5264 1852 5317 ait

259 5338 536 5395 Zonaras.
567 5336 820 5395 Fuerunt
845 5350 901 5392 et
929 5336 1154 5411 quidam
1186 5340 1284 5409 qui
1316 5336 1528 5411 veneno
1569 5352 1601 5391 a
1634 5336 1854 5411 Juliano

259 5423 522 5466 necatam
566 5427 696 5467 esse
737 5409 1015 5472 dicereut,
1052 5417 1112 5464 ut
1145 5411 1306 5466 docet
1338 5409 1604 5464 Libanius
1655 5409 1710 5462 in
1740 5420 1855 5461 ora-

262 5484 416 5536 tione
447 5499 552 5552 ms.
586 5484 861 5538 adversus
891 5480 1192 5552 Polyrclem.
1228 5480 1478 5537 Decessit
1497 5487 1677 5552 autem
1706 5482 1855 5546 post-

261 5568 428 5622 quam
450 5551 712 5609 Julianus
743 5553 816 5607 ab
844 5549 1101 5607 exercitu
1142 5560 1364 5607 creatus
1404 5558 1524 5606 erat
1553 5549 1852 5622 Augustus,

263 5617 470 5694 utipse
516 5634 753 5681 testatur
785 5625 841 5679 in
889 5622 1126 5694 epistola
1173 5622 1242 5694 ad
1277 5617 1851 5678 AtlteniensesIValcs.

268 5693 328 5750 in
359 5697 424 5751 Δ.
455 5694 696 5755 Marcell.
731 5697 831 5754 lib.
873 5693 990 5763 ssi,
1034 5707 1156 5764 cap.
1195 5693 1243 5748 l.

2021 4223 2051 4253 ι
2089 4211 2238 4282 Λιτῇ
2263 4209 2784 4282 χρῆσθαι-διαίτῃ.
2823 4207 2941 4263 Hoc
2965 4205 3108 4262 Idem
3139 4204 3208 4260 de
3234 4218 3293 4259 se
3331 4199 3532 4273 praedi-

1950 4291 2041 4339 cat
2081 4279 2336 4338 Julianus
2366 4279 2445 4334 ’in
2492 4279 2891 4349 Misopogone,
2945 4290 3071 4329 cum
3122 4289 3182 4328 se
3235 4283 3529 4394 proﬁcrea

1953 4354 2188 4394 invimnu
2245 4349 2708 4394 Antinnhensilms
2745 4362 2868 4394 esse
2906 4344 3282 4394 conqueritur.
3391 4351 3529 4394 octes

3391 4358 3530 4396 06188

1948 4425 2211 4478 insomnes
2241 4423 2296 4475 in
2328 4419 2588 4489 stragulo,
2611 4428 2660 4471 et
2689 4418 2856 4472 victus
2895 4415 3065 4489 omnis
3095 4413 3531 4489 expers‘satieta-

1951 4495 2040 4554 tis.
2086 4508 2254 4546 mores
2305 4483 2520 4546 acerbos
2551 4489 2798 4558 efﬁciunt,
2839 4499 2888 4542 et
2925 4485 3169 4539 delicata:
3212 4483 3346 4558 urbi
3371 4498 3530 4551 repu-

1946 4552 2189 4634 gnantes.
2226 4559 2406 4634 Nolite
2435 4552 2616 4634 tamen
2660 4552 2847 4634 putare
2877 4567 3051 4634 vestra
3096 4570 3261 4634 causa
3291 4552 3346 4606 id
3371 4569 3405 4606 a
3450 4569 3531 4608 me

1948 4623 2101 4703 fieri:
2119 4633 2295 4703 gravis
2317 4630 2535 4702 quidam
2553 4623 2822 4703 etstultus
2845 4643 3016 4703 error.
3021 4625 3138 4694 jam
3167 4623 3285 4678 inde
3309 4640 3340 4675 a
3367 4638 3530 4703 puero

1951 4695 2032 4758 ine
2074 4695 2407 4766 iu'duxit,'ut
2455 4702 2621 4754 ventri
2656 4699 2849 4754 bellum
2893 4697 3350 4767 faceremmeque
3390 4695 3531 4748 enim

1949 4789 2066 4829 eum
2116 4775 2361 4842 permitto
2391 4769 2817 4842 egulisiexpleri.

2020 4855 2048 4895 γ
2091 4830 2238 4910 Τοὺς
2256 4843 2373 4911 μὲν
2395 4830 2509 4896 οὖν
2525 4830 2794 4904 ἐξέϐαλε.
2838 4836 3123 4911 Evenerat,
3149 4844 3205 4889 ut
3229 4831 3297 4887 ad
3319 4830 3532 4888 demen-

1951 4915 2078 4968 dum
2122 4907 2456 4982 imperatoris
2499 4911 2752 4982 capillum
2796 4918 2981 4982 tonsor
3010 4907 3182 4982 venire
3207 4913 3526 4982 praeceptus,

1951 4973 2433 5054 introiret'quidam
2455 4973 3024 5054 _am'bitiose‘vestitus.
3067 4973 3330 5054 Quo’uiso
3350 4973 3533 5054 Julia-

1952 5073 2054 5110 nus
2099 5042 2412 5122 obstupuit:
2445 5050 2580 5122 Ego,
2624 5050 2815 5122 inquit,
2863 5063 2966 5102 non
3011 5045 3331 5122 rationalem
3371 5042 3529 5122 iussi,

1953 5127 2044 5181 sed
2088 5111 2352 5178 tonsorem
2403 5111 2588 5176 acciri.
2641 5111 3010 5189 Interrogatus
3042 5125 3220 5170 tamen
3265 5113 3354 5167 ille
3407 5111 3532 5183 quid

1952 5195 2164 5250 haberet
2199 5209 2263 5248 ea:
2289 5203 2402 5247 arte
2431 5189 2764 5259 compendii;
2805 5193 3012 5259 vicenas
3053 5189 3274 5239 diurnas
3320 5198 3534 5259 respon-

1954 5266 2032 5320 dit
2073 5281 2334 5328 annonas,
2384 5256 2704 5331 totidemque
2747 5258 2943 5328 pabula
2981 5256 3347 5331 jumentorum
3393 5256 3535 5322 (qua:

1955 5337 2108 5407 vulgo
2135 5325 2386 5407 dictitant
2427 5325 2707 5407 c_apita_j_et
2737 5325 3336 5407 annuumlsttpep'dium
3377 5336 3537 5407 grave

1957 5394 2153 5477 absone
2186 5394 2847 5477 fructuosisipeti'tionibus
2893 5394 3290 5477 ntultis.ml‘1nde
3335 5400 3532 5477 motus,

1957 5460 2135 5532 omnes
2186 5460 2525 5544 'hujusmodi',
2585 5489 2701 5527 cum
2753 5471 2932 5542 coquis
2985 5466 3349 5544 similibusque
3407 5460 3534 5544 aliis

1956 5531 2142 5604 eadem
2177 5531 2412 5615 accipere
2427 5531 2554 5615 pene
2587 5531 2888 5615 consuetos,
2919 5548 2974 5593 ut
3000 5549 3186 5615 parum
3219 5531 3533 5615 sibi-nefas-

1958 5596 2151 5680 Ξᾶἷῖιῴἕ,
2178 5596 2449 5684 nam
2466 5596 2634 5672 iam
2650 5613 2810 5670 eundi
2833 5596 3102 5683 potestate,
3129 5599 3371 5671 projecit.
3405 5596 3532 5656 Am.

1960 5689 2332 5760 Marcellinus,
2369 5689 2464 5749 lib.
2499 5703 2635 5747 xm.
