4070 6204
513 266 618 323 372)
1983 247 2330 308 SOCBATIS
3665 238 3775 292 380

515 382 679 449 cipue
734 375 881 445 quod
943 373 1166 428 fratrem
1222 386 1384 428 suum
1421 368 1636 428 Gallum
1685 383 1781 439 per
1829 367 1951 438 ejus
2001 382 2095 422 ca—

2201 360 2308 419 οἷον
2341 362 2596 436 ἡμιόνων,
2635 361 2795 428 Βοῶν,
2831 359 2927 414 καὶ
2953 358 3090 412 ὄνων
3114 373 3131 390 ·
3161 356 3320 428 μόνον
3354 355 3414 409 δέ
3455 353 3564 408 τῶν
3592 355 3776 408 ἵππων

519 445 759 526 l'unmias
804 467 1196 534 interemptum
1221 477 1345 518 esse
1385 466 1749 530 compererat.
1779 458 1845 512 Et
1884 473 2090 528 corpus

2201 458 2307 518 ταῖς
2323 455 2609 525 δημοσίαις
2628 452 2840 523 χρείαις
2861 448 3237 522 συνεχώρησεν
3257 448 3570 516 ὑπουργεῖν.
3589 445 3776 498 Ταῦτα

519 559 741 629 quidem
791 555 948 624 1'72
973 551 1285 608 Constantii
1333 549 1612 620 regalibus
1658 545 1939 615 exsequiis
1990 545 2092 598 ho-

2201 546 2248 600 δὲ
2273 543 2437 600 αὐτοῦ
2467 543 2749 598 ἐπαινοῦσι
2784 543 2882 612 μὲν
2916 541 3088 609 ὀλίγοι
3111 557 3125 570 ο
3155 540 3205 592 oi
3238 537 3459 601 πλείους
3490 537 3548 590 δέ
3577 537 3778 606 ψέγου-

519 651 768 716 noravit;
813 647 1104 703 eunuchos
1128 658 1281 708 vero,
1319 650 1572 698 tonsores
1609 648 1664 696 et
1693 652 1904 709 coquos
1928 636 2094 708 ejecit

520 761 586 800 ex
623 742 850 814 palatio.
895 740 1198 794 Eunuchos
1228 737 1472 808 quidem,
1522 751 1588 792 eo
1625 734 1769 806 quod
1803 735 1922 804 ipse
1955 749 2094 789 uxo-

519 849 636 888 rem
687 847 844 889 suam
913 831 1210 896 amiserat,
1267 835 1392 898 post
1444 827 1606 897 cujus
1663 826 1872 882 obitum
1927 824 2093 879 aliam

521 924 743 980 nolebat
766 924 990 977 ducere.
1020 919 1242 990 Coquos
1274 933 1428 983 vero,
1456 925 1741 988 propterea
1761 915 1910 987 quod
1941 916 2094 971 tenui

525 1031 590 1070 ac
625 1013 862 1082 simplici
897 1012 1022 1067 cibo
1066 1017 1338 1065 uteretur.
1367 1009 1644 1066 Tonsores
1674 1008 1932 1079 denique,
1964 1007 2094 1077 quia

523 1121 708 1170 llllllS,
767 1110 827 1157 ut
881 1103 1088 1164 aiebat,
1139 1109 1333 1158 tonsor
1390 1101 1590 1158 suﬁicit
1642 1100 1915 1170 plurimis.
1983 1098 2096 1155 llas

524 1195 691 1265 igitur
715 1194 785 1246 ob
821 1206 1018 1247 causas
1047 1191 1364 1259 linjusmodi
1390 1189 1672 1244 hominum
1696 1203 1870 1259 genus
1895 1187 2098 1257 palatio

523 1282 752 1351 expulit.
772 1279 891 1333 Jam
913 1293 1040 1333 vero
1067 1293 1134 1332 ex
1161 1279 1394 1334 notariis
1417 1277 1686 1347 plurimos
1715 1277 1780 1331 ad
1803 1276 2095 1346 pristinam

523 1371 897 1427 conditionem
963 1369 1191 1439 redegit.
1252 1368 1503 1437 Reliquis
1564 1368 1826 1423 salarium
1878 1365 2099 1420 notario

523 1476 838 1531 congruens
873 1460 990 1514 dari
1021 1460 1298 1529 praecepit.
1332 1458 1440 1514 Sed
1475 1467 1531 1513 ct
1557 1457 1840 1528 publicum
1870 1471 2098 1512 cursum

523 1553 616 1623 qui
660 1551 900 1621 publicis
951 1551 1380 1606 necessitatibus
1427 1549 1785 1615 inserviebat,
1840 1548 2096 1617 sustulit;

524 1645 801 1698 mulorum
829 1643 1064 1706 scilicet,
1089 1642 1256 1696 boum
1282 1649 1338 1696 et
1371 1643 1652 1696 asinorum
1679 1641 1892 1697 :solum
1924 1657 2100 1712 equo-

2193 653 2299 701 σιν,
2336 637 2419 690 ὅτι
2452 633 2735 705 παυομένη
2776 634 2811 704 ἡ
2856 634 2922 686 ἐκ
2967 630 3063 685 τοῦ
3094 629 3374 701 βασιλικοῦ
3403 628 3636 682 πλούτου
3665 632 3779 691 τοῖς

2192 727 2407 792 πολλοῖς
2467 724 2792 796 ἐγγινομένη
2851 720 3190 794 κατάπληξις
3221 759 3239 786 ,
3300 720 3777 791 εὐκαταφρόνητον

2193 820 2366 875 ἐποίει
2383 821 2483 891 τὴν
2507 819 2804 892 βασιλείαν.
2819 817 2892 872 Οὐ
2921 817 3028 889 μὴν
3049 815 3186 869 ἀλλὰ
3208 814 3300 868 καὶ
3321 811 3777 883 διανυκτερεύων,

2192 911 2384 979 λόγους
2442 909 2750 980 συνέγραφε
2786 917 2832 972 ι,
2880 909 2977 962 καὶ
3025 905 3244 968 τούτους
3296 901 3499 957 κατιὼν
3549 903 3628 966 εἰς
3675 902 3778 973 τὴν

2196 1001 2503 1072 συγκλήτου
2542 999 2738 1072 βουλὴν
2770 998 3117 1053 ἐπεδείκνυτο
3137 1010 3153 1028 ο
3187 994 3345 1065 μόνος
3370 993 3479 1064 γὰρ
3513 992 3779 1062 βασιλέων

2194 1095 2303 1149 ἀπὸ
2331 1093 2547 1146 Ἰουλίου
2575 1093 2851 1162 Καίσαρος
2875 1089 3090 1162 πρῶτος
3117 1088 3198 1152 είς
3221 1086 3321 1156 τὴν
3345 1085 3448 1154 τῆς
3469 1083 3775 1154 συγκλήτου

2199 1184 2394 1256 βουλὴν
2422 1184 2613 1251 λόγους
2639 1183 3004 1236 ἐπεδείκνυτο.
3039 1178 3234 1250 Ἐτίμα
3264 1177 3323 1231 δέ
3363 1177 3458 1230 καὶ
3490 1176 3614 1238 τοὺς
3645 1174 3780 1244 περὶ

2197 1276 2441 1329 παιδείαν
2483 1274 2882 1336 ἐσπουδακότας
2903 1288 2917 1302 ·
2957 1271 3187 1343 μάλιστα
3215 1269 3272 1324 δὲ
3293 1309 3310 1335 ,
3339 1269 3468 1331 τοὺς
3502 1267 3777 1336 ἐπαγγελ-

2198 1365 2454 1436 λομένους
2484 1365 2812 1434 φιλοσοφεῖν.
2847 1362 2938 1418 Διδ
2970 1362 3066 1416 καὶ
3095 1361 3223 1424 τοὺς
3273 1359 3519 1430 πανταχῆ
3552 1355 3689 1430 ἦγεν
3741 1359 3776 1428 ἡ

2201 1459 2360 1528 φήμη
2391 1457 2709 1528 βριάζοντας
2742 1455 2835 1509 ἐπὶ
2865 1454 2934 1508 τὰ
2961 1454 3226 1524 βασίλεια,
3256 1452 3306 1505 οἳ
3334 1450 3626 1522 φοροῦντες
3648 1449 3774 1512 τοὺς

2199 1548 2498 1619 τρίϐωνας,
2553 1546 2738 1601 πολλοὶ¹
2783 1548 2847 1600 ἐκ
2886 1544 2980 1597 τοῦ
3023 1544 3301 1614 σχήματος
3342 1540 3542 1612 μᾶλλον
3567 1577 3582 1604 ,
3629 1538 3662 1609 ἢ
3711 1539 3776 1591 ἐκ

2205 1641 2452 1705 παιδείας
2474 1641 2775 1696 ἐδείκνυντο
2791 1657 2805 1670 ·
2831 1637 3031 1701 πάντες
3051 1636 3109 1690 δὲ
3137 1632 3276 1708 ἦσαν
3297 1634 3480 1706 βαρεῖς
3507 1633 3618 1694 τοῖς
3639 1632 3779 1702 Χρι-

524 1749 646 1789 rum
695 1748 920 1789 cursum
971 1732 1246 1803 ejusmodi
1298 1731 1727 1787 necessitatibus
1779 1731 2097 1787 ministrare

2202 1732 2582 1796 στιανίζουσιν,
2610 1731 2802 1802 ἄνδρες
2835 1728 3184 1792 ἀπατεῶνες,
3233 1725 3331 1780 καὶ
3379 1723 3465 1776 ἀεὶ
3502 1721 3597 1775 τοῦ
3639 1738 3779 1791 κρα-

523 1823 870 1894 permittens.
903 1821 1027 1878 Haec
1057 1821 1179 1892 ejus
1207 1831 1328 1876 acta
1360 1821 1657 1877 laudantur
1684 1836 1714 1876 a
1748 1823 1942 1892 paucis
1969 1823 2097 1878 :sed

525 1917 711 1986 plures
759 1923 891 1971 sunt
935 1915 1030 1985 qui
1082 1914 1410 1982 vituperent,
1453 1929 1520 1970 eo
1565 1914 1714 1984 quod
1759 1914 1973 1968 sublata
2007 1928 2098 1968 re-

524 2005 740 2074 giarum
775 2021 940 2075 opum
990 2004 1414 2075 magniﬁcentia,
1451 2020 1575 2074 quae
1607 2005 1753 2075 vulgi
1788 2004 2004 2060 animos
2043 2004 2098 2058 in

525 2094 949 2152 admirationem
987 2097 1156 2166 rapit,
1197 2095 1304 2150 vile
1329 2105 1385 2151 et
1414 2096 1756 2166 contemptui
1796 2095 2098 2151 obnoxium

524 2187 857 2243 reddidisset
906 2187 1219 2257 imperium.
1261 2187 1437 2242 Porro
1472 2196 1638 2241 noctu
1671 2185 1928 2256 vigilans,
1971 2201 2100 2242 ora-

525 2273 709 2329 tiones
774 2275 1090 2340 scribebat,
1145 2289 1350 2345 easque
1420 2283 1610 2344 postea
1664 2274 1971 2345 procedens
2031 2290 2098 2329 ex

523 2364 728 2432 palatio
759 2364 812 2418 in
850 2373 1047 2420 senatu
1074 2365 1343 2420 recitabat
1370 2383 1385 2420 :
1412 2366 1616 2436 quippe
1648 2381 1711 2421 ex
1749 2366 2098 2436 imperatori:-

524 2451 628 2508 bus
658 2454 752 2524 qui
785 2469 816 2509 a
843 2453 990 2509 Julio
1023 2455 1240 2512 Caesare
1265 2457 1332 2510 ad
1378 2465 1628 2511 nostram
1675 2471 1853 2526 usque
1881 2465 2097 2511 aetatem

523 2552 846 2613 regnarunt,
881 2547 1034 2601 solus
1064 2546 1155 2602 hic
1194 2554 1251 2602 et
1291 2547 1504 2618 primus
1533 2548 1817 2603 orationes
1857 2549 1913 2602 in
1942 2549 2097 2603 curia

522 2635 795 2691 recitavit.
831 2635 898 2690 Et
938 2637 1222 2695 studiosos
1259 2638 1482 2709 quidem
1520 2639 1939 2709 disciplinarum
1979 2655 2100 2694 om-

522 2727 676 2781 nium
720 2727 1029 2783 honorabat
1066 2747 1080 2785 :
1112 2730 1210 2784 sed
1248 2744 1344 2786 eos
1385 2730 1664 2800 praecipue
1709 2730 1804 2800 qui
1848 2729 2096 2800 philoso-

523 2817 704 2887 phiam
735 2811 1157 2888 prolitebalitur.
1190 2819 1426 2876 Proinde
1456 2820 1598 2874 fama
1623 2819 1790 2889 hujus
1817 2821 1894 2875 rei
1929 2821 2096 2875 exciti

520 2921 716 2962 omnes
755 2909 848 2976 qui
879 2909 1081 2979 ubique
1111 2919 1272 2966 erant
1311 2911 1654 2980 philosophi,
1704 2912 2004 2979 gestientes
2038 2912 2096 2967 in

521 2994 786 3062 palatium
826 2997 1185 3051 conﬂuebant
1211 3015 1225 3050 :
1255 2998 1352 3066 qui
1381 2997 1606 3067 pallium
1639 3005 1936 3067 gestantes,
1980 3002 2097 3068 ple-

2206 1823 2425 1886 τοῦντος
2449 1822 2807 1892 οἰκειούμενοι
2840 1822 2938 1892 τὴν
2967 1817 3286 1891 θρησκείαν.
3323 1814 3500 1883 Ἔχων
3527 1811 3584 1864 δὲ
3619 1813 3647 1864 ό
3681 1810 3779 1880 βα-

2208 1913 2385 1977 σιλεὺς
2419 1913 2711 1977 πλεονάζον
2759 1914 2817 1967 ἐν
2872 1909 3049 1981 ἐαυτῷ
3094 1909 3156 1962 τὺ
3194 1903 3467 1972 κενόδοξον
3492 1941 3509 1968 ,
3565 1903 3775 1964 πάντας

2204 2007 2330 2069 τοὺς
2360 2007 2466 2078 πρὸ
2495 2006 2659 2061 αὑτοῦ
2686 2005 2924 2071 βασιλεῖς
2947 2001 3311 2073 ἐκωμῴδησεν
3347 1998 3404 2050 ἐν
3436 1994 3515 2065 τῷ
3542 1993 3686 2064 λόγῳ
3716 1993 3778 2047 δν

2206 2098 2482 2170 ἐπέγραψε
2513 2098 2839 2166 Καίσαρας.
2870 2097 2967 2149 Ἐκ
2993 2093 3088 2147 τοῦ
3114 2091 3356 2146 τοιούτου
3403 2085 3567 2157 ἤθους
3596 2084 3780 2140 κινού-

2209 2207 2387 2260 μενος,
2417 2191 2512 2244 καὶ
2543 2189 2669 2252 τοὺς
2703 2188 2845 2241 κατὰ
2863 2187 3199 2256 Χριστιανῶν
3231 2183 3421 2253 λόγους
3446 2182 3780 2254 συνέγραψε.

2205 2283 2280 2336 Τὸ
2326 2281 2424 2352 μὲν
2473 2281 2582 2351 γὰρ
2617 2279 2912 2352 μαγείρους
2952 2279 3064 2350 (22)
3115 2278 3210 2332 καὶ
3242 2280 3460 2345 κουρεῖς
3502 2275 3781 2338 ἐκϐαλεῖν,

2205 2373 2495 2443 φιλοσόφου
2525 2372 2684 2442 ἔργον
2706 2411 2722 2435 ,
2751 2372 2813 2424 οὐ
2845 2369 2950 2442 μὴν
2996 2368 3278 2434 βασιλέως.
3308 2367 3383 2420 Τδ
3416 2367 3473 2420 δέ
3504 2365 3784 2435 διασύρειν

2203 2464 2237 2534 ἢ
2275 2461 2564 2526 σκώπτειν,
2592 2460 2776 2514 οὐκέτι
2811 2458 3099 2529 φιλοσόφου
3125 2497 3141 2523 ,
3173 2456 3310 2511 ἀλλὰ
3333 2456 3438 2528 μὴν
3469 2454 3591 2508 οὑδέ
3621 2452 3782 2523 βασι-

2204 2555 2362 2617 λέως.
2405 2552 2728 2624 Ἀμφότεροι
2769 2552 2878 2622 γὰρ
2927 2551 3108 2604 πᾶσαν
3138 2548 3401 2619 λοιδορίαν
3430 2546 3524 2600 καὶ
3574 2545 3783 2616 βασκα-

2203 2647 2324 2702 νίαν
2354 2645 2782 2717 ὑπερϐεϐήκασι.
2809 2643 3029 2698 Βασιλεῖ
3057 2641 3156 2713 μὲν
3191 2641 3300 2712 γὰρ
3329 2639 3532 2705 ἐξέστω
3569 2638 3788 2707 φιλοσοο

2205 2739 2326 2805 φεῖν
2347 2777 2361 2802 ,
2396 2738 2497 2791 δσα
2537 2737 2674 2807 πρὸς
2719 2735 3072 2806 σωφροσύνην
3104 2734 3206 2804 ὁρᾷ
3227 2749 3244 2766 ο
3271 2732 3559 2800 φιλόσοφος
3597 2730 3654 2783 δέ
3677 2771 3693 2795 ,
3727 2730 3783 2782 ει

2204 2825 2380 2879 πάντα
2431 2825 2538 2878 τῶν
2586 2823 2849 2894 βασιλέων
2901 2825 3202 2895 μιμήσαιτο
3225 2861 3241 2887 ,
3301 2822 3633 2876 διαπεσεῖται
3681 2817 3780 2872 τοῦ

2205 2915 2429 2969 σκοποῦ.
2473 2915 2609 2985 Περὶ
2643 2916 2738 2985 μὲν
2775 2915 2838 2986 δὴ
2889 2913 3175 2969 Ἰουλιανοῦ
3213 2911 3328 2967 τοῦ.
3357 2911 3655 2982 βασιλέως,
3682 2908 3787 2978 γέ-

2202 3025 2326 3070 νους
2352 3025 2412 3060 τε
2451 3007 2616 3062 αὑτοῦ
2655 3009 2751 3060 καὶ
2781 3005 3114 3067 παιδεύσεως
3145 3005 3240 3058 καὶ
3272 3003 3433 3076 ἤθους
3455 3043 3471 3068 ,
3500 3003 3596 3055 καὶ
3633 3002 3787 3063 ὅπως

521 3084 681 3154 ri‘que
719 3085 911 3139 habitu
965 3087 1141 3157 magis
1180 3102 1343 3156 quam
1388 3087 1644 3141 doctrina
1673 3087 2097 3157 conspicieban-

2205 3095 2297 3148 ἐπὶ
2321 3095 2419 3165 τὴν
2450 3094 2727 3165 βασιλείαν
2749 3095 3045 3166 παρῆλθεν,
3069 3093 3306 3147 τοσαῦτα
3334 3092 3409 3156 ὡς
3431 3092 3488 3144 ἐν
3513 3089 3784 3162 ἐπιδρομῇ

520 3179 633 3227 tur.
646 3173 851 3230 Graves
869 3191 1032 3245 porro
1054 3192 1116 3232 ac
1133 3177 1351 3233 molesti
1364 3192 1556 3232 omnes
1573 3190 1729 3233 erant
1744 3179 2098 3247 Christianis,
2208 3185 2470 3257 εἰρήσθω.

525 3273 710 3332 utpote
752 3264 1104 3335 impostores,
1149 3277 1205 3324 et
1256 3269 1350 3338 qui
1386 3269 1734 3338 imperatoris
1777 3271 2097 3342 religionem
2137 3285 2404 3348 perpetuo
2433 3279 2923 3348 amplecterentur.
2956 3278 3226 3334 Caeterum
3289 3292 3419 3333 cum
3483 3276 3790 3347 imperator

529 3354 715 3409 inanis
747 3355 936 3425 gloria:
961 3357 1151 3412 morbo
1219 3373 1384 3428 supra
1431 3359 1653 3413 modum
1715 3359 2012 3428 laboraret,
2055 3375 2288 3423 cunctos
2331 3376 2461 3424 ante
2495 3384 2555 3425 se
2606 3370 2970 3440 imperatores
3019 3369 3346 3440 perstrinxit
3383 3369 3441 3424 in
3487 3383 3554 3422 eo
3619 3368 3794 3427 libro,

519 3454 687 3510 Quem
750 3445 1036 3516 inscripsit
1084 3446 1343 3503 Caesares.
1412 3447 1614 3504 Eodem
1672 3450 1845 3504 animi
1905 3454 2099 3507 morbo
2168 3455 2464 3526 impulsus,
2513 3467 2706 3514 contra
2767 3458 3117 3516 Christianos
3194 3460 3361 3515 etiam
3412 3458 3661 3528 scripsit.
3717 3454 3790 3509 Et

517 3538 746 3606 quidem
788 3537 933 3607 quod
971 3551 1184 3608 coquos
1217 3553 1282 3593 ac
1317 3546 1574 3595 tonsores
1613 3555 1681 3595 ex
1732 3540 1935 3611 palatio
1991 3543 2174 3612 ejecit,
2211 3546 2531 3618 phiIOSOphi
2578 3549 2634 3603 id
2689 3565 2828 3620 opus
2880 3549 3009 3618 fuit,
3053 3565 3163 3605 non
3208 3549 3581 3619 imperatoris.
3623 3547 3788 3614 Quod

529 3642 663 3682 vero
693 3627 970 3683 infamare
1007 3629 1148 3684 alios
1177 3644 1241 3683 ac
1271 3631 1490 3699 probris
1522 3630 1802 3687 incessere
1836 3634 2106 3701 instituit,
2147 3651 2257 3692 non
2325 3641 2481 3710 173
2515 3640 2628 3710 jam
2676 3641 3013 3712 philosophi,
3066 3642 3162 3699 sed
3206 3655 3386 3710 neque
3433 3642 3790 3710 imperatoris

522 3717 670 3773 istud
714 3717 837 3772 l‘nit.
885 3717 1118 3788 Utrique
1159 3720 1307 3774 enim
1343 3721 1575 3776 istorum
1608 3722 1676 3777 ab
1722 3724 1873 3778 omni
1907 3721 2310 3784 obtrectatione
2343 3737 2397 3783 et
2437 3730 2644 3787 invidia
2682 3739 2812 3788 sunt
2881 3733 3070 3788 alieni.
3137 3734 3206 3788 Et
3273 3732 3592 3804 imperatori
3659 3731 3790 3799 qni-

522 3807 645 3864 dem
690 3807 1068 3877 philosophari
1129 3809 1277 3874 licet,
1323 3811 1383 3865 in
1438 3811 1520 3866 eis
1580 3820 1794 3866 tantum
1851 3829 1975 3883 quae
2027 3815 2094 3870 ad
2136 3819 2467 3877 modestiam
2525 3837 2589 3877 ac
2641 3825 3062 3894 temperantiam
3142 3826 3454 3893 pertinent;
3537 3821 3792 3892 philoso-

524 3900 666 3971 phus
694 3914 827 3954 vero
858 3900 1123 3956 sicnncta
1152 3916 1275 3972 qua:
1307 3902 1657 3971 imperatoris
1683 3907 1911 3975 propria
1940 3917 2092 3973 sunt,
2133 3910 2342 3966 imitari
2377 3913 2634 3982 voluerit,
2671 3930 2703 3968 a
2723 3930 2893 3985 scopo
2923 3915 3222 3970 aberrabit.
3252 3913 3358 3970 Sed
3423 3914 3492 3970 de
3537 3912 3785 3968 Juliano.

508 3991 702 4061 ‘deque
741 3990 862 4063 ejus
908 4009 1128 4064 genere,
1186 4001 1241 4049 et
1283 3995 1628 4052 institutione
1688 4009 1855 4068 atque
1897 3999 2112 4068 indole,
2190 4003 2432 4076 denique
2493 4023 2604 4077 qua
2661 4009 2881 4063 ratione
2943 4007 3013 4063 ad
3067 4007 3360 4078 imperium
3415 4005 3777 4077 pervenerit,

523 4086 758 4142 strictim
794 4087 910 4143 haac
947 4087 1098 4143 dicta
1127 4087 1258 4145 sint.
3371 4121 3376 4124 -

1155 4183 1305 4239 CAP.
1356 4183 1424 4240 Π.

2810 4188 3060 4243 ΚΕΦΑΛ.
3111 4188 3187 4242 B'.

527 4271 600 4328 De
631 4274 886 4330 seditione
909 4286 1030 4331 orta
1049 4274 1416 4351 Αίεᾳςαιιςίνὶω,
1437 4285 1486 4331 et
1509 4280 1768 4347 quomodo
1794 4280 2097 4351 επιστ-[θείω

2208 4280 2349 4350 Περὶ
2382 4278 2493 4349 τῆς
2537 4281 2608 4334 ἐν
2627 4349 2634 4351 _
2653 4278 3072 4351 ’ᾼλεξανδρείᾳ
3119 4277 3447 4351 γενομένης
3488 4278 3782 4345 στάσεως,

1117 4348 1188 4400 sit
1223 4345 1501 4417 Georgius.
1520 4345 1529 4347 “
1932 4345 1943 4351 ⁷

2285 4345 2303 4350 ⁷
2442 4345 2481 4349 Π
2543 4349 2644 4404 καὶ
2672 4349 2832 4415 ὅπως
2870 4345 3159 4418 Γέώργιοζ
3180 4345 3462 4417 ἀνῃρέθη.

592 4430 752 4486 Nunc
806 4441 1150 4490 transeamus
1197 4435 1266 4488 ad
1322 4451 1386 4490 ea
1438 4441 1917 4496 commemoranda
1980 4457 2097 4512 qua:

2276 4439 2441 4505 Αὖθις
2474 4441 2532 4495 δὲ
2563 4441 2672 4495 τῶν
2700 4441 2829 4511 περὶ
2863 4440 2964 4504 τὰς
3018 4440 3343 4510 Ἐκκλησίας
3375 4439 3480 4493 ὑπὸ
3503 4438 3595 4492 τὸν
3621 4439 3788 4493 αὐτὸν

525 4537 620 4590 per
644 4522 786 4578 idem
813 4533 1028 4596 tempus
1057 4525 1117 4580 in
1141 4525 1398 4582 Ecclesiis
1447 4535 1599 4598 gesta
1641 4537 1789 4586 sunt.
1825 4532 1999 4602 Igitur
2045 4533 2097 4587 in

2207 4531 2511 4602 γενομένων
2536 4531 2726 4603 χρόνον
2768 4531 2986 4602 μνήμην
3015 4527 3336 4599 ποιούμεθα.
3381 4528 3539 4584 Κατά
3566 4528 3666 4600 τὴν
3691 4545 3788 4599 με·

1689 4681 1959 4736 VALESII
1994 4682 2556 4740 ANNOTATIONES.

527 4787 608 4856 τις
627 4771 962 4856 πεντήκοντα
983 4772 1075 4825 τὸν
1101 4771 1327 4856 ἀριθμὸν
1355 4769 1584 4856 ἀνδρῶν,
1603 4773 1653 4827 οἳ
1680 4779 2101 4856 φρουμεντάριοι
2134 4786 2175 4839 ι)
2203 4776 2344 4834 εἶναι
2371 4781 2521 4856 δοκεῖ
2549 4779 3067 4856 τοῦςμύποζυ-γίους·
3084 4778 3304 4840 ἵππους,
3333 4777 3472 4856 ᾇπερ
3511 4776 3658 4856 ante
3681 4775 3788 4856 ,ἐξ

519 4841 618 4894 καί
644 4839 896 4934 κοριώθοι
920 4839 1564 4934 ,προςηγορέύοντοιόῐονο
1579 4839 1807 4934 gingiva:
1826 4839 2097 4929 καὶπερίς
2203 4851 2398 4934 κεινητὺ
2423 4851 2607 4934 ὄχημα
2627 4868 2641 4882 ·
2657 4839 3223 4934 ᾗθενῃὼὶζδαέύχουσι
3248 4839 3551 4918 γράφοντες
3572 4846 3644 4934 ’τὸ
3669 4845 3789 4934 put:

509 4925 678 4980 -.εργοι
696 4925 710 4940 ·
739 4911 832 4962 καὶ
886 4912 936 4962 οἱ
998 4911 1096 4980 μὲν
1129 4911 1350 4965 σιτῶναι
1378 4913 1477 4984 τῆς
1514 4913 1767 4982 εὐθηνίας
1797 4915 1905 4968 τῶν
1929 4917 1988 4969 ἐν
2017 4911 2097 4970 τῶ

521 4980 771 5059 παλατίῳ
819 4981 1172 5059 αντείχοντος
1196 4983 1245 5059 οἱ
1401 4983 1681 5059 περίεργοι
1727 4985 1954 5059 ἡγοῦντο
1985 4971 2097 5059 ,τοῦ

2201 4919 2296 4983 δας
2316 4911 2487 4990 ὄνομα
2591 4919 2684 4973 τοῦ
2702 4919 2899 4990 ῥᾳδίως
2919 4911 3303 4991 ἐπιρῤήματος
3327 4911 3680 4988 παρηγμένον
3699 4933 3712 4944 ·
3733 4917 3787 4968 oi
3864 4950 3867 4951 ν

2204 4989 2312 5059 γὰρ
2355 4989 2633 5058 βεραίδους
2679 4991 2803 5053 τοὺς
2848 4989 3038 5059 ραίδας
3082 4986 3240 5052 ἐκτὸς
3286 4986 3536 5056 λέγοντες
3581 4985 3789 5055 σφόδρα

521 5002 771 5049 παΛατιῳ
819 5002 1126 5051 αντειχοντο
1157 5002 1172 5013 ·
1196 5002 1245 5035 οι
1289 5002 1346 5036 οε
1401 5002 1681 5055 περιεργοι
1727 5002 1954 5053 ηγουντο
2003 5004 2097 5040 του
2204 5002 2312 5059 γαρ
2355 5002 2633 5058 ρεραιοους
2679 5002 2803 5053 τους
2848 5002 3038 5059 patec;
3082 5002 3240 5052 εκτος
3287 5002 3536 5056 Αεγοντες
3581 5002 3789 5055 σφοορα

519 5049 788 5130 δημοσίου
803 5049 1052 5130 ’δρόμους
1087 5050 1875 5130 κλαϐουλόιρεος-ρχηματικόςλ
1901 5055 2099 5130 κλάξῖον
2173 5059 2536 5130 -πλαλνῷνταα
2601 5127 2610 5130 _
2735 5127 2743 5130 _
2994 5126 3004 5130 _
3211 5123 3260 5130 __
3300 5125 3331 5130 ﬂ
3531 5123 3566 5130 __
3763 5123 3775 5130 _

522 5119 640 5203 γὰρ
657 5118 751 5203 τὸν
771 5118 932 5203 οἴακα
957 5120 1212 5203 καλρῦσ-ιν
1233 5137 1246 5149 ·
1274 5118 1633 5203 βέλοξ,Λόξῧςίί
1647 5122 1706 5187 ὃς
1730 5125 1824 5203 κεῖ
1841 5125 2101 5203 ΒΞραΞδίξ⁶
2263 5127 2389 5203 -(2‘2)
2433 5127 2658 5203 Tini“?
2685 5127 2796 5203 γὰρ
2825 5126 3168 5198 μαγείρους.
3209 5123 3393 5181 Malim
3436 5123 3683 5183 scribere
3725 5123 3789 5177 τὸ

527 5188 682 5260 ρικδς
734 5188 853 5242 ἐστὶ
889 5191 984 5244 καὶ
1021 5190 1118 5244 νῦν
1156 5188 1372 5262 λέγεται
1407 5188 1421 5225 έ
1448 5193 1729 5265 βεραίδους
1762 5195 1821 5249 δὲ
1880 5188 2102 5261 Ἰταλοῖς
2210 5188 2416 5267 μέντοι,
2447 5188 2623 5253 νθΓτὸ
2653 5188 2872 5268 μέν’γέ.

1923 5343 2306 5405 VARIORUM.

605 5434 1150 5514 fﬁmrvxrepsﬁwt
1175 5435 1396 5514 ,ζόγους
1415 5435 1772 5514 συνέγραφε.
1804 5437 2097 5514 Orationes

2209 5443 2263 5498 in
2307 5443 2524 5500 funebri
2563 5443 2729 5512 hujus
2765 5443 3113 5514 imperatoris
3147 5441 3484 5504 laudatione.
3531 5444 3782 5498 nomina-

525 5507 753 5587 qnidcm
790 5515 919 5587 ante
948 5515 1000 5560 et
1036 5505 1482 5587 post~impcrium
1517 5505 1691 5587 abeo
1711 5509 1964 5587 scriptas,
1994 5526 2106 5579 quo
2211 5516 2305 5587 tim
2347 5515 2484 5587 duas
2518 5505 2697 5587 tangit
2717 5505 3169 5583 ejus'orationes,
3201 5530 3340 5586 quas
3371 5515 3462 5575 ille
3491 5529 3598 5569 una
3623 5523 3786 5571 nocte

529 5574 754 5630 nomine
782 5576 991 5658 πατέρα
1021 5574 1229 5627 πολλῶν
1263 5574 1456 5658 λόγων,
1479 5577 1770 5658 innitar-unt
1800 5574 2097 5633 oration-um

2212 5585 2456 5658 singulas
2487 5574 2836 5656 conscripsit.

532 5655 737 5709 patrem
765 5645 1013 5703 eumdem
1043 5652 1220 5710 vocat,
1257 5646 1422 5699 tradit
1445 5645 1642 5703 alicubi
1678 5647 1937 5704 Libanins
1966 5668 1981 5706 :
2011 5651 2104 5720 qui
