4070 6204
309 284 400 341 585

1247 272 1578 332 HISTORIA
1603 270 2167 330 ECCLESIASTICA.
2202 301 2275 314 —
2311 269 2441 328 LIB.
2482 270 2568 327 Ill.

3456 264 3564 322 386

303 385 738 458 πολιτικώτερον,
794 385 930 440 άλλὰ
971 386 1048 457 μὴ
1097 386 1560 458 τυραννικώτερον
1602 385 1877 458 πόρρωθεν

1985 383 2367 440 Constantium
2440 383 2779 439 formidaret.
2848 378 3069 436 Scilicet
3135 377 3438 435 modestius
3497 393 3563 432 ac

303 477 684 550 προσεφέρετο.
715 477 932 532 Τούτων
953 474 1045 532 οὖν
1061 478 1244 532 ἕνεκεν
1271 478 1613 550 ὀργιζόμενοι
1631 477 1708 548 τῷ
1729 477 1883 540 Θεοῖς

301 571 472 642 ἐχθρῷ
508 570 776 642 Γεωργίῳ
800 609 818 636 ,
875 570 976 640 τὴν
1025 570 1178 642 ἱερὰν
1222 566 1379 634 αὖθις
1412 571 1673 641 ἐμιάνατε
1704 569 1878 635 πόλιν,

300 659 411 724 ἐξὸν
443 658 772 712 ύποὸάλλειν
804 658 969 712 αὐτὸν
1014 661 1136 723 ταῖς
1185 659 1292 712 τῶν
1338 659 1609 712 δικαστῶν
1660 658 1878 730 ψήφοις.

302 748 449 802 οὕτω
497 748 607 820 γὰρ
651 749 862 814 ἐγίνετο
895 747 962 802 ἂν
1005 747 1066 801 ού
1103 749 1282 817 φόνος,
1332 748 1455 801 οὐδὲ
1488 748 1799 821 παρανομία
1821 747 1882 802 τὸ

303 839 529 909 πρᾶγμα
555 854 570 869 ·
617 837 744 909 δίκη
770 836 827 890 δὲ
853 835 1118 908 ἐμμελὴς,
1153 837 1297 907 ὑμᾶς
1331 836 1429 908 μὲν
1454 836 1663 899 socco;
1701 837 1879 907 πάντη

300 933 658 1001 φυλάττουσα,
709 931 1095 1002 τιμωρουμένη
1147 931 1244 1001 μὲν
1271 930 1363 983 τὸν
1395 931 1589 984 ἀνίατα
1614 929 1872 999 δυσσεϐήο

302 1037 494 1083 σαντα,
545 1018 957 1089 σωφρονίζουσα
1002 1018 1060 1072 δὲ
1104 1019 1230 1082 τοὺς
1251 1018 1441 1083 ἄλλους
1480 1020 1720 1084 πάντας,
1765 1019 1879 1072 ὅσοι

298 1110 398 1163 τῶν
439 1107 580 1163 θεῶν
629 1107 987 1178 ὀλιγωροῦσι,
1055 1108 1150 1162 καὶ
1202 1109 1424 1179 προσέτι
1477 1111 1573 1173 τὰς
1625 1109 1880 1174 τοιαύτας

301 1198 479 1262 πόλεις
504 1198 744 1262 καὶτοὺς
768 1198 1063 1264 ἀνθοῦντας
1091 1200 1314 1270 δήμους,
1347 1201 1404 1255 ὲν
1419 1201 1594 1253 οὐδενὶ
1615 1201 1876 1255 τίθενται·

297 1289 400 1342 τῶν
427 1288 635 1342 ἑαυτῶν
675 1288 734 1341 δὲ
772 1288 1052 1344 ποιοῦνται
1100 1291 1372 1361 πάρεργον
1418 1291 1734 1355 δυναστείας
1781 1291 1880 1364 τὴν

298 1380 414 1433 κατ’
430 1378 654 1431 ἐκείνων
668 1377 944 1448 ὠμότητα.
966 1377 1348 1448 Παραϐάλλετε
1364 1377 1539 1432 τοίνυν
1553 1378 1756 1449 ταύτην
1773 1397 1878 1448 μου

294 1467 394 1536 τὴν
413 1463 722 1535 ἐπιστολὴν,
810 1464 992 1535 μικρῷ
1014 1463 1206 1536 πρώην
1231 1465 1518 1519 ἐπέστειλα
1541 1465 1672 1536 (28)·
1695 1467 1791 1521 καὶ
1817 1469 1879 1520 τὸ

296 1557 548 1628 διάφορον
576 1557 952 1627 κατανοήσατε
971 1595 988 1620 ,
1042 1558 1244 1620 πόσους
1287 1558 1384 1629 μὲν
1423 1557 1577 1628 ὑμῶν
1616 1559 1877 1623 ἐπαίνους

294 1648 530 1718 ἔγραφον
554 1647 697 1701 τότε.
725 1648 864 1701 Νυνὶ
890 1648 966 1714 δὲ,
999 1648 1077 1718 μὰ
1103 1649 1228 1712 τοὺς
1260 1649 1434 1714 θεοὺς,
1467 1649 1698 1718 ὀφείλων
1731 1651 1877 1720 ὑμᾶς

1985 476 2224 541 civilius,
2257 492 2368 532 non
2394 483 2572 531 autem
2607 473 2895 546 tyrannico
2934 487 3085 527 more
3113 487 3238 542 erga
3270 487 3368 527 vos
3402 481 3562 525 antea

1983 584 2045 624 se
2083 578 2348 638 gesserat.
2381 566 2494 623 llas
2530 565 2696 638 igitur
2737 565 2808 620 ob
2857 579 3056 618 causas
3088 562 3347 617 adversus
3393 561 3564 616 Geor-

1983 660 2131 730 gium
2167 659 2274 714 diis
2308 659 2589 713 inimicum
2646 655 2728 710 ira
2788 653 3066 716 succensi,
3117 665 3327 705 sacram
3381 651 3564 705 denuo

1983 747 2172 802 urbem
2196 748 2404 803 scelere
2441 745 2746 818 polluistis,
2794 759 2920 799 cum
2969 741 3216 812 judicum
3274 742 3566 797 sententiis

1981 854 2106 894 eum
2138 839 2411 908 subjicere
2443 838 2653 892 liceret.
2699 836 2815 892 Hoc
2864 836 3009 890 enim
3053 842 3214 904 pacto
3241 847 3343 886 nec
3365 832 3562 898 caedes,

1982 944 2083 984 nec
2115 929 2378 999 iniquitas
2411 928 2607 983 fuisset
2640 927 2771 991 ulla,
2808 925 2902 981 sed
2947 925 3128 994 potius
3174 923 3423 978 absoluta
3468 921 3564 990 ju-

1981 1019 2128 1074 stitia
2157 1039 2170 1073 :
2200 1035 2320 1090 quae
2341 1035 2438 1074 vos
2469 1019 2688 1088 quidem
2721 1017 2968 1072 insontes
2999 1030 3063 1069 ac
3097 1029 3265 1085 puros
3296 1014 3365 1068 ab
3411 1011 3561 1066 omni

1981 1112 2189 1166 scelere
2225 1118 2522 1175 servasset,
2573 1111 2724 1164 illum
2755 1125 2884 1165 vero
2929 1108 3023 1178 qui
3062 1105 3408 1176 inexpiabilia
3444 1120 3566 1160 sce-

1980 1198 2092 1253 lera
2142 1199 2512 1264 commiserat,
2556 1197 2862 1268 puuivisset
2905 1215 2919 1252 :
2967 1212 3088 1267 qua:
3137 1196 3374 1264 denique
3423 1195 3564 1248 alios

1980 1289 2338 1358 repressisset
2375 1304 2589 1354 omnes,
2626 1289 2718 1358 qui
2762 1289 2893 1344 deos
2928 1289 3263 1343 immortales
3319 1297 3564 1342 contem-

1980 1389 2141 1447 nunt,
2208 1387 2501 1450 tantasque
2540 1382 2706 1436 urbes
2749 1388 2804 1436 et
2855 1380 3112 1435 florentes
3161 1378 3393 1447 populos
3459 1391 3563 1446 pro

1979 1469 2152 1524 nihilo
2178 1469 2402 1533 habent,
2430 1477 2485 1524 et
2510 1470 2888 1525 crudelitatem
2921 1482 3028 1537 qua
3063 1469 3116 1522 in
3148 1467 3273 1522 illos
3301 1465 3559 1532 saeviunt,

1978 1562 2129 1616 velut
2179 1561 2368 1616 ludum
2407 1561 2702 1630 quemdam
2737 1561 2994 1630 potentiae
3021 1574 3136 1614 sua:
3175 1573 3301 1614 esse
3329 1558 3560 1613 ducunt.

1979 1652 2235 1708 Conferte
2268 1653 2436 1722 igitur
2459 1653 2602 1708 hanc
2623 1653 2908 1722 epistolam
2929 1665 3106 1705 meam
3125 1665 3247 1705 cum
3275 1650 3365 1704 illa
3394 1663 3562 1719 quam

295 1740 567 1803 ἐπαινεῖν,
613 1739 675 1792 ού
715 1737 949 1808 δύναμαι
995 1739 1085 1792 διὰ
1129 1739 1229 1810 τὴν
1270 1739 1636 1811 παρανομίαν.
1688 1740 1876 1810 Τολμᾷ

1979 1746 2142 1815 paulo
2169 1753 2296 1800 ante
2328 1746 2397 1800 ad
2425 1759 2523 1800 vos
2552 1743 2700 1807 misi,
2725 1751 2779 1799 et
2801 1751 3066 1814 quantum
3098 1742 3240 1797 inter
3267 1755 3362 1796 eas
3388 1741 3562 1795 inter-

293 1828 460 1900 δῆμος
487 1828 680 1900 ὥσπερ
709 1831 760 1882 oi
807 1829 991 1893 κύνες,
1023 1829 1310 1901 ἄνθρωπον
1335 1830 1688 1901 σπαράττειν.
1740 1827 1875 1884 Εἶτα

291 1923 391 1975 οὐκ
420 1920 740 1990 αἰσχύνεται
763 1921 857 1974 κα)⁵
887 1919 1172 1991 φυλάττειν
1203 1920 1314 1991 (29)
1357 1921 1604 1993 καθαράς
1631 1922 1730 1986 τὰς
1761 1925 1878 1992 χεῖ-

294 2028 396 2085 ρας
426 2011 504 2075 ὡς
533 2011 832 2083 προσάγειν
882 2009 1019 2081 πρὸς
1061 2011 1192 2074 τοὺς
1224 2010 1410 2077 θεοὺς,
1463 2013 1694 2082 αἵματος
1743 2011 1877 2066 καθ-

290 2101 615 2173 αρευούσας.
687 2101 850 2154 Ἀλλά
890 2099 1162 2172 Γεὼργιος
1197 2099 1347 2166 ἄξιος
1393 2085 1464 2172 ἦν
1512 2101 1610 2156 τοῦ
1652 2103 1879 2158 τοιαῦτα

291 2193 512 2246 παθεῖν.
541 2190 647 2245 Καὶ
669 2193 870 2244 τούτων
909 2192 1041 2255 ἴσως
1082 2190 1193 2260 ἐγὼ
1241 2191 1404 2262 φαίην
1427 2191 1494 2246 ἂν
1525 2193 1745 2264 χείρονα
1783 2193 1880 2247 καὶ

291 2286 616 2357 πικρότερα.
669 2284 781 2339 Καὶ
829 2285 898 2338 δι’
928 2285 1073 2355 ὑμᾶς
1098 2284 1441 2356 ὲρεῖτε(50)ο
1492 2284 1746 2357 σύμφημι
1782 2285 1879 2340 καὶ

292 2378 454 2442 αὐτός
473 2394 488 2408 ·
539 2377 670 2447 παρ’
702 2376 856 2448 ὑμῶν
883 2375 941 2428 δὲ
971 2377 1020 2428 εί
1055 2375 1267 2445 λέγοιτο
1290 2375 1448 2430 τοῦτο
1466 2417 1481 2444 ,
1535 2378 1718 2432 οὐκέτι
1746 2395 1876 2448 συγ-

292 2468 475 2540 χωρῶ.
501 2467 676 2538 Νόμοι
709 2466 821 2537 γὰρ
858 2465 988 2536 ὑμῖν
1025 2465 1161 2518 εἰσιν
1180 2504 1196 2531 ,
1245 2463 1339 2528 οὒς
1357 2465 1463 2537 χρὴ
1486 2464 1750 2536 τιμᾶσθαι
1772 2466 1877 2537 μά-

289 2563 447 2616 λιστα
481 2561 584 2630 μὲν
626 2559 735 2613 ὑπὸ
780 2558 998 2613 πάντων
1039 2557 1145 2627 ἰδίᾳ
1191 2557 1288 2611 καὶ¹
1312 2555 1660 2629 στέργεσθαι.
1727 2557 1876 2629 Πλὴν

286 2653 478 2724 ἐπειδὴ
509 2650 802 2722 συμϐαίνει
820 2649 930 2702 τῶν
951 2648 1073 2702 καθ’
1096 2647 1327 2703 ἕκαστόν
1345 2664 1498 2711 τινας
1514 2649 1874 2717 παρανομεῖν,

287 2747 429 2802 ἀλλὰ
451 2745 524 2800 τὰ
559 2743 714 2800 κοινά
738 2743 871 2812 γοῦν
888 2740 1239 2813 εὐνομεῖσθαι
1261 2742 1394 2814 χρὴ,
1428 2742 1524 2794 καὶ
1557 2739 1876 2811 πειθαρχεῖν

285 2843 402 2903 τοῖς
440 2839 628 2909 νόμοις
682 2837 862 2907 ὑμᾶς,
918 2833 1124 2906 καὶμὴ
1173 2833 1533 2905 παραϐαίνειν
1560 2833 1771 2902 ὅσαπερ
1818 2831 1878 2900 ἐξ

285 2930 468 3003 ἀρχῆς
519 2927 778 3000 ἐνομίσθη
834 2925 1036 2990 καλῶς.
1107 2924 1407 2997 Εὐτύχημα
1451 2923 1675 2993 γέγονεν
1725 2923 1875 2994 ὑμῖν,

286 3023 482 3092 ἄνδρες
495 3019 894 3090 Ἀλεξανδρεῖς,
922 3018 1011 3070 ἐπ’
1042 3016 1177 3088 ἐμοῦ
1230 3015 1626 3088 πλημμελῆσαι
1664 3011 1877 3068 τοιοῦτό

284 3131 368 3168 ⁴τοι
388 3083 532 3184 πρὸς
560 3083 726 3182 ὕμάς,
835 3083 983 3168 αίδοῖ
1000 3083 1232 3180 τῇ-πρδς
1256 3083 1530 3172 τδννέεόν,
1551 3106 1644 3160 καὶ
1673 3105 1760 3159 διὰ
1787 3104 1878 3160 τὸν
1903 3083 1947 3140 c

286 3206 518 3260 πάππον
547 3204 639 3256 τὸν
674 3203 807 3275 ὲμδν
831 3202 928 3256 καὶ
956 3199 1246 3272 ὁμώνυμον
1269 3201 1408 3271 (51),
1436 3199 1496 3263 ὃς
1518 3194 1684 3270 ἦρξεν
1704 3197 1880 3267 αὐτῆς

284 3314 345 3353 τε
370 3295 686 3363 Δίγύπτου,
728 3293 823 3348 καὶ
854 3293 955 3363 τῆς
993 3292 1265 3364 ὑμετέρας
1304 3291 1548 3355 πόλεως,
1587 3287 1880 3361 ἀδελφικὴν

287 3387 420 3457 ὑμῖν
449 3383 666 3438 εὔνοιαν
689 3381 979 3446 ἀποσώζω.
1016 3381 1090 3435 Τὸ
1111 3381 1222 3453 γὰρ
1251 3380 1351 3452 τῆς
1383 3379 1630 3447 ἐξουσίας
1671 3379 1878 3432 ἀκατα-

286 3477 580 3550 φρόνητον,
599 3476 696 3530 καὶ
711 3475 773 3528 τδ
790 3474 1162 3546 ἀπηνέστερον
1176 3471 1270 3527 καὶ
1287 3470 1529 3540 καθαρὸν
1552 3470 1652 3541 τῆς
1673 3470 1874 3540 ἀρχῆς,

284 3568 486 3622 οὔποτε
513 3568 582 3621 ἂν
603 3567 667 3637 δή
675 3583 776 3635 μου
803 3564 1064 3637 περιιδεῖν
1084 3564 1340 3634 τόλμημα
1358 3560 1494 3631 (32),
1523 3559 1600 3632 μὴ
1619 3558 1871 3630 καθάπερ

285 3660 504 3731 νόσημα
534 3657 770 3729 χαλεπὸν
791 3695 808 3721 ,
856 3655 1165 3730 πικροτέρῳ
1205 3653 1536 3724 διακαθᾶραι
1571 3651 1870 3723 φαρμάκῳ.

287 3751 595 3824 Προσφέρω
612 3750 671 3804 δὲ
691 3749 803 3820 ἐγὼ
820 3750 968 3820 ὑμῖν,
991 3748 1056 3801 δι’
1073 3748 1251 3819 ἇσπερ
1272 3745 1497 3815 ἔναγχος
1517 3742 1655 3814 ἔφην
1675 3743 1876 3807 αίτίας,

283 3845 346 3897 τὺ
375 3843 852 3914 προσηνέστατον,
912 3841 1235 3912 παραίνεσιν
1279 3839 1374 3892 καὶ
1393 3836 1603 3905 λόγους.
1643 3834 1765 3905 Ὑφ’
1800 3827 1877 3888 ὧν

283 3928 345 3986 εὖ
377 3928 482 3986 οἷδ’
524 3933 608 3986 ὅτι
646 3931 901 3986 πείσεσθε
954 3930 1184 4004 μᾶλλον,
1237 3929 1382 4000 ἥπερ
1414 3925 1570 3990 ἐστὲ,
1623 3925 1875 3998 καθάπερ

281 4023 499 4089 ἀκούω,
529 4023 593 4077 τό
618 4041 680 4078 τε
709 4024 936 4096 ἀρχαῖον
975 4021 1237 4094 Ἕλληνες
1255 4061 1271 4089 ,
1301 4018 1397 4073 καὶ
1427 4017 1499 4071 τὰ
1521 4015 1616 4071 νῦν
1645 4017 1739 4072 ἐπὶ
1772 4017 1877 4089 τῆς

1978 1841 2074 1905 sit;
2099 1841 2466 1896 considerate.
2501 1839 2735 1907 Quantis
2756 1855 2853 1895 vos
2887 1837 3144 1893 laudibus
3173 1847 3304 1892 tunc
3328 1833 3556 1890 ornavi!

1975 1927 2132 1984 Nunc
2156 1943 2436 1999 veroxper
2462 1929 2600 1984 deos
2648 1928 3012 1991 immortales,
3041 1941 3166 1981 cum
3203 1939 3303 1980 vos
3334 1925 3564 1981 laudare

1975 2019 2252 2085 deberem,
2285 2019 2357 2074 ob
2389 2018 2718 2090 gravitatem
2753 2017 2980 2072 admissi
3012 2015 3275 2071 facinoris
3294 2013 3350 2070 id
3384 2013 3567 2070 facere

1976 2125 2088 2164 non
2118 2123 2367 2178 possum.
2428 2107 2607 2164 Audet
2641 2107 2877 2178 populus
2921 2107 3097 2162 instar
3148 2119 3346 2160 canum
3381 2103 3563 2158 homi-

1977 2213 2102 2255 nem
2137 2199 2471 2269 discerpere.
2525 2197 2637 2253 Nec
2668 2197 2913 2268 posthaec
2945 2196 3153 2267 pudore
3195 2194 3429 2249 afficitur
3461 2211 3474 2248 :
3509 2201 3566 2249 et

1981 2305 2180 2346 manus
2208 2291 2367 2360 quasi
2418 2305 2588 2360 puras
2623 2297 2830 2358 servat,
2880 2298 2942 2344 ut
2988 2303 3084 2344 eas
3128 2288 3198 2342 ab
3230 2287 3380 2343 omni
3415 2286 3567 2342 caede

1976 2384 2222 2454 integras
2250 2381 2318 2437 ad
2347 2381 2482 2438 deos
2527 2381 2734 2438 tendat.
2763 2381 2982 2437 Atenim
3011 2379 3214 2452 dignus
3243 2386 3362 2434 erat
3392 2378 3566 2434 Geor-

1977 2474 2101 2546 gius
2128 2475 2222 2544 qui
2252 2474 2384 2528 talia
2423 2481 2728 2544 pateretur.
2757 2472 2896 2538 lmo,
2930 2470 3126 2537 fateor,
3187 2471 3274 2528 his
3328 2472 3566 2527 fortasse

1974 2566 2231 2638 graviora
2271 2573 2328 2622 et
2357 2566 2667 2621 acerbiora.
2699 2565 2780 2618 Ac
2807 2564 2854 2620 si
2878 2569 3102 2634 propter
3121 2577 3218 2619 vos
3243 2563 3377 2619 illud
3410 2579 3564 2618 com-

1977 2657 2252 2713 meruisse
2282 2657 2556 2722 dixeritis,
2589 2656 2842 2726 equidem
2895 2654 3056 2710 vobis
3100 2657 3405 2722 assentiar;
3464 2657 3563 2713 sed

1979 2746 2030 2803 si
2067 2744 2323 2813 addatur,
2365 2759 2394 2800 a
2433 2745 2592 2800 vobis
2627 2745 2773 2801 istud
2818 2746 2927 2816 pati
2956 2745 3233 2811 debuisse,
3262 2745 3316 2800 id
3357 2761 3565 2817 nequa-

1977 2855 2144 2910 quam
2174 2839 2440 2896 concedo.
2477 2838 2620 2895 Sunt
2638 2840 2786 2894 enim
2820 2839 2978 2894 vobis
3019 2839 3169 2909 leges
3195 2853 3319 2908 quae
3340 2838 3411 2894 ab
3445 2852 3564 2893 om-

1979 2931 2140 2987 nibus
2168 2932 2423 3002 privatim
2447 2945 2511 2986 ac
2549 2930 2770 3001 publice
2789 2929 2896 2985 coli
2943 2937 3107 3000 atque
3154 2929 3437 2985 observari
3464 2929 3563 2985 de-

1980 3023 2130 3080 bent.
2160 3023 2318 3090 Quod
2346 3023 2394 3080 si
2417 3023 2731 3094 contigerit,
2760 3030 2822 3078 ut
2843 3037 2921 3079 eae
2949 3036 2978 3076 a
2997 3022 3222 3093 privatis
3243 3021 3563 3078 hominibus

1979 3117 2275 3182 violentur,
2305 3124 2362 3172 at
2380 3117 2779 3188 rempublicam
2809 3116 2971 3172 bonis
3013 3113 3224 3188 legibus
3266 3115 3564 3185 gubernari

1979 3215 2216 3278 oportet,
2250 3222 2459 3278 vosque
2487 3208 2598 3264 illis
2622 3208 3008 3278 obtemperare
3035 3206 3216 3272 decet,
3249 3221 3352 3262 nec
3385 3215 3566 3261 trans-

1979 3298 2134 3368 gredi
2168 3313 2234 3354 ea
2259 3313 2382 3368 quae
2425 3299 2494 3354 ab
2552 3299 2712 3355 initio
2758 3299 3022 3370 praeclare
3063 3307 3194 3353 sunt
3232 3297 3559 3353 constituta.

1979 3385 2236 3444 Feliciter
2259 3388 2485 3444 omnino
2514 3387 2566 3443 id
2593 3388 2752 3444 vobis
2791 3388 2980 3452 cessit,
3002 3387 3148 3443 cives
3178 3385 3560 3452 Alexandrini,

1980 3476 2126 3548 quod
2160 3493 2246 3533 me
2287 3486 2550 3550 regnante
2586 3477 2904 3548 huiusmodi
2943 3475 3159 3532 facinus
3217 3474 3558 3541 admisistis;

1979 3569 2073 3639 qui
2100 3577 2214 3624 tum
2232 3569 2314 3624 -ob
2346 3569 2708 3623 reverentiam
2743 3582 2872 3638 erga
2919 3566 3113 3630 Deum,
3167 3574 3278 3621 tum
3328 3573 3556 3636 propter

1979 3673 2142 3714 avum
2186 3673 2392 3722 meum,
2423 3665 2478 3714 et
2505 3659 2836 3714 avunculum
2868 3657 2999 3712 mihi
3029 3655 3432 3728 cognominem,
3463 3655 3561 3727 qui

1980 3748 2297 3804 universam
2321 3745 2618 3818 Egyptum
2655 3755 2710 3804 et
2737 3748 3011 3802 civitatem
3053 3753 3292 3803 vestram
3328 3746 3563 3801 admini-

1979 3839 2194 3907 stravit,
2231 3837 2532 3896 fraternam
2588 3854 2718 3911 erga
2753 3853 2852 3896 vos
2901 3838 3224 3896 charitatem
3265 3853 3559 3895 conservo.

1978 3929 2139 3987 Certe
2176 3937 2421 4002 potestas
2453 3945 2576 4002 qua:
2603 3929 2878 3986 contemni
2911 3944 2974 3987 se
2998 3945 3106 3985 non
3139 3929 3365 4001 patitur,
3389 3936 3444 3984 et
3471 3942 3560 3983 se-

1977 4033 2162 4084 verus.
2185 4022 2348 4094 176
2389 4029 2556 4095 atque
2590 4022 2804 4095 integer
2842 4022 3221 4094 principatus,
3273 4033 3559 4091 nunquam

1455 4203 1728 4262 VALESII
1764 4201 2323 4260 ANNOTATIONES.

280 4369 586 4424 librorum.
653 4365 860 4424 Deinde
896 4362 1043 4435 quod
1083 4362 1387 4435 Artemium
1419 4358 1869 4435 ducem_IEgypti

279 4445 540 4501 excusat,
575 4431 999 4506 perimlequasi
1028 4433 1380 4506 illeciviliter
1411 4431 1786 4506 ac‘moderate
1814 4444 1875 4485 se

2051 4357 2164 4428 (3|)
2194 4357 2298 4412 Διὰ
2317 4354 2702 4428 τὸτί-πάππον
2742 4355 2851 4428 τὸν
2880 4353 3028 4428 (inor
3067 4353 3167 4428 grai
3206 4352 3558 4428 ηόμὼνυμον.

1979 4423 2374 4496 Rectiusapud
2405 4423 2778 4496 Nicephorum
2810 4423 3010 4496 legitur
3028 4424 3122 4496 τὸν
3142 4423 3284 4496 θεῖον
3309 4424 3402 4478 τὸν
3423 4424 3562 4496 εμὺν

280 4493 553 4590 gessisset.
577 4493 751 4588 initio.
770 4493 1266 4590 administrationis
1300 4516 1434 4558 suae.
1460 4499 1617 4568 Quod
1651 4499 1873 4590 quidem
1906 4535 1952 4590 Β
1979 4497 2076 4590 κέ).
2115 4493 2422 4590 ὁμῴνξθμον.
2445 4493 2728 4590 Julialnum
2758 4493 2901 4590 enim
2930 4494 3188 4590 iAritelligit
3215 4494 3563 4590 exlpraafcgto

284 4572 759 4632 absurdissimum
792 4584 963 4638 esset,
1017 4573 1062 4629 si
1091 4572 1344 4628 Julianus
1388 4586 1516 4626 eum
1547 4576 1869 4633 excusaret,

284 4663 450 4716 quem
481 4646 648 4715 quasi
678 4645 903 4700 noxittm
933 4643 1110 4716 occidi
1131 4643 1396 4716 iusserat.
1437 4639 1498 4695 Si
1537 4640 1663 4716 quis
1704 4639 1872 4709 igitur

284 4711 606 4774 versionem
635 4724 885 4771 nostram
918 4713 1074 4784 sequi
1127 4711 1406 4784 maluerit,
1449 4711 1872 4784 _unica‘ta_ntum

286 4787 562 4860 particula
595 4786 899 4855 supplenda
932 4778 1016 4840 est
1042 4783 1144 4838 hoc
1171 4783 1334 4836 modo
1366 4799 1406 4860 :_
1448 4779 1576 4860 ίσιος
1621 4778 1678 4832 δὲ
1696 4778 1874 4860 Γεώρ-

283 4849 400 4922 γιον
434 4849 683 4926 μᾶλλον.-
704 4849 772 4926 ὀι
813 4863 1028 4926 caetera,
1058 4860 1133 4926 ut_
1156 4867 1344 4926 supra.
1368 4849 1786 4926 Petaviusvero
1804 4849 1871 4926 _i_n

284 4919 446 4982 ἠοιίέ
466 4926 540 4979 ad
577 4925 871 4994 epistolam
918 4925 1066 4978 illam
1105 4919 1334 4994 Juliani,
1369 4935 1441 4994 εις
1464 4919 1872 4994 sc_riptis_cod_i-

282 4998 444 5079 cibus
478 4986 653 5049 aliath
692 4996 903 5079 profert
935 4992 1376 5079 emendationem
1427 4986 1770 5058 hujusmodi,
1813 4987 1874 5052 ὃς

280 5067 450 5119 αὑτὸν
485 5064 928 5134 παρεφύλαττεν,
959 5071 1068 5134 etc.

350 5136 470 5205 (9.8)
501 5125 621 5188 Ἠν
638 5125 833 5202 jupr
861 5125 1068 5205 πρώτῃ
1091 5131 1432 5205 ἐπέστειλα.
1474 5125 1662 5205 Magis
1695 5128 1876 5205 placet

282 5197 471 5267 lectio,
511 5197 683 5275 quam
699 5197 768 5275 3.1
800 5197 990 5275 codice
1005 5201 1326 5275 Florentino
1350 5209 1403 5255 et
1421 5197 1585 5275 apud
1599 5197 1873 5269 Nicepho-

280 5268 658 5348 rutnjnv'enj,
765 5272 947 5348 μικρῷ
977 5271 1164 5348 πρώην
1195 5268 1509 5348 Δἐπέστειλα..

355 5345 472 5415 (‘29)
513 5336 1097 5415 Καίίςρὺλάτὲέινξιη
1120 5336 1368 5415 epistolis
1394 5337 1597 5394 Juliani
1638 5336 1875 5415 Cmsaris

279 5412 488 5485 legitur
523 5415 624 5468 καὶ
659 5412 937 5485 φυλάττει.
975 5412 1501 5485 Quam’scripturam
1529 5417 1756 5485 secutus
1789 5414 1877 5462 est

279 5479 508 5555 Langus
542 5479 819 5556 interpres
851 5483 1176 5556 Nicephori,
1211 5479 1375 5536 ita'ut
1410 5479 1676 5551 particula
1715 5491 1874 5548 nega-

280 5552 805 5611 tiva'subaudiatur
841 5555 954 5608 ἀπὸ
988 5552 1202 5607 κοινοῦ.

354 5627 470 5697 (30)
515 5627 629 5680 Καὶ
679 5625 755 5680 δι’
796 5624 956 5698 ὑμᾶς
997 5622 1204 5693 ἐρεῖτε.
1244 5619 1610 5680 Scribendttm
1643 5627 1727 5678 est
1772 5616 1875 5675 κᾶν

282 5693 350 5749 δι’
365 5693 371 5696 ⁷
387 5693 528 5769 ὑμᾶς
563 5699 758 5771 ἐρεῖτε.

1979 4563 2225 4638 Αῐεγριί,
2252 4563 2320 4638 de
2353 4580 2463 4638 quo
2492 4565 2663 4638 multa
2695 4563 2888 4638 scribit
2930 4563 3561 4638 Ammianus_Marcelli-

1981 4632 2201 4706 nusfln
2230 4632 2483 4706 epistolis
2511 4632 2710 4706 Juliaui
2739 4641 2971 4706 utraque
3001 4633 3562 4706 lectio‘haheturhoc

1979 4705 2144 4761 modo
2177 4721 2190 4757 :
2221 4702 2310 4759 διά
2347 4706 2438 4760 τὸν
2469 4703 2695 4758 πάππον
2723 4703 2816 4757 τὸν
2844 4702 2978 4773 ἐμὸν
3004 4703 3105 4774 καὶ
3132 4704 3224 4756 τὸν
3251 4703 3391 4757 θεῖον
3421 4702 3564 4774 ὀμώ-

1979 4793 2168 4847 νυμον.
2206 4774 2406 4830 Verum
2441 4775 2555 4830 haec
2582 4775 2857 4845 scriptura
2883 4773 3016 4828 ferri
3044 4788 3151 4827 non
3198 4781 3410 4842 potest;
3459 4789 3562 4828 cur

1979 4850 2128 4900 enim
2156 4845 2262 4900 hoc
2287 4844 2679 4900 locoJulianus
2696 4859 2859 4898 avum
2881 4857 3040 4899 suum
3064 4843 3563 4898 commemoraret?

1979 4852 2128 4901 enim
2156 4852 2262 4900 hoc
2287 4852 2410 4901 loco
2423 4852 2679 4900 Julianus
2696 4859 2859 4898 avum
2881 4857 3040 4899 suum
3064 4852 3559 4898 commemoraret“:

1979 4915 2139 4971 Certe
2168 4914 2510 4971 Sozomenus
2539 4917 2871 4984 scripturam
2906 4912 3220 4984 Nicephori
3243 4913 3559 4984 confirmat.

1978 4984 2072 5040 Sic
2102 4985 2248 5040 enim
2282 4985 2443 5040 habet
2471 4987 2525 5039 in
2566 4981 2690 5053 cap.
2738 4985 2770 5038 7
2794 4983 2888 5037 lib.
2922 5000 2955 5053 _v
2987 5001 3000 5037 :
3032 4981 3141 5053 Καὶ
3170 4981 3268 5052 τὴν
3287 4982 3562 5053 τιμωρίαν

1977 5055 2378 5135 συνεχξῦρησεν,
2402 5055 2560 5145 αἱροῖ,
2580 5051 2735 5177 φησὶ,
2756 5055 2823 5123 τῇ
2845 5051 2981 5174 πῗός
3008 5051 3252 5123 Σάραπιν
3267 5051 3357 5104 τὸν
3379 5051 3564 5142 at}sz

1977 5125 2283 5177 πολιουγον.
2320 5125 2413 5177 καὶ
2473 5123 2578 5176 Αλέ
2615 5123 2825 5177 ανδοον.
2864 5139 2895 5174 τ
2927 5140 2956 5175 ν
2987 5119 3256 5177 οἰκιστὴν.
3297 5120 3391 5174 καὶ
3443 5119 3562 5176 1ου-

1975 5119 2283 5196 πολιὸὖχον,
2320 5125 2413 5178 καὶ
2458 5119 2825 5192 Ἀλέξανδρον,
2864 5119 2956 5175 τῖιν
2987 5119 3256 5191 οἰκιστὴν,
3297 5120 3391 5174 καὶ
3425 5119 3562 5176 Ἰου-

1974 5195 2153 5248 λιανόν
2179 5193 2270 5246 τὸν
2299 5192 2464 5247 αὑτοῦ
2499 5193 2662 5255 θεῖον,
2693 5191 2886 5259 δς-πρὸ
2922 5191 3112 5245 τούτου
3146 5189 3421 5259 Αἰγύπτου
3467 5191 3564 5244 καὶ

1975 5265 2077 5335 τῆς
2115 5262 2532 5335 ξᾼλεξανδρείας
2557 5262 2728 5335 αὐτῆς
2750 5257 3078 5335 ἦρξενηριο.
3122 5289 3149 5335 _~

2049 5328 2388 5404 (52)Δήμού
2419 5332 2575 5404 ίδεῖνί
2617 5328 3246 5404 τόζλμῆμαηιριιλορῑίιηῑε
3275 5328 3563 5404 codicibus

1979 5399 2304 5459 Florentino
2329 5411 2384 5458 et
2411 5402 2689 5457 Sfortiano
2710 5399 2764 5456 et
2779 5399 2924 5472 apud
2953 5399 3324 5472 Nicephorum
3358 5399 3561 5472 legitur

1979 5474 2042 5544 δή
2053 5491 2153 5545 μου
2177 5473 2736 5545 περιιδεῖν-τόλμημα.
2845 5470 3077 5545 vulgatis
3093 5467 3290 5545 autem
3308 5467 3564 5520 editioni-

1980 5535 2085 5600 δύο
2120 5535 2325 5598 Iuliani
2350 5535 2733 5612 scriptu'mnest
2767 5535 3217 5612 ίδοιενῖεόλμημα.
3251 5535 3432 5612 Quare
3451 5548 3563 5612 I191]

1981 5615 2172 5670 dubito
2207 5613 2336 5682 quin
2363 5601 2718 5668 scribendum
2746 5612 2819 5667 sit
2849 5611 2954 5667 hoc
2979 5601 3134 5671 loco,
3153 5604 3345 5658 οὔποτε
3377 5602 3444 5657 ἂν
3462 5601 3564 5672 δή-

1985 5701 2089 5755 μου
2113 5683 2402 5756 περιίδοιεν
2420 5683 2695 5755 τόλμημα.
