4070 6204
513 283 622 340 387
935 313 939 317 η
1703 282 1705 284 ‘
1983 254 2328 317 SOCRATIS
3669 239 3779 294 388

517 398 794 470 negligere
823 356 1272 461 soletcjusmodi
1307 380 1636 456 populorum
1687 378 1961 442 facinora,
1987 376 2083 432 sed
2114 433 2115 438 η

2219 371 2467 443 ὐγενείας
2505 368 2719 439 ἐκείνης
2745 365 2860 438 (53)
2908 356 3136 418 ὕπεστιν
3178 362 3308 430 ὑμῖν
3343 355 3649 470 ἀξιόλογος1
3683 356 3782 408 καὶ

518 450 781 560 ιοιῖψῖοηι
818 450 1045 557 ετανειιί
1074 479 1330 536 morbum
1369 475 1654 532 acerbiore
1685 471 2092 528 medicamento

2217 466 2442 536 γενναῖος
2483 464 2542 516 ἐν
2566 465 2635 534 τῇ
2669 460 2878 531 διανοίᾳ
2903 459 2999 512 καὶ
3028 459 3142 519 τοῖς
3171 451 3600 523 ἐπιτηδεύμασιν
3627 450 3654 562 ό
3678 465 3782 554 ζα-

518 543 777 650 purgare.
818 543 956 645 *Εεο
1015 587 1147 628 vero
1201 569 1276 624 ob
1327 582 1423 623 eas
1477 577 1678 621 causas
1732 577 1873 633 quas
1924 573 2094 630 supra

2217 556 2436 628 νακτήρ.
2482 551 2842 626 Προστεθήτω
2869 553 2983 615 τοῖς
3019 550 3171 620 ἐμοῖς
3199 545 3311 617 (54)
3347 543 3596 605 πολίταις
3631 543 3784 594 Ἀλε-

519 637 984 729 ξιοῐηνιηειηοτονί,
1032 662 1210 717 lenius
1268 658 1426 716 vobis
1486 654 1787 711 remedium
1835 652 2092 714 adhibeo,

2217 647 2538 719 Ξανδρεῦσιν.
2575 643 2811 699 Τοιαῦτα
2845 644 2943 714 μὲν
2970 637 3064 696 οὐν
3089 643 3119 694 ό
3145 637 3417 710 βασιλεύς.

486 741 491 748 ’
521 725 828 818 sermonem
862 725 1072 815 scilicet
1102 763 1158 810 et
1221 749 1684 808 exhortationem.
1741 745 1952 813 Quibus
1993 742 2253 799 libentius
2275 781 2290 808 ,
2335 739 2416 794 uti
2453 738 2694 805 confido,
2733 735 2995 810 parebitis
3030 752 3046 790 :
3091 733 3294 804 quippe
3327 729 3422 799 qui
3450 735 3506 784 et
3539 743 3569 782 a
3599 725 3784 796 prima

519 858 752 929 origine,
793 863 855 911 ut
885 852 1082 919 audio,
1120 847 1296 906 Graeci
1325 847 1484 914 estis;
1529 853 1585 901 et
1634 844 1802 914 hujus
1855 839 2162 898 nobilitatis
2201 837 2473 892 illustrem
2535 827 2597 889 et
2641 834 2900 889 eximiam
2951 839 3138 884 notam
3169 828 3226 881 in
3255 824 3464 929 vestris
3502 820 3785 876 mentibus

522 966 586 1006 ac
607 915 820 1006 studiis
860 915 1158 1003 etiamnum
1195 939 1465 997 retinetis.
1533 936 1884 1007 Proponatur
1947 931 2163 988 civibus
2203 929 2342 985 meis
2363 925 2774 984 Alexandrinis.
2801 922 2983 995 Atque
3019 922 3136 977 haec
3164 925 3296 974 sunt
3344 915 3414 972 ab
3449 916 3785 986 imperatore

519 1041 755 1112 scripta.

2758 1103 3010 1157 ΚΕΦΑΛ.
3060 1103 3135 1157 Δ’.

2207 1198 2306 1264 Ὠς
2327 1195 2620 1264 Γεωργίου
2642 1195 3076 1264 ἀναιρεθέντος,
3101 1189 3786 1264 Ἀθαγάοζιοςᾌκατελθᾶηθ

2267 1261 2354 1331 εἰς
2377 1261 2507 1332 τὴν
2525 1261 2913 1333 Ἐκκλησίαν,
2951 1263 3066 1333 τῆς
3099 1261 3545 1332 Ἀλεξανδρείας
3566 1261 3782 1332 ἐγκρα-

2266 1337 2380 1404 τὴς
2411 1336 2668 1404 ἐγένετο.

596 1436 754 1494 Haud
782 1437 956 1493 multo
1000 1441 1149 1505 post,
1179 1433 1547 1490 Athanasium
1585 1431 1654 1486 ab
1683 1429 1882 1486 exsilio
1913 1441 2101 1484 rever-

2269 1426 2385 1479 Οὐκ
2414 1427 2493 1488 εἰς
2516 1423 2732 1495 μακρὰν
2747 1425 2847 1494 τῆς
2867 1422 3046 1494 φυγῆς
3064 1421 3392 1476 κατελθόντα
3406 1421 3778 1485 Ἀθανάσιονθ,

527 1543 651 1583 sum
702 1525 1111 1581 Alexandrinus
1162 1523 1396 1593 populus
1444 1522 1677 1578 libenter
1725 1519 2000 1588 suscepit;
2045 1523 2101 1573 et

2217 1515 2450 1586 ὶσμένως
2479 1516 2509 1568 ὁ
2544 1514 2654 1568 τῶν
2699 1514 3089 1585 Ἀλεξανδρέων
3127 1513 3253 1577 λαὸς
3295 1513 3544 1579 ἐδέξατο·
3574 1512 3785 1583 egoen-

527 1619 765 1674 Arianos
817 1616 1036 1686 quidem
1075 1614 1330 1672 ecclesiis
1373 1613 1571 1685 ejecit,
1617 1611 1922 1667 Athanasio
1971 1623 2102 1665 vero

2217 1626 2302 1664 raw
2350 1609 2472 1662 τότε
2507 1610 2574 1662 ἐκ
2623 1606 2729 1660 τῶν
2767 1605 3073 1678 ἐκκλησιῶν
3108 1606 3235 1668 τοὺς
3272 1603 3366 1658 τοῦ
3418 1602 3667 1675 ’Δριανοῦ
3695 1603 3786 1658 δό-

527 1725 625 1766 eas
655 1707 901 1763 tradidit.
953 1706 1128 1762 Porro
1167 1714 1352 1762 autem
1400 1704 1592 1760 Ariani
1636 1704 1694 1759 in
1730 1701 1941 1757 aedibus
1973 1700 2101 1771 qui-

2217 1715 2410 1770 γματος
2431 1714 2447 1732 ο
2483 1692 2839 1768 παραδιδόασι
2865 1697 2923 1750 δὲ
2967 1696 3269 1766 Ἀθανασίῳ
3302 1695 3429 1758 τοὺς
3460 1695 3786 1766 εὐκτηρίους

531 1801 763 1858 busdam
788 1800 989 1855 vilibus
1034 1805 1090 1855 et
1119 1797 1374 1854 obscuris
1413 1801 1721 1851 conventus
1755 1801 2000 1864 agentes,
2044 1791 2100 1844 in

2217 1789 2420 1853 πόπους.
2451 1789 2515 1844 οι
2563 1789 2622 1843 δὲ
2669 1789 3075 1860 ἀρειανίζοντες
3097 1829 3112 1853 ,
3147 1788 3204 1841 ἐν
3249 1785 3513 1850 οἰκίσκοις
3548 1786 3786 1857 ἀσήμοις

531 1895 711 1948 locum
740 1891 966 1962 Georgii
988 1889 1218 1946 Lucium
1255 1890 1548 1960 quemdam
1575 1854 2003 1943 substittierunt.
2037 1881 2104 1937 Et

2217 1881 2562 1951 ςυναγόμενοι
2582 1916 2598 1943 ,
2639 1854 2723 1942 εις
2745 1877 2907 1932 τόπον
2933 1877 3207 1948 Γεωργίου
3242 1874 3472 1928 Λούκιον
3504 1854 3787 1946 προχειρί-

532 1983 876 2042 Alexandriae
899 1981 1123 2055 quidem
1160 1982 1250 2038 hic
1291 1996 1476 2039 rerum
1521 1987 1698 2037 status
1736 1985 1872 2032 tunc
1902 1983 2106 2046 tempo-

2217 1971 2407 2036 ζονται.
2453 1970 2542 2022 Ἐν
2582 1968 2806 2041 τοιαύτῃ
2854 1968 2954 2039 μὲν
2980 1967 3048 2038 δὴ
3073 1966 3403 2021 καταστάσει
3425 1965 3495 2020 τὰ
3514 1964 3658 2020 κατὰ
3684 1965 3786 2037 τὴν

535 2079 615 2134 ris
645 2076 771 2133 fuit.

2219 2059 2626 2132 Ἀλεξάνδρειαν
2649 2057 2741 2132 ἦν.

2807 2150 3056 2204 ΚΕΦΔΛ.
3109 2149 3188 2208 E'.

1167 1123 1318 1182 CAP.
1359 1121 1451 1178 Ν.

524 1219 773 1288 Qualiter
803 1215 1164 1288 Athanasius,
1199 1215 1372 1288 occiso
1419 1210 1639 1282 Georgio
1661 1248 1676 1275 ,
1713 1201 2096 1288 Aleagandriam

735 1302 993 1351 reuersus,
1031 1284 1326 1338 Ecclesium
1354 1299 1510 1338 suam
1539 1284 1886 1348 recuperavit.

1178 2160 1335 2222 CAP.
1383 2159 1450 2214 ν.

959 2253 1038 2310 De
1061 2253 1307 2322 Lucifero
1337 2261 1386 2307 et
1414 2251 1659 2306 Eusebio.

606 2345 812 2402 Eodem
847 2352 1096 2415 tempore
1137 2342 1361 2398 Lucifer
1387 2350 1444 2396 et
1475 2339 1769 2406 Eusebius,
1813 2339 2109 2410 imperato-

537 2438 618 2493 ris
645 2437 807 2505 jussu
837 2437 906 2491 ab
935 2435 1131 2492 exsilio
1153 2433 1395 2490 revocati
1425 2441 1556 2489 sunt
1581 2446 1598 2485 :
1629 2445 1865 2501 quorum
1890 2427 2110 2484 Lucifer

537 2527 796 2597 quidem,
845 2525 1060 2582 Caralis
1113 2540 1238 2596 quae
1284 2525 1419 2581 urbs
1475 2531 1562 2578 est
1617 2521 1924 2587 Sardinia,
1988 2530 2113 2577 erat

538 2619 862 2688 episcopus;
891 2616 1161 2672 Eusebius
1180 2630 1313 2672 vero
1339 2614 1734 2678 Vercel'arum,
1765 2627 1887 2684 qua:
1916 2611 2110 2668 civitas

543 2707 700 2776 177
722 2714 807 2762 est
834 2705 1094 2778 Ligurum
1137 2706 1195 2760 in
1239 2705 1420 2769 Italia,
1457 2711 1518 2758 ut
1561 2703 1726 2758 etiam
1771 2712 1933 2758 antea
1973 2701 2107 2758 dixi.

539 2797 716 2854 Ambo
768 2795 954 2866 itaque
1005 2810 1074 2852 ex
1132 2795 1407 2866 superiori
1465 2793 1741 2850 Thebaide
1793 2794 1865 2849 ab
1917 2793 2112 2849 exsilio

540 2885 859 2948 redeuntes,
911 2884 1208 2941 consilium
1258 2883 1407 2938 inter
1455 2896 1512 2938 se
1562 2881 1826 2948 inierunt,
1873 2895 2110 2951 quonam

541 2971 704 3028 modo
746 2972 1137 3028 ecclesiasticis
1173 2970 1386 3041 legibus
1430 2968 1837 3035 subvenirent,
1875 2983 1977 3025 nec
2016 2984 2110 3027 eas

540 3062 739 3119 violari
765 3062 989 3133 impune
1021 3068 1360 3134 paterentur.

1185 3145 1338 3207 CAP.
1381 3149 1470 3206 Vl.

501 3308 505 3310 _
544 3244 820 3316 Quomodo
854 3235 1080 3301 'Lucil'er
1127 3241 1425 3299 Antiochia:
1471 3238 1766 3296 Paulinum
1818 3241 2107 3298 ordinavit.

611 3399 825 3455 Placuit
879 3397 1045 3470 igitur
1087 3406 1148 3453 ut
1198 3394 1418 3452 Lucifer
1460 3392 1684 3466 quidem
1763 3395 2110 3454 Antiochiam

543 3490 1024 3562 proficisceretur,
1060 3486 1333 3544 Eusebius
1377 3493 1558 3541 autem
1589 3485 1977 3543 Alexandriam
2010 3506 2026 3546 :
2056 3500 2116 3544 ut

545 3599 654 3640 una
691 3598 817 3639 cum
851 3581 1153 3638 Athanasio
1177 3578 1446 3652 synodum
1476 3586 1894 3652 congregantes,
1925 3580 2116 3667 Eccle-

2484 2245 2627 2313 Περὶ
2647 2245 3035 2312 Λουκίφερος,
3057 2243 3158 2296 καὶ
3187 2242 3502 2298 Εὐσεϐίου.

2291 2335 2382 2390 Ἐν
2419 2335 2477 2389 δέ
2507 2337 2572 2406 δὴ
2609 2335 2745 2406 τῷδε
2767 2335 2846 2406 τῷ
2878 2335 3055 2405 χρόνῳ
3068 2333 3345 2406 Λούκιφερ
3381 2335 3474 2388 καὶ
3502 2332 3787 2401 Εὐσέϐιος,

2209 2428 2592 2499 προστάγματι
2617 2427 2711 2482 τοῦ
2731 2427 3014 2498 βασιλέως,
3032 2430 3131 2499 τῆς
3159 2427 3372 2500 ἐξορίας
3392 2427 3785 2498 ἀνακέκληντοο

2211 2518 2487 2590 Λούκιφερ
2521 2519 2619 2590 μὲν
2656 2518 2925 2589 Καράλων
2963 2519 3259 2583 ἐπίσκοπος
3293 2518 3315 2559 ί
3337 2560 3352 2585 ,
3381 2519 3416 2590 ἥ
3461 2522 3576 2573 ἐστι
3631 2518 3789 2581 πόλις

2211 2609 2542 2682 Σαρδανίαςο
2603 2609 2864 2673 Εὐσέϐιος
2893 2609 2951 2663 δὲ
2979 2609 3325 2680 Βρεκὲλλωνο
3379 2610 3532 2672 πόλις
3561 2609 3617 2662 δὲ
3646 2607 3792 2679 αὐτη

2192 2701 2320 2755 ’τῶν
2342 2703 2399 2754 ἐν
2424 2699 2624 2772 Ἰταλίᾳ
2654 2700 2888 2770 Λιγύων,
2911 2699 2987 2764 ὥς
3025 2718 3114 2773 μοι
3137 2703 3231 2756 καὶ
3257 2701 3517 2773 πρότερον
3550 2700 3787 2770 εῐρηται.

2215 2792 2417 2861 ’Λμφω
2443 2786 2536 2846 οὖν
2563 2791 2672 2845 τῶν
2711 2791 2824 2846 ἄνω
2849 2791 3044 2862 Θηδῶν
3079 2791 3179 2862 τῆς
3204 2791 3418 2862 ἐξορίας
3455 2791 3790 2853 ἐπανιόντες,

2213 2882 2514 2952 σύμϐουλον
2541 2882 2822 2937 ἐποιοῦντο
2852 2883 2986 2954 (55),
3015 2883 3139 2938 τίνα
3179 2883 3380 2954 τρόπον
3415 2882 3507 2936 τὸν
3532 2882 3629 2952 τῆς
3667 2881 3796 2935 Ἐκ-

2212 2973 2442 3045 κλησίας
2472 2974 2674 3032 κανόνα
2700 2975 3144 3048 διαφθειρόμενον
3176 2975 3252 3048 μὴ
3277 2974 3600 3046 παριδωσιν.

2815 3153 3063 3208 ΚΕΦΑΔ.
3113 3155 3205 3220 (τ’.

2227 3243 2324 3310 Ὠς
2349 3241 2646 3314 Λούκιφερ
2672 3245 2744 3299 ἐν
2769 3244 3099 3314 Ἀντιοχείᾳ
3129 3243 3468 3314 γενόμενος,
3489 3239 3796 3296 Παυλῖνον

2772 3313 3250 3383 ἐχειροτόνησεν.
3536 3373 3541 3376 _

2284 3404 2490 3458 Ἐδόκει
2514 3399 2627 3469 οὖν,
2645 3402 2957 3476 Δουκίφερα
2993 3405 3092 3476 μὲν
3123 3404 3216 3459 ἐπὶ
3244 3405 3342 3479 τὴν
3367 3406 3565 3477 Συρίας
3590 3408 3796 3461 Ἀντιό-

2215 3511 2366 3564 χειαν
2399 3495 2825 3566 παραγενέσθαι,
2853 3495 3114 3550 Εὐσέὁιον
3137 3497 3196 3552 δέ
3223 3500 3312 3551 ἐπ’
3351 3500 3790 3572 ’Δλεξάνδρειανο

2219 3585 2371 3648 ὃπως
2407 3584 2474 3638 ἂν
2503 3584 2716 3638 σύνοδον
2754 3584 3182 3660 ἆμαἈθανασίῳ
3204 3589 3574 3662 ἀθροίσαντες,
3600 3593 3669 3647 τὰ
3691 3595 3796 3665 τῆς

1708 3717 1983 3776 VALESII
2022 3720 2582 3782 ANNOTATIONES.

616 3830 728 3902 ('55)
769 3828 903 3902 Ἐπὶ
936 3828 1047 3899 τῆς
1073 3829 1378 3902 εὐγενείας
1406 3829 1670 3902 ἐκείνης.
1705 3829 1902 3887 Procul
1940 3832 2112 3888 dubio

546 3899 904 3971 scribendum
935 3910 1020 3956 est
1050 3899 1357 3971 xa‘t_'rav6v
1389 3900 1471 3971 ἐτι
1509 3899 1610 3971 τῆς
1652 3901 1930 3970 εὐγενείας
1971 3901 2114 3955 ἐκεί-

545 3987 643 4041 νης
703 3969 947 4041 ὕπεστιν,
999 3977 1106 4026 etc.
1155 3968 1312 4036 Quod
1373 3968 1671 4041 miror_'ab
1718 3968 2115 4041 interpretibus

548 4037 989 4110 animadversum
1023 4053 1141 4110 non;
1162 4040 1356 4110 fuisse.
1398 4037 1454 4110 in
1486 4039 1728 4096 editione
1755 4037 1978 4110 operum
2013 4040 2132 4095 Ju-‘

545 4109 680 4163 liani
716 4109 918 4177 legitur
931 4106 1053 4159 ἐπεὶ
1079 4108 1179 4179 τῆς
1199 4107 1498 4176 εὐγενείας,
1527 4111 1682 4179 gravi
1713 4106 1920 4164 errore.
1947 4109 2116 4165 Paulo

542 4188 675 4251 ante
707 4179 912 4251 oblitus
950 4178 1416 4251 fueram_m_on_ere
1433 4178 1933 4251 scribendumesse
1961 4179 2117 4251 εῐπερ

544 4247 700 4318 ἐστε,
716 4257 784 4318 ut
811 4246 1010 4316 legitur
1041 4247 1186 4318 apud
1221 4244 1586 4318 lulianumpt
1615 4247 2007 4318 Nicephorum.

618 4315 734 4386 (54)
765 4315 1153 4386 Προστεθήτω
1170 4316 1483 4386 τοῖς-ἐμοῖς.
1505 4315 1866 4374 Scribendum
1886 4318 2116 4372 omnino

544 4394 631 4440 est
654 4385 993 4457 προτεθήτω,
1030 4395 1093 4457 ut
1119 4386 1284 4457 habet
1309 4385 1677 4457 Nicephorus.
1707 4388 1764 4442 Id
1789 4395 1894 4452 est,
1920 4402 2116 4457 propo-

547 4464 710 4508 natur
746 4455 942 4510 civibus
997 4456 1124 4509 meis
1163 4455 1556 4513 Alexandrinis.
1599 4456 1675 4513 De
1711 4457 1813 4513 hac
1866 4455 2114 4514 clausula

547 4538 670 4592 quae
701 4523 1074 4591 imperatoriis
1101 4523 1301 4578 edictis
1330 4525 1533 4592 apponi
1555 4527 1787 4591 solebat,
1814 4528 1987 4582 multa
2019 4527 2120 4583 oh-

549 4540 670 4592 qnae
701 4540 1074 4591 imperatoriis
1101 4540 1301 4578 caicus
1330 4540 1533 4646 alipom
1555 4540 1787 4591 sciebat,
1814 4540 1987 4582 multa
2019 4540 2120 4583 οι)-

549 4592 765 4646 servavi
794 4593 850 4646 in
888 4593 1352 4665 A_nnotationi_bus
1427 4594 1728 4660 usebianis,
1761 4610 1886 4665 quae
1914 4597 2004 4652 hic
2034 4613 2123 4654 re-

545 4669 737 4728 petere
754 4659 1091 4728 superﬂuum
1120 4661 1276 4714 duxi.

620 4727 730 4797 (35)
762 4727 1122 4796 Σὺμόουλὴν
1167 4729 1500 4784 ἐποιοῦντο.
1537 4730 1655 4786 Νοιι
1694 4733 1801 4786 soli
1845 4731 2120 4793 Eusebius

541 4810 615 4851 ac
638 4796 879 4864 anifer,
907 4798 976 4853 de
1031 4799 1336 4868 reparando
1364 4799 1741 4856 Ecclesiarum
1787 4810 1933 4859 statu
1969 4815 2024 4860 et
2053 4807 2122 4863 de

2216 3835 2545 3912 stabilienda
2585 3837 2709 3894 lidei
2773 3839 2960 3912 regula
3019 3840 3313 3912 consilium
3373 3841 3657 3912 inierunt;
3691 3848 3790 3902 sed

2217 3907 2310 3982 al_i_i
2379 3917 2644 3982 praeterea
2703 3907 2971 3982 episcopi,
3027 3911 3144 3982 qui?
3185 3907 3791 3982 Julianiimpcratoris
3853 3927 3866 3931 '

2217 3976 2399 4031 edicto
2428 3985 2562 4031 tunc
2587 3978 2660 4032 ab
2680 3976 2879 4033 exsilio
2901 3976 3146 4034 revocati
3185 3990 3314 4036 sunt
3353 4000 3366 4034 :
3399 3976 3645 4037 llila'rius
3679 3987 3791 4039 sci-

2218 4045 2366 4108 licet,
2389 4046 2643 4101 Asterius
2663 4054 2718 4101 et
2745 4049 2963 4113 reliqui,
2997 4059 3056 4102 ut
3081 4059 3229 4104 recte
3253 4059 3402 4104 notat
3419 4051 3794 4109 Theodoritus

2220 4064 2366 4108 "cet,
2389 4064 2643 4101 AStertus
2663 4064 2718 4101 et.
2745 4064 2842 4102 rell
2889 4065 2963 4113 nt,
2997 4064 3056 4102 Ut
3081 4064 3229 4104 reCLe
3253 4064 3402 4104 notat
3419 4064 3793 4109 'I‘ne0d0t'tlus

2220 4114 2277 4168 in
2321 4115 2464 4195 libro
2490 4131 2728 4195 tlt,cap.
2758 4117 2814 4170 4.
2998 4119 3116 4195 zelo
3156 4120 3443 4195 catholica;
3490 4122 3614 4195 lidei
3662 4139 3793 4195 suc-

2221 4185 2396 4247 censi,
2432 4185 2717 4240 haareticos
2744 4196 2800 4240 et
2833 4189 3216 4243 schismaticos
3237 4190 3303 4243 ad
3329 4191 3576 4246 veritatis
3598 4194 3795 4246 trami-

2221 4254 2653 4325 temreducere,
2687 4258 3080 4325 etipristinam
3121 4259 3474 4313 concordiam
3529 4276 3795 4317 revocare

2220 4322 2599 4396 instituerunt.
2623 4323 2778 4390 Quod
2797 4322 2933 4396 ergo
2966 4325 3234 4382 Baronius
3276 4329 3372 4392 ait,
3397 4327 3691 4384 Eusebium
3729 4347 3795 4386 ac

2221 4391 2539 4466 Luciferum
2575 4395 2782 4464 legatos
2827 4391 3148 4466 apostolicae
3178 4397 3331 4452 sedis
3355 4391 3573 4454 creatos
3601 4415 3726 4456 esse
3762 4416 3793 4455 a

2219 4461 2440 4518 Liberio
2472 4464 2538 4518 ad
2573 4461 2940 4534 reparandum
2975 4465 3233 4521 Ecclesiae
3253 4476 3482 4533 statum,
3515 4469 3569 4522 id
3598 4486 3792 4524 verum

2221 4546 2344 4602 esse
2373 4547 2482 4587 non
2518 4533 2716 4602 potest.
2748 4533 2894 4589 ldcm
2927 4537 3071 4591 enim
3106 4535 3396 4590 dicendum
3429 4548 3576 4593 esset
3607 4539 3675 4594 de
3700 4539 3796 4592 lli-

2219 4601 2448 4676 larjoqac
2477 4601 2727 4676 r_é|iquis.
2774 4605 2928 4676 Adde
2965 4609 3110 4676 quod
3141 4606 3370 4662 Rufinus
3436 4607 3537 4661 hoc
3583 4608 3796 4664 diserte

2219 4669 2448 4745 refellit.
2474 4669 2696 4745 Scribit
2742 4675 2889 4727 enim
2926 4669 3252 4745 legationem
3289 4678 3432 4731 hanc
3461 4677 3703 4732 Eusebio
3740 4688 3796 4732 et

2220 4740 2442 4796 Asterio
2472 4743 2778 4811 injunctam
2813 4760 2938 4800 esse
2977 4740 3045 4798 ab
3080 4746 3450 4802 Alexandrina
3484 4747 3720 4818 synodo.

1930 4932 2296 4992 VARIORUM
2307 4979 2321 4994 .

625 5052 648 5080 ο
675 5039 788 5120 Τῆς
827 5037 1025 5120 φργιῇς
1048 5046 1408 5120 κατελθόντα
1450 5043 1815 5120 Ἆθανὰᾳιον.
1848 5047 1976 5104 Post
2010 5066 2116 5120 pu-

544 5111 808 5165 blicatum
831 5108 1062 5185 ‘Ju'liani
1095 5115 1352 5178 edictum,
1385 5132 1494 5185 quo
1523 5118 1807 5174 exsulibus
1848 5108 2112 5174 redeundi

549 5188 817 5257 potestas
852 5189 989 5257 erat,
1035 5183 1367 5257 Athanasius
1404 5183 1794 5241 Alexandriam
1844 5204 2116 5253 reversus,

547 5249 855 5329 ingentior.
907 5249 1058 5329 inore
1107 5255 1278 5329 plebis
1314 5256 1594 5329 catholica:
1635 5258 1836 5326 gaudio
1857 5249 2118 5329 exceptus

543 5319 653 5392 est.
680 5319 735 5372 ln
770 5319 914 5373 hunc
937 5319 1164 5375 reditum
1195 5322 1488 5392 Gregorius
1534 5319 1664 5379 Νεδῑῖ
1689 5343 1751 5380 ea
1782 5330 1964 5381 omnia
1993 5319 2120 5383 con-

547 5389 676 5468 fert,
699 5404 820 5468 qua:
843 5391 907 5442 ad
938 5393 1168 5468 reditum
1194 5389 1442 5468 anniBle
1466 5397 1759 5464 pertinent.
1780 5397 1846 5468 iln
1878 5398 2120 5452 defuncti

541 5459 765 5528 Georgii
794 5459 970 5512 locum
992 5461 1225 5517 Arianos
1259 5459 1483 5522 Lucium
1523 5482 1634 5519 sua:
1667 5467 1921 5521 factionis
1948 5469 2117 5522 homi-

553 5545 671 5581 nent
721 5540 1006 5597 coeptasse
1051 5541 1235 5583 narrat
1267 5531 1542 5588 Socrates.
1589 5534 1786 5589 Verum
1820 5538 2120 5591 reclamare

547 5597 992 5671 videriturActa,
1032 5598 1260 5671 Joviano
1299 5602 1543 5671 principe
1578 5605 1746 5658 edita.
1778 5604 1893 5659 Non
1921 5607 2122 5661 dicitur

543 5669 693 5718 extim
724 5682 790 5722 eo
821 5668 939 5727 loco
970 5670 1202 5725 Arianos
1235 5668 1550 5740 episcopum
1582 5675 1686 5730 sibi
1734 5674 1960 5732 Lucium
1987 5692 2120 5732 con-

2218 5056 2486 5120 stituisse,
2512 5057 2608 5112 sed
2639 5058 2975 5113 constituere
3005 5059 3269 5113 voluisse.
3300 5059 3364 5112 Et
3399 5058 3634 5115 fortasse
3668 5076 3795 5115 cum

2218 5127 2271 5180 in
2289 5125 2510 5197 Georgii
2538 5129 2721 5182 sedem
2748 5129 2972 5182 Lucium
3005 5132 3304 5197 subrogare
3326 5131 3548 5191 vellent,
3571 5133 3796 5185 coerciti

2221 5210 2249 5248 a
2273 5195 2573 5267 catholicis
2596 5198 2832 5262 fuerant,
2851 5214 3083 5266 quorum
3107 5195 3431 5267 ingensernt
3455 5201 3801 5255 Alexandriae

2218 5266 2533 5336 multitudo.
2573 5269 2678 5336 (Cl.
2716 5269 2969 5323 monachi
3019 5266 3300 5323 Benediet.
3349 5268 3451 5323 Vit.
3483 5271 3794 5334 Athanasii,

2219 5335 2284 5389 ad
2303 5351 2446 5408 _ann.
2483 5335 2632 5408 562.)

2297 5406 2316 5443 ί
2351 5406 2650 5476 Λούκιφερ
2685 5406 2972 5474 Κίιράλων
2998 5408 3350 5475 ἐπίσκοπος.
3381 5407 3604 5463 Lucifer
3640 5406 3802 5461 Cala-

2222 5475 2458 5549 ritanus,
2493 5475 2982 5549 sive’Caralitanus
3010 5479 3062 5532 in
3090 5478 3340 5533 Sardinia
3371 5481 3660 5549 cpisc0pus
3685 5483 3801 5531 cla-

2225 5550 2335 5617 ruit
2360 5547 2505 5601 circa
2544 5562 2671 5600 ann.
2730 5548 2854 5611 55L
2891 5548 3353 5617 eodemtempore
3396 5547 3517 5604 cum
3568 5549 3802 5602 Eusebio

2227 5614 2607 5679 Vercellensi,
2660 5617 2976 5670 cormudcm
3040 5614 3333 5681 laborum,
3400 5619 3804 5680 certaminum,

2231 5686 2512 5754 itinerum,
2545 5695 2595 5741 et
2616 5687 2934 5743 exsiliorum
2969 5701 3152 5743 comes
3175 5687 3286 5743 l‘crc
3311 5688 3647 5752 individuus,
3678 5699 3802 5741 cum
