4070 6204
500 210 612 267 395
1941 206 2285 264 SOCRATIS
2796 206 2803 212 '
3651 214 3756 271 395

501 326 669 391 bellii,
703 339 795 391 ne,
828 325 1123 380 verborum
1171 323 1374 394 inopia,
1404 322 1730 379 Trinitatem
1763 339 1876 379 rem
1905 340 2069 380 unam

2177 327 2363 390 οὐσίας
2392 327 2484 380 καὶ
2524 326 2874 390 ὑποστάσεως
2906 327 3084 397 ἴσμεν,
3112 327 3262 381 οὐδὲν
3295 329 3493 384 κωλύει
3511 329 3600 384 διὰ
3627 331 3760 403 βρα-

498 433 627 476 esse
653 425 974 487 putaremus
1006 415 1212 485 triplici
1239 416 1462 470 nomine
1501 416 1849 485 appellatam,
1890 415 1988 470 sed
2016 423 2069 470 ut

2179 419 2320 488 χέων
2371 420 2568 472 εἰπεῖν.
2599 422 2663 473 Οί
2718 420 2818 490 τὴν
2871 418 3188 491 Ἑλληνικὴν
3234 422 3366 491 παρ’
3399 421 3628 494 Ἕλλησι
3667 442 3760 478 σο-

499 509 684 579 potius
733 521 1180 577 unumquemque
1223 521 1416 562 eorum
1475 507 1569 576 qui
1617 506 1973 560 nominantur
2020 504 2069 559 in

2177 510 2305 579 φίαν
2336 508 2448 578 (42)
2476 508 2778 579 ὲκθέμενοι,
2809 509 2908 574 τὴν
2941 509 3040 578 μὲν
3071 509 3255 562 ούσίαν
3309 511 3594 581 πολλαχῶς
3629 513 3763 583 ὡρί-

502 601 797 666 Trinitate,
819 599 988 654 Deum
1013 599 1066 652 in
1098 598 1322 668 propria
1354 611 1592 667 persona
1608 611 1736 652 esse
1755 595 2069 651 credamus.

2179 617 2342 654 σαντο
2369 619 2384 632 ο
2421 601 2772 663 ὑποστάσεως
2826 600 2885 654 δὲ
2935 600 3042 655 οὐδ’
3088 600 3372 672 ἡντιναοῦν
3407 603 3630 675 μνήμην
3660 621 3754 657 πει

502 696 566 750 Et
597 696 712 750 haec
741 693 963 764 quidem
1009 700 1140 746 tunc
1174 705 1204 744 a
1244 691 1458 762 synodo
1487 698 1617 746 sunt
1646 688 1890 744 decreta.
1927 688 2069 755 Quid

2177 691 2446 761 ποίηνται.
2501 692 2787 762 Εἰρηναῖος
2831 691 2888 745 δὲ
2933 692 2961 744 ὁ
3005 691 3391 762 γραμματικὸς
3426 693 3536 763 (45)
3583 695 3642 746 έν
3683 695 3763 767 τῷ

499 795 681 842 autem
712 801 813 840 nos
843 785 912 839 de
942 783 1258 838 substantia
1288 784 1466 852 deque
1497 782 1780 853 [typostasi
1812 780 2069 836 didiceri-

2177 781 2317 834 κατὰ
2364 783 2626 851 στοιχεῖον
2686 782 2992 852 Ἀττικιστῇ
3022 819 3037 844 ,
3075 781 3170 833 καὶ
3221 780 3494 853 βάρϐαρον
3553 783 3764 837 ἀποκα-

500 895 644 941 mus,
664 878 800 932 nihil
825 883 973 932 vetat
1001 875 1295 945 quominus
1319 874 1408 928 hic
1438 873 1680 929 breviter
1709 887 2069 942 exponamus.

2177 874 2256 928 λεϊ
2289 874 2388 946 τὴν
2428 874 2591 939 λέξιν.
2637 875 2788 943 Μηδὲ
2835 874 2944 946 γὰρ
3001 875 3153 946 παρά
3195 892 3303 928 τισι
3350 875 3460 929 τῶν
3515 877 3761 931 παλαιῶν

497 971 601 1036 Qui
645 969 890 1024 Graecam
932 968 1073 1022 inter
1111 965 1330 1023 Graecos
1370 966 1776 1038 pbil050phiam
1826 964 2069 1019 tradide-

2177 966 2438 1038 εἰρῆσθαι.
2477 967 2538 1019 El
2569 967 2626 1019 δέ
2668 984 2769 1020 που
2809 967 2902 1019 καὶ
2923 964 3179 1036 ηὕρηται,
3217 965 3292 1036 μὴ
3343 964 3518 1021 ταῦτα
3555 967 3758 1038 σημαί·

499 1070 646 1124 runt,
679 1059 1043 1115 substantiam
1075 1058 1294 1128 quidem
1343 1057 1597 1127 pluribus
1629 1054 1806 1111 modis
1844 1054 2069 1109 delinie-

2177 1076 2304 1124 νειν,
2359 1059 2444 1128 ἐφ’
2486 1053 2562 1114 ὧν
2607 1058 2702 1114 νῦν
2753 1056 3260 1129 παραλαμϐάνεται.
3301 1059 3459 1129 Παρὰ
3505 1059 3603 1129 μὲν
3647 1059 3759 1130 γὰρ

496 1161 657 1218 runt;
688 1153 1053 1222 ltypostaseos
1082 1163 1212 1204 vero
1235 1149 1441 1202 nullam
1472 1161 1702 1218 prorsus
1737 1145 2069 1200 mentionem

2177 1150 2432 1220 Σοφοκλεῖ
2482 1151 2541 1203 ἐν
2589 1149 2793 1204 Φοίνικι
2851 1150 3072 1221 ἐνέδραν
3125 1150 3408 1220 σημαίνειν
3469 1152 3568 1221 τὴν
3626 1153 3761 1205 ὑπό-

498 1241 701 1296 l'ecere.
730 1239 969 1293 lrenzeus
995 1237 1221 1306 quidem
1248 1234 1657 1289 Grammaticus
1680 1235 1730 1287 in
1749 1232 1948 1289 Lexico
1975 1247 2069 1303 per

2177 1259 2384 1296 στασιν,
2429 1241 2588 1313 Παρὰ
2636 1242 2694 1296 δὲ
2748 1240 3072 1312 Μενάνδρῳ,
3104 1241 3172 1294 τὰ
3211 1242 3602 1314 καρυκεύματα
3628 1285 3642 1310 ,
3681 1245 3760 1309 ὡς

495 1333 743 1386 ordinem
773 1331 1081 1384 litterarum
1114 1328 1350 1398 digesto,
1385 1327 1546 1396 180
1594 1325 1739 1395 quod
1784 1325 2069 1381 Atticistes

2177 1333 2225 1385 εί
2251 1349 2333 1396 τις
2376 1330 2522 1400 λέγοι
2549 1330 2659 1401 (44)
2686 1330 2783 1403 τὴν
2823 1333 2881 1384 ὲν
2933 1330 3012 1400 τῷ
3050 1331 3192 1401 πίθῳ
3239 1330 3333 1384 τοῦ
3377 1333 3522 1386 οἴνου
3556 1333 3756 1404 τρύγα,

497 1423 846 1486 inscribitur,
889 1421 1030 1474 hanc
1074 1433 1261 1473 vocem
1300 1419 1590 1472 barbaram
1638 1432 1762 1473 esse
1811 1415 2065 1470 afﬁrmat.

2177 1422 2489 1477 ὑπόστασιν.
2526 1421 2722 1474 ’ἰστέον
2756 1421 2940 1492 μέντοι
2961 1423 3042 1476 ὅτι
3073 1425 3122 1476 εἰ
3159 1426 3254 1476 καὶ
3278 1424 3327 1477 οί
3353 1424 3574 1478 παλαιοὶ
3606 1425 3760 1493 φιλό-

495 1515 681 1585 Neque
714 1515 858 1569 enim
891 1513 1034 1582 apud
1065 1525 1396 1582 quemquam
1440 1517 1686 1565 veterum
1734 1510 2068 1578 scriptorum

2177 1530 2326 1582 σοφοί
2349 1515 2448 1585 τὴν
2480 1511 2624 1578 λέξιν
2648 1512 2968 1584 παρέλιπον,
2986 1513 3100 1566 ἀλλ’
3129 1514 3277 1585 ὅμως
3310 1515 3358 1567 οί
3379 1513 3632 1586 νεώτεροι
3646 1516 3756 1569 τῶν

493 1622 614 1662 eam
643 1605 874 1674 reperiri
900 1623 912 1658 :
947 1619 1011 1657 ac
1043 1603 1218 1658 sicubi
1248 1599 1484 1655 fortasse
1508 1600 1840 1669 reperiatur,
1866 1613 1976 1653 non
2003 1612 2068 1654 eo

2177 1603 2478 1674 φιλοσόφων
2527 1603 2766 1674 συνεχῶς
2817 1604 2938 1658 ἀντὶ
2987 1605 3087 1674 τῆς
3137 1605 3348 1668 οὐσίας,
3373 1607 3440 1675 τῇ
3485 1604 3625 1669 λέξει
3653 1606 3757 1676 τῆς

493 1714 658 1755 sensu
705 1668 816 1767 quo
856 1709 1002 1749 nunc
1050 1693 1309 1756 sumitur,
1341 1668 1618 1761 usurpari.
1659 1689 1874 1744 Etenim
1925 1688 2069 1760 apud

2177 1668 2526 1759 ύποστάσεως
2579 1668 2982 1768 ἀπεχρήσαντο.
3038 1668 3240 1760 ὸὺσίας
3278 1696 3334 1750 δὲ
3385 1668 3474 1750 τδν
3501 1698 3645 1768 ὅρον,

493 1791 823 1862 SOphoclem
871 1787 928 1841 in
969 1784 1242 1855 tragmdia
1288 1783 1551 1838 thnice
1591 1797 1656 1837 ea
1702 1797 1808 1837 vox
1838 1781 2069 1836 insidias

2177 1789 2404 1859 ἔφαμεν,
2437 1788 2708 1860 διαφόρως
2732 1788 3156 1842 ἀποδεδώκασιν.
3185 1790 3249 1842 El
3275 1789 3332 1843 δὲ
3359 1791 3470 1860 ὅρῳ
3516 1791 3548 1860 ἡ
3596 1790 3759 1844 οὐσία

494 1881 791 1952 signiﬁcat.
812 1878 970 1949 Apud
1000 1876 1360 1932 Menandrum
1393 1890 1523 1929 vero
1547 1873 1928 1930 condimenta:
1949 1889 2069 1942 per-

2177 1876 2643 1948 περιλαμϐάνεται
2668 1919 2682 1941 ,
2722 1875 2840 1940 πῶς
2896 1877 2987 1929 ἐπὶ
3031 1876 3165 1930 Θεοῦ
3195 1876 3286 1930 τοῦ
3324 1878 3398 1948 μὴ
3454 1878 3756 1949 δυναμένου

490 1974 620 2030 inde
681 1987 745 2026 ac
788 1971 835 2027 si
880 1969 1008 2040 quis
1052 1969 1240 2023 faecem
1274 1966 1386 2020 vini
1428 1965 1487 2019 in
1517 1965 1666 2020 dolio
1697 1964 2070 2020 subsidentem

493 2066 732 2137 appellet
780 2064 1100 2117 ὑπόστασιν.
1133 2058 1334 2113 Verum
1375 2057 1502 2112 licet
1554 2055 1625 2111 ab
1657 2055 2070 2126 antiquioribus

492 2157 840 2230 philosophis
872 2156 988 2209 haec
1019 2168 1125 2208 vox
1155 2158 1419 2220 usurpata
1440 2163 1548 2204 non
1579 2146 2069 2228 fuerit,seiendum

486 2261 579 2308 est
612 2261 791 2306 tamen
817 2247 1155 2303 recentiores
1177 2258 1241 2298 ea
1277 2242 1595 2312 frequenter
1621 2255 1752 2295 usos
1775 2238 1947 2295 fuisse
1969 2252 2068 2309 pro

492 2340 822 2399 substantiae
857 2337 1147 2393 vocabulo.
1173 2331 1549 2389 Substantiam
1576 2346 1742 2402 porro
1758 2329 1929 2384 variis
1952 2343 2069 2383 m0-

2177 1968 2616 2038 περιληφθῆναι,
2652 1967 2854 2039 κυρίως
2899 1970 2966 2039 τῇ
2999 1967 3141 2032 λέξει
3192 1969 3576 2041 χρησαίμεθα;
3609 1970 3755 2025 Εὐά-

2176 2066 2330 2132 γριος
2356 2060 2411 2113 δὲ
2438 2061 2496 2114 έν
2534 2060 2612 2131 τῷ
2643 2060 2957 2132 Μοναχικῷ,
2990 2061 3275 2132 προπετῶς
3309 2062 3407 2132 μὲν
3435 2064 3529 2116 καὶ
3557 2064 3758 2135 ἀπερι-

2180 2152 2430 2215 σκέπτως
2455 2152 2724 2220 θεολογεϊν
2771 2151 3237 2224 ἀποσυμὸουλεύει
3259 2169 3273 2183 ο
3297 2151 3574 2224 ὁρίζεσθαι
3601 2153 3659 2207 δὲ
3679 2153 3759 2219 ὡς

2175 2243 2378 2297 ἁπλοῦν
2399 2242 2459 2295 τὸ
2487 2242 2638 2296 Θεῖον
2651 2243 2826 2314 πάντη
2850 2244 3201 2314 ἀπαγορεύει.
3221 2243 3341 2297 Τῶν
3359 2244 3466 2314 γὰρ
3488 2244 3758 2299 συνθέτων

2173 2327 2312 2386 εἶναι
2342 2331 2467 2395 τοὺς
2495 2332 2653 2403 ὅρους
2697 2332 2882 2402 φησιν.
2920 2334 2976 2386 ’0
3003 2332 3061 2386 δὲ
3099 2332 3262 2396 αὐτὸς
3285 2333 3379 2386 καὶ
3404 2332 3573 2387 ταῦτα
3613 2336 3757 2388 κατὰ

2172 2422 2316 2488 λέξιν
2356 2422 2616 2479 διδάσκει.
2673 2424 2829 2478 Πᾶσα
2867 2424 3147 2496 πρότασις,
3177 2424 3408 2495 φησὶν,ἢ
3437 2424 3594 2492 γένος
3641 2424 3756 2494 ἔχει

2174 2514 2666 2586 κατηγορούμενον,
2699 2514 2732 2586 ἢ
2772 2515 3090 2587 διαφορὰν,ἢ
3117 2512 3332 2586 εῐδος,ἣ
3364 2516 3512 2580 ἴδιον,
3542 2516 3575 2588 ἢ
3612 2533 3755 2587 συμο

2175 2599 2478 2672 6ε6ηκὸς,ἢ
2501 2602 2562 2654 τὸ
2580 2604 2643 2656 ὲκ
2669 2601 2872 2657 τούτων
2893 2605 3264 2675 συγκείμενον,
3282 2605 3510 2666 ούδὲνδὲ
3535 2607 3628 2659 ἐπὶ
3653 2605 3756 2675 τῆς

2177 2693 2336 2762 ἁγίας
2359 2693 2586 2764 Τριάδος
2604 2693 2713 2764 (45)
2735 2694 2841 2748 τῶν
2862 2695 3165 2766 εἰρημένων
3199 2695 3314 2749 ἔστι
3344 2696 3548 2750 λαὸεἶν.
3564 2698 3753 2766 Σιωπῇ

491 2435 581 2490 dis
609 2431 959 2488 definierunt.
986 2427 1144 2494 Quod
1175 2425 1222 2481 si
1257 2425 1570 2481 substantia
1608 2421 1925 2478 deﬁnitione
1953 2420 2067 2474 cir-

485 2523 911 2584 cumscribitur,
931 2517 1205 2590 quomodo
1230 2516 1330 2569 bac
1353 2514 1592 2568 dictione
1612 2511 1832 2584 proprie
1855 2511 1936 2565 uti
1969 2525 2067 2581 po-

492 2616 726 2672 terimus
760 2615 816 2668 in
842 2611 973 2676 Deo,
991 2610 1084 2681 qui
1113 2603 1508 2677 comprehendi
1536 2619 1644 2659 non
1677 2602 1894 2674 potest?
1928 2601 2069 2658 Eva-

491 2708 646 2777 grius
669 2705 888 2776 quidem
916 2703 969 2757 in
994 2701 1135 2756 libro
1158 2713 1320 2771 quem
1343 2695 1728 2751 Monaclticum
1758 2693 2090 2764 inscripsit,‘

485 2807 684 2855 monet
719 2813 790 2852 ne
823 2797 892 2850 de
922 2794 1032 2848 Deo
1059 2800 1266 2847 temere
1292 2799 1345 2844 et
1377 2785 1785 2843 inconsiderate
1829 2783 2069 2841 dissera-

2179 2784 2587 2856 προσκυνείσθω
2615 2785 2674 2839 τὸ
2705 2779 2961 2857 ἄρρητον.
2979 2788 3021 2840 Τ
3023 2787 3163 2841 αὕτα
3190 2788 3289 2859 μὲν
3303 2783 3394 2841 οὖν
3414 2791 3442 2842 ὁ
3464 2787 3752 2860 Εὑάγριος,

494 2907 641 2947 mus.
674 2888 1024 2943 Divinitatem
1065 2897 1193 2937 vero
1235 2879 1464 2936 delinire
1506 2891 1736 2948 prorsus
1784 2883 1954 2940 vetat,
1991 2882 2069 2929 ut-

2179 2877 2309 2946 περὶ
2333 2868 2397 2929 οὗ
2423 2877 2502 2939 είς
2526 2875 2751 2948 ὕστερον
2780 2877 3030 2948 ὲροῦμεν.
3055 2878 3246 2948 Ἡμεῖς
3263 2879 3318 2932 δὲ
3337 2880 3385 2931 εί
3409 2881 3500 2934 καὶ
3529 2881 3586 2932 ἐν
3613 2896 3756 2950 παρ-

486 2991 624 3052 ;p0te
659 2993 774 3034 rem
827 2973 1315 3044 simplicissimam.
1344 2968 1697 3024 Deﬁnitioucs
1719 2966 1866 3022 enim
1891 2980 2069 3021 rerum

2181 2967 2401 3022 εκϐάσει
2455 2967 2721 3039 δοκοῦμεν
2753 2968 2923 3022 ταῦτα
2961 2971 3259 3042 εἰρηκέναι,
3293 2970 3409 3024 ἀλλ’
3438 2971 3514 3036 ὡς
3563 2971 3758 3044 χρησι-

494 3034 922 3140 compositurum
963 3078 1087 3119 esse
1131 3061 1288 3116 dicit.
1325 3060 1470 3114 Idem
1514 3073 1735 3128 quoque
1778 3057 1866 3112 his
1900 3056 2069 3111 utitur

2187 3075 2304 3128 μων
2336 3061 2401 3130 τῇ
2436 3034 2689 3113 ὑποθέσει
2719 3061 2819 3131 τῆς
2848 3034 3088 3131 ἱστορίας
3108 3034 3614 3134 ἐμνημονεύσαμενί

487 3161 700 3223 1νει-ως).
743 3158 937 3214 Omnis
982 3154 1313 3226 propositio,
1353 3161 1448 3207 aut
1498 3167 1674 3224 genus
1716 3151 1881 3207 habet
1925 3151 2072 3222 quod
2113 3152 2461 3223 praedicatur,
2491 3162 2586 3208 aut
2619 3155 2882 3224 speciem,
2912 3163 3006 3209 aut
3033 3155 3414 3221 differentiam,
3472 3165 3569 3212 aut
3630 3172 3759 3228 pro-

483 3253 699 3325 prium,
736 3257 831 3304 aut
861 3247 1139 3312 accidens,
1174 3253 1271 3299 aut
1310 3243 1457 3315 quod
1522 3243 1888 3314 compositum
1931 3250 2017 3298 est
2079 3254 2146 3298 ex
2188 3244 2328 3300 istis.
2373 3245 2442 3298 At
2475 3247 2529 3300 in
2575 3253 2768 3300 sancta
2803 3245 3073 3303 Tnnitate
3111 3248 3248 3303 nihil
3297 3249 3491 3304 borum
3522 3246 3756 3320 reperiri

485 3351 698 3415 potest.
726 3340 884 3409 Quod
925 3340 1094 3411 igitur
1122 3336 1308 3393 verbis
1331 3335 1596 3406 explicari
1631 3350 1738 3390 non
1769 3340 1970 3405 potest,
2003 3335 2226 3390 silentio
2257 3336 2542 3392 adoretur.
2590 3339 2716 3394 llaec
2762 3339 3052 3409 Evagrius.
3092 3340 3160 3396 de
3197 3355 3307 3410 quo
3345 3342 3567 3411 quidem
3608 3341 3756 3396 infra

497 3439 697 3497 dicturi
729 3451 940 3493 sumus.
978 3432 1090 3488 Nos
1131 3446 1281 3496 vero,
1313 3431 1442 3485 licet
1463 3429 1625 3500 quasi
1661 3444 1901 3485 excursu
1958 3427 2197 3500 quodam
2245 3446 2274 3485 a
2319 3433 2604 3503 proposito
2671 3448 2925 3490 sermone
2966 3434 3333 3506 digredientes
3373 3437 3489 3494 hac
3547 3436 3759 3494 dixisse

496 3533 804 3596 videamur,
823 3539 1004 3584 tamen
1035 3535 1291 3596 tanquam
1315 3523 1570 3580 instituto
1591 3533 1780 3578 nostro
1803 3521 1958 3578 utilia
1984 3522 2073 3578 hic
2112 3524 2422 3581 retulimus.

1113 3641 1267 3698 CAP.
1297 3639 1438 3696 Vill.

700 3759 783 3813 Ea:
821 3757 1102 3812 Athanasii
1136 3755 1460 3826 apologetico
1493 3755 1556 3808 de
1588 3753 1717 3824 fuga
1750 3769 1870 3808 sua.

570 3939 775 3995 Eodem
798 3947 1039 4006 tempore
1067 3935 1402 3991 Athanasius
1441 3933 1642 3988 librum
1673 3931 2071 4003 apologeticum

496 4046 659 4103 quem
700 4045 799 4102 pro
825 4027 965 4100 fuga:
994 4042 1108 4083 sua:
1132 4025 1455 4083 det'ensione
1476 4022 1800 4096 jamdudum
1847 4035 2072 4092 compo-

498 4131 704 4190 suerat,
739 4136 930 4177 coram
964 4119 1332 4174 familiaribus
1378 4116 1655 4173 recitavit.
1699 4114 1777 4169 Ex
1811 4128 1921 4184 quo
1953 4114 2076 4168 loca

493 4213 748 4284 quaedam
781 4227 903 4284 qua
936 4211 1092 4266 utilia
1123 4208 1263 4264 mihi
1287 4207 1543 4264 videntur
1571 4220 1635 4261 ac
1658 4203 2075 4269 fructuosa,hic

2787 3646 3034 3700 ΚΕΦΑΛ.
3072 3647 3155 3702 H'.

2195 3759 2290 3813 Ἐκ
2335 3755 2441 3811 τοῦ
2487 3759 2947 3831 Ἆπολογητικοιξ
3000 3758 3356 3831 Ἀθανασίου
3384 3801 3399 3826 ,
3453 3760 3585 3830 περὶ
3641 3761 3757 3831 τῆς

2732 3827 2949 3883 ἑαυτοῦ
2985 3827 3202 3899 φυγῆς.

2262 3921 2575 3984 Ἀθανάσιος
2602 3920 2659 3973 δὲ
2693 3919 2786 3974 καὶ⁵
2815 3920 2905 3973 τὸν
2939 3919 3068 3990 περὶ
3097 3921 3195 3991 τῆς
3233 3922 3409 3993 φυγῆς
3431 3921 3755 3992 άπολογητι-

2177 4013 2272 4068 κὺν
2295 4013 2450 4081 λόγον
2481 4012 2647 4066 πάλαι
2679 4011 3051 4082 πεπονημένον
3079 4011 3246 4082 αὐτῷ,
3277 4013 3369 4067 ἐπὶ
3399 4013 3506 4067 τῶν
3551 4014 3756 4086 παρόν·-

2180 4123 2286 4159 των
2317 4105 2438 4158 τότε
2465 4103 2758 4175 διεξῆλθεν.
2785 4100 2860 4160 OB
2891 4105 3030 4178 μέρη
3051 4104 3118 4158 τὰ
3151 4106 3395 4176 χρήσιμα
3423 4105 3516 4159 καὶ
3545 4106 3756 4174 ἐπωφε-

2181 4199 2268 4268 λῆ,
2309 4196 2541 4252 ἐνταῦθα
2567 4197 2958 4268 προσγράφων,
2982 4197 3073 4251 τὸν
3105 4196 3223 4251 ὅλον
3255 4196 3412 4264 λόγον
3431 4195 3754 4267 πολύστιχον

1665 4378 1941 4436 VALESII
1978 4373 2542 4432 ANNOTATIONES.

567 4511 679 4582 (1‘2)
711 4515 775 4565 Ol
816 4511 929 4582 τὴν
959 4505 1334 4575 Ἑλληνικὴν
1362 4502 1496 4571 παρ’
1533 4498 1790 4582 Ἔζληρςι
1822 4499 2064 4582 σοφίαν.

2177 4496 2338 4582 habet
2367 4515 2380 4549 :
2414 4495 2544 4582 Καὶ.
2563 4493 2724 4582 ἄλλος
2761 4493 2860 4582 si}?
2893 4491 3145 4582 ἐνείτίθῳι
3165 4492 3342 4582 τρύγα
3381 4489 3601 4582 φησίνῙΑ
3623 4485 3755 4557 Epi-

496 4567 834 4637 Alterutrum
874 4567 968 4633 hic
1029 4567 1574 4647 supervacuutn'est.
1622 4568 1686 4647 Et
1724 4567 2067 4647 Nicepltorus

497 4653 717 4721 quidem
753 4666 876 4705 cum
907 4652 1067 4721 hunc
1099 4639 1296 4721 'locum
1343 4640 1700 4721 ascriberet,
1746 4639 1933 4721 omisit
1968 4639 2067 4707 τὴν

507 4707 849 4794 Ἑλληνικήν.
891 4716 1242 4794 Epiphanius
1274 4717 1476 4794 Iau'tcm
1522 4707 1899 4794 §elio|4asticus
1945 4722 2066 4762 eam

496 4778 668 4846 solani
707 4778 966 4854 retinuit;
997 4778 1216 4855 rejectis
1255 4779 1469 4836 duabus
1515 4778 1636 4833 aliis
1666 4791 1787 4845 quae
1825 4792 2070 4846 sequun-

499 4871 607 4917 tur.

565 4916 678 5003 (ιδ)
718 4924 1032 5003 εἰρηναῖος
1085 4923 1161 5003 βξ
1229 4923 1262 4976 δ
1303 4916 1765 5003 sumesde:
1810 4917 2065 5003 .lsfms

493 4985 900 5056 Gr'Etm'maticus
932 4985 1033 5048 fuit
1076 4985 1498 5056 Alexandri—nus,
1550 4987 1824 5046 lleliodori
1859 4985 2065 5041 Metrici

494 5068 941 5137 discipulus._qui
974 5065 1167 5137 Latino
1192 5061 1467 5137 vocabulo
1498 5057 1786 5137 .Minucius
1831 5056 2066 5113 Pacatus

496 5128 798 5196 dicebatur.
831 5128 930 5189 Hic
961 5134 1162 5188 multos
1192 5132 1360 5187 libros
1387 5133 1453 5187 de
1482 5130 1675 5198 Atticm
1711 5128 1916 5198 linguae
1937 5142 2064 5196 pro-

496 5211 735 5280 prietate
785 5205 1209 5280 conscripserat.
1225 5201 1380 5280 ﬁam
1396 5225 1398 5228 ν
1416 5197 1717 5280 ςᾼττικιῖινΔ
1731 5195 2042 5279 ρτἷομάτων

496 5269 850 5346 iresscripsit
877 5269 1121 5337 libro's,et
1135 5273 1360 5346 totidem
1381 5271 1520 5346 alios
1541 5271 1608 5326 de
1632 5269 1813 5346 Attica
1834 5281 2073 5346 consue-

499 5350 689 5405 tudine
723 5336 776 5400 ἰὶι
810 5336 1058 5401 dictione
1080 5351 1134 5399 et
1164 5344 1219 5398 in
1255 5341 1532 5410 prosodia,
1571 5343 1665 5410 qui
1700 5353 1794 5410 per
1824 5336 2076 5393 ordinent

497 5423 808 5475 litterarum
825 5423 981 5470 erant
1001 5409 1277 5468 contexti:
1308 5411 1376 5466 de
1400 5409 1687 5468 Atticis’mo
1717 5409 1845 5464 item
1881 5420 2074 5468 unum,

503 5500 557 5542 ut
591 5489 756 5543 refert
793 5485 995 5541 Suidas
1027 5485 1082 5538 in
1119 5482 1340 5537 Lexico.

577 5559 688 5628 (44)
733 5557 827 5624 Ὠς
863 5556 1032 5628 εῖ-τις
1065 5552 1247 5628 λέγοι.
1305 5550 1459 5628 ῌιιηο
1503 5549 1682 5628 locutu
1741 5544 1900 5626 aliter
1951 5544 2082 5623 legit

499 5615 863 5698 Eicep'horu's.
915 5615 1030 5681 Pro
1095 5615 1177 5678 bis
1246 5622 1391 5677 enim
1449 5635 1570 5690 qua:
1629 5618 1948 5684 citavimus,
2004 5615 2083 5670 sic

2177 4565 2412 4636 phanius
2458 4571 2638 4636 autem
2692 4559 3265 4636 Scholasticus’hune
3317 4559 3495 4636 locum
3531 4559 3603 4611 ita
3632 4573 3759 4610 ver-

2174 4630 2278 4690 tit:
2333 4633 2487 4703 Apud
2546 4632 2898 4686 Menandrum
2944 4648 3059 4703 vero
3107 4632 3265 4685 veluti
3297 4630 3465 4703 fauces
3512 4643 3628 4703 qua:
3690 4644 3758 4681 ea:

2175 4707 2293 4759 vino
2323 4697 2645 4774 colliguntur
2666 4703 2721 4774 in
2750 4703 2913 4774 dolio,
2945 4702 3264 4774 ὑπόστασιν,
3289 4697 3341 4754 id
3361 4708 3438 4753 est
3462 4697 3762 4750 subsisten-

2179 4777 2308 4828 tiam
2365 4771 2638 4844 designare
2677 4771 2825 4828 dicit.
2862 4773 2974 4842 Ego
3017 4786 3145 4825 vero
3170 4771 3335 4844 alium
3366 4784 3504 4844 esse
3528 4781 3756 4844 sensum

2177 4845 2433 4900 existimo
2477 4835 2680 4898 borum
2729 4835 3040 4903 verborum,
3085 4847 3145 4893 ut
3191 4840 3400 4895 scilicet
3461 4835 3760 4890 Menander

2179 4915 2587 4970 condimentum
2628 4913 2837 4968 vocarit
2873 4912 3187 4973 ὑπόστασιν,
3216 4926 3282 4965 eo
3312 4910 3458 4978 quod
3502 4905 3758 4960 subsidat

2174 4985 2229 5039 in
2263 4984 2430 5039 fundo
2453 4984 2684 5053 patinas,
2717 4981 3041 5053 perindeac
3074 4981 3173 5053 faex
3209 4979 3465 5053 in__d0li9_.

2245 5055 2355 5124 (45)
2385 5043 2576 5124 Οὐδὲν
2595 5043 2781 5106 dediti
2801 5051 2907 5120 τῆς
2933 5051 3105 5120 ἁγίας
3137 5048 3396 5124 Τριάᾷος.
3409 5043 3761 5124 _Nicepho_rus

2173 5114 2320 5179 hunc
2338 5114 2554 5234 Evagrii
2583 5124 2762 5177 locum
2784 5114 2993 5185 citans,
3012 5114 3198 5174 vocem
3228 5118 3380 5172 addit
3409 5117 3513 5171 hoc
3545 5114 3713 5167 modo
3740 5131 3754 5167 :

2173 5196 2218 5234 ct
2249 5194 2399 5234 ntimo
2421 5193 2459 5234 8,
2491 5233 2494 5234 ,
2537 5203 2623 5234 ριιι
2683 5194 2759 5234 Im
2792 5202 2846 5234 ιιι
2880 5198 3005 5234 nnet
3036 5203 3227 5234 vneam
3251 5187 3488 5234 ᾶὸὸτιτον
3516 5191 3754 5234 nonatur

2171 5196 2220 5247 εἰ
2249 5194 2399 5247 οὐδὲν
2421 5187 2500 5258 δέ,
2537 5203 2644 5248 etc.
2682 5194 2761 5246 lta
2792 5202 2852 5246 ut
2880 5198 3005 5260 post
3036 5203 3228 5260 vocem
3251 5187 3488 5260 ἄρρητον
3516 5191 3762 5260 ponatur

2177 5264 2355 5319 ﬁnalis
2393 5251 2696 5319 distinctio.
2750 5251 2912 5316 Certe
2965 5262 3019 5314 in
3075 5251 3338 5314 .edition'e'
3376 5251 3596 5310 Roherti
3632 5251 3761 5308 Ste-

2179 5335 2370 5406 phani,
2416 5341 2542 5404 post
2591 5347 2782 5406 v_oc_er_n
2832 5328 3017 5406 λαὸεῖν
3067 5326 3768 5406 sttbdi_st_inctio_duntax:_tt

2181 5393 2432 5475 apposita
2465 5410 2569 5475 est.
2603 5401 2944 5473 Epiphanius
2982 5409 3166 5455 tamen
3211 5398 3589 5475 Scltolasticus
3624 5393 3768 5475 “vul—

2181 5461 2360 5543 gatam
2395 5461 2685 5543 lectionem
2709 5461 2920 5543 tuetur,
2957 5480 3011 5526 et
3032 5476 3161 5540 post
3189 5483 3377 5522 vocem
3409 5464 3592 5543 λαᾷετν
3621 5461 3768 5543 lina:

2184 5531 2286 5598 lem
2332 5543 2554 5613 apponit
2612 5531 3052 5608 distinctionem;
3111 5553 3272 5610 quem
3315 5551 3416 5593 nos
3465 5535 3554 5590 hic
3587 5531 3769 5589 secuti

2188 5629 2397 5670 sumus.
