4070 6204
295 258 382 317 39'!

1185 251 1536 362 ‘HISTORIA
1575 248 2132 308 ECCLESIASTICA.
2166 283 2236 294 —
2269 252 2400 311 LIB.
2431 253 2523 310 lli.

3407 252 3514 310 598

293 373 416 434 ὄντα,
437 369 613 442 ζητεῖν
643 366 738 423 καὶ
761 365 1150 436 ἀναγινώσκειν
1179 367 1290 429 τοῖς
1319 364 1622 434 φιλοπόνοις
1649 362 1843 432 ἀνῆκα.

1956 379 2254 434 apponam:
2291 365 2566 436 integrum
2602 371 2784 422 autem
2818 363 3016 420 librum
3037 403 3054 430 ,
3088 366 3216 435 quia
3245 363 3514 436 prolixior

305 463 416 516 Ἰδοὺ
451 461 624 515 ταῦτα
664 461 690 499 ιι
728 460 836 512 τῶν
890 458 1102 514 ἀσεϐῶν
1151 456 1221 510 τά
1266 456 1607 527 τολμήματα.
1661 452 1847 508 Ταῦτα

292 556 515 628 δρῶντες,
549 555 645 609 καὶ
691 555 766 625 μὴ
793 551 1150 626 ἐντραπέντες
1193 551 1277 619 ἐφ’
1303 543 1384 613 οἷς
1430 549 1696 620 πρότερον
1726 534 1846 602 καθ’

294 647 424 716 ημῶν
470 646 866 716 ἑτυράννευσαν
909 642 1022 713 (46)
1059 644 1247 704 κακοῖς
1276 679 1292 704 ,
1320 639 1401 693 ἑτι
1436 638 1532 693 καὶ
1579 638 1674 692 νῦν
1715 655 1847 691 κατε

295 736 550 808 ηγοροῦσιν
587 738 843 807 ἐκφυγεῖν
872 733 1191 805 δυνηθέντας
1229 731 1409 785 αὐτῶν
1453 729 1555 792 τὰς
1598 729 1848 802 ἀνδροφό-

293 846 396 891 νους
419 829 628 898 χεῖραςο
671 825 867 896 μᾶλλον
893 824 949 877 δὲ
973 822 1252 893 ὀδύρονται
1277 819 1511 891 πικρῶς,
1532 821 1614 874 ὃτι
1647 818 1722 889 μὴ
1753 819 1846 872 καὶ

295 919 507 973 ἐκποδὼν
541 917 724 970 τέλεον
748 915 1098 984 πεποιήκασι.
1130 914 1241 967 Καὶ
1267 913 1454 968 λοιπὸν
1480 909 1845 984 προφασίζον-

295 1026 370 1064 ται
386 1009 575 1062 δειλίαν
600 1004 964 1070 ὀνειδίζοντες,
984 1003 1299 1073 ἀγνοοῦντες
1325 1004 1406 1057 ὅτι
1432 1002 1697 1057 καὶτοῦτο
1717 1018 1846 1070 γογ-

292 1101 539 1170 γύζοντες,
580 1099 660 1162 εις
689 1096 914 1160 ἑαυτοὺς
940 1095 1324 1166 ἐπιστρέφουσι
1347 1095 1549 1167 μᾶλλον
1572 1094 1671 1165 τὴν
1705 1094 1846 1165 μέμ-

291 1194 388 1262 ψιν.
417 1189 474 1242 El
515 1187 626 1257 γὰρ
678 1186 880 1256 φαῦλον
917 1185 979 1238 τὸ
1033 1184 1288 1254 φεύγειν,
1333 1184 1509 1256 πολλῷ
1559 1186 1741 1256 χεῖρον
1783 1183 1845 1237 τὸ

291 1281 496 1336 διώκειν.
538 1279 598 1332 '0
625 1279 723 1348 μὲν
745 1277 876 1348 γὰρ,
910 1277 995 1330 ἵνα
1025 1275 1099 1347 μὴ
1131 1275 1396 1347 ἀποθάνῃ,
1424 1275 1726 1347 κρύπτεται
1762 1291 1776 1307 ο
1815 1275 1844 1328 ὁ

290 1374 358 1435 δὲ,
385 1372 559 1427 διώκει
620 1370 801 1441 ζητῶν
858 1371 1197 1423 ἀποκτεῖναι.
1235 1369 1345 1421 Καὶ
1372 1368 1432 1421 τὸ
1484 1366 1584 1439 μὲν
1621 1365 1842 1437 φεύγειν

292 1464 572 1534 γέγραπται
605 1478 618 1492 ·
655 1463 685 1513 ό
710 1461 766 1514 δὲ
814 1459 989 1530 ζητῶν
1031 1459 1338 1530 ἀναιρῆσαι,
1387 1457 1716 1528 παραϐαίνει
1753 1457 1843 1510 τὸν

290 1553 451 1623 νόμον,
495 1540 590 1605 καὶ
640 1549 838 1622 μᾶλλον
871 1548 1030 1612 αὐτὸς
1049 1547 1148 1619 τὴν
1189 1546 1461 1618 πρόφασιν
1492 1545 1587 1600 τοῦ
1621 1544 1843 1616 φεύγειν

293 1645 513 1715 παρέχει.
531 1642 708 1711 Εἴπερ
734 1637 827 1695 οὖν
853 1640 951 1711 τὴν
980 1638 1157 1710 φυγὴν
1185 1638 1554 1703 ὀνειδίζουσιν,
1583 1637 1842 1708 ἑντρεπέο

1947 463 2054 522 est,
2085 455 2350 512 studiosis
2390 455 2785 526 inquirendum
2829 469 2893 510 ac
2931 455 3314 525 perlegendum
3340 454 3512 528 relin-

1946 563 2078 618 quo.
2117 547 2243 604 Haec
2278 557 2428 614 sunt,
2461 547 2683 619 inquit,
2733 547 3027 618 impiorum
3063 546 3343 602 hominum
3380 546 3512 601 faci-

1948 653 2108 693 nora.
2144 639 2252 694 lsta
2291 653 2418 694 cum
2461 645 2646 706 agant,
2676 652 2779 692 nec
2824 638 3153 693 erubescant
3179 636 3250 691 ob
3273 651 3335 690 ea
3370 636 3513 691 mala

1946 744 2067 800 qua
2085 738 2276 786 contra
2318 743 2422 786 nos
2462 739 2617 785 antea
2656 728 2955 784 machinati
2986 734 3153 793 sunt,
3195 740 3342 781 nunc
3374 738 3516 797 pra:-

1947 829 2100 877 terea
2130 831 2418 889 accusant,
2444 822 2592 894 quod
2615 830 2873 878 cruentas
2895 822 3138 890 ipsorum
3165 834 3360 875 manus
3381 816 3518 873 effu-

1946 927 2073 981 gere
2100 913 2399 970 valuimus:
2434 914 2544 970 imo
2561 915 2742 984 potius
2764 913 2993 968 moleste
3020 911 3202 968 ferunt
3245 907 3390 980 quod
3415 923 3517 965 nos

1944 1016 1975 1056 e
2024 1003 2201 1058 medio
2254 1016 2363 1059 non
2407 1003 2751 1060 sustulerint.
2800 1002 3046 1074 Denique
3080 1017 3221 1056 vana
3264 999 3517 1070 quaedam

1945 1103 2328 1164 praetexentes,
2358 1097 2626 1169 ignaviam
2661 1097 2819 1152 nobis
2847 1095 3198 1166 exprobrant,
3228 1091 3406 1163 ignari
3432 1104 3515 1154 se,

1944 1187 2072 1239 dum
2113 1186 2220 1242 ista
2253 1188 2528 1258 garriunt,
2569 1189 2777 1244 crimen
2813 1188 2867 1241 in
2912 1186 3126 1256 seipsos
3169 1191 3513 1253 retorquere.

1943 1275 2080 1330 Nam
2115 1277 2161 1333 si
2190 1279 2393 1332 malum
2425 1287 2510 1336 est
2540 1278 2752 1350 fugere,
2802 1279 2978 1333 multo
3016 1276 3170 1345 pejus
3202 1281 3288 1330 est
3330 1286 3519 1344 perse-

1943 1369 2059 1438 qui.
2096 1367 2192 1425 llle
2225 1371 2371 1425 enim
2404 1371 2558 1426 abdit
2581 1387 2640 1427 se
2667 1371 2822 1440 181
2856 1384 2924 1424 ne
2948 1368 3262 1424 occidatur:
3292 1365 3382 1421 hic
3403 1379 3520 1434 per-

1944 1461 2193 1532 sequitur
2241 1471 2302 1516 ut
2357 1462 2596 1517 occidat.
2651 1460 2718 1515 Et
2761 1459 3078 1531 fugiendum
3132 1456 3354 1528 quidem
3394 1471 3519 1513 esse

1946 1549 2232 1621 Scriptura
2263 1551 2443 1606 docet.
2473 1551 2576 1618 Qui
2605 1559 2786 1606 autem
2811 1549 3162 1622 persequitur
3188 1555 3249 1602 ut
3275 1547 3515 1612 occidat,

1945 1643 2117 1715 legem
2148 1644 2337 1707 violat,
2370 1651 2424 1699 et
2460 1642 2700 1713 fugiendi
2741 1658 2966 1699 causam
2988 1644 3104 1713 ipse
3136 1641 3262 1696 aliis
3290 1640 3515 1712 praebet.

289 1752 446 1788 τωσαν
479 1733 639 1786 πλέον
669 1731 892 1796 ἑαυτοὺς
921 1731 970 1784 οἱ
1001 1731 1284 1794 διώκοντες
1302 1747 1318 1762 ·
1340 1729 1698 1785 παυέσθωσαν
1721 1731 1840 1783 ἑπι-

1956 1732 2004 1789 Si
2039 1750 2170 1806 ergo
2200 1733 2384 1804 fugam
2427 1735 2786 1805 exprobrant,
2825 1735 3154 1790 erubescant
3191 1732 3374 1801 potius
3412 1731 3518 1802 ipsi

287 1823 628 1886 ϐουλεύοντες,
668 1822 761 1876 καὶ
814 1820 1077 1876 παύονται
1108 1821 1202 1874 καὶ
1231 1822 1278 1874 οι
1324 1820 1614 1890 φεύγοντες
1663 1818 1844 1883 εύΘύς.

297 1916 439 1970 Ἀλλά
468 1916 570 1986 τῆς
600 1914 698 1985 μὲν
734 1913 870 1976 ιδίας
913 1912 1174 1984 πονηρίας
1220 1912 1281 1965 ού
1315 1911 1578 1966 παύονται
1599 1928 1613 1941 ο
1644 1910 1738 1964 τοῦ
1790 1910 1848 1964 δὲ

287 2006 600 2062 καταϐαλεῖν
630 2006 646 2046 ί
693 2005 877 2068 ἕνεκα,
923 2005 1101 2058 πάντα
1136 2004 1463 2074 πράττουσιν
1487 2021 1501 2034 ο
1536 2002 1737 2068 εἰδότες
1765 2005 1848 2058 ὃτι

283 2098 386 2151 τῶν
434 2097 769 2167 διωκομένων
805 2098 838 2164 ἡ
879 2093 1045 2165 φυγὴ,
1079 2095 1253 2166 μέγας
1309 2093 1526 2164 ἔλεγχός
1558 2095 1674 2146 ἑστι
1709 2093 1849 2147 κατὰ

282 2191 384 2244 τῶν
406 2189 715 2243 διωκόντων.
755 2187 938 2249 Οὐδεὶς
964 2187 1072 2256 γὰρ
1105 2186 1196 2241 τὸν
1225 2188 1398 2254 πρᾶον
1419 2184 1513 2239 καὶ
1545 2185 1850 2256 φιλάνθρω⁴

285 2298 375 2334 πον
404 2279 611 2350 φεύγει,
631 2279 765 2333 ἀλλά
789 2277 988 2347 μᾶλλον
1009 2277 1100 2329 τὸν
1119 2275 1310 2346 ἀγριον
1339 2278 1430 2329 καὶ
1462 2277 1696 2348 πονηρὸν
1722 2276 1850 2332 ὅντα

285 2373 365 2426 τὸν
395 2372 614 2441 τρόπον.
647 2371 762 2433 Πᾶς
821 2367 928 2440 γὰρ
961 2366 1263 2431 κατώδυνος
1290 2367 1384 2421 καὶ
1413 2368 1712 2440 ὑπόχρεως,
1742 2367 1850 2421 ἀπὸ

283 2464 377 2535 μὲν
405 2463 494 2516 τοῦ
528 2461 701 2515 Σαοὺλ
733 2460 949 2528 ἔφευγε,
985 2459 1119 2530 πρὸς
1141 2459 1197 2512 δὲ
1229 2458 1319 2512 τὸν
1342 2459 1504 2513 Δαϐὶδ
1527 2460 1847 2529 κατέφευγε.

280 2556 526 2611 Διατοῦτο
558 2557 652 2608 καὶ
681 2549 824 2608 οὗτοι
852 2555 978 2618 τοὺς
1004 2554 1412 2625 κρυπτομένους
1438 2554 1620 2617 αύτοῖς
1643 2565 1656 2603 1
1692 2555 1849 2607 ἀναι-

281 2654 386 2722 ρεῖν
403 2645 812 2711 σπουδάζουσιν,
827 2645 966 2716 ὑπὲρ
984 2645 1076 2698 τοῦ
1097 2644 1171 2716 μὴ
1187 2645 1361 2699 δοκεῖν
1379 2643 1520 2715 ἔχειν
1537 2643 1630 2714 τῆς
1648 2645 1852 2698 ἑαυτῶν

279 2739 534 2810 πονηρίας
568 2737 661 2791 τὸν
699 2736 936 2807 ἔλεγχον.
992 2735 1152 2789 Ἀλλά
1185 2737 1278 2788 καὶ
1310 2739 1368 2788 ἑν
1397 2735 1570 2806 τούτῳ
1608 2734 1853 2788 δοκοῦσιν

277 2833 598 2901 τυφλώττειν
620 2831 670 2883 oi
707 2827 1069 2900 πλανώμενοι.
1101 2828 1249 2898 Ὄσῳ
1270 2827 1435 2897 γάρή
1470 2825 1614 2897 φυγὴ
1649 2824 1850 2896 πρόδη-

278 2925 383 2988 λος,
402 2921 642 2991 τοσούτῳ
687 2920 906 2990 πλέονή
956 2918 1015 2985 ἑξ
1051 2917 1340 2988 ἐπιϐουλῆς
1376 2916 1670 2987 γιγνομένη
1724 2913 1852 2986 παρ’

278 3014 453 3068 αὐτῶν
501 3012 784 3083 ἀναίρεσις
818 3010 910 3064 καὶ
950 3009 1155 3081 ἑξορία,
1183 3009 1596 3080 προφανεστέρα
1628 3007 1854 3077 γενήσε-

279 3123 382 3159 ται.
419 3107 520 3157 Ἂν
542 3121 602 3157 τε
630 3073 739 3173 γὰρ
767 3073 1481 3165 ἀποκτείίθώσιᾏύθάνατος
1510 3073 1692 3169 μεῖζὸν
1721 3073 1854 3169 θξχή·
1881 3073 1922 3131 C

279 3214 361 3251 σει
394 3197 514 3249 κατ’
539 3194 738 3248 αὐτῶν,
770 3194 870 3247 Ἀν
916 3208 976 3245 τε
1024 3191 1184 3246 πάλιν
1236 3190 1542 3260 ἑξορίσωσι,
1577 3185 1853 3256 πανταχοῦ

278 3289 398 3342 καθ’
427 3285 639 3340 ἑαυτῶν
689 3283 842 3338 αὐτοὶ
878 3284 1118 3353 μνημεῖα
1145 3282 1243 3352 τῆς
1295 3279 1640 3352 παρανομίας
1662 3279 1856 3345 ἑξαπο-

279 3379 608 3432 στέλλουσιν.
651 3375 711 3428 Ει
745 3375 844 3445 μὲν
876 3368 966 3426 οῦν
1008 3372 1208 3435 ἔσωζον
1233 3371 1333 3434 τάς
1384 3370 1606 3443 φρένας,
1631 3370 1856 3423 ἔϐλεπον

276 3473 502 3534 ἑαυτοὺς
533 3471 592 3521 ἑν
637 3467 846 3530 τούτοις
895 3465 1308 3534 συνεχομένους,
1345 3464 1438 3516 καὶ
1493 3465 1603 3526 τοῖς
1647 3461 1858 3516 ἑαυτῶν

277 3561 726 3634 προσκόπτοντας
761 3558 1059 3628 λογισμοῖς.
1101 3555 1316 3624 Ἐπειδὴ
1337 3555 1394 3608 δὲ
1429 3554 1524 3607 καὶ
1552 3553 1612 3607 τὺ
1648 3570 1858 3625 σωφρο-

275 3657 387 3708 νεῖν
415 3647 988 3714 ἀπώλεσαν,διατοῦτο
1017 3647 1110 3701 καὶ
1134 3646 1416 3709 διώκοντες
1438 3644 1744 3715 ἐξάγονται,
1763 3646 1859 3700 καὶ

275 3746 571 3816 ζητοῦντες
603 3742 834 3807 ἀνελεῖν,
857 3742 956 3813 οὐχ
981 3741 1177 3811 ὁρῶσιν
1220 3738 1428 3793 ἑαυτῶν
1456 3739 1553 3810 τὴν
1580 3737 1857 3794 ἀσέϐειαν.

277 3839 338 3891 Εἰ
371 3837 483 3906 γὰρ
523 3835 824 3905 λοιδοροῦσι
866 3835 993 3896 τοὺς
1032 3829 1435 3903 κρυπτομένους
1463 3829 1572 3883 ἀπὸ
1623 3829 1732 3882 τῶν
1765 3827 1860 3900 ζη-

272 3928 516 3981 τούντων
560 3925 802 3988 ἀνελεῖν,
843 3923 938 3976 καὶ
991 3919 1330 3974 διαϐάλλουσι
1380 3921 1506 3982 τοὺς
1563 3917 1862 3988 φεύγοντας

275 4016 386 4068 ἀπὸ
417 4015 532 4067 τῶν
576 4014 901 4077 διωκόντων,
931 4011 982 4064 τί
1034 4011 1346 4082 ποιήσουσιν
1373 4009 1607 4078 ὁρῶντες
1633 4009 1724 4062 τὸν
1762 4009 1861 4079 μὲν

289 4105 492 4158 Ἰακὼϐ
515 4104 788 4175 φεύγοντα
813 4103 904 4156 τὸν
933 4100 1159 4170 ἀδελφὸν
1199 4099 1345 4154 Ἰσαῦ
1366 4116 1379 4130 ·
1420 4100 1511 4153 τὸν
1538 4100 1595 4153 δὲ
1625 4101 1863 4170 Μωῦσῆν

278 4200 361 4260 εἰς
380 4197 601 4251 Μαδιάν
633 4193 1018 4267 ἀναχωροῦντα
1063 4193 1150 4247 διά
1190 4193 1280 4246 τὸν
1305 4192 1468 4263 φόϐον
1491 4191 1594 4270 τοῦ
1623 4190 1854 4262 Φαραώ;

281 4289 347 4341 Τί
377 4288 436 4342 δὲ
470 4287 697 4340 τοιαῦτα
736 4286 1098 4358 φλυαροῦντες
1135 4285 1564 4356 ἀπολογήσονται
1593 4283 1671 4355 τῷ
1701 4283 1865 4338 Δαϐὶδ

1948 1826 2041 1896 qui
2077 1831 2504 1896 persequuntur.
2533 1824 2763 1881 Cessent
2783 1825 2853 1879 ab
2877 1823 3112 1890 insidiis,
3145 1831 3200 1878 et
3224 1821 3412 1878 statim
3442 1820 3520 1874 lu-

1947 1933 2073 1986 gere
2106 1916 2378 1972 desisteut
2419 1915 2476 1970 hi
2515 1917 2610 1987 qui
2651 1915 2890 1988 fugiunt.
2921 1913 3121 1970 Verum
3178 1914 3256 1969 illi
3296 1911 3521 1968 malitia:

1946 2008 2167 2080 quidem
2197 2024 2312 2066 sua:
2339 2009 2552 2063 nullum
2584 2007 2745 2065 finem
2773 2007 3004 2063 faciunt.
3042 2006 3112 2063 υι
3143 2014 3325 2063 autem
3371 2020 3522 2060 com-

1947 2100 2320 2172 prehendant,
2359 2100 2545 2155 omnia
2585 2099 2922 2154 moliuntur:
2957 2099 3156 2169 quippe
3203 2098 3298 2169 qui
3350 2098 3523 2168 probe

1949 2193 2154 2258 sciant,
2188 2191 2370 2262 fugam
2405 2206 2598 2246 eorum
2625 2206 2764 2260 quos
2805 2198 3228 2262 persequuntur,
3259 2189 3523 2259 gravissi-

1949 2303 2097 2342 mum
2141 2287 2402 2357 probrum
2435 2284 2629 2340 all'erre
2659 2283 3132 2354 persequentibus.
3175 2280 3345 2336 Nemo
3375 2280 3523 2336 enim

1951 2389 2295 2434 mansuetum
2342 2376 2620 2432 hominem
2670 2389 2736 2430 ae
2773 2375 3066 2446 benignum
3115 2373 3272 2444 fugit,
3306 2371 3402 2429 sed
3445 2371 3524 2426 fe-

1949 2485 2135 2526 rocem
2160 2478 2214 2524 et
2235 2469 2556 2539 malignum.
2584 2468 2764 2538 Atque
2790 2467 3022 2530 idcirco,
3045 2474 3314 2536 quotquot
3340 2464 3524 2520 mmsti

1950 2571 2108 2617 erant
2142 2572 2195 2616 et
2231 2576 2340 2616 aere
2371 2561 2554 2615 alieno
2603 2561 2876 2629 oppressi,
2911 2573 2941 2609 τι
2988 2557 3151 2612 Saule
3186 2557 3406 2626 quidem
3438 2554 3524 2610 fu-

1951 2653 2208 2723 giebant;
2227 2651 2296 2707 ad
2324 2651 2580 2706 Davidem
2621 2660 2800 2705 autem
2832 2664 2891 2704 se
2919 2647 3292 2703 conferebant.
3323 2644 3526 2713 Quam-

1951 2747 2138 2800 obrem
2185 2744 2275 2798 isti
2328 2759 2424 2800 eos
2470 2743 2562 2814 qui
2624 2758 2682 2799 se
2737 2741 3020 2798 occultant
3075 2739 3382 2795 interficere
3442 2739 3525 2794 ni-
3635 2787 3643 2794 .

1955 2839 2167 2894 tuntur.
2195 2848 2264 2888 ne
2297 2832 2410 2886 sint
2453 2833 2546 2900 qui
2599 2831 3004 2900 improbitatem
3040 2831 3285 2899 ipsorum
3309 2829 3529 2900 possint

1956 2924 2308 2980 convincere.
2333 2921 2532 2977 Verum
2558 2937 2681 2977 cum
2708 2921 2912 2991 ubique
2943 2921 3254 2985 czecutiant,
3278 2919 3368 2975 hic
3397 2935 3529 2990 quo-

1957 3030 2066 3086 que
2093 3013 2350 3070 obcazcati
2383 3013 2516 3068 mihi
2548 3012 2826 3068 videntur.
2868 3011 3086 3076 Quanto
3119 3012 3265 3066 enim
3298 3010 3529 3066 manifeo

1955 3109 2092 3164 stior
2114 3114 2199 3162 est
2233 3105 2383 3175 fuga,
2423 3114 2576 3160 tanto
2609 3104 2782 3176 magis
2815 3106 2993 3159 caedes
3033 3117 3128 3174 per
3164 3102 3398 3159 insidias
3441 3117 3530 3157 eo-

1955 3214 2076 3255 rum
2104 3205 2357 3268 patratae,
2391 3205 2446 3252 et
2492 3195 2688 3252 exsilia
2735 3194 3028 3251 manifesta
3073 3194 3332 3250 omnibus
3375 3193 3526 3249 flent.

1957 3291 2092 3346 Nam
2115 3293 2231 3346 sive
2253 3289 2577 3352 occiderint,
2606 3303 2756 3344 mors
2785 3297 2980 3344 contra
3011 3287 3161 3358 ipsos
3185 3287 3388 3342 clarius
3413 3301 3534 3357 pera

1959 3382 2213 3443 sonabit:
2253 3380 2368 3437 sive
2396 3382 2450 3434 in
2488 3380 2743 3436 exsilium
2769 3378 3041 3443 miserint,
3081 3377 3374 3448 iniustitiae
3415 3392 3530 3432 sua:

1959 3479 2311 3529 monumenta
2360 3481 2552 3527 contra
2595 3471 2808 3541 seipsos
2834 3469 3034 3540 ubique
3069 3477 3339 3524 statuunt.
3371 3465 3530 3534 Quod

1961 3565 2006 3621 si
2036 3577 2169 3620 sana
2199 3576 2379 3618 mente
2411 3561 2619 3633 praediti
2644 3568 2851 3626 essent,
2871 3575 2994 3616 sese
3030 3562 3085 3614 in
3116 3560 3203 3616 his
3229 3560 3530 3631 constringi

1960 3655 2232 3718 viderent,
2261 3662 2315 3709 et
2355 3655 2409 3709 in
2439 3653 2557 3709 suis
2597 3652 2848 3708 consiliis
2884 3651 3210 3722 impingere.
3253 3651 3360 3708 Sed
3390 3668 3533 3722 quo-

1963 3749 2109 3802 niam
2141 3754 2324 3803 mente
2353 3745 2498 3816 capti
2528 3746 2764 3810 sunt,ob
2790 3759 2908 3800 eam
2941 3759 3160 3799 causam
3188 3744 3328 3800 alios
3355 3759 3538 3814 perse-

1961 3838 2182 3909 quendo
2225 3837 2327 3908 ipsi
2374 3843 2699 3907 raptantur;
2743 3843 2798 3889 et
2836 3833 2968 3888 dum
3001 3835 3139 3890 alios
3180 3841 3436 3904 quaerunt
3468 3833 3536 3886 ad

1963 3945 2176 3993 necem,
2217 3943 2373 3985 suam
2413 3927 2517 3998 ipsi
2561 3926 2890 3996 impietatem
2921 3941 3034 3980 non
3066 3925 3268 3981 vident.
3315 3923 3453 3978 Nam
3486 3925 3532 3977 si

1962 4020 2276 4092 vituperant
2300 4035 2397 4076 eos
2424 4019 2520 4090 qui
2548 4033 2689 4083 sese,
2708 4018 2839 4073 dum
2871 4018 3159 4106 ad'necem
3189 4023 3533 4085 quaeruntur,

1963 4114 2265 4176 occultant,
2299 4120 2355 4167 et
2385 4111 2798 4166 calumniantur
2828 4122 2924 4163 eos
2955 4107 3050 4176 qui
3078 4108 3254 4160 vitant
3280 4120 3538 4176 persecu-

1965 4214 2150 4257 tores:
2178 4200 2309 4272 quid
2331 4241 2345 4264 ,
2373 4214 2594 4269 quaeso,
2633 4197 2830 4251 facturi
2861 4203 2992 4252 sunt
3020 4209 3144 4249 cum
3181 4195 3420 4248 viderint
3453 4191 3538 4246 Ja-

1964 4292 2160 4346 cobum
2188 4289 2410 4359 quidem
2433 4288 2727 4357 fugientem
2752 4285 2975 4338 fratrem
3001 4298 3160 4337 suum
3187 4282 3364 4338 Esau:
3389 4282 3539 4353 Moy-

284 4380 547 4447 φεύγοντι
600 4379 692 4430 τὸν
729 4378 922 4441 Σαοὺλ,
953 4376 1060 4429 ἀπὸ
1112 4377 1210 4447 τῆς
1264 4376 1441 4440 οἰκίας
1470 4375 1855 4429 ἀποστείλαντα

1970 4399 2084 4437 sem
2124 4395 2255 4436 vero
2289 4387 2434 4435 metu
2463 4376 2768 4432 Pharaonis
2806 4375 2872 4430 ad
2902 4373 3322 4429 Madianitarum
3364 4375 3541 4445 regio-

285 4471 448 4524 αὑτὸν
477 4469 836 4540 ἀναιρεθῆναι
866 4468 1002 4539 (47),
1032 4470 1125 4523 καὶ
1179 4469 1536 4540 κρυπτομένῳ
1585 4469 1685 4540 μὲν
1716 4467 1867 4539 αύτῷ

1974 4488 2098 4528 nem
2144 4487 2203 4526 se
2245 4471 2642 4541 recipientem?
2680 4470 2823 4537 Quid
2863 4478 3046 4522 autem
3074 4467 3280 4537 garruli
3324 4467 3416 4522 isti
3455 4483 3542 4523 re-

1461 4603 1729 4659 VALESll
1770 4604 2329 4662 ANNOTATIONES.

365 4703 482 4769 (46)
509 4704 651 4757 Καθ’
676 4701 845 4771 ἡμῶν
869 4702 1331 4770 ἐτυράννευσαν.
1364 4700 1454 4757 Sic
1479 4702 1645 4755 etiam
1673 4703 1872 4772 legitur

293 4774 346 4825 in
399 4773 748 4828 editionibus
793 4772 1096 4835 Athanasii,
1139 4787 1261 4841 pag.
1304 4772 1424 4825 705.
1463 4773 1644 4841 Malim
1686 4781 1868 4826 tamen

291 4845 544 4921 scribere
578 4839 1410 4921 trdpeusevaquemadmodum
1440 4842 1568 4921 legit
1601 4839 1869 4921 Nic-epho—

292 4927 405 4965 rus.
465 4912 580 4966 Nec
619 4909 781 4964 aliter
814 4909 1331 4980 legit—Epiphanius
1378 4909 1778 4975 Schulasticus,
1815 4921 1873 4964 ut

289 4997 352 5034 ex
405 4983 672 5036 versione
715 4981 835 5047 ejus
878 4988 1121 5050 apparet.
1176 4981 1269 5034 Sic
1312 4981 1456 5035 enim
1511 4980 1713 5050 vertit:
1764 4982 1872 5034 Nec

287 5051 656 5172 erubzscentes
682 5051 734 5103 in
762 5050 948 5120 quibus
972 5051 1198 5118 primum
1227 5060 1410 5104 contra
1441 5065 1534 5103 nos
1573 5049 1717 5103 mala
1748 5060 1871 5103 sunt

289 5134 413 5172 mac
455 5131 614 5172 muti.

289 5121 614 5174 machinati.

2037 4703 2147 4773 (47)
2177 4705 2613 4778 ᾉποστείλανει
2628 4707 2813 4761 αὑτὸν
2827 4706 3228 4778 ἀναιρεθῆναι.
3250 4701 3546 4778 Emendavi

1968 4773 2383 4846 ἀποστείλαντα,
2463 4785 2520 4827 ut.
2579 4777 2775 4845 legitur
2838 4773 2982 4846 apud
3045 4773 3439 4846 Nicephorum.
3488 4774 3544 4846 lu

1969 4845 2272 4899 Athanasio
2323 4852 2502 4898 tamen
2569 4843 2805 4913 legitur:
2842 4843 2972 4900 Ὅτε
3012 4843 3330 4900 ἀπέστειλεν
3383 4843 3546 4897 αὑτὸν

1969 4913 2320 4986 ἀναιρεθῆναι
2341 4929 2352 4941 ·
2367 4915 2477 4986 *καὶ
2499 4915 2858 4986 κρυπτομένῳ
2887 4917 2984 4986 μὲν
3007 4917 3198 4970 ἑαυτὸν
3221 4918 3279 4968 ἑν
3299 4913 3377 4986 τῷ
3411 4929 3554 4982 σπηι

1970 4933 2320 4984 αναιρευηναι
2341 4933 2352 4941 '
2386 4933 2477 4966 και
2499 4933 2533 4968 κ
2572 4933 2858 4986 υπτομενῳ
2887 4933 2984 4986 μεν
3007 4933 3198 4970 εαυτον
3221 4933 3279 4968 εν
3299 4933 3376 4984 τῳ
3411 4933 3549 4982 σπηι

1970 4982 2106 5054 λαίῳ
2132 5001 2145 5013 ο
2181 4982 2482 5058 ἀλλοιοῦντι
2537 4933 2614 5046 δέ,
2647 4995 2762 5058 etc.
2809 4987 2912 5058 Sed
2942 4989 3221 5058 vulgatam
3260 4985 3549 5058 lectionem

1975 5051 2159 5175 :uctulr
2203 5051 2561 5134 Epiphanius,
2604 5055 2708 5108 nisi
2747 5057 2888 5125 quod
2934 5051 3160 5127 ἑπΓτὴν
3190 5056 3367 5110 οἰκίαν
3403 5053 3554 5107 vide-

2001 5138 2065 5175 nr
2132 5138 2331 5175 egisse.

2001 5138 2065 5175 nr
2115 5138 2331 5194 legisse.

1718 5229 2101 5288 VAlllORUM.

371 5324 405 5365 δ
447 5328 608 5397 Ῐιδοὺ
641 5327 847 5382 ταῦτα.
905 5325 1028 5382 Ilaec
1087 5326 1357 5380 habentur
1410 5325 1580 5397 apud
1611 5327 1870 5397 A_thanas.

292 5396 404 5473 vol.
444 5396 484 5462 l,
530 5415 585 5470 p.
643 5397 750 5452 324
803 5398 940 5454 edit.
992 5397 1294 5461 Benedict.;
1350 5403 1405 5452 et
1443 5395 1588 5466 apud
1645 5395 1871 5466 Nieeph.

293 5464 390 5539 lib.
423 5485 479 5531 Χ,
511 5485 634 5539 cap.
667 5469 752 5523 16.
1033 5538 1041 5539 γ
1392 5537 1402 5539 4
1481 5536 1490 5539 _
1790 5535 1808 5539 _

368 5538 388 5580 ί
447 5535 840 5596 Κατὰϐαλεῐν.
888 5538 1045 5609 Apud
1081 5539 1344 5591 Athanas.
1392 5536 1588 5609 legitur
1636 5535 1875 5609 καταϐα-

291 5603 433 5680 Εῖν,
476 5610 623 5680 quod
662 5611 866 5667 rectius
894 5603 1140 5675 videtur;
1190 5619 1245 5662 et
1292 5603 1473 5680 mox,'_
1500 5606 1600 5680 οὐκ
1649 5605 1867 5680 εἰδότες.

297 5672 704 5738 τοιαωάυιεω
739 5682 1035 5754 pericopen
1070 5672 1152 5738 sic
1192 5685 1414 5733 vertunt
1443 5676 1668 5733 doctiss.
1698 5676 1873 5734 edito-

1979 5344 2068 5382 res
2109 5347 2121 5382 :
2166 5326 2320 5404 Nihil
2349 5340 2488 5404 certe
2531 5347 2632 5385 non
2663 5343 2825 5404 agunt
2860 5345 2918 5387 ut
2951 5351 3043 5388 nos
3094 5331 3552 5403 comprehendam.

1981 5414 2082 5477 non
2114 5398 2440 5454 advertentes
2466 5403 2645 5472 fugam
2673 5398 2854 5458 e'orum
2881 5406 2970 5475 qui
2999 5398 3408 5473 persecutionem
3459 5415 3556 5462 pu-

1980 5477 2206 5588 rumur,
2245 5486 2592 5541 permagnum
2639 5491 2753 5530 esse
2791 5477 2846 5528 in
2891 5485 3246 5546 persecutores
3276 5481 3557 5538 argumen-

2005 5554 2110 5589 um.

2049 5623 2068 5688 ξ
2105 5607 2250 5674 Τοὺς
2269 5612 2719 5688 κρρπτομένους
2751 5615 2973 5688 αὐτοῖς.
3005 5613 3271 5688 Athanas.
3309 5606 3437 5677 legit
3457 5603 3558 5658 αὒ-

1979 5680 2124 5740 τούὶ³
2151 5694 2273 5735 mox
2334 5680 2420 5734 ἀεὶ
2456 5680 2815 5756 πλανώμενοι,
2849 5680 3167 5755 elegantius.
