4070 6204
467 247 575 350 tos

1893 289 2231 347 SOCRATIS

3613 277 3720 333 40$

468 411 583 480 ejus
606 411 676 465 “.
709 408 868 467 Certe
901 418 1192 480 antequam
1243 408 1378 464 hora
1424 408 1515 465 illa
1559 410 1831 476 venisset,
1887 411 2047 466 matri

2153 411 2320 464 Πάλιν
2345 428 2403 465 τε
2429 410 2672 474 ἐλθόντος
2699 406 2794 462 τοῦ
2823 406 3038 482 καιροῦ,
3088 403 3241 473 ἔλεγε
3271 401 3386 464 τοῖς
3416 399 3684 471 μαθηταῖς
3705 413 3721 428 ·

468 503 690 574 quidem
725 518 840 558 sua!
869 501 1009 557 dixit
1042 503 1161 572 ipse
1181 521 1195 558 :
1219 500 1473 557 Nondum
1500 505 1635 558 venit
1665 504 1798 557 hora
1827 521 1942 558 mea
1973 504 2042 557 ".

469 592 544 650 lis
573 608 703 649 vero
730 594 824 664 qui
857 591 1054 648 fratres
1085 593 1206 662 ejus
1257 594 1676 664 appellabantur
1715 613 1728 648 :
1768 593 2041 660 Nondum,

470 685 671 755 inquit,
719 685 867 739 adest
919 694 1121 749 tempus
1179 701 1372 739 meum.
1421 683 1558 740 Cum
1609 693 1790 741 autem
1829 695 2045 754 tempus

466 773 582 843 jam
613 773 948 836 advenisset,
981 773 1121 827 dixit
1149 774 1438 844 discipulis
1475 792 1488 829 :
1529 775 1763 830 Dormite
1814 793 1952 831 nunc
1994 788 2044 832 et

471 865 801 934 requiescite.
833 862 969 918 Ecce
994 865 1129 918 enim
1155 865 1590 935 appropinquavit
1618 866 1770 932 liora,
1795 878 1841 922 et
1871 867 1917 918 F
1922 867 2045 921 ilius

470 954 700 1010 hominis
726 955 965 1010 tradetur
985 957 1037 1009 in
1065 973 1252 1010 manus
1274 964 1608 1025 peccatorum
1628 957 1692 1010 “.
1727 954 1914 1026 Neque
1943 956 2045 1028 igi-

469 1056 566 1100 tur
611 1053 913 1117 antequam
961 1057 1180 1117 tempus
1225 1048 1504 1112 venisset,
1551 1047 1944 1117 comprehendi
1985 1061 2047 1103 sc

469 1137 762 1206 permisit;
810 1154 988 1209 neque
1019 1155 1144 1194 cum
1176 1149 1392 1210 tempus
1418 1138 1658 1200 adesset,
1695 1155 1817 1195 sese
1855 1137 2050 1194 occul-

469 1229 609 1283 tavit
645 1247 658 1284 :
687 1229 783 1286 sed
816 1231 959 1285 ultro
988 1232 1338 1302 semetipsum
1359 1231 1584 1287 tradidit
1607 1232 2048 1287 insidiatoribus.

471 1317 550 1377 Ita
597 1321 762 1375 etiam
812 1322 1119 1378 beatissimi
1152 1330 1442 1394 martyres,
1477 1323 1530 1377 in
1565 1322 2044 1393 persecutionibus

365 1449 378 1462 .
471 1425 595 1481 qua!
619 1412 852 1468 subinde
881 1412 1229 1483 ingruebant,
1260 1430 1320 1470 se
1339 1421 1661 1484 gesserunt;
1690 1421 1745 1468 et
1766 1411 2046 1483 fugiebant

2144 503 2472 557 Καθεύδετε
2495 501 2713 557 λοιπὸν
2738 500 2834 556 καὶ
2857 498 3258 554 ἀναπαύεσθε.
3295 493 3452 550 Ἰδοὺ
3479 491 3588 562 γὰρ
3619 491 3718 560 ﬁr-

2145 609 2314 663 γικεν
2338 593 2377 660 ἡ
2405 591 2545 661 ὥρα,
2585 590 2685 645 καὶ
2725 593 2759 645 ό
2808 581 2941 655 Υίὸς
2981 586 3088 641 τοῦ
3118 583 3432 654 ἀνθρώπου
3463 578 3726 648 παραδο-

2144 685 2391 753 θήσεται
2435 687 2522 750 sic
2559 683 2760 753 χεῖρας
2806 678 3187 750 ἁμαρτωλῶν.
3237 674 3374 728 Οὔτε
3405 673 3460 726 δὲ
3498 669 3604 741 πρὸ
3631 668 3725 720 τοῦ

2143 778 2234 830 τὸν
2264 777 2454 848 χρόνον
2493 775 2667 828 ἐλθεῖν
2691 815 2705 838 ,
2754 774 2912 843 ήφιεν
2958 769 3150 823 ἐαυτὸν
3194 764 3512 838 κρατεῖσθαι
3539 779 3552 792 ο
3602 759 3725 813 οὔτε

2148 869 2243 923 τοῦ
2272 867 2462 939 καιροῦ
2493 866 2780 936 παρόντος,
2811 862 3113 934 ἐκρύπτετο
3137 877 3151 891 °
3200 858 3337 912 ἀλλὰ
3377 856 3470 909 καὶ
3512 854 3727 908 ἔκδοτον

2150 958 2340 1012 ἐαυτὸν
2369 957 2540 1010 ἐδίδου
2575 957 2685 1018 τοῖς
2721 951 3182 1006 ἐπιδουλεύουσιν.
3219 946 3376 1002 Οὕτω
3406 945 3503 1000 καὶ
3533 945 3582 997 οἱ
3619 962 3726 1013 μα-

2152 1050 2331 1122 κάριοι
2385 1050 2694 1120 μάρτυρες,
2744 1049 2802 1100 ἐν
2849 1047 2960 1106 τοῖς
3009 1041 3155 1096 κατὰ
3199 1039 3424 1110 καιροὺς
3470 1037 3726 1107 διωγμοῖς

2152 1141 2470 1210 ἐφύλαττον.
2501 1140 2612 1192 Kal
2647 1136 2964 1208 διωκόμενοι
2996 1135 3094 1206 μὲν
3127 1133 3375 1202 ἔφευγον,
3412 1130 3507 1182 καὶ
3531 1127 3726 1182 λανθά-

2157 1247 2341 1293 νοντες
2386 1229 2756 1300 ἐκαρτέρουν⁸
2797 1226 3173 1296 εὑρισκόμενοι
3218 1223 3307 1284 δὲ,
3363 1219 3726 1290 ἐμαρτύρουν.

2149 1321 2385 1375 Τοιαῦτα
2423 1320 2524 1390 μὲν
2569 1314 2662 1372 οὖν
2707 1317 3022 1379 Ἀθανάσιος
3056 1317 3113 1368 ἐν
3141 1312 3218 1384 τῷ
3250 1309 3509 1382 περὶτῆς
3553 1307 3726 1378 φυγῆς

2163 1409 2566 1480 Ἀπολογ-ητικῷ
2596 1407 2887 1480 διεξῆλθεν.

403 1579 408 1584 θ
473 1502 690 1573 quidem
723 1520 849 1558 cum
896 1505 1334 1574 persecutionem
1384 1512 1724 1575 paterentur,
1775 1510 1940 1572 atque
1993 1502 2048 1556 in
2089 1503 2318 1558 latebris
2347 1501 2812 1572 perseverabant;
2868 1495 3200 1568 deprehensi
3239 1508 3394 1558 vero,
3465 1487 3729 1562 martyrio

472 1592 968 1665 perfungebantur.
994 1592 1122 1647 Haec
1141 1592 1212 1648 ab
1238 1591 1543 1648 Athanasio
1559 1592 1820 1648 dicuntur
1837 1592 1894 1646 in
1920 1591 2276 1663 Apologetico
2305 1606 2469 1662 quem
2489 1590 2557 1646 de
2587 1589 2714 1662 fuga
2744 1603 2844 1646 sua
2872 1587 3228 1658 conscripsit.

1001 1708 1163 1782 131.
1203 1708 1355 1764 CAP.
1406 1709 1498 1764 Ix.

475 1827 753 1896 Quomodo
776 1826 1032 1882 Eusebius
1058 1836 1174 1896 post
1191 1826 1448 1895 synodum
1473 1825 1888 1880 orthodoxorum
1913 1825 2052 1892 apud

2758 1701 3006 1754 ΚΕΦΑΛ.
3049 1698 3126 1752 Θ’.

2169 1816 2263 1880 Ὠς
2289 1818 2439 1885 μετὰ
2468 1814 2583 1885 τὴν
2609 1815 2679 1868 ἐν
2725 1813 3133 1885 Ἀλεξανδρείᾳ
3149 1811 3283 1885 τῶις
3307 1810 3374 1864 τὸ
3406 1811 3734 1885 όμορύσιον

543 1881 930 1974 Annianus;
977 1881 1359 1974 episcoporum,
1411 1896 1743 1974 Antiochiam
1785 1881 2048 1974 [euersa-9

2227 1881 3048 1974 itﬁeab’euo‘drtwr'adrob‘or,
3083 1881 3389 1974 βὺςέϐίολςε
3413 1883 3500 1946 είς
3530 1881 3733 1974 ὲΑντι-

545 1984 663 2022 cum
706 1963 1013 2022 Catholicos
1044 1963 1158 2020 illic
1185 1965 1503 2019 dissidentes
1547 1963 1610 2017 ob
1652 1965 1873 2018 Paulini
1906 1964 2052 2017 ordi-

544 2039 812 2092 nationem
850 2037 1148 2104 reperisset.
1195 2051 1285 2089 nec
1315 2051 1402 2090 eos
1433 2033 1500 2089 ad
1531 2035 1872 2090 concordiam
1903 2050 2051 2088 revo-

545 2123 668 2162 care
689 2116 865 2175 posset
919 2107 1196 2160 abscessit.

543 2282 817 2341 Eusebius
840 2297 971 2339 vero
987 2280 1358 2337 Vercellensis
1382 2279 1696 2350 episcopus,
1715 2278 1903 2335 statim
1929 2289 2053 2350 post

473 2373 746 2445 synodum
791 2372 1126 2427 Alexandria
1181 2371 1490 2441 digressus,
1531 2369 1879 2424 Antiochiam
1929 2383 2046 2438 per-

474 2465 637 2522 rexit.
682 2464 931 2535 Cumque
972 2463 1086 2519 illic
1115 2462 1411 2520 Paulinum
1458 2461 1683 2532 quidem
1732 2477 1762 2515 a
1795 2460 2052 2517 Lucifero

473 2555 813 2619 ordinatum,
844 2553 1058 2623 plebem
1093 2566 1226 2607 vero
1267 2552 1410 2606 inter
1454 2566 1515 2606 se
1558 2550 1918 2606 dissidentem
1972 2562 2054 2603 re-

474 2647 712 2718 perisset
737 2644 887 2716 (nam
917 2644 1117 2700 Meletii
1144 2642 1390 2697 fautores
1417 2643 1716 2708 separatim
1747 2649 2052 2696 conventus

474 2733 757 2807 agebant),
793 2741 1106 2788 commotus
1134 2747 1199 2786 eo
1231 2731 1378 2803 quod
1425 2729 1766 2786 ordinationi
1816 2730 1894 2783 illi
1940 2745 2051 2784 non

472 2843 664 2884 omnes
693 2826 1097 2888 consentirent,
1129 2824 1274 2894 apud
1309 2839 1368 2879 se
1394 2823 1618 2893 quidem
1664 2822 1866 2876 factum
1903 2821 2053 2875 dam-

473 2919 648 2973 navit.
706 2917 813 2973 Sed
865 2917 935 2972 ob
978 2915 1340 2970 reverentiam
1375 2929 1500 2982 erga
1545 2913 1885 2977 Luciferum,
1933 2927 2049 2967 rem

473 3008 833 3065 dissimulans
861 3005 1166 3073 abscessit;
1203 3006 1482 3076 pollicitus
1505 3020 1563 3060 se
1586 3005 1639 3058 in
1664 3004 2048 3073 episcoporum

474 3098 715 3154 concilio
743 3104 942 3152 cuneta
975 3095 1420 3150 emendaturum.
1454 3095 1650 3150 Postea
1705 3105 1884 3148 tamen
1923 3108 2048 3147 cum

475 3203 806 3259 magnopere
856 3188 1161 3244 laborasset
1210 3197 1271 3242 ut
1318 3194 1500 3256 partes
1545 3186 1932 3242 dissentientes
1979 3185 2046 3240 ad

2227 1948 2435 2024 ὀχειαν
2454 1953 2861 2024 ὑποστρέψας.
2887 1952 2984 2024 καὶ
3008 1951 3147 2016 τοὺς
3169 1949 3498 2024 ὁμοδόξους
3525 1948 3733 2024 διῃρηο

2220 2021 2446 2093 μένους
2475 2021 2665 2090 εὑρὼν
2707 2021 2804 2093 διὰ
2841 2021 2956 2088 τὴν
2984 2022 3295 2093 Παυλῖνον
3336 2021 3732 2093 χειροτονίαν,

2227 2087 2326 2148 καὶ
2375 2087 2624 2159 τούτους
2662 2089 2879 2146 ἑνῶσαι
2903 2087 2908 2088 7
2923 2091 3010 2160 μὴ
3055 2087 3369 2159 δυνηθεὶς,
3419 2087 3732 2156 ὑπανεχώ-

2217 2178 2434 2232 putrer.

2221 2275 2481 2340 Εὐσέϐιος
2511 2276 2569 2330 δὲ
2602 2277 2630 2330 6
2661 2274 2976 2348 Βρεκέλλων
3019 2273 3345 2338 ἐπίσκοπος,
3392 2271 3554 2336 εὐθὺς
3589 2271 3731 2342 μετὰ

2150 2374 2251 2444 τὴν
2293 2375 2509 2429 σύνοδον
2559 2377 2624 2429 ἐκ
2668 2376 2767 2445 τῆς
2815 2371 3218 2444 Ἀλεξανδρείας
3260 2371 3353 2424 ἐπὶ
3398 2370 3496 2439 τὴν
3553 2369 3732 2422 Ἀντι-

2151 2467 2335 2538 όχειαν
2381 2466 2662 2538 ὥρμησεν.
2697 2463 2888 2537 Εὑρὼν
2933 2481 2993 2518 τε
3024 2463 3292 2517 Παυλῖνον
3329 2462 3426 2533 μὲν
3459 2459 3564 2513 ὑπὸ
3588 2462 3730 2513 Δου-

2152 2559 2376 2630 κίφερος
2431 2557 2876 2629 χειροτονηθέντα
2902 2598 2917 2621 ,
2960 2555 3034 2608 τὰ
3083 2554 3140 2607 δὲ
3195 2553 3369 2624 πλήθη
3407 2551 3730 2622 διεστηκότα

2153 2652 2222 2722 (οἱ
2245 2651 2352 2722 γὰρ
2381 2650 2620 2720 Μελιτίῳ
2650 2649 3115 2719 ἀκολουθήσαντες
3141 2646 3246 2718 ίδίιτ⁴
3273 2644 3610 2714 συνήγοντο),
3632 2659 3732 2697 ταο

2154 2742 2377 2814 ραχθεὶς
2404 2743 2486 2795 ὅτι
2514 2743 2578 2812 τῇ
2609 2739 2878 2812 γενομένῃ
2907 2737 3213 2810 χειροτονίᾳ
3259 2738 3332 2807 μή
3375 2735 3576 2798 πάντες
3603 2751 3731 2786 συνο

2150 2834 2330 2904 ῄνουν,
2362 2833 2609 2901 κατέγνω
2639 2832 2734 2903 μὲν
2760 2831 2880 2884 καθ’
2909 2831 3099 2883 ἐαυτὸν
3121 2827 3234 2898 (50)
3266 2828 3360 2880 τοῦ
3389 2826 3682 2896 γενομένου
3711 2843 3726 2856 ·

2149 2927 2215 2994 τῇ
2249 2924 2305 2977 δὲ
2335 2923 2470 2994 πρὸς
2499 2923 2811 2993 Λουκίφερα
2843 2920 3001 2986 αἰδοῖ,
3049 2920 3328 2989 σιωπήσας
3357 2915 3725 2987 ἀνεχώρησεν,

2150 3015 2616 3086 ἐπαγγειλάμενος
2667 3016 2726 3067 ἐν
2777 3013 3040 3084 συνεδρίῳ
3084 3011 3399 3066 ἐπισκόπων
3462 3009 3530 3060 τὰ
3574 3007 3729 3075 γενόο

2154 3124 2290 3176 μενα
2315 3105 2736 3178 διορθώσασθαι.
2762 3106 2872 3159 Kal
2905 3103 3042 3175 μετὰ
3067 3102 3238 3156 ταῦτα
3268 3100 3466 3172 πολλὴν
3493 3097 3728 3168 σπουδὴν

2151 3197 2374 3270 θέμενος
2401 3199 2594 3252 ἐνῶσαι
2620 3200 2746 3261 τοὺς
2774 3196 3086 3260 διεστῶτας,
3114 3197 3212 3248 οὐκ
3235 3195 3451 3265 ἴσχυσεν
3473 3209 3486 3223 ο
3523 3190 3729 3260 ἔφθασε

475 3278 822 3334 concordiam
861 3278 1164 3342 reduceret,
1197 3279 1250 3333 id
1289 3279 1549 3348 perlicere
1579 3291 1688 3332 non
1735 3277 1929 3348 potuit.
1961 3274 2049 3330 ln-

2151 3264 2495 3353 Be'Melitto;
2533 3289 2632 3359 τῆς
2664 3287 2878 3359 ἐξορὶας
2904 3285 3230 3341 ἐπανελθών.
3263 3284 3373 3338 Kal
3401 3281 3575 3353 εὑρὼν
3620 3281 3727 3352 ἰδίᾳ

475 3382 626 3428 terea
666 3387 794 3427 vero
826 3371 1074 3426 Meletius
1118 3371 1188 3426 ab
1230 3371 1426 3427 exsilio
1470 3385 1755 3441 regressus
1797 3377 1902 3424 est.
1943 3369 2049 3435 Qui

474 3481 600 3520 cum
639 3472 938 3520 sectatores
991 3478 1122 3519 suos
1162 3477 1408 3518 seorsum
1454 3477 1483 3515 a
1529 3462 1754 3533 reliquis
1787 3462 2051 3519 collectas

475 3569 646 3630 agere
690 3554 1174 3624 deprehendisset,
1235 3554 1316 3609 eis
1364 3552 1596 3622 prmfuit.
1653 3551 1760 3608 Sed
1812 3552 2050 3609 Euzoius

473 3646 695 3716 quidem
740 3645 955 3699 Arianae
1000 3645 1240 3714 perfidia:
1269 3645 1501 3699 antistes
1531 3644 1782 3700 ecclesiis
1810 3645 2050 3714 potieba-

475 3746 585 3792 tur.
622 3734 884 3791 Paulinus
927 3751 1056 3790 vero
1103 3750 1266 3790 unam
1317 3734 1587 3788 duntaxat
1625 3750 1688 3789 ex
1741 3736 2047 3790 minoribus

473 3826 723 3882 ccclesiis
775 3827 919 3881 intra
973 3827 1161 3881 urbem
1203 3826 1464 3892 obtinuit,
1512 3841 1576 3880 ex
1606 3841 1711 3894 qua
1749 3827 1900 3879 illum
1939 3827 2046 3881 Eu-

473 3920 632 3974 zoius
679 3919 983 3974 reverentia
1035 3918 1136 3972 viri
1178 3930 1506 3982 commetus,
1542 3932 1650 3972 non
1689 3917 1946 3987 ejeeerat.
1980 3920 2049 3970 At

473 4009 723 4066 Meletius
753 4016 910 4065 extra
962 4010 1114 4065 urbis
1145 4017 1335 4080 portas
1369 4010 1579 4080 plebem
1619 4009 1926 4079 colligebat.
1967 4009 2048 4063 Ad

475 4104 621 4158 hunc
651 4102 820 4174 igitur
848 4101 1070 4157 modum
1107 4101 1376 4158 Eusebius
1409 4110 1538 4157 tunc
1563 4102 1828 4172 temporis
1853 4101 2049 4156 Antio-

471 4195 596 4250 chia
618 4195 895 4251 discessit.
922 4193 1143 4251 Lucifer
1165 4209 1293 4250 vero
1315 4210 1440 4250 cum
1471 4195 1868 4250 ordinationem
1893 4211 2046 4252 suam

473 4288 543 4343 ab
589 4286 829 4344 Eusebio
859 4295 1171 4357 susceptam
1213 4302 1321 4342 non
1371 4303 1493 4343 esse
1539 4287 1886 4358 intelligeret,
1927 4303 2046 4342 eam

477 4395 586 4435 rem
617 4381 968 4435 contumeliae
1005 4380 1127 4436 loco
1146 4379 1375 4444 ducens,
1401 4379 1729 4450 permoleste
1750 4379 1892 4432 tulit.
1917 4376 2051 4432 Pro-

473 4471 605 4527 inde
636 4473 705 4526 ab
752 4471 974 4528 Eusebii
1002 4475 1388 4528 communione
1418 4487 1542 4528 sese
1571 4473 1839 4540 abjunxit,
1885 4480 1940 4528 et
1983 4488 2046 4528 ea

474 4578 596 4632 qua:
625 4579 654 4618 a
686 4565 899 4634 synodo
925 4565 1144 4620 decreta
1187 4565 1425 4628 fuerant,
1461 4566 1644 4620 studio
1677 4567 2046 4622 contentionis

2153 3382 2548 3452 συναγομένους
2579 3379 2703 3443 τοὺς
2749 3378 3098 3441 συνελθόντας
3131 3376 3309 3446 αὐτῷ,
3354 3375 3559 3428 τούτων
3588 3390 3726 3442 προ-

2145 3473 2358 3527 ΐστατο.
2409 3473 2568 3527 Ἀλλὰ
2597 3472 2706 3526 τῶν
2738 3473 2836 3542 μὲν
2868 3471 3176 3543 ἐκκλησιῶν
3215 3470 3436 3541 ἐκράτει
3468 3465 3712 3530 Rogato;

2150 3568 2178 3618 6
2211 3564 2312 3634 τῆς
2356 3565 2638 3636 Ἀρειανῆς
2685 3563 2964 3636 προεστὼς
2999 3563 3318 3632 θρησκείας.
3357 3559 3621 3620 Παυλῖνός
3663 3574 3726 3610 τε

2155 3656 2284 3725 μίαν
2311 3654 2416 3707 τῶν
2449 3655 2659 3725 μικρῶν
2689 3655 2834 3708 ἔνδον
2861 3655 2956 3724 τῆς
2993 3653 3200 3714 πόλεως
3230 3649 3528 3719 ἐκκλησιῶν
3556 3644 3724 3718 εἶχεν.

2152 3742 2218 3818 ἦς
2245 3747 2404 3799 αὑτὸν
2436 3745 2673 3809 nemo;
2713 3746 2852 3800 αἰδοῖ
2881 3747 2946 3816 τῇ
2977 3743 3112 3814 πρὸς
3149 3743 3310 3795 αὑτὸν
3341 3743 3440 3795 οὐκ
3479 3739 3722 3806 ἐξέϐαλε.

2155 3837 2406 3901 ὶὶελίτιος
2433 3838 2490 3890 δέ
2515 3835 2620 3902 ἔξω
2644 3837 2752 3890 τῶν
2789 3836 2969 3890 πυλῶν
2997 3835 3094 3905 τῆς
3123 3834 3329 3896 πόλεως
3357 3832 3454 3896 τὰς
3481 3846 3726 3897 συναγω-

2155 3927 2260 3996 γὰς
2301 3928 2534 3980 ἐποιεῖτο
2553 3937 2601 3981 υ.
2654 3928 2697 3979 Τ
2700 3927 2788 3980 ότε
2821 3927 2920 3997 μὲν
2963 3925 3027 3996 δὴ
3071 3923 3213 3978 οὕτω
3255 3924 3352 3993 τῆς
3397 3921 3726 3989 Ἀντιοχείας

2151 4017 2410 4084 Εὐσέϐιος
2433 4019 2768 4089 ἀνεχώρησε.
2803 4016 3078 4089 Λούκιφερ
3108 4017 3165 4070 δὲ
3205 4014 3509 4085 πυθόμενος
3535 4012 3608 4085 μὴ
3637 4013 3726 4066 δέ-

2150 4109 2342 4180 χεσθαι
2375 4111 2480 4163 ὑπὸ
2514 4110 2774 4163 Εὑσεὸίου
2799 4109 2900 4180 τὴν
2941 4107 3272 4179 χειροτονίαν
3314 4105 3476 4160 αὐτοῦ
3501 4144 3517 4169 ,
3564 4103 3726 4174 ὓϐριν

2159 4203 2367 4271 ἡγεῖτο,
2402 4203 2494 4256 καὶ
2519 4202 2705 4265 δεινῶς
2732 4201 3050 4272 ἠγανάκτει.
3084 4199 3390 4271 Διεκρίνετο
3414 4192 3506 4251 οὖν
3534 4213 3724 4250 κοινω--

2151 4295 2261 4345 νεῖν
2291 4292 2533 4362 Εὑσεὸίῳ
2557 4309 2571 4323 ·
2617 4293 2710 4344 καὶ¹
2740 4291 2808 4345 τὰ
2831 4291 3122 4362 τῇ·συνόδῳ
3149 4290 3439 4361 ἀρέσαντα,
3471 4288 3718 4342 ἀποδοκι-

2155 4389 2347 4458 μάζειν
2399 4390 2463 4442 ἐκ
2509 4386 2838 4456 φιλονεικίας
2886 4384 3155 4437 ἐϐούλετο.
3211 4382 3399 4436 Ταῦτα
3449 4382 3506 4434 ἐν
3548 4380 3727 4450 καιρῷ

2152 4479 2326 4548 λύπης
2357 4478 2643 4548 λεγόμενα,
2677 4477 2904 4540 πολλοὺς
2926 4476 3026 4545 τῆς
3076 4471 3397 4542 Ἐκκλησίας
3423 4471 3726 4542 ἀπέστησε.

2153 4571 2263 4623 Kal
2303 4568 2509 4636 γίνεται
2561 4567 2722 4620 πάλιν
2774 4563 3217 4634 Λουκιφεριανῶν
3263 4564 3424 4634 ἑτέρα
3491 4562 3724 4632 αἵρεσις.

475 4655 765 4721 adductus,
801 4655 970 4724 coepit
1001 4655 1423 4726 reprehendere.
1460 4655 1585 4710 Haec
1612 4656 1740 4710 dum
1776 4673 1871 4726 per
1908 4669 2044 4712 tem-

2164 4659 2323 4714 Ἀλλὰ
2353 4660 2627 4730 Λούκιφερ
2673 4657 2771 4729 τὴν
2801 4658 2970 4729 ὀργὴν
3010 4654 3406 4726 ἀποπληρῶσαι
3436 4653 3535 4705 οὑκ
3573 4653 3728 4722 ἰσχυ-

545 4852 592 4885 ⁶⁶
626 4849 784 4909 Joan.
817 4853 1014 4917 vu,50.
1091 4853 1132 4884 ⁶⁷
1171 4851 1329 4906 Joan.
1365 4867 1424 4914 ιι,
1454 4851 1508 4906 4.
1585 4851 1629 4882 ⁵⁸
1672 4852 1860 4905 Matth.
1893 4868 2040 4916 xxvi,
2081 4853 2168 4909 43.

1656 5011 1925 5070 V’ALESII
1964 5015 2522 5074 ANNOTATIONES.

542 5110 656 5182 (50)
701 5111 976 5182 Κατέγυνω
1023 5111 1140 5180 μὲν
1187 5116 1315 5167 καθ’
1367 5112 1604 5168 ἑαυτοῦ.
1675 5111 2036 5170 Scribendnm

2151 5126 2158 5169 ι
2193 5116 2316 5169 καθ’
2360 5117 2574 5181 ἑαυτόν,
2635 5126 2692 5172 ut
2735 5115 2967 5171 habetur
3020 5114 3078 5169 in
3134 5112 3326 5169 codice
3363 5109 3717 5165 Florentino.

1906 5262 2214 5323 VARIURU
2227 5270 2293 5321 Μ.

531 5367 568 5398 ἰι
599 5359 874 5422 Μελίτιος
900 5355 968 5410 δὲ
1000 5355 1116 5421 ἔξω
1144 5355 1262 5409 τῶν
1282 5355 1493 5410 πυλῶν
1529 5354 1637 5422 τῆς
1683 5357 1912 5423 πόλεως
1936 5357 2043 5423 τὰς

466 5427 823 5500 συναγωγὰς
858 5426 1132 5481 ἐποιεῖτο.
1173 5426 1458 5480 Antiochia
1481 5428 1535 5500 i_n
1567 5427 1705 5500 duas
1740 5425 2044 5500 urhesfnit

465 5495 669 5560 divisa,
703 5495 984 5568 antiquam
1013 5512 1120 5556 se...
1147 5511 1269 5564 qum
1294 5495 1598 5568 secundum
1634 5499 1858 5552 Orontis
1897 5497 2044 5550 ﬂuvii

467 5584 620 5622 oram
651 5566 869 5638 longum
903 5576 1063 5622 terra:
1088 5566 1392 5638 occupabat
1426 5566 1696 5638 spatium;
1729 5575 1784 5622 et
1818 5583 2043 5638 novam,

470 5640 525 5692 in
558 5635 801 5702 ejusdem
827 5636 975 5692 fluvii
1012 5637 1188 5691 insula
1211 5639 1396 5700 sitam,
1429 5635 1601 5706 forma
1631 5637 1886 5698 rotunda,
1922 5652 2044 5706 qua:

473 5706 714 5776 quinque
755 5709 1015 5778 pontibus
1046 5708 1281 5777 antiqua:
1308 5705 1658 5778 jungebatur.
1709 5709 1766 5763 ln
1816 5705 2043 5778 antiqua

2147 5360 2399 5416 exstabat
2429 5376 2586 5416 vetus
2614 5359 2846 5416 ecclesia
2875 5373 2941 5412 an
2979 5357 3240 5427 apostolis
3277 5353 3525 5427 fundata,
3557 5365 3727 5427 quam

2148 5430 2270 5486 ideo
2313 5432 2669 5500 apostolicam
2701 5439 2860 5500 vocat
2889 5422 3301 5500 Tlrcodoretus;
3324 5426 3376 5478 in
3418 5437 3524 5494 qua
3560 5422 3727 5476 Melc-

2146 5502 2258 5556 tius
2323 5497 2628 5556 conventus
2685 5499 2897 5569 agebat.
2961 5497 3226 5551 Paulinus
3293 5509 3425 5569 vero
3481 5505 3728 5569 parvam

2146 5587 2300 5626 suam
2347 5571 2638 5625 ecclesiam
2683 5561 2745 5622 ἰῐῖ
2765 5583 2906 5622 nova
2942 5569 3077 5622 urbe
3108 5563 3432 5632 occupabat.
3473 5564 3578 5626 ((ll.
3615 5561 3730 5618 Mo-

2146 5642 2304 5696 naclti
2334 5639 2671 5698 Bcnedictini
2714 5639 2768 5694 in
2802 5637 3061 5693 Athenas.
3097 5637 3207 5693 vol.
3239 5632 3376 5700 ll,p.
3416 5631 3567 5702 771.)
