4070 6204
153 359 156 362 ’
251 357 358 411 Μδ

1207 351 1544 410 HISTORIA
1581 351 2136 410 ECCLESIASTICA.
2165 381 2230 393 —-
2271 350 2403 408 LIB.
2443 352 2531 406 Ill.

3399 353 3502 408 ΗΔ

259 470 452 524 Αὐτίκα
485 466 620 536 γοῦν
640 467 718 533 ὡς
750 469 809 524 ὲν
834 470 1204 542 χωνευτηρίῳ,
1224 472 1362 526 οἵτε
1389 472 1541 537 ὄντες
1568 473 1829 543 Χριστια-

1936 472 2174 541 impulit.
2225 469 2527 527 Confestim
2571 467 2737 538 igitur
2786 475 2901 522 tum
2950 467 3044 538 qui
3083 468 3216 532 veri,
3251 476 3366 523 tum
3410 471 3502 539 qui

255 557 330 610 νοὶ
373 557 466 609 καὶ
511 556 562 608 οί
598 556 958 627 νομιζόμενοι,
1001 559 1228 629 φανεροὶ
1269 561 1434 613 πᾶσιν
1476 560 1735 628 ἐγίνοντο.
1761 561 1825 613 Oi

257 647 350 720 μιν
381 645 489 718 γὰρ
524 646 659 717 ὀρθῇ
703 647 896 718 γνώμῃ
925 648 1431 719 Χριστιανίζοντες,
1476 650 1828 720 εὐθυμότεροι

252 740 347 808 τὴν
390 736 567 806 ζώνην
613 737 949 801 ἀπετίθεντο,
989 739 1165 792 πάντα
1213 738 1412 810 μᾶλλον
1453 739 1743 810 ὑπομένειν
1794 739 1826 810 ἢ

255 826 528 897 ἀρνεῖσθαι
559 826 650 878 τὸν
684 827 916 896 Χριστὸν
946 827 1280 898 αἱρούμενοι.
1323 829 1413 881 Ἐν
1448 828 1659 890 τούτοις
1689 823 1828 898 ἦσαν

273 917 538 976 Ίοὸιανὺς,
564 916 1004 979 Οὑαλεντινιανός
1027 935 1083 967 τε
1114 918 1209 970 καὶ
1239 918 1533 989 Οὐάλης,οί
1553 919 1644 971 καὶ
1674 918 1830 970 ὓστε-

259 1025 343 1080 ρον
367 1008 806 1078 βασιλεύσαντες.
833 1008 1052 1080 Ἕτεροι
1103 1009 1160 1062 δὲ
1206 1010 1319 1063 ὅσοι
1359 1009 1434 1080 μὴ
1473 1011 1604 1081 ὀρθῇ
1637 1009 1828 1081 γνώμῃ

253 1097 664 1168 ἐχριστιάνιζον,
688 1099 803 1151 ὅσοι
831 1099 898 1152 τά
927 1101 1181 1170 χρήματα
1206 1100 1315 1170 (60)
1348 1101 1443 1153 καὶ
1475 1103 1572 1172 τὴν
1600 1102 1829 1155 ἐνταῦθα

250 1189 433 1258 τιμὴν,
481 1190 580 1259 τῆς
623 1188 856 1260 ἀληθοῦς
909 1190 1244 1260 εὐδαιμονίας
1293 1191 1828 1274 προκρίναντες..μὴ

254 1280 614 1348 μελλήσαντες
660 1279 795 1350 πρὸς
841 1279 903 1332 τὸ
946 1279 1094 1332 θύειν
1141 1279 1448 1334 ἀπέκλινον.
1486 1276 1586 1335 Ὧν
1629 1277 1720 1344 ἐἷς
1762 1277 1829 1351 ἦν

252 1371 343 1421 καὶ
399 1370 429 1421 ό
485 1369 1108 1432 Κωνσταντινουπόλεως
1171 1371 1428 1441 σοφιστὴς
1497 1372 1827 1442 Ἐκηϐόλιος.

252 1461 446 1521 Ὀστις
470 1463 580 1520 τοῖς
615 1459 773 1530 ηθεσι
819 1460 926 1512 τῶν
955 1460 1215 1530 βασιλέων
1257 1461 1538 1532 ἑπόμενος,
1587 1463 1680 1514 ἐπὶ
1733 1463 1832 1532 μὲν

249 1551 628 1604 Κωνσταντίου
670 1550 950 1622 διαπύρως
976 1552 1408 1634 ,Χριστιανίζειν
1461 1553 1790 1624 ὑπεκρίνατο
1813 1570 1828 1584 ο

248 1643 342 1694 ἐπὶ
369 1642 428 1694 δὲ
463 1641 772 1702 Ἰουλιανοῦ.
803 1641 1000 1713 γοργὸς
1025 1643 1224 1714 Ἕλλην
1251 1645 1503 1711 ἐφαίνετο
1521 1660 1534 1674 ·
1561 1645 1654 1698 καὶ
1679 1640 1834 1708 αὖθις

251 1732 390 1802 μετά
445 1731 766 1795 Ἰουλιανὸν,
814 1733 1217 1803 Χριστιανίζειν
1264 1733 1445 1804 ἧθελε.
1482 1735 1673 1804 Ῥίψας
1722 1735 1832 1805 γὰρ

249 1822 442 1874 ἑαυτὸν
487 1821 667 1892 πρηνῆ
718 1821 822 1890 πρὸ
853 1822 954 1890 τῆς
998 1821 1171 1893 πύλης
1201 1821 1296 1875 τοῦ
1334 1823 1622 1895 εὑκτηρίου
1663 1824 1833 1888 οίκου,

248 1912 537 1982 Πατήσατέ
568 1929 657 1980 με,
687 1910 834 1974 ἐϐόα,
864 1911 926 1964 τὸ
951 1911 1081 1975 ἃλας
1109 1911 1170 1965 τὸ
1203 1894 1546 1984 ἀναίσθητον.
1584 1894 1834 1978 Τοιοῦτος

249 2001 348 2069 μὲν
383 1996 481 2053 οὖν
510 2000 710 2067 κοῦφος
747 2000 840 2053 καὶ
862 2000 1090 2072 εὐχερὴς
1140 2001 1450 2073 Ἐκηϐόλιος
1479 2005 1744 2075 πρότερόν
1773 2023 1833 2060 τε

247 2093 341 2144 καὶ
372 2089 606 2160 ὕστερον
633 2087 716 2161 ἦν.
747 2091 880 2144 Τότε
911 2092 968 2145 δὲ
1009 2095 1038 2146 ό
1084 2092 1352 2162 βασιλεὺς,
1381 2095 1596 2166 Πέρσας
1629 2096 1831 2166 ἀμύνε-

245 2185 370 2238 σθαι
429 2187 448 2222 ί
485 2185 823 2254 βουλόμενος,
881 2185 997 2240 ἀνθ’
1031 2180 1105 2241 ὧν
1153 2187 1246 2241 ἐπὶ
1301 2189 1676 2243 Κωνσταντίου
1734 2188 1832 2259 τὴν

257 2277 554 2346 Ῥωμαίων
605 2277 788 2348 χώραν
849 2278 1207 2350 κατέδραμον,
1253 2281 1556 2344 σπουδαίως
1603 2279 1690 2333 διά
1734 2283 1834 2351 τῆς

256 2367 447 2430 Ἀσίας
482 2367 578 2420 ἐπὶ
620 2370 692 2420 τά
732 2367 845 2438 ἑῷα
897 2369 1038 2441 μέρη
1082 2369 1365 2424 διέϐαινεν.
1415 2369 1582 2434 Εἰδὼς
1635 2369 1692 2422 δὲ
1733 2371 1833 2422 ὅσα

246 2456 484 2526 πόλεμος
525 2456 640 2525 ἔχει
683 2457 849 2518 κακά.
888 2459 983 2512 καὶ
1033 2459 1108 2524 ὡς
1155 2458 1364 2512 πολλῶν
1393 2459 1562 2513 δεῖται
1617 2462 1834 2530 χρημάο

242 2563 373 2612 των,
403 2545 502 2598 καὶ
550 2546 680 2599 ἄνευ
733 2546 936 2600 τούτων
977 2548 1039 2601 ού
1088 2549 1470 2618 κατορθοῦται,
1506 2548 1833 2620 πανούργως

243 2637 515 2706 ἐπενόησε
550 2636 831 2705 συλλέγειν
861 2637 928 2690 τά
961 2640 1217 2708 χρήματα
1248 2639 1398 2709 παρά
1433 2639 1542 2691 τῶν
1572 2637 1834 2710 Χριστια-

241 2727 372 2779 νῶν.
405 2727 534 2790 Τοῖς
569 2726 680 2797 γὰρ
728 2727 802 2796 μὴ
849 2725 1191 2796 βουλομένοις
1235 2725 1404 2789 θύειν,
1439 2724 1672 2795 ἐπέθηκε
1699 2743 1835 2795 χρη-

247 2819 495 2888 ματικήν
565 2819 863 2888 καταδίκην
912 2830 962 2872 ιι.
1025 2819 1134 2872 Καὶ
1186 2817 1479 2888 ἀπαίτησις
1531 2817 1670 2870 κατά
1725 2817 1832 2869 τῶν

245 2909 473 2978 ἀληθῶς
504 2910 994 2978 Χριστιανιςόντων
1023 2909 1230 2976 ἐγίνετο
1261 2908 1528 2970 σύντονος.
1567 2907 1833 2968 Ἕκαστος

244 3001 356 3068 γὰρ
413 3000 560 3052 κατά
596 3000 696 3070 τὴν
746 2999 978 3070 ὓπαρξιν
1018 2999 1294 3067 ἀναλόγως
1342 2998 1611 3069 εἰσέφερε.
1655 2997 1762 3050 Καὶ
1805 2998 1833 3050 ὁ

246 3091 508 3160 βασιλεὺς
538 3093 602 3143 ὲκ
634 3090 733 3159 τῆς
764 3091 948 3143 ἀδίκου
984 3092 1246 3162 συλλογῆς
1271 3090 1379 3143 τῶν
1408 3090 1605 3143 ἀδίκων
1628 3088 1833 3160 χρημά-

242 3191 376 3238 των,
408 3175 552 3244 ταχὺ
585 3174 839 3236 πλούσιος
867 3169 956 3244 ἦν.
997 3175 1223 3244 Ἐχρῆτο
1256 3173 1362 3244 γὰρ
1389 3171 1467 3242 τῷ
1495 3172 1664 3242 νόμῳ,
1699 3171 1832 3223 ὃπου

243 3284 306 3318 τε
342 3267 421 3337 μὴ
461 3265 668 3337 παρῆν,
699 3266 792 3318 καὶ
817 3267 951 3319 ὅπου
997 3265 1250 3318 διέϐαινε.
1287 3262 1599 3334 Τηνικαῦτα
1645 3261 1738 3314 καὶ
1787 3262 1834 3312 οἱ

246 3357 522 3428 Ἕλληνες
560 3357 668 3409 τῶν
695 3356 1181 3426 Χριστιανιζόντων
1215 3355 1574 3426 κατέτρεχονο
1614 3351 1840 3423 σύρροιά

243 3467 305 3503 τε
345 3449 462 3502 τῶν
516 3448 828 3516 φιλοσοφεῖν
877 3447 1140 3515 λεγόντων
1178 3447 1405 3514 ἐγίνετο.
1457 3445 1566 3498 Καὶ
1613 3444 1840 3507 τελετάς

243 3559 404 3604 τινας
437 3542 786 3602 συνίστασαν,
818 3541 893 3602 ὡς
922 3540 1014 3592 καὶ
1047 3537 1686 3608 σπλαγχνοσκοπούμενοι
1717 3537 1842 3588 παῖ-

240 3632 348 3696 δας
381 3631 683 3685 καταθύειν
714 3630 1004 3702 ἀφθόρους,
1052 3631 1286 3702 ἄρρενας
1333 3631 1425 3683 καὶ
1475 3629 1716 3699 θηλείας,
1750 3628 1842 3680 καὶ

240 3721 362 3774 τῶν
393 3719 619 3790 σαρκῶν
646 3719 1030 3787 ἀπογεύεσθαι.
1077 3721 1186 3773 Καὶ
1231 3718 1404 3771 ταῦτα
1445 3718 1660 3770 ἐποίουν
1701 3717 1843 3770 κατά.

240 3829 312 3867 τε
365 3813 473 3874 τὰς
531 3813 701 3874 ἄλλας
751 3811 953 3877 πόλεις,
993 3813 1087 3864 καὶ
1140 3810 1280 3864 κατά
1333 3809 1432 3872 τὰς
1472 3809 1720 3878 Ἀθήνας,
1749 3809 1842 3860 καὶ

241 3903 400 3956 κατά
431 3903 534 3972 τὴν
575 3901 999 3972 Ἀλεξάνδρειαν.
1030 3900 1199 3954 Ἔνθα
1226 3901 1317 3953 καὶ
1347 3899 1488 3953 κατά
1526 3886 1841 3952 Ἀθανασίου

239 3994 347 4047 τοῦ
381 3993 691 4047 ἐπισκόπου
743 3992 1049 4064 σκευωρίαν
1095 3990 1472 4061 ποιησάμενοι,
1519 3987 1844 4059 γνωρίζουσι

243 4085 497 4155 βασιλεῖ,
548 4084 626 4148 ὡς
665 4084 973 4154 λυμαίνοιτο
1014 4085 1113 4156 τὴν
1164 4087 1316 4140 πόλιν
1369 4087 1463 4139 καὶ
1519 4087 1701 4138 πᾶσαν
1745 4083 1846 4154 τὴν

240 4178 562 4246 Δῖγυπτον,
595 4179 688 4230 καὶ
717 4177 826 4231 δεῖν
864 4177 1027 4231 αὐτὸν
1071 4177 1432 4232 ἀπαλλάττειν
1478 4178 1576 4248 τῆς
1615 4175 1846 4238 πόλεως.

1929 562 2053 617 falsi
2083 561 2379 618 Christiani
2401 567 2605 623 essent,
2633 558 2898 628 tanduam
2934 562 2987 614 in
3013 557 3236 613 fornace
3267 562 3503 628 probati,

1928 653 2183 708 omnibus
2229 653 2604 706 innotuerunt.
2648 647 2780 702 Nam
2830 648 2921 718 qui
2961 649 3180 704 sincere
3234 657 3396 718 alque
3440 665 3506 703 ex

1929 744 2112 798 animo
2135 742 2432 798 Christiani
2467 747 2643 800 erant,
2666 739 2853 792 libenti
2892 739 3077 792 animo
3101 737 3380 806 cingulum
3413 741 3510 790 de-

1931 840 2254 904 posuerunt,
2287 831 2504 902 quidvis
2547 833 2692 885 terre
2724 829 2895 899 parati
2933 830 3117 896 potius
3155 844 3316 897 quam
3352 829 3510 881 Chri-

1932 932 2078 980 stum
2131 937 2354 990 negare.
2408 921 2553 974 Inter
2598 919 2697 972 bos
2745 918 2899 973 fuere
2934 917 3220 982 Jovianus,
3263 917 3507 971 Valenti-

1930 1013 2130 1066 nianus
2167 1018 2221 1064 et
2255 1008 2474 1074 Valens,
2520 1009 2611 1077 qui
2651 1017 2838 1076 postea
2878 1007 3165 1076 imperium
3193 1016 3506 1061 tenuerunt.

1930 1103 2122 1158 Caneri
2171 1101 2451 1170 vero,qni
2490 1116 2598 1154 non
2642 1116 2706 1155 ex
2753 1100 2937 1153 animo
2989 1099 3291 1153 Christiani
3327 1107 3508 1158 erant.

1933 1197 2027 1252 sed
2055 1194 2273 1248 divitias
2307 1201 2361 1248 et
2397 1193 2634 1247 honores
2669 1191 2832 1259 hujus
2871 1190 3054 1244 saeculi
3086 1206 3227 1245 vera:
3261 1190 3506 1245 felicitati

1935 1285 2316 1357 praeferebant,
2371 1283 2488 1338 sine
2520 1284 2626 1337 ulla
2681 1281 3034 1335 cunctatione
3087 1280 3155 1334 ad
3194 1281 3508 1335 sacrifican-

1939 1376 2069 1431 dum
2111 1391 2172 1430 se
2201 1375 2571 1430 contulerunt.
2611 1372 2689 1426 Ex
2727 1388 2960 1442 quorum
2991 1387 3218 1425 numero
3251 1372 3356 1424 fuit
3382 1371 3510 1424 Ece-

1934 1465 2118 1520 bolius
2175 1467 2419 1537 sophista
2470 1466 2627 1520 urbis
2701 1463 3342 1534 Constantinopolitanae.
3403 1461 3506 1526 Qui

1941 1555 2160 1624 quidem
2194 1555 2260 1610 ad
2307 1555 2695 1624 imperatorum
2740 1567 2920 1608 mores
2948 1568 3067 1608 sese
3097 1553 3308 1621 fingens
3343 1558 3509 1618 atque

1934 1646 2380 1708 accommodans,
2403 1643 2730 1700 Constantio
2762 1643 2982 1714 quidem
3031 1651 3314 1712 regnante.
3349 1641 3510 1695 Chri-

1938 1737 2172 1790 stianam
2203 1751 2264 1791 se
2293 1735 2610 1804 religionem
2642 1734 3025 1789 ardentissime
3067 1734 3246 1788 colere
3283 1731 3509 1786 simula-

1870 1797 1910 1854 Β
1939 1825 2052 1892 vit;
2096 1823 2304 1879 Juliani
2349 1797 2480 1881 vero
2526 1825 2880 1895 temporibus,
2913 1824 3196 1894 gentilium
3237 1823 3507 1893 supersti—

1939 1916 2075 1970 tioni
2108 1931 2272 1986 supra
2299 1915 2518 1970 modum
2549 1915 2800 1970 addictus
2832 1915 3118 1985 apparuit;
3150 1923 3272 1983 post
3299 1914 3505 1966 obitum

1934 2015 2115 2062 autem
2131 2005 2356 2070 Juliani,
2384 2023 2581 2063 rursus
2607 2007 2979 2062 Christianam
3021 2007 3338 2076 religionem
3383 2019 3510 2074 pro-

1888 2155 1894 2160 .
1932 2095 2073 2150 ﬁteri
2107 2096 2298 2151 voluit.
2349 2095 2563 2152 Etenim
2607 2113 2707 2167 pro
2740 2097 2949 2153 foribus
2987 2097 3234 2152 ecclesiae
3269 2111 3328 2150 se
3373 2110 3508 2164 pro-

1931 2202 2063 2240 num
2111 2187 2411 2257 abjiciens,
2464 2187 2552 2242 bis
2613 2188 2838 2243 vocibus
2888 2203 3022 2243 usus
3077 2201 3200 2242 esse
3253 2185 3504 2239 dicitur:

1931 2278 2150 2331 Calcate
2175 2292 2260 2332 me
2297 2287 2352 2330 ut
2395 2278 2473 2332 sal
2504 2277 2823 2346 insipidum.
2859 2275 3181 2345 Hujusmodi
3217 2274 3320 2328 fuit
3372 2273 3510 2328 Ece-

1932 2365 2155 2431 bolius;
2211 2369 2355 2421 sicut
2401 2373 2562 2421 antea
2615 2367 2750 2421 levis
2809 2374 2975 2436 atque
3023 2366 3370 2429 inconstans,
3435 2363 3510 2416 ita

1931 2455 2096 2508 etiam
2149 2467 2360 2524 postea.
2402 2453 2506 2508 Per
2558 2454 2697 2509 idem
2754 2463 2971 2524 tempus
3012 2455 3331 2524 imperator,
3382 2467 3508 2508 cum

1934 2544 2134 2601 Persas
2173 2547 2364 2600 ulcisci
2393 2547 2556 2600 vellet
2608 2546 2678 2600 ob
2715 2545 2939 2600 crebras
2999 2545 3348 2599 incursiones
3373 2559 3512 2614 quas

1931 2637 2240 2692 Constantii
2265 2637 2603 2706 temporibus
2623 2636 2676 2689 in
2697 2633 3211 2704 agrumRomanum
3242 2634 3508 2696 fecerant,

1932 2740 2030 2796 per
2073 2726 2259 2779 Asiam
2311 2725 2365 2778 in
2418 2723 2656 2779 Orientis
2702 2730 2884 2791 partes
2921 2736 3151 2792 propere
3197 2719 3502 2775 contendit.

1932 2814 2185 2883 Cumque
2231 2813 2558 2882 intelligeret
2605 2822 2733 2880 quot
2789 2811 2929 2864 mala
2971 2811 3169 2865 bellum
3221 2815 3514 2879 apportarc

1933 2904 2126 2968 soleat,
2158 2912 2212 2958 et
2235 2909 2438 2972 quanta
2473 2902 2701 2972 pecunia
2731 2917 2868 2970 opus
2902 2901 2992 2964 sit,
3028 2900 3275 2970 sine-qua
3311 2899 3512 2954 bellum

1933 2991 2216 3047 commode
2277 2991 2388 3058 geri
2447 3005 2555 3043 non
2626 2997 2838 3057 potest,
2902 3001 3152 3055 magnam
3217 2984 3341 3039 auri
3401 2985 3512 3037 vim

1938 3081 2134 3137 callide
2173 3096 2203 3133 a
2239 3079 2568 3134 Christianis
2592 3086 2917 3148 extorquere
2948 3074 3256 3131 constituit.
3296 3070 3512 3126 Etenim

1945 3169 2314 3242 pecuniariam
2368 3169 2595 3222 multam
2637 3167 2898 3236 imposuit
2945 3165 3012 3220 iis
3059 3163 3151 3234 qui
3206 3160 3518 3216 sacriﬁcare

1938 3263 2242 3317 abnuerent
2275 3278 2286 3314 :
2317 3260 2544 3329 ipsaque
2590 3259 2805 3313 exactio
2841 3257 2894 3310 in
2927 3271 3022 3311 eos
3055 3253 3149 3325 qui
3183 3267 3314 3307 vcre
3353 3250 3512 3305 Chri—

1942 3354 2107 3410 stiani
2149 3359 2355 3412 essent,
2390 3352 2547 3420 plena
2590 3357 2710 3404 erat
2762 3347 3089 3404 severitatis.
3124 3341 3517 3413 Unusquisque

1939 3446 2083 3501 enim
2113 3459 2213 3514 pro
2243 3441 2405 3496 modo
2439 3440 2760 3494 facultatum
2793 3453 3018 3494 suarum
3064 3435 3350 3506 pecuniam
3381 3447 3516 3486 con-

1945 3537 2090 3592 ferre
2121 3533 2440 3604 cogebatur.
2481 3531 2558 3585 Ita
2591 3532 2890 3600 imperator
2926 3543 3022 3598 per
3053 3527 3311 3595 injustam
3359 3519 3520 3590 189

1945 3626 2104 3679 mala:
2158 3622 2404 3692 pecunia:
2449 3619 2792 3674 exactionem
2845 3618 2997 3672 brevi
3052 3614 3294 3684 locuples
3341 3611 3520 3664 factus

1944 3725 2049 3771 est.
2094 3713 2230 3768 Nam
2266 3713 2352 3766 lex
2387 3711 2725 3766 exsecutioni
2770 3710 3156 3769 mandabatur,
3202 3720 3309 3760 non
3340 3703 3518 3758 solum

1947 3805 2037 3860 ubi
2071 3803 2376 3872 imperator
2405 3799 2618 3860 aderat,
2649 3798 2742 3854 sed
2767 3799 2822 3852 in
2859 3799 2928 3852 iis
2951 3797 3114 3851 etiam
3145 3794 3280 3849 locis
3311 3793 3376 3846 ad
3400 3807 3522 3860 qua:

1950 3897 2174 3951 minime
2223 3899 2555 3948 accesserat.
2604 3890 2762 3944 Tunc
2799 3891 2966 3944 etiam
3017 3886 3213 3958 pagani
3261 3884 3316 3937 in
3356 3880 3520 3937 Chri-

1947 3988 2160 4044 stianos
2195 3985 2495 4047 irrueruut,
2547 3988 2602 4036 et
2639 3995 2944 4035 concursus
2995 3978 3174 4033 fartus
3219 3983 3304 4030 est
3333 3985 3522 4026 eorum

1951 4081 2047 4152 qui
2097 4093 2156 4134 se
2199 4072 2556 4146 philosOphos
2625 4071 3014 4141 pmdicabant.
3075 4069 3384 4134 Quinetiam
3427 4076 3522 4115 ne-

1954 4169 2120 4225 fanda
2165 4165 2411 4238 quaedam
2456 4165 2714 4235 mysteria
2752 4165 2820 4218 ab
2863 4162 2973 4217 illis
3005 4160 3312 4230 excogitata
3346 4157 3521 4209 sunt:

1465 4389 1741 4449 VALESII
1775 4383 2336 4446 ANNOTATIONES.

330 4606 452 4674 (60)
493 4607 671 4658 Ὅσοι
697 4604 766 4674 τὰ
790 4601 1080 4674 χρήματα.
1123 4598 1485 4674 scribendum
1507 4605 1646 4674 _pu_to
1670 4597 1752 4674 ῶς
1777 4595 1846 4652 τά

252 4665 526 4749 χρηματα
555 4675 653 4728 καὶ
683 4665 1040 4749 ﬁrm-Evicit):
1064 4672 1246 4741 τιμὴν,
1270 4669 1368 4749 τῆς
1398 4665 1628 4749 ἀληθοῦς
1662 4665 1842 4749 εὐδαι-

261 4735 898 4818 μίας-προκρίνοντες.
918 4735 1133 4818 _Q_nam'
1171 4735 1606 4818 etiieadationem
1648 4735 1842 4818 confli:-

261 4805 375 4870 inat
436 4805 789 4884 Epiphanius
843 4805 1253 4884 Scholasticus._
1307 4809 1398 4862 Sic
1433 4807 1618 4884 -enim
1676 4805 1841 4858 vertit

261 4888 412 4940 hunc
456 4877 640 4939 locum
669 4903 682 4938 :
711 4883 910 4950 Quippe
940 4881 1027 4952 qui
1071 4880 1316 4948 pecunias
1349 4886 1398 4931 et
1424 4877 1842 4952 honorem_pra:-

265 4891 412 4940 hunc
456 4891 640 4939 locum
669 4903 682 4938 :
711 4891 910 4950 Quippe
940 4891 1026 4952 qui
1071 4895 1316 4948 pecunias
1349 4891 1398 4931 et
1424 4891 1842 4998 nonoremdzrw-

265 4969 462 5011 sentem
494 4955 749 5026 felicitati
788 4969 921 5007 verm
952 4950 1075 5021 ﬁdei
1107 4957 1490 5020 praeponerent.
1541 4955 1650 5002 etc.
1730 4946 1844 5000 ice-

1877 4742 1917 4796 ι)
1948 4727 2295 4812 Χριστιανῶν
2352 4717 2713 4812 ησπάςοντοκ
2753 4722 2844 4803 καὶ
2903 4717 2964 4770 τὸ
2999 4717 3168 4812 ’ἀλληθ

2948 4577 3038 4639 25,
3095 4575 3242 4630 hunc
3286 4573 3527 4626 Socratis

3058 4645 3200 4768 ὀρθῖὲ
3224 4644 3418 4714 γνώμῃ
3457 4641 3528 4694 τὰ

3058 4717 3168 4768 uno
3202 4734 3228 4768 ς
3274 4712 3528 4768 εὔδαιμον

3202 4712 3245 4779 ς
3274 4712 3528 4781 εὔδαιμον

1943 4781 2336 4870 τῖ’γςὲνταῦθα
2377 4781 2566 4870 ’τὲμῆς
2627 4781 2721 4870 καὶ
2758 4790 2883 4870 ’τῶν
2929 4781 3226 4870 χρημάτων
3306 4781 3530 4870 προύτίο

1947 4862 2120 4929 θέντο,
2157 4878 2264 4921 etc.
2299 4862 2472 4932 Quod
2493 4862 2937 4920 emendationem
2987 4866 3234 4913 nostram
3272 4870 3381 4910 non
3417 4867 3531 4906 me-

1947 4940 2212 4995 diocriter
2238 4937 2551 4993 confirmat.

1954 4591 2341 4661 phorus_vero
2389 4587 2444 4642 in
2501 4585 2598 4661 lib.
2648 4599 2708 4661 ξ,
2767 4595 2888 4661 cap:

1951 4649 2129 4715 iocum
2180 4658 2254 4711 ita
2304 4651 2888 4726 expressitz'030t_6e
2935 4649 3008 4726 μὴ

1711 5131 2100 5190 VARIORUM.

345 5353 366 5389 τ
412 5355 542 5408 Τότε
569 5352 639 5405 δὲ
669 5352 705 5404 ὀ
737 5347 1041 5414 ,ϐασιλεὺς
1089 5347 1322 5415 Πέρσας
1359 5345 1707 5414 ἀμύνεσθαι.
1746 5341 1846 5395 Ju-

289 5422 452 5480 lianus
501 5435 802 5492 antequam
830 5421 906 5492 _in
971 5417 1168 5472 Persas
1198 5425 1488 5492 moveret,
1529 5415 1848 5492 decennalia

289 5503 397 5546 rota
445 5484 703 5550 emisisse
753 5489 1011 5551 videtur,
1071 5498 1129 5542 ut
1178 5489 1312 5542 deos
1347 5502 1478 5540 suos
1528 5485 1631 5539 sibi
1674 5484 1847 5550 magis

286 5564 528 5634 propitios
555 5558 1048 5634 redderet.__i_lujus
1075 5557 1386 5613 festivitatis
1409 5555 1704 5610 occasione
1725 5569 1845 5634 per:

285 5628 470 5691 seruitio
513 5638 796 5692 adversus
838 5631 1187 5690 Christianos
1231 5636 1389 5691 acta;
1425 5639 1680 5694 quorum,
1721 5628 1843 5694 post

284 5707 566 5776 victoriam,
613 5703 955 5778 sanguinem
1001 5702 1110 5758 diis
1154 5700 1274 5756 suis
1311 5692 1537 5758 vetavit,
1572 5702 1631 5748 ut
1671 5692 1837 5757 aliqui

1953 5337 2334 5409 prodiderunt.
2369 5331 2490 5386 Haec
2516 5329 2683 5385 refert
2711 5329 2839 5409 ᾼηι.
2863 5324 3104 5409 Ροκῖκοά
3125 5320 3528 5409 ειηιὲῷςῗιὶηέί.

2022 5391 2070 5447 ur
2103 5405 2392 5471 Ἐπέθηκε
2414 5399 2788 5470 χρηματικήν
2814 5395 3147 5471 καταδίκην
3208 5391 3280 5470 Et.
3304 5391 3406 5471 hac
3439 5403 3533 5441 oc—

1950 5460 2177 5531 casione
2209 5460 2620 5540 improbissime
2659 5460 2823 5524 etiam
2847 5460 3157 5540 cavillatus.
3191 5476 3248 5514 se
3268 5460 3320 5512 id
3346 5472 3530 5526 agere,

1950 5548 2036 5600 ἵνα
2058 5549 2137 5608 εἰς
2158 5547 2258 5614 τὴν
2288 5533 2562 5614 βασιλείαν
2591 5540 2698 5593 τῶν
2721 5533 3305 5614 οὐρανῶνιεὺοδώτερον
3326 5541 3533 5614 πορευ-

1948 5591 2237 5684 Οῶ-σιῗῳιὸ
2273 5591 2846 5684 Ῐιιοὲιὶιιεῄίηήιοιισιιιιίιι
2879 5607 3127 5661 calorum
3171 5591 3532 5652 véniantJu-

1947 5688 2077 5742 liani
2118 5686 2283 5758 epist.
2321 5684 2410 5739 43.
