4070 6204
632 323 739 378 ﬂii
2089 317 2188 374 SOl

2294 317 2430 375 LTIS
3765 320 3868 380 416

631 442 706 496 ita
739 450 798 496 ut
840 456 1040 510 pueros
1075 439 1390 509 impuberes
1431 439 1720 510 utriusque
1755 451 1920 495 sexus
1957 439 2188 494 immola-

2301 441 2571 513 Κεκινητό
2612 457 2672 495 τε
2713 443 2833 496 κατ’
2866 441 3052 506 αὑτοῦ,
3084 443 3147 496 ὲκ
3196 443 3620 513 προστάγματος
3674 441 3873 512 βασιλι-

629 541 773 598 rent,
810 541 1042 602 extaque
1088 547 1278 586 eorum
1326 530 1680 600 inspicerent,
1733 545 1929 586 carnes
1963 530 2188 600 denique

2303 529 2401 583 κοῦ
2435 541 2463 568 ν
2523 529 2616 584 καὶ
2642 532 2672 584 ὁ
2715 531 3120 602 Ἀλεξανδρείας
3149 531 3385 601 ἔπαρχος
3415 531 3550 600 (61).

628 625 1000 694 degustarent.
1033 626 1211 695 Atque
1249 625 1365 680 haec
1399 633 1515 678 tum
1554 625 1612 680 in
1651 625 1774 680 aliis
1812 625 2041 680 urbibus
2096 625 2239 680 facta
2275 634 2422 690 sunt,
2466 633 2583 679 tum
2637 627 2869 682 Athenis
2905 635 2959 681 et
2994 626 3514 692 AlexandriamQua
3562 623 3783 695 quidem
3821 627 3874 681 in

625 721 870 785 civitate,
919 720 1264 776 concinnatis
1309 721 1574 776 adversus
1616 721 1980 776 Athanasium
2019 719 2334 784 calumniis,
2394 721 2715 792 imperaturi
2758 721 3142 791 signiticarunt
3181 721 3371 775 urbem
3438 720 3508 774 ab
3546 720 3641 775 illo
3681 728 3736 775 et
3769 722 3880 774 uni-

626 824 842 866 versam
866 809 1158 883 }Egyptum
1187 813 1411 877 vastari,
1451 828 1687 883 eumque
1724 812 2036 882 pellendum
2074 826 2198 868 esse
2245 826 2316 868 ex
2365 812 2615 869 civitate.
2689 811 2798 868 Sed
2844 825 2900 868 et
2939 812 3232 884 praefectus
3275 809 3520 883 Egypti,
3582 805 3745 881 jussu
3783 811 3883 865 im-

625 903 917 974 peratoris,
941 904 1205 959 adversus
1225 905 1476 960 eumdem
1503 905 1864 960 Athanasium
1893 903 2208 960 lnsurrcxit.
2607 925 2610 928 ’

1238 996 1395 1054 CAP.
1433 997 1579 1054 XIV.

1119 1085 1198 1140 De
1234 1087 1360 1157 fuga
1391 1089 1696 1144 Athanasii.

692 1173 866 1244 Igitur
901 1175 991 1230 ille
1043 1175 1224 1246 fugam
1279 1180 1461 1233 denuo
1521 1182 1794 1250 capessit,
1849 1182 2057 1238 amicos
2110 1181 2198 1238 bis

621 1266 804 1320 verbis
830 1265 1059 1322 an‘atus:
1091 1266 1424 1325 Secedamus
1449 1272 1746 1342 paulisper,
1777 1289 1810 1328 o
1842 1274 2006 1329 amici
2033 1293 2045 1328 :
2071 1289 2196 1328 nam

623 1355 892 1410 nubecula
933 1365 1040 1420 est,
1075 1373 1197 1427 quae
1235 1358 1350 1412 cito
1371 1371 1679 1414 evanescet.
1715 1361 1810 1416 llis
1845 1360 2029 1426 dictis,
2067 1374 2196 1430 pro-

631 1445 781 1499 tinus
829 1460 1134 1502 eonscensa
1170 1461 1330 1511 nave,
1371 1450 1714 1520 trajectoque
1756 1449 1864 1504 Nili
1909 1451 2096 1515 alveo,
2139 1453 2196 1506 in

621 1534 918 1606 ngyptum
966 1538 1122 1608 fugit.
1151 1539 1594 1609 insequebantur
1638 1557 1762 1597 eum
1817 1558 1848 1597 a
1909 1550 2061 1613 tergo
2101 1545 2196 1613 qui

620 1628 1085 1696 comprehendere
1123 1629 1275 1682 illum
1337 1631 1650 1684 studebant.
1701 1631 1796 1686 Ille
1855 1646 1976 1685 cum
2011 1647 2196 1702 perse-

621 1727 842 1774 autores
885 1719 1028 1774 haud
1062 1721 1249 1789 procul
1276 1721 1469 1776 abesse
1503 1722 1811 1786 didicisset,
1852 1723 2192 1793 comitesque

2891 977 3158 1051 amita.
3203 996 3302 1049 lA'.

2633 1087 2772 1154 Περὶ
2799 1085 2912 1154 τῆς
2948 1083 3305 1139 Ἆθανασίου
3339 1082 3560 1152 φυγῆς.

2381 1175 2442 1228 '0
2485 1174 2543 1230 δὲ
2575 1175 2766 1245 φεύγει
2804 1175 2984 1241 πάλιν,
3018 1173 3189 1228 εἰπὼν
3219 1177 3333 1238 τοῖς
3364 1174 3681 1245 γνωρίμοις,
3726 1173 3880 1229 Ύπο-

2301 1268 2583 1339 σταλῶμεν
2617 1267 2829 1340 μικρὸν,
2863 1265 2908 1321 ὧ
2955 1267 3133 1337 φίλοι·
3174 1266 3454 1338 νεφύδριον
3484 1267 3594 1338 γάρ
3627 1268 3763 1330 ἔστι,
3792 1269 3879 1322 καὶ

2293 1358 2652 1430 παρέρχεται.
2691 1357 2873 1411 Ταῦτα
2905 1355 3096 1419 εἰπὼν,
3135 1355 3296 1420 εὐθὺς
3323 1354 3395 1418 ὼς
3424 1350 3560 1426 εἶχε,
3601 1354 3768 1424 πλοίῳ
3797 1356 3877 1409 διὰ

2296 1448 2390 1502 τοῦ
2443 1449 2636 1501 Νείλου
2683 1449 2764 1511 είς
2801 1449 2900 1519 τὴν
2939 1449 3212 1516 Αἴγυπτον
3259 1446 3481 1516 ἔφυγεν.
3523 1447 3772 1499 Ἑδίωκον
3821 1447 3876 1501 δὲ

2298 1538 2528 1592 κατόπιν
2560 1538 2610 1590 οἱ
2647 1537 2928 1590 συλλαϐεῖν
2969 1537 3132 1589 αὐτὸν
3179 1533 3518 1598 σπεύδοντες.
3569 1529 3788 1606 Ἐπειδὴ
3821 1536 3877 1589 δὲ

2293 1631 2356 1683 οὐ
2405 1631 2686 1702 πόρρωθεν
2734 1627 2869 1683 εἶναι
2908 1629 3138 1682 ἐπύθετο
3177 1628 3302 1690 τοὺς
3344 1625 3659 1692 διώκοντας,
3699 1629 3746 1679 οί
3783 1628 3877 1697 μὲν

2295 1719 2566 1781 συνόντες,
2597 1719 2674 1781 ὡς
2699 1719 2788 1770 ἐπὶ
2816 1718 2913 1788 τὴν
2937 1717 3142 1788 ἔρημον
3172 1712 3326 1780 αὖθις
3351 1718 3573 1786 φεύγειν
3601 1717 3843 1770 ἐκέλευον
3862 1736 3873 1748 ·

622 1809 800 1878 ipsum
839 1810 1278 1865 hortarentnrut
1321 1812 1502 1866 demto
1546 1815 1758 1882 fugeret
1804 1815 1873 1868 ad
1928 1815 2188 1869 solitudi-

2298 1813 2325 1864 ὁ
2352 1811 2430 1875 δὲ,
2464 1814 2598 1880 σοφῇ
2633 1810 2823 1880 γνώμῃ
2858 1810 3219 1881 χρησάμενος,
3253 1803 3475 1878 ’διέφυγε
3513 1810 3638 1872 τοὺς
3669 1809 3880 1865 διώκον-

619 1915 769 1964 nem,
796 1902 1050 1971 prudenti
1087 1918 1217 1957 usus
1257 1905 1495 1957 consilio
1520 1919 1715 1960 manus
1753 1906 2198 1975 persequentium

619 1991 829 2062 ell'ugit.
863 1993 1144 2050 Persuasit
1177 1997 1323 2050 enim
1357 1997 1464 2051 illis
1497 2006 1556 2050 ut
1586 1997 1835 2051 conversi
1871 2011 2201 2066 persequen-

619 2084 772 2139 tibus
801 2096 1178 2140 occurrerent.
1207 2086 1368 2153 Quod
1411 2087 1631 2157 quidem
1658 2087 1950 2142 celerrime
1994 2088 2228 2140 l'actunr

618 2183 725 2230 est.
772 2174 908 2230 Cum
949 2177 1118 2247 igitur
1152 2177 1206 2232 hi
1253 2179 1346 2248 qui
1383 2179 1542 2248 paulo
1586 2189 1713 2233 ante
1755 2177 2056 2247 fugiebant,
2087 2175 2198 2244 jam

618 2268 851 2336 proximi
873 2278 1056 2323 essent
1084 2268 1540 2338 persequentibus
1563 2309 1576 2331 ,
1609 2268 1688 2321 illi
1711 2267 1804 2335 qui
1839 2264 2198 2320 Athanasium

619 2360 962 2428 quaerebant,
1001 2360 1136 2414 nihil
1175 2360 1321 2414 aliud
1375 2360 1447 2414 ab
1483 2361 1602 2429 ejus
1643 2359 1937 2412 comitibus
1968 2358 2202 2427 quaesie-

619 2461 770 2511 runt,
798 2466 965 2519 quam
1003 2460 1188 2504 utrum
1234 2452 1592 2505 Athanasmm
1623 2450 1913 2504 vidissent.
1955 2450 2046 2503 Isti
2074 2463 2200 2502 vero

617 2555 742 2595 cum
785 2556 956 2609 prope
996 2557 1117 2596 esse
1166 2542 1571 2605 indicaverunt,
1633 2556 1696 2593 ac
1741 2541 1785 2594 si
1819 2550 2195 2610 properarent,

616 2631 769 2685 brevi
820 2631 973 2684 illum
1006 2633 1500 2702 comprehensuros
1549 2648 1692 2686 esse.
1742 2631 1821 2686 Ita
1872 2632 1948 2686 illi
1995 2632 2194 2692 delusi,

615 2721 977 2776 Athanasium
1038 2725 1240 2777 acriter
1284 2723 1489 2777 frustra
1544 2723 1846 2777 consectati
1904 2729 2054 2776 sunt.
2103 2719 2198 2776 ille

615 2824 794 2868 autem
843 2815 1082 2884 elapsus.
1137 2818 1392 2870 clanculo
1440 2817 1588 2870 venit
1629 2815 2052 2880 Alexandriam;
2091 2814 2194 2868 ibi-

616 2922 724 2976 que
764 2907 982 2960 delituit
1022 2908 1199 2973 quoad
1239 2923 1411 2976 usque
1439 2907 1625 2960 sedata
1679 2915 1826 2962 esset
1864 2908 2192 2975 persecutio.

615 2997 945 3065 llujusmodi
991 2998 1133 3050 mala
1185 2998 1617 3052 Alexandrinum
1677 3002 1994 3068 episcopum
2037 3013 2196 3053 exce-

616 3106 768 3160 pere,
799 3097 924 3157 post
965 3089 1190 3142 crebras
1229 3091 1424 3160 partim
1455 3105 1485 3142 a
1529 3090 1880 3153 Christianis,
1920 3092 2116 3160 partim
2163 3107 2192 3145 a

617 3179 917 3248 gentilibus
950 3179 1128 3232 illatas
1159 3179 1208 3232 ei
1247 3181 1660 3248 persecutiones
1697 3189 1860 3251 atque
1895 3197 2188 3236 terumnas.

622 3269 782 3339 190
811 3268 984 3322 Porro
1014 3269 1275 3338 praesides
1306 3272 1712 3338 provinciarum
1745 3287 1809 3325 ex
1843 3272 2191 3340 imperatoris

617 3357 1006 3427 superstitione
1046 3359 1392 3412 occasionem
1424 3357 1672 3414 lucrandi
1708 3371 2009 3430 captantes,
2048 3364 2190 3415 ultra

616 3463 780 3516 quam
839 3447 1155 3501 mandatum
1214 3447 1390 3503 fuerat
1442 3465 1471 3502 a
1528 3452 1796 3520 principe,
1844 3450 2192 3504 Christianos

615 3543 888 3597 vexabant
921 3561 934 3596 :
969 3556 1114 3594 nunc
1132 3542 1377 3612 pecunia:
1403 3543 1666 3612 majorem
1700 3544 1806 3597 vim
1843 3558 2004 3612 quam
2030 3557 2194 3612 opor-

2301 1921 2417 1966 τας.
2451 1904 2576 1964 Τοῖς
2602 1901 2709 1972 γὰρ
2742 1901 3042 1964 διώκουσιν,
3074 1895 3604 1971 ἐξυποστρέίζκαντας.
3640 1903 3879 1972 ἀπαντᾷν

2303 1993 2674 2046 συνεϐούλευε.
2733 1993 2840 2044 Καὶ
2893 1992 3046 2044 τοῦτο
3167 1992 3328 2060 τάχος
3373 1993 3603 2059 ἐγίνετοι
3645 1994 3794 2046 Ἐπεὶ
3823 1993 3876 2045 δὲ

2303 2086 2526 2154 πλησίον
2564 2085 2670 2137 τῶν
2716 2085 3018 2136 διωκόντων
3062 2085 3111 2136 οἱ
3171 2085 3274 2154 πρὸ
3334 2085 3529 2156 μικροῦ
3594 2085 3878 2152 φεύγοντες

2298 2171 2614 2246 ἦσαν,οὖδὲν
2640 2177 2686 2228 οἰ
2717 2175 3003 2244 ζητοῦντες
3021 2175 3247 2246 ἠρώτων
3276 2176 3387 2246 (62)
3413 2177 3537 2238 τοὺς
3571 2177 3701 2246 περὶ
3728 2177 3876 2230 Ἀθαο

2299 2269 2501 2332 νασιον,
2546 2269 2579 2338 ἦ
2630 2285 2731 2320 που
2775 2267 3088 2320 Ἀθανάσιον
3139 2267 3442 2322 τεθέανται.
3495 2270 3557 2320 Ol
3603 2269 3682 2332 δὲ,
3716 2271 3876 2337 ἐγγὺς

2301 2358 2465 2411 αὑτοῦ
2507 2376 2607 2410 που
2640 2354 2779 2410 εἶναι
2815 2359 3080 2429 ἐμήνυονο
3112 2359 3206 2412 καὶ
3244 2361 3292 2411 εἰ
3337 2358 3734 2424 ἐπισπεύσειεν,
3783 2360 3876 2411 οὐκ

2300 2452 2379 2512 εἰς
2427 2451 2645 2520 μακρὰν
2675 2449 2836 2530 αὺτδν
2868 2450 3274 2519 καταλήψεσθαι
3315 2450 3513 2518 ελεγον.
3560 2451 3670 2503 Καὶ
3705 2451 3875 2515 οὕτως

2299 2543 2347 2591 οἱ
2389 2540 2486 2609 μὲν
2527 2539 2995 2610 παρατραπέντες,
3039 2540 3303 2603 συντόνως
3333 2542 3506 2610 μάτην
3538 2541 3779 2597 ἐδίωκον.
3824 2542 3876 2594 ’0

2299 2627 2354 2681 δὲ
2381 2628 2674 2697 διαφυγὼν,
2709 2631 2807 2697 τὴν
2854 2627 3256 2699 ’Λλεξάνδρειαν
3290 2628 3559 2699 λαθραίως
3593 2631 3874 2683 κατέλαϐε.

2300 2721 2409 2773 Καὶ
2455 2722 2574 2772 ἐκεῖ
2619 2719 2894 2772 λανθάνων
2929 2719 3135 2789 διῆγεν,
3174 2719 3278 2782 ἕως
3306 2712 3365 2771 οὗ
3395 2722 3422 2772 ὁ
3450 2718 3686 2789 διωγμὸς
3712 2720 3878 2772 ἐπαύ-

2302 2829 2431 2865 σατο
2458 2820 2506 2865 ².
2585 2811 2821 2864 Τοιαῦτα
2902 2811 3000 2881 μὲν
3061 2807 3154 2863 οὖν
3221 2810 3358 2880 μετὰ
3439 2811 3563 2873 τοὺς
3640 2811 3866 2875 πολλοὺς

2297 2905 2342 2956 Χ
2351 2905 2716 2974 ριστιανικοὺς
2735 2903 3028 2973 διωγμοὺς,
3051 2905 3145 2954 καὶ
3172 2902 3238 2955 τὰ
3259 2903 3388 2973 παρ’
3421 2902 3689 2973 Ἑλλήνων
3711 2904 3872 2970 κακὰ,

2297 2996 2387 3048 τὸν
2429 2996 2833 3066 Ἀλεξανδρείας
2883 2995 3176 3047 ἐπίσκοπον
3225 2993 3513 3058 διεδέξατο.
3573 2996 3635 3048 Οἱ
3699 2997 3877 3065 μέντοι

2299 3089 2438 3142 κατὰ
2468 3089 2563 3151 τὰς
2597 3089 2862 3158 ἐπαρχίας
2892 3087 3168 3158 ἄρχοντες,
3201 3085 3389 3156 καιρὸν
3419 3087 3624 3139 οἰκείου
3657 3089 3879 3158 κέρδους

2296 3182 2396 3249 τὴν
2430 3182 2523 3233 τοῦ
2567 3180 2830 3251 βασιλέως
2865 3179 3157 3250 θρησκείαν
3210 3179 3548 3248 νομίσαντες,
3591 3179 3732 3248 πέρα
3774 3180 3880 3231 τῶν

2299 3271 2594 3341 βασιλικῶν
2626 3271 3062 3343 προσταγμάτων
3114 3269 3240 3333 τοὺς
3288 3270 3648 3340 Χριστιανοὺς
3695 3270 3881 3333 κακῶς

2296 3360 2594 3413 διετίθεσαν
2619 3378 2632 3390 ο
2673 3362 2929 3430 χρήματα
2960 3362 3056 3430 μὲν
3090 3359 3308 3412 πλείονα
3337 3359 3368 3429 ἢ
3410 3360 3575 3430 ἐχρῆν
3617 3361 3881 3430 εἰσπρατ-

2295 3453 2538 3522 ἰτὸμενοι⁹
2573 3451 2685 3504 ἔστι
2721 3451 2778 3503 δὲ
2821 3452 2908 3504 ὅτε
2953 3452 3044 3504 καὶ
3073 3451 3387 3520 σωματικὰς
3415 3451 3682 3522 τιμωρίας
3712 3469 3880 3523 προσ-

2299 3542 2542 3611 άγοντες.
2575 3542 2758 3597 Ταῦτα
2793 3543 3077 3614 μανθάνων
3103 3545 3130 3596 ὁ
3160 3543 3410 3614 βασιλεὺς
3455 3542 3751 3614 περιεώρα,
3788 3547 3882 3598 καὶ

1816 3714 2091 3769 VALESII
2129 3706 2692 3771 ANNOTATlONES.

686 3833 798 3903 (61)
829 3831 945 3903 Καὶ
987 3834 1019 3885 ὁ
1055 3831 1507 3903 Ἀλεξανδρείας
1541 3829 1826 3903 ἔπαρχος.
1870 3831 1968 3903 Hic
2001 3832 2193 3903 prtere-

618 3899 742 3958 ctus
779 3899 995 3971 Egypti
1021 3903 1321 3971 vocabatur
1352 3900 1628 3961 Ecdicius.
1660 3899 1725 3953 ut
1747 3900 1907 3954 docet
1932 3899 2187 3971 Julianus

615 3975 673 4027 in
708 3970 1015 4042 epistolati.
1058 3970 1415 4042 Successerat
1450 3980 1630 4042 autem
1673 3971 1926 4024 Ecdicius
1965 3970 2190 4042 ilermog

613 4039 762 4112 geni,
823 4041 1080 4111 praefecto
1126 4041 1372 4112 Egypti,
1425 4041 1496 4094 ad
1548 4055 1710 4109 quem
1756 4051 1938 4096 exstat
1979 4039 2187 4096 Juliani

613 4112 844 4164 enistnla
877 4112 969 4164 25.

611 4113 844 4168 epistola
877 4113 969 4166 25.

649 4130 1030 4252 pizletilaoﬁev
1064 4183 1118 4235 οἱ
1143 4180 1456 4246 ζητοῦντες
1495 4178 1736 4252 ἠρώτων
1761 4178 1942 4252 ﬁngi).
1985 4178 2184 4252 Totum

612 4254 759 4309 hunc
781 4249 976 4308 locum
1013 4253 1084 4306 ita
1110 4253 1282 4307 scribi
1321 4253 1536 4306 mallem
1568 4269 1582 4305 :
1616 4251 1679 4304 Ol.
1711 4249 2001 4320 ζητοῦντες
2035 4251 2186 4322 ἠρώ-

2299 3847 2406 3883 των
2421 3831 2546 3892 τοὺς
2561 3848 2628 3882 πε
2637 3830 2690 3900 pl.
2720 3830 2774 3883 Ἀ
2784 3829 3215 3893 θανάσιον,είπου
3231 3831 3548 3886 Ἀθανάσιον
3569 3833 3878 3892 τεθέανται.

2297 3909 2575 3972 ρινιιηιεια
2605 3915 2737 3954 voce
2765 3900 2938 3964 οὐδέν,
2969 3917 3087 3970 qua:
3123 3905 3304 3972 inepta
3341 3911 3423 3972 est
3456 3917 3520 3957 ac
3566 3904 3876 3972 superﬂua.

2298 3968 2745 4044 Emendationem
2771 3968 3024 4044 nostrain
3039 3971 3326 4044 conﬁrmat
3342 3968 3709 4044 Nicephortis.
3729 3977 3876 4044 apud

2295 4054 2456 4108 quem
2493 4041 2605 4111 haec
2631 4054 2737 4093 vox
2773 4055 2880 4111 non
2925 4041 3146 4109 legitur.
3179 4040 3296 4094 sive
3323 4040 3628 4111 quod‘ipse
3660 4040 3785 4097 cani
3823 4045 3878 4099 in

2295 4122 2397 4161 suo
2421 4110 2612 4164 codice
2643 4125 2752 4162 non
2790 4109 3096 4172 invenerat,
3131 4111 3248 4164 sive
3285 4109 3429 4178 quod
3471 4109 3589 4166 eam
3633 4113 3884 4168 locutio-

2297 4193 2420 4300 nep]
2458 4194 2567 4301 ιιοὲ
2601 4179 2886 4301 probabat.
2936 4179 3110 4234 Porro
3145 4179 3260 4235 haec
3296 4184 3545 4236 narratio
3575 4181 3880 4255 desumpta

2297 4263 2356 4301 es
2417 4263 2484 4301 ex
2569 4266 2598 4301 ιι
2624 4265 2731 4301 ιιιο.

2296 4255 2383 4303 est
2417 4263 2484 4302 ex
2517 4250 2731 4304 Rulino.

2046 4421 2350 4480 VARIORU
2361 4423 2430 4479 M.

677 4549 707 4578 ν
754 4540 854 4593 Ἐκ
919 4543 1373 4608 προστάγματος
1427 4539 1773 4604 βασιλικοῦ.

607 4611 772 4676 epist.
811 4609 904 4672 26,
940 4611 1027 4679 cui
1075 4611 1270 4662 titulus
1309 4608 1714 4679 ἶᾼλεξανδρεῦσι
1757 4610 2055 4679 διάταγμα,
2101 4610 2180 4664 sic

610 4679 842 4730 habetur
880 4697 901 4750 :_
944 4677 1257 4750 ᾋθανᾴσιον
1307 4677 1362 4750 δε
1416 4677 1754 4750 πυνθάνομαι
1806 4679 1866 4730 τὸ
1910 4677 2182 4750 τολμηρὰ-

605 4762 809 4798 τατον·
871 4745 1043 4798 Audio
1100 4746 1484 4807 Athanasium,
1539 4746 1802 4799 hominem
1886 4745 2183 4800 audacissi-

607 4832 773 4877 mum,
821 4817 979 4868 solita
1036 4815 1263 4868 audacia
1312 4815 1531 4878 elatum,
1579 4815 1928 4882 episcopatus,
1982 4827 2037 4868 ut
2077 4816 2182 4884 ipsi

606 4895 830 4944 vocant,
881 4887 1053 4938 sedem
1091 4900 1366 4951 usurpare.
1410 4884 1542 4950 Qua:
1582 4902 1663 4938 res
1699 4902 1800 4938 non
1849 4885 2179 4940 mediocriter

609 4955 972 5007 Alexandrino
1015 4956 1203 5022 populo
1245 4955 1504 5022 displicet.
1551 4954 1730 5019 Quare
1774 4971 1892 5008 eum
1930 4956 2178 5024 jubemus

608 5023 734 5076 urbe
772 5025 1032 5078 excedere.
1074 5041 1174 5093 quo
1221 5026 1305 5078 die
1350 5025 1698 5078 humanitatis
1739 5023 1939 5078 nostra?
1963 5025 2171 5078 litteras

609 5095 884 5160 acceperit.
910 5093 1059 5158 Quod
1093 5097 1138 5146 si
1175 5095 1225 5148 in
1252 5095 1376 5147 urbe
1406 5095 1736 5164 remanserit,
1765 5095 1914 5163 longe
1945 5095 2172 5164 majores

607 5166 974 5232 gravioresque
1001 5180 1176 5230 poenas
1205 5167 1250 5216 ei
1274 5165 1666 5219 denuntiantus.
1698 5163 2174 5232 lnterpellantilms

608 5242 787 5285 autent
824 5247 922 5302 pro
947 5234 1243 5304 Athanasio
1273 5235 1606 5304 Christianis
1639 5235 2178 5304 Alexandrinis,pro-

611 5304 718 5356 lixa
763 5304 993 5370 epistola
1041 5303 1102 5356 5|
1159 5305 1413 5357 rescribit
1445 5303 1717 5366 Julianus,
1758 5319 1919 5372 quam
1971 5305 2182 5357 clan'lit

609 5375 695 5445 his
741 5373 980 5445 verbis“:
1019 5373 1309 5445 Ἀπελθεϊν
1349 5375 1495 5444 αὐτῷ
1553 5373 2038 5445 προηγορεύσαμεν
2083 5375 2182 5445 τῇς

609 5443 816 5503 πόλεως
864 5442 1073 5514 πάλαιξ
1106 5444 1222 5495 νυνὶ
1269 5442 1346 5514 es
1379 5442 1476 5497 xa‘t
1519 5442 1792 5512 Αἰγύπτου
1821 5442 1999 5514 πάσης
2019 5442 2184 5514 :c‘e-

607 5518 728 5568 dere
759 5513 912 5566 illum
944 5511 1148 5580 pridem
1178 5516 1305 5582 urbe
1325 5511 1609 5581 jussimus,
1653 5528 1788 5567 nunc
1809 5511 1984 5568 autem
2011 5513 2181 5582 zEgy-

613 5594 702 5651 pto
744 5585 904 5636 etiam
940 5583 1202 5636 universa.
1243 5581 1315 5636 Ut
1363 5593 1542 5637 autem
1581 5585 1872 5638 .Atlianasii
1921 5581 2176 5638 exsilium

619 5653 792 5720 magis
824 5655 1003 5706 adhuc
1044 5661 1290 5720 urgeret,
1323 5652 1486 5706 aliam
1520 5653 1668 5706 misit
1701 5654 2014 5722 epistulam,
2049 5670 2178 5722 gra-

619 5736 739 5775 vem
792 5723 1004 5779 cohorti
1050 5723 1170 5793 ejus
1222 5723 1446 5777 multam
1494 5723 1753 5787 minatus,
1812 5723 1865 5778 ni
1931 5726 2173 5778 Athana-

1855 4540 1911 4594 ln
1975 4540 2177 4616 Juliani
2216 4543 2259 4598 D
2286 4541 2430 4616 siam
2461 4551 2589 4597 ante
2617 4541 2890 4616 .‘_(alendas
2921 4537 3339 4616 Decembresex
3372 4545 3529 4608 urbe,
3561 4547 3644 4601 vel
3680 4549 3882 4616 potius

2286 4613 2544 4684 universa
2585 4612 2832 4684 Angypto
2881 4616 3163 4682 ejicerent.
3207 4613 3420 4684 Ubique
3474 4626 3654 4669 autem
3680 4612 3881 4675 Vene-

2283 4682 2516 4758 randum
2581 4681 2830 4758 Ratjr‘e‘nn
2867 4681 3074 4758 odiosis
3148 4681 3466 4758 nominibus
3535 4687 3879 4758 probrisque

2284 4755 2558 4818 exagitat;
2596 4753 2784 4805 Arium
2820 4753 3038 4808 interim
3067 4764 3121 4810 et
3148 4755 3362 4808 Aetium
3397 4753 3689 4811 haereticos
3723 4753 3880 4813 aliti-

2284 4820 2528 4895 cissimis
2557 4822 2737 4895 verbis
2772 4825 3087 4895 compellat.
3119 4823 3276 4888 Quod
3317 4832 3507 4889 uolatu
3538 4825 3771 4895 dignum
3801 4830 3883 4883 ob

2282 4891 2552 4966 quosdam
2586 4891 2750 4966 hujus
2775 4894 2874 4966 aevi
2897 4891 3501 4966 pseudo-Christianos,
3528 4891 3658 4949 Ario
3686 4913 3874 4966 quam

2278 4959 2582 5080 A‘tliranasiq
2618 4957 2776 5032 longe
2807 4957 3162 5020 faventiores.
3202 4961 3433 5018 Videant
3461 4964 3548 5020 hic
3576 4982 3690 5036 quo
3705 4957 3880 5024 'duce

2278 5044 2310 5080 1⁸
2397 5044 2553 5080 301311
2589 5071 2602 5080 .

2278 5037 2330 5080 id
2376 5037 2602 5084 lactant.

2350 5106 2377 5133 ι
2414 5098 2524 5174 Καὶ
2551 5099 3020 5174 ἐκεζλανθᾴνων
3057 5101 3268 5174 διῆγεν
3304 5103 3415 5170 ἕως
3440 5100 3512 5161 οὗ
3534 5107 3585 5174 id
3606 5103 3880 5174 διωγμὸς

2277 5167 2606 5222 ἐπαύσατο.
2645 5169 2724 5222 ita
2755 5172 2973 5239 quidem
2999 5181 3053 5226 et
3083 5167 3474 5229 Tlieodoritus.
3503 5167 3878 5230 Verum'baac

2283 5243 2467 5313 aperte
2518 5250 2827 5313 repugnant
2879 5240 3133 5313 historia:
3171 5254 3580 5313 quamAnarrat
3629 5246 3875 5313 Ammo-

2285 5308 2432 5382 nius,
2488 5308 2722 5382 epistola
2766 5311 2820 5382 in
2858 5309 3012 5382 Actis
3061 5311 3160 5366 SS.
3191 5308 3277 5367 ’14
3319 5309 3443 5368 Maii
3485 5333 3498 5367 :
3533 5314 3620 5367 cui
3668 5312 3879 5382 utpote

2283 5377 2583 5452 Athanasio
2618 5381 2813 5452 aequali
2845 5381 3001 5434 [idem
3032 5399 3233 5452 negare
3277 5385 3451 5438 nefas.
3482 5383 3538 5436 In
3573 5377 3874 5438 desertum

2285 5447 2482 5523 igitur,
2521 5447 3022 5523 teste—Ammonio,
3074 5447 3318 5523 profugit
3373 5455 3712 5508 Athanasius
3758 5462 3877 5506 :et

2282 5519 2349 5569 ad
2378 5515 2580 5570 Juliani
2629 5534 2804 5587 usque
2847 5515 3088 5587 obitum,
3119 5539 3217 5578 nec
3239 5515 3387 5578 'satis
3420 5531 3574 5578 tutus
3609 5523 3680 5577 ab
3729 5523 3879 5577 insi-

2281 5587 2389 5666 diis
2423 5587 2795 5666 inimicorum,
2835 5591 3060 5666 incertis
3088 5594 3324 5666 sedibus
3367 5594 3508 5666 apud
3550 5595 3880 5666 monachos

2284 5655 2685 5727 diversabatur.
2713 5660 2818 5727 (Cl.
2851 5664 3098 5716 monachi
3131 5655 3415 5719 Benedicti
3445 5661 3560 5716 Vita
3585 5664 3875 5718 Athanas.

2280 5726 2344 5780 ad
2378 5741 2505 5780 anu.
2544 5726 2667 5794 562,
2713 5726 2763 5798 p.
2791 5729 2904 5799 8!.)
