4070 6204
547 183 656 252 M0

2025 181 2357 238 SUCRATIS

3688 177 3800 239 420

545 297 938 370 grammaticus
960 339 975 364 ,
1010 304 1183 350 artem
1220 296 1635 366 grammaticam
1676 298 1742 353 ad
1781 297 2113 355 Christiana:

2227 295 2579 372 Κριστιανικῷ
2620 295 2777 367 τύπῳ
2817 294 3134 350 συνέταττε·
3173 293 3244 347 τά
3281 311 3340 346 τε
3381 293 3666 359 Μωῦσέως
3705 295 3803 348 Βι-

547 389 832 458 religionis
880 387 1111 442 formam
1155 388 1498 457 composuit,
1555 397 1611 443 et
1668 388 1869 460 Moysis
1920 388 2117 446 Libros

546 479 774 533 heroico
804 478 1045 533 carmine
1076 477 1470 547 interpretatus
1521 487 1644 544 est;
1684 479 1824 533 alios
1861 489 2119 550 prmterea

555 567 766 623 Veteris
810 566 1167 622 lnstrumenti
1208 567 1382 621 libros
1418 568 1511 636 qui
1559 567 1918 623 historiarum
1962 585 2116 625 more

550 658 854 727 conscripti
892 664 1060 720 sunt,
1104 657 1302 724 partim
1351 655 1627 727 dactylico
1673 660 1923 714 carmine
1953 675 2120 730 expo-

550 751 695 811 suit,
732 749 930 818 partim
965 748 1033 802 ad
1071 747 1302 802 formam
1342 751 1626 820 tragoediae
1667 754 1918 821 personis
1964 752 2120 806 adhi-

549 841 682 895 bitis
709 841 1028 894 elaboravit.
1073 838 1343 908 Omnique
1387 856 1744 895 numerorum
1798 857 1995 911 genere
2051 842 2120 896 de

552 931 824 984 industria
861 946 995 985 usus
1030 936 1150 994 est,
1193 945 1262 983 ne
1309 945 1415 1000 qua
1448 930 1777 987 Graecanica:
1821 932 2120 988 locutionis

553 1020 730 1076 forma
764 1021 1099 1075 Christianis
1129 1035 1269 1092 nova
1303 1030 1468 1090 atque
1499 1024 1748 1077 inaudita
1784 1025 2122 1094 relinquere-

552 1121 659 1164 tur.
688 1109 881 1164 Junior
908 1119 1086 1164 alitem
1109 1112 1464 1181 Apollinaris,
1488 1112 1540 1165 in
1565 1121 1680 1166 arte
1717 1114 1934 1168 dicendi
1964 1113 2122 1169 valde

551 1202 890 1256 exercitatus
918 1240 931 1262 ,
973 1200 1268 1270 Evangelia
1308 1211 1361 1256 et
1398 1205 1776 1271 apostolorum
1809 1207 2016 1275 scripta
2052 1205 2118 1259 ad

556 1292 788 1344 formam
823 1290 1164 1360 dialogorum
1199 1293 1491 1361 exposuit,
1535 1296 1843 1364 exemplum
1879 1293 2122 1351 Platonis

554 1383 697 1452 apud
727 1380 951 1435 Graacos
983 1391 1226 1437 secutus.
1261 1383 1343 1436 Ad
1374 1385 1517 1438 hunc
1548 1386 1769 1440 modum
1805 1401 1930 1441 cum
1961 1386 2122 1442 Chri-

554 1473 746 1527 stiana:
783 1473 1041 1541 religioni
1067 1473 1230 1528 utiles
1259 1489 1319 1528 se
1347 1475 1743 1544 praebuissent,
1775 1478 2122 1548 imperatoris

554 1563 914 1616 calliditatem
957 1577 1058 1617 suo
1093 1562 1282 1618 labore
1317 1574 1668 1634 superarunt.
1705 1565 1904 1622 Verum
1939 1568 2122 1623 divina

2223 390 2347 443 6).ία
2381 401 2429 455 ⁸,
2460 389 2547 444 διὰ
2569 387 2662 442 τοῦ
2689 387 2929 458 ἡρωϊκοῦ
2953 387 3248 456 λεγομένου
3281 385 3481 456 μέτρου
3511 385 3798 456 μετέϐαλε

2223 479 2318 531 καὶ
2365 478 2466 530 ὅσα
2512 477 2652 530 κατά
2695 476 2793 548 τὴν
2841 474 3085 529 Παλαιὰν
3129 474 3404 544 Διαθήκην
3449 476 3506 526 ἐν
3557 475 3803 544 ἱστορίας

2222 568 2378 638 τύπῳ
2423 568 2868 638 συγγέγραπται,
2899 565 3184 619 καὶτοῦτο
3225 564 3322 635 μὲν
3364 564 3443 634 τῷ
3491 564 3804 635 δακτυλικῷ

2227 660 2412 732 μέτρῳ
2444 659 2729 712 συνέταττε
2750 697 2764 722 ,
2804 656 2961 710 τοῦτο
2988 657 3044 709 δὲ
3067 696 3083 720 ,
3109 657 3202 710 καὶ
3234 656 3336 742 τῷ.
3357 655 3458 724 τῆς
3493 656 3804 727 τραγῳδίας

2222 753 2379 823 τύπῳ
2415 750 2766 822 δραματικῶς
2817 749 3180 820 ἐξειργάζετο.
3225 748 3335 800 Καὶ
3393 748 3558 828 παντὶ
3616 748 3803 818 μέτρῳ

2226 843 2475 914 ῥυθμικῷ
2504 843 2701 914 ἐχρῆτο
2723 883 2738 906 ,
2769 845 2916 906 ὅπως
2944 843 3008 896 ἂν
3040 841 3225 912 μηδεὶς
3257 841 3456 911 τρόπος
3481 839 3580 908 τῆς
3613 838 3803 908 Ἐλλη-

2224 935 2384 1004 νικῆς
2431 933 2675 1005 γλώττης
2722 938 2834 998 τοῖς
2866 933 3209 1006 Χριστιανοῖς
3265 932 3494 1001 ἀνήκοος
3650 928 3710 982 ⁸0
3745 928 3818 993 δὲ,

2225 1022 2487 1094 νεώτερος
2527 1025 2900 1096 Ἀπολινάριος
2927 1023 2986 1078 εὖ
3011 1025 3146 1095 πρὸς
3173 1023 3234 1076 τὸ
3259 1022 3434 1091 λέγειν
3465 1038 3806 1092 παρεσκευα-

2229 1115 2421 1185 σμένος
2439 1156 2454 1182 ,
2487 1117 2553 1168 τὰ
2588 1116 2914 1184 Εὐαγγέλια,
2944 1117 3038 1170 καὶ
3073 1117 3140 1170 τὰ
3169 1113 3504 1169 ἀποστολικά
3531 1114 3800 1183 δόγματα,

2226 1203 2285 1256 ἐν
2317 1203 2471 1273 τύπῳ
2521 1203 2781 1272 διαλόγων
2822 1203 3068 1270 ἐξέθετο,
3103 1203 3244 1256 καθά
3295 1204 3388 1256 καὶ
3415 1202 3638 1256 Πλάτων
3668 1203 3801 1273 παρ’

2229 1290 2505 1359 Ἕλλησιν.
2539 1291 2694 1345 Οὕτω
2727 1293 2824 1361 μέν
2857 1288 2951 1346 οὖν
2974 1291 3051 1361 τῷ
3079 1291 3489 1362 Χριστιανισμῴ
3520 1289 3803 1362 χρειώδεις

2229 1381 2486 1450 φανέντες
2508 1423 2522 1445 ,
2563 1383 2656 1435 τοῦ
2691 1382 2954 1453 βασιλέως
2984 1381 3045 1435 τὸ
3073 1383 3313 1453 σόφισμα
3333 1382 3422 1435 διὰ
3447 1382 3555 1434 τῶν
3583 1381 3802 1436 οίκείων

2231 1469 2408 1522 πόνων
2432 1471 2708 1540 ἐνίκησαν.
2756 1472 2894 1524 Ἀλλ’
2930 1473 2963 1542 ὴ
2987 1472 3214 1542 πρόνοια
3240 1471 3333 1524 τοῦ
3359 1469 3494 1524 Θεοῦ
3527 1472 3801 1541 κρείσσων

2230 1557 2480 1626 ἐγένετο,
2515 1560 2607 1612 καὶ
2665 1560 2764 1629 τῆς
2813 1560 3016 1614 τούτων
3077 1561 3347 1630 σπουδῆς,
3405 1560 3499 1612 καὶ
3555 1562 3654 1630 τῆς
3705 1559 3801 1613 τοῦ

555 1653 909 1708 Providentia
945 1662 1057 1708 tum
1098 1654 1439 1726 diligentiam
1484 1658 1700 1713 illorum
1728 1700 1743 1724 ,
1795 1673 1905 1714 tum
1955 1663 2122 1733 impe-

2227 1646 2485 1716 βασιλέως
2515 1650 2710 1719 ὁρμῆς.
2749 1650 2806 1702 '0
2843 1651 2938 1720 μὲν
2963 1651 3071 1721 γὰρ
3102 1650 3295 1721 νόμος,
3329 1650 3426 1702 ούκ
3457 1652 3536 1714 είς
3580 1650 3804 1722 μακρὰν

555 1746 761 1799 ratoris
795 1754 1053 1799 conatum
1097 1748 1285 1802 multis
1326 1749 1575 1817 partibus
1610 1751 1763 1803 vicit.
1798 1751 2008 1806 Etenim
2040 1755 2126 1808 lex

557 1835 650 1888 illa
678 1834 843 1889 simul
870 1850 994 1888 cum
1023 1834 1144 1904 ipso
1172 1837 1421 1906 principe
1449 1838 1700 1893 celeriter
1726 1841 1994 1895 exstincta
2021 1851 2123 1907 est,

555 1933 616 1980 ttt
668 1925 723 1979 in
774 1941 1080 1996 progressu
1118 1927 1362 1982 historiae
1409 1928 1847 1985 declarabimus:
1895 1932 2126 1987 istorum

556 2023 736 2068 autem
788 2015 1002 2068 labores
1060 2016 1283 2084 perinde
1329 2017 1600 2072 habentur
1648 2033 1711 2074 ac
1767 2021 1812 2074 si
1850 2036 2126 2090 nunquam

557 2104 752 2173 scripti
806 2103 1062 2158 fuissent.
1099 2103 1300 2158 Verum
1345 2105 1434 2160 hic
1477 2107 1677 2178 aliquis
1725 2109 1884 2164 nobis
1931 2113 2129 2166 acriter

557 2205 808 2248 occurret
840 2193 912 2246 ita
942 2193 1134 2248 dicens
1161 2211 1174 2247 :
1209 2194 1319 2248 Cur
1350 2195 1443 2249 Dei
1475 2199 1819 2266 providentia
1851 2200 1953 2253 ista
1991 2201 2107 2256 ﬁeri

558 2284 844 2338 aﬂirmas?
877 2283 1088 2338 Etenim
1127 2286 1358 2340 celerem
1400 2288 1619 2356 quidem
1656 2290 2006 2358 imperatoris
2043 2292 2128 2346 in-

558 2375 781 2430 teritum
836 2375 1277 2430 Christianorum
1337 2379 1502 2433 rebus
1569 2380 1844 2449 proluisse
1890 2391 2128 2437 constat.

558 2465 716 2532 Quod
749 2482 878 2521 vero
906 2466 1221 2521 Christiana
1250 2468 1646 2538 Apollinarium
1681 2473 1885 2542 scripta
1922 2474 2131 2544 abjecta

559 2568 690 2611 sunt
727 2573 758 2612 e
795 2557 1052 2611 manibus
1075 2596 1090 2621 ,
1123 2565 1176 2612 et
1210 2558 1506 2614 Christiani
1538 2560 1849 2616 Grazcorum
1884 2563 2131 2635 discipli-

559 2648 645 2702 nis
669 2648 850 2703 denuo
876 2648 1047 2702 imbui
1069 2660 1354 2718 coeperunt
1375 2690 1388 2714 ,
1417 2651 1470 2705 id
1497 2651 1825 2708 Christiana:
1847 2655 2132 2725 religionis

561 2737 990 2810 haudquaquam
1021 2740 1304 2794 conducit.
1339 2741 1651 2798 Periculosa
1681 2746 1825 2799 enim
1863 2746 2134 2816 imprimis

557 2840 611 2885 et
634 2831 795 2885 noxia
819 2840 902 2885 est
925 2830 1239 2885 Grmcorum
1267 2831 1556 2901 disciplina
1579 2873 1593 2898 ,
1625 2837 1823 2906 quippe
1851 2854 1974 2906 qua:
2004 2838 2134 2893 deo-

2227 1739 2439 1809 ἀπέσϐη
2469 1739 2546 1810 τῷ
2575 1741 2784 1810 βασιλεί
2808 1780 2820 1803 ,
2844 1741 2918 1802 ὡς
2939 1742 3217 1814 προϊόντες
3246 1741 3582 1813 δηλώσομενο
3615 1742 3724 1795 τῶν
3746 1743 3804 1794 δὲ

2226 1828 2274 1879 οἱ
2296 1828 2468 1891 πόνοι,
2498 1831 2554 1880 ἐν
2589 1830 2686 1900 ἴσῳ
2712 1829 2806 1883 τοῦ
2846 1830 2918 1900 μὴ
2949 1831 3225 1901 γραφῆναι
3256 1831 3560 1900 λογίζονται
3576 1832 3626 1886 b.
3658 1833 3802 1884 Ἀλλ’

2227 1921 2342 1990 ἐρεῖ
2394 1937 2478 1983 τις
2535 1921 2749 1990 γοργῶς
2802 1921 2938 1992 πρὸς
2985 1925 3129 1992 ἡμᾶς
3181 1924 3434 1976 ἀπαντῶν
3465 1937 3483 1956 ⁶
3523 1924 3646 1988 Πῶς
3693 1925 3803 1995 φῂς

2229 2011 2455 2080 προνοίᾳ
2499 2009 2632 2062 Θεοῦ
2681 2009 2851 2063 ταῦτα
2898 2012 3190 2078 γενέσθαις
3237 2011 3347 2082 Τὴν
3395 2013 3493 2075 μὲν
3539 2013 3649 2083 γάρ
3703 2013 3798 2066 τοῦ

2230 2100 2488 2170 βασιλέως
2515 2104 2739 2170 ταχεῖαν
2769 2102 3044 2173 τελευτὴν,
3076 2103 3418 2174 λυσιτελῆσαι
3445 2105 3519 2175 τῷ
3547 2106 3802 2175 Χριστια-

2227 2191 2402 2261 νισμῷ
2449 2192 2606 2261 δῆλόν
2665 2193 2800 2247 ἐστι.
2864 2194 2937 2246 Τὸ
3000 2194 3057 2246 δὲ
3119 2193 3487 2266 παρερῤίφθαι
3553 2195 3621 2247 τά
3686 2197 3798 2249 τῶν

2241 2281 2626 2350 Ἀπολιναρίων
2649 2284 2993 2352 χριστιανικὰ
3019 2285 3294 2353 ποιήματα
3311 2327 3324 2349 ,
3359 2287 3449 2338 καὶ
3489 2285 3648 2338 πάλιν
3671 2289 3802 2350 τοὺς

2228 2374 2586 2442 Χριστιανοὺς
2606 2374 2704 2442 τὴν
2728 2372 2992 2445 Ἑλλήνων
3022 2375 3310 2444 μανθάνειν
3331 2376 3594 2441 παιδείαν,
3615 2377 3802 2430 οὐκέτι

2228 2462 2384 2514 τοῦτο
2424 2461 2722 2514 λυσιτελεῖν
2751 2461 2826 2532 τῷ
2843 2463 3271 2533 Χριστιανισμῷ.
3301 2463 3442 2534 Πρὸς
3465 2462 3666 2532 βλάὸης
3692 2463 3806 2533 γάρ

2231 2552 2369 2609 εἶναι
2394 2554 2491 2625 τὴν
2535 2553 2856 2625 Ἑλληνικὴν
2885 2555 3136 2609 παιδείαν
3162 2597 3176 2617 ,
3207 2553 3494 2608 πολυθεῒαν
3521 2555 3807 2609 διδάσκουο

2234 2663 2352 2699 σαν.
2381 2646 2522 2716 Πρὸς
2553 2645 2722 2698 ταῦτα
2747 2642 2860 2709 οὖν,
2888 2647 2954 2701 τὰ
2999 2647 3371 2700 ὑποπίπτοντα
3403 2650 3533 2719 ἡμῖν
3572 2647 3647 2710 ὡς
3692 2644 3807 2701 οἷόν

2230 2755 2291 2792 τε
2317 2738 2562 2808 λέξομεν.
2595 2739 2660 2791 Ἡ
2699 2739 2985 2808 Ἑλληνικὴ
3017 2740 3296 2803 παίδευσις
3321 2784 3333 2805 ,
3371 2740 3492 2794 οὔτε
3525 2741 3674 2812 παρὰ
3707 2740 3804 2794 τοῦ

2231 2829 2468 2899 Χριστοῦ
2496 2869 2511 2893 ,
2536 2828 2660 2882 οὗτε
2689 2829 2839 2901 παρὰ
2876 2829 2982 2883 τῶν
3011 2830 3174 2884 αὐτοῦ
3202 2830 3456 2902 μαθητῶν
3480 2870 3495 2893 ,
3519 2831 3553 2902 ἢ
3583 2832 3658 2894 ὡς
3693 2831 3810 2884 θεό-

559 2938 680 2975 rum
718 2923 1128 2976 multitudinem
1165 2923 1392 2977 inducit.
1420 2925 1501 2976 Ad
1549 2926 1660 2979 lucc
1699 2943 1798 2982 nos
1844 2944 1944 2998 pro
1985 2931 2123 2985 virili

2234 2936 2496 2982 πνευστος
2547 2920 2776 2990 ἐδέχθη,
2817 2922 2850 2990 ἢ
2898 2921 2972 2982 ὡς
3021 2922 3320 2994 ἐπιδλαϐὴς
3361 2923 3642 2996 ἐξεϐλήθη.
3695 2926 3808 2978 Καὶ

560 3017 715 3076 parte
761 3025 824 3064 ea
865 3011 1360 3079 respondebimus,
1406 3029 1528 3084 quae
1575 3017 1735 3072 nobis
1785 3019 1842 3073 in
1891 3029 2123 3076 mentem

2233 3007 2408 3073 τοῦτο,
2430 3009 2502 3072 ὡς
2528 3009 2789 3080 ἡγοῦμαι,
2809 3010 2907 3064 οὐκ
2933 3012 3278 3083 ἀπρονοήτως
3310 3015 3586 3086 ἐποίησαν.
3612 3017 3808 3071 Πολλοὶ

558 3100 808 3154 veniunt.
837 3100 1133 3156 Gentilium
1168 3103 1494 3173 disciplinas
1527 3106 1782 3164 Christus
1810 3117 1864 3165 et
1893 3111 2013 3179 ejus
2049 3113 2132 3168 di-

559 3189 758 3260 scipuli
792 3206 893 3245 nec
921 3201 1287 3261 susceperunt
1319 3202 1579 3266 tanquam
1611 3199 1908 3269 inspiratas
1936 3201 2133 3257 divini-

558 3288 649 3332 tus
671 3315 687 3341 ,
720 3293 821 3332 nec
849 3278 1006 3348 192
1037 3285 1297 3349 tanquam
1330 3283 1520 3338 noxias
1546 3286 1766 3354 penitus
1795 3287 2127 3356 rejeeerunt.

557 3370 735 3439 Atque
793 3369 847 3423 id
903 3371 1160 3425 consulto
1213 3371 1282 3426 ab
1333 3373 1445 3430 illis
1496 3374 1697 3432 factum
1745 3393 1868 3432 esse
1910 3379 2126 3449 opiner.

560 3458 714 3513 Multi
748 3461 890 3515 enim
921 3460 1065 3530 apud
1095 3460 1317 3520 Graecos
1349 3464 1686 3538 phiIOSOphi,
1725 3484 1756 3522 a
1802 3469 1892 3524 Dei
1935 3471 2128 3540 cogni-

558 3548 706 3603 tione
763 3548 910 3602 haud
986 3551 1180 3618 procul
1239 3552 1553 3609 abfuerunt.
1620 3554 1755 3610 Nam
1817 3556 2127 3614 disserendi

558 3641 793 3694 scientia
841 3642 1142 3706 instructi,
1198 3643 1466 3701 adversus
1521 3646 1821 3717 Epicureos
1875 3657 1929 3702 ct
1987 3650 2124 3704 alios

561 3731 939 3787 contentiosos
985 3734 1265 3802 sophistas
1297 3735 1392 3805 qui
1432 3735 1522 3791 Dei
1576 3739 1978 3807 providentiam
2027 3755 2125 3797 ne-

556 3820 793 3889 gabant,
847 3829 1070 3878 strenue
1114 3823 1498 3892 deeertarunt,
1551 3841 1739 3880 eorum
1771 3828 2124 3885 confutantes

558 3911 856 3966 inscitiam.
895 3913 974 3966 Ac
1002 3928 1098 3983 per
1131 3914 1234 3969 hos
1269 3917 1488 3985 quidem
1530 3918 1702 3973 libros
1735 3919 1874 3973 viris
1904 3920 2123 3989 pietatis

556 4001 823 4058 studiosis
849 4019 956 4058 non
984 4020 1176 4074 parum
1208 4008 1509 4062 attulerunt
1532 4009 1779 4066 utilitatis
1805 4028 1818 4064 :
1857 4011 1910 4066 id
1941 4019 2123 4068 tamen

555 4091 704 4162 quod
759 4083 1042 4164 religionis
1103 4105 1269 4165 caput
1327 4105 1448 4162 est,
1509 4097 1933 4169 haudquaquam
1995 4109 2126 4156 sunt

555 4185 821 4250 assecuti,
872 4193 1163 4258 propterea
1198 4187 1345 4258 quod
1373 4191 1693 4260 mysterium
1729 4190 1930 4247 Christi
1967 4205 1997 4245 a
2029 4208 2123 4263 ge-

2229 3100 2337 3172 γὰρ
2375 3101 2483 3155 τῶν
2514 3101 2646 3173 παρ’
2681 3101 2910 3172 Ἕλλησι
2955 3103 3430 3176 φιλοσοφησάντων
3453 3149 3468 3174 ,
3495 3108 3554 3161 ού
3582 3111 3807 3180 μακρὰν

2224 3192 2318 3245 τοῦ
2347 3193 2547 3261 γνῶναι
2574 3195 2663 3247 τὸν
2682 3194 2813 3248 Θεὸν
2842 3196 3106 3263 ἐγένοντο.
3128 3199 3238 3252 Καὶ
3265 3198 3372 3270 γὰρ
3396 3201 3644 3272 καὶπρὸς
3671 3203 3802 3267 τοὺς

2224 3282 2590 3354 ἀπρονοησίαν
2661 3286 2981 3355 εἰσάγοντας
3016 3325 3032 3350 ,
3091 3280 3204 3340 οἷον
3275 3289 3644 3362 Ἐπικουρίους
3683 3333 3699 3356 ,
3767 3293 3805 3364 ἢ

2224 3373 2399 3436 ἄλλως
2461 3377 2808 3445 ἐριστικοὺς,
2869 3377 3008 3449 μετὰ
3055 3379 3156 3449 τῆς
3214 3379 3438 3450 λογικῆς
3491 3384 3806 3453 ἐπιστήμης

2227 3467 2486 3534 γενναίως
2517 3469 2834 3539 ἀπήντησαν
2860 3510 2874 3534 ,
2920 3471 3019 3542 τὴν
3073 3471 3310 3542 ἀμαθίαν
3350 3473 3529 3527 αὐτῶν
3571 3476 3805 3546 ἀνατρέο

2227 3574 2420 3620 ποντες
2443 3576 2456 3588 ·
2491 3560 2586 3612 καὶ
2636 3560 2725 3615 διὰ
2773 3561 2976 3615 τούτων
3009 3563 3113 3616 τῶν
3160 3563 3363 3631 λόγων,
3394 3564 3671 3635 χρειώδεις
3693 3567 3806 3636 -μέν

2224 3651 2338 3711 τοῖς
2388 3650 2486 3719 τὴν
2522 3651 2800 3704 εὐσέϐειαν
2831 3653 3085 3722 ἀγαπῶσι
3141 3655 3520 3725 κατέστησανο
3573 3657 3633 3709 ού
3694 3657 3807 3727 μὴν

2224 3739 2322 3809 τῆς
2351 3741 2592 3811 κεφαλῆς
2615 3743 2704 3796 τοῦ
2731 3743 2890 3811 λόγου
2917 3746 3246 3816 ἐκράτησαν,
3277 3745 3371 3799 τοῦ
3402 3747 3476 3816 μὴ
3505 3747 3710 3814 γνῶναι
3739 3748 3807 3800 τὸ

2227 3829 2709 3899 ἀποκρυπτόμενον
2757 3832 2864 3885 ἀπὸ
2909 3833 3016 3887 τῶν
3047 3833 3246 3903 γενεῶν
3276 3835 3368 3887 καὶ
3396 3836 3503 3888 ἀπὸ
3529 3836 3635 3888 τῶν
3665 3835 3807 3888 αἰώ-

2229 3937 2334 3973 νων
2357 3919 2496 3974 κατὰ
2519 3921 2754 3990 Χριστὸν
2781 3925 3094 3995 μυστήριον.
3139 3926 3245 3978 Καὶ
3269 3924 3417 3978 τοῦθ’
3439 3925 3610 3988 οὕτως
3631 3925 3804 3996 ἔχειν,

2230 4013 2363 4082 ἐντῇ
2386 4011 2520 4080 πρὸς
2544 4013 2845 4082 Ῥωμαίους
2861 4015 3142 4087 Ἐπιστολῇ
3156 4019 3184 4068 ό
3205 4016 3526 4080 Ἀπόστολος
3536 4018 3589 4070 δε
3599 4017 3802 4083 ίκνυτι,

2228 4101 2293 4152 δι’
2315 4095 2389 4155 ὧν
2417 4117 2578 4170 φησιν
2598 4117 2611 4129 ⁶
2661 4103 3153 4159 Ἁποκαλύπτεται
3184 4107 3293 4175 γὰρ
3328 4109 3473 4177 ὀργὴ
3511 4110 3656 4163 Θεοῦ
3697 4113 3808 4165 ἀπ’

2227 4189 2532 4259 οὐρανῶν,
2576 4192 2676 4247 ἐπὶ
2727 4194 2933 4250 πᾶσαν
2973 4195 3250 4251 ἀσέϐειαν
3287 4201 3385 4254 καὶ
3418 4199 3656 4255 ἀδικίαν
3697 4202 3810 4256 dr-

1718 4367 2086 4425 VARIORUM
2119 4366 2668 4425 ANNOTATIONES.

625 4512 652 4540 ιι
709 4499 884 4587 fciam
930 4504 1224 4587 Μωῦσέως
1271 4505 1518 4587 βιϐλία..
1552 4507 1684 4568 ltno,
1719 4524 1764 4560 Sl
1816 4524 1936 4587 rem.
1978 4516 2123 4587 recte

2235 4508 2408 4587 1580.,
2445 4509 2521 4574 8°,
2558 4516 3051 4587 quaenunc‘patri
3097 4516 3437 4587 Apollinari,
3489 4536 3633 4574 nunc
3686 4521 3805 4576 (ilio

556 4579 746 4621 narrat
799 4569 1172 4647 SDZOIII-CINIS,
1213 4582 1378 4647 totam
1426 4574 1777 4647 llebrmorum
1825 4578 2127 4647 antiquita-

554 4646 660 4689 tem
714 4654 890 4706 usque
934 4640 1268 4715 adregnutn
1303 4642 1502 4715 _Saulis
1524 4684 1539 4706 ,
1583 4643 1771 4697 eodem
1805 4640 1999 4701 versus
2031 4664 2127 4715 ge-

554 4721 689 4784 nere
729 4709 1103 4784 conscripsit,
1138 4720 1191 4784 et
1225 4711 1547 4784 universum
1597 4728 1736 4781 opus
1784 4717 1838 4768 in
1887 4709 2129 4784 quatuor

552 4787 608 4851 et
641 4775 1496 4851 viginti_partes__distribuens,
1557 4775 1793 4851 singulis
1842 4775 1999 4840 libris
2055 4803 2120 4842 cx

551 4843 725 4898 Graeci
768 4843 1046 4926 alphabeti
1094 4848 1294 4926 litteris
1328 4843 1526 4926 ordine
1570 4843 1866 4926 recensitis
1913 4872 2121 4926 cogno-

553 4922 799 4967 mentum
829 4914 1058 4991 indidit_:
1083 4918 1220 4972 adeo
1245 4927 1304 4972 ut
1328 4920 1479 4974 brevi
1504 4929 1752 4991 tempore
1780 4914 2120 4980 lucubratio-

553 4998 651 5064 nes
685 4987 1060 5064 conttposuerjt
1090 4996 1143 5042 et
1180 5003 1412 5064 numero
1441 4999 1494 5044 et
1521 4987 1843 5059 praistantia
1876 5000 2121 5064 arquales

552 5053 621 5107 iis
669 5069 790 5123 qua“:
815 5053 956 5124 apud
984 5054 1207 5128 Graecos
1250 5059 1304 5111 in
1339 5074 1403 5112 eo
1441 5053 1642 5128 genere
1671 5064 1918 5119 celebres
1943 5053 2121 5122 exsti-

552 5131 671 5177 tere
689 5139 836 5200 ,“seu
872 5126 1090 5200 genium
1113 5167 1128 5191 ,
1167 5144 1271 5200 seu
1301 5126 1596 5184 dictionem
1620 5172 1634 5194 ,
1670 5149 1784 5200 seu
1837 5133 2070 5189 formam
2093 5177 2108 5200 ,

551 5207 648 5247 seu
683 5193 1103 5272 dispositionem
1127 5199 1310 5267 operis
1346 5208 1582 5270 spectes.
1624 5193 1798 5272 ’(Guil.
1827 5205 1971 5261 Cave
2006 5193 2117 5262 vol'.

554 5277 611 5328 ι,
649 5261 788 5332 [ηεξ
807 5261 957 5333 176.)

626 5333 818 5414 ιδ’-ζῶν
854 5334 1014 5414 ὃὲ-ὀί
1051 5339 1244 5402 πόνοι,
1281 5337 1502 5414 ἐν’-ἴσῳ
1540 5339 1646 5394 τοῦ
1679 5343 1765 5412 μὴ
1821 5345 2119 5414 τραφῆναι

548 5403 900 5473 λογίζονται.
922 5404 1124 5482 _Ver_um
1161 5415 1340 5482 eastat
1367 5403 2117 5482 hodiemetaphrasis'Psal-

549 5476 976 5550 [norum‘tdmin
1000 5477 1318 5546 Appemlice
1343 5477 1413 5531 ab
1437 5475 1830 5550 Bibliothecam
1852 5483 2076 5540 Patrum
2101 5525 2117 5550 ,

549 5539 726 5601 Paris.
763 5539 960 5613 1624,
1017 5539 1132 5600 tuin
1186 5561 1440 5602 seorsum
1495 5548 1641 5604 edita
1690 5551 1879 5610 Graece
1933 5539 2115 5614 Paris:

2235 4580 2517 4656 tribuitur.
2563 4579 2713 4656 Patri
2759 4579 2966 4656 rectius
3010 4579 3378 4656 meo'judlcio
3425 4579 3658 4644 aScribit
3693 4591 3808 4646 Ge-

2233 4651 2432 4730 rardus
2463 4648 2724 4730 Vossius,
2761 4651 2836 4708 De
2868 4655 3063 4709 histor.
3099 4648 3271 4730 Graec.
3308 4660 3402 4716 lib.
3439 4677 3512 4722 tt,
3541 4675 3661 4730 cap.
3699 4662 3802 4729 18,

2232 4719 2878 4798 (ευίρϋειιίοεοῐὶυετοιιι
2907 4741 3009 4798 ego
3037 4729 3357 4798 tragmdiam
3383 4719 3509 4798 quas
3539 4719 3804 4789 Christus,

2230 4787 2449 4869 patiens
2484 4790 2711 4869 dicitur,
2750 4802 2802 4847 et
2837 4787 3152 4869 subiGreg‘.’
3197 4787 3525 4869 lﬂazian'zeui
3571 4787 3807 4858 nomine

2229 4858 2374 4912 inter
2399 4858 2521 4928 ejus
2567 4859 2743 4929 Opera
2777 4865 2975 4917 excudi
3015 4858 3173 4920 solet.
3210 4866 3332 4922 Filii
3377 4872 3641 4924 librorum
3687 4874 3805 4924 tra-

2226 4936 2450 5002 gmenta
2473 4929 2692 5002 aliquot
2715 4933 2768 4984 in
2798 4932 3023 4989 Catenis
3041 4943 3282 4992 veterqu
3316 4938 3371 4992 in
3397 4938 3526 5002 Job,
3557 4941 3610 4993 in
3641 4939 3804 4995 Psal—

2226 5012 2377 5080 t_nos,
2408 4998 2462 5080 in
2488 4998 3094 5080 Mattlne’um,_l.ueatn_,
3128 5019 3259 5080 ete.,
3282 4998 3800 5080 reperiri'possunt.

2227 5065 2461 5144 Exstant
2492 5073 2656 5144 etiam
2690 5069 2785 5144 _G_r.
2819 5065 2948 5128 Lat.
2997 5065 3257 5144 epistola!
3285 5065 3410 5134 dua:
3435 5081 3502 5134 ad
3532 5065 3801 5136 Basiliam

2226 5137 2370 5204 apud
2410 5137 2648 5193 Cotcler.
2689 5137 3049 5216 monument.-
3077 5143 3286 5216 Eccles.
3324 5147 3498 5203 Graec.
3537 5163 3671 5204 tom.
3713 5151 3799 5216 ll;

2224 5221 2414 5287 verum
2448 5224 2516 5261 an
2545 5213 2798 5287 genuina;
2824 5216 2974 5275 sint,
3011 5214 3252 5287 dubitari
3283 5228 3486 5287 potest.
3519 5213 3801 5275 Aubertus

2222 5274 2619 5356 illiramsnotis
2647 5281 2701 5334 in
2718 5274 3048 5356 ‘Hierouyt‘ui
3078 5274 3398 5356 Catalogum
3438 5274 3689 5344 meminit
3727 5274 3793 5343 li;

2221 5344 2348 5430 belli
2371 5347 2671 5430 cujusdam
2717 5351 2792 5430 De
2833 5344 3094 5430 aetatibus
3130 5344 3452 5430 hominum,
3487 5360 3591 5414 sub
3622 5362 3799 5430 Apol-

2222 5414 2406 5501 linarii
2433 5414 2679 5501 ‘nomine
2723 5421 2942 5501 Leodici
2987 5438 3134 5479 anno
3185 5427 3326 5481 1575
3368 5414 3544 5484 editi:
3576 5430 3646 5484 de
3674 5414 3798 5501 'quo

2220 5485 2364 5572 quod
2392 5486 2797 5572 [dicanti-non
2835 5492 3283 5572 habeq,__u_tpote
3317 5514 3481 5570 quem
3509 5485 3800 5572 nunquam

2215 5554 2352 5648 .vidi.
2387 5557 2555 5625 (Cave
2584 5555 2721 5615 ibid.
2751 5568 2806 5617 et
2837 5575 2961 5633 pag.
2991 5554 3144 5634 205.)
