4070 6204
275 181 360 238 ιὲί
1215 177 1543 236 HISTORIA
1575 176 1830 234 ECCLES

1933 178 2138 233 SllCA.
2180 207 2246 217 —
2278 178 2408 235 LIB.
2443 178 2526 233 Ill.

3403 183 3510 241 ΗΞ

273 296 537 366 (anxur,
578 293 697 348 τῶν
726 292 842 362 τὴν
876 293 1164 359 ἀλήθειαν
1201 294 1271 348 ἐν
1313 293 1513 362 ἀδικίᾳ
1557 295 1830 362 κατεχόν-

1940 293 2320 350 nerationibus
2350 302 2405 349 et
2435 294 2654 350 saeculis
2682 295 3064 352 absconditum
3097 300 3410 369 ignorarent
3433 302 3506 358 ⁸ο.

269 405 407 453 των,
449 386 601 440 διότι
652 385 719 438 τὸ
755 385 1027 455 γνωστὸν
1051 384 1157 439 τοῦ
1189 385 1338 440 Θεοῦ
1367 386 1630 455 φανερόν
1664 386 1838 440 ἐστιν

273 478 329 528 ἐν
374 473 602 540 αὐτοῖς.
646 473 700 526 ’0
760 472 906 540 Θεὸς
960 473 1073 543 γὰρ
1122 473 1327 540 αὐτοῖς
1359 473 1721 544 ἐφανέρωσε.
1763 475 1838 529 Τὰ

269 568 366 636 γὰρ
404 567 633 634 ἀόρατα
692 566 879 620 αὐτοῦ
902 605 918 632 ,
951 564 1067 620 ἀπὸ
1123 567 1380 631 κτίσεως
1435 568 1668 637 κόσμου
1712 565 1837 633 τοῖς

270 657 548 726 ,ποιήμασι
573 657 869 725 νοούμενα
913 655 1250 724 καθορᾶται,
1277 655 1316 724 ἢ
1346 673 1409 709 τε
1434 657 1624 724 ἀΐδιος
1649 657 1834 711 αὐτοῦ

271 751 511 819 δύναμις
530 747 630 802 καὶ
659 749 890 816 θειότης
913 789 928 812 ,
974 751 1061 816 εἰς
1092 748 1159 802 τὸ
1189 745 1340 804 εἶναι
1365 750 1586 817 αὐτοὺς
1615 751 1836 806 dranc-

268 839 554 909 λογήτους
585 856 598 870 ·
635 840 784 893 διότι
815 841 1062 910 γνόντες
1094 841 1202 894 τὸν
1232 843 1382 896 Θεὸν
1405 884 1419 908 ,
1449 845 1560 913 οὐχ
1584 844 1664 910 ὠς
1687 842 1836 898 Θεὸν

268 929 581 992 ἐδόξασαν.
617 928 720 981 Διά
755 929 959 982 τούτων
1006 931 1282 999 φαίνονται
1325 931 1525 1000 γνῶσιν
1567 933 1665 1002 μὲν
1702 932 1836 1004 ἀλη-

269 1021 408 1084 θείας
436 1020 653 1090 ἔχοντες
671 1061 686 1084 ,
719 1021 786 1090 ἢν
813 1024 841 1074 ό
862 1020 995 1084 Θεὸς
1027 1022 1211 1086 αὐτοῖς
1233 1023 1594 1091 ἐφανέρωσεν.
1620 1025 1833 1095 Ἔνοχοι

268 1114 318 1167 δὲ
348 1114 627 1182 γίνονται,
660 1114 794 1167 διότι
826 1113 1048 1182 γνόντες
1092 1114 1183 1168 τὸν
1226 1115 1359 1170 θεὸν
1381 1155 1398 1179 ,
1449 1116 1546 1186 οὐχ
1579 1117 1656 1178 ὼς
1701 1115 1834 1170 Θεὸν

268 1205 535 1270 ἐδόξασαν.
571 1203 780 1258 Οὐκοῦν
807 1205 868 1258 τὸ
911 1204 986 1275 μὴ
1018 1205 1259 1264 κωλῦσαι
1298 1207 1367 1260 τὰ
1401 1206 1673 1278 Ἑλλήνων
1701 1223 1834 1277 μαν-

266 1297 437 1349 θάνειν
460 1337 476 1360 ,
509 1298 576 1366 τῇ
625 1295 821 1368 γνώμῃ
863 1295 972 1348 τῶν
1010 1295 1349 1366 βουλομένων
1391 1298 1702 1354 κατέλιπον.
1739 1293 1834 1362 Εἷς

268 1388 364 1457 μὲν
405 1383 501 1440 οὖν
528 1382 681 1450 οὗτος
708 1386 866 1454 λόγος
897 1386 1136 1457 εἰρήσθω
1163 1391 1293 1459 ἡμῖν
1324 1392 1462 1459 πρὸς
1500 1390 1561 1443 τὸ
1609 1390 1832 1460 προκεί-

266 1494 444 1545 μενον.
473 1477 698 1546 Ἕτερος
731 1475 787 1529 δὲ
809 1476 1046 1541 τοιοῦτος
1070 1495 1084 1509 ο
1106 1480 1171 1531 Δί
1217 1479 1563 1533 θεόπνευστοι
1594 1479 1826 1552 Γραφαὶ,

261 1568 505 1637 δόγματα
536 1567 634 1638 μὲν
663 1566 953 1638 Θαυμαστὰ
1003 1569 1097 1622 καὶ
1145 1569 1313 1634 ὅντως
1342 1570 1460 1624 θεῖα
1499 1571 1828 1626 διδάσκουσι.

1937 387 2118 456 Atque
2150 385 2256 440 hoc
2288 387 2360 441 ita
2401 401 2461 442 se
2490 387 2728 452 habere,
2758 386 3056 458 Apostolus
3087 390 3140 444 in
3168 390 3412 462 Epistola
3439 395 3508 450 ad

1939 478 2222 532 Romanos
2249 477 2496 532 declarat
2525 478 2610 533 his
2640 479 2866 534 verbis:
2908 477 3190 532 Revelatur
3248 485 3386 535 enim
3423 483 3510 538 ira

1943 565 2036 620 Dei
2062 565 2127 620 de
2156 566 2284 620 coelo
2313 582 2468 634 super
2495 583 2698 621 onmem
2729 568 3050 636 impietatem
3083 576 3133 622 et
3171 569 3510 639 iniquitatem

1937 654 2204 710 hominum
2225 699 2240 722 ,
2264 659 2354 728 qui
2384 660 2654 714 veritatem
2683 660 2737 712 in
2771 660 3037 728 injustitia
3068 661 3299 715 detinent
3327 678 3346 725 ;
3381 664 3509 732 quia

1936 746 2074 812 quod
2102 757 2285 801 notum
2323 759 2402 804 est
2439 750 2568 815 Dei,
2606 751 2945 819 manifestum
2977 763 3055 806 est
3099 755 3152 806 in
3192 753 3324 809 illis.
3368 753 3508 807 Deus

1935 838 2077 892 enim
2107 838 2217 892 illis
2249 841 2490 894 revelavit
2550 841 2852 896 Inrisibilia
2880 844 3018 897 enim
3045 845 3159 913 ejus
3189 863 3222 899 a
3248 847 3511 900 creatione

1936 925 2121 979 mundi
2151 943 2242 996 per
2271 943 2332 980 ea
2359 944 2476 997 qua:
2511 929 2654 997 facta
2683 941 2805 983 sunt
2830 971 2844 995 ,
2878 932 3144 986 intellecta
3176 935 3510 1001 conspiciun-

1936 1023 2045 1079 tur,
2077 1019 2394 1084 sempiterna
2423 1035 2624 1089 quoque
2660 1020 2774 1088 ejus
2809 1022 2973 1074 virtus
3019 1033 3190 1092 atque.
3214 1023 3463 1078 divinitas
3487 1040 3507 1079 :

1936 1105 2064 1160 adeo
2097 1115 2154 1159 ut
2192 1109 2299 1161 sint
2329 1110 2716 1164 inexcusabiles
2739 1127 2758 1175 ;
2803 1114 2927 1181 quia
2973 1130 3092 1166 cum
3145 1118 3507 1184 cognovissent

1937 1195 2124 1262 Deum,
2146 1214 2248 1252 non
2273 1208 2327 1252 ut
2355 1199 2520 1253 Deum
2544 1201 2972 1271 glorificaverunt
2996 1204 3062 1256 '°.
3090 1204 3162 1259 Ex
3193 1207 3392 1275 quibus
3421 1219 3511 1274 ap-

1935 1297 2092 1355 paret
2123 1288 2386 1346 habuisse
2413 1292 2632 1360 quidem
2673 1293 2795 1347 illos
2822 1294 3070 1350 veritatis
3097 1297 3466 1366 cognitionem
3488 1337 3505 1364 ,

1934 1393 2097 1448 quam
2152 1378 2294 1436 Deus
2345 1381 2480 1450 ipsis
2533 1381 2912 1451 patefecerat;
2952 1400 3075 1441 reos
3125 1393 3308 1441 tamen
3345 1403 3504 1454 esse,

1933 1479 2223 1540 propterea
2257 1475 2399 1542 quod
2430 1489 2552 1527 cum
2593 1473 2758 1529 Deum
2784 1476 3198 1544 cognovissent,
3230 1493 3340 1533 non
3364 1479 3509 1533 sicut

1935 1562 2104 1617 Deum
2139 1563 2535 1634 gloriﬁcarunt.
2569 1565 2706 1619 Cum
2741 1566 2908 1636 igitur
2940 1569 3174 1637 apostoli
3219 1569 3504 1639 gentilium

263 1659 368 1712 Kal.
425 1657 628 1728 πολλὴν
682 1659 781 1729 μὲν
842 1660 1124 1715 εὐλάϐειαν
1185 1662 1278 1715 καὶ
1343 1660 1457 1732 βίον
1509 1662 1668 1734 ὀρθὸν
1721 1665 1830 1727 τοῖς

1934 1653 2250 1724 disciplinis
2289 1670 2510 1725 operam
2545 1657 2678 1712 dare
2712 1672 3063 1728 nequaquam
3102 1661 3408 1726 vetuerint,
3447 1661 3503 1716 id

260 1751 554 1820 ἀκροαταῖς
585 1749 858 1805 ἐντιθέασι
883 1793 898 1816 ,
935 1751 1118 1806 πίστιν
1151 1769 1208 1806 τε
1253 1751 1476 1823 θεοφιλῆ
1508 1755 1622 1816 τοῖς
1665 1769 1831 1806 σπου-

256 1839 424 1902 δαίοις
448 1840 802 1911 παρέχουσιν.
848 1842 923 1896 Οὐ
959 1842 1065 1914 μὴν
1103 1843 1297 1915 τέχνην
1341 1843 1646 1898 διδάσκουσι
1681 1843 1830 1914 λογι-

254 1930 357 2000 κὴν
378 1971 395 1995 ,
432 1930 569 2004 πρὸς
598 1931 659 1984 τὸ
686 1930 944 1986 δύνασθαι
977 1934 1224 2005 ἀπαντᾷν
1251 1937 1363 1999 τοῖς
1390 1934 1734 2006 βουλομένοις
1761 1939 1828 2008 τῇ

251 2024 492 2096 ἀληθείᾳ
523 2025 938 2098 προσπολεμεῖν,
973 2029 1186 2099 Σφόδρα
1234 2028 1292 2082 δὲ
1328 2029 1832 2100 καταπολεμοῢνται

251 2114 298 2165 οἱ
330 2113 628 2183 πολέμιοι,
655 2116 782 2170 ὅταν
826 2120 940 2181 τοῖς
986 2118 1167 2171 αὐτῶν
1197 2118 1383 2182 ὅπλοις
1415 2117 1676 2190 χρώμεθα
1709 2120 1832 2174 κατ’

250 2204 454 2258 αὐτῶν.
492 2204 662 2258 Τοῦτο
697 2207 755 2260 δὲ
781 2208 880 2262 οὐκ
909 2209 1035 2280 ἐνῆν
1071 2209 1334 2280 ὑπάρξειν
1359 2213 1472 2275 τοῖς
1505 2210 1832 2283 Χριστιανί-

251 2297 445 2362 ζουσι,
489 2298 558 2351 δι’
591 2292 667 2352 ὦν
715 2301 766 2352 oi
808 2300 1170 2373 Ἀπολινάριοι
1221 2302 1486 2373 ἔγραψαν.
1525 2302 1696 2357 Τοῦτο
1737 2304 1832 2358 καὶ

249 2388 277 2439 ὁ
301 2385 562 2456 βασιλεὺς
593 2385 876 2452 Ἰουλιανὸς
903 2390 1184 2461 σκοπήσας
1207 2429 1222 2454 ,
1252 2391 1400 2462 νόμῳ
1427 2392 1554 2456 τοὺς
1577 2393 1834 2462 Χριστια-

248 2479 375 2541 νοὺς
428 2477 710 2550 ἀπέτρεπε
756 2479 826 2534 τά
866 2479 1134 2550 Ἐλλήνων
1181 2481 1554 2538 παιδεύεσθαι.
1606 2479 1680 2537 Εὖ
1721 2482 1831 2555 γὰρ

242 2570 519 2639 ἠπίστατο
545 2604 561 2630 ,
585 2569 664 2633 ὡς
712 2570 764 2623 oi
808 2570 967 2641 μῦθοι
1011 2572 1325 2636 ,εὐδιάϐολον
1355 2573 1519 2627 αὐτοῦ
1549 2573 1647 2645 τὴν
1674 2573 1831 2638 δόξαν

249 2664 598 2730 ποιήσουσιν.
641 2657 743 2715 Ἦν
793 2663 887 2716 καὶ
939 2666 1242 2732 καταγνοὺς
1286 2665 1584 2737 Σωκράτης
1630 2667 1658 2719 ό
1699 2668 1830 2739 παρ’

242 2751 438 2812 αὐτοῖς
467 2750 901 2820 κορυφαιότατος
931 2751 1214 2820 φιλόσοφος
1237 2791 1252 2814 ,
1281 2751 1357 2816 ὡς
1384 2752 1831 2822 παραχαράσσων

242 2843 310 2894 τὰ
383 2842 519 2913 παρ’
579 2844 765 2906 αὐτοῖς
828 2843 1079 2914 δαιμόνια
1144 2844 1462 2916 κατεκρίθη.
1512 2844 1722 2907 Ἀλλως
1772 2861 1831 2897 τε

243 2932 643 3004 παρεγγυῶσιν
682 2935 812 3004 ἡμῖν
834 2934 863 2987 ὃ
884 2950 942 2986 τε
966 2934 1200 3004 Χριστὸς
1233 2934 1326 2987 καὶ
1370 2935 1399 2986 ὁ
1445 2933 1639 2987 τούτου
1667 2934 1829 2986 Ἀπό-

244 3025 435 3087 amite;
460 3024 614 3094 (65),
647 3024 888 3092 γίνεσθαι
933 3022 1252 3096 τραπεζῖται
1281 3025 1533 3096 δόκιμοι,
1584 3024 1722 3079 ὥστε
1763 3025 1831 3078 τὰ

245 3117 432 3171 πάντα
458 3117 781 3188 δοκιμάζειν
809 3157 824 3182 ,
851 3117 912 3172 τὸ
956 3117 1120 3172 καλὸν
1155 3117 1501 3187 κατέχοντας.
1537 3117 1831 3188 Προσέχειν

238 3208 299 3261 δὲ
332 3209 412 3280 μή
453 3227 546 3272 τις
569 3211 714 3280 ὑμᾶς
746 3209 895 3264 ἔσται
923 3209 1253 3279 συλαγωγῶν
1278 3209 1366 3264 διὰ
1393 3210 1491 3280 τῆς
1517 3208 1832 3280 φιλοσοφίας

243 3299 342 3351 καὶ
375 3299 550 3368 κενῆς
573 3300 810 3369 ἀπάτης.
839 3298 1008 3353 Τοῦτο
1055 3301 1112 3354 δὲ
1158 3302 1258 3355 οὐκ
1286 3300 1352 3355 ἂν
1397 3301 1732 3372 πεισόμεθα,
1781 3302 1830 3354 εἰ

243 3391 321 3460 μὴ
384 3391 534 3444 ὅπλα
599 3391 709 3444 τῶν
749 3391 1021 3462 πολεμίων
1072 3392 1417 3463 κτησαίμεθα
1451 3431 1466 3458 ,
1502 3394 1596 3446 καὶ
1642 3395 1700 3446 ἐν
1751 3390 1829 3462 τῷ

243 3482 487 3536 κτᾶσθαι
512 3521 530 3547 ,
578 3483 656 3553 μὴ
702 3483 771 3537 τά
821 3483 929 3536 τῶν
981 3483 1253 3555 πολεμίων
1305 3484 1592 3555 φρονῶμεν
1628 3500 1641 3515 °
1692 3483 1829 3537 ἀλλά

240 3573 303 3625 τὸ
346 3575 452 3644 μὲν
485 3575 660 3627 κακὸν
707 3574 1088 3645 ἐκτρεπόμεθα
1121 3592 1136 3607 ο
1175 3574 1238 3628 τὸ
1286 3576 1344 3629 δὲ
1389 3575 1552 3629 καλὸν
1594 3574 1688 3630 καὶ
1728 3575 1827 3646 τὴν

241 3664 510 3734 ἀλήθειαν
539 3663 772 3734 ἔχοντες,
793 3665 971 3718 πάντα
994 3665 1484 3736 προσλαμϐάνομεν
1517 3665 1836 3736 δοκιμάζον-

243 3771 357 3818 τες.
410 3756 486 3808 Τὸ
513 3758 626 3825 γὰρ
671 3755 833 3811 καλὸν
877 3755 1004 3809 ἔνθα
1045 3755 1110 3809 ἂν
1160 3751 1228 3830 ᾖ,
1267 3757 1396 3810 τδιον
1440 3756 1540 3826 τῆς
1579 3755 1834 3827 ἀληθείας

244 3849 415 3900 ἐστίν.
452 3849 520 3901 El
557 3848 613 3900 δέ
648 3865 731 3910 τις
770 3849 917 3919 ἡμᾶς
957 3847 1142 3918 βιαίως
1180 3849 1353 3903 ταῦτα
1389 3849 1566 3917 λέγειν
1601 3848 1832 3919 νομίζει,

249 3941 590 4010 σκοπησάτω
621 3940 705 3993 ὅτι
755 3942 783 3993 ό
839 3941 1156 4003 ’Δπόστολος
1221 3941 1282 3994 οὐ
1321 3940 1481 4010 μόνον
1521 3941 1583 3993 οὐ
1636 3941 1834 3994 κωλύει

249 4031 554 4099 μανθάνειν
585 4030 900 4102 Ἑλληνικὴν
927 4031 1206 4085 παίδευσιν
1227 4047 1240 4060 ·
1273 4030 1407 4085 ἀλλά
1441 4033 1548 4102 γὰρ
1574 4031 1824 4101 φαίνεται

248 4121 343 4173 καὶ
395 4120 566 4182 αὐτὸς
597 4119 674 4189 μὴ
722 4119 1005 4190 ἀμελήσας
1047 4120 1237 4190 αὐτῆς,
1267 4119 1454 4172 ἕνεκεν
1481 4117 1574 4171 τοῦ
1624 4119 1825 4187 γνῶναι

1933 1746 1986 1800 in
2019 1746 2292 1817 cujusque
2329 1747 2561 1802 arbitrio
2593 1749 2763 1804 situm
2801 1764 2926 1804 esse
2964 1751 3281 1805 voluerunt.
3325 1753 3506 1822 Atque

1930 1836 2050 1892 haec
2088 1839 2263 1908 prima
2302 1838 2375 1893 sit
2410 1838 2551 1894 ratio
2590 1855 2699 1908 qua
2737 1841 2806 1894 ad
2857 1844 3197 1911 propositam
3246 1845 3507 1912 quaestio-

1931 1944 2058 1984 nem
2115 1930 2533 2000 respondemus.
2572 1933 2758 1986 Altera
2819 1947 2954 1987 vero
3004 1944 3088 1988 est
3138 1934 3504 2004 hujusmodi:

1935 2019 2242 2092 Scriptura:
2302 2022 2569 2079 divinitus
2640 2025 2923 2094 inspirata:
2982 2025 3238 2097 dogmata
3285 2027 3504 2097 quidem

1931 2115 2250 2169 admiranda
2279 2117 2508 2171 tradunt
2534 2132 2874 2187 prorsusque
2899 2117 3086 2172 divina
3113 2137 3125 2172 :
3161 2129 3214 2174 et
3243 2131 3356 2175 tum
3386 2122 3504 2175 exi-

1932 2204 2098 2256 miam
2131 2205 2387 2274 pietatem
2419 2215 2738 2277 rectamque
2767 2208 2986 2263 vivendi
3020 2210 3292 2265 rationem
3339 2211 3504 2266 audi-

1931 2301 2112 2348 torum
2143 2297 2344 2351 animis
2381 2297 2698 2360 insinuant,
2733 2308 2847 2352 tum
2884 2298 3044 2354 fidem
3077 2299 3189 2355 Deo
3216 2315 3503 2371 acceptam

1932 2386 2199 2443 studiosis
2231 2388 2554 2443 hominibus
2594 2390 2856 2458 praebent.
2899 2390 3085 2446 Artem
3122 2407 3254 2446 vero
3286 2392 3505 2448 dicendi

1932 2479 2158 2534 minime
2191 2479 2422 2546 docent,
2455 2495 2563 2549 qua
2599 2481 2708 2535 illis
2737 2482 2831 2550 qui
2865 2483 3155 2537 veritatem
3182 2497 3501 2555 Oppugnare

1933 2567 2207 2632 nituntur,
2273 2570 2534 2622 resistere
2595 2570 2898 2638 possimus.
2967 2570 3140 2626 Porro
3201 2574 3504 2629 adversarii

1931 2665 2065 2711 tunc
2117 2657 2379 2713 facillime
2419 2667 2827 2728 expugnantur,
2880 2675 3004 2715 cum
3063 2662 3283 2717 illorum
3334 2665 3505 2720 armis

1932 2753 2127 2802 contra
2159 2747 2308 2816 ipsos
2339 2748 2568 2802 utimur.
2609 2747 2758 2802 Istud
2791 2757 2972 2804 autem
3007 2749 3338 2806 Christianis
3372 2767 3506 2822 sup-

1934 2846 2119 2907 petere
2152 2851 2261 2891 non
2297 2845 2509 2908 poterat
2546 2854 2613 2892 ex
2650 2839 2718 2893 iis
2773 2839 2928 2894 libris
2977 2857 3115 2911 quos
3159 2843 3506 2912 Apollinares

1934 2928 2338 2998 conscripsere.
2375 2929 2531 2995 Quod
2562 2945 2686 2984 eum
2715 2923 2970 2986 Julianus
2999 2933 3158 2986 etiam
3197 2937 3507 3005 perspexis-

1934 3025 2055 3081 set,
2088 3018 2208 3089 lege
2238 3018 2346 3072 lata
2393 3019 2679 3089 prohibuit
2725 3036 2795 3075 ne
2837 3019 3137 3076 Christiani
3187 3023 3504 3078 Graecorum

1932 3110 2243 3181 disciplinis
2298 3112 2699 3168 imbuerentur.
2747 3112 2926 3169 Probe
2959 3115 3102 3170 enim
3145 3117 3356 3172 sciebat
3415 3117 3506 3172 fu-

1932 3211 2116 3258 turum
2140 3201 2422 3258 utfabulae
2448 3203 2785 3274 opinionem,
2823 3222 2988 3277 quam
3024 3207 3142 3278 ipse
3178 3207 3503 3276 imbiberat,

1932 3294 2220 3349 ridiculam
2269 3303 2325 3351 et
2368 3297 2792 3365 reprehensioni
2844 3298 3140 3353 obnoxiam
3192 3301 3502 3356 redderent.

1931 3383 2083 3450 Quas
2125 3385 2348 3455 quidem
2400 3385 2660 3443 Socrates
2702 3389 3153 3460 philosophorum
3197 3393 3336 3460 apud
3381 3392 3506 3448 illos

1935 3476 2097 3531 facile
2131 3477 2390 3548 princeps
2420 3493 2544 3533 cum
2576 3481 2916 3550 improbaret
2935 3523 2950 3548 ,
2979 3484 3204 3552 perinde
3233 3498 3296 3538 ac
3324 3484 3369 3539 si
3398 3484 3506 3539 daa—

1935 3570 2123 3623 monia
2179 3568 2426 3638 ipsorum
2481 3571 2692 3626 violare
2751 3581 3052 3639 tentasset,
3108 3576 3505 3632 condemnatus

1931 3666 2036 3714 est.
2072 3659 2344 3714 Praeterea
2377 3667 2493 3714 tum
2534 3659 2824 3727 Christus,
2878 3671 2993 3716 tum
3042 3664 3163 3734 ejus
3209 3664 3506 3735 Apostolus

1931 3750 2094 3805 nobis
2149 3749 2485 3820 praecipiunt
2521 3759 2580 3804 ut
2607 3750 2782 3808 simus
2817 3754 2943 3808 boni
2977 3756 3327 3810 nummularii
3349 3796 3363 3821 ,
3390 3771 3508 3811 om-

1931 3841 2023 3896 nia
2057 3841 2277 3910 quidem
2311 3842 2705 3912 explorantes,
2742 3845 2888 3914 quod
2920 3854 3102 3900 autem
3148 3848 3378 3915 probum
3422 3857 3506 3902 est

1930 3931 2236 3986 retinentes
2264 3931 2330 3984 τί.
2363 3932 2838 4004 Attendamusque
2889 3950 2956 3991 ne
3002 3937 3128 4006 quis
3179 3953 3276 4007 per
3321 3939 3502 4007 philo-

1933 4024 2182 4094 SOpbiam
2219 4031 2272 4078 et
2302 4025 2519 4082 inanem
2550 4025 2818 4081 fallaciam
2857 4043 2958 4083 nos
2988 4029 3221 4098 decipiat
3253 4031 3318 4082 ⁷⁸.
3355 4029 3504 4084 Istud

1934 4123 2115 4169 autem
2160 4131 2440 4184 nunquam
2483 4131 2864 4184 assequemur,
2909 4119 3016 4174 nisi
3059 4120 3503 4174 adversariorum

250 4208 424 4262 πολλά
469 4209 584 4261 τῶν
645 4207 948 4278 εἰρημένων
995 4210 1104 4271 τοῖς
1148 4207 1421 4278 Ἕλλησιν.
1482 4207 1632 4260 Ἐπεὶ⁵
1665 4207 1828 4260 πόθεν

1935 4205 2104 4260 armis
2137 4205 2434 4274 potiamur,
2475 4206 2654 4275 iisque
2687 4208 2877 4277 potiti,
2909 4223 3018 4261 non
3043 4209 3186 4262 idem
3219 4225 3342 4262 cum
3371 4211 3504 4278 ipsis

247 4296 577 4368 ὁρμώμενος
607 4268 807 4363 snake"-
829 4295 1054 4365 Κρῆτες
1079 4268 1166 4351 ἀεὶ
1201 4268 1478 4366 dei-rotat,
1524 4299 1680 4351 κακὰ
1723 4299 1830 4364 θη-

1936 4298 2240 4353 sentiamus
2271 4336 2285 4361 ,
2334 4297 2428 4351 sed
2475 4298 2679 4352 malum
2728 4297 2949 4366 quidem
2997 4314 3351 4366 aversemur,
3404 4301 3503 4354 bo-

244 4390 367 4454 ;la,
398 4386 694 4458 γαστέρες
742 4386 934 4455 ἀργαί,
963 4389 1011 4440 εί
1047 4387 1121 4458 μὴ
1165 4388 1291 4451 τοὺς
1346 4387 1681 4458 Ἐπιμενίδου
1733 4386 1828 4442 τοῦ

254 4479 492 4551 Κρητὸς,
530 4476 724 4546 ἀνδρὸς
752 4476 1023 4543 τελεστοῦ,
1063 4479 1354 4546 ἀνεγνώκει
1379 4477 1659 4549 χρησμούς
1694 4479 1829 4548 (6ωὲ

1937 4405 2068 4444 num
2118 4394 2298 4441 autem
2339 4401 2404 4440 ac
2455 4387 2611 4458 193
2646 4387 2931 4444 veritatem
2973 4401 3262 4455 tenentes,
3303 4401 3503 4447 cuncta

1939 4493 2062 4550 quae
2107 4475 2444 4532 assumimus
2489 4479 2859 4550 exploremus.
2911 4480 3118 4536 Bonum
3160 4481 3341 4550 enim,
3383 4481 3505 4537 ubi-

319 4641 366 4670 "
398 4643 626 4700 Coloss.
663 4658 700 4708 ι,
725 4640 815 4696 26.
889 4639 1181 4706 "Romi,
1220 4641 1397 4696 18-21.
1472 4639 1519 4672 τι
1560 4639 1579 4692 1
1611 4638 1808 4696 Thess.

1933 4640 2013 4696 21.
2090 4640 2136 4674 τ’
2171 4639 2387 4696 Coloss.
2431 4656 2493 4706 ιι,
2526 4639 2580 4694 8.

1470 4795 1740 4851 VALESII
1778 4795 2333 4852 ANNOTATIONES.

322 4894 438 4961 (65)
481 4893 550 4943 ’Ὀ
587 4907 657 4946 τε
695 4890 945 4958 Χριστὸς
982 4890 1079 4943 καὶ
1121 4891 1404 4961 όντούτου
1447 4890 1823 4954 Ἀπόστολος.

254 4961 373 5027 Quo
405 4958 461 5017 in
507 4963 634 5015 loco
677 4962 728 5015 id
764 4968 1094 5030 prmceptum
1128 4958 1335 5014 Christi
1379 4961 1614 5030 legatur,
1647 4969 1722 5030 _ut
1753 4963 1829 5012 si-

253 5049 366 5084 mus
398 5035 526 5085 boni
555 5028 903 5085 nummularii
924 5028 1243 5094 ,incertum
1272 5037 1373 5084 est.
1400 5028 1536 5084 Nam
1563 5030 1616 5084 in
1647 5028 1827 5083 Evan-

256 5104 414 5168 geliis
443 5103 552 5171 hoc
587 5108 918 5171 praeceptum
949 5114 1058 5152 non
1087 5099 1305 5171 legitur.
1339 5101 1443 5155 Sed
1477 5115 1601 5171 cum
1637 5099 1830 5170 Orige-

259 5187 352 5226 nes
381 5183 435 5225 et
473 5169 843 5240 Hieronymus
874 5169 1021 5223 istud
1049 5184 1078 5222 a
1103 5169 1326 5224 Christo
1355 5169 1675 5224 mandatum
1703 5169 1828 5240 esse

257 5242 642 5310 consentiant,
668 5239 720 5310 et
745 5240 1102 5310 ahAApostolo
1133 5249 1319 5310 postea
1350 5240 1685 5310 inculcatum
1719 5239 1824 5310 sit,

260 5312 533 5366 assentior
558 5309 767 5364 Jacoho
791 5307 1048 5373 Usserio,
1081 5307 1177 5373 qui
1213 5309 1418 5364 dictum
1451 5307 1585 5363 illud
1619 5309 1826 5363 Christi

263 5381 310 5432 in
368 5379 667 5450 Evangelia
715 5381 1020 5435 secundum
1069 5377 1328 5434 Hebraeos
1376 5381 1607 5434 relatum
1658 5377 1827 5450 fuisse

261 5448 552 5505 existimati
608 5451 784 5505 Porro
834 5450 1002 5517 hujus
1042 5450 1179 5504 dicti
1216 5450 1472 5519 frequens
1507 5448 1713 5519 mentio
1742 5454 1827 5519 est

267 5522 398 5572 aoud
436 5529 667 5582 veteres.
719 5521 964 5575 Heminit
1012 5521 1158 5576 inter
1189 5517 1422 5574 caeteros
1461 5517 1738 5573 Palladius
1772 5518 1824 5570 in

271 5583 380 5640 Vua
423 5588 650 5647 Joannis
694 5591 1122 5666 Chrysostomi,
1160 5591 1233 5644 ita
1258 5590 1487 5660 loquens
1519 5607 1532 5642 :
1572 5588 1824 5642 Γίνεσθε

1934 4891 2064 4961 γάρ,
2107 4892 2325 4961 φησὶνῄ
2369 4891 2581 4961 Γραφὴ,
2620 4892 2852 4961 δόκιμοι
2916 4890 3285 4959 τραπεζῖται,
3311 4891 3376 4944 τὸ
3415 4893 3504 4945 κί-

1935 4959 2323 5032 ϐδηλονίάξτὸί
2369 4959 2779 5032 τοῦδοκίμοὺ
2812 4962 3150 5032 ῥίπτοντες.
3199 4961 3333 5017 Vide
3387 4978 3507 5032 qum

1935 5033 2120 5084 notavi
2151 5032 2217 5083 ad
2252 5030 2448 5083 librum
2481 5047 2531 5083 vt
2578 5030 2796 5085 Eusebii
2828 5047 2951 5085 can.
2987 5030 3039 5084 7.

2013 5047 2120 5083 tavr
2151 5047 2217 5083 an
2252 5047 2448 5083 nurum
2481 5047 2531 5083 νι
2578 5047 2796 5085 museuu
2828 5047 2890 5085 ca
2939 5071 2951 5084 .
2995 5047 3039 5084 ι.

2007 5099 2119 5171 (66)
2147 5097 2850 5172 Ἀνεγνξώῑφίχρηονμούς.
2899 5047 3065 5154 Blulta
3100 5101 3321 5171 quidem
3364 5118 3505 5172 prte-

1936 5168 2250 5248 dicta’sunt
2305 5171 2373 5248 ab
2417 5169 2760 5248 Epimenide,
2797 5171 2996 5248 partim
3046 5168 3504 5248 Atheniensibus,

1937 5241 2136 5308 partim
2159 5239 2617 5310 Lacedaemoniis,
2672 5241 2871 5310 partim
2917 5240 3086 5310 etiam
3129 5239 3503 5310 Cretensibus,

1937 5317 1996 5362 ut
2027 5310 2209 5381 videre
2258 5317 2344 5364 est
2371 5309 2514 5381 apud
2557 5308 2852 5381 Diogenem
2907 5309 3226 5381 Laertium._
3270 5309 3502 5366 Oracula

1933 5386 2116 5434 tamen
2145 5380 2215 5451 ab
2244 5394 2308 5451 eo
2332 5378 2536 5447 scripta
2560 5378 2682 5437 esse
2716 5395 2989 5450 nusquam
3039 5381 3167 5451 legi.
3204 5379 3400 5435 Suidas
3428 5381 3505 5433 ait

1932 5464 2057 5503 eum
2101 5449 2396 5523 scripsisse
2421 5462 2671 5523 poemata
2691 5449 2938 5523 quaedam
2953 5449 3207 5523 _m)'sti_ca
3235 5459 3288 5523 et
3320 5452 3506 5523 expia-

1933 5523 2096 5590 toria,
2124 5526 2177 5574 et
2209 5513 2313 5572 alia
2362 5513 2610 5588 quaedam
2652 5513 2886 5580 obscura
2907 5537 2926 5575 :
2953 5513 3300 5590 Ἔγραψε-δὲ
3335 5513 3504 5590 πολλὰ

1931 5589 2156 5656 ὲπικῶς,
2195 5585 2467 5661 μυστήρια
2512 5592 2608 5646 καὶ
2641 5595 2992 5662 καθάρματα,
3034 5585 3154 5642 καλ
3187 5585 3323 5640 ἄλλα
3367 5589 3516 5653 αἰνιο,
