4070 6204
532 162 639 221 £23

1988 155 2329 214 SOCRATIS

3682 152 3798 210 αι

531 288 752 349 cunque
784 272 986 339 fuerit,
1040 272 1328 344 proprium
1379 281 1465 330 est
1513 272 1790 330 veritatis.
1853 272 2011 341 Quod
2056 275 2104 331 si

2216 277 2279 329 Ἢ
2300 272 2463 328 πόθεν
2493 268 2723 340 ἐγνώκει
2758 268 2840 335 τὸ,
2869 269 2981 325 Τοῦ
3014 269 3123 340 γὰρ
3166 268 3263 323 καὶ
3297 270 3475 342 γένος
3497 268 3709 341 ἐσμὲν,
3743 277 3798 328 εί

530 369 660 439 quis
689 369 804 423 haec
827 382 858 421 a
888 365 1047 420 nobis
1069 365 1365 421 violentius
1391 372 1447 419 et
1472 373 1675 436 praeter
1698 378 1924 421 sensum
1957 366 2107 421 Scri-

531 466 822 526 pturarum
858 453 970 508 dici
1013 454 1327 520 existimat,
1376 453 1425 510 is
1472 450 1816 517 consideret,
1865 454 2103 523 Aposto-

531 550 642 603 lum
668 562 781 602 non
813 546 975 601 modo
1006 560 1114 600 non
1146 546 1436 614 prohibere
1464 560 1533 600 ne
1560 545 1874 601 Graecorum
1905 546 2106 603 litteris

530 640 873 698 erudiamur.
908 637 1005 694 sed
1035 638 1215 708 ipsum
1264 651 1484 709 quoque
1527 638 1700 694 videri
1743 651 1839 693 eas
1874 637 2105 694 minime

532 731 883 801 neglexisse,
919 729 1122 801 quippe
1148 729 1242 799 qui
1293 730 1464 784 multa
1511 745 1635 800 qua:
1683 728 1836 784 dicta
1889 738 2021 783 sunt
2072 742 2104 784 a

531 819 770 887 Graecis,
819 835 984 876 nosse
1016 820 1479 890 deprehendatur.
1519 818 1655 873 Nam
1690 817 1856 885 unde,
1885 832 2109 889 quaso,

530 917 638 972 hoc
660 916 838 971 dixit:
862 915 1132 971 Cretenses
1151 929 1352 983 semper
1378 912 1676 978 mendaces,
1707 913 1864 966 malle
1892 912 2109 979 bestiw,

2216 365 2292 438 μὴ
2323 363 2392 418 τὰ
2417 362 2722 434 Φαινόμενα
2747 362 2842 415 τοῦ
2880 362 3213 434 ἀστρονόμον
3245 362 3477 434 Ἀράτου
3502 363 3796 435 quieta-ro;

2208 456 2371 510 Ἀλλὰ
2388 454 2482 509 καὶ
2496 454 2576 516 τὸ,
2592 455 2944 521 dide/pavonis
2963 452 3077 521 ἤθη
3098 452 3332 521 χρηστὰ
3350 454 3575 523 ὁμιλίαι
3594 459 3797 520 κακαί.

2205 547 2444 602 δείκνυσι
2490 545 2564 618 μὴ
2594 546 2824 617 ἀνήκοον
2866 543 2974 597 τῶν
3011 543 3305 615 Εὐριπίδου
3342 543 3636 615 δραμάτων
3668 564 3803 616 τυγ-

2208 639 2459 709 χάνοντα.
2483 638 2594 690 Καὶ
2620 637 2672 690 τί
2696 636 2776 689 δεῖ
2798 637 2925 707 περί
2955 635 3159 689 τούτων
3187 635 3452 707 μηκύνειν
3481 637 3573 690 τὸν
3595 638 3754 708 λόγον
3780 656 3796 706 ;

2208 730 2318 783 Καὶ
2342 728 2603 783 ἀνέκαθεν
2621 728 2696 791 ὡς
2721 729 2783 781 ἐκ
2803 745 2946 791 τινος
2971 726 3045 799 μὴ
3065 727 3455 800 κεκωλυμένης
3481 729 3795 802 συνηθείας,

2206 821 2258 874 oi
2286 818 2428 874 κατὰ
2464 819 2562 883 τὰς
2600 819 2925 892 Ἐκκλησίας
2963 819 3295 884 διδάσκαλοι,
3325 820 3630 876 δείκνυνται
3664 824 3801 894 ἄχρι

2207 914 2390 985 γήρως
2427 912 2492 967 τά
2530 913 2798 984 Ἐλλήνων
2838 912 3199 984 ἀσκούμενοιο
3233 913 3393 967 τοῦτο
3433 915 3531 984 μὲν
3554 914 3801 984 εὐγλωτ-

532 1020 731 1063 rentres
760 1007 898 1078 pigri
926 1007 995 1072 ",
1024 1005 1130 1061 nisi
1163 1004 1308 1075 quod
1336 1004 1675 1075 Epimenidis
1692 1002 1973 1058 Cretensis
2004 1002 2111 1057 ini-

2216 1004 2329 1068 τίας
2356 1004 2515 1075 χάριν
2542 1004 2637 1057 καὶ
2662 1005 2967 1074 γυμνασίας
2991 1004 3084 1058 τοῦ
3106 1003 3196 1059 νοῦ
3222 1020 3237 1034 ’
3265 1005 3423 1059 τοῦτο
3442 1005 3518 1071 δὲ,
3545 1008 3639 1060 καὶ
3656 1008 3799 1079 πρὸς

532 1098 749 1153 tiatoris
784 1097 1008 1152 oracula
1056 1096 1303 1168 legerat?
1347 1097 1454 1148 Aut
1482 1096 1628 1150 unde
1670 1093 1816 1151 istud
1843 1102 2070 1149 noverat
2095 1109 2111 1125 ο

2216 1094 2310 1164 τὴν
2349 1091 2527 1147 αὐτῶν
2560 1091 2781 1146 ἐκείνων
2808 1095 3181 1160 κατάγνωσιν,
3207 1092 3336 1165 περὶ
3366 1086 3440 1147 ὧν
3470 1093 3801 1165 ἀπεσφάλη-

533 1186 691 1241 Illius
717 1188 857 1241 enim.
898 1195 950 1240 et
985 1203 1147 1257 genus
1175 1202 1354 1241 sumus
1381 1174 1588 1250 "(nisi
1621 1186 1775 1240 Arati
1806 1188 2108 1241 astronomi

2217 1202 2333 1239 σαν.
2359 1182 2541 1238 Ταῦτα
2570 1184 2668 1255 μὲν
2698 1179 2790 1238 οὖν
2809 1182 2993 1236 ἕνεκεν
3015 1184 3123 1238 τῶν
3166 1183 3556 1245 Ἀπολιναρίων
3588 1180 3700 1240 οἷόν
3732 1202 3796 1240 τε

533 1276 891 1332 Ρὶιαιιιοιῐιοιιο
935 1277 1256 1333 didicisset?
1303 1278 1406 1333 Sed
1436 1287 1489 1333 et
1533 1278 1689 1343 illud,
1732 1278 1905 1333 Bonos
1940 1293 2115 1331 mures

2217 1275 2475 1347 εἰρήσθω.

533 1380 875 1440 corrumpunt
904 1370 1164 1441 colloquia
1200 1386 1364 1439 prava
1389 1372 1460 1436 ⁷⁸,
1504 1376 1640 1428 satis
1672 1373 1948 1437 ostendit,
1984 1373 2136 1426 illum
2175 1367 2456 1440 Euripidis
2477 1368 2899 1447 Tragmdia'rum
2925 1384 3036 1425 non
3062 1369 3315 1441 ignarum
3356 1369 3550 1427 fuisse.
3589 1370 3797 1427 Verum

530 1462 659 1531 quid
701 1478 841 1533 opus
882 1470 969 1519 est
1012 1464 1367 1533 prolixiorem
1415 1464 1483 1519 de
1534 1465 1639 1519 bac
1697 1480 1757 1520 re
1797 1466 2107 1520 sermonem
2147 1463 2483 1519 contexere?
2518 1460 2732 1519 Etenim
2773 1462 2887 1533 jam
2922 1462 3047 1519 inde
3102 1478 3134 1518 a
3172 1463 3372 1533 priscis
3412 1466 3795 1534 temporibus,

534 1560 794 1621 tanquam
835 1567 901 1605 ex
950 1552 1144 1607 inclita
1182 1554 1419 1623 quadam
1448 1556 1882 1620 consuetudine,
1920 1553 2291 1611 Ecclesiarum
2323 1542 2580 1610 doctores
2608 1555 2664 1610 in
2727 1553 3041 1609 Graecorum
3109 1553 3415 1626 disciplinis
3480 1557 3547 1611 ad
3610 1566 3798 1614 extre-

535 1653 685 1694 mam
720 1656 897 1710 usque
931 1650 1270 1698 senectutem
1306 1658 1429 1700 sese
1455 1644 1771 1701 exercuisse
1800 1643 2334 1717 deprehenduntur;
2371 1644 2539 1714 idque
2568 1644 2767 1715 partim
2836 1645 3164 1717 eloquentiae
3231 1654 3287 1702 et
3356 1646 3559 1716 ingenii
3627 1662 3801 1704 exeo-

534 1732 676 1786 lendi
705 1747 896 1798 causa,
948 1737 1145 1804 partim
1182 1745 1241 1791 ut
1282 1752 1346 1792 ea
1388 1739 1505 1807 ipsa
1552 1740 1949 1793 convincerent
2009 1739 2066 1793 in
2106 1738 2308 1810 quibus
2355 1737 2531 1794 Graeci
2596 1753 2627 1793 a
2673 1737 2901 1794 veritate
2961 1739 3377 1795 aberravcrant.
3427 1739 3607 1810 Atque
3672 1741 3796 1795 haec

535 1825 929 1894 Apollinarium
976 1830 1155 1899 gratia
1195 1845 1225 1883 a
1264 1831 1426 1885 nobis
1468 1847 1567 1901 pro
1595 1840 1755 1902 captu
1787 1841 1978 1887 nostro
2007 1831 2157 1887 dicta
2192 1833 2324 1888 sint.

1152 1923 1304 1978 CAP.
1339 1923 1504 1979 XVII.

534 2010 808 2078 Quomodo
840 2014 1130 2081 imperator
1165 2022 1349 2068 contra
1386 2015 1578 2070 Persas
1603 2014 1987 2079 expeditionem
2012 2031 2108 2084 pa-

601 2099 750 2146 rans,
775 2098 895 2135 cum
924 2088 989 2136 ab
1017 2084 1455 2138 Antiochensibus
1487 2087 1694 2139 derisus
1717 2097 1871 2148 esset,
1905 2087 2110 2140 oratio-

602 2169 716 2206 nem
733 2169 854 2222 qua:
870 2152 1176 2223 Misopogon
1194 2155 1521 2219 inscribitur,
1546 2155 1796 2209 adversus
1817 2171 1905 2211 eos
1920 2156 2106 2211 edidit.

603 2240 816 2296 Interea
853 2243 1158 2313 imperator
1180 2258 1304 2298 cum
1338 2259 1590 2314 magnam
1634 2246 1884 2315 pecuniae
1925 2245 2038 2299 vim
2076 2259 2109 2299 a

535 2331 870 2389 Christianis
920 2334 1272 2398 corrasisset,
1309 2342 1503 2388 contra
1546 2334 1747 2391 Persas
1784 2350 2107 2407 properans,

536 2421 882 2478 Antiochiam
915 2422 1091 2495 Syriae
1128 2425 1414 2495 ingressus
1447 2433 1554 2481 est.
1585 2425 1643 2481 In
1673 2441 1780 2497 qua
1809 2426 1940 2481 dum
1989 2440 2112 2481 mo-

536 2524 710 2580 ratur,
759 2516 947 2586 gloriae
984 2515 1224 2571 studium
1257 2532 1369 2587 quo
1424 2515 1721 2587 ﬂagrabat,
1754 2519 2114 2576 Antiocbeuis

535 2606 697 2662 etiam
720 2608 909 2664 volens
945 2607 1253 2672 ostendere,
1270 2608 1444 2679 pretia
1478 2624 1661 2663 rerum
1690 2609 1961 2665 venalium
1989 2610 2115 2680 plus

535 2714 692 2770 aequo
724 2700 1021 2764 imminuit,
1060 2700 1209 2755 nulla
1232 2701 1497 2771 temporis
1518 2702 1735 2756 ratione
1767 2701 1987 2769 habita;
2014 2717 2116 2758 nec

535 2794 670 2848 illud
701 2793 889 2849 animo
910 2802 1196 2863 reputans,
1218 2794 1566 2863 prwsentiam
1591 2795 1872 2850 numerosi
1901 2796 2116 2850 exerci-

536 2894 629 2940 tus
666 2885 983 2939 necessario
1014 2883 1275 2938 damnum
1325 2884 1531 2939 inferre
1566 2885 2019 2954 provincialibus,
2059 2894 2115 2940 et

536 2990 720 3030 rerum
751 2974 1188 3030 necessariarum
1222 2962 1618 3029 abundantiam
1640 2976 1960 3031 civitatibus
1992 2976 2112 3031 adi-

538 3082 708 3123 mere.
747 3065 934 3136 Itaque
979 3066 1240 3121 coeioues
1288 3075 1343 3120 et
1385 3064 1725 3129 dardanarii,
1759 3066 2112 3136 dispendium

539 3157 684 3229 quod
710 3173 776 3212 ex
808 3157 1156 3226 imperatoris
1186 3166 1459 3228 praecepto
1487 3157 1591 3212 sibi
1622 3159 1949 3229 contigerat,
1971 3174 2115 3230 aegre

2812 1927 3063 1982 ΚΕΦΑΛ.
3096 1930 3196 1984 IZ'.

2221 2018 2319 2085 Ὠς
2341 2020 2375 2074 ό
2392 2018 2694 2090 βασιλεὺς
2721 2020 2809 2084 εἰς
2839 2018 3074 2088 Πέρσας
3101 2022 3345 2090 μέλλων
3370 2021 3673 2086 ἐλαύνειν,
3694 2022 3798 2077 καὶ

2278 2090 2351 2162 ἐν
2387 2088 2719 2162 Ἀντιοχείᾳ
2751 2088 3440 2162 γενόμξνοςζύίᾱῠών
3468 2094 3794 2162 σκωφθεὶς,

2279 2160 2391 2213 τὸν
2426 2159 2837 2229 Μισοπώγωνα
2868 2160 3054 2228 λόγον
3087 2161 3542 2229 προσεφώνησε.

2291 2249 2351 2304 '0
2388 2248 2570 2320 μέντοι
2626 2249 2878 2320 βασιλεὺς
2914 2250 3139 2303 πλεῖστα
3185 2251 3250 2304 ἐκ
3294 2251 3403 2307 τῶν
3449 2252 3796 2325 Χριστιανῶν

2209 2343 2578 2412 κομισάμενος
2623 2343 2901 2413 χρήματα,
2932 2342 3027 2396 ἐπὶ
3057 2342 3271 2413 Πέρσας
3313 2360 3372 2397 τε
3421 2344 3519 2415 τὴν
3557 2346 3799 2418 σπουδὴν

2213 2430 2554 2503 ποιούμενος,
2583 2431 2683 2500 τὴν
2714 2434 2772 2485 ἐν
2804 2432 2973 2504 Συρίᾳ
3004 2431 3410 2502 καταλαμϐάνει
3443 2433 3796 2504 Ἀντιόχειαν.
3840 2458 3847 2463 ι

2226 2516 2375 2594 Ἑνῇ
2431 2522 2741 2593 γενόμενος,
2772 2521 2833 2575 τὸ
2869 2523 3070 2592 προσόν
3110 2538 3171 2575 τε
3212 2522 3360 2593 αύτῷ
3382 2523 3657 2593 φιλότιμον
3698 2526 3801 2579 καὶ

2226 2613 2587 2683 Ἀντιοχεῦσιν
2639 2613 2903 2680 ἐπιδεῖξαι
2951 2613 3297 2685 βουλόμενος,
3322 2614 3419 2677 τὰς
3469 2616 3636 2685 τιμὰς
3686 2616 3801 2669 τῶν

2212 2704 2390 2759 ὠνίων
2416 2716 2439 2745 ο
2472 2706 2632 2759 πλέον
2670 2705 2703 2776 ἢ
2742 2705 2845 2758 ἔδει
2868 2745 2884 2769 ,
2925 2706 3005 2769 είς
3053 2705 3272 2759 ἔλαττον
3321 2706 3646 2761 κατεϐίϐασε
3667 2745 3683 2772 ,
3718 2707 3800 2779 μὴ

2216 2797 2617 2869 στοχασάμενος
2667 2796 2762 2850 τοῦ
2813 2796 3009 2868 καιροῦ
3053 2811 3068 2829 ·
3110 2796 3245 2868 μηδέ
3301 2797 3689 2869 λογισάμενος,
3717 2798 3802 2863 ὡς

2216 2887 2488 2958 παρουσία
2519 2886 2886 2957 πολυπληθίας
2930 2887 3327 2957 στρατοπέδου,
3357 2890 3470 2951 τοῖς
3523 2904 3583 2941 τε
3624 2889 3804 2960 ἐπαρ-

2213 2979 2436 3049 χιώταις
2469 2978 2775 3048 ἐξανάγκης
2811 2978 2981 3049 ζημία
3018 2978 3253 3048 γίνεται,
3291 2979 3385 3032 κα)⁵
3411 2981 3511 3051 τὴν
3534 2978 3803 3048 ἀφθονίαν

2215 3070 2469 3124 ἐκκόπτει
2507 3070 2615 3123 τῶν
2643 3071 2870 3125 πόλεων.
2899 3071 3099 3141 Διόπερ
3136 3070 3187 3123 οί
3221 3069 3666 3142 μεταϐολάςωῗ)
3700 3071 3805 3124 καὶ

2214 3165 2263 3216 οἱ
2305 3163 2415 3215 τῶν
2462 3162 2637 3217 ὠνίων
2668 3163 2938 3233 κάπηλοι,
2975 3162 3049 3233 μὴ
3082 3162 3393 3231 ἐνεγκόντες
3437 3162 3536 3232 τὴν
3589 3163 3654 3215 ἐκ
3701 3162 3804 3216 τοῦ

539 3251 797 3313 ferentes,
834 3264 865 3303 a
897 3250 1273 3317 negotiatione
1303 3250 1566 3321 deinceps
1598 3251 1952 3307 abstiterunt.
1978 3251 2116 3309 IIinc

2221 3253 2497 3324 βασιλικοῦ
2547 3257 2970 3325 προστάγματος
3013 3252 3238 3324 ζημίαν.
3260 3255 3357 3324 τῆς
3379 3253 3645 3324 ἐμπορίας
3675 3254 3804 3307 τότε

538 3340 744 3397 factum
775 3351 862 3398 est
899 3350 959 3397 ut
994 3357 1212 3397 annona
1262 3343 1319 3397 in
1362 3343 1480 3397 foro
1514 3343 1790 3398 deﬁceret.
1825 3342 1997 3410 Quem
2025 3358 2117 3399 ca.

540 3449 662 3489 sum
691 3449 800 3489 nou
838 3434 1080 3491 ferentes
1102 3433 1264 3506 194
1284 3435 1631 3499 Antiocheni,
1652 3435 1907 3489 homines
1923 3445 2118 3505 suopte

538 3524 758 3595 ingenio
796 3528 954 3596 proni
988 3525 1054 3580 ad
1086 3526 1512 3581 conviciandqu
1536 3565 1551 3591 ,
1589 3527 1710 3581 sine
1736 3540 1891 3580 mora
1924 3526 1978 3580 in
2023 3526 2119 3579 im-

539 3627 852 3689 peratorem
889 3620 1068 3689 ipsum
1095 3627 1417 3689 erumpunt,
1445 3627 1500 3673 et
1529 3619 1795 3674 adversus
1827 3618 1982 3672 illum
2015 3634 2115 3672 vo-

540 3709 863 3764 eilerantur.
886 3708 947 3762 Et
973 3710 1025 3762 in
1045 3709 1270 3763 barbam
1297 3708 1420 3777 ejus
1439 3708 1766 3763 cavillantes
1796 3710 1937 3776 (erat
1966 3708 2112 3762 enim

542 3802 633 3858 ille
664 3802 963 3873 prolixiore
995 3801 1216 3873 barba),
1239 3801 1574 3856 tondendam
1598 3816 1725 3856 esse
1747 3800 2027 3863 dicebant,
2061 3808 2117 3855 et

611 3941 659 3973 ⁷³
683 3939 792 3997 Tit.
816 3956 857 4006 ι,
905 3940 994 3995 η.
1066 3939 1113 3971 ⁷⁸
1146 3939 1268 3998 Act.
1299 3956 1436 4006 xvu,
1491 3940 1587 3996 28.
1668 3939 1712 3973 ⁷⁸
1750 3940 1769 3995 I
1799 3938 1928 3995 Cor.
1963 3956 2033 3993 xv
2056 3978 2071 4002 ,
2100 3939 2192 3996 33.

2215 3344 2537 3416 ἀπέσχοντο.
2582 3346 2676 3398 Ἐκ
2722 3344 2779 3397 δέ
2820 3344 3033 3406 τούτου,
3056 3343 3125 3397 τά
3147 3343 3282 3397 ὤνια
3312 3344 3655 3397 ἀπελείπετο.
3687 3346 3807 3399 Καὶ

2214 3436 2311 3507 τὴν
2345 3436 2655 3508 προσϐολὴν
2687 3435 2764 3506 μὴ
2798 3435 3114 3503 ἐνεγκόντες
3134 3436 3184 3488 οί
3235 3437 3557 3506 Ἀντιοχεῖς⁸
3581 3436 3805 3507 εύρίπι-

2214 3543 2330 3581 στοι
2356 3527 2463 3597 γὰρ
2490 3528 2540 3580 oi
2576 3526 2853 3598 ἄνθρωποι
2902 3528 2980 3589 είς
3020 3524 3208 3597 ὕϐρεις
3241 3543 3256 3558 ⁸
3295 3527 3369 3599 μὴ
3410 3526 3802 3597 μελλήσαντες,

2212 3617 2355 3672 κατὰ
2387 3616 2483 3672 τοῦ
2532 3617 2796 3687 βασιλέως
2843 3617 3164 3687 ἐχώρησαν
3200 3616 3475 3669 κατεϐόων
3512 3632 3569 3668 τε
3610 3615 3805 3701 αὐτοῦν

2212 3710 2308 3764 καὶ
2362 3707 2729 3763 ἀπέσκωπτον
2758 3710 2837 3773 είς
2873 3707 2963 3762 τδν
2997 3707 3234 3775 πώγωνα
3257 3725 3271 3740 ο
3302 3708 3648 3778 βαθυγένειος
3688 3708 3805 3777 γὰρ

2210 3797 2310 3874 ἦν·
2340 3801 2545 3874 κείρειν
2584 3818 2647 3855 τε
2678 3801 2864 3870 ελεγον
2915 3800 3104 3854 τοῦτον
3131 3799 3159 3839 ά
3192 3801 3286 3854 καὶ
3324 3800 3530 3871 σχοινία
3573 3800 3805 3854 πλέκειν

1765 4057 2046 4116 VALESII
2082 4054 2645 4115 ANNOTATIONES.

541 4154 827 4228 γματώδη.
863 4154 990 4213 IIazc
1019 4156 1189 4281 ilgitur
1225 4154 1452 4210 oracula
1481 4153 1593 4210 dici
1647 4164 1905 4226 possunt.
1959 4154 2123 4212 Certe

544 4226 892 4295 Epimenides
920 4228 1005 4283 vir
1058 4229 1137 4280 uit
1158 4227 1549 4282 lustrationum
1571 4235 1626 4281 et
1640 4226 2120 4281 consecrationum

547 4299 937 4365 peritissimus.
1002 4297 1150 4354 Usus
1213 4304 1299 4353 est
1354 4306 1537 4351 autem
1601 4296 1657 4351 iu
1698 4296 2125 4351 lustrationibus

544 4367 821 4437 praecipue
853 4369 1033 4422 scilla.
1073 4366 1259 4433 Quare
1289 4375 1345 4422 et
1385 4368 1560 4421 scillae
1608 4368 1857 4437 quaedam
1904 4365 2124 4437 ,spccies

543 4436 614 4506 ab
644 4437 765 4506 ejus
803 4438 1029 4491 nomine
1073 4437 1435 4506 ὲπιμενίδειος
1480 4436 1651 4491 dicta.
1709 4436 2124 4506 Theophrastus

545 4503 783 4576 inlibro
803 4520 900 4566 νιι.
926 4521 1049 4576 cap.
1083 4505 1150 4558 10
1175 4503 1191 4556 Ξ
1222 4504 1507 4576 Ἐόῴδιμοι
1530 4506 1721 4576 γὰρού
1755 4503 1916 4576 μόνον
1944 4506 2123 4576 βόλϐοι

544 4572 639 4643 καὶ
670 4574 739 4626 τά
771 4575 933 4643 ὅμοια
961 4574 1194 4636 τούτοις,
1221 4573 1359 4626 ἀλλὰ
1382 4577 1477 4626 καὶ
1506 4572 1660 4643 ητοῦ
1676 4572 1994 4642 ἀσφοδέλου.
2028 4576 2124 4628 καὶ

544 4592 639 4625 και
670 4592 739 4626 τα
771 4592 799 4626 ο
845 4592 933 4628 οια
961 4592 1194 4636 τούτοις,
1221 4592 1359 4626 αλια
1382 4592 1477 4626 και
1506 4592 1541 4643 η
1564 4592 1660 4628 του
1676 4592 1994 4642 ασφοοελου.
2028 4592 2118 4628 και

544 4642 644 4714 τῆς
683 4592 909 4714 σκίλςης
937 4660 949 4674 ⁸
985 4643 1123 4714 πλὴν
1152 4644 1214 4714 οὐ
1235 4643 1454 4714 πάσης,
1480 4643 1616 4714 ἀλλᾲ
1647 4643 1711 4696 τὸ
1753 4645 2118 4714 ἐπιμενιδείου

543 4710 711 4764 καλου
762 4710 908 4782 ἐνης,
930 4713 1049 4783 ἦτις
1070 4710 1179 4767 ἀπὸ
1196 4712 1295 4781 τῆς
1335 4710 1607 4780 ,ρήσεωςε
1648 4729 1697 4765 ει
1726 4712 1824 4783 τὴν
1844 4710 1884 4767 ἅτ
1953 4730 2121 4783 σηγο-

544 4781 688 4835 οίαν.
720 4730 865 4835 ἵῙΙίιιο
908 4792 1137 4835 auoaret
1183 4798 1282 4835 cur
1315 4730 1574 4835 Socrates
1613 4730 1999 4835 ﬁuitueniifgm
2033 4797 2121 4835 vo-

544 4781 688 4852 ρίαν.
725 4781 865 4836 Hinc
908 4781 1137 4852 apparet
1183 4798 1282 4852 cur
1316 4781 1574 4836 Socrates
1616 4781 2124 4850 ’Epim‘enidem‘vo.

543 4850 683 4923 earit
715 4852 886 4923 ἄνδρα
909 4850 1190 4923 τελεστήν,
1226 4850 1280 4907 id
1309 4862 1392 4908 est
1418 4861 1860 4923 consecratorcm
1886 4867 1983 4909 seu
2015 4853 2124 4908 ini-

544 4922 816 4981 tiatorem,
848 4937 957 4975 non
998 4934 1058 4978 ut
1092 4922 1374 4979 MuSculus
1400 4923 1586 4987 vertit,
1616 4922 1907 4976 initiatum.

615 4991 727 5062 (67)
750 4993 962 5063 Διόπερ
988 4996 1044 5048 ot
1065 4992 1435 5063 μεταϐολεῖς.
1470 4992 1548 5046 Ita
1596 4991 1772 5048 Graeci
1803 4998 2002 5047 vocant
2037 4992 2119 5046 vi-

541 5060 632 5117 les
661 5060 727 5117 ac
756 5062 999 5119 minutos
1031 5060 1388 5130 mercatores,
1418 5078 1485 5120 eo
1501 5063 1649 5134 quod
1674 5074 1887 5118 merces
1907 5063 2113 5134 exiguo

2156 4562 2198 4616 Ῑ)
2227 4575 2438 4629 Glosszc
2466 4573 2624 4626 cocio

2224 4155 2407 4227 pretio
2435 4158 2798 4227 commutent.
2829 4150 3206 4227 Μεταϐάλλειν
3232 4150 3378 4227 enim
3410 4158 3495 4227 est
3536 4152 3801 4227 mercari,

2224 4220 2278 4281 et
2298 4223 2567 4296 μεταϐολῂ
2597 4230 2930 4296 mercatura.
2971 4232 3029 4275 ut
3049 4220 3428 4296 docetgPollux
3461 4222 3516 4275 in
3540 4221 3685 4296 libro
3714 4238 3804 4288 tu,

2224 4290 2350 4365 cap.
2375 4294 2469 4349 25.
2495 4290 2635 4347 Ili'nc
2662 4291 2994 4365 παλίμϐολος
3023 4292 3151 4365 olim
3181 4290 3361 4365 dictus
3386 4300 3492 4365 est.
3528 4294 3625 4365 qui
3655 4308 3730 4347 sm

2227 4360 2493 4445 auctione
2535 4360 3048 4445 venditusduera't':
3086 4363 3114 4415 ό
3168 4360 3426 4445 πολλάκις
3447 4361 3543 4445 ἐπ’
3583 4360 3805 4445 ἐμπολῇ

2232 4433 2730 4507 μεταϐεϐλημένος,
2763 4440 2821 4486 ut
2857 4432 2933 4486 ait
2981 4430 3400 4507 Harpocration.
3427 4432 3551 4507 _Eos
3618 4430 3805 4507 Latini

2227 4501 2487 4561 cocioues
2532 4501 2795 4556 dixerunt
2845 4508 2900 4555 et
2959 4503 3244 4557 arilatores
3286 4518 3349 4556 ac
3409 4501 3803 4558 dardanarios.

2658 4570 3014 4643 μεταϐολεύςἶ
3048 4570 3180 4625 Item
3216 4572 3338 4627 aliae
3382 4573 3582 4641 glossa:
3629 4589 3808 4643 μετα-

2223 4644 2436 4708 ϐολεὺς,
2464 4642 2843 4712 μεταπράτης,
2880 4641 3268 4712 dardanarius,
3309 4644 3573 4705 cociator,
3628 4641 3806 4695 arilao

2223 4722 2329 4769 tor.
2350 4710 2839 4781 Nicephorusvero
2864 4710 3308 4781 παλινκαπήλους
3335 4712 3493 4775 dixit,
3522 4727 3666 4781 quos
3696 4714 3808 4765 So-

2222 4793 2406 4839 crates
2449 4777 2607 4836 vocat
2660 4779 2996 4851 μεταϐολάς.
3038 4777 3177 4834 Sunt
3225 4790 3405 4835 autem
3451 4777 3809 4851 παλινκάπη-

2223 4854 2338 4918 λοι,
2393 4853 2508 4923 qui'
2547 4850 3199 4923 Latiiie__reveuditores_,
3236 4857 3291 4904 et
3328 4852 3664 4923 regirattarii
3701 4865 3808 4904 vo-

2228 4919 2448 4989 cantur,
2478 4921 2671 4990 quales
2701 4920 2831 4981 olim
2862 4926 3020 4990 erant
3047 4919 3386 4975 dardanarii.
3413 4919 3626 4976 Glossa:
3650 4930 3811 4975 vete-

2225 5009 2315 5049 res
2344 4988 2773 5061 παλινκάπηλος,
2800 4988 3183 5045 dardanarius.

1956 5199 2267 5259 VARIORU
2279 5200 2349 5258 Μ.

622 5304 645 5335 ε
678 5292 787 5360 Τὰς
824 5292 995 5364 τιμὰς
1018 5292 1142 5348 τῶν
1161 5293 1370 5348 ὠνίων.
1404 5292 1792 5364 Popularitatis
1831 5310 2009 5348 amore
2034 5294 2108 5347 vi-

544 5367 684 5421 litati
751 5362 990 5418 studebat
1028 5365 1289 5418 venalium
1331 5362 1527 5429 rerum,
1583 5380 1699 5435 qua:
1731 5379 2107 5433 nonnunquam

541 5452 689 5491 secus
745 5450 903 5505 quam
961 5436 1199 5489 convenit
1255 5435 1525 5495 ordinata.
1578 5435 1847 5505 inopiant
1894 5436 2106 5505 gignere

540 5508 672 5561 solet
720 5504 769 5558 et
822 5504 1038 5575 famem,
1088 5506 1275 5575 inquit
1323 5505 1788 5575 AmtnnMarceil.
1842 5504 1936 5559 lib.
1968 5519 2105 5575 xx",

540 5591 663 5647 cap.
703 5577 789 5630 Μ.
844 5574 900 5631 Id
945 5576 1092 5648 quod
1125 5573 1326 5632 accidit
1376 5575 1478 5630 sub
1508 5574 1825 5639 Commodo,
1860 5584 1921 5629 ut
1953 5573 2020 5630 de
2048 5588 2116 5630 eo

2216 5300 2450 5349 testatur
2494 5288 2870 5360 Lampridius.
2920 5287 3045 5355 Ipse
3086 5286 3243 5356 vero,
3292 5289 3491 5360 inquit,
3541 5288 3801 5344 circulum

2214 5380 2433 5418 aureum
2460 5359 2902 5418 Comniodianurn
2936 5359 3146 5413 nomine
3168 5359 3512 5423 assimulans,
3541 5361 3806 5414 vilitatem

2214 5435 2511 5503 proposuit,
2546 5446 2611 5486 ea:
2647 5447 2753 5501 qua
2786 5428 3045 5503 majorem
3066 5438 3251 5503 postea
3272 5431 3552 5503 penuriam
3577 5429 3725 5499 fecit.

2282 5497 2325 5543 δ’
2374 5504 2599 5572 Κείρειν
2660 5497 2733 5572 τε
3068 5497 3312 5554 τοῦτον.
3378 5497 3672 5554 Ridebatur
3739 5506 3805 5554 ut

2222 5569 2644 5644 cercopsﬂiomo
2678 5570 2868 5635 brevis,
2917 5569 3162 5633 humeros
3190 5577 3467 5626 extentans
3519 5577 3800 5640 angustos.
