4070 6204
528 272 632 343 ‘2‘!

1135 397 1288 454 CAP.
1332 395 1471 452 XIX.

625 516 704 572 De
733 515 1068 584 imperatoris
1100 514 1204 579 ira,
1237 522 1284 567 et
1313 511 1377 566 de
1408 510 1678 566 Theodoro
1709 509 2034 580 conlusore.

597 664 753 721 Tunc
788 680 918 719 vero
963 662 1316 734 imperatoris
1355 661 1740 717 malevolentia
1775 676 1938 732 quam
1973 659 2096 715 hac-

527 766 690 812 tenus
737 755 1010 808 occultam
1045 761 1322 820 tenuerat,
1361 751 1621 807 omnibus
1669 752 1940 822 patefacta
1996 759 2100 806 est.

525 846 662 902 Nam
696 847 787 917 qui
811 847 962 916 prius
995 845 1387 915 philosophum
1416 860 1476 900 se
1497 845 1902 915 essejaetabat,
1929 843 2106 898 conti-

525 955 658 996 nere
690 954 748 995 se
786 939 1024 1008 amplius
1048 953 1157 990 non
1190 935 1392 1007 potuit.
1427 933 1536 992 Sed
1564 937 1782 991 illorum
1820 950 1962 1006 quos
1992 935 2104 989 dixi

525 1033 862 1104 psalmorum
913 1028 1129 1100 probris
1163 1028 1324 1083 facile
1370 1026 1440 1081 ad
1484 1027 1830 1082 iracundiam
1859 1027 2106 1081 concita-

526 1133 638 1188 tus,
667 1139 729 1178 ea
759 1121 1089 1177 Christianis
1123 1119 1392 1190 supplicia
1418 1120 1650 1190 parabat
1676 1117 1946 1189 inﬂigere,
1983 1133 2105 1189 quae

526 1218 654 1273 olim
687 1214 1064 1270 Diocletianus
1100 1212 1166 1268 iis
1205 1211 1501 1267 inﬂixerat.
1540 1209 1645 1266 Sed
1672 1210 1933 1282 quoniam
1970 1225 2103 1264 cura

525 1324 586 1364 ac
629 1307 945 1364 sollicitudo
983 1304 1358 1376 expeditionis
1405 1303 1676 1359 Parthicae
1713 1318 1914 1360 vacare
1949 1305 2102 1358 illum

525 1401 653 1454 huic
688 1398 908 1470 negotio
940 1412 1048 1452 non
1081 1396 1321 1461 sinebat,
1361 1395 1626 1451 Sallustio
1672 1395 1932 1466 praefecto
1957 1411 2102 1466 prse-

525 1493 650 1548 torii
684 1491 989 1555 mandavit,
1013 1497 1075 1544 ut
1097 1505 1194 1545 eos
1221 1490 1315 1559 qui
1342 1488 1395 1543 in
1423 1488 1651 1558 psalmis
1673 1487 1940 1544 canendis
1964 1502 2105 1559 prae.

524 1585 744 1656 cipuum
785 1583 1029 1640 studium
1067 1581 1432 1652 ardoremque
1475 1581 1645 1636 animi
1696 1581 2102 1648 declarassem,

522 1678 589 1732 ad
623 1675 957 1748 supplicium
989 1681 1226 1745 raperet.
1252 1671 1556 1728 Praefectus
1587 1687 1718 1728 vero
1738 1673 1994 1744 quamvis
2027 1689 2099 1728 re-

1989 271 2332 330 SOCRATIS

3671 261 3780 319 428

2795 390 3042 443 ΚΕΦᾹΑ.
3080 389 3179 442 ιϐ’.

2204 489 2341 556 Περὶ
2372 485 2476 555 τῆς
2499 485 2604 540 τοῦ
2631 485 2939 556 ,βασιλέως
2961 480 3164 552 ὀργῆς,
3189 481 3286 556 καί
3317 479 3448 550 περὶ
3482 475 3786 546 Θεοδώρου

2734 553 2842 608 τοῦ
2881 552 3273 624 όμολογητοῡ.

2276 669 2410 724 Τότε
2458 667 2523 741 δὴ
2581 668 2676 722 καὶ
2707 666 2770 720 τὸ
2816 665 3192 737 κρυπτόμενον
3224 659 3352 736 ἦθος
3392 662 3486 718 τοῦ
3526 659 3788 733 βασιλέως

2204 761 2548 833 ἐξηλέγχετο.
2584 761 2660 814 Οὐ
2690 759 2801 830 γὰρ
2849 758 2929 812 ἐτι
2983 761 3234 827 κατεῖχεν
3281 755 3500 822 ἑαυτοῦ,
3534 757 3563 808 6
3597 753 3791 826 πρώην

2207 853 2513 924 φιλοσοφεῖν
2562 849 3054 921 ἐπαγγελλόμενος.
3097 848 3236 901 Ἀλλ’
3259 850 3324 902 ὲκ
3355 847 3465 901 τῶν
3511 846 3791 900 ὀνειδιστι-

2203 944 2316 997 κῶν
2348 941 2554 1014 ὓμνων,
2590 941 2941 1012 εύέμπτωτος
2974 935 3042 1009 ἦν
3067 938 3146 1003 είς
3174 938 3366 1008 ὀργὴν,
3389 935 3606 1007 ἕτοιμός
3634 952 3696 986 τε
3721 929 3793 1005 ἦν

2202 1033 2379 1090 ταῦτα
2399 1035 2572 1087 ποιεῖν
2603 1035 2712 1096 τοῖς
2733 1033 3102 1104 Χριστιανοῖς,
3135 1024 3220 1083 οἷα
3243 1031 3294 1082 οἱ
3327 1045 3393 1080 πε
3404 1027 3456 1100 pi.
3474 1025 3793 1095 Διοκλητια-

2203 1123 2292 1179 νδν
2318 1124 2581 1196 πρότερον
2609 1123 3022 1194 πεποιήκεισαν.
3063 1121 3216 1174 Ἐπε)⁸
3245 1121 3303 1173 δὲ
3326 1121 3360 1192 ή
3398 1119 3539 1172 κατὰ
3563 1117 3794 1189 Περσῶν

2205 1215 2413 1288 σπουδὴ
2451 1215 2512 1269 ού
2544 1218 2774 1286 παρεῖχε
2805 1216 2874 1286 τῇ
2917 1213 3176 1285 προθέσει
3203 1212 3413 1285 καιρὸν,
3445 1211 3657 1266 κελεύει
3686 1212 3794 1264 Σα-

2204 1308 2436 1379 λουστίῳ
2469 1307 2547 1380 τῷ
2580 1309 2825 1380 ἐπάρχῳ,
2872 1307 3156 1362 συλλαϐεῖν
3183 1307 3276 1360 ἐπὶ
3306 1305 3368 1360 τὸ
3408 1304 3636 1358 κολάσαι
3663 1305 3794 1367 τοὺς

2207 1397 2442 1470 μάλιστα
2476 1397 2796 1460 σπουδαίους
2821 1397 2849 1436 ιι
2871 1395 2979 1450 τῶν
3007 1393 3331 1466 ψαλμῳδῶν.
3351 1393 3412 1446 '0
3444 1393 3501 1446 δὲ
3529 1391 3788 1462 ἔπαρχος,

2205 1489 2382 1542 καίτοι
2418 1487 2618 1559 Ἕλλην
2666 1487 2742 1541 ὢν
2769 1487 2869 1558 τὴν
2919 1487 3233 1559 θρησκείαν.
3269 1484 3330 1538 τδ
3381 1484 3477 1554 μὲν
3512 1482 3796 1551 ἐπίταγμα

2203 1581 2376 1651 ἡδέως
2405 1580 2506 1634 οὐκ
2559 1579 2792 1646 ἐδέξατο.
2842 1579 3164 1648 Ἀντιλέγειν
3213 1578 3270 1631 δὲ
3311 1577 3413 1630 οὐκ
3461 1576 3597 1646 έχων
3621 1615 3637 1639 ,
3671 1575 3795 1628 συλ-

2203 1671 2469 1742 λαμϐάνει
2527 1671 2625 1742 μὲν
2675 1670 2902 1736 πολλοὺς
2951 1670 3058 1724 τῶν
3089 1668 3466 1741 Χριστιανῶν,
3502 1666 3596 1720 καί
3641 1682 3795 1728 τινας

523 1768 728 1836 ligione
761 1767 994 1822 Gentilis
1021 1771 1191 1829 esset,
1216 1764 1536 1818 mandatum
1569 1774 1753 1819 tamen
1789 1764 1924 1819 illud
1955 1765 2103 1818 haud

2208 1763 2580 1834 δεσμωτήριον
2609 1765 2778 1816 οίκεῖν
2811 1760 3159 1833 προσέταξεν.
3199 1759 3334 1812 Ἕνα
3377 1757 3436 1811 δὲ
3487 1756 3795 1818 νεανίσκον,

523 1860 736 1917 lubenti
763 1859 956 1913 animo
983 1859 1248 1928 suscepit.
1287 1856 1492 1914 Verum
1525 1874 1651 1914 cum
1693 1857 1960 1928 refragari
2000 1857 2102 1928 ipsi

525 1967 634 2007 non
679 1951 903 2015 liceret,
947 1950 1151 2005 multos
1189 1948 1410 2019 quidem
1457 1947 1809 2005 Christianos
1848 1964 2103 2018 compre-

525 2042 727 2107 bendi,
770 2055 834 2096 ac
868 2040 1161 2096 nonnullos
1191 2053 1387 2095 eorum
1429 2039 1486 2094 in
1516 2053 1796 2096 carcerem
1827 2041 1972 2095 trudi
2012 2040 2104 2110 ju-

524 2133 634 2189 bet.
661 2130 843 2220 vuum
867 2147 998 2187 vero
1024 2148 1090 2186 ex
1112 2131 1220 2186 illis
1237 2131 1663 2197 adolescentem,
1687 2131 1906 2186 nomine
1926 2130 2102 2186 Theo-

524 2225 744 2286 dorum,
784 2223 879 2294 qui
909 2239 938 2277 a
968 2221 1282 2279 Gentilibus
1323 2223 1391 2278 ad
1428 2222 1608 2294 ipsum
1638 2225 1944 2294 perductus
1981 2223 2104 2278 fue-

524 2324 633 2381 rat,
670 2314 841 2370 variis
865 2314 1165 2370 tormentis
1196 2328 1259 2368 ac
1293 2313 1582 2384 suppliciis
1615 2313 1834 2370 aﬂecit:
1877 2324 2105 2384 totoque

524 2421 758 2476 corpore
791 2406 1024 2462 lacerari
1053 2409 1296 2476 jussum,
1327 2413 1460 2461 tunc
1480 2407 1698 2461 demum
1727 2406 1930 2461 dimitti
1967 2421 2105 2478 prte-

523 2501 690 2569 cepit,
725 2515 852 2554 cum
884 2499 975 2554 ille
1010 2515 1120 2553 non
1152 2500 1390 2570 amplius
1423 2488 1676 2556 victurus
1713 2514 1839 2555 esse
1877 2510 2102 2569 putare-

525 2599 636 2646 tur.
668 2590 867 2646 Verum
905 2591 1322 2661 Deusjuvenem
1350 2592 1610 2646 servavit.
1637 2590 1767 2647 Post
1786 2593 1932 2648 hanc
1953 2594 2101 2649 cnim

523 2684 930 2740 confessionem
985 2683 1296 2741 diutissime
1336 2685 1668 2756 supervixit.
1722 2682 1884 2740 Hunc
1921 2685 2104 2739 Theo-

524 2776 721 2830 dorum
757 2774 988 2832 Ruﬁnus
1023 2779 1115 2846 qui
1153 2775 1350 2832 Latino
1373 2791 1628 2834 sermone
1656 2776 2102 2832 Ecclesiastieam

523 2868 751 2938 scripsit
787 2869 1098 2932 historiam,
1133 2869 1299 2940 longo
1339 2878 1462 2939 post
1496 2877 1746 2938 tempore
1795 2869 2001 2924 vidisse
2045 2883 2106 2923 se

521 2957 660 3013 dicit
695 2957 762 3023 ⁷⁸,
794 2965 850 3012 et
887 2960 1153 3028 quaesisse
1185 2974 1250 3014 ex
1295 2973 1384 3022 eo,
1415 2973 1545 3012 num
1582 2959 1794 3014 interea
1822 2959 1950 3013 dum
1980 2973 2104 3013 ver-

522 3055 810 3104 berarettzr
851 3063 914 3104 ac
971 3057 1344 3120 torqueretur,
1385 3049 1774 3120 gravissimum
1829 3051 2103 3105 sensisset
2130 3082 2172 3139 Ο

522 3140 790 3194 dolorem.
835 3139 994 3194 illum
1038 3156 1172 3196 vero
1218 3141 1538 3208 aﬂirmasse,
1587 3142 1760 3196 levem
1807 3141 2100 3197 admodum

523 3230 734 3286 doloris
765 3247 990 3287 sensum
1027 3232 1133 3287 sibi
1181 3247 1246 3286 ex
1289 3236 1574 3289 tormentis
1615 3233 1889 3290 accidisse
1922 3253 1935 3289 :
1965 3235 2100 3289 asti-

523 3321 660 3376 tisse
687 3331 871 3376 autem
907 3321 1316 3378 adolescentem
1361 3324 1680 3394 quemdam,
1715 3325 1808 3396 qui
1841 3335 1896 3380 et
1929 3325 2100 3380 sudo-

521 3429 642 3470 rem
667 3431 734 3470 ex
765 3417 1074 3471 certamine
1105 3416 1472 3488 proﬂuentem
1503 3417 1848 3485 absterserit,
1885 3428 1941 3474 et
1979 3423 2100 3475 aui-

522 3521 675 3560 mum
705 3507 809 3562 sibi
840 3509 1270 3575 conﬁrmaverit,
1292 3517 1517 3581 totoque
1550 3509 1646 3564 illo
1677 3512 1942 3582 temporis
1970 3527 2092 3583 spa«

523 3598 603 3654 tio
626 3615 736 3670 quo
767 3606 946 3656 tortus
972 3607 1078 3666 est,
1115 3601 1240 3672 plus
1279 3602 1666 3658 oblectamenti
1699 3616 1864 3673 quam
1895 3603 2102 3660 laboris

522 3688 630 3757 ipsi
653 3689 996 3758 pmstiterit.
1018 3690 1141 3747 Haec
1157 3692 1226 3748 de
1245 3690 1552 3748 admirabili
1572 3691 1864 3749 Theodoro
1890 3693 2102 3751 dixisse

2206 1858 2429 1930 ὀνόματι
2488 1856 2792 1927 Θεόδωρον,
2821 1854 2971 1926 αύτῷ
3027 1853 3178 1926 παρὰ
3229 1851 3338 1906 τῶν
3380 1848 3798 1920 Ἐλληνιζόντων

2207 1950 2582 2023 προσαχθέντα
2607 1989 2622 2013 ,
2652 1949 2905 2020 βασάνοις
2955 1947 3050 2001 καὶ
3100 1945 3379 2017 διαφόροις
3415 1943 3797 2014 κολαστηρίοις

2207 2043 2501 2110 ὑπέϐαλλε,
2526 2040 2930 2111 καταξανθῆναι
2967 2039 3112 2094 κατὰ
3167 2037 3364 2101 παντὸς
3394 2034 3659 2098 κελεύσας
3702 2033 3798 2087 τοῦ

2207 2136 2489 2208 σώματος’
2531 2135 2626 2189 καὶ
2674 2133 2836 2188 αὐτὸν
2876 2132 2996 2186 τότε
3046 2130 3193 2202 ήφίει
3225 2129 3336 2183 τῶν
3390 2126 3674 2199 βασάνων,
3705 2127 3797 2180 ὅτε

2209 2229 2409 2298 μηκέτι
2457 2225 2720 2298 ζήσεσθαι
2753 2223 2912 2295 ᾤετο.
2949 2221 3110 2275 Ἀλλὰ
3161 2219 3292 2284 Θεὸς
3332 2213 3400 2290 ἦν
3427 2220 3454 2272 6
3484 2217 3673 2283 σώζων
3703 2216 3797 2268 τὸν
3884 2211 3891 2217 ’

2205 2321 2392 2392 ἄνδρα.
2438 2318 2672 2373 Ἐπεϐίω
2696 2317 2805 2388 γάρ
2833 2315 3025 2388 χρόνον
3077 2314 3193 2384 μετ’
3225 2311 3439 2384 ἐκείνην
3469 2310 3566 2381 τὴν
3604 2310 3800 2381 ὁμολοο

2207 2411 2333 2480 γίαν
2387 2407 2577 2463 πολύν.
2626 2408 2815 2478 Τούτῳ
2873 2405 2952 2476 τῷ
3003 2403 3282 2475 Θεοδώρῳ,
3343 2403 3618 2472 Ῥουφῖνος
3662 2401 3691 2452 6
3726 2400 3798 2469 τῇ

2217 2500 2505 2572 Ῥωμαίων
2539 2498 2760 2570 γλώσσῃ
2787 2498 2886 2570 τὴν
2923 2495 3378 2568 ὲκκλησιαστικὴν
3400 2495 3638 2567 ἱστορίαν
3665 2509 3800 2562 συγ-

2204 2593 2444 2666 γράψας,
2484 2593 2616 2664 φησὶ
2648 2591 2960 2663 μεταταῦτα
2988 2591 3164 2662 χρόνῳ
3197 2589 3423 2660 ὕστερον
3455 2587 3636 2658 πολλῷ
3663 2604 3797 2640 συν-

2205 2685 2588 2756 τετυχηκέναι,
2631 2684 2727 2738 καὶ
2773 2682 3152 2754 ήρωτηκέναι,
3201 2683 3252 2735 εί
3303 2681 3638 2752 τυπτόμενος
3698 2679 3798 2732 καὶ

2208 2775 2636 2848 στρεϐλούμενος
2689 2773 2954 2844 μεγίστης
2989 2773 3088 2843 τῆς
3139 2773 3334 2845 όδύνης
3366 2772 3648 2844 ᾐσθάνετο.
3688 2769 3796 2822 Τὸν

2204 2867 2262 2922 δὲ
2310 2867 2592 2938 εἰρηκέναι
2617 2905 2631 2929 ,
2661 2864 2921 2936 βραχεῖαν
2955 2865 3052 2934 μὲν
3103 2863 3254 2936 αύτῷ
3301 2863 3505 2935 σφόδρα
3537 2860 3796 2930 γενέσθαι

2203 2959 2304 3030 τὴν
2329 2960 2394 3013 ὲκ
2415 2959 2522 3013 τῶν
2554 2957 2804 3030 βασάνων
2825 2957 3017 3028 ὀδύνην
3037 2971 3050 2984 ·
3085 2956 3427 3026 παραστῆναι
3451 2955 3508 3008 δέ
3532 2970 3652 3008 τινα
3669 2971 3798 3006 νεα-

2205 3049 2410 3117 νίσκον,
2464 3053 2560 3103 καὶ
2597 3047 2936 3119 ἀπομάττειν
2985 3045 3150 3100 αὐτοῦ
3195 3047 3288 3100 τὸν
3325 3047 3390 3100 ὲκ
3439 3044 3536 3099 τοῦ
3585 3043 3799 3113 ἀγῶνος

2206 3142 2405 3214 ίδρῶτα
2440 3140 2840 3212 ὲπιγινόμενον,
2864 3138 3256 3211 ὲπιρῤωννύειν
3287 3156 3350 3192 τε
3380 3137 3544 3193 αὐτοῦ
3565 3137 3667 3209 τήν
3689 3135 3801 3206 ψυ-

2204 3235 2326 3308 χὴν,
2355 3234 2450 3286 καὶ
2475 3232 2536 3286 τέ
2545 3231 2670 3303 ρψιν
2692 3231 2841 3303 αύτῷ
2866 3231 3065 3302 μᾶλλον
3094 3230 3127 3302 ἦ
3151 3229 3338 3299 ἀγῶνα
3365 3228 3455 3282 τὸν
3484 3229 3677 3301 χρόνον
3695 3230 3800 3298 τῆς

2206 3325 2440 3398 βασάνου
2474 3326 2668 3381 ποιεῖν.
2691 3323 2802 3376 Καὶ
2832 3321 2961 3392 περῖ⁵
2991 3323 3092 3389 μὲν
3111 3320 3205 3375 τοῦ
3233 3320 3550 3392 θαυμαποῦ
3588 3320 3800 3374 Θεοδώ-

2207 3436 2302 3491 ρου
2349 3414 2586 3470 τοσαῦτα
2638 3413 2897 3486 είρήσθῳ.
2936 3411 3069 3465 Τότε
3116 3412 3174 3466 δὲ
3225 3412 3480 3484 παρῆσαν
3537 3411 3803 3482 πρέσϐεις

2207 3508 2456 3581 Περσῶν,
2490 3506 2769 3570 αἰτοῦντες
2806 3504 2898 3559 ἐπὶ
2944 3505 3200 3576 φανεροῖς
3222 3503 3555 3558 καταθέσθαι
3581 3503 3675 3556 τὺν
3701 3503 3803 3556 πό-

2202 3603 2366 3675 λεμον
2391 3599 2456 3655 ⁷⁵.
2474 3600 2531 3654 '0
2551 3599 2608 3653 δὲ
2627 3599 2822 3661 αὐτοὺς
2841 3596 3186 3668 ἀπέπεμψεν,
3204 3594 3573 3652 είπώνἋύτόν
3589 3613 3655 3667 με
3669 3595 3803 3666 ὕψε-

2206 3696 2302 3748 σθε
2336 3691 2530 3764 μετ’ού
2561 3691 2717 3756 πολὺ,
2746 3690 2841 3744 καὶ
2861 3689 3014 3744 οὐδέν
3045 3707 3136 3760 μοι
3163 3689 3342 3761 δεήσει
3369 3689 3687 3760 πρεσϐείας.

521 3782 776 3838 sollieiat.
803 3783 1007 3839 Eodem
1037 3794 1282 3857 tempore
1296 3787 1588 3842 Persarum
1621 3788 1782 3860 legati
1806 3789 1872 3844 ad
1903 3789 2286 3859 imperatorem
2316 3790 2608 3849 venerunt,
2637 3790 2897 3856 rogantes
2935 3791 2996 3836 ut
3024 3780 3226 3836 bellum
3252 3779 3420 3837 certis
3449 3781 3800 3836 conditioni-

521 3873 628 3932 bus
649 3874 1196 3930 terminaret.Verum
1219 3878 1516 3948 imperator
1532 3894 1628 3935 eos
1649 3880 1882 3948 dimisit,
1907 3880 2022 3936 haec
2043 3881 2262 3936 locutus
2279 3888 2300 3933 :
2319 3876 2586 3948 Meipsum
2609 3874 2761 3930 brevi
2787 3873 3064 3938 videbitis,
3085 3888 3186 3927 nec
3207 3887 3345 3943 opus
3365 3873 3470 3928 erit
3498 3874 3797 3944 legatione.

986 3990 1146 4062 193
1174 3989 1326 4046 CAP.
1357 3991 1475 4049 xx.

515 4102 802 4178 Quomodo
848 4103 1139 4178 imperator
1161 4103 1382 4178 Judteoe
1430 4105 1500 4159 ad
1545 4107 1952 4178 sacriﬁcandum
1995 4109 2103 4167 im-

587 4175 808 4246 pulerit,
833 4184 883 4230 et
908 4177 973 4229 de
996 4177 1200 4246 integra
1226 4175 1716 4248 Hierosolymorum
1742 4180 2030 4236 eversione.

2851 3985 3104 4038 ΚΕΦΑᾹ.
3135 3986 3222 4041 K'.

2220 4082 2320 4149 Ὠς
2348 4080 2450 4136 καὶ
2481 4078 2813 4149 Ἰουδαίους·
2841 4080 2880 4149 ό
2896 4076 3198 4149 βασιλεῂς
3229 4075 3328 4149 ἐπὶ
3360 4075 3427 4132 τὸ
3456 4079 3623 4132 θύειν
3647 4096 3801 4148 προ-

2277 4145 2586 4220 ετρέψατο,
2625 4147 2725 4203 καί
2754 4147 2886 4220 περὶ
2928 4147 3040 4216 τῆς
3075 4145 3196 4201 τῶν
3236 4145 3804 4218 Ἰεροσολύμωνὶε.

2274 4217 2445 4290 ,ιὲίαζι
2488 4217 2856 4289 ἀνατροπῆς.

591 4303 719 4360 Alio
750 4313 1015 4374 praeterea
1049 4303 1213 4359 modo
1252 4304 1578 4376 imperator,
1626 4307 1955 4366 Christianis
2001 4324 2103 4366 no-

2273 4314 2386 4370 Kat
2411 4316 2532 4368 κατ’
2553 4312 2714 4368 ἄλλον
2739 4311 2796 4366 δὲ
2823 4311 3025 4384 τρόπον
3049 4311 3078 4364 6
3100 4309 3355 4381 βασιλεὺς
3373 4311 3501 4375 τοὺς
3529 4313 3798 4383 Χριστια-

513 4410 651 4454 ‘cere
677 4397 928 4468 cupiens,
976 4395 1432 4468 superstitionem
1475 4413 1632 4455 suam
1665 4399 1930 4470 prodidit.
1961 4399 2100 4458 Nam

606 4533 655 4565 "
694 4532 825 4588 Ruf.
855 4531 954 4590 lib.
987 4549 1029 4601 I,
1053 4547 1105 4589 c.
1135 4534 1228 4590 36.

2207 4405 2334 4470 νοῦς
2365 4403 2623 4476 βλάπτειν
2645 4401 2982 4467 σπουδάζων,
3004 4400 3106 4472 τὴν
3137 4398 3344 4454 οἰκείαν
3369 4400 3802 4472 δεισιδαιμονίαν

1725 4609 1998 4666 VALESII
2036 4612 2606 4670 ANNOTATIONES.

594 4716 710 4788 (70)
739 4717 877 4788 ,Ἐπί
937 4714 1220 4788 φανεροῖς
1246 4716 1624 4788 ,καταθέσθαι
1667 4721 1776 4774 τὸν
1820 4724 2106 4788 πόλεμον.

525 4785 698 4860 nunc
724 4785 1101 4860 _locum_’_non_
1129 4787 1520 4860 intellexerunt
1567 4790 1915 4860 interpretes.
1967 4785 2106 4848 Nam

525 4857 810 4930 Masculus
836 4855 1058 4930 quidem
1090 4856 1164 4930 ita
1187 4858 1351 4913 vertit
1385 4873 1399 4910 :
1440 4857 1624 4930 Legati
1666 4855 1785 4916 vero
1815 4862 2103 4918 Persarum

526 4928 595 4983 ad
633 4925 914 4982 lulianum
944 4926 1234 4991 veniebant,
1269 4925 1591 4997 petentes'ut
1625 4929 1816 4986 bellum
1849 4933 1946 4988 hoc
1973 4934 2099 4989 illu-

2207 4726 2407 4782 stribus
2453 4723 2770 4795 quibusdam
2814 4723 3206 4795 discutiendum
3264 4724 3502 4782 daretur.
3541 4725 3801 4781 Christo.

2206 4794 2524 4866 phorsonus
2573 4809 2701 4849 vero
2749 4796 2852 4866 hoc
2885 4794 3050 4850 modo
3088 4797 3469 4866 :poslulatum
3502 4805 3558 4849 ut
3597 4797 3796 4851 bellum

2206 4863 2392 4936 palam
2427 4865 2699 4920 indiceret.
2741 4863 3017 4936 Quisnon
3059 4865 3313 4936 miretur,
3359 4867 3413 4920 in
3464 4874 3578 4920 tam
3624 4867 3802 4936 plauo

2205 4933 2330 4992 loco
2367 4936 2506 4992 adeo
2531 4936 2772 5007 graviter
2797 4933 2908 4990 labi
2939 4935 3192 5006 potuisse
3210 4934 3362 4992 viros
3394 4933 3633 4993 doctos?

1963 5091 2356 5151 VARIOBUM.

528 5201 724 5284 onllo
780 5201 1110 5284 Daphnaeus.
1133 5199 1312 5284 “lfus'e
1381 5204 1559 5284 hune
1588 5206 1772 5261 lucum
1801 5277 1814 5284 _
1839 5206 2107 5284 describit
2203 5210 2383 5284 doret.
2419 5207 2562 5266 Hist.
2598 5209 2699 5265 lib.
2726 5224 2811 5274 tu,
2833 5222 2959 5282 cap.
2989 5209 3078 5268 10.
3121 5211 3198 5266 Μ.
3237 5211 3499 5284 Shorting
3549 5211 3606 5266 in
3648 5211 3801 5268 hunc

530 5271 768 5348 szom.
813 5271 916 5348 lib.
942 5289 1002 5348 _v.
1041 5271 1214 5348 c..l9.
1265 5271 1340 5348 pe
1374 5275 1595 5348 _Babyla
1671 5277 1817 5348 quod
1881 5280 2101 5343 attinet,

525 5344 796 5400 successit
824 5343 1034 5398 Zabino
1093 5341 1148 5395 in
1189 5343 1319 5399 sede
1357 5341 1720 5411 Antiocheua',
1763 5356 1825 5402 ut
1865 5341 2103 5403 testatur

525 5414 974 5487 Eusebiusllist.
1003 5414 1040 5487 Ι.
1069 5414 1392 5487 vn,cap.29,
1439 5418 1533 5486 qui
1557 5433 1678 5487 cap.
1715 5419 1784 5473 59
1849 5420 2098 5487 ejusdem

527 5486 624 5541 lib.
656 5486 850 5542 scribit
879 5484 1134 5556 Babylam
1170 5483 1230 5556 in
1261 5483 1484 5556 carcere
1513 5483 1850 5543 exstinctum
1880 5483 2056 5544 i‘uisse
2085 5507 2098 5543 :

523 5556 954 5630 Chrysostomus
993 5552 1121 5630 vero
1177 5552 1272 5606 lib.
1319 5555 1387 5630 de
1443 5555 1501 5613 S.
1564 5557 1782 5630 Babyla,
1823 5569 1957 5614 tom.
2007 5559 2098 5622 lx,

524 5627 740 5752 3.6669,
773 5627 954 5709 capite
1004 5624 1223 5704 plerum
1285 5625 1538 5682 aﬂirmat.
1571 5624 1721 5683 Obiit
1772 5624 1878 5710 sub
1916 5630 2098 5711 Det-io.

632 5697 996 5752 translatione
1027 5695 1382 5752 reliquiarum
1417 5696 1473 5750 S.
1521 5697 1734 5752 llabvla:
1766 5703 1890 5752 thc
1925 5702 2098 5752 'lhco-

632 5691 1382 5763 translaiionereliquiarum
1417 5696 1473 5750 S.
1521 5697 1734 5770 Babyla:
1766 5703 1890 5758 vide
1925 5702 2102 5756 Theo-

2204 5283 2407 5334 locum.

2279 5348 2308 5387 ³³
2336 5347 2605 5420 Καᾷἁσαι
2663 5350 2806 5417 τοὺς
2822 5351 3088 5420 μάλιστα
3124 5352 3517 5420 σπουδαίους.
3547 5352 3803 5411 Accessit

2209 5432 2264 5476 et
2298 5423 2400 5475 alia
2427 5418 2630 5474 Juliaui
2661 5422 2713 5475 in
2740 5418 3091 5478 Citristianos
3122 5425 3421 5478 iracundia:
3437 5418 3627 5479 causa.
3660 5425 3798 5480 Nam

2209 5493 2356 5565 circa
2390 5492 2739 5565 lioc_tempus
2778 5501 3037 5565 exustum
3089 5503 3188 5565 est,
3227 5493 3484 5564 Daphnaei
3524 5497 3801 5565 Apollinis

2211 5561 2420 5616 fanum.
2483 5561 2648 5634 Quod
2704 5561 3090 5634 suspicabatur
3157 5561 3506 5620 Christianos
3573 5561 3800 5634 egisse.

2211 5645 2522 5701 quanquam
2579 5632 2654 5685 nil
2711 5635 2820 5688 tale
2874 5632 2942 5688 de
2972 5635 3040 5689 iis
3097 5637 3367 5690 constitit.
3421 5634 3559 5690 Vide
3607 5632 3799 5691 Amm.

2215 5701 2457 5757 Mareell.
2489 5703 2585 5758 iib.
2629 5718 2765 5769 uti,
2803 5718 2924 5775 cap.
2959 5704 3044 5760 i5.
