4070 6204
305 326 412 389 ιὲθ

1277 326 1597 388 illSTORIA
1638 330 2195 388 ECCLESIASTICA.
2236 363 2302 372 —
2343 327 2470 386 LIB.
2515 330 2602 386 lli.

3458 324 3561 376 450

306 449 584 520 ὲξήλεγχε.
635 446 929 517 Φιλοθύτης
979 446 1084 519 γὰρ
1153 447 1248 510 ὣν,
1298 447 1359 500 οὐ
1405 447 1562 517 μόνον
1608 446 1769 510 αὐτὸς
1814 447 1890 518 τῷ

2001 460 2120 499 cum
2155 445 2377 500 deditus
2429 453 2577 500 esset
2630 441 2939 504 sacrificiis,
2969 455 3074 494 non
3105 441 3281 493 solum
3313 439 3428 507 ipse
3463 442 3561 492 lto-

307 541 494 608 αῐματι
529 538 772 609 ἔχαιρεν,
808 538 922 592 ἀλλ’
948 539 998 591 εί
1050 537 1127 609 μὴ
1175 539 1268 591 καὶ
1294 538 1440 591 ἄλλοι
1479 537 1636 592 τοῦτο
1670 539 1887 607 ποιῶσι,

305 627 512 698 ζημίαν
544 627 817 698 ἐνόμιζεν.
856 627 1075 698 Ἐπειδὴ
1117 626 1174 679 δὲ
1213 627 1428 696 ὀλίγους
1451 629 1576 690 τοὺς
1619 627 1892 691 τοιούτους

304 719 663 792 ὲφεύρισκεν,
719 718 1007 782 Ἰουδαίους
1056 719 1471 790 μεταπέμπεται
1510 720 1525 759 ί
1572 737 1583 748 ·
1625 720 1718 772 καὶ
1761 721 1892 789 παρ’

308 811 489 865 αὐτῶν
530 810 863 865 ἐπυνθάνετο
886 850 899 875 ,
933 809 1024 864 τοῦ
1070 810 1230 882 χάριν
1272 810 1366 863 τοῦ
1405 808 1699 864 Μωσαῖκοῦ
1728 811 1892 880 νόμου

308 901 665 965 κελεύσαντος
699 899 869 966 θύειν,
922 899 1241 971 ἀπέχονται.
1291 899 1412 953 Τῶν
1451 899 1507 953 δὲ
1550 900 1625 971 μὴ
1657 898 1891 970 ἀλλαχοῦ

310 993 603 1063 φησάντων
629 991 892 1048 δύνασθαι
910 991 1069 1044 τοῦτο
1100 993 1289 1056 ποιεῖν,
1319 992 1366 1043 εί
1404 990 1480 1062 μὴ
1508 991 1667 1061 μόνον
1700 991 1758 1044 ὲν
1781 993 1892 1054 τοῖς

319 1084 734 1156 Ἰεροσολύμοις,
765 1083 976 1137 κελεύει
1009 1084 1173 1153 τάχος
1214 1083 1492 1147 κτίζεσθαι
1519 1083 1609 1136 τὸν
1645 1082 1892 1152 Σολομῶο

308 1193 398 1239 νος
442 1175 591 1229 ναόν.
621 1174 730 1228 Καὶ
778 1173 939 1236 αὐτὸς
983 1173 1075 1226 ἐπὶ
1129 1173 1346 1244 Πέρσας
1393 1173 1612 1243 ἤλαυνε.
1655 1173 1894 1226 Ἰουδαῖοι

308 1265 365 1319 δὲ
417 1264 616 1336 καιροῦ
646 1263 946 1336 δράξασθαι
998 1264 1166 1317 πάλαι
1202 1264 1629 1334 ἐπιθυμοῦντες,
1660 1267 1718 1319 ὲν
1764 1258 1809 1333 ’ᾧ
1833 1265 1895 1318 τὺ

311 1357 457 1427 ἱερὸν
490 1356 672 1418 αὐτοῖς
702 1355 839 1425 πρὸς
885 1353 947 1408 τὸ
977 1353 1125 1408 θύειν
1173 1354 1744 1427 ἀνοικοδομηθησεται,
1772 1355 1893 1409 τότε

311 1449 594 1502 σπουδαῖοι
637 1447 738 1518 μὲν
786 1447 924 1518 πρὸς
963 1447 1022 1501 τὺ
1051 1448 1212 1519 ἔργον
1249 1447 1518 1517 ἐγίνοντο·
1549 1447 1814 1520 φοϐεροὺς
1837 1448 1894 1502 δὲ

310 1542 424 1602 τοῖς
457 1540 805 1610 Χριστιανοτς
843 1538 1228 1593 ἐπεδείκνυσαν
1249 1537 1897 1609 ἐαυτοῦς,ὴλαζονεύοντό

310 1646 369 1681 τε
421 1628 544 1682 κατ’
565 1627 766 1691 αὐτῶν,
802 1627 1223 1692 ἐπαπειλοῦντες
1243 1628 1481 1682 τοσαῦτα
1509 1629 1777 1699 ποιήσειν,
1797 1629 1897 1683 ὅσα

309 1720 467 1773 αὐτοὶ
509 1718 659 1789 παρὰ
706 1718 992 1789 Ῥωμαίων
1030 1718 1198 1772 πάλαι
1232 1718 1550 1772 πεπόνθασι.
1578 1718 1684 1771 Τοῦ
1715 1719 1770 1772 δὲ
1802 1718 1896 1788 βα-

313 1810 506 1874 σιλέως
533 1813 602 1864 ἐκ
628 1810 902 1882 δημοσίων
955 1810 1052 1880 τὴν
1087 1810 1334 1882 δαπάνην
1367 1809 1776 1881 παρασχεθῆναι
1804 1827 1896 1864 κε-
1929 1789 1969 1844 Β

309 1898 621 1965 λεύσαντος,
661 1901 986 1971 εὐτρέπιστο
1034 1901 1247 1965 πάντα,
1279 1900 1410 1966 ξύλα
1456 1901 1551 1955 καὶ
1599 1899 1765 1964 λίθοι,
1805 1905 1898 1955 atat

312 1991 536 2054 πλίνθος
557 1993 717 2064 ὀπτή,
744 1993 841 2046 καὶ⁵
891 1991 1060 2063 πηλὸς
1092 1994 1187 2046 καὶ
1210 1993 1491 2058 ἄσϐεστος,
1523 1995 1612 2049 καὶ
1650 1993 1719 2046 τὰ
1763 1993 1898 2048 ἄλλα

312 2085 416 2137 ὅσα
465 2084 603 2154 πρὸς
631 2085 917 2156 οἰκοδομὴν
956 2085 1238 2156 ἐπιτήδεια
1265 2085 1492 2154 γίνεται.
1525 2085 1660 2138 Τότε
1699 2084 1764 2156 δὴ
1791 2084 1898 2138 Κύ-

309 2174 504 2246 ριλλος
535 2177 563 2226 6
588 2176 692 2229 τῶν
724 2175 1111 2247 Ἱεροσολύμων
1143 2175 1456 2241 ἐπίσκοπος,
1481 2175 1542 2230 τὸ
1564 2175 1658 2230 τοῦ
1686 2176 1897 2247 προφή-

311 2286 408 2324 του
427 2267 628 2339 Δανιὴλ
659 2267 799 2323 κατὰ
823 2267 948 2322 νοῦν
975 2268 1300 2339 ἐλάμϐανεν,
1327 2269 1462 2340 ὅπερ
1490 2269 1583 2323 καὶ¹
1610 2269 1640 2322 6
1665 2268 1900 2340 Χριστὸς

315 2363 374 2414 ἒν
411 2363 522 2422 τοίς
561 2358 738 2426 ἁγίοις
782 2358 1135 2428 Εὐαγγελίοις
1181 2357 1646 2428 ὲπεσφραγίσατο,
1683 2355 1900 2421 πολλοῖς

315 2464 377 2504 τε
409 2449 701 2522 προέλεγεν
721 2448 854 2522 (71),
883 2449 960 2513 ὡς
982 2449 1091 2520 ἄρα
1116 2447 1210 2503 νῦν
1225 2449 1350 2520 ἥκει
1372 2451 1400 2501 6
1418 2448 1731 2520 καιρὸς,ὃτε
1758 2446 1902 2512 λίθος

314 2543 414 2596 ἐπὶ
441 2541 589 2596 λίθον
614 2543 717 2596 οὐκ
740 2541 808 2596 ἂν
831 2541 983 2612 μένοι
1011 2543 1091 2605 είς
1127 2539 1218 2594 τὸν
1239 2541 1386 2604 ναὸν,
1421 2539 1558 2595 ἀλλὰ
1581 2539 1642 2594 τὸ
1670 2537 1763 2592 τοῦ
1797 2539 1904 2592 Σω·

313 2630 486 2701 τῆρος
512 2629 692 2699 λόγιον
720 2629 1166 2702 πληρωθήσεται.
1191 2628 1378 2684 Ταῦτα
1417 2628 1604 2698 ἔλεγεν
1626 2628 1654 2681 6
1681 2627 1904 2682 ἐπίσκο-

314 2737 439 2784 πος.
462 2720 574 2774 Καὶ
601 2721 690 2775 διὰ
709 2723 809 2792 τῆς
832 2720 1026 2785 νυκτὸς
1047 2720 1266 2792 σεισμὸς
1294 2719 1469 2792 μέγας
1498 2720 1900 2791 ἐπιγενόμενος,

315 2811 593 2884 ἰνέϐρασε
619 2814 747 2876 τοὺς
771 2811 955 2878 λίθους
979 2811 1086 2867 τῶν
1116 2813 1282 2870 πάλαι
1305 2811 1574 2884 θεμελίων
1611 2811 1706 2866 τοῦ
1749 2812 1900 2879 ναοῦ,

316 2907 419 2961 καὶ
443 2906 654 2971 πάντας
702 2906 979 2977 διέσπειρε
1001 2945 1017 2969 ,
1044 2906 1139 2959 σὺν
1162 2907 1277 2969 τοῖς
1309 2904 1736 2976 παρακειμένοις
1759 2904 1906 2976 οἰκή-

321 3007 482 3068 μασι.
510 2997 642 3062 Δέος
673 2995 730 3051 δὲ
756 2998 820 3050 ὲκ
842 2996 936 3049 τοῦ
972 2995 1260 3066 γενομένου
1295 2993 1582 3059 Ἰουδαίους
1600 2994 1864 3050 κατέλαϐε
1886 3013 1904 3027 -

318 3091 418 3144 καὶ
436 3090 595 3161 φήμη
638 3089 733 3142 ἐπὶ
750 3089 842 3186 τὸν
869 3087 1033 3141 τόπον
1062 3083 1166 3160 ἦγε
1198 3087 1293 3141 καὶ
1316 3087 1443 3150 τοὺς
1475 3085 1666 3157 πόρρω
1692 3085 1905 3154 διάγον-
1930 3128 1971 3186 C

317 3195 440 3244 τας.
472 3181 760 3251 Παρόντων
781 3174 875 3234 οὖν
911 3178 1115 3250 σφόδρα
1151 3178 1382 3244 πολλῶν,
1409 3177 1594 3248 ἕτερον
1617 3178 1901 3249 τεράστιον

316 3261 650 3339 ἔπιγίνεται.
671 3269 790 3342 Πῦρ
814 3269 924 3342 γὰρ
953 3268 1012 3335 ἐξ
1027 3267 1258 3341 οὐρανοῦ
1287 3267 1642 3339 κατασκῆψαν
1657 3267 1671 3319 t'
1687 3308 1705 3336 ,
1723 3268 1902 3323 πάντα.

317 3360 395 3415 τὰ
451 3360 564 3415 τῶν
599 3361 897 3434 οἰκοδόμων
944 3359 1205 3432 ἐργαλεῖα
1260 3359 1587 3430 διέφθειρεν.
1618 3353 1726 3414 Ἦν
1769 3359 1903 3430 γοῦν

305 3447 477 3519 ίδεῖν,
501 3452 608 3506 ὑπὸ
647 3453 746 3524 τῆς
774 3451 971 3522 φλογὸς
1000 3451 1375 3523 ἀπολλυμένας
1390 3450 1493 3513 τὰς
1537 3450 1771 3522 σφύρας,
1804 3451 1904 3516 τὰς

319 3545 604 3617 γλαρίδας,
631 3545 755 3602 τοὺς
784 3545 1030 3614 πρίονας,
1049 3545 1176 3608 τοὺς
1200 3545 1470 3613 πελέκεις,
1498 3546 1568 3601 τὰ
1602 3544 1906 3618 σκέπαρνα,

321 3639 508 3691 πάντα
555 3635 744 3700 ἁπλῶς
770 3635 871 3690 ὅσα
897 3635 1033 3707 πρὸς
1067 3635 1129 3690 τὸ
1169 3635 1331 3708 ἔργον
1372 3638 1654 3709 ἐπιτήδεια
1686 3633 1830 3708 εἶχον
1858 3639 1908 3692 oi

323 3725 706 3797 ἐργαζόμενοι.
749 3725 1073 3796 Ἐπενιμετο
1116 3725 1215 3797 μὲν
1264 3721 1358 3781 οὖν
1396 3725 1571 3782 ταῦτα
1596 3726 1658 3781 τὸ
1684 3726 1816 3798 πῦρ,
1839 3725 1909 3779 δι’

319 3827 454 3888 in};
471 3818 574 3888 τῆς
609 3817 836 3889 ἡμέρας.
872 3817 1115 3872 Ἰουδαῖοι
1143 3817 1202 3873 δὲ
1233 3819 1292 3874 ὲν
1311 3820 1554 3890 μεγίστῳ
1579 3817 1730 3889 φόϐῳ
1757 3817 1910 3887 γενό-

325 3929 506 3984 μενοι,
537 3910 634 3964 καὶ
677 3910 905 3974 ἄκοντες
945 3909 1257 3981 ὡμολόγουν
1288 3910 1382 3965 τὸν
1407 3909 1643 3982 Χριστὸν
1667 3909 1802 3964 Θεὸν
1824 3909 1911 3963 λέ-

1993 539 2225 594 stiarum
2257 549 2454 592 cruore
2481 534 2881 596 delectabatur,
2910 530 3006 586 sed
3038 530 3145 584 nisi
3170 529 3311 583 idem
3345 541 3564 598 quoque

1992 631 2080 685 alii
2108 628 2373 698 facerent,
2403 628 2606 684 damno
2632 641 2692 682 se
2724 623 2861 680 allici
2887 620 3258 678 existimabat.
3294 619 3564 684 Quoniam

1995 741 2123 778 vero
2162 736 2364 792 paucos
2401 719 2695 774 admodum
2739 714 3009 784 ejusmodi
3045 712 3296 768 homines
3328 711 3566 781 reperie-

1996 815 2108 880 bat,
2132 813 2350 868 Judaaos
2371 812 2438 866 ad
2465 827 2526 866 se
2552 809 2808 874 accersit,
2841 816 2894 862 et
2927 820 2992 862 cx
3023 804 3092 860 iis
3114 802 3429 859 sciscitatur
3458 814 3582 888 qua.
3611 857 3658 871 κ

1995 904 2062 960 de
2104 920 2268 959 causa
2314 919 2440 959 cum
2485 904 2568 958 lex
2610 901 2782 956 Mosis
2813 898 3126 953 sacrificare
3151 910 3249 950 eos
3289 893 3502 962 jubeat,
3537 888 3629 954 aia...

1997 997 2173 1052 sacris
2218 995 2497 1052 faciendis
2541 994 2902 1050 abstinerent.
2934 991 3180 1059 Cumque
3217 988 3291 1042 illi
3342 1001 3568 1054 respon-

1997 1089 2229 1151 dissent,
2260 1086 2389 1142 alibi
2424 1100 2588 1157 quam
2622 1082 2982 1153 Jerosolymis
3016 1081 3067 1135 id
3100 1078 3279 1132 facere
3313 1076 3417 1131 sibi
3460 1091 3568 1129 non

1996 1181 2182 1243 licere,
2215 1180 2527 1236 Salomonis
2567 1179 2829 1248 templum
2866 1176 3121 1246 protinus
3151 1169 3453 1228 instaurari
3474 1168 3570 1238 ju-

1995 1276 2107 1331 bet.
2143 1276 2262 1345 lpse
2294 1273 2514 1328 interim
2555 1271 2620 1325 ad
2645 1270 2846 1325 bellum
2886 1275 3078 1322 contra
3115 1263 3311 1318 Persas
3346 1261 3568 1332 proﬁci-

1997 1369 2192 1425 scitur.
2219 1368 2288 1421 At
2319 1364 2513 1428 Judaei,
2541 1364 2635 1434 qui
2664 1362 2994 1433 jampridem
3012 1358 3272 1429 Optabant
3294 1363 3349 1409 ut
3368 1368 3570 1424 Oppor-

1996 1468 2190 1515 tunum
2237 1458 2340 1514 sibi
2375 1466 2591 1526 tempus
2636 1455 2964 1525 obtingeret,
3007 1466 3118 1521 quo
3147 1449 3405 1518 templum
3434 1445 3569 1515 ipsis

2001 1550 2068 1604 ad
2099 1547 2519 1604 sacrificandum
2541 1544 2942 1605 restitueretur,
2966 1551 3082 1596 tum
3112 1540 3320 1593 alacres
3346 1538 3398 1591 in
3431 1551 3570 1604 opus

1998 1640 2130 1694 illud
2163 1639 2553 1700 ineubuerunt,
2582 1645 2694 1690 tttm
2731 1633 2999 1688 adversus
3031 1629 3380 1684 Christianos
3422 1627 3572 1680 inso-

1999 1730 2165 1786 lentia
2196 1728 2348 1793 elati,
2394 1724 2766 1782 formidabiles
2799 1738 2858 1779 se
2885 1720 3270 1782 ostenderunt,
3301 1717 3570 1770 minantes

1998 1839 2059 1880 se
2089 1829 2242 1877 tanta
2273 1821 2415 1875 mala
2451 1819 2520 1874 iis
2553 1817 2801 1872 illaturos
2829 1828 2974 1877 esse,
3010 1818 3215 1882 quanta
3246 1809 3348 1879 ipsi
3377 1809 3505 1862 olim
3539 1821 3570 1860 ιι

1999 1911 2262 1969 Romanis
2310 1909 2555 1981 perpessi
2597 1908 2852 1963 fuissent.
2899 1903 3070 1975 Igitur
3103 1915 3227 1956 cum
3272 1901 3573 1961 imperator

1999 2007 2256 2071 sumptus
2284 1999 2436 2069 operi
2472 1994 2702 2067 praeberi
2734 2009 2800 2048 ex
2844 1991 3068 2064 publico
3107 1987 3388 2059 jussisset,
3419 1985 3570 2040 brevi

1997 2099 2193 2162 parata
2221 2098 2352 2146 sunt
2379 2089 2586 2152 omnia,
2615 2086 2841 2142 materia
2873 2084 3105 2148 scilicet,
3124 2081 3573 2152 lapides,latercs

1999 2185 2166 2251 cocti,
2202 2183 2417 2255 argilla,
2469 2182 2617 2247 calx,
2658 2187 2712 2235 et
2759 2191 3103 2250 quacunque
3155 2177 3261 2230 alia
3303 2174 3370 2228 ad
3405 2173 3574 2228 aedili-

1999 2273 2234 2328 candum
2264 2272 2599 2328 necessaria.
2633 2269 2756 2336 Quo
2792 2269 3013 2341 quidem
3057 2278 3301 2338 tempore
3332 2265 3574 2336 Cyrillus

1999 2359 2466 2433 Jerosolymorum
2487 2361 2803 2432 episcopus,
2827 2371 3037 2414 memor
3061 2357 3310 2412 vaticinii
3335 2356 3574 2411 Danielis

2001 2452 2302 2522 prophetae,
2321 2451 2467 2522 quod
2497 2449 2754 2506 Christus
2783 2449 2950 2504 etiam
2982 2450 3036 2502 in
3068 2448 3242 2504 sacris
3267 2447 3574 2519 Evangeliis

2000 2541 2369 2606 confirmavit,
2401 2541 2582 2612 palam
2615 2541 2804 2596 multis
2843 2540 3152 2596 astantibus
3180 2540 3451 2610 praedixit,
3491 2541 3577 2594 fu-

2001 2640 2187 2688 turum
2227 2632 2380 2689 brevi
2416 2640 2477 2686 ut
2521 2633 2578 2687 in
2617 2646 2684 2687 eo
2731 2632 2935 2702 templo
2972 2633 3113 2702 lapis
3143 2646 3312 2702 super
3337 2631 3573 2700 lapidem

2002 2739 2112 2780 non
2140 2732 2412 2790 maneret,
2461 2724 2560 2781 sed
2611 2723 2924 2780 Servatoris
2947 2724 3232 2779 oraculum
3275 2724 3578 2793 complere~

2004 2817 2180 2876 tur".
2206 2815 2457 2883 Cumque
2501 2815 2615 2872 haec
2654 2816 2893 2872 dixisset.
2933 2816 3247 2888 episapus,
3289 2825 3454 2870 noctu
3489 2816 3576 2869 in-

2005 2925 2139 2982 gens
2179 2917 2341 2966 terrae
2384 2918 2570 2964 motus
2621 2918 2880 2976 exortus,
2933 2908 3143 2979 lapides
3187 2921 3251 2963 ex
3299 2909 3578 2963 veteribus

2005 2999 2188 3072 templi
2241 2999 2616 3057 fundamentis
2663 3001 2884 3057 avulsos
2935 3016 3153 3057 sursum
3203 3003 3484 3063 excussit.
3524 3011 3580 3058 et

2006 3102 2237 3150 cunctos
2265 3108 2373 3148 una
2393 3107 2518 3149 cum
2545 3093 2822 3163 contiguis
2851 3091 3102 3149 aediliciis
3126 3092 3408 3164 dispersit.
3445 3095 3580 3151 Ter-

2007 3201 2100 3240 ror
2125 3199 2192 3240 ex
2222 3198 2289 3240 eo
2317 3199 2426 3240 non
2468 3183 2761 3241 mediocris
2795 3184 2993 3240 invasit
3016 3181 3238 3241 .ldtlzeos
3268 3203 3282 3252 ;
3327 3186 3580 3258 famaque

2005 3273 2126 3343 ejus
2155 3274 2404 3328 miraculi
2449 3274 2634 3344 plures
2680 3274 2871 3338 exciti,
2901 3289 2966 3329 ex
3007 3275 3327 3346 regionibus
3359 3279 3423 3331 ad
3451 3293 3579 3332 eum

2007 3363 2187 3419 locum
2221 3377 2547 3420 convenere.
2583 3365 2721 3419 Cum
2765 3364 2935 3434 igitur
2980 3366 3372 3435 quamplurimi
3421 3367 3581 3423 ades-

2009 3462 2153 3519 sent,
2203 3455 2356 3511 aliud
2398 3455 2578 3511 denuo
2621 3455 2927 3526 prodigium
2974 3455 3194 3510 accidit.
3240 3454 3386 3527 Ignis
3431 3459 3579 3512 enim

2008 3543 2228 3598 caelitus
2260 3543 2485 3608 missus,
2520 3551 2720 3597 cuncta
2752 3542 3012 3612 opificum
3048 3541 3412 3598 instrumenta
3447 3559 3582 3599 con-

2011 3634 2270 3705 sumpsit.
2300 3632 2486 3704 Itaque
2518 3647 2746 3689 cernere
2773 3640 2891 3688 erat
2920 3633 3170 3698 malleos,
3201 3635 3442 3705 scalpra,
3467 3652 3580 3692 ser-

2008 3741 2123 3794 ras,
2156 3741 2404 3790 secures,
2441 3725 2656 3794 ascias;
2694 3733 2891 3780 cuncta
2921 3723 3158 3797 denique
3204 3726 3270 3781 ad
3312 3743 3451 3799 opus
3505 3731 3584 3785 fa-

2010 3816 2265 3874 ciendum
2299 3819 2631 3880 necessaria,
2667 3817 2905 3872 flammis
2932 3817 3171 3873 absumi.
3208 3816 3272 3873 Et
3301 3819 3443 3890 ignis
3469 3822 3586 3892 qui-

2011 3908 2135 3964 dem
2178 3916 2294 3963 toto
2324 3907 2412 3965 die
2435 3908 2550 3964 haec
2577 3909 2762 3963 omnia
2787 3907 3210 3979 depascebatur.
3247 3907 3420 3965 Judaei
3454 3928 3585 3967 vero

321 4020 540 4072 γοντες.
570 4003 685 4056 οὐκ
715 4001 930 4056 ἐποίουν
959 4002 1016 4056 δὲ
1041 4002 1205 4057 αὐτοῦ
1226 4003 1287 4058 τὺ
1311 4002 1543 4076 θέλημα,
1579 4001 1697 4057 ἀλλ’
1719 4001 1903 4072 ἔμενον

2015 3999 2172 4071 197
2199 4001 2403 4071 ingenti
2432 4001 2628 4057 timore
2645 4002 2907 4072 perculsi,
2926 4002 3090 4056 etiam
3122 4002 3277 4057 inviti
3297 4004 3582 4060 Christum

319 4099 390 4167 τῇ
415 4095 512 4149 τοῦ
550 4092 880 4165 Ἰουδαϊσμοῦ
914 4094 1178 4165 προλήψει
1206 4093 1584 4166 κρατούμενοι.
1615 4094 1749 4148 Οὐδὲ
1804 4095 1903 4166 γὰρ

2018 4091 2188 4148 Deum
2202 4109 2324 4148 esse
2340 4093 2577 4149 confessi
2597 4092 2863 4149 sunt.Nec
2879 4103 3060 4148 tamen
3081 4095 3338 4149 mandato
3354 4096 3475 4163 ejus
3493 4112 3586 4165 pa-

319 4188 384 4242 τὸ
409 4187 596 4260 τρίτον
622 4187 807 4257 θαῦμα
834 4185 896 4240 τὸ
915 4183 1139 4258 ὕστερον
1168 4186 1572 4256 ἐπιγενόμενον,
1599 4187 1681 4251 είς
1721 4186 1903 4240 πίστιν

2007 4193 2240 4242 ruerunt
2265 4185 2392 4242 :sed
2424 4186 2559 4256 legis
2597 4200 2714 4240 sua:
2763 4185 3022 4254 opinione
3065 4186 3476 4255 praeoccupati,
3528 4188 3583 4240 in

395 4300 444 4332 ιη
488 4298 684 4353 Matth.
709 4314 858 4361 XXIV.
889 4298 946 4352 ει
1511 4361 1780 4419 VALESIl
1835 4362 1903 4418 Af

2001 4362 2274 4419 )TATION
2284 4361 2386 4419 ES.

405 4462 515 4530 (7|)
551 4459 812 4526 Πολλοῖς
835 4477 898 4514 τε
921 4457 1266 4530 προέλεγεν.
1284 4455 1352 4511 Et
1371 4457 1716 4530 hic__uterque
1736 4459 1903 4530 inter-

2019 4455 2564 4530 nunt_traducatnus,
2594 4456 2688 4530 sed
2718 4464 2780 4512 ut
2817 4456 3180 4530 ostendamus
3211 4459 3476 4515 studiosis
3506 4461 3585 4515 lc-

321 4527 548 4604 pretujn
579 4532 768 4604 lapsus
798 4541 903 4594 est,
944 4527 1041 4599 qui
1074 4527 1300 4604 verbum
1322 4527 1912 4604 etpqékeysvrefe‘runt
2018 4527 2282 4594 ctoribus,
2309 4541 2474 4604 quam
2509 4527 2857 4604 proclive__sit
2904 4527 3012 4582 labi
3050 4528 3104 4582 in
3139 4528 3590 4604 interpretatione

321 4546 548 4604 pretum
581 4546 630 4585 ta
673 4546 768 4586 sus
798 4546 903 4594 est,
944 4546 1041 4599 qut
1074 4546 1300 4583 vernum
1338 4546 1378 4580 π
1533 4546 1629 4596 γεν
1663 4546 1912 4583 reterunt
2018 4546 2282 4594 ctortous,
2309 4546 2474 4596 quam
2509 4546 2747 4596 procnve
2784 4546 2857 4582 snt
2904 4546 3012 4582 tam
3051 4546 3104 4582 tu
3139 4546 3589 4599 interpretatione

321 4604 397 4658 ad
454 4546 726 4672 Χριστὲς,
777 4609 1112 4672 cumtamen
1142 4595 1338 4672 referri
1359 4546 1559 4672 ml
1591 4599 1657 4672 ad
1704 4597 1910 4672 Κύριλ-
2019 4607 2260 4672 veterum
2313 4597 2682 4672 scriptorum.
2741 4595 3206 4672 Nostramporro
3248 4600 3589 4672 interpreta-

320 4673 441 4736 δικ.
463 4666 529 4726 ut
559 4673 614 4727 in
644 4670 902 4726 versione
941 4675 1129 4724 nostra
1151 4667 1342 4724 videre
1367 4676 1474 4739 est.
1501 4667 1660 4734 Quod
1682 4666 1903 4739 quidem
2014 4667 2226 4739 tionem,
2275 4666 2454 4738 plane
2498 4666 2797 4723 conﬁrmat
2846 4666 3188 4738 Nicephorus
3246 4670 3301 4726 in
3362 4666 3506 4728 libro
3534 4689 3590 4735 χ,

321 4734 562 4800 monere
597 4740 898 4806 voluimus,
927 4755 1037 4795 non
1069 4749 1128 4795 ut
1170 4753 1391 4796 errores
1411 4734 1904 4795 doctorum'homi-
2012 4751 2134 4808 cap.
2163 4734 2252 4792 53.

1778 4891 2173 4950 VARIORUM.

405 4991 426 5031 ί
466 4990 802 5061 Ἰουδαίους
841 4989 1300 5061 μεταπέμπεται.
1333 4989 1526 5045 Exstat
1558 4989 1763 5046 Iuliani
1792 4991 1903 5060 epi<

2018 4989 2104 5061 __i
2153 4989 2279 5058 Πῦρ
2338 4989 2450 5058 γὰρ
2478 4987 2571 5061 Αέε
2603 4987 2881 5061 οὐρανοῦ
2926 4990 3352 5061 κατασκῆψαν.
3407 4993 3588 5049 Amm.

323 5065 498 5128 stola,
532 5063 733 5134 ordine
777 5057 870 5127 25,
900 5057 1162 5134 c_mn_hac
1207 5062 1566 5134 inscriptione
1590 5057 1903 5134 νιξιουλιανδς

2017 5057 2388 5134 Marcellinus,
2417 5057 2575 5114 initio
2601 5060 2724 5113 libri
2772 5057 3261 5134 x_xttt,_postquam
3310 5063 3591 5134 ingentem

336 5133 618 5204 Ἰουδαίων
666 5131 744 5204 τῷ
782 5131 984 5204 κοινῷ,
1026 5131 1082 5186 in
1128 5147 1233 5202 qua
1295 5128 1467 5204 multa
1510 5131 1785 5204 pollicitus
1840 5132 1910 5186 de
2013 5128 2615 5204 Julianieonatum,_ut
2642 5130 2906 5204 templum
2939 5128 3215 5204 Hierosol.
3239 5128 3592 5197 relicéretur,

329 5203 659 5258 minuendis
713 5196 1076 5273 vectigalibus
1122 5196 1177 5256 εἰ
1237 5196 1546 5273 tributisﬂa
1591 5200 1906 5273 Iudaeorum
2016 5202 2281 5273 narravit,
2316 5200 2432 5273 haec
2455 5200 2660 5254 habet:
2697 5196 2831 5254 eam
2880 5199 3056 5273 itaque
3085 5204 3160 5256 rei
3190 5203 3399 5273 fortiter
3427 5205 3596 5258 insta-

327 5285 499 5345 gente
530 5273 675 5344 exigi
721 5267 944 5345 solitis,
983 5273 1113 5345 haec
1130 5273 1188 5326 in
1233 5271 1344 5345 fine
1372 5269 1522 5325 addit
1563 5288 1576 5325 :
1641 5272 1777 5343 ὅπερ
1804 5269 1914 5342 χρὴ
2017 5270 2366 5345 re_t_4lgpius,
2397 5267 3040 5345 juvaretqueyrovinciaz
3093 5267 3283 5345 rector,
3331 5273 3595 5328 metuendi

327 5327 510 5397 ἰδίειν
543 5327 704 5411 6,223;
731 5327 751 5397 ί.
781 5383 796 5396 .
830 5380 846 5396 .
876 5327 944 5396 Ia
973 5359 1060 5397 vos
1096 5341 1357 5411 imprimis
1390 5357 1579 5395 curare
1605 5327 1760 5411 atque
1788 5327 1914 5394 c’b'ni
2015 5338 2157 5410 globi
2175 5327 2516 5411 [intumarum
2533 5327 2693 5408 prope
2718 5327 3065 5409 fundamenta
3087 5327 3283 5397 crebris
3303 5327 3594 5398 assultibus

331 5415 547 5468 tendere
566 5410 764 5468 debetis
784 5413 913 5537 ἔεο.
941 5422 998 5465 ιιι
1026 5410 1312 5482 imperium
1349 5411 1402 5464 in
1433 5420 1554 5464 tuto
1593 5410 1700 5481 sit)
1734 5425 1834 5480 quo
1863 5419 1913 5463 et
2015 5419 2364 5479 erumpentes,
2403 5410 2568 5478 fecere
2616 5411 2790 5466 locum
2837 5413 3037 5466 exustis
3071 5413 3350 5483 aliquoties
3376 5428 3596 5481 operan-

331 5485 443 5537 inse
466 5481 682 5537 Persico
721 5485 780 5537 be
805 5483 858 5537 lo
883 5497 952 5537 ea:
989 5482 1155 5537 animi
1205 5480 1462 5536 sententia
1490 5490 1652 5537 aesto.
1676 5491 1912 5534 sanctam
2015 5480 2156 5534 tibus
2180 5481 2506 5534 inaccessum
2532 5497 2551 5535 :
2582 5481 2777 5537 hocaue
2817 5482 2975 5536 modo
2996 5483 3248 5537 elemento
3272 5482 3591 5537 destinatius

328 5485 443 5552 ipse
466 5481 682 5540 Persico
721 5480 858 5539 bello
883 5497 952 5538 ea:
989 5480 1155 5537 animi
1205 5480 1462 5552 sententia
1489 5490 1652 5551 gesto,
1676 5480 1912 5552 sanetam
2015 5480 2506 5552 tibusiinaccessum
2532 5497 2551 5535 :
2582 5481 2777 5552 hocque
2817 5482 2975 5536 modo
2996 5480 3248 5537 elemento
3272 5480 3591 5552 destinatius

332 5549 514 5608 urbem
539 5553 898 5618 Hierusalem,
933 5568 1094 5623 quam
1153 5551 1344 5623 multos
1365 5549 1679 5623 jam'annos
1706 5549 1914 5623 habita-

336 5633 442 5677 tam
478 5624 652 5681 sidere
676 5619 1015 5688 desideratis,
1055 5623 1187 5678 meis
1233 5621 1504 5677 laboribus
1549 5619 1798 5689 refectam
1832 5621 1916 5674 im-

337 5695 530 5758 eolam,
587 5705 637 5754 et
674 5714 780 5753 una
821 5697 1088 5752 vobiscum
1139 5694 1193 5747 in
1222 5709 1285 5747 ea
1314 5693 1510 5762 optimo
1560 5689 1666 5746 Deo
1711 5692 1914 5760 gratias

337 5778 504 5830 agam.

2016 5550 2313 5619 repellente,
2348 5554 2570 5606 cessavit
2614 5550 2898 5619 inceptum.
2941 5553 3073 5610 llaec
3109 5550 3457 5619 recedilicatio
3489 5551 3596 5606 De-

2015 5616 2329 5745 ;ﬁgnaljiu’m
2352 5619 2553 5677 Juliani
2581 5616 2823 5696 signum,
2852 5623 3030 5692 inquit
3061 5621 3184 5676 Ant.
3209 5616 3338 5690 Pagi
3365 5619 3431 5675 ad
3463 5635 3594 5677 ann.
