4070 6204
426 1073 445 1088 ,
518 1024 936 1090 sacrificarent,
1006 1033 1099 1079 aut
1162 1025 1410 1080 militiam
1488 1027 1834 1096 abjicerent,

410 1125 421 1131 '
519 1121 629 1170 lum
707 1115 982 1185 deponere
1055 1117 1282 1182 maluit,
1365 1133 1528 1189 quam
1602 1117 1754 1188 impii
1833 1118 2100 1188 principis

1053 381 1213 454 199
1243 382 1395 441 car.
1448 381 1611 450 xxn.

756 473 834 534 θα
858 474 1242 543 nuncupatione
1267 475 1600 543 imperatoris
1633 472 1870 532 Ioviani.

589 565 789 622 Milites
825 581 954 623 vero
987 565 1046 621 in
1097 580 1313 621 summa
1358 565 1674 622 diliicultate
1712 567 1902 638 positi,
1943 566 2094 622 nulla

520 658 840 730 interposita
875 674 1055 726 mora,
1087 659 1380 716 Jovianum
1417 661 1678 731 postridie
1708 661 2094 734 imperatorem

517 751 825 822 designant,
856 750 1033 806 virum
1071 758 1360 807 strenuum
1399 767 1464 808 ac
1508 752 1770 809 nobilem.
1813 751 1919 820 Qui
1967 767 2093 808 cum

517 849 666 897 esset
728 841 984 895 tribunus
1033 841 1290 908 militum,
1367 858 1478 914 quo
1532 851 1778 915 tempore
1839 843 2095 914 Julianus

519 933 702 988 edicto
761 933 1041 1008 proposito
1097 933 1374 1004 Optionem
1423 935 1686 992 militibus
1731 934 1880 992 dedit
1911 943 1970 990 ut
2001 943 2097 990 aut

1907 1028 2100 1099 cingu-

520 1205 778 1261 mandato
808 1206 1206 1276 obtemperare.
1246 1206 1498 1263 Julianus
1549 1218 1730 1264 tamen
1763 1208 2100 1264 imminentis

523 1305 637 1348 tum
668 1295 791 1348 belli
823 1295 1149 1351 necessitate
1184 1297 1544 1363 constrictus,
1604 1312 1730 1352 eum
1763 1299 1906 1354 inter
1933 1296 2099 1354 duces

520 1384 842 1440 retinuerat.
906 1383 1060 1439 Tunc
1109 1387 1373 1454 temporis
1434 1401 1565 1441 vero
1620 1401 1746 1442 cum
1801 1387 2102 1458 imperator

524 1482 673 1529 esset
698 1482 1073 1545 nuncupatus,
1109 1475 1396 1547 imperium
1429 1478 1710 1549 suscipere
1739 1480 2098 1536 detrectabat.

527 1565 595 1619 Et
631 1566 897 1623 militibus
961 1582 1057 1638 per
1109 1569 1216 1624 vim
1266 1584 1390 1624 eum
1447 1570 1789 1626 trahentibus
1828 1570 2100 1628 vocifera-

526 1655 694 1722 batur
739 1656 885 1712 nolle
941 1672 1025 1720 se,
1057 1658 1150 1728 qui
1185 1659 1534 1714 Christianus
1585 1669 1754 1725 esset,
1789 1659 2103 1716 hominibus

1939 267 2278 326 SOCRATIS

2112 394 2166 448 Δ

3669 264 3777 324 £36

2787 380 3038 437 ΚΕΦΔΔ.
3065 378 3195 434 KB'.

2407 471 2547 542 Περὶ
2593 470 2716 541 τῆςι
2757 471 3206 542 ἀναγορεύσεως
3245 472 3558 530 Ἰοσισνοῦ.

2267 565 2331 618 Oi
2373 563 2432 619 δέ
2463 562 2792 636 στρατιῶται
2821 565 2880 619 ἐν
2931 564 3162 638 μεγίστῃ
3200 563 3520 636 περιστάσει
3551 567 3780 638 γενόμε-

2195 668 2278 705 νοι
2309 661 2364 718 ι’,
2398 651 2564 722 μηδὲν
2604 652 2964 724 ὑπερθέμενοι
2996 691 3013 718 ,
3039 655 3106 724 τῇ
3159 653 3286 723 ἑξῆς
3337 653 3523 726 ἡμέρᾳ
3576 655 3786 712 ἀναδει-

2197 743 2419 799 κνύουσι
2472 743 2700 814 βασιλέα
2742 743 3027 811 ’1ο6ιανδν,
3055 744 3225 816 ἄνδρα
3271 748 3520 814 γενναῖον
3562 747 3658 801 καὶ
3686 748 3779 801 εύ-

2197 836 2350 906 γενῆ.
2375 835 2564 900 Ὅστις
2619 833 2896 906 χιλίαρχος
2923 833 3002 888 ῶν
3025 833 3189 905 ἡνίκα
3237 833 3522 900 Ἰουλιανὸς
3565 836 3780 908 αἰρεσιν

2197 927 2312 990 τοῖς
2339 924 2790 997 στρατευομένοις
2816 925 2964 997 νόμῳ
3009 924 3310 994 προύτίθει,
3337 924 3371 997 ἦ
3402 925 3550 980 θύειν
3579 927 3612 998 ἢ
3639 928 3780 981 ἀπο-

2199 1018 2588 1090 στρατεύεσθαι
2612 1057 2628 1084 ,
2674 1018 2873 1090 μᾶλλον
2917 1018 3015 1090 τὴν
3068 1016 3246 1089 ζώνην
3288 1019 3585 1074 ἀποθέσθαι
3644 1037 3782 1091 προ-

2198 1108 2454 1180 ηρεῖτο,ἢ
2479 1109 2717 1162 ἐκτελεῖν
2738 1108 2968 1172 ἀσεϐοῦς
2992 1107 3259 1179 βασιλέως
3283 1109 3582 1181 ἐπίταγμα.
3617 1110 3782 1164 Ἀλλά

2212 1199 2499 1263 Ἰουλιανὸς
2526 1200 2622 1271 μὲν
2663 1203 2732 1272 τῇ
2766 1199 2977 1272 ἀνάγκη
3009 1199 3105 1254 τοῦ
3133 1199 3484 1272 ἐπικειμένου
3514 1199 3777 1271 πολέμου,

2201 1293 2259 1345 ἐν
2296 1294 2408 1356 τοῖς
2463 1292 2858 1364 στρατηγοῦσιν
2895 1289 3010 1363 εἶχε
3045 1301 3068 1332 ³
3104 1291 3198 1346 τὸν
3227 1293 3414 1364 ἄνδρα.
3445 1293 3579 1348 Τότε
3612 1293 3669 1346 δὲ
3696 1295 3781 1348 al-

2203 1382 2381 1455 ρεθεὶς
2402 1384 2482 1448 είς
2515 1383 2576 1438 τὸ
2599 1383 2935 1454 βασιλεῦσαι,
2964 1386 3260 1456 παρῃτεῖτο
3282 1400 3295 1414 ·
3329 1385 3422 1456 βίᾳ
3447 1403 3506 1439 τε
3545 1386 3778 1454 ἑλκόμε-

2203 1491 2292 1538 νος
2326 1473 2430 1527 ὑπὸ
2451 1471 2557 1527 τῶν
2598 1473 2962 1544 στρατιωτῶν,
2988 1472 3138 1538 ἐϐόα,
3177 1474 3254 1546 μὴ
3284 1473 3568 1544 βούλεσθαι
3601 1474 3778 1543 λέγων

2207 1565 2512 1636 βασιλεύειν
2561 1565 2860 1638 ἀνθρώπων
2917 1565 3248 1637 Ἐλληνίζειν
3287 1565 3732 1638 προαιρουμένων
3761 1604 3778 1632 ,

2205 1658 2367 1722 αὐτὸς
2411 1656 2485 1712 ὢν
2530 1657 2873 1728 Χριστιανός.
2907 1658 2995 1722 Ὠς
3024 1653 3116 1712 οῦν
3166 1656 3318 1728 φωνὴ
3372 1659 3524 1728 κοινῇ
3560 1657 3780 1711 πάντων

524 1747 907 1818 superstitioni
974 1722 1267 1804 Gentilium
1303 1750 1505 1807 deditis
1541 1722 1831 1823 imperare.
1896 1750 2100 1807 Verum

2210 1748 2440 1815 Ἐγίνετο,
2466 1722 2802 1819 ὁμολογοῦσα
2843 1748 2938 1802 καὶ
2982 1722 3350 1810 αύτοῦςνεῐναι
3393 1722 3776 1816 Χριστιανοὺς,

527 1846 718 1909 postea
771 1854 938 1909 quam
977 1855 1171 1906 omnes
1229 1856 1341 1896 una
1396 1857 1530 1898 voce
1589 1842 1829 1912 professi
1884 1849 2013 1898 sunt
2041 1859 2102 1900 se

526 1945 749 2002 quoque
781 1930 1132 1988 Christianos
1187 1947 1334 2002 esse,
1375 1934 1494 2002 ipse
1551 1933 1774 2004 quidem
1809 1935 2101 2006 imperium

527 2023 794 2094 suscepit.
827 2021 1097 2078 Caeterum
1130 2024 1188 2080 in
1219 2040 1436 2080 summa
1491 2024 1814 2082 dillicultate
1877 2034 2103 2098 repente

527 2112 824 2170 derelictus
851 2111 907 2168 in
934 2112 1172 2179 hostico,
1223 2115 1490 2172 militibus
1539 2116 1680 2172 fame
1720 2117 2099 2188 pereuntibus,

530 2205 732 2261 bellum
762 2205 933 2261 certis
987 2205 1400 2264 conditionibus
1443 2208 1778 2264 terminavit.
1815 2207 1948 2276 Quae
1975 2209 2105 2266 licet

532 2295 779 2352 Romano
806 2296 1016 2352 nomini
1047 2297 1340 2365 indecore,
1372 2315 1471 2370 pro
1506 2307 1754 2372 tempore
1793 2311 1976 2357 tamen
2007 2317 2104 2358 ne-

529 2388 789 2453 cessariae
823 2386 995 2442 fuere.
1031 2388 1250 2443 Etenim
1305 2388 1508 2445 ﬁnibus
1566 2389 1781 2461 imperii
1815 2392 2100 2457 multatus,

530 2490 586 2544 et
612 2479 784 2536 Nisibi
817 2478 1224 2550 MesOpotamias
1263 2481 1398 2536 urbe
1429 2479 1614 2538 Persis
1657 2481 1878 2548 tradita,
1907 2498 1939 2539 e
1973 2483 2105 2539 Per-

533 2571 658 2631 side
696 2570 974 2628 discessit.
1009 2569 1105 2627 His
1131 2571 1297 2629 rebus
1326 2572 1618 2637 nuntiatis,
1653 2574 1953 2629 Christiani
1981 2575 2105 2645 qui-

532 2662 656 2719 dem
687 2662 905 2716 animos
947 2668 1361 2732 resumpserunt
1398 2680 1412 2717 :
1453 2663 1650 2734 pagani
1705 2679 1835 2719 vero
1871 2665 2106 2722 maximo

530 2751 725 2808 dolore
767 2748 948 2806 allecti
1009 2755 1140 2806 sunt
1176 2749 1247 2805 ob
1305 2749 1587 2810 inuiritum
1649 2750 1874 2808 Juliani.
1933 2752 2107 2810 Porro

533 2841 736 2902 milites
761 2839 1006 2896 universi
1038 2839 1401 2910 improvidam
1431 2841 1700 2912 principis
1742 2843 2105 2899 temeritatem

531 2932 885 3002 accusabant,
914 2941 968 2989 et
1007 2931 1282 3002 jacturam
1356 2932 1547 2988 linium
1593 2933 1644 2988 ei
1696 2934 1792 2988 uni
1823 2941 2104 3004 acceptam

2199 1839 2410 1910 δέχεται
2460 1839 2558 1912 μὲν
2615 1837 2713 1911 τὴν
2766 1837 3062 1910 βασιλείαν,
3115 1839 3173 1892 ἐν
3210 1837 3379 1908 στενῷ
3417 1838 3476 1892 δὲ
3521 1837 3780 1907 ἐξαίφνης

2200 1929 2533 2000 ἀποληφθεὶς
2558 1929 2616 1982 ἐν
2639 1931 2704 2000 τῇ
2735 1927 2980 2000 Περσῶν,
3007 1927 3101 1981 καὶ
3126 1928 3233 1981 τῶν
3262 1925 3608 2000 στρατιωτῶν
3634 1926 3778 1999 λιμῷ

2203 2019 2597 2092 φθειρομένων,
2622 2018 2918 2073 κατέλυσεν
2939 2019 3032 2072 ἐπὶ
3064 2018 3358 2088 συνθήκαις
3387 2017 3478 2071 τὸν
3517 2017 3776 2088 πόλεμον.

2201 2113 2269 2166 Δί
2302 2111 2568 2182 συνθῆκαι
2589 2110 2668 2176 δέ,
2702 2111 2840 2183 πρὸς
2868 2110 2966 2183 μὲν
2993 2109 3091 2182 τὴν
3119 2107 3277 2176 δόξαν
3325 2109 3612 2181 Ῥωμαίων
3639 2105 3780 2182 ἦσαν

2201 2204 2503 2274 ἀπρεπεῖς
2525 2203 2662 2274 πρὸς
2704 2203 2762 2256 δὲ
2790 2202 2886 2257 τὸν
2913 2201 3101 2270 καιρὸν
3139 2201 3450 2270 ἀναγκαῖαι.
3473 2201 3781 2272 Ζημιωθεὶς

2201 2296 2310 2367 γὰρ
2334 2295 2458 2360 τοὺς
2489 2296 2694 2367 Σύρους
2722 2294 2824 2365 τῆς
2857 2294 3035 2367 ἀρχῆς
3067 2294 3202 2364 (74),
3230 2294 3325 2348 καὶ
3359 2295 3639 2365 παραδοὺς
3663 2297 3778 2360 τοῖς

2203 2385 2440 2457 Πέρσαις
2453 2388 2558 2457 τὴν
2567 2388 2625 2440 ἐν
2645 2384 3038 2458 Μεσοποταμίᾳ
3055 2385 3271 2440 Νίσιϐιν
3293 2384 3466 2452 πόλιν,
3487 2385 3782 2457 ἐξήλαυνεν

2204 2477 2434 2535 ἐκεῖθεν.
2507 2477 2726 2532 Τούτων
2786 2478 3211 2548 διαγγελθέντων
3233 2519 3252 2546 ,
3305 2479 3624 2550 Χριστιανοὶ
3679 2480 3782 2551 μὲν

2212 2567 2617 2640 ἀνερρώννυντο
2653 2569 2768 2639 (75)
2795 2585 2809 2600 °
2839 2571 2888 2624 οί
2930 2569 2988 2623 δὲ
3017 2569 3118 2642 τὴν
3149 2569 3443 2642 θρησκείαν
3478 2571 3741 2644 Ἕλληνες
3760 2610 3778 2637 ,

2209 2659 2404 2724 πένθος
2434 2659 2711 2714 ἐποιοῦντο
2754 2659 2853 2733 τὴν
2893 2659 3179 2715 Ἰουλιανοῦ
3208 2661 3482 2734 τελευτήν.
3505 2662 3580 2716 Τὸ
3612 2679 3781 2734 στρα-

2205 2749 2456 2804 τιωτικδν
2477 2749 2534 2803 δὲ
2557 2748 2799 2821 σύμπαν,
2825 2749 2926 2820 τὴν
2943 2749 3256 2819 ἀφύλακτον
3282 2749 3448 2804 αὐτοῦ
3470 2751 3782 2823 θερμότητα

2205 2839 2584 2913 διεμέμφοντο,
2613 2841 2708 2895 καὶ
2730 2842 2830 2913 τὴν
2852 2841 3033 2898 αἰτίαν
3057 2841 3158 2912 τῆς
3179 2841 3381 2913 ζημίας
3402 2841 3511 2896 τῶν
3536 2843 3676 2914 ὅρων
3699 2843 3783 2908 είς

2207 2933 2368 2987 αὐτὸν
2393 2933 2655 3006 ἀνέφερον
2677 2973 2692 2997 ,
2728 2933 2811 2987 ὅτι
2845 2933 2952 2987 ῦπδ
2991 2932 3290 3003 αὐτομόλου
3327 2933 3542 3005 Πέρσου
3569 2935 3784 3006 ἀπατηιιρ

533 3023 847 3092 referebant
875 3041 890 3078 :
921 3023 1123 3094 quippe
1152 3023 1245 3094 qui
1279 3037 1310 3078 a
1359 3023 1643 3095 transfuga
1675 3023 1911 3095 quodam
1941 3023 2105 3080 Persa

2210 3023 2322 3088 θεὶς
2341 3062 2358 3089 ,
2392 3023 2460 3077 τὰ
2512 3022 2839 3095 σιτηγοῦντα
2887 3024 2974 3078 διὰ
3006 3023 3113 3076 τῶν
3143 3023 3403 3089 ποταμῶν
3454 3022 3614 3078 πλοῖα
3657 3039 3784 3078 κατ-

532 3115 592 3184 in
625 3113 874 3171 fraudem
911 3113 1190 3182 inductus,
1227 3115 1444 3188 navigia
1469 3116 1670 3188 quibus
1713 3131 1930 3172 annona
1973 3116 2108 3174 sub-

2214 3116 2412 3171 ικαυσε
2429 3119 2473 3183 ι,
2499 3115 2579 3170 διὸ
2603 3117 2697 3172 καὶ
2716 3114 2860 3190 λιμῷ
2881 3115 3204 3188 περιέπεσεν
3227 3117 3256 3171 ὸ
3285 3115 3534 3188 στρατός.
3555 3115 3688 3170 Τότε
3715 3114 3783 3194 δὴ

1711 3289 1977 3348 VALESII
1999 3289 2550 3350 ANNOTATIONES.

609 3381 724 3453 (⁷4)
759 3385 1082 3453 Ζημιωθεῑς
1133 3382 1245 3452 τὰρ
1276 3381 1414 3448 τοὺς
1467 3381 1698 3453 Σύρους
1737 3382 1850 3453 (ἧς
1895 3383 2110 3453 ἀρχῆςο

543 3452 1184 3525 κειιιιὶἀειιιιεείιιιιέἰη
1225 3452 1696 3525 omnibuslibris.
1735 3452 2113 3525 Neqnealiter

545 3520 798 3594 legerunt
850 3520 1190 3594 Epiphanius
1231 3521 1610 3594 Scholasticus
1655 3530 1709 3578 et
1747 3520 2108 3594 Nicephorum

545 3581 1053 3664 Epiplianius'enim
1081 3593 1153 3664 ita
1186 3593 1348 3664 vertit
1378 3610 1393 3646 ι
1425 3581 1900 3664 Αῃιίεεαληαηιᾳιιὲ
1926 3592 2106 3663 Syria,

543 3661 828 3748 gt'tradita'
846 3662 1027 3748 Persis
1073 3661 1272 3744 Nisibi,
1314 3670 1435 3748 .ctc.
1475 3661 1824 3748 yicep'borus'.
1858 3661 1988 3718 vero
2026 3665 2109 3719 sic

546 3733 707 3805 habet
718 3756 759 3805 ἐ
779 3735 895 3805 Kal
922 3734 986 3805 δή
1024 3731 1280 3805 τιναᾼτῶν
1306 3731 1582 3805 ὑποτελῶν
1616 3731 1908 3805 Ῥωμαίοις
1941 3746 2120 3805 παρα-

2220 3385 2578 3455 scribendum
2606 3384 2697 3455 sitA
2721 3385 2850 3448 τοὺς
2876 3383 3055 3455 ὅρους.
3088 3383 3208 3453 Qua
3239 3383 3627 3440 emendatione
3655 3399 3784 3440 cer-

2217 3457 2329 3525 tius
2359 3455 2514 3510 nihil.
2548 3452 2852 3510 Conﬁrmat
2884 3452 3030 3525 lianc
3065 3452 3503 3512 emendationem
3552 3456 3787 3525 ipsemet

2219 3523 2496 3596 Socrates,
2519 3525 2620 3596 qui
2657 3525 2827 3596 paulo
2880 3524 3026 3580 intra
3062 3525 3130 3580 de
3163 3526 3264 3580 hac
3294 3540 3353 3581 re
3401 3523 3657 3596 loquens,
3685 3523 3784 3595 ζη-

2218 3595 2484 3666 μίανητῶν
2513 3595 2655 3666 ὅρων
2667 3663 2675 3666 Α
2689 3593 2846 3650 dicit.

2285 3665 2400 3730 (75)
2438 3663 2914 3732 Ἀνὲρῤώννυντο
2959 3663 3272 3731 τελευτήν.
3325 3663 3472 3720 inter
3525 3663 3643 3721 hac
3672 3665 3788 3720 duo

2212 3736 2379 3790 verba
2409 3734 2600 3789 deerat
2657 3742 2877 3815 integra.
2925 3733 3070 3790 linea
3120 3735 3174 3815 in
3207 3735 3784 3815 es_cusisn_codicibus,

543 3801 668 3876 βοῦς
716 3801 1117 3876 ΠιέρσαιινὺίιιτὴνΔ
1138 3802 1326 3875 Σύρων
1367 3801 1741 3876 ἀρχήν-φημι*
1770 3803 1866 3856 καὶ
1914 3801 2107 3876 τὴνίέν

2210 3820 2375 3876 quam
2433 3820 2536 3876 nos
2585 3819 2653 3859 ex
2688 3801 2912 3876 optimis
2964 3806 3370 3876 exemplaribus
3428 3803 3788 3861 Florentiano

541 3871 937 3944 Μεσοποταμίᾳ
957 3871 1193 3938 Νίσιϐιν,
1215 3871 1326 3944 ὀιρ.
1364 3871 1756 3944 Atqui__ialst_lm
1792 3879 1900 3944 est,
1928 3871 2112 3944 Jovia-

543 3958 674 4009 num
710 3939 924 4014 Syriam
959 3943 1255 4014 tradidisse
1288 3939 1491 4014 Persis.
1520 3939 1932 4014 Nisibimenim
1962 3943 2114 4014 dun-

541 4008 773 4082 taxatei
823 4016 1078 4082 regiones
1107 4011 1581 4082 Transtigritanas
1623 4008 1810 4067 Persis
1858 4011 2104 4070 tradidit.

545 4079 728 4149 Quare
757 4099 872 4140 non
892 4079 1093 4139 dubito
1127 4085 1260 4154 quin
1290 4079 1397 4145 hoc
1433 4082 1555 4139 loco
1609 4097 1706 4152 pro
1737 4083 1863 4146 τοὺς
1897 4083 2108 4154 Σύρους

2209 3873 2276 3929 ac
2308 3874 2594 3945 Sfortiano
2644 3875 3039 3945 supplevimus.
3085 3873 3258 3930 Pcrro
3313 3876 3786 3945 Cbristophorso-

2213 3960 2342 4027 num
2483 3944 2849 3999 translatione
2874 3945 3120 4027 Socratis
3153 3946 3321 4027 nullis
3364 3944 3789 4027 _manu$criptis

2205 4003 2494 4087 codicibus
2527 4030 2689 4070 usum
2721 4028 2865 4079 esse.
2907 4015 2991 4071 vel
3031 4031 3176 4074 unus
3228 4016 3320 4072 hic
3364 4015 3523 4072 locus
3562 4003 3773 4087 perspi-

2214 4100 2316 4140 cue
2348 4085 2706 4140 demonstrat.

1968 4261 2350 4321 VARIORUM.

545 4367 968 4426 Alexandrinos.
1006 4379 1156 4421 χχιιι
1212 4377 1389 4419 annos
1436 4371 1624 4417 natum
1681 4376 1742 4416 se
1779 4374 1904 4416 esse
1953 4357 2111 4423 dicit,

2222 4361 2428 4432 militia:
2453 4378 2642 4418 munus
2669 4361 2739 4416 ad
2768 4362 3144 4432 tranquilliora
3173 4360 3294 4432 vitae
3316 4359 3564 4432 digressi,
3600 4358 3790 4432 inquit

548 4435 694 4510 quod
721 4438 850 4513 etin
890 4435 1228 4513 Dlisopogone
1248 4433 1566 4513 significat;
1589 4431 2116 4513 Ifieqtie‘contrai'ius
2147 4431 2192 4487 D
2220 4431 2399 4513 é‘rmn.
2431 4431 2699 4513 Marcell.,
2740 4433 2834 4513 lib.
2900 4430 3024 4495 τιν,
3055 4446 3192 4513 (ειη).Δ
3215 4431 3271 4486 5.
3305 4430 3438 4499 Ejus
3467 4430 3630 4513 patri.
3665 4448 3789 4485 cum

549 4499 636 4566 est
661 4518 744 4577 (ut
773 4509 895 4562 loco
919 4499 1488 4577 laudat'o__arbitratttr
1523 4499 1795 4577 Valesius)
1828 4499 2108 4577 socrates,

550 4569 770 4650 quando
821 4575 1018 4650 scribit
1075 4572 1352 4650 Julianum
1399 4587 1549 4650 anno
1605 4572 1781 4650 aetatis
1821 4569 2115 4650 tricesimo

552 4639 728 4715 primo
761 4645 1011 4717 periisse,
1039 4643 1138 4717 sed
1167 4649 1379 4717 tantum
1421 4641 1624 4717 indicat
1650 4639 2114 4717 tricesimum-se-

553 4708 792 4771 cundum
819 4714 1202 4782 incompletum
1219 4710 1394 4782 fuisse
1416 4711 1598 4782 :_quod
1622 4716 1940 4782 verum‘est.
1963 4708 2111 4778 (Ant.

556 4786 680 4854 Pagi
711 4786 777 4841 ad
803 4800 930 4837 ann.
967 4777 1105 4854 365ἒ
1130 4798 1186 4834 ιι.
1324 4778 1397 4833 De
1417 4779 1504 4834 die
1542 4777 1832 4854 einortuali
1860 4777 2116 4854 ananue

553 4848 734 4910 aetatis
757 4854 1030 4908 consentit
1070 4848 1362 4921 Eutropius
1391 4850 1580 4921 :quod
1610 4865 1739 4903 vero
1772 4848 1963 4921 scribit
1989 4862 2114 4921 cum

557 4927 788 4995 septimo
815 4924 1206 4995 imperiiqanno
1243 4917 1622 4984 interfectum,
1658 4933 1833 4979 annos
1897 4917 2114 4987 imperii

554 4993 788 5052 Caesarei
831 4993 1105 5060 intelligit.

632 5077 654 5104 τ
695 5066 797 5119 Ἐν
816 5064 1070 5132 μεγίστη
1102 5061 1448 5130 περιστάσει
1492 5061 1814 5130 γενόμενοι.
1845 5061 1958 5115 Non
1999 5069 2117 5114 tan-

557 5145 670 5190 tum
701 5136 770 5188 ob
810 5131 1070 5187 amissum
1097 5133 1396 5198 Julianum,
1430 5132 1524 5188 sed
1582 5131 1726 5201 quod
1777 5147 1899 5187 cum
1948 5132 2118 5199 impe-

559 5209 697 5260 rium
725 5203 1349 5266 Sallustiodctulisscnt,
1384 5205 1429 5258 is
1454 5203 1674 5256 morbos
1699 5211 1752 5256 et
1779 5210 2115 5257 senectutem

556 5287 838 5335 causatus,
875 5275 1132 5328 honorem
1191 5275 1355 5327 istum
1389 5288 1416 5326 a
1451 5288 1510 5327 se
1557 5271 1785 5340 depulit.
1831 5269 1978 5324 Inter
2022 5270 2116 5321 has

556 5362 770 5415 exiguas
819 5343 886 5397 ad
946 5354 1147 5396 tantam
1215 5360 1321 5398 rem
1369 5360 1562 5403 moras,
1615 5341 1844 5415 nonduin
1885 5340 2116 5406 pensatis

558 5410 851 5480 sententiis,
889 5415 1334 5467 tumultuantibus
1365 5416 1568 5480 paucis,
1595 5421 1652 5463 ut
1687 5413 1738 5464 in
1771 5410 1922 5464 rebus
1951 5420 2117 5462 extre-

560 5487 658 5542 mis
689 5501 822 5552 sarpe
851 5493 927 5539 est
980 5486 1199 5554 factum,
1239 5482 1495 5539 .Iovianus
1549 5483 1757 5554 eligitur
1805 5482 2114 5554 imperator,

558 5551 1200 5612 domesticorum’ordinis
1237 5555 1459 5616 primus,
1485 5553 1716 5620 paternis
1762 5551 1959 5604 maritis
2008 5565 2118 5602 me-

560 5628 814 5681 diocriter
863 5623 1312 5680 commendabilis.
1376 5621 1509 5676 Erat
1576 5623 1712 5674 enim
1797 5621 2115 5674 Varroniani

563 5697 825 5750 notissimi
852 5697 1055 5752 comitis
1086 5695 1248 5762 ﬁlius,
1279 5693 1418 5747 haud
1451 5691 1649 5746 dudum
1677 5700 1789 5760 post
1826 5691 2117 5768 depositum

2219 4501 2411 4556 liberos
2433 4504 2639 4558 crebros
2668 4505 2950 4567 amitteret,
2974 4509 3285 4571 praeceptum
3312 4501 3512 4571 somnio
3541 4510 3641 4571 est.
3667 4518 3790 4554 eum

2251 4571 2306 4624 ui
2327 4572 2441 4638 jam
2475 4575 2706 4628 instante
2731 4576 2914 4627 uxoris
2947 4569 3106 4642 partu
3130 4569 3360 4626 edendas
3393 4569 3784 4642 foret,_diceret

2256 4643 2524 4697 ovianum.
2555 4643 2659 4697 Hic
2684 4645 2785 4712 fuit
2833 4640 3055 4713 insignis
3096 4658 3331 4710 corpore.
3365 4643 3520 4696 la'tus
3552 4640 3788 4709 ingenio,

2217 4712 2516 4766 litterarum
2543 4712 3026 4769 studiosus.Vietor
3047 4715 3100 4768 in
3134 4715 3391 4780 epitome.

2289 4792 2310 4820 ³
2363 4783 2466 4855 Ἔν
2490 4784 2614 4850 τοῖς
2662 4785 3108 4855 στρατηγοῦσιν
3143 4784 3289 4853 εἶχε.
3351 4782 3482 4855 Erat
3499 4781 3790 4855 enimda-

2217 4853 2569 4924 mesticorurn
2601 4856 2811 4909 ordinis
2837 4853 3148 4924 primuSuut
3176 4869 3344 4924 supra
3368 4869 3432 4908 ex
3465 4853 3788 4924 Marcellino

2217 4923 2477 4993 vidimus.
2509 4923 2736 4979 Fallitur
2771 4920 2954 4993 itaque
2997 4920 3383 4987 Thcodoritus,
3420 4940 3544 4978 cum
3593 4921 3670 4993 ait
3698 4920 3792 4993 Jo-

2217 4991 2438 5047 vianum
2472 4994 2640 5049 fuisse
2675 4994 2797 5048 οῦτε
2840 4990 3166 5064 στρατηγὸν,
3190 4995 3315 5050 οὒτε
3351 4993 3460 5048 τῶν
3499 4990 3615 5062 μετ’
3643 4991 3791 5044 ἐκεί-

2219 5080 2360 5126 νους,
2393 5064 2488 5117 lib.
2523 5079 2595 5125 ιν,
2626 5079 2746 5133 cap.
2777 5081 2814 5118 ι.
2839 5063 2928 5118 W.
2961 5063 3185 5120 Lowrn.

2291 5137 2309 5171 ί
2339 5133 2524 5187 Πλοὶα
2552 5130 2906 5210 κατέκαυσε.
2926 5135 3202 5210 Julianus,
3227 5143 3516 5206 postquam
3541 5130 3788 5210 Euphra-

2219 5211 2325 5257 tem
2355 5217 2479 5255 cum
2503 5205 2744 5258 exercitu
2808 5206 3119 5268 transierat,
3155 5205 3320 5260 naves
3373 5213 3578 5259 temere
3620 5205 3791 5253 nimis

2218 5271 2370 5346 C_Xlil‘i
2397 5273 2589 5341 jussit.
2622 5275 2726 5330 iter
2760 5282 3021 5330 terrestre
3048 5289 3341 5346 aggressus
3365 5291 3379 5339 ;
3403 5272 3547 5327 unde
3574 5271 3788 5346 paucis

2219 5340 2412 5399 diebus
2452 5352 2638 5400 tantus
2697 5346 2976 5401 exercitus
3007 5346 3060 5398 in
3086 5340 3316 5400 'h'ostico
3358 5353 3412 5400 et
3455 5342 3626 5397 sterili
3668 5340 3791 5394 solo

2220 5415 2454 5482 positus.
2498 5414 2684 5483 inopia
2715 5416 2960 5468 omnium
2996 5431 3177 5470 rerum
3228 5415 3396 5484 premi
3427 5413 3619 5482 cmpit,
3666 5420 3788 5462 tan-

2220 5487 2449 5554 demque
2478 5484 2547 5538 ab
2576 5485 2826 5540 humanis
2846 5486 3104 5540 carnibus
3127 5486 3213 5540 vix
3243 5486 3574 5554 abstcntum,
3593 5495 3788 5548 quem-

2220 5551 2510 5609 admodum
2565 5555 2755 5609 scribit
2809 5557 2987 5609 Amm.
3051 5555 3424 5613 Marcellinus.
3488 5551 3565 5607 De
3596 5559 3788 5605 trans-

2223 5623 2347 5695 fuga
2381 5636 2559 5682 autem
2588 5624 2752 5681 Persa
2780 5624 2938 5686 nihil.
