4070 6204
256 307 368 366 437
1202 304 1524 361 HISTORIA
1563 303 1843 360 ECCLESI

1951 301 2114 360 "CA.
2155 303 2358 359 -—Llli.
2414 303 2495 358 Ill.
3440 299 3550 354 458

259 431 358 485 καὶ
392 431 422 482 ὁ
453 427 718 498 σοφιστὴς
747 427 996 490 Διϐάνιος
1028 427 1227 497 θρῆνον
1276 428 1370 480 ἐπὶ
1409 425 1683 498 Ἰουλιανῷ
1739 441 1848 478 συν-

1972 421 2270 477 veliebatur
2327 437 2424 489 per
2478 422 2700 484 llumcn,
2759 419 3200 473 combussisset:
3259 432 3423 486 quam
3475 417 3547 471 ob

259 527 510 585 έταττεν,
535 523 594 575 ὃν
647 521 933 576 Ἰουλιανὸν
984 523 1101 593 ἤτοι
1134 524 1423 593 ἐπιτάφιον
1468 523 1725 595 ἔγραψεν.
1766 521 1848 575 Ἐν

1963 527 2187 568 causam
2247 514 2527 568 exercitus
2581 512 2635 566 in
2694 509 3002 582 periculum
3051 507 3213 562 famis
3249 506 3542 563 inciderat.

256 609 303 685 ᾧ
333 615 501 684 λόγῳ,
536 613 716 668 πάντα
751 613 934 684 σχεδὸν
961 612 1029 667 τά
1052 615 1174 668 κατ’
1197 614 1359 669 αὐτὸν
1397 613 1848 685 ἐγκωμιαστικῶς

1961 613 2119 670 Tunc
2145 615 2312 669 etiam
2371 615 2634 670 Libanius
2687 611 2936 684 sophista
2969 611 3277 665 orationem
3315 611 3368 664 in
3426 611 3548 666 obi--

253 707 504 776 διεξῆλθε
541 721 557 736 ο
597 704 980 776 μνημονεύσας
1029 706 1125 759 καὶ
1159 705 1269 760 τῶν
1319 705 1558 776 βιϐλίων,
1593 699 1670 760 ὧν
1715 705 1858 760 κατά

254 794 608 866 Χριστιανῶν
649 794 934 859 Ἰουλιανὸς
973 795 1261 868 συνέθηκε,
1301 795 1398 852 καὶ
1431 796 1509 860 ὡς
1546 796 1631 866 εἴη
1665 796 1722 850 ἐν
1753 794 1856 849 αὖε·

252 891 369 950 τοῖς
398 887 616 955 γέλωτα
641 889 737 941 καὶ
766 887 1043 960 φλήναφον
1067 885 1355 953 ἀποδείξας
1372 887 1472 952 τάς
1508 887 1854 959 Χριστιανῶν

257 981 502 1051 βίϐλους.
526 981 588 1033 Ei
621 978 720 1050 μέν
750 975 844 1034 οὖν
868 980 936 1034 τά
961 980 1097 1034 ἄλλα
1119 978 1213 1033 τοῦ
1244 978 1505 1052 βασιλέως
1533 981 1561 1034 ὀ
1592 981 1856 1052 σοφιστὴς

255 1069 698 1142 ἐνεγκωμίαζεν,
728 1070 946 1141 ἡσύχως
987 1071 1054 1126 ἂν
1079 1071 1171 1125 ἐπὶ
1199 1071 1270 1126 τά
1300 1071 1534 1144 ἐχόμενα
1569 1070 1672 1142 τῆς
1709 1073 1850 1125 ίστο-

258 1165 383 1232 ρίας
412 1162 680 1228 ἐϐάδιζον.
709 1163 927 1235 Ἐπειδὴ
953 1163 1009 1216 δέ
1038 1163 1113 1228 ὡς
1132 1163 1302 1229 δεινὸς
1333 1165 1540 1236 ῥήτωρ,
1563 1165 1628 1234 τῇ
1661 1163 1851 1236 μνήμῃ

252 1256 367 1308 τῶν
404 1253 696 1308 Ἰουλιανοῦ
732 1255 956 1326 βιϐλίων
987 1256 1080 1309 τοῦ
1109 1253 1540 1330 Χριστιανισμοῦ
1578 1253 1851 1312 καθάπτε-

251 1364 373 1409 ται,
404 1347 656 1401 διατοῦτο
707 1347 884 1400 εἰπεῖν
935 1347 1026 1401 καὶ
1079 1349 1244 1418 ἡμεῖς
1284 1347 1442 1416 ὀλίγα
1490 1346 1618 1418 περὶ
1645 1345 1852 1401 τούτων

257 1437 692 1510 προαιρούμεθα,
724 1437 988 1510 πρότερον
1031 1435 1218 1502 θέντες
1249 1438 1413 1492 αὑτοῦ
1437 1437 1507 1493 τὰ
1538 1438 1777 1510 ῥήματα.

1958 715 2074 760 tum
2103 704 2306 762 Juliaui
2353 705 2692 778 composuit,
2725 720 2891 776 quam
2921 702 3226 765 Iulianum,
3277 703 3394 758 sive
3430 705 3550 763 ἐπιο

1956 797 2149 866 τὰφιον
2172 798 2474 869 inscripsit.
2508 799 2565 853 ln
2587 813 2694 869 qua
2729 804 2959 853 cunctas
3011 794 3124 852 fere
3152 795 3301 849 illius
3336 809 3425 850 res
3459 810 3549 865 ge-

1959 898 2076 945 stas
2110 905 2381 945 cnarrans
2412 891 2667 945 laudibus
2700 889 2957 944 extollit:
3001 887 3144 942 facta
3183 887 3349 943 etiam
3391 902 3546 941 men-

1953 979 2107 1036 tione
2161 981 2424 1035 librorum
2481 997 2620 1052 quos
2654 980 2909 1036 Julianus
2953 989 3147 1035 contra
3195 977 3547 1034 Christianos

1947 1071 2336 1136 elucubravit,
2372 1073 2426 1128 in
2458 1075 2663 1144 quibus
2691 1072 3016 1128 Christianae
3062 1069 3339 1140 religionis
3372 1068 3547 1124 libros

1954 1163 2216 1222 ridiculos
2293 1181 2519 1237 prorsus
2603 1182 2668 1221 ac
2762 1163 2925 1236 nugis
3001 1163 3234 1218 refertos
3303 1162 3371 1216 ab
3453 1161 3546 1216 illo

1951 1255 2362 1313 demonstratos
2388 1275 2514 1314 esse
2538 1259 2693 1314 dicit.
2725 1258 2890 1328 200
2917 1255 3074 1325 Quod
3103 1255 3150 1310 si
3181 1256 3271 1308 hlc
3295 1254 3545 1324 sophista

1949 1347 2194 1418 reliquos
2232 1349 2584 1420 imperatoris
2608 1357 2767 1405 actus
2793 1347 3021 1402 laudare
3057 1345 3195 1402 satis
3225 1345 3542 1406 habuisset,

1954 1437 2020 1490 ad
2053 1447 2371 1508 sequentem
2405 1440 2655 1496 historiae
2679 1448 2886 1495 textum
2920 1438 3121 1494 tacitus
3155 1436 3538 1508 progredercr.

255 1528 366 1583 Sed
402 1531 663 1600 quoniam
698 1539 886 1600 utpote
914 1537 1102 1586 orator
1131 1530 1446 1593 vehemens,
1477 1533 1769 1587 occasione
1818 1527 2084 1586 librorum
2115 1531 2346 1597 Juliani,
2381 1533 2749 1589 Christianam
2809 1532 3133 1603 religionem
3177 1528 3499 1602 perstringit
3522 1551 3542 1582 ι

254 1637 362 1677 nos
395 1637 616 1693 quoque
645 1637 818 1693 pauca
849 1623 917 1679 de
948 1623 1052 1679 hac
1079 1640 1139 1681 re
1171 1624 1356 1682 dicere
1389 1626 1798 1690 constituimus,
1826 1625 2009 1684 verbis
2041 1628 2190 1684 illius
2222 1629 2375 1700 prius
2410 1629 2466 1684 in
2500 1628 2737 1685 medium
2771 1627 3045 1683 adductis.

880 1719 1134 1776 ΚΕΦΛΛ.
1222 1721 1352 1775 Kl".

2549 1722 2706 1778 CAP.
2739 1720 2932 1777 XXIII.

289 1808 456 1876 Πρὸς
499 1807 784 1864 Λιϐάνιον
829 1808 938 1888 τᾲς
981 1809 1289 1888 tros-awth
1333 1811 1644 1884 ἀντιλογία
1687 1811 1824 1883 περὶ

1992 1813 2304 1884 Confutatio
2349 1832 2530 1873 eorum
2556 1813 2954 1888 qupri‘baniur
2985 1812 3162 1868 rhetor
3191 1810 3255 1866 de
3282 1809 3508 1868 Iuliano

889 1880 1246 1939 Ἰουλιανοῦ.

326 1968 442 2021 Τοῦ
479 1969 767 2040 χειμῶνος,
795 1969 1070 2041 φησὶ,τάς
1101 1971 1303 2035 νύκτας
1332 1972 1685 2039 ἐκτείνοντος,
1726 1975 1850 2028 ἐπι-

247 2058 498 2129 θέμενος
524 2060 554 2111 ὁ
572 2059 820 2130 βασιλεὺς
841 2063 962 2125 ταῖς
990 2061 1224 2132 βίϐλοις,
1248 2063 1305 2117 αἲ
1337 2063 1429 2118 τὸν
1457 2065 1522 2119 ἐκ
1557 2065 1850 2119 Παλαιστί-

249 2168 358 2222 νης
381 2150 688 2222 ἄνθρωπον,
704 2151 839 2205 Θεόν
870 2169 932 2205 τε
954 2152 1048 2207 καὶ
1081 2153 1218 2208 Θεοῦ
1247 2155 1414 2210 παῖδα
1440 2156 1673 2223 ποιοῦσι,
1701 2156 1849 2229 μάχῃ

249 2261 315 2296 τε
351 2245 542 2315 μακρᾷ
573 2243 667 2297 καὶ
712 2243 950 2322 ἐλέγχων
989 2245 1136 2318 ἰσχύϊ
1171 2245 1390 2315 γέλωτα
1420 2247 1710 2321 ἀποφήνας
1755 2249 1851 2302 καὶ

253 2335 542 2405 φλήναερον
577 2333 649 2388 τά
701 2334 990 2406 τιμώμενα
1015 2376 1030 2403 ,
1060 2336 1367 2409 σοφώτερος
1416 2338 1476 2392 ἐν
1505 2342 1617 2403 τοῖς
1665 2341 1851 2404 αὐτοῖς

252 2427 530 2480 δέδεικται
555 2427 650 2482 τοῦ
675 2428 876 2503 Τυρίου
903 2428 1174 2501 γέροντος.
1201 2429 1391 2495 Ἶλεως
1429 2430 1485 2485 δὲ
1511 2427 1665 2496 οὗτος
1697 2433 1725 2485 ὁ
1752 2430 1852 2485 Τύ-

254 2535 377 2589 ριος
439 2519 546 2591 εῐη,
596 2519 692 2573 καὶ
763 2520 972 2591 δέχοιτο
1023 2521 1270 2593 εὐμενῶς
1328 2521 1391 2576 τὸ
1459 2522 1622 2594 ῥηθὲν
1665 2522 1741 2586 ὡς
1783 2520 1850 2576 ἂν

253 2613 425 2677 υίέως
473 2611 784 2685 ἡττώμενος
818 2613 954 2686 (76).
989 2613 1176 2667 Ταῦτα
1231 2613 1330 2686 μὲν
1369 2613 1441 2668 τά
1492 2615 1716 2684 ῥήματα
1755 2612 1850 2666 τοῦ

254 2704 522 2774 σοφιστοῦ
563 2706 842 2762 Λιϐανίου.
860 2705 1003 2776 Ἐγὼ
1035 2705 1092 2760 δὲ
1133 2707 1392 2778 σοφιστὴν
1421 2706 1522 2779 μὲν
1551 2706 1714 2760 αὑτὸν
1734 2706 1851 2777 ἄρι-

257 2813 391 2849 στον
411 2795 663 2865 γενέσθαι
686 2797 828 2871 φημί
852 2815 868 2832 ο
899 2797 1198 2868 ἐπίσταμαί
1226 2815 1285 2852 τε
1325 2798 1442 2871 (77)
1472 2796 1550 2862 ὡς
1577 2797 1628 2851 εί
1661 2798 1735 2869 μὴ
1763 2798 1848 2868 εἴη

254 2887 340 2958 τῷ
371 2886 584 2958 βασιλεῖ
611 2890 755 2944 κατά
793 2889 922 2963 τὴν
939 2890 1236 2963 θρησκείαν
1268 2891 1542 2962 ὁμόδοξος,
1581 2884 1760 2946 πάντα
1783 2888 1850 2945 ἂν

250 2980 424 3035 αὑτὸν
455 2976 610 3035 εἶπεν
630 2983 731 3036 ὅσα
755 2983 806 3036 οἱ
853 2983 1169 3054 Χριστιανοὶ
1188 2983 1425 3052 λέγουσι,
1457 2983 1550 3037 καὶ
1571 2982 1648 3047 ὡς
1679 2982 1850 3050 είκὸς,

256 3073 359 3128 ἅτε
388 3072 645 3145 σοφιστὴν
663 3072 814 3138 ὄντα,
846 3075 1143 3146 μεγαλύναι
1168 3075 1238 3129 τά
1261 3075 1549 3147 λεγόμενα.
1578 3074 1733 3128 Ἐπεὶ
1754 3073 1851 3129 καὶ

253 3166 340 3227 είς
391 3133 772 3219 Κῶνστάντιον
803 3133 994 3229 ’ζῶντα
1023 3167 1120 3239 μὲν
1148 3133 1405 3231 ἐπαίνοῖδς
1440 3167 1682 3238 ἔγραφεν
1704 3183 1718 3198 ο
1757 3183 1848 3220 τε·
1877 3133 1924 3198 c

251 3253 620 3325 λευτήσαντος
638 3255 694 3309 δὲ
711 3255 896 3329 ὕϐρεις
909 3265 940 3294 ι
962 3258 1349 3330 μεστάς;ἐγκλη
1358 3259 1543 3329 μάτων
1567 3258 1846 3330 κατέχεεν.

256 3349 426 3400 Ὥστε
477 3349 524 3400 εί
560 3348 655 3401 κού⁵
679 3348 986 3421 Πορφύριος
1015 3344 1085 3421 ἦν
1117 3349 1390 3420 βασιλεὺς,
1435 3349 1748 3422 προκρίνειν
1780 3349 1851 3404 τὰ

253 3439 472 3492 ἐκείνου
518 3439 699 3508 βιϐλία
724 3439 836 3494 τῶν
881 3440 1173 3496 Ἰουλιανοῢ
1201 3455 1215 3471 ⁸
1253 3441 1347 3495 καὶ
1370 3442 1420 3495 εί
1468 3441 1754 3506 Ἰουλιανὸς
1779 3437 1850 3513 ἦν

256 3529 546 3599 σοφιστὴς,
569 3527 720 3586 εἶπεν
742 3530 808 3586 ἂν
839 3533 934 3586 καὶ
956 3532 1121 3587 αὑτὸν
1151 3533 1322 3588 κακὸν
1359 3535 1638 3605 σοφιστὴν,
1666 3534 1742 3598 ὡς
1757 3534 1850 3588 καὶ

265 3620 586 3693 Ἑκηϐόλιον
636 3626 697 3679 ἐν
747 3625 827 3697 τῷ
877 3627 1150 3698 ἐπιταφίῳ
1195 3626 1505 3683 ’1ουλιανοῦ.
1567 3628 1719 3682 Ἐπεὶ
1754 3624 1849 3683 οὖν

255 3717 471 3780 ἐκεῖνος
503 3718 598 3772 καὶ⁸
631 3719 708 3784 ὡς
742 3720 997 3790 ὁμόδοξος
1026 3721 1122 3776 καὶ
1155 3721 1233 3786 ὡς
1267 3721 1545 3794 σοφιστὴς,
1574 3721 1670 3776 καὶ
1696 3721 1850 3792 φίλος

256 3805 339 3876 τῷ
361 3805 593 3878 βασιλεῖ,
618 3808 720 3863 ὅσα
746 3809 920 3863 ἐδόκει
941 3809 1091 3882 αὑτῷ
1117 3811 1385 3884 διεξῆλθε,
1419 3811 1513 3866 καὶ
1535 3811 1695 3883 ἡμεῖς
1714 3811 1850 3876 πρὸς

255 3898 330 3951 τά
362 3897 454 3951 ὑπ’
478 3899 644 3953 αὑτοῦ
701 3901 1005 3974 γραφέντα,
1045 3903 1188 3958 κατὰ
1234 3903 1464 3976 δύναμιν
1524 3904 1851 3976 ἀπαντήσω-

258 4005 384 4060 μεν.
419 3989 647 4061 Πρῶτον
698 3992 796 4062 μὲν
841 3993 952 4065 γάρ
981 4011 1168 4064 φησιν,
1202 3994 1365 4050 αὑτὸν
1411 3995 1696 4050 ἐπιθέσθαι
1726 3997 1848 4060 ταῖς

257 4081 490 4152 βίϐλοις,
520 4083 613 4137 τοῦ
652 4085 922 4155 χειμῶνος
971 4087 1069 4150 τάς
1123 4086 1326 4151 νύκτας
1387 4087 1740 4152 ἐκτείνοντος.
1777 4089 1851 4142 Τὸ

251 4175 316 4229 δέ
348 4176 633 4230 ἐπιθέσθαι
665 4179 1040 4248 σημαίνει.ὂτι
1061 4181 1222 4251 ἔργον
1256 4179 1410 4235 ἔθετο
1427 4180 1594 4251 ψόγον
1620 4180 1848 4252 γράψαι,

255 4269 337 4331 ὡς
382 4268 503 4333 ἔθος
545 4273 657 4334 τοῖς
709 4275 990 4340 σοφισταῖς
1024 4276 1196 4326 ποιεῖν
1233 4274 1291 4328 ἐν
1322 4277 1387 4346 τῇ
1419 4273 1528 4328 τῶν
1565 4274 1699 4328 νέων
1741 4277 1851 4328 εἰσ-

257 4362 477 4429 αγωγῇ.
503 4360 680 4414 Πάλαι
717 4361 825 4430 γάρ
852 4361 950 4425 τὰς
986 4361 1200 4432 βίϐλους
1234 4363 1512 4431 ἐπίστατο,
1534 4365 1654 4418 τότε
1677 4365 1733 4419 δέ
1756 4367 1849 4418 ἐπ-

2655 1886 2818 1940 dixit.

2019 1978 2247 2046 Hieme,
2313 1979 2532 2053 inquit,
2578 1986 2769 2035 noctes
2819 1975 3185 2042 extendente,
3235 1973 3540 2046 imperator

1950 2067 2126 2126 libros
2164 2068 2290 2126 illos
2313 2084 2606 2141 aggressus
2636 2068 2729 2139 qui
2760 2067 3040 2123 hominem
3086 2064 3537 2122 Palaestinensem

1952 2159 2125 2217 Deum
2148 2175 2212 2217 ac
2237 2160 2334 2218 Dei
2361 2159 2562 2216 Filium
2591 2159 2822 2226 faciunt,
2851 2158 3014 2229 longa
3041 2158 3457 2214 concertatione
3480 2165 3539 2214 et

1950 2264 2400 2326 argumentorum
2433 2253 2637 2310 invicta
2670 2252 2745 2317 vi,
2787 2251 3021 2308 ridicula
3054 2257 3110 2307 et
3148 2265 3322 2324 nugas
3352 2264 3537 2308 meras

1949 2361 2072 2402 esse
2094 2362 2216 2418 qua:
2236 2347 2306 2402 ab
2330 2347 2439 2402 illis
2461 2346 2724 2402 coluntur
2745 2342 3024 2400 ostendit:
3050 2341 3215 2415 Tyrio
3238 2359 3371 2399 sene
3390 2343 3537 2414 peri-

1952 2438 2060 2493 tior
2079 2445 2245 2507 atque
2266 2437 2571 2508 sapientior
2593 2437 2648 2492 in
2668 2450 2735 2492 eo
2756 2445 3030 2506 repertus.
3050 2431 3330 2506 Propitius
3350 2442 3536 2490 autem

1952 2528 2086 2583 mihi
2107 2529 2198 2593 sit,
2221 2545 2344 2596 oro,
2360 2527 2562 2601 Tyrius
2586 2527 2700 2593 ille,
2730 2534 2786 2584 et
2804 2525 3013 2581 dictum
3037 2525 3253 2595 placide
3273 2525 3534 2595 accipiat,

1953 2628 2141 2692 utpote
2159 2635 2191 2675 a
2213 2621 2326 2676 ﬁlio
2345 2620 2546 2675 victus.
2571 2620 2698 2674 Haec
2731 2625 2863 2674 sunt
2887 2615 3103 2672 Libanii
3131 2617 3394 2686 sophista:
3413 2631 3534 2672 ver-

1951 2713 2040 2768 ba.
2069 2711 2180 2784 Ego
2203 2727 2330 2768 vero
2355 2710 2872 2784 praestantissimum
2893 2707 3115 2779 quidem
3137 2707 3440 2778 sophistam
3465 2708 3536 2763 il-

1952 2806 2065 2860 lum
2087 2804 2105 2858 l
2111 2804 2258 2861 uisse
2277 2803 2364 2860 aio
2387 2821 2400 2859 :
2420 2804 2513 2859 sed
2532 2818 2629 2874 pro
2648 2810 2801 2858 certo
2822 2801 3144 2864 habeo,cum
3167 2800 3270 2854 nisi
3288 2799 3535 2871 ejusdem

1954 2911 2079 2953 cum
2103 2896 2434 2966 imperatore
2471 2893 2656 2949 cultus
2692 2905 2760 2946 ac
2778 2887 3062 2962 religionis
3095 2888 3311 2952 fuisset,
3350 2887 3534 2951 omnia

1953 3003 2074 3058 quae
2098 3001 2131 3042 a
2151 2985 2490 3042 Christianis
2521 2984 2806 3047 dicuntur,
2842 2991 3037 3038 contra
3072 2981 3226 3036 illum
3263 2980 3536 3038 dicturum

1957 3076 2169 3146 fuisse;
2201 3085 2367 3149 atque
2392 3083 2456 3132 ut
2486 3073 2787 3132 verisimile
2812 3082 2920 3142 est,
2946 3080 3209 3143 tanquam
3232 3072 3534 3143 sophistam

1952 3186 2017 3228 ea
2041 3169 2665 3243 ampliﬁcaturumﬁam
2687 3176 2742 3226 et
2759 3165 3168 3231 Constantium,
3183 3165 3536 3236 superstitem

1953 3263 2176 3335 quidem
2194 3263 2421 3334 scriptis
2455 3262 2510 3318 in
2538 3277 2663 3319 eum
2693 3259 2964 3318 encomiis
2984 3259 3221 3315 ornavit.
3263 3258 3452 3325 Quare
3486 3258 3535 3315 si

1953 3354 2293 3427 Porphyrius
2323 3355 2622 3424 imperator
2654 3351 2872 3415 fuisset,
2907 3349 3026 3421 ejus
3063 3349 3234 3404 libros
3261 3347 3537 3418 praetulis-

1953 3456 2037 3504 sct
2057 3447 2211 3503 libris
2229 3445 2434 3501 Juliani
2455 3463 2471 3502 ι
2493 3453 2546 3500 et
2563 3447 2610 3502 si
2629 3442 2882 3500 Julianus
2903 3441 3093 3497 luisset
3117 3441 3386 3512 sophista,
3407 3454 3536 3496 eum

1952 3554 2175 3612 quoque
2230 3537 2434 3593 malum
2482 3537 2790 3608 SOpbistam
2848 3535 3196 3605 appellasset,
3246 3533 3389 3588 sicut
3433 3546 3535 3604 ap-

1955 3629 2123 3700 pellat
2150 3625 2466 3683 Ecebolium
2515 3626 2572 3681 in
2606 3627 2855 3682 oratione
2881 3624 3095 3680 funebri
3135 3640 3298 3695 quam
3346 3622 3401 3677 in
3438 3620 3536 3677 Ju-

1952 3724 2160 3778 lianum
2215 3717 2520 3792 inscripsit.
2562 3718 2698 3774 Cum
2738 3718 2906 3790 igitur
2947 3717 3037 3773 ille
3073 3724 3332 3788 tanquam
3383 3715 3536 3787 ejus-.-

1951 3814 2076 3871 dem
2141 3828 2267 3871 cum
2325 3819 2658 3884 imperatore
2718 3810 2942 3875 cultus,
3006 3817 3062 3865 et
3116 3816 3377 3880 tanquam
3441 3823 3535 3863 so-

1953 3907 2136 3979 phista
2166 3914 2332 3977 atque
2365 3903 2580 3959 amicus
2626 3901 3001 3973 imperatoris,
3035 3916 3378 3976 quaacunque
3427 3898 3532 3969 ipsi

1953 3999 2298 4063 videbantur,
2336 3993 2664 4061 narraverit,
2695 4009 2798 4050 nos
2835 4009 3056 4066 quoque
3084 3993 3155 4048 iis
3185 4008 3307 4064 qua:
3344 3991 3414 4046 ab
3440 3991 3533 4046 illo

1955 4091 2160 4161 scripta
2193 4097 2343 4156 sunt,
2373 4103 2473 4158 pro
2523 4086 2670 4142 virili
2705 4093 2860 4155 parte
2898 4085 3381 4155 respondebimus.
3414 4081 3532 4135 Pri-

1955 4198 2104 4237 mum
2154 4182 2253 4247 ait,
2323 4180 2480 4234 iilum
2516 4179 2647 4234 dum
2704 4177 2883 4236 hiems
2947 4183 3137 4230 noctes
3193 4172 3531 4237 extenderet,

1955 4277 2128 4330 libros
2167 4287 2491 4343 aggressum
2552 4284 2696 4325 esse.
2734 4267 2850 4324 l-lcc
2883 4275 3068 4324 autem
3121 4266 3376 4328 verbum.
3439 4279 3528 4335 ag-

1953 4365 2130 4438 gredi,
2177 4365 2451 4436 signilicat
2507 4360 2661 4415 illum
2712 4358 2866 4414 omni
2921 4358 3112 4416 studio
3163 4357 3220 4412 in
3275 4357 3326 4412 id
3376 4359 3528 4411 incu-

258 4450 440 4504 έθετο.
473 4452 586 4505 Καὶ
612 4453 758 4524 μάχῃ
801 4456 988 4526 μακρᾷ
1020 4456 1305 4526 σχολάσας,
1333 4456 1430 4528 οὐχ
1477 4459 1552 4521 ὦς
1585 4475 1718 4528 φησι
1752 4459 1846 4511 Λι-

1955 4459 2162 4519 buisse,
2205 4465 2264 4510 ut
2304 4452 2763 4523 vituperationem
2796 4451 3202 4513 conscriberet,
3240 4449 3386 4504 sicut
3416 4463 3528 4500 mo-

256 4541 470 4606 ϐάνιος,
504 4542 742 4614 ἐλέγχων
776 4543 940 4614 ἰσχύϊ,
976 4545 1110 4599 ἀλλά
1147 4541 1414 4619 ’ἀσθενείᾳ
1455 4548 1548 4601 τοῦ
1592 4547 1841 4619 ἀληθοῦς,

253 4632 329 4687 τὰ
369 4633 557 4699 καλῶς
607 4636 821 4700 ἐαυτοίς
853 4637 1234 4710 ἡσφαλισμένα
1269 4639 1382 4712 (78)
1406 4681 1422 4704 ,
1454 4641 1529 4705 ὡς
1573 4639 1844 4711 φιλοσκώ-

1957 4550 2033 4604 ris
2094 4557 2180 4604 est
2234 4543 2520 4616 suphistis.
2561 4559 2689 4599 cum
2753 4543 2890 4597 artis
2938 4541 3246 4596 rudimenta
3308 4537 3528 4592 tradunt

1954 4638 2424 4698 adolescentibus.
2491 4635 2705 4698 Etenim
2795 4633 2967 4690 libros
3023 4632 3149 4688 illos
3204 4629 3529 4703 jampridem

3551 4761 3561 4817 ί

465 4801 478 4832 ι
1443 4773 1716 4830 VALESII
1756 4773 2320 4836 ANNOTATIONES.

327 4868 443 4937 (76)
480 4869 592 4921 Ἀν
623 4867 731 4934 υἱῷ
767 4866 1109 4937 ἡττώμενοι.
1178 4869 1234 4923 In
1281 4867 1505 4937 optimis
1551 4869 1838 4926 codicibus

250 4938 586 5011 Florentino
627 4946 683 4993 et
713 4938 1016 5011 Slortiano
1060 4939 1261 5011 legitur:
1285 4939 1361 5011 ᾡς
1412 4937 1479 5011 ᾂν
1515 4939 1616 5009 υἱῴ
1658 4940 1834 5011 ἡττώ-

258 5026 448 5079 μενος,
479 5006 682 5064 Verum
710 5010 766 5063 in
802 5009 920 5078 ipsa
947 5006 1198 5064 oratione
1241 5008 1480 5073 Libanii,
1522 5006 1689 5079 quani
1720 5026 1837 5064 ma-

249 5078 599 5150 nuscriptam
660 5079 913 5150 legimus.
967 5082 1234 5150 scriptum
1271 5086 1376 5150 gest
1430 5079 1506 5143 ὡς
1540 5078 1639 5150 ἂν
1674 5081 1837 5144 υίέως

251 5147 591 5220 ἡττώμενος,
626 5147 773 5220 quod
825 5151 999 5220 magis
1031 5147 1228 5220 placet.
1268 5149 1443 5204 Porro
1475 5151 1589 5205 hate
1621 5149 1836 5205 Libanii

249 5221 435 5273 oratio
468 5221 718 5276 funebris
761 5220 831 5275 de
891 5222 1146 5278 laudibus
1203 5221 1556 5290 imperatoris
1604 5220 1831 5285 Juliani,

251 5290 395 5343 edita
422 5290 646 5359 quidem
685 5301 770 5346 est
797 5307 826 5343 a
870 5290 1096 5346 Morello
1152 5292 1206 5346 in
1248 5290 1495 5346 secundo
1525 5299 1672 5361 torno
1705 5306 1836 5361 ope-

253 5375 375 5414 rum
405 5362 660 5431 ejusdem
693 5362 929 5424 Libanii,
973 5363 1070 5418 sed
1125 5361 1564 5431 corruptissima.
1611 5359 1758 5414 Nanf
1783 5369 1838 5414 et

254 5433 692 5503 transpositione
755 5433 993 5487 duorum
1054 5433 1487 5503 quaternionum
1544 5431 1836 5503 insigniter

253 5499 455 5574 [redata
483 5514 565 5574 est
602 5523 615 5558 :
653 5512 708 5558 et
738 5512 1002 5574 praeterea
1029 5499 1240 5574 aliquot
1275 5501 1837 5574 paginarumlacuna

252 5568 483 5630 laborat.
517 5573 626 5631 Sed
669 5568 774 5632 no's
835 5575 1013 5645 ipsam
1061 5568 1291 5645 quidem
1354 5568 1836 5641 transpositionem

1936 4883 2050 4941 jam
2119 4869 2328 4941 pridem
2393 4863 2881 4941 deprehendimus.
2915 4861 3226 4941 .Lacunam
3273 4877 3406 4941 vero
3464 4881 3526 4941 ex
3600 4881 3608 4890 “

1941 4933 2320 5008 iuanuécripto
2350 4933 2538 4994 cudi—cc
2562 4933 2790 5008 Joannis
2821 4933 3015 5008 Altini_
3035 4933 3439 5008 supplcrimus.
3475 4937 3526 4990 iu

1938 5027 2047 5082 qua
2077 5002 2355 5082 locus'ille
2383 5012 2565 5082 exstat
2593 5005 2717 5082 qui_
2736 5018 2887 5082 nunc
2924 5019 2952 5082 ξ
2984 5002 3212 5058 Socrate
3228 5004 3526 5082 lautlalur.

2012 5081 2126 5150 (77)
2166 5071 2632 5150 ’Errlo'tajtrdye'.
2684 5071 3048 5150 Seribendunt
3073 5083 3204 5144 puto
3224 5075 3524 5150 ἐπίσταμαι

1938 5143 2028 5212 δέ,
2055 5143 2186 5205 etc..
2221 5157 2278 5203 ut
2304 5143 2639 5218 respondeat
2666 5143 2744 5218 τῷ
2773 5145 2872 5218 μέν
2901 5144 3048 5218 quod
3075 5143 3385 5218 praecessit.

2015 5222 2126 5290 (78)
2168 5219 2243 5273 Τὰ
2273 5215 2475 5290 καλῶς
2519 5215 2754 5290 ἑαυτοῖς
2779 5215 3260 5290 ἠᾳφαλισμένφ
3291 5215 3521 5290 Epipha-

1943 5287 2069 5346 nius
2111 5287 2503 5344 'Scliolasticus
2562 5302 2666 5357 pro
2694 5287 2904 5357 ἐαυτοῖς
2959 5287 3155 5357 legisse
3217 5287 3434 5340 videtur
3465 5287 3521 5335 ἐν

1943 5363 2153 5424 αὑταῖς.
2172 5361 2365 5430 διψρὶρ
2393 5355 2617 5428 βίϐλοις.
2647 5355 2740 5411 Sic
2766 5356 2911 5412 enim
2939 5355 3096 5411 vertit
3122 5357 3267 5426 hunc
3301 5357 3476 5407 locum
3507 5370 3519 5405 :

1947 5432 2015 5502 Et
2053 5447 2168 5502 qua:
2225 5430 2348 5502 bene
2395 5430 2794 5502 ilticAcauleque
2849 5437 2969 5482 sunt
3020 5432 3212 5495 posita,
3272 5433 3519 5491 tanquam

1946 5498 2220 5556 detractor
2243 5501 2480 5555 lacerare
2511 5498 2814 5554 laborabat.

1701 5681 2093 5739 VARIORU'M.

328 5795 358 5828 ι
400 5786 887 5859 Τελευτήσαντος
919 5785 987 5843 δὲ
1024 5787 1244 5856 ὕϐρεις.
1279 5786 1338 5842 ln
1374 5785 1475 5842 hac
1498 5784 1612 5858 ipsa
1644 5783 1712 5842 de
1736 5781 1848 5838 laut

1951 5795 1990 5837 IS
2021 5776 2228 5852 Juliani
2273 5779 2493 5840 funebri
2534 5775 2803 5832 oratione.
