4070 6204
504 305 610 360 459
1981 300 2095 358 8οί

2198 299 2324 358 .TIS
3649 307 3756 362 ΗΘ

511 416 761 488 cognitos
785 412 1037 468 habebat.
1078 412 1231 468 Tunc
1272 429 1400 471 vero
1436 416 1705 474 adversus
1751 417 1877 474 illos
1907 417 2076 488 impe-

2198 431 2320 488 ττης
2371 419 2608 490 διέσυρε.
2639 420 2753 484 Πᾶς
2785 418 2892 489 γὰρ
2919 419 2948 472 6
2998 417 3301 490 μαχόμενός
3345 436 3475 483 τινι,
3505 418 3599 473 νῦν
3660 421 3762 490 μὲν

512 521 626 563 tum
657 507 785 561 fecit
820 524 832 559 :
866 506 1138 576 longaque
1193 506 1444 564 instituta
1497 511 1928 576 concertatione,
1966 524 2076 565 non

2198 508 2568 581 παρατρέπων,
2596 508 2688 564 νῦν
2710 508 2766 562 δέ
2798 508 3148 580 ἐπικρύπτων
3179 508 3275 580 τὴν
3300 507 3580 580 ὰλήθειαν,
3595 527 3765 562 κατα-

509 599 657 653 sicut
687 598 763 651 ait
802 595 1089 661 Libanius,
1140 606 1596 666 argumentorum
1637 600 1824 656 valido
1880 601 2080 656 robore

2198 599 2434 670 ρεύδεται
2463 598 2556 653 τοῦ
2588 600 2724 671 πρὸς
2755 601 2813 654 ὃν
2837 601 2870 670 ἡ
2897 601 3046 672 μάχη
3093 601 3427 656 συνίσταται.
3461 603 3622 657 Καὶό
3655 604 3762 656 ἀπο

510 705 605 745 eos
645 690 1000 759 Oppugnavit,
1038 689 1134 744 sed
1177 705 1276 759 pro
1310 693 1561 749 veritatis
1592 694 1781 765 inepia
1823 692 1896 748 ad
1936 695 2080 749 sales

2198 691 2356 762 ίχθῶς
2386 691 2524 762 ἔχων
2559 692 2696 762 πρός
2724 709 2871 757 τινα,
2900 691 3079 746 πάντα
3112 692 3188 755 ὡς
3223 692 3480 764 πολέμιος
3505 694 3568 746 οὐ
3601 693 3766 763 μόνον

509 790 564 836 et
592 779 752 850 jocos
776 795 1100 846 conversus,
1144 783 1345 852 quibus
1395 784 1645 855 impense
1681 786 2078 850 delectabatur,

509 887 572 926 ea
605 887 727 941 qurc
758 873 813 926 in
871 872 983 928 illis
1013 873 1171 930 libris
1204 885 1351 930 recte
1402 877 1645 931 stabilita
1679 884 1827 941 sunt,
1878 877 2078 933 irrisit.

511 962 837 1032 Quicunque
880 963 1027 1021 enim
1083 975 1358 1021 certamen
1398 969 1659 1026 adversus
1690 971 1920 1026 alterum
1957 985 2082 1026 sus-

509 1054 693 1123 cepit,
732 1069 880 1111 nunc
912 1058 1281 1124 pervertendo
1327 1060 1640 1127 veritatem,
1695 1077 1844 1119 nunc
1893 1065 2084 1120 occul-

511 1146 698 1207 tando,
737 1147 960 1202 mentiri
1009 1149 1151 1203 solet
1179 1149 1447 1208 adversus
1499 1168 1623 1209 cum
1679 1165 1870 1210 contra
1921 1170 2082 1227 quem

512 1237 764 1292 instituta
841 1245 928 1293 est
1017 1239 1343 1310 disputatio.
1439 1242 1504 1298 Et
1591 1247 1910 1318 quicunque
2001 1248 2051 1301 al

477 1315 692 1380 'terum
753 1326 884 1381 odio
929 1331 1309 1400 prosequitur,
1358 1336 1544 1391 omnia
1607 1315 1866 1408 tanquam
1910 1337 2085 1393 hostis

513 1417 671 1485 201
708 1432 816 1471 non
843 1418 1022 1474 solum
1063 1435 1224 1491 agere
1249 1433 1442 1480 contra
1476 1426 1652 1495 illum,
1684 1443 1874 1483 verum
1920 1431 2083 1485 etiam

512 1507 664 1578 loqui
699 1508 884 1564 studet
914 1528 928 1564 :
979 1517 1035 1566 et
1067 1527 1187 1582 quae
1227 1514 1284 1570 in
1315 1515 1437 1586 ipso
1468 1517 1659 1573 insunt
1696 1521 1863 1587 mala,
1929 1535 1996 1576 ea
2029 1522 2084 1574 in

515 1598 671 1653 illum
698 1615 937 1669 quocum
965 1601 1285 1660 inimicitias
1309 1614 1551 1674 exercet,
1596 1617 1815 1666 vertere
1852 1625 2088 1668 consue-

513 1690 615 1745 vit.
646 1689 951 1762 Utrumque
988 1709 1179 1764 porro,
1214 1693 1495 1752 Iulianum
1526 1701 1737 1756 scilicet
1759 1710 1926 1772 atque
1951 1701 2087 1758 Por-

515 1782 794 1853 phyrium,
841 1798 1006 1854 quem
1036 1783 1262 1856 Tyrium
1290 1803 1475 1845 senem
1511 1791 1753 1862 appellat
1785 1791 2047 1850 Libanius
2067 1837 2081 1860 ,

519 1875 836 1930 scommatis
891 1874 1196 1934 delectatos
1255 1879 1449 1949 fuisse,
1512 1899 1578 1938 ex
1633 1884 1881 1954 ipsorum
1931 1886 2088 1942 libris

519 1965 886 2022 convincitur.
936 1966 1458 2043 Nam‘Porpbyrius
1518 1975 1743 2044 quidem
1803 1977 1860 2032 in
1929 1977 2088 2034 libris

521 2071 667 2126 quos
707 2058 936 2128 scripsit
973 2059 1041 2116 de
1090 2060 1324 2117 historia
1366 2063 1785 2136 philosophica,
1843 2067 2090 2125 Socratis

528 2146 984 2218 philosophorum
1041 2150 1286 2205 omnium
1322 2154 1767 2211 excellentissimi
1805 2155 1975 2211 vitam
2014 2158 2091 2212 ri-

523 2236 709 2294 dicule
752 2237 1036 2295 traduxit:
1081 2255 1257 2313 eaque
1287 2243 1355 2300 de
1401 2245 1496 2300 illo
1541 2247 1765 2318 scriptis
1813 2247 2088 2318 prodidit,

522 2342 646 2396 qua:
669 2341 771 2386 nec
799 2326 1018 2385 Melitus
1038 2345 1277 2400 unquam
1313 2347 1416 2388 nec
1446 2331 1690 2405 Anytus,
1723 2333 1969 2392 Socratis
1994 2349 2092 2392 ac-

523 2426 841 2487 cusatores,
889 2432 1083 2476 contra
1121 2423 1272 2478 illum
1303 2423 1485 2481 dicere
1527 2426 1652 2482 ausi
1683 2426 1930 2496 fuerunt,
1987 2426 2092 2484 So-

525 2514 716 2578 cratis,
753 2513 1001 2583 inquam,
1040 2530 1201 2584 quem
1249 2530 1440 2574 omnes
1474 2517 1646 2574 Graeci
1700 2519 1970 2576 mirantur
2023 2522 2094 2578 ob

523 2602 848 2658 modestiam
894 2613 950 2660 et
987 2606 1261 2674 justitiam
1311 2607 1563 2679 aliasque
1611 2610 1887 2680 virtutes;
1931 2628 2094 2684 quem

523 2693 682 2750 Plato
723 2697 1122 2756 celeberrimus
1168 2701 1314 2772 apud
1365 2702 1489 2760 illos
1514 2703 1897 2776 philosophus,
1931 2722 2096 2777 quem

526 2785 870 2858 Xenophon.
930 2797 986 2844 et
1055 2791 1300 2862 reliquus
1359 2793 1822 2867 philosophorum
1867 2785 2094 2864 chorus,

531 2895 641 2937 non
673 2881 850 2935 solum
898 2888 1158 2954 tanquam
1197 2883 1315 2942 Deo.
1341 2886 1568 2944 charum
1611 2891 1942 2962 suspiciunt,
2003 2906 2098 2947 ve-

526 2984 652 3023 rum
685 2970 850 3024 etiam
867 2987 1035 3042 supra
1070 2972 1295 3028 humani
1325 2971 1530 3046 ingenii
1586 2988 1808 3050 captum
1844 2982 2099 3052 sapuisse

2131 813 2148 825 ι
2182 784 2443 856 πράττειν
2466 823 2481 846 ,
2515 783 2649 837 ἀλλὰ
2681 784 2775 837 καὶ
2814 783 2993 852 λέγειν
3019 783 3321 837 ἐσπούδακε
3341 800 3358 815 ⁸
3385 785 3480 838 καὶ
3510 784 3583 838 τὰ
3615 785 3767 856 αὑτῷ

2183 878 2450 949 προσόντα
2488 875 2699 946 φαῦλα,
2725 875 2802 947 τῷ
2843 876 2979 948 πρὸς
3016 876 3075 929 ὃν
3115 877 3150 948 ὴ
3192 875 3383 947 ἔχθρα,
3411 877 3770 947 περιτρέπειν

2183 966 2344 1036 φιλεῖ.
2378 967 2501 1020 Ὅτι
2539 967 2637 1036 μὲν
2678 961 2769 1020 οὖν
2800 966 2898 1019 καὶ
2941 965 3244 1032 Ἰουλιανὸς,
3292 965 3386 1018 καὶ
3433 965 3767 1038 Πορφύριος,

2183 1059 2242 1112 ὃν
2275 1057 2470 1129 Τύριον
2523 1059 2676 1112 καλεί
2708 1057 2958 1128 γέροντα,
2995 1051 3162 1128 ἄμφω
3191 1056 3567 1126 φιλοσκῶπται
3595 1053 3764 1129 ἦσαν,

2187 1149 2292 1203 ὑπὸ
2334 1149 2442 1203 τῶν
2488 1149 2700 1204 οἰκείων
2729 1133 2902 1217 λόγων
2941 1148 3274 1219 ἐλέγχονται.
3326 1147 3636 1219 Πορφύριος
3668 1150 3771 1220 μὲν

2185 1241 2293 1312 γὰρ
2343 1242 2437 1294 τοῦ
2487 1240 2915 1310 κορυφαιοτάτου
2959 1238 3068 1293 τῶν
3115 1239 3417 1308 φιλοσόφων
3446 1239 3771 1311 Σωκράτους

2185 1333 2276 1386 τὸν
2327 1332 2440 1404 βίον
2489 1333 2732 1404 διέσυρεν
2788 1335 2845 1386 ἐν
2889 1333 2956 1404 τῇ
3007 1331 3370 1403 γεγραμμένῃ
3421 1329 3572 1400 αὑτῷ
3621 1330 3771 1401 φιλο-

2188 1427 2337 1496 σόφῳ
2368 1423 2578 1496 ἱστορίᾳ
2600 1441 2614 1455 ·
2651 1427 2746 1477 καὶ
2779 1424 3004 1478 τοιαῦτα
3035 1423 3164 1494 περὶ
3197 1421 3359 1477 αὐτοῦ
3378 1420 3598 1490 γράψας
3634 1439 3770 1474 κατ-

2189 1517 2437 1582 έλειπεν,
2462 1510 2550 1568 οἵα
2585 1513 2650 1568 ἂν
2686 1499 2823 1586 μήτε
2851 1512 3102 1578 Μέλιτος,
3136 1512 3273 1583 μήτε
3305 1511 3531 1573 Ἄνυτος
3555 1511 3605 1562 οἱ
3633 1527 3771 1580 γρα-

2186 1607 2419 1678 ψάμενοι
2459 1605 2776 1676 Σωκράτην,
2808 1605 2983 1657 εἰπεῖν
3009 1602 3372 1675 ἐπεχείρησαν
3397 1618 3411 1633 ·
3447 1599 3773 1673 Σωκράτους

2189 1717 2262 1771 φη
2272 1701 2375 1771 pi,‘
2392 1698 2486 1752 τοῦ
2516 1696 2646 1768 παρ’
2671 1695 2896 1767 Ἕλλησι
2919 1693 3329 1765 θαυμαζομένου
3353 1692 3452 1752 ἐπί,
3470 1709 3532 1745 τε
3559 1709 3776 1763 σωφρο-

2190 1789 2325 1862 σύνῃ
2353 1789 2448 1842 καὶ
2501 1786 2832 1858 δικαιοσύνῃ,
2863 1785 2956 1840 καὶ
2999 1786 3119 1848 ταῖς
3165 1783 3354 1847 ἄλλαις
3395 1783 3639 1853 ἀρεταῖς.
3673 1785 3781 1837 Ὃν

2186 1879 2410 1934 Πλάτων
2435 1878 2464 1931 6
2485 1875 2793 1947 θαυμαστὸς
2822 1873 2953 1944 παρ’
2992 1872 3178 1935 αὐτοῖς
3210 1869 3520 1940 φιλόσοφος,
3555 1867 3650 1921 καὶ
3675 1864 3777 1919 Ξε-

2186 1967 2384 2038 νοφῶν,
2420 1966 2514 2021 καὶ
2550 1967 2580 2019 6
2609 1964 2768 2028 ἄλλος
2796 1962 2906 2017 τῶν
2941 1961 3244 2032 φιλοσόφων
3274 1958 3492 2023 θίασος,
3519 1958 3580 2010 οὑ
3613 1956 3774 2027 μόνον

2185 2062 2260 2126 ὡς
2306 2058 2528 2130 θεοφιλῆ
2568 2056 2802 2129 τιμῶσιν
2828 2097 2844 2124 ,
2872 2054 3019 2127 ἀλλὰ.
3054 2053 3119 2126 δὴ
3167 2053 3263 2107 καὶ
3316 2051 3458 2122 ὑπὲρ
3487 2049 3775 2119 ἄνθρωπον

2189 2155 2405 2226 φρονεῖν
2433 2150 2798 2221 νενομίκασιν.
2827 2146 3110 2210 Ἰουλιανὸς
3135 2145 3192 2199 δέ
3213 2143 3304 2198 τὸν
3337 2140 3551 2213 πατέρα
3572 2138 3774 2210 ζηλῶν,

2187 2244 2249 2298 τὸ
2283 2243 2414 2297 τδιον
2449 2240 2620 2303 πάθος
2660 2240 2742 2303 είς
2794 2238 2921 2301 τοὺς
2973 2235 3261 2307 Καίσαρας
3309 2231 3525 2304 ηλεγξε,
3559 2231 3774 2290 πάντας

2193 2332 2596 2406 μωμησάμενος
2617 2330 2745 2394 τοὺς
2771 2328 2876 2400 πρὸ
2907 2325 3073 2380 αὐτοῦ
3115 2324 3350 2396 βασιλεῖς
3373 2363 3388 2387 ,
3411 2323 3506 2377 καὶ
3534 2319 3650 2372 οὐδὲ
3681 2317 3784 2372 τοῦ

2192 2425 2480 2496 φιλοσόφου
2519 2423 2748 2495 Μάρκου
2781 2418 3128 2491 φεισάμενος.
3161 2417 3269 2475 Καὶ
3282 2416 3361 2470 ὅτι
3385 2414 3483 2486 μέν
3509 2409 3780 2482 φιλοσκῶ-

2193 2536 2324 2572 πται
2358 2518 2545 2588 ἄμφω.
2565 2514 2622 2581 ἐξ
2647 2513 2854 2568 ἑαυτῶν
2874 2511 2963 2566 τὸν
2991 2510 3209 2581 ἔλεγχον
3231 2507 3444 2580 ἔχουσι’
3476 2504 3571 2559 καὶ
3597 2503 3658 2557 οὐ
3696 2499 3784 2554 δει

2197 2630 2288 2686 μοι
2317 2610 2526 2665 πολλῶν
2557 2611 2610 2682 ἢ,
2633 2607 2822 2662 δεινῶν
2848 2605 3044 2675 λόγων,
3079 2603 3214 2658 ἀλλὰ
3253 2599 3466 2672 ἀπόχρη
3489 2595 3666 2652 ταῦτα
3696 2595 3782 2686 είς

2195 2678 2534 2778 παράστασιν
2574 2678 2668 2755 τοῦ
2725 2699 2890 2771 ἡθους
2935 2696 3116 2751 αὐτῶν
3163 2692 3329 2789 (79).⁸
3357 2689 3498 2789 ’Ῑίἳγὼ
3556 2687 3655 2789 μὲν
3684 2678 3786 2789 οξν

2194 2797 2366 2852 ταῦτα
2415 2797 2482 2849 ἐκ
2530 2793 2638 2848 τῶν
2685 2790 2959 2862 ἑκατέρων
2986 2788 3160 2858 λόγων
3211 2783 3341 2856 περὶ
3381 2782 3544 2854 ἤθους
3598 2779 3786 2832 αὐτῶν

2195 2887 2644 2958 τεκμαιρόμενος,
2667 2883 2839 2940 ταῦτα
2857 2879 3073 2952 γράφω.
3109 2872 3210 2934 Οἷα
3239 2876 3297 2930 δέ
3325 2873 3452 2946 περὶ
3491 2866 3784 2925 Ἰουλιανοῦ

2198 2983 2227 3036 6
2255 2977 2629 3049 Ναζιανζηνδς
2669 2976 2970 3048 Γρηγόριος
3013 2975 3222 3045 εἴρηκε,
3248 2969 3357 3022 τῶν
3405 2965 3569 3020 αὐτοῦ
3605 2964 3787 3032 λόγων

529 3061 890 3118 arbitrantur.
920 3062 1172 3120 Julianus
1194 3081 1325 3122 vero
1369 3068 1543 3138 patris
1575 3071 1885 3141 exemplum
1925 3075 2095 3128 imita«

2202 3071 2459 3126 ἐπάκουε.
2495 3069 2632 3140 Φησὶ
2663 3067 2774 3139 γὰρ
2793 3067 2850 3122 ἐν
2881 3065 2960 3135 τῷ
2981 3063 3216 3135 δευτέρῳ
3240 3061 3386 3130 λόγῳ
3419 3057 3556 3129 πρὸς
3578 3054 3788 3125 Ἕλλη-

529 3161 641 3218 tus,
676 3154 845 3209 animi
885 3157 970 3210 sui
1031 3157 1283 3213 morbum
1324 3159 1565 3232 prodidit
1594 3161 1647 3216 in
1681 3163 1825 3219 libro
1854 3165 1948 3236 qui
1979 3165 2097 3221 Cae-

533 3256 689 3298 sares
718 3244 1042 3300 inscribitur
1074 3266 1086 3302 :
1123 3248 1176 3302 in
1214 3265 1325 3319 quo
1353 3261 1582 3308 cunctos
1617 3261 1743 3309 ante
1765 3269 1825 3308 se
1857 3255 2097 3328 impera-

533 3343 681 3391 tores
712 3338 1056 3406 perstrinxit,
1086 3355 1151 3394 ac
1179 3357 1246 3396 ne
1278 3343 1382 3412 ipsi
1437 3343 1654 3413 quidem
1691 3344 1877 3402 Marco
1923 3348 2101 3417 philo-

537 3426 712 3496 sopho
745 3429 1006 3498 pepercit.
1062 3427 1368 3502 Utrumque
1427 3433 1596 3502 igitur
1635 3434 1852 3491 illorum
1878 3476 1892 3501 ,
1928 3437 2102 3494 dicte-

533 3516 636 3572 riis
684 3527 737 3572 et
801 3521 1125 3576 scommatis
1186 3521 1513 3578 delectatum
1567 3523 1762 3591 fuisse,
1815 3528 2102 3584 amborum

539 3609 747 3680 scripta
811 3613 946 3666 satis
978 3622 1308 3685 coarguunt.
1350 3615 1461 3671 Nec
1503 3617 1636 3673 mihi
1673 3632 1814 3688 opus
1843 3627 1930 3676 est
1964 3621 2105 3674 mul-

535 3701 608 3756 tis
639 3716 703 3756 ac
732 3702 930 3760 validis
953 3708 1330 3778 argumentis;
1353 3709 1450 3764 sed
1481 3709 1585 3764 ista
1625 3709 1903 3768 suﬂiciunt
1925 3711 1994 3767 ad
2021 3713 2106 3768 in-

537 3793 756 3864 genium
814 3797 1109 3867 utriusque
1163 3798 1404 3856 hominis
1457 3799 1868 3858 declarandum.
1925 3803 2107 3874 Atque

542 3901 644 3955 ego
685 3887 931 3956 quidem,
983 3905 1049 3946 ex
1107 3891 1399 3961 utriusque
1450 3892 1669 3962 scriptis
1731 3894 2106 3964 conjecturam

541 3981 767 4050 capiens
819 3982 1096 4052 quodnam
1148 3983 1313 4039 fuerit
1342 3985 1563 4039 illorum
1618 3985 1938 4062 ingenium,
2002 3989 2108 4044 ista

540 4073 744 4128 scribo.
775 4074 968 4139 Qualia
999 4089 1130 4129 vero
1161 4073 1460 4146 Gregorius
1494 4075 1871 4133 Nazianzenus
1915 4078 1983 4137 de
2011 4079 2110 4136 Ju-

542 4167 690 4220 liano
714 4165 937 4229 dixerit,
993 4166 1128 4237 ipsis
1163 4166 1289 4238 ejus
1322 4170 1510 4224 verbis
1541 4171 1772 4240 prolatis
1798 4171 2107 4230 audiamus.

544 4253 638 4310 Sic
664 4256 809 4310 enim
847 4256 923 4314 ait
955 4257 1008 4311 in
1044 4257 1286 4314 secunda
1314 4259 1562 4318 oratione
1590 4261 1858 4318 adversus
1915 4261 2108 4318 Genti-

2202 3182 2300 3227 νας
2322 3162 2463 3218 κατὰ
2492 3161 2638 3228 λέξιν
2666 3160 2819 3216 τάδε’
2851 3177 2870 3210 ι
2895 3157 3080 3213 Ταῦτα
3112 3157 3223 3218 τοῖς
3249 3154 3347 3224 μὲν
3367 3151 3543 3213 ἄλλοις
3567 3151 3600 3219 ἡ
3621 3149 3792 3216 πεῖρα.

2201 3254 2535 3326 παρέστησε,
2558 3253 2650 3306 καὶ
2677 3254 2710 3322 ἡ
2763 3249 3054 3304 δυναστεία
3094 3243 3478 3318 προσλαϐοῦσα
3502 3240 3600 3312 τὴν
3629 3238 3789 3303 ἐξου-

2203 3347 2345 3400 σίαν.
2389 3345 2540 3415 Ἐμοὶ
2568 3342 2624 3396 δέ
2650 3341 2744 3396 καὶ
2778 3339 3056 3414 πόρρωθεν
3087 3337 3286 3408 τρόπον
3322 3333 3445 3388 τινὰ
3477 3327 3793 3402 ἐωρᾶτο,ἐξ

2204 3429 2265 3492 οὗ
2305 3436 2382 3508 τῷ
2410 3435 2565 3506 ἀνδρὶ
2595 3433 2960 3504 συνεγενόμην
2995 3429 3302 3502 Ἀθήνῃσιν.
3335 3420 3507 3479 Ἦλθε
3541 3423 3651 3494 γὰρ
3683 3423 3794 3474 κά-

2208 3530 2377 3591 κεῖσε,
2405 3526 2530 3598 ἄρτι
2557 3525 2666 3579 τῶν
2699 3524 2839 3579 κατὰ
2868 3523 2960 3576 τὸν
3008 3521 3233 3590 ἀδελφὸν
3257 3516 3420 3573 αὐτοῦ
3452 3525 3477 3554 ν
3497 3529 3797 3584 νεωτερισ-

2210 3621 2434 3683 θέντων,
2463 3619 2554 3672 τὸν
2580 3616 2803 3689 βασιλέα
2822 3615 2982 3670 τοῦτο
3005 3613 3136 3670 αὐτὸ
3159 3611 3650 3684 παραιτησάμενος.
3669 3607 3797 3658 Atr-

2210 3712 2302 3775 τὸς
2337 3711 2394 3764 δὲ
2416 3709 2580 3764 αὐτοῦ
2608 3709 2708 3778 τῆς
2757 3705 3051 3777 ἐπιδημίας
3076 3707 3104 3758 6
3129 3703 3312 3772 λόγος’
3337 3701 3368 3755 6
3397 3699 3495 3771 μὲν,
3518 3695 3800 3768 εὐπρεπέ-

2213 3821 2423 3875 στερος,
2466 3803 2588 3857 καθ’
2619 3801 2860 3874 ἱστορίαν
2901 3801 3002 3872 τῆς
3048 3798 3315 3862 Ἑλλάδος,
3339 3795 3434 3849 καὶ
3468 3793 3578 3847 τῶν
3610 3791 3799 3844 ἐκεῖσα

2211 3894 2609 3967 παιδευτηρίων
2633 3910 2648 3926 ο
2678 3893 2706 3945 6
2733 3893 2790 3946 δὲ
2835 3890 3298 3963 ἀπορρητότερος,
3348 3885 3443 3940 καὶ
3479 3883 3540 3936 οὐ
3574 3880 3798 3943 πολλοῖς

2213 3987 2506 4058 γνώριμος,
2533 3985 2674 4040 ὥστε
2700 3988 2813 4050 τοῖς
2841 3986 2956 4039 ἐκεῖ
2984 3983 3170 4046 θύταις
3194 3995 3220 4022 ι
3237 3979 3331 4036 καὶ⁵
3355 3975 3636 4033 ἀπατεῶσι
3663 3973 3794 4046 περὶ

2213 4080 2322 4132 τῶν
2353 4078 2474 4134 καθ’
2488 4078 2681 4132 ἐαυτὸν
2710 4075 3091 4146 συγγενέσθαι,
3124 4072 3278 4127 οὔπω
3307 4068 3616 4143 παρρησίαν
3645 4065 3797 4136 ἐχού-

2219 4187 2317 4240 σης
2352 4171 2448 4239 τῆς
2505 4168 2777 4232 ἀσεϐείας.
2813 4167 2946 4221 Τότε
2986 4166 3163 4219 τοίνυν
3202 4164 3264 4218 οὗ
3305 4160 3506 4232 φαῦλος
3555 4157 3668 4227 ἐγὼ
3697 4153 3797 4208 τοῦ

2216 4261 2407 4333 ἀνδρὸς
2432 4259 2690 4331 εἰκαστὴς
2719 4255 2834 4313 οἶδα
2859 4259 3170 4330 γενόμενος,
3188 4254 3369 4312 καίτοι
3403 4269 3469 4322 γε
3496 4251 3558 4305 οὐ
3589 4249 3701 4302 τῶν
3732 4241 3791 4300 εὖ

543 4347 624 4404 ies
659 4365 714 4400 ει
749 4345 874 4403 Haec
908 4349 1028 4406 aliis
1069 4350 1288 4421 quidem
1320 4354 1655 4423 experientia
1683 4355 1799 4424 ipsa
1831 4365 1885 4412 et
1906 4357 2095 4426 princi-

2220 4355 2537 4424 πεφυκότων
2567 4354 2697 4426 περὶ
2731 4352 2905 4411 ταῦτα
2937 4345 3017 4416 εἷς
3049 4349 3142 4406 ῶν.
3181 4347 3318 4402 Ἀλλ’
3347 4345 3520 4400 ἐποίει
3557 4359 3624 4415 με
3662 4355 3797 4413 μαν-

1703 4531 1974 4586 VALESlI
2008 4530 2559 4589 ANNOTATIONES.

617 4663 726 4738 (79)
756 4666 856 4728 Εἰς
885 4665 1265 4738 παράστασιν
1290 4662 1393 4717 τοῦ
1409 4663 1594 4731 ἤθους
1610 4665 1818 4720 αὐτῶν.
1847 4667 1978 4723 Post
1995 4669 2095 4724 beet

2198 4672 2312 4728 arba
2343 4673 2401 4728 in
2426 4674 2646 4730 excusis
2681 4672 2966 4729 codicibus
2991 4670 3184 4728 deerat
3207 4669 3374 4735 linea,
3433 4678 3598 4738 quam
3664 4675 3798 4732 sup-

547 4734 686 4804 plevi
711 4750 776 4787 ex
805 4734 994 4788 codice
1026 4732 1328 4787 Sfortiano.

1974 4892 2362 4952 VARIORUM.

622 5019 646 5043 ν
683 5005 845 5060 Κατὰ
869 5007 976 5076 τὸν
997 5006 1264 5076 ἀδελφὸν
1311 5008 1518 5064 αὑτοῦ.
1569 5007 1782 5063 Gallum
1845 4999 2095 5067 Caesarea

2230 5021 2352 5076 tem,
2411 5014 2657 5069 velociter
2690 5015 2817 5069 illuc
2879 5013 3151 5074 accurrit;
3204 5012 3352 5074 dein,
3385 5007 3518 5062 Tum
3552 5003 3805 5076 temporis

554 5080 826 5153 intelligit.
854 5075 992 5132 Vide
1023 5078 1119 5132 lib.
1149 5073 1238 5145 ⁷ιι,
1271 5094 1392 5150 cap.
1421 5079 1534 5144 '54.,
1585 5087 1640 5136 et
1682 5095 1803 5150 cap.
1841 5082 1894 5146 1,
1955 5082 2123 5153 hujus
2227 5073 2480 5139 Julianus
2516 5085 2837 5139 divinissimi
2887 5073 3144 5138 antistitis
3175 5073 3432 5153 familiari
3472 5093 3599 5153 usus
3630 5073 3808 5153 collo-

555 5151 648 5203 lib.

2230 5155 2372 5223 quio,
2406 5165 2454 5208 et
2477 5154 2708 5222 expletus
2735 5154 3020 5222 sapientia,
3055 5145 3213 5219 quain
3235 5151 3444 5223 a/fatim
3488 5147 3620 5223 inde
3663 5145 3809 5223 [tau-

628 5234 651 5259 ι
681 5218 866 5293 *Ὥστε
898 5216 1022 5283 τοῖς
1044 5216 1173 5272 ἐκεῖ
1197 5219 1419 5285 θύταις.
1455 5217 1569 5293 Qua
1602 5219 1669 5274 de
1720 5237 1778 5275 re
1818 5223 2088 5278 audienda

2229 5215 2390 5278 serat.
2421 5215 2633 5289 Quibus
2669 5215 2831 5292 paulo
2851 5232 2975 5293 post
3007 5215 3178 5287 addit,
3235 5215 3455 5293 Iuliano
3487 5219 3542 5274 in
3581 5215 3808 5293 Galliis,

554 5297 638 5341 est
681 5291 930 5350 idoneus,
993 5304 1094 5343 nec
1145 5297 1438 5356 suspectus
1491 5290 1680 5358 utique
1735 5303 1946 5354 auctor.
1977 5295 2118 5347 idem

558 5375 751 5428 nempe
777 5359 1016 5426 gentilis,
1050 5358 1362 5427 Eunapius;
1405 5359 1496 5422 qui
1553 5362 1641 5415 ubi
1696 5360 1968 5416 lulianum
2012 5363 2122 5416 Ma-

2229 5293 2298 5347 ad
2328 5309 2464 5362 quas
2500 5296 2775 5362 pacandas
2829 5292 3007 5348 fuerat
3065 5309 3188 5348 cum
3230 5292 3467 5347 Caesaris
3526 5292 3808 5362 potestate

2229 5354 2449 5426 missus,
2479 5354 2734 5427 haerente,
2760 5381 2790 5419 e
2811 5364 3020 5419 Grmcia
3048 5365 3286 5418 accitum
3319 5362 3389 5415 ab
3415 5361 3509 5414 illo
3531 5354 3806 5412 eumdem

557 5427 785 5500 xintoiet
814 5430 1180 5500 Chrysanthio
1231 5430 1284 5500 in
1323 5428 1467 5500 lonia
1516 5431 1832 5500 aliquandiu
1880 5448 2138 5500 vacasse.
2226 5435 2612 5490 Atheniensem
2640 5450 2924 5489 sacrorum
2963 5435 3429 5496 antistitcm,cum
3463 5445 3565 5499 quo
3588 5427 3808 5500 remotis

557 5489 942 5558 tradidisset.”
973 5497 1124 5550 addit
1153 5498 1312 5570 id);
1360 5499 1415 5550 δὲ
1465 5501 1558 5570 καὶ
1609 5489 1794 5555 ’ταῦτα
1852 5497 1971 5570 εἶχε
2015 5518 2117 5553 κα-

558 5570 662 5632 λῶς
719 5598 787 5609 -
847 5579 902 5622 ut
932 5585 1048 5622 vero
1072 5568 1282 5630 pulo/tre
1336 5570 1450 5622 istic
1487 5569 1587 5637 fuit
1635 5568 2120 5624 iustruclusilulia-

2229 5505 2450 5560 arbitris
2491 5506 2746 5579 tzommlla
2775 5505 2904 5579 solis
2936 5505 3066 5571 ipsis
3113 5503 3322 5579 cognita
3371 5499 3649 5579 perage-rit,
3677 5510 3811 5579 funt

2229 5577 2542 5644 (ceteroquin
2565 5592 2740 5630 omnes
2773 5567 2978 5636 lateret,
3015 5573 3150 5644 quod
3174 5567 3422 5626 'deoruin
3473 5567 3643 5644 cultui
3671 5567 3812 5635 foret

560 5655 676 5698 nus.
711 5640 798 5717 alii
828 5639 1084 5717 intellexit
1118 5638 1585 5717 pltt-sualiquantunt
1643 5641 1804 5695 latere
1837 5643 1887 5694 in
1917 5641 2122 5717 Grauia
2230 5645 2336 5710 ipse
2367 5638 2627 5702 addictus.
2662 5646 2937 5717 Eunapins
2969 5638 3299 5709 in'Maximo,
3327 5657 3450 5713 pag.
3482 5639 3575 5704 90,
3604 5647 3717 5693 etc.

563 5711 704 5777 apud
733 5709 1143 5778 Ilierop/umtam
1189 5708 1576 5764 l'IIc‘ttsiniorttm
1611 5728 1884 5764 sacrarum
1921 5712 2123 5765 antisti-
