4070 6204
258 294 356 350 Ml

1281 293 1611 352 HISTORIA
1643 294 2207 383 ECCLE-SIASTICA.
2247 324 2318 338 —-
2356 295 2484 349 LIB.
2532 294 2617 349 lll.

3397 301 3462 355 44
3472 301 3516 354 Ξ

252 403 406 458 τικὺν
438 405 473 474 ή
519 402 612 456 τού
654 403 818 474 ήθους
859 405 1162 475 ἀνωμαλία,
1207 409 1301 462 καὶ
1331 411 1393 463 τὸ
1439 412 1691 481 περιττὸν
1735 412 1832 482 τῆς

1934 423 2092 480 patus
2117 410 2393 464 licentiam
2439 418 2634 464 nactus
2666 408 2984 465 declaravit.
3015 411 3059 464 A
3082 426 3166 466 me
3190 427 3320 468 vero
3345 413 3506 482 longe

252 496 583 558 ἐκστάσεως,
604 497 760 565 εῐπερ
785 497 975 567 μάντις
994 498 1209 568 ἄριστος
1229 500 1374 563 ὅστις
1401 501 1609 566 εἰκάζει
1637 502 1836 566 καλῶς·

256 587 474 650 οὐδενὸς
504 587 612 656 γὰρ
639 587 811 641 ἐδόκει
840 604 930 656 μοι
963 591 1185 658 σημεῖον
1223 586 1364 643 εἶναι
1380 592 1636 662 χρηστοῦ,
1670 591 1840 662 αὐχὴν

253 677 476 746 ἀπαγὴς
498 684 551 740 1,
571 670 714 745 ὦμοι
735 678 1058 748 παλλόμενοι
1085 680 1179 733 καὶ
1225 681 1650 751 ἀνακοπτόμενοι
1688 683 1800 752 (80)
1822 721 1838 746 ,

253 768 535 837 ὀφθαλμὸς
563 768 888 839 σοϐούμενος
916 771 1010 824 καὶ
1057 771 1491 842 περιφερόμενος
1509 813 1523 836 ,
1553 773 1648 826 καὶ
1682 791 1839 843 μανι-

255 862 350 913 κὸν
376 859 593 928 βλέπων
619 875 632 887 ·
657 859 814 922 πόδες
839 861 1219 926 ἀστατοῦντες,
1246 863 1342 916 καὶ
1381 864 1797 934 μετοκλάζοντες
1819 881 1834 896 ·

259 953 481 1022 μυκτὴρ
511 948 670 1018 ὓϐριν
700 949 876 1004 πνέων
928 952 1024 1004 καὶ
1068 953 1461 1024 περιφρόνησιν
1494 968 1508 984 ο
1544 953 1836 1024 προσώπου

257 1045 630 1114 σχηματισμοὶ
668 1042 1099 1110 καταγέλαστοι·
1141 1043 1200 1096 τὸ
1227 1044 1360 1098 αὐτὸ
1401 1042 1723 1115 φρονοῦντες
1745 1045 1838 1113 γέ-

255 1135 442 1198 λωτες,
475 1136 735 1206 ἀκρατεῖς
764 1134 858 1187 καὶ
893 1133 1316 1205 βρασματώδεις⁶
1349 1133 1560 1199 νεύσεις
1588 1137 1681 1189 καὶ
1707 1136 1838 1189 ἀναο-

256 1225 488 1290 νεύσεις,
564 1229 661 1279 σὺν
718 1226 893 1279 οὐδενὶ
945 1225 1088 1296 λόγῳ
1118 1242 1133 1257 ·
1183 1227 1341 1295 λόγος
1403 1229 1708 1299 ἱστάμενος,
1741 1227 1836 1281 καὶ

256 1317 588 1386 κοπτόμενος
613 1315 882 1386 πνεύματι
903 1333 917 1347 ·
956 1318 1251 1388 ἐρωτήσεις
1272 1317 1495 1371 ἄτακτοι
1527 1319 1620 1372 καὶ
1644 1319 1836 1372 ἀσύνε-

256 1422 341 1458 τοι
364 1419 382 1438 ο
434 1403 751 1476 ἀποκρίσεις
805 1405 956 1458 οὐδὲν
997 1405 1203 1459 τούτων
1252 1407 1526 1478 ἀμείνους,
1580 1407 1836 1478 ἀλλήλαις

259 1495 708 1566 ἐπεμϐαίνουσαι,
734 1495 826 1548 καὶ
854 1497 952 1549 οὐκ
973 1496 1273 1562 εὐσταθεῖς,
1297 1498 1415 1551 οὐδὲ
1435 1498 1584 1563 τάξει
1618 1498 1836 1571 προῖοῦ-

259 1605 350 1641 σαι
380 1586 739 1650 παιδεύσεως.
781 1585 846 1640 Τί
879 1587 945 1641 ἂν
981 1589 1050 1642 τὰ
1091 1588 1212 1642 καθ’
1240 1590 1468 1644 ἕκαστον
1518 1591 1782 1663 γράφοιμι
1815 1609 1830 1657 ;

261 1675 515 1731 Τοιοῦτον
562 1677 671 1749 πρὸ
697 1677 804 1730 τῶν
835 1677 1014 1748 ἔργων
1059 1677 1372 1751 ἐθεασάμην
1392 1719 1407 1745 ,
1447 1674 1561 1734 οἷον
1602 1682 1697 1734 καὶ
1738 1680 1833 1734 ἐπὶ

1943 508 2072 556 ante
2122 509 2404 570 perspecta
2457 499 2695 566 fuerant,
2723 513 2789 554 ex
2821 515 2931 569 quo
2975 501 3201 558 Athenis
3237 518 3362 558 cum
3414 505 3510 558 illo

1942 603 2194 645 versatus
2223 607 2395 645 eram.
2441 589 2577 644 Nam
2609 598 2663 646 et
2691 591 2821 646 illuc
2863 589 3145 660 profectus
3208 603 3291 648 est
3323 596 3506 649 statim

1941 689 2063 751 post
2094 682 2240 735 illam
2274 697 2457 736 rerum
2491 681 2677 736 fratris
2722 682 2804 736 sui
2838 682 3352 747 commutationem,
3377 699 3503 739 cum

1937 773 1991 826 id
2021 773 2196 843 ipsum
2229 773 2296 828 ab
2317 773 2642 842 imperatore
2660 773 3075 842 postulavisset.
3109 773 3314 843 Duplex
3340 790 3504 844 porro

1939 866 1986 919 ei
2019 879 2185 920 causa
2245 864 2349 918 fuit
2397 865 2803 935 profectionis:
2863 865 3036 921 altera
3078 865 3385 930 honestior,
3450 875 3508 922 ut

1939 954 2204 1010 Graeciam
2235 964 2289 1011 et
2340 955 2562 1010 scholas
2592 956 2711 1025 ejus
2737 955 2940 1011 viseret
2967 973 2984 1022 ;
3018 957 3292 1011 occultior
3334 957 3505 1011 altera

1937 1048 2236 1117 paucisque
2289 1047 2580 1102 admodum
2614 1058 2767 1111 nota,
2826 1057 2884 1102 ut
2917 1049 3263 1104 sacrificulos
3313 1056 3367 1104 et
3405 1051 3508 1104 im-

1938 1145 2193 1205 postores
2226 1137 2319 1204 qui
2350 1136 2463 1190 illic
2488 1146 2666 1200 erant,
2698 1136 2766 1192 de
2799 1138 2964 1193 rebus
2992 1138 3111 1193 suis
3155 1139 3503 1208 consuleret;

1938 1227 2222 1295 impietate
2281 1225 2497 1282 scilicet
2523 1227 2768 1281 nondum
2800 1227 3110 1283 libertatem
3154 1242 3218 1281 ac
3254 1227 3505 1283 fiduciam

1935 1319 2150 1388 adepta.
2176 1318 2330 1372 Tunc
2361 1319 2526 1388 igitur
2571 1333 2678 1372 non
2738 1319 2943 1372 malum
2988 1334 3076 1373 me
3136 1319 3502 1389 conjectorcm

1935 1410 2002 1464 de
2025 1410 2128 1464 hoc
2175 1411 2300 1464 viro
2331 1409 2502 1465 fuisse
2549 1409 2793 1475 memini,
2844 1410 2972 1465 licet
3017 1410 3222 1478 alioqui
3255 1425 3364 1464 non
3401 1409 3503 1465 sim

1933 1517 2000 1556 ex
2027 1516 2216 1556 eorum
2242 1515 2492 1565 numero,
2525 1503 2618 1570 qui
2652 1501 2816 1571 hujus
2850 1503 2931 1556 rei
2965 1517 3126 1556 usum
3155 1517 3217 1556 ac
3249 1503 3501 1572 peritiam

1933 1592 2040 1647 sibi
2071 1601 2480 1662 compararunt.
2515 1591 2621 1647 Sed
2657 1607 2742 1648 me
2768 1592 2970 1663 ingenii
3014 1593 3504 1648 illiusinconstan-

1935 1683 2031 1743 tia.
2063 1693 2117 1737 et
2150 1682 2490 1738 incredibilis
2529 1683 2730 1760 mentis
2781 1697 3046 1738 excessus
3090 1690 3269 1739 vatem
3301 1684 3504 1738 eflicie-

257 1770 364 1822 τῶν
401 1769 580 1839 ἔργων
605 1768 894 1840 ἐγνώρισα.
921 1771 1033 1824 Καὶ
1064 1772 1119 1825 ει¹
1142 1789 1230 1842 μοι
1259 1771 1516 1843 παρῆσάν
1551 1789 1697 1836 τινες
1725 1771 1832 1827 τῶν

1936 1771 2028 1827 bat
2059 1789 2073 1826 :
2105 1772 2150 1826 si
2173 1771 2387 1840 quidem
2407 1779 2556 1827 vates
2587 1773 2830 1842 optimus
2860 1773 2907 1829 is
2935 1781 3020 1830 est
3044 1774 3136 1844 qui
3165 1783 3311 1830 recte
3327 1775 3503 1845 conji-

257 1859 562 1929 τηνικαῦτα
602 1861 868 1914 συνόντων
913 1860 1006 1914 καὶ
1051 1863 1424 1927 ἀκουσάντων,
1474 1865 1534 1916 οὐ
1584 1863 1859 1934 χαλεπῶς-

257 1953 326 2006 ἂν
357 1952 752 2023 ἐμαρτύρησαν
790 1969 806 1985 ο
837 1947 919 2016 οἷς
948 1954 1134 2024 ἐπειδὴ
1175 1953 1347 2008 ταῦτα
1384 1954 1713 2026 ἐθεασάμην,
1747 1955 1836 2030 εύτ

257 2044 357 2107 θὺς
405 2043 775 2114 ἐφθεγξάμην,
831 2039 941 2097 οἷον
989 2047 1159 2100 κακὸν
1210 2049 1243 2116 ή
1291 2046 1574 2116 Ῥωμαίων
1623 2045 1831 2117 τρέφει.

255 2135 370 2188 Καὶ
399 2136 828 2206 προαγορεύσας,
849 2137 944 2190 καὶ
964 2136 1214 2206 γενέσθαι
1239 2137 1596 2209 ψευδόμαντις
1615 2137 1835 2208 ἐμαυτῷ

257 2225 646 2298 κατηυξάμην.
684 2228 953 2298 Κρεῖσσον
983 2227 1185 2299 γάρ,ἢ
1225 2226 1480 2281 τοιούτων
1526 2227 1832 2298 πλησθῆναι

256 2317 352 2388 τὴν
383 2317 714 2388 οἰκουμένην
737 2315 951 2381 κακῶν,
973 2317 1069 2370 καὶ
1094 2315 1334 2370 τοιοῦτον
1369 2316 1706 2385 ἀναφανῆναι
1747 2315 1834 2369 τέ-

259 2428 378 2481 ρας,
425 2406 543 2463 οἷον
588 2409 741 2463 ούπω
778 2408 1039 2480 πρότερον
1059 2425 1072 2438 ·
1107 2408 1314 2462 πολλῶν
1342 2409 1438 2478 μὲν
1483 2407 1832 2476 ὲπικλυσμῶν

254 2501 670 2574 θρυλλουμένων
690 2539 709 2566 ,
744 2499 953 2554 πολλῶν
983 2500 1040 2553 δὲ
1077 2499 1422 2571 ὲμπρησμῶν
1453 2501 1547 2552 καὶ
1573 2497 1834 2569 βρασμῶν

251 2594 353 2662 γῆς
374 2593 468 2647 καὶ
484 2593 780 2662 χασμάτων
800 2609 813 2623 ·
831 2590 912 2645 ἔτι
929 2591 987 2645 δὲ
1004 2591 1097 2646 καὶ
1119 2591 1327 2663 ἀνδρῶν
1349 2591 1704 2662 ἀπάνθρωποι
1718 2590 1831 2662 (8|)

250 2687 345 2739 καὶ
403 2684 714 2755 θηριώδεις,
747 2683 1048 2737 ἀλλοκότων
1101 2700 1160 2736 τε
1205 2681 1302 2737 καὶ
1335 2683 1602 2737 συνθέτων
1643 2682 1832 2753 φύσεις

250 2775 751 2846 καινοτομηθείσαι.
787 2773 1053 2846 Ταύτῃτοι
1091 2774 1183 2827 καὶ
1209 2774 1360 2838 τέλος
1383 2774 1530 2839 ἀξιον
1562 2774 1831 2845 ἠνέγκατο

249 2869 346 2939 τῆς
384 2866 667 2928 ἀπονοίας.
704 2885 724 2918 ι
751 2864 987 2918 Τοιαῦτα
1040 2865 1140 2936 μὲν
1186 2865 1486 2936 Γρηγόριος
1530 2866 1659 2937 περὶ
1701 2867 1830 2919 Ἰου-

249 2959 433 3013 λιανοῦ
475 2957 773 3029 διεξῆλθεν.
805 2957 926 3010 Ὀτι
959 2957 1016 3011 δὲ
1056 2957 1152 3011 καὶ
1183 2957 1323 3010 κατὰ
1367 2956 1704 3029 Χριστιανῶν
1743 2957 1830 3010 λό-

247 3069 378 3121 γους
406 3051 638 3112 πολλοὺς
657 3048 1048 3115 ἀναλώσαντες,
1071 3048 1168 3121 τὴν
1197 3049 1448 3119 ἀλήθειαν
1471 3050 1829 3120 ἐπεχείρησαν

249 3142 577 3213 βιάσασθαι,
611 3142 733 3195 τινὰ
789 3142 886 3212 μὲν
926 3141 1034 3194 τῶν
1065 3140 1226 3211 ἱερῶν
1271 3139 1614 3211 Γραμμάτων
1642 3156 1824 3211 παρα-

246 3233 552 3304 τρέψαντες
578 3247 592 3261 ·
623 3232 691 3285 τὰ
719 3231 773 3283 δὲ
794 3230 1271 3299 έγκαταλέξαντες,
1292 3231 1468 3283 πάντα
1492 3229 1548 3283 δὲ
1575 3230 1710 3302 πρὸς
1736 3231 1827 3283 τὸν

245 3327 448 3378 οἰκεῖον
498 3322 821 3384 ἐκλαϐόντες
859 3323 1077 3389 σκοπὸν,
1110 3322 1294 3375 πολλοὶ
1335 3322 1432 3393 μὲν
1464 3322 1601 3391 πρὸς
1632 3321 1828 3385 αὐτοὺς

247 3417 670 3486 ἀπαντήσαντες
725 3414 840 3483 (82)
898 3414 1103 3481 ἔδειξαν
1126 3456 1142 3480 ,
1176 3414 1578 3485 ἀνατρέψαντές
1629 3431 1690 3467 τε
1735 3414 1828 3468 καὶ

248 3507 636 3575 ἐξελέγξαντες
668 3507 846 3560 αὐτῶν
877 3506 946 3559 τά
977 3505 1304 3576 σοφίσματα.
1336 3507 1449 3577 Πρὸ
1475 3506 1531 3559 δὲ
1571 3506 1829 3560 ἁπάντων

263 3601 549 3674 Ὠριγένης
581 3599 690 3672 (83)
707 3640 724 3669 ,
757 3600 852 3653 καὶ
898 3599 1078 3669 πολλῷ
1123 3599 1233 3653 τῶν
1286 3598 1569 3653 Ἰουλιανοῦ
1621 3598 1831 3672 χρόνων

1937 1863 2036 1917 cit.
2067 1861 2254 1932 Neque
2295 1863 2440 1918 enim
2498 1865 2633 1918 mihi
2687 1865 2815 1921 boni
2860 1866 3158 1937 quidquam
3191 1865 3504 1937 signiﬁcare

1934 1953 2094 2024 202
2125 1954 2470 2019 videbantur,
2518 1955 2708 2012 cervix
2740 1957 3050 2023 instabilis,
3091 1957 3309 2013 humeri
3363 1971 3503 2028 quos

1933 2045 2168 2102 subinde
2198 2045 2446 2101 vibrabat
2469 2061 2533 2102 ac
2559 2048 2934 2117 reprimebat;
2970 2049 3116 2104 oculi
3150 2049 3272 2120 vagi
3311 2063 3376 2102 ac
3406 2063 3504 2104 vo-

1932 2135 2171 2203 lubiles;
2203 2137 2434 2194 insanus
2478 2151 2545 2192 ac
2581 2137 2825 2196 furiosus
2861 2139 3122 2207 obtutus;
3187 2143 3360 2211 pedes
3406 2140 3495 2196 in-

1933 2227 2158 2284 stabiles
2212 2236 2377 2298 atque
2417 2228 2750 2297 titubantes;
2800 2245 2972 2287 nasus
3020 2231 3406 2287 contumeliam
3439 2237 3495 2285 et

1932 2325 2302 2388 contemptum
2353 2320 2613 2388 spirans;
2681 2320 2866 2377 vultus
2905 2321 3375 2392 conﬁgurationes
3417 2320 3488 2374 ri-

1932 2405 2126 2463 diculae
2173 2408 2314 2463 idem
2361 2408 2780 2478 signiﬁcantes;
2843 2411 2988 2468 risus
3020 2412 3418 2468 immoderatus
3443 2419 3500 2466 et

1937 2505 2281 2562 exmstuans;
2342 2505 2512 2553 nutus
2559 2513 2623 2553 ac
2663 2507 2900 2556 renutus
2952 2500 3179 2554 rationis
3222 2506 3494 2568 expertes,

1932 2603 2112 2645 sermo
2162 2603 2448 2658 repressus
2498 2596 2553 2644 et
2599 2589 2797 2659 spiritu
2850 2590 3186 2653 intercisus;
3270 2591 3500 2644 interro-

1929 2681 2173 2753 gationes
2238 2679 2561 2734 inordinata:
2627 2686 2683 2734 et
2738 2680 3034 2750 imperitae;
3078 2694 3341 2749 responsa
3404 2679 3493 2733 his

1928 2771 2102 2827 nihilo
2147 2770 2412 2836 meliora,
2459 2771 2564 2825 alia
2609 2785 2774 2840 super
2822 2771 2945 2826 aliis
2991 2779 3330 2836 coacervata,
3385 2785 3496 2825 non

1928 2863 2033 2918 sibi
2085 2861 2434 2928 constantia,
2492 2875 2593 2917 nec
2637 2860 2968 2917 eruditionis
3021 2860 3214 2915 ordine
3274 2875 3496 2930 progre-

1927 2953 2150 3008 dientia.
2203 2952 2342 3019 Quid
2399 2952 2593 3007 attinet
2648 2951 2865 3022 singula
2916 2950 3268 3007 describere?
3309 2949 3496 3004 Talem

1885 3054 2054 3138 :ante
2114 3058 2285 3114 opera
2337 3043 2630 3114 perspexi,
2686 3043 2902 3112 qualem
2963 3042 3017 3096 in
3060 3041 3195 3111 ipsis
3239 3040 3500 3110 operibus

1933 3146 2121 3209 postea
2150 3136 2506 3206 deprehendi.
2539 3134 2695 3201 Quod
2721 3135 2764 3190 si
2797 3133 2967 3204 aliqui
3015 3148 3204 3188 eorum
3239 3132 3330 3202 qui
3369 3141 3498 3186 tunc

1933 3229 2165 3282 aderant
2193 3236 2246 3282 et
2275 3227 2366 3296 qui
2399 3226 2680 3282 auditores
2704 3225 2945 3290 fuerunt,
2972 3224 3103 3278 mihi
3125 3239 3271 3278 nunc
3302 3231 3500 3294 praesto

1933 3329 2136 3382 essent,
2173 3318 2318 3372 haud
2349 3333 2491 3389 mgre
2522 3317 2900 3373 testimonium
2944 3317 3295 3387 perhiberent
3326 3331 3340 3368 :
3373 3316 3498 3385 qui-

1932 3413 2038 3468 bus
2083 3427 2216 3482 ego,
2275 3426 2399 3466 cum
2464 3412 2571 3465 ista
2627 3408 2914 3473 vidissem,
2971 3408 3044 3462 ita
3105 3407 3497 3478 pronuntiavi:

1934 3503 2210 3569 Quantum
2237 3503 2438 3556 malum
2472 3502 2574 3556 sibi
2606 3502 2702 3554 alit
2729 3501 2878 3555 orbis
2908 3498 3220 3574 Romanusl
3255 3499 3499 3565 Cumque

1934 3595 1989 3651 id
2042 3593 2439 3666 prmdixissem,
2496 3591 2667 3648 Deum
2713 3598 2967 3662 precatus
3027 3604 3149 3646 sum
3213 3595 3274 3643 ut
3328 3586 3497 3641 falsus

1422 3734 1695 3792 VALESII
1732 3730 2291 3791 ANNOTATIONES.

322 3830 438 3903 (80)
480 3830 592 3885 Kal
630 3831 1116 3901 ἀνακοπτόμενοι.
1149 3830 1306 3900 Apud
1330 3829 1672 3903 Gregorium
1714 3830 1823 3885 Na-

253 3900 584 3957 zianzenum
618 3903 670 3955 in
699 3900 1000 3972 posteriore
1027 3903 1299 3956 invectiva
1327 3902 1383 3954 in
1421 3900 1720 3964 Jdlianum,
1758 3917 1827 3972 ex

252 3988 364 4044 qua
398 3969 715 4044 descriptus
740 3979 825 4044 est
850 3972 937 4026 hie
958 3972 1136 4044 locus,
1176 3973 1373 4044 legitur
1401 3972 1496 4024 καὶ
1521 3969 1828 4044 ἀνασηκούο

255 4040 434 4112 μενοι.
476 4040 633 4106 Quod
676 4043 901 4096 verbum
957 4040 1149 4096 Billius
1199 4040 1614 4122 interpretatur,
1666 4041 1828 4094 attol-

257 4112 423 4166 lebat.
456 4110 573 4180 Ego
606 4127 758 4175 vero,
787 4111 1030 4172 libratos.
1063 4111 1248 4165 malim
1291 4119 1524 4165 vertere.
1545 4110 1824 4179 Ducepbo-

257 4198 354 4235 rus
380 4182 657 4250 vulgatam
688 4182 972 4250 lectionem
997 4188 1200 4246 tuetur,
1241 4180 1400 4248 cujus
1430 4181 1722 4250 interpres
1753 4181 1826 4235 ita

253 4252 422 4306 vertit
451 4247 570 4306 haec
599 4252 794 4305 verba:
823 4249 1044 4304 ﬂumeri
1081 4266 1209 4319 quos
1247 4247 1468 4304 subinde
1503 4247 1738 4318 jactur-et
1763 4265 1828 4303 ac

256 4321 529 4375 reduceret
580 4321 818 4375 mobiles.
893 4319 1234 4389 Epiphanius
1295 4334 1429 4373 vero
1505 4321 1828 4388 posterioris

257 4391 411 4443 verbi
446 4390 845 4458 expositionem
874 4388 1081 4444 omisit.
1101 4388 1216 4444 Hoc
1246 4389 1390 4444 enim
1419 4391 1598 4444 solum
1635 4389 1831 4444 habet:

259 4459 309 4512 Π
316 4461 488 4512 umeri
522 4459 828 4526 jactabiles.

328 4531 444 4596 (81)
479 4531 609 4582 Ἔτι
647 4529 714 4582 δὲ
738 4527 835 4582 καὶ
873 4526 1108 4595 ἀνδρῶν
1126 4527 1526 4595 ἀπάνθρωποι.
1560 4526 1660 4582 Hic
1682 4527 1838 4583 locus

258 4615 321 4652 ex
352 4597 629 4668 Gregorio
659 4597 1018 4668 Nazianzeno
1061 4597 1435 4668 restituendus
1483 4607 1567 4653 est
1598 4599 1652 4650 in
1693 4598 1839 4668 hunc

260 4667 492 4721 modum
519 4686 533 4720 :
576 4669 657 4738 ἔτι
705 4667 762 4720 δὲ
785 4669 881 4720 καὶ
924 4667 1146 4738 ἀνδρῶν
1177 4667 1581 4738 ἀπανθρώπων,
1617 4668 1712 4721 καὶ
1739 4667 1837 4738 θη-

262 4739 392 4858 ρὲων
430 4737 738 4792 ἀλλοκότων
761 4754 820 4790 τε
850 4737 944 4790 καὶ
971 4731 1260 4800 συνθέτων,
1280 4731 1415 4808 ὧν’ή
1444 4739 1604 4807 φύσις
1630 4731 1840 4791 ἐκαινο-

262 4823 287 4856 τ
326 4824 487 4858 unas.

258 4823 487 4862 τομτισε.

323 4824 710 4945 Ἶὲἕῖᾟολλοὶ
749 4875 867 4944 μὲν
889 4877 1038 4944 πρὸς
1090 4877 1314 4936 αὐτοὺς
1355 4876 1836 4944 ἀπαντήσαντες.

261 4943 554 5018 Porphyrii
587 4956 644 5018 et
665 4943 868 5000 Iuliani
905 4943 1077 5018 libros
1127 4948 1268 5000 κατὰ
1290 4943 1651 5018 Χριστιανῶν,
1677 4949 1833 5000 multi

263 5015 507 5070 veterum
558 5015 806 5086 refellere
826 5016 1066 5086 aggressi
1095 5025 1252 5086 sunt.
1290 5015 1562 5072 Adversus
1590 5015 1836 5085 Porphy-

264 5086 400 5138 rium
432 5086 656 5156 quidem
716 5085 1048 5153 MethOdius,
1093 5085 1364 5142 Eusebius
1403 5095 1456 5142 et
1495 5087 1830 5155 Apollinaris

1926 3829 2096 3884 libros
2127 3829 2486 3897 scripserunt.
2521 3826 2722 3897 Contra
2765 3821 3046 3879 lulianum
3079 3837 3212 3878 vero
3251 3819 3497 3897 _Cyri_llus

1928 3899 2100 3953 libros
2131 3890 2456 3968 composuit,
2487 3897 2581 3967 qui
2611 3896 2772 3952 hodie
2793 3901 3031 3958 exstant,
3065 3908 3176 3948 non
3200 3890 3495 3946 admodum

1931 3969 2230 4025 elegantes.

2006 3984 2266 4107 iiii‘iia
2299 4034 2368 4087 δὲ
2422 4032 2704 4107 ἀπάντων
2743 4033 3058 4107 optume.
3086 4029 3294 4107 Quibus
3346 4027 3402 4107 in
3433 4026 3496 4081 li-

1931 4100 2050 4162 bris
2100 4100 2373 4175 Origenes
2422 4119 2486 4158 ea
2520 4119 2640 4172 qua:
2693 4105 2746 4157 in
2778 4100 2953 4175 sacris
2993 4100 3210 4175 Litteris
3259 4100 3497 4175 lectores

1933 4178 2175 4254 turbare.
2201 4164 2468 4254 poterant,
2494 4164 2838 4254 .eitposuerit,
2881 4180 2934 4225 et
2955 4169 3283 4254 sopliisticas
3307 4164 3496 4220 adver-

1933 4261 2036 4317 sus
2051 4238 2415 4317 Christianam
2434 4238 2743 4312 religionem
2769 4238 3268 4317 argumentationes
3289 4250 3495 4317 repres-

1937 4316 2094 4378 serit,
2121 4313 2336 4368 diflicile
2387 4317 2473 4365 est
2531 4307 2792 4366 asserere.
2848 4308 2982 4362 Nam
3024 4308 3078 4378 in
3117 4307 3272 4360 libris
3305 4315 3494 4378 contra

1865 4357 1910 4411 ι)
1938 4357 3412 4449 agitartgaaaaaaa'n'satis;greatest...
3443 4373 3498 4428 id

1933 4454 2054 4523 ejus
2079 4446 2378 4523 consilium
2404 4446 2527 4502 Viuit
2558 4446 3141 4523 inpiis—voluminibus,
3174 4452 3233 4523 u_t
3263 4446 3379 4523 loca
3405 4460 3497 4523 sa-

1934 4514 2044 4576 c'rze
2073 4519 2387 4589 Scripturae,
2407 4533 2528 4587 quae
2556 4514 3495 4589 difﬁcultatemaliquamhabelytnt,

1935 4584 2296 4662 explanaret,
2350 4584 2461 4662 sed
2503 4596 2718 4662 tantum
2771 4596 2832 4641 ut
2901 4584 3295 4662 objectionibus
3339 4584 3498 4662 _Ce|si

1935 4654 2310 4730 responderet.
2336 4659 2419 4730 An
2449 4658 2614 4730 igitur
2661 4656 3027 4730 infimitate};
3061 4654 3499 4730 Origenisiintel-

1935 4724 2054 4802 ligit
2082 4730 2336 4802 Socrates
2353 4729 2376 4781 τ
2396 4727 2454 4782 In
2475 4724 2564 4784 his
2587 4724 3200 4802 enim'librisprigenes
3221 4724 3500 4802 religionis

1941 4795 2145 4857 nostra:
2198 4799 2452 4868 dogmata
2524 4813 2647 4852 cum
2698 4797 2989 4868 sententiis
3041 4795 3497 4868 philosophorum

1939 4863 2652 4930 consentire'ostendebat,
2717 4875 2778 4920 ut
2827 4865 2988 4920 docet
3024 4863 3403 4936 ,Hierony’mus
3426 4863 3500 4936 Ain

1934 4941 2166 5010 epistola
2191 4937 2257 4991 ad
2279 4937 2532 5010 Magnum
2556 4945 2851 5010 oratorem.
2887 4935 3055 5010 Quod
3071 4932 3288 5010 quidem
3313 4941 3374 4988 ut
3419 4932 3502 4986 fa-

1935 5005 2100 5069 ceret.
2133 5005 2451 5078 exponenda
2479 5013 2635 5078 erant
2679 5007 2798 5060 loca
2830 5021 2999 5078 sacra:
3023 5005 3339 5078 Scriptum,
3379 5017 3502 5074 qua:
3567 5065 3574 5068 ς

1934 5076 2382 5148 philosophorum
2403 5076 2638 5131 decretis
2659 5077 2934 5131 contraria
2970 5076 3312 5131 videbantur.

1706 5185 2085 5245 VARIORUM.

333 5294 358 5333 ι
389 5284 877 5354 Αὺχὴνὰπατής.
914 5285 1083 5356 Aliter
1129 5285 1347 5356 quidem
1376 5283 1824 5356 depingitJulia-

266 5368 391 5425 num
442 5356 702 5425 egregius
765 5356 911 5425 illius
967 5355 1156 5409 fautor
1203 5357 1385 5408 Amm.
1442 5355 1825 5420 Marcellinus,

266 5423 352 5494 liii.
403 5423 530 5487 xxv,
555 5423 678 5494 cap.
733 5425 790 5479 at:
834 5423 1037 5494 Figura
1074 5426 1197 5479 talis
1237 5427 1412 5494 utique
1457 5425 1826 5479 membrorum.

267 5491 544 5549 Mediocris
605 5491 720 5548 erat
763 5491 1006 5557 statu—rce,
1078 5494 1283 5563 capillis
1323 5491 1575 5564 tanquam
1607 5496 1831 5562 pexisset

264 5566 525 5626 mollibus,
556 5567 767 5618 hirsuta
798 5565 959 5619 barba
984 5567 1039 5618 in
1070 5575 1280 5618 acutum
1315 5564 1579 5618 desinente
1599 5565 1830 5629 vestitus,

261 5645 526 5688 venustate
549 5635 828 5688 oculorum
864 5636 1172 5688 micantium
1215 5635 1471 5702 ﬂagrans,
1522 5636 1611 5702 qui
1645 5635 1831 5687 mentis

257 5703 366 5766 eius
426 5708 705 5771 angustias
767 5705 1096 5772 indicabant,
1153 5705 1450 5773 superciliis
1509 5703 1731 5769 decoris,
1782 5713 1831 5758 et

1935 5300 2064 5337 naso
2097 5282 2408 5345 rectissimo,
2439 5297 2528 5334 ore
2573 5280 2734 5349 paulo
2785 5281 3006 5349 majore,
3060 5279 3208 5334 labro
3256 5277 3500 5342 inferiore

1934 5353 2180 5415 demisso,
2213 5353 2385 5418 opima
2407 5361 2457 5403 et
2504 5352 2723 5404 incurva
2757 5352 2968 5415 cervice,
3001 5350 3234 5403 humeris
3262 5349 3423 5418 vastis
3452 5357 3501 5399 et

1935 5424 2079 5487 latis,
2100 5422 2164 5474 ab
2191 5416 2302 5490 ipso
2325 5422 2495 5488 capite
2521 5437 2681 5489 usque
2705 5422 2950 5491 unguium
2978 5421 3303 5491 summitates
3335 5416 3501 5491 linea-

1939 5485 2230 5545 mentorum
2281 5485 2425 5543 recta
2475 5485 2740 5559 compage,
2775 5485 2934 5542 'unde
2967 5489 3161 5559 viribus
3214 5485 3414 5559 valebat
3452 5495 3498 5536 el

1940 5579 2117 5615 cursu.
2152 5551 2618 5615 Antiochensibus
2647 5551 2825 5613 autem
2869 5559 3009 5612 idem
3038 5555 3149 5608 fere
3181 5569 3244 5605 ac
3266 5551 3498 5602 Nazian-

1940 5647 2076 5684 zeno
2103 5632 2252 5682 visus
2283 5640 2364 5683 est
2391 5629 2680 5695 Julianus;
2705 5631 2847 5698 quod
2877 5626 3036 5697 paulo
3067 5629 3190 5675 ante
3215 5636 3279 5675 ex
3311 5617 3499 5676 eodem

1939 5701 2255 5754 Marcellino
2286 5701 2536 5756 vidimus.
