4070 6204
460 257 566 312 4ιῖ

1967 245 2305 302 SOCRATIS

3579 237 3686 292 ιιι

457 382 611 428 vates
645 384 845 426 essem.
892 367 952 422 ld
994 370 1136 422 enim
1171 368 1345 422 satius
1389 377 1527 429 erat,
1575 380 1738 435 quam
1784 371 1846 418 ut
1883 364 2032 418 orbis

2145 361 2402 432 ὶνώτερος
2421 363 2516 424 ῶν,
2560 361 2634 415 τὰ
2665 359 2922 412 δοκοῦντα
2963 355 3252 425 ταράττειν
3284 353 3407 415 τοὺς
3445 355 3705 425 ὲντυγχά-

458 474 724 517 terrarum
751 462 920 515 tantis
950 460 1254 529 repleretur
1287 459 1464 523 malis,
1495 466 1549 512 et
1581 457 1688 511 tale
1715 463 2022 509 monstrum

463 553 784 613 exsisteret,
836 550 998 620 quale
1054 565 1331 619 nunquam
1385 555 1543 603 antea
1591 547 1768 602 visum
1811 544 2020 606 fuerat,

460 641 676 696 tametsi
710 642 878 694 tuulta
906 641 1114 694 diluvia
1143 647 1516 695 memorentur
1539 647 1704 710 atque
1727 637 1980 692 incendia
2004 651 2023 704 ;

465 733 622 788 multi
655 741 814 787 terra:
850 741 1030 787 motus
1059 743 1223 802 atque
1253 733 1465 799 hiatus;
1495 731 1564 786 ad
1597 733 1710 786 hazc
1738 729 2023 784 hominum

464 823 774 876 inhumanae
807 821 1018 890 species
1044 835 1108 875 ac
1148 820 1431 885 belluinae;
1472 819 1598 874 ferae
1629 819 1867 890 denique
1895 832 2014 887 pro-

460 911 684 980 digiosze
732 918 896 980 atque
957 925 1022 963 ex
1072 908 1306 965 diversis
1351 909 1644 979 generibus
1703 906 2026 977 composita

461 1005 789 1059 referantur.
845 1003 1139 1058 Enimvero
1196 1003 1422 1074 dignum
1473 1004 1711 1059 amentia
1733 1019 1834 1059 sua
1862 1003 2023 1058 ﬁnem

463 1094 692 1150 sortitus
723 1100 826 1148 est.
859 1112 878 1145 ι
922 1091 1047 1147 Haec
1086 1090 1379 1164 Gregorius
1411 1092 1478 1148 de
1511 1091 1734 1147 Juliano
1777 1091 2024 1162 scripsit.

463 1187 731 1242 Caeterum
779 1184 924 1255 quod
957 1185 1011 1239 in
1051 1185 1209 1240 libris
1247 1184 1366 1240 suis
1393 1198 1533 1254 quos
1567 1182 1836 1240 adversus
1870 1183 2026 1238 Chri-

365 1349 373 1356 .
463 1281 676 1333 stianos
703 1277 1069 1347 scripserunt,
1104 1277 1390 1331 veritatem
1415 1276 1650 1331 obruere
1681 1275 1863 1332 conati
1889 1275 2024 1340 sint,

464 1366 726 1422 nonnulla
766 1382 797 1421 e
836 1367 1016 1420 sacris
1066 1364 1287 1420 Litteris
1331 1364 1724 1433 pervertendo,
1780 1363 2026 1434 quaedam

467 1455 786 1517 inserendo,
835 1465 1030 1511 cuncta
1080 1468 1212 1508 vero
1264 1452 1330 1506 ad
1378 1469 1537 1526 suum
1595 1469 1816 1526 sensum
1864 1460 2028 1523 atque

468 1547 784 1600 institutum
829 1542 1240 1613 interpretando
1269 1561 1281 1596 :
1321 1542 1476 1596 multi
1510 1542 1733 1612 scriptis
1765 1525 2029 1598 σύνει-δυσ

468 1638 590 1691 illos
635 1635 1087 1707 responsionibus
1138 1632 1536 1697 ostenderunt,
1594 1641 1650 1688 et
1693 1634 2027 1703 sophisticas

2124 471 2313 516 νοντας
2345 455 2465 515 ταῖς
2509 453 2682 522 ίεραίς
2707 451 2918 511 Βίϐλοις
2945 443 3362 514 ἀνθυπενεγκὼν
3384 445 3583 515 ἑαυτῷ,
3610 445 3706 501 καὶ

2124 545 2488 618 ἑρμηνεύσας,
2515 543 2612 606 τάς
2643 542 2752 596 τῶν
2785 537 3245 610 ἀγνωμονούντων
3271 536 3592 605 σοφιστικὰς
3618 537 3708 590 εύ-

2125 635 2432 708 ρεσιλογίας
2454 633 2799 688 ἀπέκλεισεν.
2848 625 2944 694 οἷς
2971 629 3021 682 εί
3057 628 3132 700 μὴ
3164 627 3456 701 παρέργως
3494 628 3709 680 ἐντετυ-

2122 728 2354 796 χήκασιν
2404 724 2690 787 Ἰουλιανὸς
2725 722 2818 776 καὶ
2869 718 3198 790 Πορφύριος,
3251 717 3611 787 εὐγνωμόνως
3645 734 3708 772 τε

2121 815 2261 868 αὐτὰ
2294 811 2563 879 ἐδέξαντο,
2593 812 2810 874 πάντως
2843 810 2909 865 ἃν
2931 811 3012 874 είς
3041 808 3207 880 ἕτερά
3223 825 3344 862 τινα
3363 807 3491 870 τοὺς
3520 806 3710 875 λόγους

2123 905 2378 977 ἔτρεψαν,
2397 906 2492 959 καὶ
2519 905 2620 958 ούκ
2650 904 2716 959 ἂν
2741 904 2821 967 είς
2839 902 2907 959 τὰ
2937 900 3247 972 σοφίσματα
3270 899 3384 970 (84)
3415 898 3711 971 βλάσφημα

2125 997 2354 1067 γράφειν
2381 996 2717 1066 ἐτράπησαν.
2753 994 2879 1046 Ὅτι
2911 991 2968 1046 δὲ
2998 993 3026 1045 ό
3074 990 3328 1060 βασιλεὺς
3358 988 3573 1059 σκῶψαι
3604 989 3710 1043 ιπ-

2125 1088 2382 1159 ετήδευσε
2419 1086 2558 1158 πρὸς
2586 1087 2712 1149 τοὺς
2755 1083 2971 1148 ἰδιώτας
3010 1082 3104 1136 καὶ
3141 1079 3545 1151 ἁπλουστέρους
3583 1079 3713 1143 τοὺς

2126 1179 2315 1247 λόγους
2369 1177 2712 1248 ποιούμενος,
2743 1176 2806 1230 ού
2847 1175 2956 1245 μὴν
3005 1172 3141 1243 πρὸς
3171 1171 3298 1233 τοὺς
3322 1171 3389 1222 ἐκ
3411 1167 3518 1223 τῶν
3552 1168 3714 1239 ιερῶν

2125 1269 2496 1342 Γραμμάτων,
2525 1268 2804 1340 μόρφωσιν
2825 1265 2928 1337 τῆς
2949 1262 3207 1334 ἀληθείας
3236 1261 3483 1334 ἔχοντας,
3504 1260 3714 1314 ἐκεῖθεν

2125 1361 2284 1432 δῆλόν
2311 1362 2454 1418 ἐστι·
2480 1359 2660 1413 λαϐὼν
2683 1358 2792 1429 γάρ
2814 1356 2885 1410 τά
2915 1355 3154 1428 ῥήματα,
3184 1354 3284 1407 ὅσα
3313 1353 3509 1425 χρείας
3527 1352 3716 1405 ἕνεκεν

2126 1451 2484 1523 οίκονομικῶς
2514 1451 2606 1505 ἐπὶ
2638 1449 2732 1504 τοῦ
2760 1447 2893 1503 Θεοῦ
2916 1445 3406 1519 ἀνθρωπικώτερον
3427 1443 3714 1506 τέτακται,

2129 1543 2223 1596 κα).
2240 1539 2409 1596 πολλά
2441 1539 2667 1593 τοιαῦτα
2694 1537 3061 1608 ὲπισυνείρας,
3089 1535 3244 1598 τέλος
3283 1532 3542 1604 ἐπιφέρει
3570 1532 3718 1586 κατά

2127 1632 2275 1697 λέξιν
2297 1631 2445 1688 τάδε.
2473 1630 2692 1685 Τούτων
2711 1629 2894 1685 τοίνυν
2919 1627 3172 1692 ῑκαστον,
3194 1627 3246 1679 εί
3277 1625 3352 1697 μὴ
3376 1626 3534 1692 λόγος
3565 1625 3717 1677 ἐστὶν

468 1728 686 1780 illorum
711 1727 954 1797 argutias
982 1733 1301 1781 everterunt
1333 1739 1399 1778 ac
1430 1726 1756 1779 refutarunt.
1783 1724 1890 1780 Sed
1924 1740 2035 1795 prae

2145 1725 2449 1797 ἀπόρρητον
2487 1722 2628 1793 ἔχων
2658 1721 2782 1775 τινὰ
2817 1718 3052 1791 θεωρίαν
3073 1758 3088 1784 ,
3117 1718 3257 1788 ὅπερ
3283 1714 3395 1785 ἐγὼ
3435 1715 3714 1787 νενόμικα,

467 1817 691 1886 reliquis
747 1817 1004 1870 omnibus
1051 1814 1341 1885 Origenes,
1399 1815 1491 1884 qui
1557 1815 1776 1884 quidem
1821 1813 2042 1869 Iuliano

467 1909 632 1975 longe
677 1906 941 1960 vetustior
971 1904 1094 1970 fuit,
1148 1920 1213 1960 ea
1259 1920 1379 1974 quae
1427 1905 1481 1958 in
1535 1904 1712 1959 sacris
1743 1901 2045 1974 Scripturis

471 1998 685 2052 animos
715 1995 1009 2066 legentium
1049 1996 1384 2051 conturbare
1417 1996 1763 2060 videbantur,
1791 1996 2044 2051 sibimet-

471 2088 588 2156 ipsc
611 2086 878 2154 obiiciens
909 2095 1075 2155 atque
1105 2101 1408 2156 exponens,
1437 2086 1769 2155 sophisticas
1801 2087 2043 2142 malevo-

472 2181 648 2234 lorum
686 2177 965 2231 hominum
1001 2177 1381 2232 cavillationes
1419 2178 1644 2246 repulit.
1673 2177 1805 2244 Quae
1835 2178 1883 2233 si
1924 2178 2046 2232 dlli-

473 2280 665 2340 genter
709 2270 1072 2340 perlegissent
1097 2269 1352 2326 Julianus
1397 2277 1562 2340 atque
1600 2270 1958 2342 Porphyrius,
1995 2281 2050 2328 et

478 2360 524 2414 si
563 2359 778 2426 placido
822 2358 1004 2412 animo
1038 2373 1102 2414 ea
1149 2359 1542 2430 suscepissent,
1585 2375 1814 2430 prorsus
1846 2363 2045 2432 stylum

477 2465 638 2504 suum
675 2451 741 2504 ad
785 2449 933 2505 aliud
976 2459 1356 2521 argumentum
1389 2451 1814 2519 convertissent,
1849 2467 1949 2508 nec
1979 2454 2048 2508 ad

480 2541 782 2612 impietatis
809 2541 967 2612 plena
996 2543 1338 2612 sophismata
1358 2543 1781 2608 conscribenda,
1805 2546 2048 2600 animum

476 2647 638 2688 suum
674 2648 917 2702 unquam
955 2634 1373 2704 applicuisseat.
1402 2632 1558 2700 Quod
1589 2649 1719 2690 vero
1751 2635 2050 2706 imperator

2141 1813 2343 1882 πολλῆς
2371 1812 2632 1882 γέμουσιν
2663 1811 2714 1865 oi
2743 1811 2892 1879 λόγοι
2949 1809 3079 1881 περὶ
3123 1808 3288 1862 αὐτοῦ
3343 1807 3715 1878 βλασφημίας.

2142 1905 2328 1958 Ταῦτα
2356 1903 2455 1972 μὲν
2493 1904 2550 1957 ὲν
2583 1901 2661 1973 τῷ
2693 1902 2863 1973 τρίτῳ
2894 1900 3058 1954 αὐτοῦ
3091 1899 3232 1954 κατά
3261 1898 3606 1970 Χριστιανῶν
3636 1897 3722 1968 βι-

2143 1997 2275 2066 ϐλίῳ
2298 1996 2488 2058 αὐταῖς
2519 1995 2726 2059 λέξεσιν
2759 1993 2969 2062 εἴρηκε.
3001 1993 3111 2046 Καὶ
3149 1994 3207 2046 ἐν
3239 1990 3318 2062 τῷ
3358 1991 3503 2061 λόγῳ
3534 1991 3591 2044 δὲ
3621 1991 3723 2044 αύ-

2144 2088 2238 2142 τοῦ
2263 2087 2321 2140 ὃν
2345 2088 2473 2159 περὶ
2498 2085 2782 2158 Κυνισμοῦ
2809 2085 2920 2156 (85)
2953 2084 3256 2157 ἐπέγραψε,
3281 2083 3548 2139 διδάσκων
3572 2083 3723 2146 ὅπως

2145 2180 2226 2233 δεῖ
2249 2181 2374 2244 τοὺς
2401 2181 2577 2251 ἱεροὺς
2607 2178 2862 2233 πλάττειν
2885 2176 3120 2250 μύθους,
3152 2177 3286 2248 φησὶ
3313 2177 3422 2231 δεῖν
3453 2175 3725 2246 κρύπτειν

2144 2271 2242 2342 τὴν
2278 2273 2406 2342 περὶ
2455 2270 2566 2324 τῶν
2613 2268 2871 2324 τοιούτων
2910 2269 3170 2341 ῥημάτων
3219 2267 3477 2340 ἀλήθειαν
3499 2308 3514 2332 ,
3550 2265 3726 2333 λέγων

2146 2362 2327 2424 αὐτοῖς
2361 2362 2566 2432 ῥήμασι
2597 2359 2749 2413 τάδε’
2770 2358 2922 2432 Φιλεῖ
2944 2360 3053 2431 γὰρ
3082 2360 3116 2429 ἡ
3147 2358 3307 2428 φύσις
3341 2356 3683 2430 κρύπτεσθαι
3705 2371 3723 2386 ο

2147 2451 2243 2506 καὶ
2303 2431 2369 2504 τὸ(
2409 2431 2806 2522 κεκρυμμένονι
2834 2451 2933 2522 τῆς
2985 2450 3095 2505 τῶν
3162 2450 3299 2506 θεῶν
3357 2449 3546 2513 οὐσίας
3623 2449 3726 2503 οὐκ

2149 2544 2404 2614 ἀνέχεται
2441 2545 2666 2613 γυμνοῖς
2718 2543 2798 2606 είς
2851 2541 3195 2613 ἀκαθάρτους
3226 2541 3397 2605 ἀκοάς
3437 2541 3726 2612 ῥίπτεσθαι

2152 2635 2378 2705 ῥήμασι.
2411 2633 2664 2688 Φαίνεται
2695 2633 2760 2703 δὴ
2793 2632 2880 2687 διά
2939 2633 3146 2686 τούτων
3199 2635 3228 2686 ό
3286 2631 3536 2702 βασιλεὺς
3577 2632 3716 2684 ὑπό-

375 3841 402 3856 ..
484 3809 692 3863 docens
729 3826 834 3878 qua
877 3811 1089 3865 ratione
1121 3826 1310 3865 sacras
1357 3810 1570 3867 fabulas
1599 3813 1801 3883 ﬁngere
1838 3813 2047 3880 deceat,

477 2724 724 2778 cavillari
767 2723 1062 2786 studuerit,
1105 2723 1249 2794 apud
1283 2724 1447 2780 rudes
1477 2734 1532 2780 et
1565 2725 1853 2796 imperitos
1883 2728 2042 2784 verba

2150 2741 2298 2778 νοιαν
2332 2723 2474 2794 ἔχειν
2503 2723 2758 2794 περὶτῶν
2791 2723 2949 2777 θείων
2968 2724 3218 2795 Γραφῶν,
3251 2723 3326 2786 ὡς
3351 2723 3538 2794 εῐησαν
3580 2722 3728 2791 λόγοι

477 2812 708 2876 faciens,
737 2828 843 2866 non
867 2809 1008 2882 apud
1041 2827 1136 2866 eos
1165 2811 1260 2880 qui
1293 2826 1360 2866 ex
1389 2811 1564 2866 sacris
1593 2810 1815 2867 Litteris
1835 2828 2042 2882 expres-

2155 2815 2409 2886 μυστικοὶ
2431 2853 2446 2879 ,
2476 2815 2786 2887 ἀπόρρητόν
2826 2833 2948 2870 τινα
3001 2815 3233 2886 θεωρίαν
3265 2814 3478 2886 ἔχοντες
3507 2828 3523 2846 ⁸
3545 2815 3726 2883 ἀγαν-

477 2920 596 2958 sam
623 2903 866 2958 veritatis
903 2912 1098 2973 gerunt
1133 2901 1444 2972 imaginem,
1481 2901 1608 2957 hinc
1633 2902 1760 2957 licet
1781 2904 2042 2973 perspice-

2152 2909 2308 2961 ακτεϊ
2361 2907 2444 2970 δὲ,
2485 2908 2570 2976 ἐφ’
2615 2901 2697 2971 οἷς
2737 2906 2811 2978 μὴ
2857 2907 2949 2961 καὶ
2990 2906 3192 2970 πάντες
3236 2904 3333 2977 τὴν
3381 2905 3551 2975 αὐτὴν
3599 2905 3730 2976 περὶ

478 3011 538 3050 re
571 3014 585 3049 :
620 3010 744 3049 nam
784 3010 906 3048 cum
960 2995 1130 3048 multa
1165 3009 1285 3064 quae
1323 3003 1543 3063 propter
1590 2993 2042 3063 dispensationem

2156 2999 2359 3052 τούτων
2407 2997 2660 3051 ὑπόνοιαν
2699 2997 2878 3069 έχουσι
2904 3036 2920 3062 ,
2977 2998 3072 3052 καὶ
3130 2996 3449 3068 κατατρέχει
3509 2995 3616 3048 τῶν
3671 2996 3730 3048 ἐν

479 3084 824 3139 necessitatis
866 3097 1032 3138 causa
1067 3082 1306 3136 humano
1338 3098 1490 3138 more
1521 3083 1588 3138 de
1623 3082 1734 3138 Deo
1772 3084 1930 3157 203
1969 3086 2042 3141 di-

2160 3088 2507 3158 Χριστιανοῖς
2547 3086 2930 3157 ἁπλουστέρων
2958 3087 3262 3158 δεχομένων
3299 3088 3368 3140 τὰ
3409 3085 3565 3155 λόγια
3594 3083 3729 3156 (86).

479 3179 693 3231 συιιιιιι·”
713 3175 1084 3244 excerpsisset
1109 3183 1272 3244 atque
1295 3175 1349 3228 in
1379 3190 1546 3229 unum
1572 3175 1907 3246 collegisset,
1940 3186 2042 3232 tan-

2153 3179 2267 3254 Ούκ
2321 3178 2425 3232 ἔδει
2466 3178 2522 3232 δὲ
2571 3178 2826 3233 τοσοῦτον
2885 3179 3259 3249 καταδραμεῖν
3302 3177 3402 3249 τῆς
3431 3177 3731 3246 ἁπλότητος

481 3267 602 3322 dem
628 3268 741 3322 haec
775 3267 1054 3336 subjungit
1081 3267 1146 3320 ad
1173 3267 1419 3321 verbum.
1448 3267 1652 3322 Horum
1685 3268 1924 3339 singula,
1945 3269 2042 3326 nisi

2161 3268 2270 3322 τῶν
2305 3267 2513 3322 πολλῶν
2537 3307 2553 3333 ,
2597 3267 2718 3322 οὐδὲ
2742 3267 3055 3339 τυφωθῆναι
3085 3266 3152 3320 δι’
3179 3266 3418 3330 ἐκείνους
3446 3264 3586 3318 κατά
3621 3265 3732 3320 τῶν

481 3374 662 3413 sermo
701 3359 818 3428 ipse
863 3373 1124 3412 arcanam
1161 3357 1454 3428 quamdam
1518 3359 1715 3415 habeat
1745 3360 2042 3431 intelligen-

2154 3360 2313 3432 ίερῶν
2345 3360 2687 3432 γραμμάτων
2711 3377 2725 3392 ο
2757 3360 2878 3414 οὐδὲ
2923 3359 3150 3430 μισῆσαι
3179 3359 3272 3413 καὶ
3310 3356 3733 3428 ἀποστραφῆναι

483 3451 634 3516 tiam,
667 3450 812 3521 quod
841 3450 1060 3521 quidem
1087 3448 1246 3506 facile
1283 3451 1562 3518 existimo,
1595 3452 1765 3506 multa
1795 3451 1848 3507 in
1883 3452 2042 3509 Deum

2151 3453 2220 3508 τά
2248 3453 2429 3518 καλῶς
2461 3453 2611 3524 αύτῷ
2656 3452 2921 3523 νοούμενα
2947 3451 3058 3523 (87)
3087 3491 3102 3514 ,
3133 3453 3216 3505 ὅτι
3263 3450 3339 3522 μὴ
3370 3449 3567 3512 πάντες
3593 3447 3736 3502 αὐτὰ.

484 3537 765 3608 impietate
818 3537 1022 3593 referta
1076 3549 1226 3595 sunt.
1268 3538 1392 3595 Haec
1439 3540 1532 3596 ille
1579 3541 1634 3596 in
1671 3543 1832 3597 tertio
1861 3551 2042 3599 contra

2159 3546 2340 3600 ἐνόουν
2361 3584 2376 3610 ,
2407 3546 2483 3609 ὼς
2537 3545 2700 3609 αὐτὸς
2743 3543 3008 3598 ὲὸούλετο.
3041 3542 3155 3596 Νῦν
3201 3543 3257 3596 δὲ
3282 3580 3299 3606 ,
3347 3541 3422 3605 ὡς
3451 3540 3596 3594 ἔοικε
3619 3579 3634 3602 ,
3664 3539 3736 3592 τὰ

483 3627 830 3684 Christianos
856 3629 998 3684 libro
1024 3628 1251 3685 totidem
1285 3629 1468 3685 verbis
1497 3631 1736 3701 scripsit.
1772 3631 1830 3686 ln
1862 3649 1926 3688 eo
1953 3648 2042 3688 au-

2151 3639 2295 3693 αύτά
2322 3637 2617 3709 Πορφυρίῳ
2645 3647 2668 3675 ι
2707 3636 2998 3690 πέπονθεν.
3037 3636 3274 3698 Ἐκεῖνος
3314 3633 3411 3704 μὲν
3443 3633 3551 3702 γὰρ
3593 3631 3734 3699 πλη-

487 3729 593 3774 tem
632 3719 773 3774 libro
801 3736 962 3789 quem
995 3721 1063 3775 de
1098 3721 1294 3792 cynica
1344 3721 1690 3792 philosophia
1744 3723 2042 3795 inscripsit,

2145 3732 2247 3801 γάς
2299 3735 2356 3785 ὲν
2390 3729 2699 3803 Καισαρείᾳ
2730 3730 2831 3800 τῆς
2870 3727 3233 3797 Παλαιστίνης
3265 3725 3371 3780 ὑπό
3402 3742 3561 3788 τινων
3599 3724 3736 3794 Χρι-

2145 3823 2374 3892 στιανῶν
2403 3821 2638 3894 εἰληφὼς
2656 3862 2670 3884 ,
2698 3821 2793 3875 καὶ
2819 3820 2893 3892 μὴ
2921 3819 3158 3888 ἐνεγκὼν
3177 3817 3273 3889 τὴν
3301 3815 3492 3887 ὀργὴν,
3518 3816 3583 3866 ὲκ
3614 3830 3716 3883 μευ

486 3900 800 3971 hujusmodi
854 3901 908 3954 in
954 3901 1119 3958 rebus
1171 3902 1555 3958 occultandam
1591 3905 1668 3959 ait
1701 3921 1822 3962 esse
1857 3911 2042 3962 verita-

2151 3913 2439 3984 λαγχολίας
2463 3955 2480 3981 ,
2523 3913 2614 3967 τὸν
2653 3913 2752 3984 μὲν
2798 3908 3226 3983 Χριστιανισμὸν
3261 3907 3532 3963 ἀπέλειπε
3577 3902 3698 3974 (88)

1665 4085 1937 4142 VALESII
1970 4087 2418 4147 ΑΝΝΟΤΑΤΙΟΝ
2425 4091 2529 4146 ES.

557 4195 669 4280 (Sil)
695 4197 816 4250 Οὐκ
851 4193 932 4280 ὣς
966 4198 1056 4280 εἰς
1085 4196 1155 4252 τὰ
1179 4199 1561 4280 σσξρίσμρᾳτα..
1584 4199 1940 4280 Scribendum
1970 4217 2042 4280 est

2156 4209 2312 4280 tiatio
2342 4208 2544 4280 legitur
2591 4208 2663 4264 τὰ
2721 4208 2902 4272 καλῶς
2943 4206 3098 4280 αύτῷ
3119 4206 3402 4280 νοούμενα.
3433 4221 3548 4280 non
3573 4207 3736 4280 male.

487 4267 672 4349 21656..
697 4267 1155 4349 quemadmodum
1195 4267 1375 4324 etiam
1399 4269 1636 4326 Savilius
1677 4273 1740 4327 ad
1772 4289 1925 4328 oram
1961 4277 2046 4332 sui
2155 4278 2326 4349 Magis
2353 4267 2532 4334 ta‘Inen
2568 4279 2744 4349 placet
2777 4280 2828 4332 id
2860 4267 3013 4349 quod
3033 4267 3160 4349 olim
3193 4267 3578 4349 conjiciebatn,
3599 4278 3741 4329 scri-

487 4336 695 4391 cudicis
733 4337 1034 4391 adnotavit.

2157 4346 2390 4404 bendum
2449 4346 2583 4404 esse
2624 4349 2693 4402 τὰ
2736 4346 2916 4410 καλῶς
2966 4346 3146 4418 ἄλλοις
3201 4348 3493 4418 νοούμενα.
3539 4346 3740 4418 Posset

710 4404 916 4488 ⁸’ξιξ-τῷ
950 4409 1110 4488 didm)
1146 4407 1214 4460 δὲ
1253 4408 1436 4488 adfor?
1463 4408 1536 4488 δν
1575 4412 1704 4488 περὶ
1735 4416 2042 4488 κυνισμοῦ

2161 4419 2322 4474 etiam
2349 4420 2674 4488 simpliciter
2700 4419 2802 4488 legi
2837 4404 2912 4470 τά
2925 4416 3104 4480 καλῶς
3126 4404 3415 4488 νοούμενα.
3453 4414 3561 4488 Vos
3591 4415 3739 4469 enim

491 4476 748 4555 intelligit
777 4476 974 4555 librum
1002 4477 1269 4555 adversus
1299 4478 1612 4555 Heraclium
1645 4476 1935 4555 Cynicum:
1960 4486 2056 4555 qui

491 4498 748 4556 intelligit
777 4498 974 4530 nurum
1002 4498 1269 4533 adversus
1301 4498 1612 4533 ueracuum
1647 4498 1687 4535 ια
1730 4499 1935 4545 mcum,
1960 4502 2056 4555 qut

491 4547 830 4625 inscribitur,
867 4546 983 4609 πῶς
1006 4548 1324 4625 -Ιξυνιστέοι
1349 4549 1408 4603 In
1431 4564 1496 4604 eo
1517 4549 1663 4604 enim
1692 4498 1834 4609 {ibro
1867 4555 2060 4625 legitur

490 4615 581 4668 hic
622 4616 797 4675 locus.
829 4630 948 4685 pag.
993 4617 1120 4672 405.

569 4685 678 4760 (86)
732 4686 1180 4760 Ἀπλουᾳτέρων
1211 4687 1651 4760 δεχομένωνηώ
1693 4692 1883 4760 λόγια.
1911 4693 2059 4747 εει-ἑο

492 4756 748 4837 hendtnn
769 4761 874 4819 est,
894 4754 1259 4828 ἁπλούστερον
1279 4754 1695 4826 adverbialiter,
1726 4754 1785 4814 ut
1813 4763 2060 4832 legerunt

495 4835 840 4894 interpretes.

567 4897 678 4966 (87)
713 4895 789 4951 Τὰ
817 4897 1014 4963 καλῶς
1039 4899 1190 4954 αὐτὰ
1246 4900 1562 4970 νοούμενα.
1600 4897 1660 4952 ln
1691 4898 1881 4955 codice
1913 4899 2058 4956 Slor-

2161 4490 2388 4560 αὐτάεχ
2417 4485 2666 4560 sequenti
2699 4485 2839 4542 linea
2869 4501 3149 4560 perperam
3185 4485 3291 4560 huc
3320 4485 3559 4560 irrepsit.

2235 4559 2347 4626 (88)
2384 4552 2510 4612 Tdr'
2519 4556 2636 4626 μὲν
2671 4552 3139 4625 Χριστῐανισμὸν
3168 4552 3472 4626 ἀπέλειπε.
3513 4557 3567 4608 ln
3615 4552 3744 4607 Flo-

2162 4624 2380 4682 rentino
2419 4624 2607 4682 codice
2637 4624 2903 4692 scriptum
2929 4624 3028 4680 est
3049 4625 3358 4681 κατέλειπε,
3395 4624 3742 4692 Nicephorus

2164 4642 2380 4682 reuuuo
2419 4642 2607 4682 coutce
2637 4642 2903 4748 scriptum
2929 4642 3016 4680 est
3049 4642 3358 4681 κατελειπε.
3396 4642 3742 4692 mcepnorus

2164 4713 2296 4752 vero
2324 4699 2376 4750 in
2417 4699 2597 4766 capite
2625 4696 2694 4751 36
2771 4696 2876 4749 ibri
2922 4695 3144 4760 decimi,
3175 4711 3276 4766 pro
3303 4697 3409 4750 hoc
3438 4695 3606 4766 verbo
3639 4710 3743 4766 po-

2165 4769 2277 4838 suit
2328 4763 2635 4838 ἐξόμνυται,
2661 4775 2715 4821 et
2745 4781 2845 4837 pro
2870 4765 2944 4838 μὴ
2969 4763 3208 4834 ἐνεγκὼν
3236 4766 3334 4836 τὴν
3353 4763 3524 4838 ὀργὴν
3550 4764 3745 4820 maluit

2164 4836 2348 4892 dicere
2374 4839 2474 4907 τὴν
2501 4834 2680 4908 ὕϐριν.

1933 5073 2326 5131 VARIORUM.

573 5176 593 5201 ι
627 5166 954 5234 Πορφυρίῳ.
978 5164 1337 5236 Porphyrius,
1361 5177 1536 5236 quem
1566 5162 1826 5236 Socrates
1840 5163 2067 5236 Tyrium

499 5231 935 5305 senem,’qui'ppe
965 5231 1263 5305 urbe—1"er
1293 5231 1608 5297 oriundum,
1646 5242 1700 5288 et
1743 5231 1946 5305 Juliani
1975 5249 2069 5304 pa.

503 5318 662 5366 trem,
691 5304 882 5372 utpote
914 5305 1074 5374 cujus
1108 5305 1282 5359 libros
1328 5318 1529 5372 magno
1566 5305 1619 5358 in
1678 5304 1857 5374 pretio
1896 5305 2067 5373 impe-

502 5387 654 5445 rator
685 5373 898 5433 habuit.
953 5373 1244 5445 appellat;
1309 5375 1479 5445 patria
1527 5373 1714 5445 lingua
1765 5374 2067 5445 vocabatur

503 5444 770 5508 Malchus,
822 5444 968 5512 quod
1005 5441 1241 5512 nomen
1281 5441 1500 5512 p’r0pric
1554 5441 1723 5512 regem
1769 5441 2063 5512 signiﬁcat.

499 5513 714 5566 Claruit
751 5511 850 5567 an.
869 5514 1002 5568 Chr.
1042 5513 1168 5567 270.
1218 5511 1397 5575 Obiit,
1436 5522 1495 5566 ut
1551 5511 1790 5570 videtur,
1830 5511 2069 5566 ineunte

501 5588 769 5652 sequente
799 5585 1020 5638 saeculo.
1045 5580 1243 5637 Nescio
1266 5583 1447 5651 plane,
1467 5584 1634 5652 inquit
1653 5582 1854 5652 Geticus
1870 5590 2064 5652 uoster,

507 5647 771 5717 au'ﬁdcm
806 5662 1051 5710 meretur
1087 5653 1232 5724 quod
1268 5647 1356 5708 'de
1393 5667 1458 5708 eo
1516 5647 1684 5709 refert
1710 5651 2069 5721 Nicephorus,

2170 5166 2264 5220 lib.
2296 5181 2350 5230 ι,
2377 5179 2497 5234 cap.
2523 5165 2611 5225 56,
2639 5165 2730 5233 qui
2767 5172 2950 5220 tamen
3009 5165 3309 5221 Eusebium
3345 5165 3445 5219 hac
3469 5165 3524 5218 in
3555 5180 3612 5218 re.
3664 5175 3746 5219 te-

2171 5243 2312 5316 stem
2348 5237 2501 5298 citat,
2539 5235 2902 5306 Porphyrium
2933 5237 3110 5316 prime
3130 5236 3349 5316 quidem
3379 5234 3551 5316 fuisse
3585 5234 3748 5316 Chri-

2172 5307 2452 5360 stianum:
2514 5304 2884 5360 verum‘cum
2937 5304 2984 5360 7a
3040 5304 3369 5361 Christianis
3408 5304 3745 5373 quihusdam

2171 5375 2433 5432 Czesareae
2455 5375 2778 5431 verberatus
2799 5383 2968 5438 esset,
2996 5391 3098 5430 nec
3135 5375 3395 5444 injuriam
3427 5375 3575 5444 illam
3607 5375 3748 5429 bene

2172 5459 2519 5515 concoquere
2575 5455 2784 5512 posset,
2840 5455 2958 5499 atra
3006 5445 3117 5515 bile
3174 5443 3745 5515 percitumAChristia-

2175 5512 2411 5570 nismum
2448 5516 2714 5581 ejurasse,
2742 5523 2906 5583 atque
2965 5514 3032 5567 ad
3078 5512 3358 5567 Christum
3390 5513 3745 5583 Christiano-

2175 5599 2407 5652 rumque
2443 5585 2762 5653 Scripturas
2792 5582 2976 5653 impiis
3024 5583 3292 5638 conviciis
3308 5582 3744 5653 proscindepdas

2177 5651 2420 5710 animum
2471 5651 2770 5724 appulisse.
2830 5652 3140 5723 Nicephoro
3198 5651 3484 5721 praeivisse
3521 5651 3743 5708 videtur
