4070 6204
511 255 617 311 455

1993 241 2334 300 SOCRATIS

3684 237 3792 290 456

513 375 712 430 Petrus
767 372 1076 442 Sipporum.
1125 367 1380 439 Pelagius
1438 365 1738 420 Laodiceam
1787 362 2100 417 Arabianus

2210 363 2431 414 Σίππων
2464 360 2542 430 (8)
2567 402 2583 428 ,
2607 359 2870 427 Πελάγιος
2907 355 3224 419 Λαοδικείας
3245 395 3258 420 ,
3313 353 3629 425 Ἀραϐιανδς
3662 356 3793 410 Ἀν-

513 468 690 522 Antri.
741 465 868 520 Piso
899 463 1214 517 Adanorum
1262 473 1362 530 per
1406 458 1826 528 Lamydrioncm
1877 455 2100 525 presby-

515 569 714 615 terum.
743 554 1075 610 Sabinianus
1123 551 1460 622 Zeugmatis.
1502 550 1838 605 Athanasius
1873 550 2102 619 Ancyra:

515 665 612 721 per
643 646 875 702 Orﬁtum
925 651 979 698 et
1023 643 1242 698 Aetium
1281 641 1646 711 presbyteros.
1689 640 1871 693 Irenio
1921 637 2097 697 Gazae.

513 740 641 794 Piso
690 737 977 805 Augustae.
1036 731 1318 788 Patricius
1371 730 1512 786 Palti
1569 747 1666 802 per
1719 729 2100 800 Lamyrionem

512 827 919 898 presbyterum.
970 821 1269 876 Anatolius
1320 819 1545 874 Beroeae.
1590 817 1910 872 Theotimus
1966 815 2104 870 Ara-

513 919 664 972 bum.
698 914 980 969 Lucianus
1009 913 1283 967 Arcenus.
1327 910 1486 965 llunc
1519 910 1761 964 libellum
1815 908 1870 962 in
1912 905 2100 963 Sabini

511 1010 654 1064 libro
687 1007 780 1078 qui
814 1005 1084 1063 Collectio
1118 1012 1397 1076 gestorum
1444 1001 1793 1074 synodalium
1833 999 2102 1056 inscribi-

514 1112 640 1167 tur,
682 1101 922 1155 relatum
969 1097 1302 1153 invenimus.
1369 1093 1642 1149 Caeterum
1694 1094 1998 1162 imperator
2047 1091 2100 1146 id

516 1191 622 1248 sibi
651 1195 1060 1261 proposuerat,
1100 1194 1158 1241 ut
1197 1184 1582 1241 dissidentium
1611 1183 1790 1253 jurgia
1820 1181 2102 1236 blanditiis

515 1290 571 1338 et
605 1281 711 1336 leni
743 1280 1035 1335 verborum
1071 1275 1440 1347 persuasione
1463 1273 1866 1342 exstingueret:
1899 1269 2098 1325 aiebat.

527 1389 635 1445 quc
689 1387 747 1428 se
791 1370 996 1426 nemini
1041 1369 1267 1423 omnino
1304 1366 1707 1437 qualiscunque
1749 1362 1872 1417 lidei
1912 1372 2100 1427 esset,

526 1462 832 1519 molestiam
871 1460 1244 1516 exhibiturum
1282 1477 1296 1512 :
1353 1471 1448 1512 eos
1498 1466 1677 1509 tamen
1727 1468 1840 1524 prae
1887 1451 2103 1507 caeteris

519 1567 836 1608 amaturum
881 1559 1047 1621 atque
1101 1549 1155 1602 in
1210 1547 1385 1618 pretio
1425 1546 1770 1608 habiturum,
1817 1544 1909 1614 qui
1945 1558 2106 1612 repa-

518 1643 704 1698 randae
735 1642 791 1696 in
824 1639 1071 1695 Ecclesia
1101 1637 1256 1708 pacis
1287 1644 1547 1691 auctores
1578 1649 1640 1689 ac
1675 1633 1845 1688 duces
1880 1648 1938 1688 sc
1968 1646 2106 1701 pra:-

2207 471 2340 523 τρου
2366 451 2472 523 (9),
2508 452 2690 505 Πίσων
2731 450 2964 504 Ἀδάνων
2993 447 3079 502 διὰ
3111 447 3498 519 Λαμυδρίωνος
3521 448 3633 515 (10)
3659 463 3794 519 πρε-

2211 545 2474 615 σϐυτέρου
2503 583 2517 605 ,
2572 541 2884 605 Σαϐινιανὸς
2917 540 3230 611 Ζεύγματος
3254 579 3268 602 ,
3313 539 3631 602 ’Δθανάσιος
3669 540 3794 608 Ἀγ-

2208 636 2392 707 κύρων
2456 636 2544 689 διὰ
2613 636 2862 706 Ὀρφίτου
2935 634 3032 688 καὶ
3087 633 3300 686 Ἀετίου
3380 633 3791 704 πρεσϐυτέρων,

2212 728 2482 800 Εἰρηνίων
2516 726 2696 795 Γάζης
2719 725 2832 796 (11)
2859 765 2874 788 ,
2908 725 3090 778 Πίσων
3113 723 3428 794 Αύγούστης
3449 763 3462 784 .
3498 724 3795 794 Πατρίκιος

2211 819 2424 874 Πάλτου
2475 817 2562 871 διὰ
2614 816 2973 887 Δαμυρίωνος
3029 815 3407 896 πρεσϐυτέρου
3434 855 3448 877 ,
3489 816 3794 879 Ἀνατόλιος

2210 910 2444 982 Βεροίων
2471 949 2485 973 ,
2538 907 2800 978 Θεότιμος
2867 906 3142 977 ’Δράϐων,
3197 905 3496 970 Λουκιανὸς
3548 909 3793 976 Ἀρκων.

2211 1001 2384 1054 Τοῦτο
2413 999 2513 1070 μὲν
2540 997 2605 1069 δὴ
2625 997 2686 1051 τὸ
2707 996 2910 1067 βιϐλίον
2932 999 2998 1067 τῇ
3029 999 3320 1067 συναγωγῇ
3358 995 3467 1047 τῶν
3498 996 3796 1049 συνοδικῶν

2210 1091 2437 1146 Σαϐίνου
2464 1089 2849 1161 γεγραμμένον
2877 1088 3208 1158 εὑρήκαμεν.
3246 1087 3304 1139 '0
3331 1086 3514 1157 μέντοι
3539 1086 3798 1155 βασιλεὺς

2212 1183 2467 1255 πρόθεσιν
2507 1179 2654 1252 εἶχε,
2691 1180 2951 1252 κολακείᾳ
2997 1181 3089 1233 καὶ
3131 1179 3309 1233 πειθοῖ
3336 1181 3445 1232 τῶν
3493 1179 3798 1232 διεστώτων

2209 1275 2314 1348 τὴν
2354 1273 2682 1345 φιλονεικίαν
2710 1272 2961 1342 ἐκκόψαι,
2993 1273 3172 1343 φήσας
3210 1271 3399 1343 μηδενὶ
3416 1271 3647 1342 ὀχληρὸς
3685 1270 3795 1322 τῶν

2209 1363 2457 1421 ὁπωσοῦν
2509 1365 2868 1418 πιστευόντων
2921 1363 3171 1418 ἔσεσθαι·
3231 1365 3538 1434 ἀγαπήσειν
3589 1363 3646 1416 δὲ
3700 1364 3796 1415 καὶ

2212 1459 2606 1529 ύπερτιμήσειν
2651 1458 2776 1517 τοὺς
2799 1455 2970 1527 ἀρχὴν
2996 1458 3060 1526 τῇ
3090 1453 3281 1508 ὲνώσει
3328 1455 3426 1524 τῆς
3467 1453 3795 1524 Ἐκκλησίας

2213 1546 2564 1619 παρέξοντας.
2599 1546 2786 1600 Ταῦτα
2817 1547 2874 1600 δὲ
2925 1546 3095 1611 οὓτως
3126 1546 3287 1602 αὑτὸν
3327 1546 3530 1617 πρᾶξαι
3565 1546 3660 1598 καὶ
3690 1546 3793 1598 θε-

2216 1638 2426 1708 μίστιός
2475 1649 2498 1676 ε
2532 1655 2696 1707 φησιν
2745 1638 2774 1690 ὁ
2813 1637 3118 1706 φιλόσοφος.
3156 1638 3452 1692 Ὑπατικὸν
3497 1639 3604 1708 γὰρ
3637 1638 3796 1706 λόγον

518 1736 733 1790 herent.
776 1735 956 1803 Atque
994 1732 1110 1786 haec
1152 1733 1227 1785 ita
1266 1730 1335 1785 ab
1379 1729 1473 1782 illo
1514 1733 1667 1798 gesta
1710 1740 1833 1782 esse
1878 1733 2100 1779 testatur

2214 1733 2292 1794 εἰς
2321 1730 2481 1784 αὑτὸν
2530 1729 2794 1794 διελθὼν,
2849 1729 3119 1801 θαυμάζει
3167 1729 3258 1783 τὸν
3309 1729 3570 1800 βασιλέα,
3619 1731 3693 1794 ὡς
3734 1730 3794 1784 τὸ

519 1827 683 1880 etiam
752 1823 1086 1880 Themistius
1134 1820 1516 1893 philosophus.
1577 1817 1712 1872 Nam
1755 1819 1808 1872 in
1863 1817 2100 1872 oratione

2211 1821 2422 1890 ἐφεῖναι
2453 1819 2564 1890 (12)
2591 1819 2914 1892 θρησκεύειν
2943 1821 3019 1884 ὡς
3043 1820 3264 1874 ἕκαστοι
3295 1821 3594 1892 βούλονται,
3636 1821 3818 1892 νική-’

517 1931 683 1987 quam
731 1913 799 1971 de
855 1917 1002 1971 illius
1057 1915 1347 1971 consulatu
1403 1915 1659 1984 scripsit,
1719 1913 2106 1983 imperatorem

520 2007 736 2077 magnis
763 2006 920 2064 eﬂ‘ert
947 2005 1198 2062 laudibus
1216 2047 1230 2071 ,
1257 2005 1330 2061 ob
1357 2004 1410 2060 id
1442 2005 1589 2076 quod
1613 2019 1876 2060 concessa
1905 2004 2106 2073 cuique

520 2099 694 2153 libera
737 2100 995 2155 facultate
1029 2099 1243 2154 colendi
1283 2097 1528 2152 numinis
1559 2105 1723 2168 prout
1753 2097 1935 2160 vellet,
1972 2095 2107 2168 adu-

520 2189 759 2245 latorum
798 2206 980 2247 mores
1021 2191 1428 2261 compresserit.
1479 2190 1630 2255 Quos
1671 2189 1892 2260 quidem
1935 2188 2109 2243 facete

521 2282 935 2351 perstringens,
966 2285 1045 2337 ait
1071 2282 1449 2352 experimento
1481 2283 1762 2353 cognitum
1797 2297 1949 2346 esse,
1984 2281 2109 2336 illos

2211 1931 2379 1968 σαντα
2411 1915 2518 1968 τῶν
2545 1915 2790 1970 κολάκων
2819 1917 2946 1980 τοὺς
2968 1917 3204 1988 τρόπους
3224 1933 3239 1949 ο
3280 1917 3374 1981 οὒς
3398 1919 3490 1971 καὶ
3517 1917 3793 1988 διασύρων

2209 2006 2352 2060 πάνυ
2375 2006 2599 2074 γελοίως
2627 2007 2730 2079 ἔφη
2757 2053 2773 2076 ,
2805 2008 3123 2080 ἐλέγχεσθαι
3147 2008 3345 2072 αὐτοὺς
3372 2008 3663 2080 ἁλουργίδα
3690 2049 3703 2072 ,
3731 2009 3792 2062 ού

2209 2099 2342 2152 Θεὸν
2409 2099 2812 2169 θεραπεύοντας
2845 2118 2860 2133 ο
2919 2101 3083 2174 μηδέν
3150 2119 3211 2155 τε
3265 2102 3541 2173 διαφέρειν
3594 2102 3794 2165 αὐτοὺς
3835 2167 3840 2174 ι

2217 2190 2484 2256 Εὐρίπου,
2512 2190 2606 2246 νῦν
2641 2193 2739 2261 μὲν
2764 2192 2858 2246 ἐπὶ
2898 2193 3022 2248 τάδε
3040 2233 3056 2257 ,
3086 2194 3180 2248 νῦν
3208 2193 3272 2248 δὲι
3291 2196 3372 2257 είς
3395 2191 3704 2248 τούναντίον
3724 2191 3793 2245 τὰ

2214 2283 2462 2354 ῥεύματα
2498 2283 2942 2353 μεταϐάλλοντος.

522 2388 634 2428 non
668 2372 834 2429 Deum
868 2374 961 2430 sed
996 2388 1295 2446 purpuram
1323 2374 1504 2430 colere
1537 2393 1549 2428 :
1591 2375 1858 2445 planeque
1892 2373 2100 2428 similes
2138 2387 2262 2430 esse
2302 2376 2508 2448 Euripo
2539 2415 2554 2442 ,
2599 2376 2691 2446 qui
2730 2378 2891 2434 modo
2937 2378 2993 2432 in
3037 2378 3178 2435 hanc
3206 2418 3222 2445 ,
3299 2379 3463 2435 modo
3539 2379 3593 2434 in
3644 2379 3794 2434 illam

525 2477 738 2540 partem
780 2467 974 2524 fertur.

1028 2556 1194 2627 209
1230 2557 1382 2612 CAP.
1425 2557 1615 2613 xxvr.

871 2649 951 2705 De
981 2649 1201 2705 Ioviani
1236 2652 1575 2721 imperatoris
1609 2650 1775 2706 obitu.

597 2745 680 2802 Ad
711 2743 863 2801 hunc
897 2744 1117 2800 modum
1165 2743 1466 2814 imperator
1497 2745 1760 2814 impetum
1794 2759 1984 2800 eorum
2017 2744 2110 2814 qui

525 2839 981 2898 contentionibus
1041 2837 1376 2902 studebant,
1439 2847 1569 2892 tunc
1633 2837 1896 2908 temporis
1960 2853 2112 2892 com-

525 2931 764 3003 pescuit.
801 2929 1115 2998 Statimque
1141 2927 1434 2983 Antiochia
1476 2927 1782 2998 digressus,
1812 2943 1937 2982 cum
1971 2928 2105 2983 Tar-

527 3039 650 3082 sum
705 3021 915 3077 Cilicia:
969 3019 1235 3086 venisset,
1291 3033 1494 3090 corpus
1546 3018 1752 3075 Juliani
1810 3020 2107 3091 sepulturae

2775 2557 3025 2614 ΚΕΦΑΛ.
3065 2559 3211 2626 Kcr.

2295 2649 2436 2718 Περὶ
2459 2647 2570 2717 τῆς
2607 2648 2893 2718 τελευτῆς
2932 2651 3210 2705 Ἰοϐιανοῦ
3241 2651 3347 2706 τοῦ
3373 2652 3703 2722 βασιλέως.

2281 2739 2437 2794 Οὕτω
2479 2742 2577 2812 μὲν
2595 2737 2688 2795 οὖν
2739 2741 2991 2812 βασιλεὺς
3027 2743 3148 2796 τότε
3189 2741 3288 2814 τὴν
3312 2745 3488 2817 ὁρμὴν
3521 2746 3630 2799 τῶν
3669 2749 3796 2818 ἐρει-

2212 2833 2422 2903 σχελείν
2475 2833 2922 2904 προαιρουμένων
2961 2833 3212 2904 ἐπέσχεν.
3266 2830 3343 2905 τῌ
3385 2837 3548 2906 τάχος
3586 2837 3643 2889 δὲ
3693 2839 3793 2908 τῆς

2225 2925 2554 2997 Ἀντιοχείας
2583 2927 2961 2997 ἀναχωρήσας,
2992 2927 3091 2998 τὴν
3133 2928 3346 2999 Ταρσόν
3379 2946 3436 2981 τε
3466 2930 3794 2984 καταλαϐὼν

2215 3019 2313 3091 τῆς
2357 3019 2635 3084 Κιλικίας,
2684 3021 2801 3073 ἐκεῖ
2837 3020 2899 3074 τὸ
2933 3019 3217 3075 Ἰουλιανοῦ
3268 3022 3426 3092 σῶμα
3463 3023 3663 3094 ἔθαψε·
3700 3028 3793 3078 καὶ

1722 3195 1990 3252 VALESII
2027 3195 2590 3255 ANNOTATIONES.

599 3296 676 3366 (8)
726 3295 948 3364 Πέτρος
1009 3295 1258 3366 Σίππων
1274 3365 1277 3366 ν
1292 3335 1308 3350 .

525 3363 730 3438 Πέτρος
782 3363 1014 3438 Ἵππων.
1058 3364 1183 3438 Fuit
1220 3365 1320 3438 hic
1363 3363 1558 3438 Petrus
1601 3363 1896 3438 episcopus
1930 3363 2102 3438 Πιρρὶ

527 3433 825 3509 provinciae
853 3435 1178 3509 Palaestinae.
1217 3433 1896 3509 subscripserat'coucilio
1925 3433 2104 3491 Seleu-

525 3505 698 3564 eiensi
721 3522 826 3562 una
854 3521 978 3561 cum
1008 3507 1130 3576 aliis
1162 3506 1332 3576 partis
1361 3505 1540 3560 Acacii
1573 3505 1665 3576 qui
1700 3505 1789 3559 hic
1811 3520 2106 3561 recensen-

527 3587 638 3641 tur,
663 3578 814 3634 verbi
838 3577 1046 3648 gratia,
1079 3575 1528 3648 ZoiloALarissze,
1567 3576 1910 3648 Eutychian_o
1945 3576 2105 3648 Eleu-

527 3646 876 3718 tberopoleos
897 3648 1179 3718 episcopo,
1204 3646 1346 3718 sicut
1374 3647 1549 3717 legere
1569 3647 1824 3718 estiapud
1860 3646 2101 3717 Epipha-

525 3715 766 3788 nitnn’in
799 3715 994 3771 haeresi
1017 3715 1510 3788 Seiniarianorum,
1544 3717 1634 3788 ubi
1665 3715 2101 3788 hagcrleguutur:

526 3787 733 3857 Πέτρος
755 3787 1059 3857 ἐπίσκοπος
1083 3788 1284 3857 Ἵππου
1310 3786 1692 3857 Παλαιστίνης.
1734 3786 1990 3857 Περρόεᾷ
2007 3803 2104 3857 np-

526 3855 714 3926 pidum
751 3855 1088 3926 Palaestinae,
1133 3856 1356 3926 triginta
1402 3857 1594 3926 stadiis
1631 3855 1855 3912 distans
1892 3871 1922 3910 a
1951 3855 2108 3912 Tibe-

526 3897 720 3993 i’iade,
757 3935 1024 3980 memorat
1050 3897 1322 3995 ,Ιόεερῗιυε
1357 3927 1411 3980 in
1438 3924 1558 3980 Vita
1590 3940 1711 3980 sua.

601 3997 681 4066 (9)
756 3995 1096 4065 Ἅραϐιανός
1141 3994 1444 4066 Α’Ᾱντρου.
1495 3996 1690 4066 Apud,
1735 3994 2104 4066 Epiphanium

529 4064 928 4122 Seholasticum
984 4077 1070 4124 est
1119 4064 1421 4119 Arabianus
1469 4064 1941 4129 Adrensisfrccte
1983 4082 2104 4122 omo

528 4140 683 4194 nino.
712 4135 811 4208 Hic
845 4136 990 4192 enim
1025 4144 1110 4193 est
1135 4136 1451 4208 Arabianus
1491 4151 1590 4191 seu
1617 4137 1857 4208 Arabion
1885 4137 2102 4208 episco-

526 4224 631 4290 pus
653 4207 980 4288 Adraorum,
1009 4208 1103 4278 qui
1123 4207 1462 4290 §elcuciensi
1488 4207 2099 4290 concilionsuhscripsit,

525 4277 670 4334 inter
699 4279 990 4348 episcopos
1022 4277 1192 4348 partis
1225 4278 1544 4343 Aeacianaz,
1581 4285 1637 4332 ut
1663 4278 1832 4348 refert
1862 4277 2099 4348 Epipha-

527 4350 653 4405 nius
678 4347 951 4405 in’haeresi
974 4347 1466 4414 Semiarianorum,
1503 4348 1594 4403 ubi
1627 4357 1750 4418 post
1779 4347 2099 4403 ExereSium

526 4418 856 4474 Cerasorum
890 4419 1210 4488 episcopum
1231 4459 1247 4483 ,
1281 4428 1336 4474 et
1362 4419 1609 4488 proxime
1638 4430 1764 4474 ante
1788 4418 2100 4476 Charistum

1384 3293 1579 3367 Scribe
1663 3310 1786 3367 meo
1858 3296 2103 3367 periculo
2135 3301 2180 3361 ο
2213 3296 2373 3352 Azoti
2403 3297 2721 3367 episc0pum
2757 3295 3079 3351 collocatur.
3106 3295 3251 3367 A_dra
3279 3311 3376 3352 seu
3406 3296 3628 3352 Adraon
3659 3297 3794 3355 urbs

2211 3375 2294 3436 est
2342 3365 2716 3436 Arabiae:sub
2763 3367 3082 3436 episcopatu
3134 3365 3413 3421 Bostrensi
3443 3405 3457 3429 ,
3515 3377 3573 3420 ut
3631 3367 3798 3422 docet

2211 3435 2537 3492 Guillelmus
2567 3435 2786 3507 Tyrius.
2827 3435 2986 3490 Certe
3019 3435 3256 3492 Uranius
3297 3436 3637 3507 Adranensis
3678 3441 3797 3506 cpi-

2212 3522 2416 3578 scopus
2462 3506 2784 3578 numeratur
2825 3507 2879 3560 in
2925 3507 3133 3577 synodo
3181 3509 3354 3577 prima
3402 3506 3798 3578 Constantino-

2210 3576 2453 3648 politana
2487 3578 2629 3633 inter
2657 3577 2944 3648 episcopos
2963 3576 3280 3646 provincia:
3307 3577 3545 3631 Arabiae.
3569 3576 3628 3630 In
3661 3595 3796 3650 syn-

2208 3649 2315 3702 odo
2360 3656 2541 3702 autem
2586 3648 2780 3702 quinta
2832 3648 3470 3702 Constantinonolitana.
3534 3647 3796 3702 Dorvme—

2211 3664 2315 3702 oao
2360 3664 2541 3702 autem
2586 3664 2780 3717 quinta
2832 3664 3470 3716 uonsmnunopontana,
3534 3664 3776 3719 uoryme

2211 3719 2337 3772 nius
2370 3718 2595 3788 quidam
2627 3726 2944 3788 recensetur
2973 3719 3266 3788 episcopus
3297 3717 3629 3771 Adraorum.

2282 3786 2402 3859 (10)
2445 3788 2565 3859 Aut
2589 3786 3023 3859 Λαμυδρίῳνος.
3076 3787 3544 3859 Μειίιηλεεῐίὺετθ
3595 3789 3794 3858 Λαμυ-

2251 3855 2410 3949 ίωνος
2439 3873 2506 3913 ex
2529 3855 3248 3949 Epiphanjo‘b‘ch'olasticg.'
3270 3857 3365 3913 Est
3402 3859 3560 3949 enirn
3586 3855 3794 3949 nomen

2208 3927 2502 3982 formatum
2551 3927 2660 3982 ἀπὸ
2701 3927 2796 3980 τοῦ
2841 3927 3108 4000 λαμύρου.
3167 3927 3292 3983 Mox
3349 3942 3450 3999 pro
3515 3927 3794 3996 Ἀτετίου,

2208 3995 2351 4070 idem
2383 3996 2722 4070 Epiphanius
2754 3997 2885 4070 legit
2923 3997 3150 4070 Ἀετίου,
3177 3998 3454 4070 quomodo
3485 3998 3539 4052 in
3570 3998 3800 4054 Floren-

2208 4069 2326 4122 tino
2357 4069 2548 4123 codice
2579 4068 3081 4137 scriptuminveni.

2278 4138 2391 4209 (Η)
2437 4135 2729 4209 Εἰρηνίωῷ
2755 4135 2969 4206 Γάζης.
3011 4137 3189 4209 Hujus
3221 4138 3431 4193 mentio
3458 4137 3518 4192 ﬁt
3544 4153 3576 4192 a
3608 4137 3800 4194 Marco

2207 4207 2443 4281 diacono
2473 4207 2679 4281 invita
2706 4207 2990 4281 Porphyrii
3019 4207 3286 4266 Gaiensis
3313 4209 3590 4281 episcopi,
3626 4225 3799 4280 quam

2210 4279 2382 4334 habes
2417 4279 2562 4349 apud
2603 4277 2849 4349 Suriuni.

2280 4349 2394 4418 (12)
2439 4347 2533 4416 Ὦς
2588 4349 2652 4403 τὸ
2713 4347 2957 4418 ἐφεῖναι.
3019 4349 3380 4408 Scribendum
3446 4358 3532 4408 est
3597 4349 3689 4405 διὰ
3734 4349 3798 4402 τὸ

2210 4421 2420 4490 ἐφεῖναι
2446 4419 2788 4491 θρησκεύειν.

1966 4599 2332 4658 VARIORUM
2341 4644 2352 4656 .

608 4688 674 4768 (ε)
714 4688 1420 4768 erlattpc._'l‘hemistius
1464 4689 2098 4768 plliiOSCpittlS!_Cogl19—
2129 4697 2173 4750 D
2203 4712 2232 4749 a
2269 4695 2471 4766 quibus
2517 4698 2570 4768 in
2613 4698 2952 4768 senatorium
3000 4699 3249 4755 ordinem
3277 4706 3602 4768 cooptatus,
3645 4713 3797 4767 prae-

527 4757 712 4813 mcnto
735 4758 1038 4830 Euippabﬁg,
1061 4759 1165 4812 hoc
1179 4766 1297 4830 est,
1319 4757 1616 4830 Eloquens,
1649 4759 1702 4811 in
1731 4757 2098 4830 Paphlagonia

529 4836 740 4908 patrem
777 4826 1288 4897 habuit'Eugenium
1318 4827 1678 4952 philosoghitc
1706 4826 2098 4898 professorem,

529 4906 590 4952 ut
617 4912 730 4952 msc
757 4904 989 4950 testatur
1020 4905 1166 4950 orat.
1204 4909 1243 4947 ll
1289 4907 1344 4950 et
1387 4914 1497 4951 vtv.
1577 4914 1665 4951 um
1699 4900 1972 4952 nrmcioua
2006 4916 2098 4952 sa-

529 4906 590 4968 ut
617 4899 730 4966 ipsc
757 4904 989 4968 testatur
1020 4905 1166 4950 orat.
1198 4909 1257 4968 l_t
1289 4907 1344 4950 et
1387 4914 1497 4951 vtv.
1529 4899 1665 4952 Cum
1699 4900 1972 4968 prmcipua
2006 4916 2098 4955 sa-

529 4962 927 5038 pientiaatlaude
956 4965 1175 5038 ﬂoreret
1198 4962 1569 5030 Themistius,
1597 4962 1960 5038 certatimque
1994 4971 2100 5025 sibi

529 5035 652 5106 eum
684 5035 850 5106 urbes
885 5049 952 5106 ac
1008 5036 1303 5105 provincia:
1345 5039 1717 5101 asciscerent,
1758 5035 2060 5094 Antiochiae
2083 5083 2098 5106 ,

527 5105 881 5180 Nicomediae,
906 5105 1382 5180 Constantinopoli
1409 5117 1464 5164 et
1487 5108 1670 5164 Romae
1697 5109 2098 5180 philosophiam

528 5175 812 5249 professus
853 5184 958 5230 est.
995 5176 1181 5249 Romae
1215 5175 1432 5249 quidem
1486 5188 1636 5232 tanto
1677 5175 1958 5234 hominum
1997 5195 2094 5249 ap-

531 5245 747 5317 plausu,
775 5253 836 5298 ut
866 5259 996 5319 cum_
1020 5245 1442 5319 honestissimis
1463 5249 1869 5304 conditionibus
1905 5245 2098 5319 propo-

532 5313 653 5372 sitis
690 5329 814 5369 eum
856 5313 999 5383 apud
1042 5331 1100 5369 se
1146 5316 1378 5370 retinere
1423 5317 1623 5372 frustra
1666 5329 1851 5374 essent
1888 5313 2092 5382 conati,

532 5389 918 5459 imperatorem
941 5384 1118 5459 ipsum
1143 5385 1598 5459 interpellandum
1623 5390 1955 5459 putaverint.
1989 5389 2095 5443 Sed

529 5455 653 5512 cum
703 5455 834 5508 nihil
884 5470 952 5508 ne
1001 5455 1082 5509 sic
1116 5455 1333 5524 quidem
1378 5455 1793 5524 promovérent,
1841 5474 2094 5515 reversus

527 5524 1088 5593 Constantitmpolim,
1130 5524 1196 5576 ad
1228 5522 1490 5579 usitatum
1533 5543 1591 5582 se
1629 5522 1856 5584 docendi
1893 5545 2094 5586 munus

529 5597 780 5650 contulit.
829 5593 1072 5668 AUxorem
1134 5593 1320 5668 duxit,
1379 5595 1686 5668 liberosque
1731 5601 2083 5668 procreavit:

530 5664 950 5735 imperatoribus
980 5676 1102 5720 cum
1126 5662 1316 5734 primis
1335 5662 1613 5734 gratiosus
1629 5662 1793 5726 luisse
1813 5670 2048 5726 traditur
2065 5690 2083 5727 -:

2198 4769 2466 4823 iecturam
2493 4767 2657 4821 etiam
2687 4767 2843 4822 urbis
2869 4769 3298 4826 administravit.
3331 4767 3487 4838 Apud
3506 4767 3796 4824 Valentem

2197 4852 2395 4906 magna
2415 4839 2588 4910 valuit
2606 4839 2936 4910 auctoritate
2958 4857 2972 4906 ;
2998 4840 3157 4910 cujus
3181 4841 3495 4895 saevientem
3522 4840 3574 4892 in
3599 4842 3798 4910 ortho.

2198 4909 2624 4979 doxosrabiem
2668 4909 2961 4979 aliquoties
3009 4909 3256 4965 oratione
3295 4910 3679 4978 compescuit:
3723 4909 3798 4965 de

2196 4992 2303 5048 qua
2351 4977 2473 5050 vide
2524 4975 2833 5050 SoaOIn.'l.
2867 4995 2957 5044 vi,
3009 4997 3131 5050 cap.
3169 4979 3258 5033 '56.
3291 4975 3524 5034 Gentilis
3568 4993 3796 5050 semper

2199 5047 2440 5118 mansit,
2481 5048 2628 5115 quod
2662 5064 2728 5102 ex
2765 5047 3114 5105 orationibus
3150 5054 3270 5114 eius
3298 5052 3584 5105 evidenter
3619 5047 3798 5118 appa-

2197 5125 2278 5192 ret
2303 5117 2532 5192 :___l'ui_ssc
2569 5129 2751 5192 tamen
2798 5135 2919 5173 cum
2957 5118 3221 5192 Gregorio
3259 5121 3388 5175 Naz.
3438 5117 3795 5192 amicitia’ac

2199 5186 2576 5261 familiaritate
2628 5189 3021 5258 coniunctum,
3070 5186 3366 5261 ipsiusmet
3411 5206 3479 5244 ex
3531 5189 3793 5261 Gregorii

2196 5257 2416 5328 scriptis
2451 5259 2517 5311 ad
2541 5275 2665 5312 eum
2699 5261 2949 5328 epistolis
2990 5257 3172 5316 159'et
3214 5261 3318 5316 HO
3363 5267 3602 5315 constat.
3640 5257 3794 5314 The-

2195 5327 2363 5404 mistii
2398 5329 2561 5381 etiam
2602 5327 2970 5404 uieiiiiuerunt
3006 5332 3353 5404 Augustinus
3404 5331 3481 5385 De
3506 5331 3794 5404 categoriis

2196 5397 2395 5469 gerem,
2438 5413 2562 5469 cap.
2606 5399 2674 5464 3;
2726 5399 2951 5468 Niceph.
2999 5397 3144 5456 His't.
3180 5403 3305 5456 eccl,
3345 5403 3380 5456 Ι.
3422 5419 3452 5456 x
3477 5441 3492 5465 ,
3529 5397 3653 5469 cap.
3679 5401 3752 5455 42
3776 5443 3791 5464 ν

2192 5464 2421 5522 ΡΙιοιὶιιε
2469 5464 2748 5532 Βῖὺιίυιίιη
2804 5464 3026 5536 Suidas,
3067 5473 3430 5528 Constantius
3481 5464 3670 5539 Epit-tt.
3717 5472 3792 5524 ad

2192 5548 2453 5612 senatum,
2496 5539 2549 5612 in
2577 5542 2698 5612 cuti.
2728 5540 2934 5612 'ﬂieod.
2976 5543 3068 5598 lib.
3095 5560 3169 5607 Vl,
3204 5545 3287 5599 tit.
3313 5544 3367 5598 4,
3393 5541 3528 5597 Vide
3548 5541 3787 5612 Diottys.

2192 5605 2472 5685 Petavium
2507 5610 2561 5685 in
2595 5607 2711 5661 Vita
2744 5610 3030 5685 Themistii
3068 5605 3417 5671 orationibus
3452 5605 3743 5685 prtetnissa
3770 5650 3789 5680 ,

2191 5678 2335 5733 unde
2367 5679 2479 5734 hanc
2505 5679 2935 5752 desumpsimus.
