4070 6204
270 383 359 443 ιιι

1242 388 1574 449 HISTORIA
1595 390 2158 454 ECCLESIASTICA.
2201 424 2270 438 --
2309 397 2440 453 LIB.
2482 398 2570 454 IV.

3383 407 3486 464 466

271 481 527 579 δημοσίων
559 476 843 580 πρόνοιαν,
873 509 933 563 ἂν
969 508 1114 582 ἀρχῇ
1155 513 1525 585 παραπλήσιοι
1563 517 1814 590 ἀλλήλοις

1922 519 2063 575 sicut
2090 535 2270 592 neque
2296 519 2584 577 Jovianum
2611 521 2704 592 qui
2737 521 2922 594 ipsiiin
2945 523 3173 595 imperio
3195 531 3483 585 successit.

274 601 402 664 δντες
418 599 714 671 ἐτύγχανον
735 617 750 633 ο
779 600 907 672 περὶ
918 600 973 654 δὲ
991 601 1081 656 τὸν
1103 603 1547 676 Χριστιανισμὸν,
1568 606 1814 680 ὡςὲφην,

274 688 664 759 διαφωνοῦντες,
712 691 893 746 οὐκέθ’
919 693 1090 764 ὁμοίῳ
1133 694 1320 765 τρόπῳ
1361 698 1503 752 κατὰ
1543 700 1649 754 τῶν
1683 700 1818 773 Χρι-

271 782 624 846 στιανιζόντων
667 782 979 854 ἐκέχρηντο.
1047 785 1484 853 Οὐαλεντινιανδς
1539 790 1638 861 μὲν
1680 791 1812 863 γὰρ,

267 875 378 938 τοὺς
408 875 504 944 μὲν
536 874 769 938 οῑκείους
809 878 1158 949 συνεκρότει·
1189 882 1300 944 τοῖς
1325 880 1380 934 δὲ
1421 884 1816 954 ἀρειανίζουσιν

265 966 494 1036 οὐδαμῶς
514 962 581 1036 ἦν
601 966 849 1037 ὀχληρός.
891 968 1106 1040 Οὐάλης
1135 969 1193 1023 δὲ
1224 971 1534 1041 Ἀρειανοὺς
1584 973 1814 1043 αὐξῆσαι

265 1056 695 1130 προαιρούμενος,
727 1058 874 1112 δεινὰ
898 1059 1041 1113 κατὰ
1057 1059 1167 1113 τῶν
1195 1060 1269 1132 μὴ
1305 1063 1525 1115 τοιαῦτα
1555 1063 1815 1134 φρονούν-

261 1167 358 1203 των
398 1150 708 1220 εἰργάσατο,
760 1150 836 1212 ὡς
865 1151 1070 1223 προῖὼν
1111 1153 1138 1205 δ
1179 1153 1278 1223 τῆς
1300 1153 1540 1224 ἱστορίας
1585 1153 1815 1224 δηλώσει

261 1241 423 1310 λόγος.
447 1241 605 1295 Κατὰ
653 1241 718 1312 δὴ
745 1243 838 1296 τὸν
866 1243 1055 1316 χρόνον
1083 1245 1252 1307 τόνδε,
1287 1244 1387 1314 τῆς
1417 1247 1513 1316 μὲν
1543 1246 1602 1298 ὲν
1628 1245 1814 1318 Ῥώμῃ

273 1329 582 1400 Ἐκκλησίας
618 1333 946 1402 προεστήκει
973 1334 1220 1403 Λιδέριος
1243 1350 1257 1364 ⁸
1292 1335 1350 1391 ὲν
1376 1335 1432 1389 δὲ
1457 1339 1521 1407 τῇ
1565 1336 1816 1404 Ἀλεξαν-

260 1421 436 1493 δρείᾳ,
470 1423 569 1493 τῆς
615 1422 714 1493 μὲν
739 1425 1022 1494 ὁμοουσίου
1052 1425 1286 1490 πίστεως
1327 1426 1677 1494 Ἀθανάσιος,
1713 1432 1815 1500 τῆς

259 1514 312 1567 δὲ
350 1513 780 1587 Ἀρειανιζούσης
823 1517 1069 1582 Λούκιος,
1115 1518 1174 1572 ὃν
1216 1517 1353 1588 μετὰ
1387 1518 1658 1590 Γεώργιον
1688 1537 1818 1574 κατ-

259 1607 480 1679 έστησαν
518 1608 566 1661 οἱ
604 1606 1018 1679 ἁρειανίξοντες.
1051 1609 1172 1663 Τῶν
1216 1609 1271 1664 δὲ
1306 1611 1446 1665 κατὰ
1480 1610 1576 1682 τὴν
1611 1613 1814 1665 Ἀντιὸο

259 1716 400 1771 χειαν
439 1699 732 1771 Ἀρειανῶν
758 1702 940 1772 ἡγεῖτο
971 1701 1224 1766 Εὐξὼῖος.
1255 1702 1518 1774 Διῄρηντο
1557 1703 1614 1756 δὲ
1649 1703 1739 1756 καὶ
1765 1703 1815 1756 οἱ

255 1791 340 1846 τοῦ
365 1793 647 1862 ὁμοουσίου
667 1809 682 1825 ο
703 1792 814 1846 τῶν
846 1793 942 1864 μὲν
972 1792 1079 1865 γὰρ
1107 1794 1388 1859 Παυλῖνος,
1426 1795 1535 1848 τῶν
1569 1795 1625 1848 δὲ
1651 1794 1817 1849 Μελί-

1920 610 2051 667 Post
2083 613 2198 667 hac
2242 629 2372 669 vero
2417 614 2483 668 ad
2519 613 2806 683 imperium
2848 618 3043 679 evecti,
3076 619 3132 671 in
3175 621 3485 688 reipublicae

1921 700 2141 770 quidem
2173 716 2301 756 cura
2351 717 2508 772 pares
2554 703 2694 757 inter
2727 718 2786 758 se
2827 705 2984 759 initio
3026 707 3354 762 exstiterunt
3386 730 3398 764 :
3432 712 3485 765 in

1922 788 2232 843 Christiana
2277 799 2455 844 autem
2503 792 2765 861 religione
2813 793 3210 864 discrepantes,
3249 804 3306 851 ut
3351 797 3484 863 dixi,

1921 879 2122 951 dispari
2156 877 2318 936 modo
2345 882 2986 956 adversusChristianos
3014 903 3072 942 se
3093 903 3333 958 gessere.
3354 889 3486 946 Nam

1922 969 2338 1030 Valentinianus
2384 990 2500 1030 sua
2541 977 2760 1044 quidem
2805 986 2969 1033 secta
3007 987 3170 1050 atque
3212 980 3488 1050 opinionis
3523 1024 3526 1028 ι

1920 1059 2172 1116 homines
2219 1062 2431 1117 fovebat
2466 1082 2479 1117 :
2510 1065 2742 1120 Arianos
2793 1075 2975 1121 tamen
3024 1069 3173 1122 nulla
3222 1068 3489 1123 afﬁciebat
3526 1095 3530 1113 ι

1921 1150 2191 1205 molestia.
2223 1151 2422 1208 Valens
2464 1171 2590 1208 vero
2621 1157 2858 1211 Arianos
2882 1172 3202 1226 promovere
3236 1160 3487 1228 cupiens.
3523 1185 3528 1194 ι

1921 1257 2016 1298 eos
2070 1245 2162 1313 qui
2212 1245 2426 1301 diversa
2469 1247 2540 1301 ab
2591 1248 2698 1304 illis
2749 1250 3090 1316 sentiebant,
3135 1252 3490 1310 acerbissime

1923 1335 2153 1402 vexavit,
2190 1336 2331 1390 sicut
2374 1337 2428 1392 in
2475 1354 2770 1410 progressu
2812 1341 3056 1396 historia:
3098 1341 3486 1400 declarabitur.

1919 1423 2026 1480 Per
2051 1426 2191 1481 idem
2223 1435 2436 1498 tempus
2466 1428 2723 1485 [initiante
2753 1429 3011 1487 Ecclesia
3058 1442 3290 1502 praerat
3329 1433 3489 1490 Libe-

1923 1515 2070 1583 rius;
2100 1516 2438 1574 Alexandria
2465 1535 2595 1575 vero
2636 1519 3016 1578 llomousianis
3072 1522 3294 1591 quidem
3325 1524 3492 1579 Atha-

1921 1608 2140 1674 nasius,
2201 1607 2420 1664 Arianis
2471 1625 2599 1665 vero
2655 1609 2856 1666 Lucius
2915 1613 3272 1682 praesidebat,
3327 1630 3488 1684 quem

1921 1698 2112 1753 Ariani
2161 1708 2284 1770 post
2338 1701 2579 1772 Gregorii
2633 1717 2823 1758 necem
2884 1704 3291 1758 ordinaverant.
3330 1704 3486 1773 Apud

1921 1789 2264 1845 Antiochiam
2301 1791 2515 1846 Arianae
2573 1791 2824 1848 factionis
2878 1793 3174 1864 episcopus
3215 1804 3332 1848 erat
3382 1794 3490 1848 Eu-

251 1901 357 1948 τιος
405 1885 875 1956 προειστήκεισαν.
914 1885 1034 1938 Τῶν
1073 1885 1128 1939 δὲ
1175 1887 1402 1956 περὶτὰ
1449 1887 1816 1958 Ἱεροσόλυμα,

1922 1881 2094 1936 zoius.
2116 1881 2219 1947 Qui
2251 1897 2380 1936 vero
2407 1883 2898 1939 consubstantialis
2928 1884 3086 1938 iidem
3115 1884 3228 1938 illic
3258 1885 3489 1940 tueban-

250 1975 512 2046 Κύριλλος
539 1971 695 2040 αὖθις
714 1976 956 2046 ἐκράτει.
991 1979 1080 2032 Ἐν
1110 1977 1165 2031 δὲ
1201 1980 1614 2034 Κωνσταντίνου
1637 1982 1812 2048 πόλει,

247 2065 500 2129 Εὐδόξιος
539 2067 633 2136 μὲν
660 2064 770 2119 τῶν
817 2067 1123 2139 ἐκκλησιῶν
1171 2069 1412 2139 ἐκράτει,
1458 2070 1557 2141 τὴν
1603 2070 1813 2142 Ἀρείου

248 2156 405 2221 δόξαν
430 2156 692 2211 διδάσκων
713 2175 727 2190 ·
750 2159 797 2212 oi
829 2159 886 2212 δὲ
904 2159 997 2213 τοῦ
1027 2154 1315 2231 ὁμοουσίου
1344 2164 1710 2234 φρονήματος,
1757 2165 1815 2216 ὲν

251 2244 430 2315 μικρῷ
457 2245 681 2317 οἰκίσκῳ
715 2245 817 2310 τὰς
862 2247 1181 2317 συναγωγὰς
1235 2249 1514 2304 ἐποιοῦντο
1549 2250 1696 2306 ἔνδον
1715 2252 1816 2322 τῆς

257 2335 478 2397 πόλεως.
518 2336 630 2406 Τῆς
683 2335 740 2389 δὲ
777 2335 1180 2407 Μακεδονιανῆς
1206 2336 1524 2409 θρησκείας,
1557 2339 1638 2393 ἔτι
1674 2339 1816 2394 κατὰ

256 2427 350 2488 τὰς
396 2427 580 2492 πόλεις
633 2429 900 2499 ἐκράτουν
947 2429 1056 2484 τῶν
1115 2429 1418 2503 εὐκτηρίων
1467 2432 1629 2484 οἴκων
1675 2433 1724 2485 oi
1757 2434 1815 2486 ὲν

251 2517 538 2598 Σελευκείᾳ
578 2517 914 2588 διδαχθέντες
953 2519 1062 2588 (16)
1087 2521 1210 2582 τοὺς
1246 2520 1376 2591 περὶ
1415 2521 1686 2578 Ἀκάκιον.
1727 2523 1816 2576 Ἐν

247 2610 468 2681 τοιαύτῃ
502 2609 601 2680 μὲν
626 2610 688 2681 δὴ
711 2611 1063 2676 καταστάσει,
1081 2610 1150 2664 τὰ
1174 2610 1280 2664 τῶν
1314 2611 1649 2684 Ἐκκλησιῶν
1673 2609 1761 2685 ἦν.

1923 1981 2029 2035 tur,
2073 1974 2210 2030 duas
2254 1974 2308 2028 in
2358 1983 2544 2042 partes
2591 1975 2752 2031 divisi
2806 1981 3009 2031 erant:
3043 1990 3276 2045 quarum
3333 1976 3490 2030 alteri

1919 2065 2200 2130 Paulinus,
2239 2067 2394 2121 alteri
2434 2076 2660 2138 praerat
2697 2068 2957 2123 Melitius.
2989 2067 3490 2135 Hierosolymorum

1921 2155 2225 2212 Ecclesiam
2263 2157 2500 2230 Cyrillus
2538 2159 2720 2214 denuo
2767 2160 3069 2214 obtinebat.
3100 2157 3492 2212 Constantino-

1921 2251 2031 2324 poli
2092 2251 2371 2310 Eudoxius
2439 2254 2689 2309 ecclesiis
2755 2253 3100 2323 potiebatur,
3159 2251 3490 2306 Arianorum

1922 2343 2118 2416 dogma
2151 2345 2327 2414 palam
2362 2345 2697 2415 praedicans;
2749 2341 3102 2399 llomonsiani
3134 2355 3267 2397 vero
3291 2341 3346 2395 in
3372 2340 3492 2396 exi-

1922 2450 2028 2506 gua
2049 2437 2282 2505 quadam
2310 2437 2536 2491 aedicula
2564 2437 2708 2491 intra
2733 2437 2920 2492 urbem
2951 2434 3209 2488 collectas
3238 2432 3490 2502 agebant.

1921 2525 2093 2582 Porro
2124 2542 2190 2582 ex
2220 2527 2732 2585 Macedonianorum
2767 2536 2916 2584 secta
2945 2528 2980 2581 ii
3005 2526 3099 2596 qui
3131 2525 3396 2581 Seleucia
3425 2525 3492 2577 ab

1923 2618 2123 2674 Acacio
2149 2618 2541 2681 dissenserant.
2563 2619 2826 2675 ecclesias
2849 2633 2980 2673 suas
3001 2615 3310 2686 in-singulis
3341 2613 3494 2668 urbi-

248 2703 348 2760 bus
371 2704 544 2758 etiam
576 2710 690 2756 tum
721 2702 1046 2758 retinebant.
1075 2702 1403 2772 llujusmodi
1428 2703 1484 2759 in
1516 2713 1661 2760 statu
1691 2714 1824 2763 tunc
1852 2709 2114 2779 temporis
2142 2727 2230 2768 res
2253 2711 2512 2767 Ecclesiae
2539 2722 2717 2768 erant.

853 2797 1102 2850 ΚΕΦΑΛ.
1135 2797 1207 2852 B'.

250 2891 383 2962 'Ott_
412 2887 916 2962 οὐαλεντινιακοῦ
968 2888 1065 2941 ἐπὶ
1097 2891 1170 2943 τὰ
1197 2889 1445 2962 ἑσπέρια
1475 2892 1625 2960 μέρη
1657 2909 1824 2962 γενο-

309 2959 522 3030 μένου,
558 2959 887 3030 Οὐάληςέν
923 2959 1380 3030 Κωιςσταντίνου
1424 2959 1596 3016 πόλει
1629 2959 1812 3030 κροσ-

313 3027 617 3088 ἐλθόντων
645 3027 1123 3091 Μακεδονιανῶν,
1164 3029 1260 3083 καὶ
1302 3032 1628 3085 αἰτούντων
1668 3027 1820 3086 ’σύν-

313 3100 458 3155 odor
481 3099 804 3168 γενέσθαι,
840 3097 1131 3168 ἐπένευσε
1154 3116 1168 3130 ·
1224 3099 1322 3152 καὶ
1368 3101 1457 3156 ὅτι
1505 3102 1648 3168 τοὺς
1712 3105 1818 3156 τοῦ

313 3167 642 3240 ὁμοουσιου
665 3167 960 3238 ἐπολέμει.

314 3263 437 3314 Τῶν
456 3261 515 3314 δὲ
540 3261 825 3334 βασιλέων,
869 3260 1309 3326 Οὐαλεντινιανδς
1361 3263 1458 3332 μὲν
1487 3261 1554 3316 τὰ
1591 3263 1823 3334 ἑσπέρια

251 3351 389 3422 μέρη
426 3347 440 3400 i
489 3349 701 3418 ταχέως
755 3331 1076 3404 κατέλαϐεν.
1128 3344 1293 3403 Εἷλκε
1343 3331 1448 3421 γὰρ
1473 3351 1633 3406 αὐτὸν
1660 3331 1826 3420 ἡτῶν

243 3442 358 3493 ἐκεῖ
371 3439 714 3511 πραγμάτων
743 3439 978 3510 φροντίς.
1000 3439 1258 3493 Οὐάλεντι
1285 3441 1342 3494 δὲ
1370 3441 1562 3512 μικρὸν
1577 3441 1825 3513 κατὰτὴν

241 3531 656 3587 Κωνσταντίνου
678 3531 830 3583 πόλιν
852 3531 1211 3602 ὲπιμείναντι,
1257 3535 1650 3606 προσέρχονται
1676 3533 1827 3588 πλεῖ-

241 3645 360 3682 στοι
413 3626 525 3679 τῶν
566 3624 879 3679 ἐπισκόπων
916 3625 1012 3695 τῆς
1063 3624 1478 3678 Μακεδονιανῶν
1505 3624 1824 3696 θρησκείας,

237 3718 554 3786 ἑξαιτοῦσίν
584 3733 647 3771 τε
669 3717 834 3788 ἄλλην
885 3715 1136 3786 γενέσθαι
1167 3714 1382 3770 σύνοδον
1423 3717 1516 3769 ἐπὶ
1541 3715 1824 3788 διορθώσει

2579 2804 2731 2861 CAP.
2763 2804 2826 2858 ll.

1925 2894 2219 2962 Quomodo,
2247 2897 2619 2952 Valentiniano
2655 2898 2708 2951 in
2733 2897 3062 2954 Occidentem
3098 2894 3352 2963 profecto,
3390 2892 3495 2945 Va-

1993 2966 2102 3020 lens
2147 2968 2606 3034 Constantinopoli
2643 2967 2850 3037 degens.
2884 2965 3288 3037 Macedonianis
3316 2964 3493 3037 ipsum

1994 3038 2304 3090 adeuntibus
2347 3051 2396 3090 et
2426 3033 2680 3106 synodum
2710 3033 2843 3105 'ltert'
2887 3037 3240 3106 poscentibus,
3273 3033 3324 3086 id
3371 3048 3494 3100 per-

1996 3109 2174 3170 misit;
2209 3117 2257 3160 et
2304 3108 2565 3179 quomodo
2612 3107 3003 3161 Homousianos
3047 3114 3349 3175 persecutus
3394 3114 3492 3174 est.

1996 3259 2534 3330 lmperatorumvero
2551 3259 2710 3324 alter,
2730 3257 3150 3314 Valentinianus
3174 3253 3404 3316 scilicet,
3427 3250 3494 3305 ad

1926 3349 2242 3407 Occidentis
2287 3359 2471 3421 partes
2513 3351 2776 3422 perrexit.
2808 3350 2942 3404 Illuc
2991 3349 3135 3403 enim
3184 3345 3496 3414 reipublica

1925 3457 2054 3496 cura
2071 3456 2194 3497 eum
2214 3441 2494 3497 evocabat.
2509 3440 2872 3511 215Valcns
2893 3456 3018 3496 vero
3037 3455 3162 3493 cum
3179 3436 3492 3507 aliquandiu:

1926 3531 2262 3588 substitisset
2319 3531 2834 3602 Constantinopoli,
2890 3529 3274 3598 interpellatus
3329 3533 3414 3581 est
3464 3544 3491 3576 ιι

1923 3624 2172 3694 plurimis
2227 3621 2630 3678 Macedoniana
2679 3630 2840 3677 secta
2880 3620 3182 3690 episcopis,
3211 3626 3270 3672 ut
3295 3631 3500 3672 novam

1925 3713 2194 3786 synodum
2234 3713 2303 3768 ad
2347 3713 2507 3768 fidem
2551 3711 2932 3783 corrigendam
2975 3709 3088 3765 fieri
3134 3707 3491 3779 permitteret.

1923 3805 2125 3869 Atille,
2149 3818 2274 3859 cum
2307 3804 2646 3860 existimaret
2670 3817 2766 3858 eos
2789 3818 2915 3858 cum
2945 3799 3145 3857 Acacio
3171 3809 3224 3854 et
3249 3799 3504 3855 Eudoxio-

1924 3895 2257 3958 eonsentire,
2288 3893 2344 3948 id
2372 3894 2489 3949 fieri
2519 3893 2790 3964 permisit.
2821 3892 2885 3948 Et
2926 3894 3018 3948 isti
3058 3891 3278 3963 quidem
3308 3892 3496 3944 conci-

1924 3989 2055 4044 lium
2081 3991 2137 4044 in
2156 3991 2292 4045 urbe
2314 3988 2615 4060 Lampsaco
2629 3989 2908 4046 celebrare
2929 3989 3271 4059 satagebant.
3295 3986 3496 4040 Valens

1923 4094 2055 4134 vero
2080 4081 2227 4133 omni
2246 4079 2595 4135 festinatione
2618 4079 2962 4132 Antiochiam
2985 4075 3157 4146 Syria
3177 4073 3492 4138 contendit,

1923 4173 2126 4226 veritus
2177 4172 2386 4227 scilicet
2415 4188 2484 4228 ne
2518 4169 2699 4226 Persa
2738 4171 2915 4238 ruptis
2962 4168 3184 4237 triginta
3227 4179 3493 4219 annorum

232 3813 335 3882 τῆς
377 3812 639 3875 πίστεως.
689 3810 748 3863 '0
807 3809 864 3863 δὲ
914 3809 1200 3879 βασιλεὺς,
1242 3808 1470 3880 νομίσας
1516 3808 1824 3864 συναινέσαι

230 3903 443 3964 αὐτοὺς
479 3903 594 3964 τοῖς
634 3901 763 3969 περὶ
813 3898 1064 3953 Ἀκάκιον
1121 3899 1216 3953 καὶ
1251 3896 1518 3964 Εὐδόξιον,
1573 3898 1824 3967 γενέσθαι

229 3994 543 4063 ἐπέτρεψε.
603 3993 714 4044 Καὶ
761 3985 906 4045 οὗτοι
935 3991 1032 4062 μὲν
1073 3991 1392 4060 συγκροτεῖν
1423 3988 1640 4043 σύνοδον
1667 3990 1725 4042 ὲν
1751 3992 1818 4061 τῇ

222 4084 534 4155 Λαμψάκῳ
560 4082 836 4134 ἔσπευδον.
869 4081 1078 4150 Οὐάλης
1117 4080 1172 4133 δὲ
1198 4075 1232 4155 ᾖ
1254 4080 1436 4150 τάχος,
1471 4080 1564 4131 ἐπὶ
1602 4077 1699 4149 τὴν
1724 4079 1824 4131 Συ-

225 4178 361 4250 ρίας
403 4174 740 4244 Ἀντιόχειαν
765 4169 1410 4245 ὥρμησεν,ὑφορώμενος
1447 4168 1522 4240 μὴ
1545 4169 1594 4221 οἱ
1618 4167 1824 4239 Πέρσαι

219 4271 329 4335 τὰς
360 4266 672 4338 γενομένας
699 4267 791 4317 ἐπὶ
831 4263 1088 4318 Ἰοδιανοῦ
1118 4259 1554 4334 τριακοντούτεις
1593 4261 1825 4324 σπονδὰς

217 4361 684 4434 παραλύσαντες,
717 4359 827 4420 τοῖς
854 4355 1141 4426 Ῥωμαίων
1171 4355 1316 4426 ὅροις
1341 4351 1632 4406 ἐπέλθοιεν.
1665 4347 1818 4404 Ἀλλὰ

1924 4355 2294 4410 Romanorum
2324 4356 2460 4409 ﬁnes
2489 4352 2828 4407 invaderent.
2855 4348 3051 4404 Verum
3079 4349 3256 4403 Persa
3277 4346 3496 4417 quidem

215 4457 292 4510 τά
323 4456 440 4527 μὲν
468 4451 716 4524 Περσικά
739 4449 1030 4521 ἡσύχασεν.
1067 4448 1238 4512 Αὐτὸς
1256 4447 1311 4500 δὲ
1336 4449 1403 4517 τῇ
1434 4446 1634 4518 ἡσυχίᾳ
1655 4461 1818 4498 κατοι-

1925 4447 2199 4517 quievere.
2235 4444 2357 4515 Ipse
2389 4459 2540 4508 vero,
2575 4444 2682 4498 hac
2710 4458 2895 4497 rerum
2937 4440 3330 4510 tranquillitate
3357 4439 3498 4492 male

216 4549 552 4618 χρώμενος,
580 4544 723 4598 κατά
747 4542 855 4597 τῶν
870 4543 932 4595 τὸ
955 4540 1240 4612 ὀμοούσιον
1265 4538 1605 4611 φρονούντων
1627 4537 1818 4591 ἄσπον-

1930 4553 2083 4600 usus,
2117 4538 2317 4591 bellum
2367 4535 2699 4606 inexpiabile
2733 4541 2927 4589 contra
2961 4531 3360 4587 Homousianos
3401 4544 3497 4585 ex-

213 4639 316 4692 δον
361 4636 567 4710 ἤγειρε
604 4636 856 4705 πόλεμον.
901 4636 1008 4688 Καὶ
1050 4634 1311 4686 Παυλῖνον
1347 4631 1445 4703 μὲν
1488 4630 1578 4684 τὸν
1605 4630 1818 4682 ἐπίσκο-

1927 4628 2135 4683 citavit.
2158 4628 2232 4682 Ac
2255 4628 2538 4682 Paulinum
2570 4626 2788 4698 quidem
2817 4627 3132 4696 episcopum
3155 4622 3224 4678 ob
3243 4621 3498 4678 eximiam

215 4748 352 4794 πον,
386 4729 462 4783 δι’
510 4727 958 4800 ὑπερϐάλλουσαν
998 4726 1091 4779 τοῦ
1133 4726 1325 4795 ἀνδρὸς
1362 4723 1646 4778 εὐλάϐειαν
1673 4721 1818 4776 οὐδὲν

1927 4721 2047 4790 ejus
2080 4721 2183 4775 viri
2221 4721 2560 4791 religionem,
2593 4719 2746 4773 nullo
2775 4717 2956 4772 affecit
2989 4712 3354 4770 incommodo.
3389 4710 3500 4766 Me-

216 4820 410 4874 κακὺν
445 4819 730 4889 ἐποίησεν.
769 4816 1021 4872 Μελίτιον
1059 4816 1116 4869 δὲ
1143 4814 1328 4886 saepta
1355 4814 1648 4885 ἐζημίωσε.
1685 4812 1818 4874 Τοὺς

1927 4813 2105 4868 litium
2140 4820 2319 4867 autem
2358 4813 2552 4867 exsilio
2585 4811 2855 4866 multavit.
2894 4809 3133 4864 Cateros
3181 4822 3374 4862 omnes
3402 4805 3497 4876 qui

214 4910 280 4964 δὲ
302 4910 516 4974 ἄλλους
537 4911 656 4964 ὅσοι
686 4908 761 4981 μὴ
811 4907 1093 4962 ἐϐούλοντο
1140 4904 1366 4976 Εὐζωῖῳ
1395 4905 1688 4970 κοινωνεῖν,
1715 4902 1818 4956 τῶν

1930 4919 2055 4959 cum
2076 4902 2280 4959 Euzoio
2296 4903 2702 4959 communicare
2723 4901 3056 4965 renuissent,
3075 4899 3325 4956 ecclesiis
3347 4900 3500 4955 urbis

1447 5040 1720 5098 VALESII
1745 5039 2309 5100 ANNOTATIONES.

296 5142 428 5212 (16)
473 5145 542 5196 Ol
601 5139 672 5194 ἐν
723 5139 1045 5212 Σελευκείᾳ
1082 5137 1484 5212 διδαχθέντες.
1537 5137 1818 5212 Assentior

1929 5135 2325 5212 διακριθέντεςζ
2350 5147 2416 5212 ac
2450 5133 2688 5212 fortasse
2719 5133 2960 5212 rectius.
2987 5129 3340 5212 Niccpborus
3363 5146 3502 5212 vero

219 5200 774 5282 Ch‘ristophorsono,
804 5209 907 5282 qui
939 5200 1038 5282 pro
1077 5200 1415 5282 διδαχθέντες
1440 5200 1594 5282 'legit
1618 5208 1818 5279 διενεχ-

1930 5200 2080 5282 [tunc
2115 5205 2360 5282 Socratis
2377 5205 2570 5282 locum
2607 5205 2680 5282 ita
2728 5202 3080 5282 interpolavit
3111 5200 3135 5257 τί
3161 5200 3500 5282 διδαχθέντες

222 5217 774 5282 Christophorsono,
804 5217 898 5279 qui
939 5225 1038 5279 pro
1077 5217 1415 5279 διδαχθέντες
1454 5217 1582 5278 legit
1618 5217 1818 5279 διενεχ-

222 5283 429 5356 θέντες
466 5283 606 5352 πρὸς
626 5282 756 5344 τοὺς
792 5281 922 5351 περὶ
962 5277 1448 5356 ’Axdxtov._Quatn
1489 5279 1818 5356 scripturam

1930 5217 2080 5261 hunc
2115 5217 2360 5262 Socratis
2393 5217 2570 5259 locum
2607 5217 2680 5258 tta
2728 5217 2870 5258 Inter
2911 5217 3080 5256 Olavu
3111 5221 3124 5257 :
3161 5217 3500 5272 οιοαχυεντες

1929 5277 1966 5330 ὃ.
1998 5277 2203 5356 οἱπερὶ
2264 5275 2564 5356 ᾉκάκιονι
2613 5273 2669 5330 id
2715 5281 2824 5340 est,
2870 5217 3074 5329 Eodem
3107 5288 3225 5344 qua:
3273 5271 3500 5328 Aeacius

220 5353 283 5408 in
319 5344 599 5409 versione
627 5366 750 5408 mea
782 5344 1007 5407 secutus
1055 5365 1200 5407 sum.
1231 5346 1427 5406 Posset
1489 5344 1655 5404 etiam
1715 5347 1822 5416 legi
1933 5344 2234 5402 sentientes.
2267 5344 2532 5401 Pessime.

1661 5463 1749 5520 VA
1760 5462 2052 5522 [{IORUM.

299 5565 317 5618 i
335 5561 856 5629 Οὐαλεντιγιανὸς
873 5561 948 5616 τὰ
965 5559 1214 5630 ἑσπέρια
1235 5560 1408 5630 μέρη.
1435 5558 1581 5630 Inter
1595 5557 1818 5630 Valenti-

1937 5556 2146 5630 Tlieod.
2170 5555 2404 5630 Italiam,
2431 5553 2693 5630 Africam,
2715 5553 2940 5630 Gallias.
2962 5549 3274 5630 Hispanias.
3291 5547 3506 5630 Valeo}:

221 5612 1832 5698 niarivu'n'i'etvalen'temmivisum-{mperinminDecidentale
1937 5612 2070 5683 vero
2104 5612 2256 5682 fratri
2280 5612 2500 5698 religuit
2532 5612 2748 5680 onmem
2775 5612 3077 5698 Orientem;
3103 5619 3249 5698 quod
3293 5612 3524 5698 laudati

221 5643 830 5691 nianumetValentem
851 5643 1175 5688 divisumim
1219 5645 1464 5685 ermmm
1480 5643 1832 5684 uccmentale
1937 5643 2070 5683 vero
2104 5643 2256 5682 ll‘all‘l
2280 5643 2500 5748 refigunt
2532 5643 2748 5680 onmem
2775 5643 3074 5680 umentem.
3103 5643 3249 5698 «μισυ
3293 5643 3518 5705 ιειιιυσ-νῑ

220 5713 292 5791 θε-
318 5707 652 5791 .Orientale.
709 5703 1127 5791 valentinianus
1166 5649 1519 5791 (iccirlentem
1542 5700 1833 5791 [integrum
1934 5698 2309 5791 'l'ehxnztesAtatzqr,
2419 5704 2646 5791 3!!)1342
2690 5710 2867 5791 usque
2910 5689 3334 5791 gt-ng‘llfgclfﬂ.

221 5754 650 5841 ἐῖοιὶέἕῦἒξὶῐξ
674 5754 1502 5844 ᾳιιῖξοιιεὶσῂιῖᾖο’.ιήυιιίυνὶλοι
1541 5754 1827 5844 (ξοιιεῖοιιιὶ
1934 5767 2156 5844 Zosimo
2203 5754 2306 5822 lib.
2332 5754 2505 5838 mgf):
2547 5765 2667 5822 755.
2704 5754 2862 5832 (Ant.
2911 5759 3059 5829 Pagi,
3095 5754 3159 5808 ad
3212 5774 3344 5814 ann.
3384 5754 3530 5802 55%

221 5856 530 5911 cesserat.
587 5838 727 5912 nuta
771 5852 952 5902 totum
995 5842 1272 5909 lllyricum
1299 5857 1362 5898 ex
1420 5841 1534 5907 lege
1565 5840 1826 5898 7codicis
1935 5855 1988 5894 ιι.
2015 5838 2110 5901 4.)

1925 4263 2159 4319 induciis
2196 4278 2354 4333 quas,
2391 4269 2653 4331 regnante
2693 4259 2943 4324 Joviano,
2974 4259 3120 4328 pacti
3155 4257 3404 4322 fuerant,
3439 4256 3494 4309 in

3185 5407 3199 5438 ι
