4070 6204
492 251 589 308 471
770 227 885 322 βεδε

1932 257 2267 316 δοεηΑτιε

3627 260 3737 318 L72

494 378 690 421 rursus
720 362 1066 426 Christianos
1102 368 1380 442 exagitare
1407 372 1594 444 erepit,
1638 374 1769 432 dum
1824 384 2054 434 cunctos

2157 377 2266 433 τῶν
2294 375 2787 452 Χριστιανιζόντων
2816 376 3078 451 θορύϐους
3130 377 3319 443 ἐκίνει,
3364 379 3543 434 πᾶσαν
3592 379 3727 451 θρη-

491 453 560 538 ad
599 454 717 510 Arii
751 458 1075 514 sententiam
1103 463 1256 532 cupit
1294 463 1601 521 traducere.
1636 464 1743 522 Sed
1784 468 2060 538 praecipue

490 534 867 608 Lampsacena
897 541 1141 614 synodus
1173 559 1298 599 eum
1331 546 1398 600 ad
1429 548 1771 604 iracundiam
1786 534 2060 622 provoca-

491 628 609 697 bat,
641 644 751 685 non
780 630 852 686 ob
882 632 936 686 id
971 634 1146 689 solum
1188 638 1334 705 quod
1365 639 1600 697 Arianos
1629 642 1917 714 episcopos
1960 645 2059 701 de-

490 722 787 791 posuisset,
825 740 1012 779 verum
1065 728 1226 783 etiam
1282 730 1429 800 quod
1477 732 1635 789 ﬁdem
1682 734 1917 790 Arimini
1962 752 2059 791 ex-

493 820 724 889 positam
759 823 1104 878 anathemate
1134 824 1468 884 damnasset.
1515 831 1652 884 Cum
1686 830 1853 898 igitur
1897 828 2060 885 Nico-

490 909 726 967 mediam
760 910 1025 983 Bithynia:
1067 916 1334 982 venisset,
1375 919 1652 974 Eleusium
1691 919 1876 990 Cyzici
1934 918 2052 987 epi-

490 1014 716 1070 scopum
740 1004 807 1057 ad
832 1018 892 1059 se
919 1015 1078 1061 vocat
1096 1025 1111 1061 :
1129 1008 1219 1076 qui
1240 1010 1483 1078 opinioni
1515 1010 1919 1067 Macedonianae
1949 1026 2061 1080 pra:

487 1092 702 1148 caeteris
727 1099 845 1148 erat
875 1095 1125 1153 addictus
1148 1137 1163 1162 ,
1199 1107 1259 1152 ut
1288 1116 1456 1169 supra
1512 1103 1821 1158 retulimus.
1870 1101 2059 1172 Itaque

489 1174 1064 1252 imperator,collecto
1095 1187 1427 1243 Arianorum
1460 1190 1840 1261 episcoporum
1869 1193 2059 1247 conci-

488 1276 583 1340 lio,
620 1277 900 1334 Eleusium
922 1280 1142 1336 illorum
1174 1283 1300 1339 ﬁdei
1328 1285 1583 1341 assentiri
1613 1286 1792 1355 jubet.
1847 1287 1918 1341 At
1967 1288 2060 1343 ille

489 1370 667 1437 primo
690 1371 909 1440 quidem
939 1371 993 1427 id
1014 1373 1287 1430 facturum
1315 1390 1376 1431 se
1398 1378 1614 1447 negavit
1640 1378 1893 1445 ;tandem
1930 1392 2060 1434 vero

488 1475 614 1514 cum
645 1461 900 1517 exsilium
940 1470 995 1519 et
1024 1464 1294 1520 bonorum
1334 1466 1632 1533 publicatio
1665 1468 1771 1539 ipsi
1820 1468 2060 1525 intenta-

489 1560 667 1619 ιιι-ων,
701 1553 1124 1622 perterrefactus
1155 1556 1482 1612 Arianorum
1538 1560 1783 1629 opinioni
1828 1576 2058 1618 consen-

487 1641 581 1696 sit.
615 1640 720 1698 Sed
752 1660 878 1698 mox
920 1644 1048 1700 facti
1080 1647 1163 1701 sui
1185 1646 1337 1702 illum
1362 1650 1657 1719 paenituit;
1690 1667 2056 1723 reversusque

486 1732 765 1804 Cyzicum,
800 1751 986 1791 coram
1014 1737 1163 1793 omni
1188 1739 1535 1797 multitudine
1588 1745 1699 1797 vim
1729 1742 1832 1799 sibi
1848 1744 2052 1799 illatam

486 1832 823 1894 eorrtquestus
877 1837 996 1894 est,
1062 1828 1290 1884 invitum
1344 1846 1404 1887 se
1455 1846 1729 1899 asserens,
1788 1849 1897 1888 non
1955 1849 2056 1889 sua

487 1923 683 1985 sponte
727 1930 1058 1974 consensum
1105 1921 1423 1990 praebuisse.
1486 1920 1660 1976 Simul
1714 1924 1943 1989 monuit,
1994 1932 2057 1979 ut

489 2006 654 2060 alium
683 2007 785 2062 sibi
816 2009 1134 2080 episcopum
1174 2019 1499 2081 quaererent,
1524 2028 1590 2069 eo
1628 2015 1773 2084 quod
1836 2015 1953 2085 ipse
2002 2017 2056 2071 vi

402 2114 414 2129 κ
488 2097 804 2166 compulsus
834 2101 1116 2170 pr0priam
1158 2100 1316 2158 fidem
1345 2102 1744 2174 abnegavisset.
1795 2104 2054 2176 Cyziceni

490 2198 671 2243 tamen
702 2206 801 2263 pro
827 2191 1131 2247 incredibili
1163 2207 1350 2249 amore
1380 2209 1488 2265 quo
1545 2195 1697 2250 illum
1758 2212 2055 2268 proseque-

492 2272 716 2340 bantur,
747 2276 901 2333 alteri
925 2278 1181 2350 episcopo
1202 2280 1400 2351 subjici
1426 2291 1769 2349 recusarunt,
1803 2300 1902 2341 nec
1933 2302 2055 2356 per-

490 2364 760 2420 miserunt
807 2375 868 2422 ut
914 2368 964 2425 is
1014 2368 1256 2426 Ecclesia
1321 2386 1420 2427 sua
1450 2373 1687 2430 cederet.
1739 2374 2055 2431 Mauserunt

487 2454 673 2527 itaque
704 2458 807 2513 sub
834 2458 955 2531 ejus
980 2461 1477 2530 administratione,
1505 2480 1605 2521 nec
1625 2481 1656 2520 a
1691 2467 1909 2538 propria
1945 2468 2056 2522 hae-

486 2548 595 2604 resi
631 2548 904 2607 ullatenus
930 2552 1324 2610 discesserunt.

1000 2645 1168 2716 218
1196 2646 1345 2701 CAP.
1391 2646 1504 2704 vu.

487 2730 782 2809 Quomodo,
837 2738 991 2809 pulso
1042 2739 1257 2796 Eleusio
1307 2741 1721 2808 Macedoniam,
1760 2742 2053 2801 Eunomius

557 2802 741 2889 Cynici
768 2802 1158 2889 episcopatum
1203 2814 1421 2889 adeptus
1470 2822 1589 2877 est;
1633 2802 2053 2889 ειξωι-ᾴεμονζιιε

553 2874 837 2954 fuerin}!
863 2874 1005 2954 good
1046 2896 1166 2954 eum
1208 2874 1449 2937 notarius
1482 2874 1617 2937 esset
1673 2883 1815 2938 Aelii
1863 2886 2052 2954 impii,

553 2945 706 3000 illum
728 2947 830 3001 sibi
856 2945 1171 3002 imitandum
1195 2954 1488 3020 proposuit.

2158 468 2345 524 σκείαν
2394 468 2744 541 ’Δρειανίζειν
2799 468 3137 540 βουλόμενος.
3171 468 3421 524 Μάλιστα
3467 468 3523 523 δὲ
3568 467 3734 525 αὑτὸν

2158 562 2238 624 είς
2260 559 2435 630 ὀργὴν
2459 554 2593 630 ἦγεν
2620 560 2654 630 ἠ
2688 559 2828 613 κατὰ
2853 558 2953 630 τὴν
2979 558 3281 629 Λάμψακον
3308 558 3572 630 γενομένη
3602 559 3731 613 σύν-

2155 652 2294 716 οδος,
2343 651 2406 705 ού
2454 652 2611 723 μόνον
2629 652 2708 705 ὃτι
2752 651 2878 714 τοὺς
2919 649 3352 722 Ἀρειανίξοντας
3384 648 3735 721 ἀπεκήρυξεν

2156 742 2504 805 ἐπισκόπους,
2523 741 2636 794 ἀλλ’
2652 742 2733 794 ὅτι
2757 742 2849 794 καὶ
2869 740 2967 810 τὴν
2992 741 3050 793 ὲν
3079 739 3355 811 Ἀριμήνιρ
3373 743 3472 810 τῆς
3494 740 3737 805 πίστεως

2156 833 2547 902 ἀνεθεμάτισεν
2569 831 2802 886 ἔκθεσιν.
2836 832 3131 901 Γενόμενος
3172 827 3265 884 οὖν
3305 832 3363 883 ὲν
3394 831 3738 903 Νικομηδείᾳ

2155 921 2257 990 τῆς
2287 920 2560 983 Βιθυνίας,
2593 921 3012 991 μεταπέμπεται
3052 921 3182 991 παρ’
3217 920 3405 974 ἑαυτὸν
3457 921 3735 975 Ἐλεύσιον

2156 1011 2248 1064 τὸν
2275 1010 2514 1076 Κυζίκου
2545 1012 2843 1066 ἐπίσκοπον
2862 1027 2876 1041 ⁸
2906 1004 3061 1075 οὗτος
3084 1011 3141 1065 δὲ
3159 1015 3223 1081 τῇ
3246 1011 3579 1065 Μακεδονίου

2158 1100 2478 1170 προσέκειτο
2521 1101 2738 1172 μᾶλλον,
2782 1100 2859 1165 ὣς
2913 1118 3003 1172 μοι
3046 1101 3140 1154 καὶ
3177 1101 3443 1172 πρότερον
3488 1100 3732 1173 εἴρηται.

2157 1191 2402 1254 Καθίσας
2447 1189 2541 1244 οὖν
2585 1193 2616 1244 ὁ
2658 1190 2910 1262 βασιλεὺς
2954 1190 3226 1263 συνέδριον
3269 1192 3585 1245 ἐπισκόπων
3623 1193 3737 1263 τῆς

2170 1282 2455 1353 ’Δρειανῆς
2485 1281 2770 1354 αἱρέσεως,
2814 1281 3159 1335 συντίθεσθαι
3199 1281 3293 1335 τὸν
3342 1282 3615 1336 Ἐλεύσιον
3659 1286 3734 1355 τῇ

2158 1372 2339 1427 πίστει
2360 1373 2584 1428 ἐκείνων
2610 1372 2937 1443 ἠνάγκαζεν.
2955 1373 3013 1427 ’0
3037 1372 3119 1437 δὲ,
3146 1373 3410 1447 πρότερον
3431 1375 3527 1445 μὲν
3549 1376 3738 1446 ἀπηρ-

2159 1465 2301 1517 νεῖτο
2327 1478 2344 1496 ·
2379 1464 2594 1536 ἐξορίας
2621 1464 2678 1519 δὲ
2704 1463 2961 1535 αὐτῷκαὶ
2979 1464 3294 1536 δημεύσεως
3322 1464 3736 1536 ἀπειληθείσης,

2161 1556 2417 1628 περιδεὴς
2472 1556 2783 1628 γενόμενος,
2830 1559 2895 1628 τῇ
2939 1557 3188 1628 Ἀρείανῇ
3232 1556 3358 1628 δόξῃ
3405 1558 3735 1613 συντίθεται.

2163 1646 2495 1718 Συνθέμενος
2539 1647 2617 1709 δὲ,
2667 1647 2829 1711 εὐθὺς
2879 1647 3207 1719 μετεμέλετο
3233 1665 3249 1682 ο
3285 1648 3382 1701 καὶ
3407 1648 3738 1702 καταλαϐὼν

2091 1712 2136 1769 Β
2162 1738 2260 1809 τὴν
2276 1712 2533 1803 Κύζικον,
2563 1739 2656 1792 ἐπὶ
2700 1712 2901 1803 παντὸς
2937 1712 3031 1793 τού
3074 1738 3205 1793 λαοῦ
3236 1740 3335 1810 τὴν
3366 1739 3489 1810 βίαν
3513 1740 3737 1794 ἀπωδύ-

2166 1846 2316 1899 ρατο,
2341 1828 2565 1898 φάσκων
2597 1830 2697 1901 τὴν
2729 1829 3122 1899 συγκατάθεσιν
3160 1832 3225 1885 ὲκ
3262 1830 3402 1902 βίας,
3431 1832 3492 1885 ού
3528 1831 3636 1902 μὴν
3664 1832 3739 1885 ὲκ

2161 1920 2531 1992 προαιρέσεως
2583 1921 2933 1992 πεποιῆσθαι.
2976 1924 3168 1994 Ζητείν
3228 1941 3290 1977 τε
3322 1924 3522 1989 αὐτοὺς
3544 1926 3737 1995 ἕτερον

2160 2011 2478 2079 ἐπίσκοπον,
2501 2012 2635 2067 διότι
2661 2013 2857 2078 αὐτοὺς
2902 2018 2969 2086 τῇ
3004 2016 3218 2090 ἀνάγκῃ
3247 2016 3309 2069 τὸ
3337 2018 3534 2069 οἰκεῖον
3552 2017 3738 2087 δόγμα

2157 2102 2450 2173 ἠρνήσατο.
2481 2101 2779 2173 Κυζικηνοὶ
2821 2104 2878 2158 δὲ
2924 2106 3274 2178 φιλοστοργίᾳ
3288 2110 3356 2178 τῇ
3381 2107 3518 2179 πρὸς
3541 2108 3732 2175 αὑτὸν,

2163 2193 2256 2263 ὑφ’
2280 2193 2455 2265 ἑτέρῳ
2506 2196 2790 2267 ὲπισκόπῳ
2833 2196 3123 2252 τάττεσθαι
3149 2198 3248 2252 οὐκ
3280 2198 3578 2266 ἐϐούλοντο,
3601 2198 3736 2253 οὔτε

2162 2283 2269 2357 μὴν
2299 2285 2469 2357 ἑτέρῳ
2491 2287 2591 2358 τῆς
2614 2287 2940 2360 Ἐκκλησίας
2966 2292 3335 2362 παραχωρεῖν.
3361 2290 3592 2362 Ἔμενον
3628 2291 3736 2361 μὲν

2158 2374 2251 2432 οὖν
2280 2378 2371 2431 ὑπ’
2401 2377 2549 2449 αὐτῷ
2596 2378 2933 2451 ταττόμενοι,
2982 2381 3056 2455 μὴ
3091 2380 3501 2454 μετατιθέμενοι
3544 2381 3602 2436 δὲ
3626 2383 3737 2453 τῆς
3846 2380 3851 2385 ’

2159 2469 2365 2535 οίκείας
2392 2468 2678 2542 αἱρέσεως.

2759 2648 3010 2706 ΚΕΦΑΛ.
3054 2650 3128 2706 Ζ⁹.

2161 2737 2290 2792 Ὀτι
2313 2737 2606 2807 Εὐνόμιος
2626 2736 2879 2798 Κυζῖκου
2902 2738 3145 2807 γέγονεν
3157 2738 3507 2806 ἐπίσκοπος,
3523 2739 3737 2795 Ἐλεύ-

2228 2822 2367 2879 σιον
2391 2808 2501 2879 τὸμν
2520 2807 3272 2879 Μακεδονςανὸνίέκϐαλών
3287 2828 3303 2842 -
3324 2810 3424 2865 καὶ
3449 2810 3577 2879 περὶ
3615 2810 3732 2865 τοῦ
3790 2842 3795 2847 -

2230 2877 2415 2931 πόθεν
2438 2876 2691 2946 ὥρμητο,
2715 2878 2833 2932 καὶ·
2854 2877 2945 2931 ὅτι
2985 2878 3202 2933 Ἀετίου
3238 2879 3343 2935 τοῦ
3375 2876 3553 2936 άθέοὺ
3575 2881 3733 2935 ὑπο-

2229 2945 2491 3015 γραφεὺς
2519 2945 2625 3012 ὧν,
2651 2947 2722 3002 τὰ
2747 2948 2983 3001 ἐκείνου
3005 2947 3328 3017 ἐζήλωσεν.

566 3036 693 3094 ﬂare
721 3054 844 3094 cum
879 3041 1125 3096 audisset
1160 3043 1452 3113 episcopus
1497 3044 2054 3116 Constantinopolita-

2231 3036 2415 3090 Ταῦτα
2442 3036 2681 3101 ἀκούσας
2728 3039 2757 3091 ὁ
2809 3037 2908 3109 τῆς
2952 3039 3570 3105 Κωνσταντινουπόλεως
3598 3039 3733 3094 ὲπί-

483 3149 619 3199 nus,
650 3132 976 3188 Eunomium
998 3132 1278 3204 Cyzicena:
1309 3136 1461 3191 urbis
1487 3135 1802 3206 episcopum
1844 3140 2051 3194 consli-

482 3225 610 3289 tuit,
645 3231 832 3294 utpote
860 3226 952 3295 qui
984 3226 1297 3297 eloquentia
1327 3242 1425 3283 sua
1443 3229 1807 3285 multitudinis
1838 3233 2050 3289 animos

484 3316 555 3370 ad
586 3332 646 3372 se
674 3317 895 3373 allicere
933 3328 1137 3388 posset.
1175 3318 1280 3386 Qui
1323 3335 1448 3375 cum
1488 3321 1729 3377 venisset
1769 3323 2048 3395 Cyzicum,

484 3408 785 3478 imperator
856 3407 1038 3464 edicto
1116 3410 1419 3482 proposito,
1477 3412 1756 3470 Eleusium
1830 3416 2052 3486 quidem

482 3493 749 3553 Ecelesiis
777 3497 1081 3562 exturbari,
1111 3496 1439 3555 Eunomium
1470 3510 1651 3558 autem
1684 3505 1739 3560 in
1769 3506 1896 3562 sede
1940 3509 2056 3563 col-

486 3585 656 3642 locari
689 3586 877 3657 jussit.
905 3589 1027 3671 Quo
1057 3578 1223 3656 facto,
1265 3590 1320 3645 hi
1356 3592 1447 3662 qui
1477 3609 1602 3648 cum
1636 3593 1855 3652 Eleusio
1873 3607 2050 3665 erant,

484 3684 641 3732 extra
670 3678 828 3736 urbis
857 3696 1046 3737 muros
1072 3682 1338 3739 aediﬁcata
1371 3685 1627 3753 ecclesia,
1658 3688 1917 3746 collectas
1942 3692 2055 3747 illic

487 3776 735 3839 egerunt.
761 3769 870 3827 Sed
896 3771 964 3828 de
994 3771 1214 3830 Eleusio
1239 3775 1525 3832 hactenus.
1553 3776 1711 3834 Nunc
1753 3780 1822 3837 de
1882 3781 2057 3839 Euno-

486 3861 920 3918 miodicendum.
945 3861 1246 3922 Eunomius
1277 3867 1527 3925 notarius
1551 3869 1652 3925 fuit
1679 3872 1818 3928 Aetii
1846 3888 2056 3944 cogno-

486 3959 670 4010 mento
695 3952 875 4021 Athei,
907 3956 1066 4027 cujus
1085 3973 1253 4028 supra
1283 3961 1614 4016 mentionem
1640 3963 1890 4020 fecimus.
1914 3965 2051 4021 Cum

486 4046 581 4102 illo
632 4047 798 4119 igitur
835 4049 928 4104 diu
988 4059 1261 4119 versatus,
1298 4052 1657 4123 sophisticum
1708 4054 1829 4125 ejus
1880 4057 2056 4113 disse-

428 4152 435 4165 ι
487 4137 640 4194 rendi
669 4139 887 4196 modum
928 4141 1173 4201 imitatus
1200 4154 1313 4202 est:
1355 4154 1409 4203 et
1434 4146 1689 4204 inanibus
1727 4148 2052 4219 quihusdam

483 4232 696 4291 voculis
725 4234 953 4290 nimium
985 4237 1225 4301 deditus,
1275 4236 1498 4296 fallaces
1553 4242 2055 4312 argumentationes

484 4329 540 4382 in
573 4343 731 4385 suum
762 4328 936 4400 ipsius
965 4329 1225 4386 damnum
1258 4328 1580 4402 imprudens
1614 4332 1917 4387 contexuit.
1972 4330 2055 4387 Oh

2160 3145 2380 3193 σκοπος,
2413 3129 2774 3201 προσάλλεται
2802 3131 2941 3203 πρὸς
2970 3131 3069 3204 τὴν
3101 3132 3405 3204 ἐπισκοπὴν
3434 3134 3531 3205 τῆς
3555 3132 3734 3196 Κυζί-

2155 3238 2255 3276 κου
2278 3221 2544 3292 Εὐνόμιον
2566 3233 2629 3286 nl,
2660 3221 2735 3285 ὡς
2763 3222 3059 3293 δυνάμενον
3095 3223 3357 3296 δεινότητι
3386 3224 3558 3293 λόγων
3586 3223 3733 3295 πρὸς

2156 3314 2345 3369 ἑαυτὸν
2372 3313 2597 3369 ἑλκῦσαι
2624 3313 2692 3367 τά
2715 3313 2916 3385 πλήθη.
2943 3313 3307 3379 Κατελθόντος
3337 3314 3393 3367 δὲ
3434 3314 3527 3368 τοῦ
3557 3314 3732 3368 Εὐνο-

2159 3406 2303 3479 μίου,
2329 3406 2658 3480 πρόσταγμα
2684 3406 2778 3460 τοῦ
2811 3405 3073 3478 βασιλέως
3100 3406 3382 3461 ἐκέλευσεν
3404 3405 3733 3472 ἐξωθεῖσθαι

2159 3498 2258 3568 μὲν
2285 3488 2705 3564 τὸν”Ελεύσιον,
2755 3495 3150 3570 ὲνθρονίζεσθαι
3202 3497 3260 3551 δὲ
3300 3497 3392 3551 τδν
3437 3497 3728 3568 Εὐνόμιον.

2155 3591 2267 3645 Καὶ
2287 3590 2350 3663 δὴ
2370 3589 2558 3644 τούτου
2585 3589 2897 3660 γενομένου,
2927 3590 2977 3643 oi
3005 3590 3135 3662 περὶ
3175 3588 3267 3643 τὸν
3304 3587 3574 3644 Ἐλεύσιον
3618 3588 3733 3656 ἔξω

2153 3682 2255 3754 τῆς
2287 3682 2493 3746 πόλεως
2519 3682 2806 3753 εὐκτήριον
2855 3676 3004 3734 οἷκον
3052 3680 3576 3744 κατασκευάσαντες,
3624 3681 3734 3745 τὰς

2157 3772 2478 3842 συναγωγὰς
2518 3772 2861 3843 ἐποιήσαντο.
2923 3773 3033 3826 Καὶ
3088 3770 3220 3843 περὶ
3255 3771 3355 3843 μὲν
3412 3771 3687 3826 Ἐλευσίου
3709 3810 3730 3835 ,

2154 3867 2390 3920 τοσαῦτα
2411 3866 2670 3938 εἰρήσθω.
2693 3865 2829 3937 Περὶ
2853 3864 2911 3919 δὲ
2948 3865 3232 3936 Εὑνομίου,
3274 3865 3455 3919 ἐκεῖνα
3481 3863 3728 3918 λεκτέον.

2156 3960 2417 4030 Εὐνόμιος
2442 3959 2791 4032 ὑπογραφεὺς
2828 3959 3048 4028 γέγονεν
3091 3958 3317 4023 ’Λετίου,
3370 3955 3463 4010 τοῦ
3507 3955 3732 4025 ἐπικλη-

2157 4054 2338 4118 θέντος
2378 4053 2583 4119 ’Λθέου,
2622 4046 2681 4105 οὗ
2712 4054 2805 4106 καὶ
2835 4051 3091 4124 ἀνωτέρω
3116 4049 3456 4121 πεποιήμεθα
3480 4049 3725 4120 μνήμην,

2154 4144 2338 4199 Συνὼν
2369 4144 2425 4198 δὲ
2460 4144 2627 4215 αὐτῷ,
2654 4144 2745 4199 τὸν
2772 4143 2979 4198 ἐκείνου
3023 4143 3335 4213 σοφιστικὸν
3365 4141 3563 4213 τρόπον
3592 4140 3730 4210 ἐζή-

2155 4236 2330 4290 λωσεο
2392 4235 2667 4302 λεξειδίοις
2713 4253 2773 4289 τε
2826 4234 3119 4307 σχολάζων,
3181 4234 3277 4288 καὶ
3317 4232 3485 4286 ποιῶν
3547 4234 3729 4300 ὲαυτῳ

2158 4326 2487 4398 σοφίσματα,
2511 4327 2609 4381 οὐκ
2636 4326 2918 4397 ᾐσθάνετο.
2972 4327 3065 4380 Ἐκ
3097 4324 3301 4378 τούτων
3344 4340 3403 4377 τε
3455 4321 3730 4391 τυφωθεὶς

484 4418 602 4474 ιιωο
633 4421 946 4490 arrogantia
974 4420 1173 4487 elatus,
1203 4421 1259 4477 in
1310 4420 1705 4492 blasphemiam
1760 4421 2050 4492 prolapsus

2157 4419 2232 4483 είς
2267 4417 2614 4489 βλασφημίαν
2646 4417 2870 4485 ἐξέπεσε
2916 4415 3051 4489 (22),
3084 4416 3146 4470 τὸ
3180 4415 3387 4488 ’Δρείου
3425 4413 3521 4485 μὲν
3547 4412 3729 4483 δόγμα

476 4624 483 4631 ο
1686 4549 1962 4606 VALESII
2001 4548 2450 4607 ANNOTATION
2458 4551 2561 4606 ES.

557 4642 668 4710 (22)
733 4646 841 4715 Ely
887 4643 1314 4715 ﬁﬁao'gpmtiqr_
1346 4641 1618 4715 ἐξέπεσε.
1683 4642 1869 4698 Codex
1916 4642 2054 4698 Flort

2161 4660 2265 4700 uus
2314 4644 2581 4715 scriptum
2630 4642 2795 4699 habet
2841 4643 2921 4706 είς
2960 4638 3333 4712 βλασφημίας.
3385 4638 3541 4707 Quod
3584 4653 3724 4694 cou-

485 4708 667 4769 ﬁnnat
703 4714 885 4768 versio
911 4708 1202 4783 Epiphaiiii
1228 4711 1575 4767 Scholastici.

1927 4801 2311 4859 VARIORUM.

557 4899 924 4967 mEt’erpimj.
955 4897 1278 4955 Eunomius.
1298 4897 1519 4951 natione
1540 4892 1856 4965 Cappadox,
1877 4895 2051 4951 Daco-

486 4985 547 5024 ra
585 4965 845 5023 territorii
882 4965 1234 5023 Caesariensis
1265 4968 1390 5022 vico
1418 4966 1484 5021 ad
1517 4968 1763 5035 Argaeum
1812 4974 2047 5035 montem

486 5047 664 5104 ortus,
700 5038 1018 5109 parentibus
1048 5037 1267 5109 quidem
1300 5038 1393 5108 qui
1438 5034 1704 5109 majorum
1744 5034 1929 5109 Basilii
1976 5034 2047 5089 Μ.

485 5110 666 5165 liberti
699 5105 933 5162 fuerant.
976 5105 1079 5162 Ab’
1114 5105 1358 5164 Eudoxio
1391 5107 1733 5161 Antiocheno
1784 5105 2050 5161 diaconus

486 5180 688 5242 factus,
724 5193 846 5231 mox
879 5177 1007 5232 dum
1057 5179 1265 5248 legatus
1294 5194 1324 5233 a
1367 5178 1484 5232 suis
1544 5179 1610 5232 ad
1663 5175 2049 5248 Constantium

488 5250 819 5312 mitteretur,
856 5264 884 5301 a
920 5245 1207 5304 Basilianis
1228 5252 1287 5303 in
1312 5250 1508 5302 itinere
1530 5253 1756 5316 captus,
1793 5245 2050 5316 Midzgium

486 5318 737 5404 gbqgim
776 5319 1066 5404 relegatur.
1095 5317 1388 5404 ᾼιιιιρβθθ
1431 5313 1773 5404 οὺρΕιξᾶοτίο
1788 5323 1873 5404 μοι
1915 5313 2052 5404 {dari

485 5385 791 5463 Cyziceuus
841 5385 1132 5463 episcopus
1158 5387 1464 5463 ordinatur,
1504 5385 1633 5441 inde
1692 5400 1816 5440 mox
1852 5401 1882 5463 a_
1915 5386 2051 5463 civi-

487 5452 590 5532 bus
622 5461 836 5532 pulsus.
869 5452 996 5532 Scio
1023 5452 1304 5532 Socratem
1335 5466 1389 5511 et
1416 5457 1786 5532 Sgaomenum
1818 5454 1884 5509 ad
1943 5452 2049 5506 Va-

481 5525 649 5588 lentis
674 5542 917 5601 tempora
936 5530 1050 5585 haec
1066 5527 1304 5601 referre;
1334 5527 1430 5601 sed
1457 5525 1841 5601 Philostorgio,
1865 5532 2051 5601 utpote

487 5602 542 5655 in
575 5603 736 5658 rebus
768 5596 1121 5656 Eunomianis
1149 5597 1549 5668 oculatissimo,
1599 5596 1771 5668 magis
1792 5597 2048 5668 _c_reden-

487 5671 654 5741 dum;
677 5671 766 5740 cui
796 5672 964 5729 etiam
997 5671 1097 5727 hac
1129 5668 1184 5725 in
1224 5674 1379 5740 parte
1407 5663 1739 5738 suifragatiir
1792 5664 2047 5723 Theodo—

2156 4896 2315 4949 ritus.
2360 4891 2473 4946 Sub
2504 4891 2723 4961 Juliano
2747 4899 2802 4946 et
2832 4889 3060 4947 Joviano
3081 4889 3554 4961 Constantinopoli
3577 4892 3727 4960 egit,

2157 4966 2262 5019 sub
2300 4962 2525 5017 Valente
2557 4961 2611 5016 in
2647 4959 2867 5017 hortum
2902 4961 3404 5016 Clmlcedonensem
3450 4959 3728 5025 secessit,

2155 5035 2332 5088 donec
2363 5033 2576 5087 delatus
2608 5033 2750 5102 apud
2776 5033 3180 5101 imperatorem,
3213 5032 3359 5100 quod
3395 5029 3727 5102 Procopium

2158 5114 2446 5176 tyranuum
2467 5103 2534 5176 _in
2572 5099 2703 5170 agro
2737 5117 2838 5176 suo
2856 5099 3410 5176 _occulta_sse_t,'exsul
3428 5104 3491 5176 in
3518 5099 3728 5176 Illanci-

2157 5169 2359 5227 taniam
2409 5169 2742 5242 missusest.
2784 5171 2918 5242 llum
2953 5172 3098 5242 apud
3152 5170 3389 5225 Mursam
3426 5169 3629 5242 Illyri_ei
3667 5172 3729 5226 in

2154 5244 2349 5297 itinere
2381 5241 2727 5303 consisteret,
2755 5241 2822 5294 ab
2849 5238 3177 5310 imperatore
3208 5238 3523 5310 revocatur.
3547 5238 3732 5310 Theo-

2153 5313 2345 5368 dosius
2376 5310 2444 5364 M.
2487 5313 2670 5380 ipsum
2703 5326 2765 5365 ex
2799 5309 3147 5367 Chalcedone
3178 5309 3464 5379 abreptum
3512 5309 3733 5379 llalmy-

2151 5383 2326 5437 ridem
2357 5379 2535 5435 locum
2578 5380 2779 5435 Moesiae
2813 5380 2881 5434 ad
2917 5380 3224 5436 Danubium
3276 5381 3444 5435 situm
3494 5379 3730 5448 relegari

2147 5452 2333 5522 jussit.
2363 5450 2496 5505 lude
2528 5464 2557 5504 a
2577 5450 3093 5522 barbarisgfugatus,
3117 5452 3424 5522 Caasaream
3441 5448 3733 5522 cappado—

2152 5518 2252 5579 ciae
2282 5521 2551 5577 adductus
2576 5533 2687 5576 est:
2717 5518 2938 5577 civibus
2961 5537 3090 5577 vero
3113 5521 3343 5583 invisus,
3372 5518 3517 5588 quod
3535 5519 3733 5573 adver-

2153 5609 2249 5650 sus
2280 5592 2540 5649 Basilium
2572 5606 2762 5646 eorum
2781 5592 3097 5660 episcopum
3119 5590 3292 5645 libros
3317 5590 3449 5660 olim
3486 5603 3734 5660 conscri-

2155 5674 2357 5742 pserat,
2391 5661 2533 5735 apud
2564 5658 2829 5719 Dacorani
2864 5659 3043 5717 vicum
3060 5660 3299 5717 natalem
3338 5658 3396 5716 in
3427 5661 3577 5731 agris
3613 5659 3736 5715 Suis

2368 5846 2405 5871 θ
