4070 6204
259 294 261 296 ’
367 308 478 365 477

368 424 454 489 Δὴ
479 419 614 474 τότε
630 415 816 487 μυρία
833 414 1011 489 ’φῦλα
1039 414 1472 489 πολυσπερέων
1497 413 1840 489 ᾁνθρῴπῳν,

370 482 595 559 Ἥρω.
615 482 1046 559 ῑιαρμαίρρνταν
1074 484 1274 559 κακὴν
1297 484 1599 559 έ-ῖτεειμένίξ
1620 482 1839 559 “sit”:

370 551 987 626 ’[οιξροόκάλλιρόοιο
1008 554 1194 626 πόρον
1219 551 1504 626 διαϐάντα
1520 551 1875 626 σὺν-αἰχμῇ.

369 622 822 690 ΚαΥΣκυθικὴν
843 623 1048 677 ὀλέσει
1080 623 1280 692 χώρην
1315 623 1410 676 καὶ
1439 622 1945 692 Μυσηΐδαίταῐαν,

371 699 659 768 θρηῠείης
680 694 734 747 δ’
748 693 1040 768 eamcirca
1061 691 1190 768 σὺν
1233 692 1444 768 ἐνῖπίονι
1489 691 1945 768 μαινομένῃσιν,

369 761 572 824 Α’ὐέοῦ
602 761 712 817 κεν
728 763 953 828 βιότοιο
972 761 1168 828 τέλος,
1198 762 1295 815 καὶ
1323 761 1553 830 πότμον
1571 764 1839 816 ἐπίσποι.

441 851 615 918 Οὗτος
645 855 743 926 μὲν
761 848 854 906 οὖν
891 855 919 906 ὁ
963 853 1230 924 χρησμός.
1255 852 1458 922 Συνέϐη
1489 853 1544 906 δὲ
1571 853 1708 922 μετὰ
1735 851 1946 922 χρόνον,

367 950 463 1003 τὸν
477 947 637 1003 ὁλκὸν
657 947 750 999 τοῦ
787 945 980 1006 ὕδατος
998 944 1103 996 ὑπὸ
1123 944 1421 1006 Οὐάλεντος
1441 942 1949 996 κατασκευασθέντα

367 1041 589 1111 δαψιλὲς
612 1039 918 1108 παρασχεῖν
945 1039 1011 1106 τῇ
1045 1035 1456 1103 Κωνσταντίνου
1499 1033 1651 1086 πόλει
1684 1033 1745 1086 τὺ
1769 1033 1909 1106 ὕδωρ
1930 1047 1945 1063 ο

370 1132 466 1186 καὶ
485 1131 608 1183 τότε
638 1129 707 1182 τὰ
731 1126 1046 1198 βαρϐαρικὰ
1073 1125 1318 1196 ἐκινήθη,
1348 1124 1423 1183 ὡς
1447 1123 1672 1194 ὕστερον
1699 1122 1945 1193 λέξομεν.

369 1225 476 1277 Τὸν
522 1221 709 1292 μέντοι
759 1218 1009 1290 χρησμὸν
1055 1217 1149 1270 καὶ
1212 1215 1353 1270 κατὰ
1402 1215 1558 1270 ἄλλον
1594 1215 1792 1287 τρόπον
1825 1233 1948 1270 συν-

375 1315 570 1366 έπεσεν
605 1309 967 1380 ὲκληφθῆναι.
999 1308 1105 1361 Τοῦ
1125 1305 1441 1378 ὑδραγωγοῦ
1467 1305 1575 1377 γὰρ
1607 1305 1946 1375 εἰσαχθέντος

375 1405 456 1468 είς
487 1403 585 1475 τὴν
613 1401 793 1464 πόλιν,
817 1400 1094 1470 Κλέαρχος
1119 1398 1355 1468 ἔπαρχος
1383 1398 1458 1452 ὢν
1483 1400 1580 1470 τῆς
1597 1399 1803 1461 πόλεως
1833 1399 1945 1468 (29)

373 1495 582 1566 ὑδρεῖον
607 1492 865 1563 μέγιστον
905 1491 1014 1562 (50)
1042 1491 1468 1554 κατεσκεύασεν,
1497 1493 1554 1544 ὲν
1591 1493 1656 1561 τῇ
1695 1491 1790 1544 νῦν
1818 1491 1948 1544 Θεο-

371 1585 547 1637 δοσίου
577 1584 752 1654 ἀγορᾷ
781 1581 1120 1655 καλουμένῃ·
1161 1581 1189 1634 δ
1218 1581 1496 1653 ἐφημίσθη
1531 1581 1746 1652 δαψιλὲς
1777 1581 1942 1652 ὓδωρ.

384 1676 499 1744 Ἐφ’
526 1667 572 1742 ᾧ
593 1673 785 1745 ἑορτὴν
803 1673 995 1744 ἱλαρὰν
1022 1669 1155 1743 ἦγεν
1175 1674 1208 1744 ή
1231 1672 1384 1738 πόλις
1399 1690 1412 1704 ·
1437 1673 1705 1727 καὶτοῦτο
1733 1668 1946 1728 εἶναιτὸ

371 1763 662 1835 λεγόμενον
684 1761 762 1834 τῷ
789 1761 1022 1834 χρησμῷ
1047 1778 1059 1791 ·
1080 1760 1144 1815 τὸ

835 2026 908 2097 Τὸ
936 2026 1177 2094 χορείην
1200 2027 1551 2097 τερπόμεναι

517 2095 849 2162 Στήσονται
885 2096 1209 2165 spongea;
1237 2095 1360 2151 nat’
1377 2095 1621 2167 ἀγυιάς.

455 2187 616 2241 Ἀλλὰ
639 2188 708 2242 τὰ
738 2187 836 2257 μὲν
864 2186 1009 2240 κατὰ
1035 2187 1127 2240 τὸν
1171 2187 1440 2258 χρησμὸν,
1487 2187 1680 2260 μικρὸν
1715 2186 1941 2261 ὕστερον

369 2278 604 2347 ἐγένετο,
622 2279 756 2332 Τότε
777 2278 834 2333 δὲ
849 2277 1134 2350 λυομένου,
1153 2281 1776 2335 Κωνσταντινουπολῖται
1803 2300 1943 2352 παρ-

370 2373 597 2426 εκάλουν
621 2373 713 2425 τὸν
744 2370 969 2442 βασιλέα
1018 2369 1222 2425 παῦσαι
1269 2371 1366 2442 τὴν
1394 2371 1486 2425 τοῦ
1530 2373 1742 2442 τείχους
1770 2374 1941 2427 κατά-

367 2464 542 2518 λυσιν.
562 2462 1026 2534 Συμπαρεκάλουν
1054 2463 1111 2516 δὲ
1132 2463 1224 2516 καὶ
1252 2464 1300 2516 oi
1321 2465 1384 2516 ἐκ
1399 2462 1648 2526 Βιθυνίας
1680 2463 1943 2535 παρόντες

368 2557 425 2607 ὲν
469 2557 540 2624 τῇ
588 2551 1002 2606 Κωνσταντίνου
1057 2553 1208 2606 πόλει
1269 2553 1598 2624 Νικομηδεῖς
1655 2570 1714 2606 τε
1757 2554 1850 2606 καὶ
1894 2555 1942 2606 οἱ

366 2645 704 2709 ἐνοικοῦντες
748 2645 846 2716 τὴν
884 2643 1138 2698 Νίκαιαν.
1184 2644 1242 2698 '0
1271 2644 1329 2698 δὲ
1367 2644 1620 2715 βασιλεὺς
1647 2644 1944 2717 περιοργής

368 2738 466 2801 ὣν,
503 2737 652 2808 μόλις
681 2737 778 2807 μὲν
807 2736 1022 2806 ἐδέχετο
1056 2735 1166 2790 τῶν
1217 2737 1565 2791 ἱκετευόντων
1597 2736 1693 2807 τὴν
1735 2737 1940 2806 δέησιν.

381 2831 632 2901 Ἀφοσιού
643 2847 803 2900 μενος
834 2829 891 2882 δὲ
916 2827 1161 2899 τῷὅρκῳ,
1197 2827 1312 2899 ἅμα
1334 2844 1395 2881 τε
1423 2828 1570 2883 λύειν
1591 2829 1830 2895 ἐκέλευε,
1847 2829 1944 2882 καὶ

368 2922 484 2992 ἅμα
517 2920 758 2991 πληροῦν
785 2920 853 2973 τὰ
868 2919 1102 2990 λυόμενα
1133 2918 1342 2990 ἑτέροις
1366 2917 1534 2983 λίθοις
1567 2923 1801 2988 μικροῖς.
1835 2921 1944 2973 Καὶ

369 3013 460 3065 νῦν
504 3011 655 3064 ἐστιν
710 3009 838 3063 ἰδεῖν
875 3009 933 3063 ἐν
975 3026 1085 3062 τισι
1117 3007 1212 3061 τοῦ
1251 3009 1464 3079 τείχους
1511 3010 1753 3079 μέρεσιν,
1796 3011 1944 3072 ὅπως

1287 299 1614 358 HISTORIA
1650 298 2207 358 ECCLESIASTICA.
2245 334 2304 344 —
2347 301 2478 357 LIB.
2518 302 2605 357 IV.

1976 421 2022 478 Α
2053 413 2197 482 Tunc
2219 413 2395 482 populi
2425 413 2688 468 innumeri
2715 412 2874 466 variis
2897 426 2925 465 ε
2952 411 3187 482 gentibus
3213 412 3335 473 orti.

3502 283 3615 355 378'

2049 481 2292 538 Immites
2327 484 2538 548 animis,
2560 494 2607 537 et
2631 488 2764 536 sa’bo
2788 483 2974 535 rabere
2997 481 3142 547 freti,

2051 552 2338 620 Trajicient
2371 555 2532 606 armis
2571 553 2697 606 lstri
2731 552 2965 618 speciosa
2991 550 3210 618 ﬂuenta,

2059 611 2452 691 Vastabuntque
2497 638 2651 690 agros
2693 611 2884 674 Mimos
2917 611 3069 691 atque
3098 611 3224 673 arva
3271 611 3607 690 Scytharum.

2047 693 2144 744 Ast
2176 693 2263 744 ubi
2299 689 2591 760 Threiciam
2622 692 2915 760 attigerint,
2948 689 3154 759 majora
3181 689 3450 758 parantes,

2054 760 2158 814 Hic
2182 761 2303 815 illos
2339 759 2528 814 Fatum
2554 771 2601 814 et
2631 759 2823 814 Martis
2845 761 3094 813 violentia
3124 761 3293 813 sistet.

2121 849 2439 919 Hujusmodi
2472 851 2573 904 fuit
2611 851 2913 905 oraculum.
2963 849 3159 904 Postea
3211 857 3390 904 autem
3438 851 3618 906 conti-

2051 939 2131 1010 git
2186 948 2245 993 ιιι
2279 940 2630 1010 aquaeductus
2658 956 2687 993 a
2709 939 2932 995 Valente
2965 939 3289 1005 aediﬁcatus,
3323 941 3614 996 maximam

2049 1047 2310 1102 aquarum
2344 1034 2554 1102 copiam
2600 1033 2720 1087 urbi
2751 1031 3371 1102 Constantinopolitanae
3409 1033 3615 1103 prazbe-

2047 1131 2181 1178 ret:
2240 1139 2305 1178 ac
2353 1132 2466 1177 tum
2519 1123 2734 1178 demum
2772 1132 2960 1195 gentes
3028 1124 3276 1179 barbarae
3331 1125 3615 1178 concitata:

2048 1222 2194 1279 sunt,
2223 1222 2278 1269 ut
2317 1215 2454 1269 infra
2482 1215 2679 1270 dicturi
2712 1231 2922 1272 sumus.
2951 1213 3056 1270 Sed
3089 1224 3142 1269 et
3182 1215 3291 1270 alio
3317 1216 3477 1269 modo
3510 1215 3615 1269 hoc

2046 1303 2328 1356 oraculum
2349 1317 2377 1355 a
2407 1304 2734 1374 quibusdam
2768 1303 3074 1373 expositum
3104 1318 3226 1359 esse
3275 1304 3610 1372 accepimus.

2046 1388 2182 1445 Cum
2228 1392 2374 1446 enim
2425 1394 2782 1464 aquazductus
2827 1395 2917 1449 ille
2966 1395 3021 1448 in
3063 1395 3255 1449 urbem
3315 1395 3613 1463 perductus

2045 1489 2218 1545 esset,
2254 1482 2572 1552 Clearchus,
2603 1485 2891 1554 praefectus
2947 1486 3121 1551 urbis,
3184 1485 3237 1539 in
3295 1483 3415 1539 foro
3467 1486 3614 1554 quod

2045 1587 2192 1629 nunc
2222 1573 2516 1630 Theodosii
2557 1577 2777 1641 dicitur,
2815 1578 3008 1650 ingens
3053 1579 3328 1633 lavacrum
3377 1577 3616 1632 aediﬁca-

2047 1669 2144 1735 vit,
2167 1670 2312 1740 quod
2335 1671 2549 1741 δαψιλὲς
2575 1671 2738 1743 ὕδωρ,
2771 1673 2825 1726 id
2860 1682 2942 1728 est
2970 1672 3193 1742 cepiosa
3225 1688 3390 1742 aqua,
3427 1670 3614 1742 appel-

1977 1779 2019 1832 Β
2049 1760 2216 1814 latum
2270 1759 2390 1816 luit.
2422 1762 2593 1831 Cujus
2633 1763 2710 1818 rei
2750 1764 2924 1833 gratia
2973 1762 3167 1817 civitas
3216 1761 3415 1818 festum
3469 1762 3612 1816 diem

2045 1869 2258 1909 summa
2302 1855 2575 1909 hilaritate
2628 1853 2960 1922 celebravit;
3021 1861 3186 1923 atque
3228 1853 3331 1908 hoc
3387 1859 3492 1919 est,
3530 1852 3613 1906 in-

2045 1945 2260 2014 quiunt,
2293 1945 2438 2014 quod
2475 1945 2528 1998 in
2563 1946 2786 1999 oraculo
2809 1944 3010 1999 dicitur
3045 1962 3060 1998 :

2707 2063 2777 2074 —
2811 2033 3083 2103 agitabunt
3107 2033 3234 2085 urbe
3264 2033 3504 2103 choreas,

2115 2101 2365 2172 Lmtaque
2402 2103 2677 2158 subsilient
2709 2101 2902 2157 hilares
2940 2119 3032 2172 per
3061 2104 3291 2170 compita
3321 2101 3578 2172 nympha.

2117 2195 2314 2248 Verum
2366 2210 2447 2248 ea
2487 2210 2608 2263 qua:
2660 2195 2728 2248 ad
2785 2195 2990 2250 exitum
3051 2195 3259 2249 oraculi
3311 2193 3612 2265 pertinent,

2040 2284 2205 2354 paulo
2247 2293 2370 2353 post
2395 2301 2647 2340 evenere.
2671 2284 2826 2342 Tune
2851 2287 3116 2356 temporis
3154 2301 3284 2342 vero
3311 2301 3434 2341 cum
3472 2284 3613 2340 muri

2043 2374 2487 2439 dealruerentur,
2524 2377 2676 2432 cives
2707 2377 3316 2449 Constantinopolitani
3373 2380 3613 2449 impera-

2043 2473 2217 2519 torem
2249 2473 2511 2536 rogarunt
2567 2473 2626 2520 ut
2654 2467 2722 2522 ab
2751 2468 2972 2523 illorum
3033 2470 3412 2524 destructione
3439 2469 3614 2524 absti-

2043 2571 2174 2611 nere
2193 2557 2373 2612 vellet.
2393 2557 2540 2611 Idem
2560 2574 2776 2629 quoque
2793 2560 3145 2628 postulabant
3165 2560 3615 2616 Nicomedienses

2042 2658 2096 2702 et
2123 2647 2351 2712 Nicaani,
2373 2649 2468 2718 qui
2497 2649 2663 2718 hujus
2694 2651 2769 2705 rei
2791 2666 2959 2705 causa
2989 2668 3054 2704 ex
3083 2651 3333 2722 Bithynia
3351 2652 3618 2706 Constan-

2046 2739 2328 2808 tinOpolim
2364 2747 2654 2794 venerant.
2681 2739 2983 2811 Imperator
3010 2757 3142 2796 vero
3173 2751 3364 2812 utpote
3409 2742 3490 2795 ira
3531 2742 3618 2796 in-

2045 2829 2300 2883 credibili
2353 2845 2686 2896 succensus,
2735 2846 2879 2902 tegre
2920 2834 3139 2903 quidem
3183 2835 3615 2905 supplicantium

2044 2934 2237 2990 preces
2267 2919 2511 2976 admisit.
2547 2921 2747 2976 Verum
2787 2931 2846 2978 ut
2895 2925 3213 2993 juramento
3256 2941 3366 2996 quo
3419 2940 3479 2981 se
3516 2925 3618 2979 ob-

2045 3012 2366 3080 strinxerat,
2413 3011 2783 3080 satisfaceret,
2829 3015 2996 3070 simul
3040 3016 3187 3071 dirui
3225 3017 3382 3086 221
3428 3031 3619 3072 muros

369 3106 494 3167 τοῖς,
513 3101 793 3172 μεγίστοις
813 3102 907 3154 καὶ
925 3100 1251 3169 θαυμαστοῖς
1278 3099 1468 3164 λίθοις,
1487 3101 1519 3171 ἡ
1535 3100 1654 3154 τότε
1678 3103 1942 3171 γενομένη

2048 3103 2325 3172 praecepit,
2357 3113 2413 3159 et
2451 3106 2668 3160 ruinam
2701 3106 2920 3160 illorum
2951 3107 3076 3162 aliis
3122 3109 3309 3178 parvis
3344 3107 3621 3179 lapidibus

370 3193 588 3264 εὐτελὴς
631 3189 891 3262 οἰκοδομὴ
934 3189 1223 3244 ἐπίκειται.
1259 3188 1510 3244 Τοσαῦτα
1554 3189 1646 3243 καὶ
1694 3189 1939 3263 περὶτοῦ

369 3281 756 3354 Χαλκηδονίων
780 3281 991 3352 τείχους
1016 3281 1254 3352 εἰρήσθω
1282 3297 1391 3350 μοι.

2049 3193 2369 3250 instaurari.
2403 3195 2594 3266 Itaque
2623 3212 2771 3252 nunc
2795 3212 3022 3253 cernere
3065 3206 3151 3254 est
3191 3197 3248 3253 in
3284 3196 3620 3268 quibusdam

2046 3287 2298 3357 partibus
2323 3303 2631 3353 murorum,
2665 3289 2982 3360 ingentibus
3008 3305 3074 3345 ac
3103 3290 3394 3360 stupendis
3421 3288 3623 3359 lapidi-

371 3382 470 3434 luis
511 3395 656 3450 opus
714 3377 842 3434 vilis
881 3383 1180 3432 structum
1207 3390 1328 3447 quae
1359 3383 1494 3430 tunc
1528 3372 1672 3429 facta
1697 3380 1806 3439 est,
1838 3373 2180 3446 impositum.
2203 3376 2309 3435 Sed
2333 3379 2402 3435 de
2435 3380 2624 3450 muris
2647 3381 3186 3451 ,‘Chalcedoniorum
3245 3381 3362 3436 haec
3416 3380 3624 3436 dixisse

369 3472 623 3529 suﬂiciat.

975 3561 1226 3615 ΚΕΦΔΛ.
1254 3557 1334 3613 Θ’.

380 3654 476 3721 Ὠς
498 3658 533 3709 ό
553 3653 860 3721 ,ϐασιλεὺς
886 3653 1143 3720 omum,
1169 3652 1264 3704 καὶ
1293 3649 1706 3721 Ναυατιανοὺς
1734 3651 1948 3721 ὁμοίως

437 3720 562 3793 τοῖς
576 3725 924 3794 ὀρθοδόξοις
944 3723 1010 3777 τὸ
1033 3723 1356 3792 ὀμοούσιον
1366 3720 1742 3791 φρονοῦντας
1757 3720 1940 3790 ἤλαυ-

432 3813 562 3852 νεν.

443 3888 500 3941 '0
533 3887 724 3958 μέντοι
749 3884 1024 3957 βασιλεὺς,
1049 3881 1144 3936 τοῦ
1165 3882 1379 3937 διώκειν
1403 3882 1530 3948 τοὺς
1547 3880 1640 3936 τοῦ
1661 3882 1946 3952 ὁμοουσὶου

367 3983 747 4053 φρονήματος,
784 3980 884 4034 οὐκ
921 3976 1174 4033 ἐπαύετο·
1205 3975 1320 4031 ἀλλ’
1337 3976 1592 4048 ἐξήλαυνε
1627 3975 1726 4046 μὲν
1751 3975 1945 4039 αὐτοὺς

365 4076 463 4145 τῆς
484 4073 898 4128 Κωνσταντίνου
923 4071 1150 4134 πόλεως.
1180 4070 1285 4123 Σὺν
1308 4066 1504 4131 ἀὐτοῖς
1523 4067 1603 4134 δὲ,
1633 4067 1727 4120 καὶ
1758 4066 1945 4118 Ναυα-

362 4166 582 4229 τιανοὺς
635 4164 712 4227 ὡς
760 4163 1066 4232 ὁμόφρονας
1089 4175 1105 4192 ·
1143 4157 1238 4215 καὶ
1278 4156 1381 4220 τὰς
1420 4155 1740 4226 ἐκκλησίας·
1766 4154 1946 4208 αὐτῶν

366 4258 684 4326 κλεισθῆναι
715 4256 983 4309 ἐκέλευσε.
1015 4253 1126 4307 Καὶ
1156 4252 1248 4306 τὸν
1286 4250 1582 4304 ἐπίσκοπον
1620 4246 1819 4312 αὐτῶν,
1861 4245 1947 4313 ἑξ-

352 4351 492 4430 ρρία
509 4349 744 4420 ζημιοῦν
757 4347 1083 4420 προσέταττε
1105 4361 1119 4378 ο
1155 4343 1396 4413 Ἀγέλιος
1416 4341 1586 4412 ὄνομα
1607 4339 1754 4410 αύτῷ
1776 4356 1789 4370 ·
1807 4339 1947 4411 ἀνὴρ

2684 3555 2839 3613 CAP.
2876 3557 2968 3612 IX.

2047 3650 2326 3720 Quomodo
2349 3651 2634 3720 imperator
2668 3649 2859 3705 Valens
2899 3649 3251 3722 Horatianos,
3276 3652 3368 3722 qui
3395 3652 3620 3706 consub-

2117 3722 2389 3777 stantialis
2406 3723 2702 3802 doctrinam
2724 3720 2940 3792 perinde
2955 3739 3017 3776 ac
3034 3720 3295 3778 Catholici
3319 3722 3620 3788 tuebantur,

2116 3802 2419 3862 persecutus
2453 3803 2543 3846 stt.

2117 3883 2393 3939 Caeterum
2463 3883 2766 3954 imperator
2812 3897 2910 3939 eos
2974 3883 3069 3954 qui
3128 3885 3624 3945 eonsubstantialis

2051 3973 2212 4031 Iidem
2249 3976 2670 4044 proﬁtebantur,
2704 3978 2960 4048 persequi
2989 3992 3099 4032 non
3144 3978 3374 4034 destitit.
3415 3976 3622 4032 Verum

2048 4075 2104 4122 et
2136 4067 2263 4122 illos
2298 4067 2506 4138 expulit
2527 4067 3038 4139 Constantinopoli,
3067 4077 3121 4123 et
3155 4084 3278 4122 cum
3307 4068 3418 4122 illis
3455 4069 3624 4120 etiam

2047 4158 2412 4226 Novatianos,
2474 4168 2666 4231 utpote
2715 4161 2860 4215 idem
2920 4176 3044 4215 cum
3095 4160 3205 4216 illis
3267 4158 3620 4214 sentientes:

2050 4267 2283 4323 quorum
2315 4252 2585 4307 ecclesias
2628 4253 2798 4308 etiam
2832 4251 3012 4306 claudi
3039 4252 3228 4322 jussit.
3277 4249 3383 4304 Sed
3425 4257 3479 4305 et
3507 4250 3626 4318 epi-

2054 4358 2284 4412 scopum
2314 4343 2587 4412 ipsorum,
2630 4343 2880 4413 Agelium
2913 4343 3156 4406 nomine,
3184 4342 3379 4396 exsilio
3401 4341 3623 4394 multari

364 4443 468 4512 ήδη
497 4441 670 4493 πάλαι
695 4441 760 4492 ὲκ
785 4439 894 4492 τῶν
926 4437 1336 4492 Κωνσταντίνου
1357 4435 1583 4506 χρόνων,
1613 4433 1721 4486 τῶν
1754 4431 1945 4502 ἐκκλη-

2051 4433 2313 4503 praacepit
2345 4450 2361 4488 :
2399 4433 2576 4487 virum
2608 4434 2700 4503 qui
2728 4433 2841 4502 jam
2876 4433 3002 4489 inde
3032 4448 3062 4486 a
3101 4431 3454 4488 Constantini
3485 4442 3625 4486 tem-

301 4563 320 4584 .
367 4535 498 4587 σιῶν
512 4530 814 4606 προεστὼς,
861 4531 955 4584 καὶ
986 4530 1100 4600 βίον
1135 4527 1487 4583 ἀποστολικὺν
1522 4524 1689 4596 βιούς.
1717 4522 1942 4577 Ἀνυπόο

2046 4525 2274 4596 poribus
2318 4525 2573 4582 ecclesiis
2603 4527 2825 4581 illorum
2848 4524 3246 4596 praefuerat,;et
3267 4524 3434 4578 vitam
3461 4524 3626 4594 plane

365 4626 526 4696 δητος
551 4624 662 4693 γὰρ
696 4622 868 4676 διόλου
909 4623 1081 4692 διῆγε,
1111 4621 1204 4674 καὶ
1236 4620 1316 4672 ἑνὶ
1338 4617 1527 4688 χιτῶνι
1571 4615 1857 4685 ἐκέχρητο,
1887 4613 1945 4666 τὸ

2047 4617 2409 4687 apostolicam
2440 4617 2694 4674 duxerat.
2728 4617 2864 4672 Nam
2896 4617 3058 4673 nudis
3089 4617 3321 4687 pedibus
3354 4625 3623 4686 perpetuo

366 4712 460 4765 τοῦ
504 4713 838 4780 Εὐαγγελίου
879 4711 1159 4780 φυλάττων
1212 4709 1391 4780 ῥητόν.
1459 4705 1688 4774 Ἑπέσχε
1755 4703 1811 4756 δὲ
1847 4702 1945 4774 τὴν

2046 4709 2307 4765 incedere
2343 4711 2543 4768 solitus
2573 4719 2716 4776 erat,
2749 4720 2805 4768 et
2853 4726 2961 4766 una
3011 4720 3221 4766 tantum
3257 4711 3444 4764 tunica
3498 4717 3620 4766 ute.

365 4805 512 4859 κατὰ
532 4804 891 4858 Ναυατιανῶν
917 4803 1008 4857 τοῦ
1035 4800 1298 4874 βασιλέως
1325 4798 1517 4871 ὀργὴν,
1543 4795 1683 4867 ἀνὴρ
1715 4794 1945 4866 εὐλαϐὴς

2046 4799 2232 4866 batur,
2262 4816 2492 4859 servans
2527 4813 2855 4877 praeceptum
2903 4803 3202 4876 Evangelii.
3242 4801 3416 4858 Porro
3467 4804 3623 4874 prim

1523 4987 1796 5044 VALESII
1834 4987 2390 5046 ANNOTATIONES.

441 5080 552 5150 (29)
588 5080 893 5148 Κλέαρχος
921 5079 1182 5148 ἔπαρχος
1202 5077 1286 5132 ὢν
1305 5077 1415 5150 τῆς
1437 5080 1690 5145 πόλεως.
1727 5079 1827 5134 Hic
1863 5089 1947 5135 est

371 5149 697 5213 Clearehus,
731 5153 824 5216 qui
859 5158 1042 5218 postea
1060 5150 1262 5218 consul
1305 5149 1558 5203 fuit'eum
1594 5151 1944 5212 Richomere,

374 5222 680 5288 principatu
707 5217 1024 5273 Theodosii.
1059 5217 1133 5272 De
1168 5220 1356 5273 eodem
1393 5221 1636 5288 loquitur
1664 5220 1947 5287 Eunapius

375 5292 428 5344 in
487 5290 610 5345 Vita
659 5291 879 5345 Maximi
931 5289 1271 5357 Philosophi.
1321 5288 1384 5342 Et
1436 5290 1668 5357 primum
1726 5289 1946 5357 quidem

374 5363 513 5416 Asiae
556 5363 823 5415 vicarium
883 5361 1057 5414 fuisse
1091 5359 1224 5414 dicit
1277 5367 1522 5426 tempore
1567 5359 1693 5414 belli
1743 5359 1948 5413 Proco-

413 5433 517 5485 iani
541 5472 555 5490 ,
601 5441 792 5501 postea
833 5445 965 5484 vero
993 5429 1378 5501 proconsulem
1407 5430 1577 5484 totius
1605 5429 1752 5501 Asiae
1781 5426 1949 5501 a_Va-

393 5511 514 5556 eme
538 5495 768 5559 factum.
787 5501 860 5553 ob
887 5495 1160 5568 egregiam
1192 5512 1416 5568 operam
1441 5512 1604 5568 quam
1637 5499 1783 5568 bello
1811 5495 1945 5551 Pro-

373 5572 510 5638 copii
544 5578 864 5625 navaverat.
898 5567 1039 5622 Sunt
1070 5568 1150 5638 ad,
1186 5567 1439 5638 eumdem
1471 5567 1794 5621 Clearchum
1827 5567 1946 5636 epi-

373 5637 522 5696 stolae
553 5640 766 5694 Libanii
796 5639 1113 5708 complures
1143 5637 1220 5708 in,
1239 5637 1379 5690 libro
1406 5643 1607 5708 quarto
1635 5645 1689 5692 et
1722 5637 1946 5708 quinto,

372 5713 569 5779 quibus
590 5727 715 5766 cum
743 5706 1080 5780 magnopere
1098 5707 1305 5773 laudat,
1323 5714 1378 5764 et
1402 5706 1546 5764 Asiae
1569 5722 1693 5765 cum
1717 5706 1949 5776 imperio

2089 5082 2337 5136 metuisse
2378 5079 2674 5152 signiﬁcat.
2723 5077 2848 5133 Fuit
2902 5085 3082 5152 autem
3126 5081 3418 5152 praefectus
3446 5083 3623 5151 urbis,

2089 5098 2337 5136 metuisse
2378 5098 2674 5151 Slgnlllcat.
2725 5098 2848 5133 l‘tllt
2902 5098 3082 5135 autem
3126 5098 3418 5152 praeteritus
3446 5098 3623 5151 urnis,

2048 5098 2297 5207 Eludesto
2344 5160 2398 5205 ct
2445 5149 2726 5203 Arintliaeo
2769 5151 3115 5214 consulibus,
3151 5160 3210 5206 ut
3258 5153 3527 5210 discimus
3558 5169 3625 5208 ex

2049 5222 2241 5277 codice
2278 5220 2684 5274 Theodosiano.

2121 5291 2232 5360 (50)
2279 5290 2536 5362 Ὑδρέεῖον
2563 5288 2869 5362 μέγιστον.
2921 5289 3274 5362 Nymphaeum
3315 5298 3473 5362 vocat
3519 5289 3626 5347 Ce-

2048 5359 2258 5416 drenus
2292 5376 2356 5415 ac
2392 5359 2659 5415 Zonaras.
2717 5359 2983 5430 [)ill‘erunt
3031 5359 3227 5430 autem,
3263 5361 3545 5430 nympham
3595 5376 3627 5415 a

2046 5432 2312 5496 thermis,
2350 5439 2410 5484 ut
2460 5438 2610 5500 patet
2640 5445 2705 5485 ex
2735 5429 3111 5500 Descriptione
3136 5428 3314 5500 urbis
3351 5428 3628 5500 Constan-

2049 5494 2633 5575 tiAnopolitanzeCNarn
2684 5494 2967 5575 nymphze'a
3025 5497 3239 5575 quidem
3285 5494 3631 5575 sunt‘NyIn.

2049 5565 2282 5640 pharum
2321 5570 2542 5640 templa,
2581 5565 2830 5640 fontibus
2865 5567 3097 5640 amoenis
3128 5565 3357 5634 irrigua,
3388 5569 3448 5617 ut
3491 5565 3628 5622 olim

2054 5637 2238 5696 notavi
2269 5639 2338 5696 ad
2369 5637 2724 5698 Atiimianum
2753 5637 3151 5693 Marcellinum.
