4070 6204
466 362 574 422 479

1912 358 2252 416 SOCRATIS
2291 403 2294 408 .

3628 347 3722 404 ιεο

469 484 615 556 cipis
643 482 782 538 iram
817 479 1084 538 adversus
1118 477 1453 537 Novatianos
1492 478 1761 550 repressit
1812 478 1896 534 vir
1924 479 2072 549 qui-‘

2174 496 2202 532 ν
2247 475 2432 547 ταύτῷ
2477 475 2571 530 καὶ
2627 473 2934 546 ἐλλόγιμος,
2983 467 3300 543 Μαρκιανὸς
3339 464 3614 538 τοῦνομαο
3670 466 3725 556 ὃς

470 576 623 641 dam,
674 572 968 643 religiosus
1019 569 1182 626 simul
1237 583 1304 626 ac
1381 568 1648 634 disertus,
1737 566 2050 623 Marcianus

471 665 696 722 nomine
725 681 740 731 ;
776 664 868 732 qui
897 663 1050 732 prius
1075 660 1298 730 quidem
1329 659 1382 714 in
1418 659 1624 729 palatio
1674 657 2004 712 militaverat
2033 697 2049 723 ,

474 765 608 810 tunc
635 769 764 808 vero
794 752 1048 807 ecclesiae
1075 750 1508 805 Novatianorum
1536 749 1824 820 presbyter
1847 745 2051 814 factus,

481 845 856 918 grammatica:
897 843 1036 898 artis
1072 849 1342 911 praecepta
1371 841 1624 895 tradebat
1662 839 1972 895 Anastasius
2001 847 2055 895 et

475 938 696 992 Carosae
732 933 978 988 Valentis
1014 932 1234 986 ﬁliabus
1270 949 1284 985 :
1320 945 1551 1000 quarum
1599 930 1822 985 nomine
1847 930 2056 985 balnea

473 1026 714 1098 publicae
739 1041 767 1077 a
791 1019 1020 1077 Valente
1050 1029 1346 1077 exstructas
1366 1018 1841 1088 Constantinopoli
1863 1020 2056 1074 etiam-

476 1131 606 1171 num
645 1126 969 1171 cernuntur.
1017 1112 1192 1182 Hujus
1223 1113 1391 1183 igitur
1439 1111 1542 1166 viri
1601 1111 1930 1164 auctoritate
1987 1123 2055 1164 ac

475 1205 806 1266 reverentia,
842 1202 1274 1258 Novatianorum
1299 1203 1546 1258 ecclesia:
1571 1216 1694 1255 cum
1725 1199 2051 1271 aliquandiu

475 1301 678 1356 clausa:
711 1298 966 1364 fuissent,
1003 1297 1184 1354 denuo
1228 1305 1487 1351 reseratae
1524 1285 1672 1350 sunt.
1706 1293 1816 1349 Nec
1869 1303 2052 1348 tamen

477 1391 546 1446 ab
600 1390 1068 1446 insectationibus
1121 1389 1450 1442 Arianorum
1492 1387 1714 1458 penitus
1777 1387 2051 1441 immunes

478 1487 800 1534 manserunt
831 1477 1146 1534 Novatiani.
1206 1476 1448 1532 Oderant
1485 1477 1631 1531 enim
1685 1475 1812 1530 illos
1839 1473 2052 1540 Ariani,

480 1577 767 1640 pr0pterea
819 1568 966 1640 quod
1016 1567 1445 1635 Homousianos,
1499 1575 1684 1638 utpote
1733 1565 1877 1622 idem
1927 1579 2054 1622 cum

2147 568 2318 622 πάλαι
2357 566 2454 636 μὲν
2487 565 2628 620 κατὰ
2667 565 2736 619 τὰ
2776 562 3024 634 βασίλεια
3064 557 3462 631 ἐστρατεύετο*
3506 556 3629 609 τότε
3673 555 3727 608 δὲ

2147 661 2240 716 καὶ
2270 658 2640 731 πρεσϐύτερος
2666 657 2766 728 τῆς
2809 653 3169 710 Ναυατιανῶν
3190 650 3509 720 ﬁstul-quiat;
3535 647 3731 718 τυγχά-

2149 769 2277 817 νων,
2306 750 2730 824 γραμματικοὺς
2778 749 2969 818 λόγους
3014 744 3377 802 Ἀναστασίαν
3407 743 3502 797 καὶ
3531 743 3732 812 Κάρω-

2154 860 2255 898 σαν
2278 842 2376 907 τὰς
2401 841 2494 895 τοῦ
2532 839 2796 912 βασιλέως
2842 837 3146 908 θυγατέρας
3183 835 3460 890 ἐδίδασκεν
3483 871 3499 897 ,
3547 827 3622 887 ὧν
3649 835 3733 886 ἐπ’

2157 934 2381 1006 ὀνόματι
2418 935 2512 988 καὶ
2542 933 2778 1004 δημόσια
2801 931 3001 1003 λουτρὰ
3041 930 3154 994 (51)
3195 931 3251 981 ὲν
3283 929 3350 998 τῇ
3391 925 3737 979 Κωνσταντί-

2157 1043 2248 1081 νου
2277 1025 2427 1080 πόλει
2461 1023 2944 1094 κατεσκευασμένα
2973 1020 3078 1074 ὑπὸ
3117 1020 3414 1082 οὐάλεντος
3440 1017 3734 1070 δείκνυται.

2158 1117 2308 1171 Αἰδοῖ
2338 1113 2430 1172 οὖν
2449 1120 2515 1190 τῇ
2546 1117 2682 1190 πρὸς
2698 1117 2789 1169 τὸν
2821 1114 3008 1186 ἄνδρα,
3037 1113 3174 1185 πρὸς
3201 1111 3380 1180 ὀλίγον
3407 1109 3739 1164 κλεισθεῖσαι

2156 1211 2213 1264 αἱ
2245 1210 2353 1263 τῶν
2379 1208 2732 1263 Ναυατιανῶν
2778 1206 3089 1278 ἐκκλησίαι,
3129 1200 3283 1266 αὖθις
3332 1201 3629 1272 ἡνοίγοντο.
3661 1201 3738 1253 Οὐ

2161 1301 2343 1372 μέντοι
2384 1301 2626 1372 ταραχῆς
2659 1299 2757 1365 τῆς
2787 1298 2938 1368 παρὰ
2969 1293 3262 1367 Ἀρειανῶν
3315 1290 3738 1362 ἐπιφερομένης,

2155 1390 2353 1454 τελέως
2376 1387 2516 1462 ἦσαν
2556 1389 2852 1460 ἐλεύθεροι.
2895 1385 3215 1458 Ἑμισοῦντο
3253 1382 3365 1455 γὰρ
3402 1383 3494 1438 ὑπ’
3535 1381 3739 1446 αὐτῶν,

2157 1484 2239 1538 ὅτι
2258 1484 2384 1547 τοὺς
2415 1481 2723 1554 ὁμόφρονας
2775 1481 3004 1551 ἠγάπων
3043 1477 3140 1532 καὶ
3188 1476 3464 1546 ἔστεργον.
3512 1474 3594 1527 Τὰ
3641 1473 3744 1544 μὲν

2158 1567 2250 1627 οὖν
2277 1573 2404 1646 περὶ
2433 1571 2583 1626 τόνδε
2613 1571 2706 1626 τὸν
2741 1571 2930 1642 χρόνον
2957 1568 3101 1623 οὓτω
3133 1567 3381 1621 διέκειτο.
3427 1564 3622 1619 ’ἰστέον
3661 1563 3744 1628 δὲ,

481 1661 616 1731 ipsis
657 1662 980 1727 sentientes,
1013 1674 1200 1714 amore
1231 1667 1286 1714 et
1325 1659 1704 1715 benevolentia
1749 1673 2052 1729 proseque-

2174 1666 2239 1720 5τι
2271 1666 2300 1717 ὁ
2347 1664 2445 1735 μὲν
2502 1663 2638 1735 πρὸς
2687 1662 2780 1716 τὸν
2827 1661 3086 1733 τύραννον
3147 1657 3454 1730 Προκόπιον
3504 1655 3748 1726 πόλεμος

482 1760 691 1808 rentur.
739 1750 838 1806 llic
873 1766 968 1821 per
1000 1751 1089 1806 illa
1133 1759 1386 1821 tempora
1442 1765 1626 1805 rerum
1695 1757 1874 1806 status
1933 1749 2058 1805 fuit.

481 1843 776 1898 Sciendum
834 1858 1000 1914 porro
1050 1851 1135 1898 est
1177 1842 1381 1897 bellum
1429 1842 1694 1896 adversus
1731 1842 2064 1911 Procopium

483 1942 776 2004 tyrannum
801 1932 1095 1987 consulatu
1135 1929 1388 1985 Gratiani
1412 1937 1467 1986 et
1493 1929 1751 2002 Dagalaill
1773 1930 1877 1986 sub
1899 1929 2062 1986 linem

484 2023 692 2078 mensis
729 2021 854 2077 Maii
881 2022 1194 2078 confectum
1224 2022 1416 2076 fuisse.

1047 2138 1207 2206 222
1243 2135 1394 2192 CAP.
1429 2135 1499 2189 Χ.

486 2231 638 2298 Quod
686 2232 974 2299 imperator
1030 2227 1432 2299 Valentinianus
1489 2227 1661 2299 ﬁlium
1720 2225 1921 2299 genuit_
1950 2223 2063 2279 Va-

559 2296 932 2383 lentinianum,
961 2315 1082 2352 cum
1134 2296 1453 2353 Gratianum
1499 2298 1672 2367 ﬁlium
1725 2296 1854 2351 ante
1903 2296 2066 2366 impe-

555 2379 697 2425 rium
727 2379 1060 2439 suscepisset.

557 2461 662 2517 Sed
698 2463 858 2532 paulo
890 2471 1010 2532 post
1045 2460 1149 2514 hoc
1199 2458 1424 2522 bellum,
1461 2456 1652 2514 iisdem
1715 2431 2129 2537 consulibus,§

490 2550 873 2609 Valentiniano
913 2553 1162 2624 Augusto
1200 2549 1256 2606 in
1286 2547 1604 2606 Occidentis
1636 2548 1885 2620 partibus
1907 2560 2067 2604 natus
2105 2538 2116 2547 ’

2165 1759 2223 1810 ἐν
2241 1755 2476 1828 ὑπατείᾳ
2491 1753 2788 1826 Γρατιανοῦ
2811 1753 2906 1807 καὶ
2921 1750 3266 1821 Δαγαλαίφου
3291 1758 3319 1800 τι
3355 1748 3594 1817 ἐγένετο,
3615 1746 3749 1817 περὶ

2163 1848 2232 1902 τὰ
2266 1847 2550 1902 τελευταῖα
2572 1846 2666 1900 τοῦ
2694 1845 2869 1901 Μαΐου
2898 1843 3096 1917 μηνός.

2784 2126 3036 2180 ΚΕΦΑΔ.
3062 2122 3122 2179 l'.

2177 2221 2277 2287 Ὠς
2309 2222 2342 2275 ὁ
2361 2219 2664 2285 ,βασιλεὺς
2690 2217 3190 2287 Οὑαλεντινιανὸς
3219 2214 3536 2287 ὁμώνυμον
3565 2214 3752 2287 παῖδα

2233 2285 2615 2362 γεγέννηκεν,
2633 2287 2964 2358 Γρατιανοῦ
2979 2287 3095 2358 πρὸ
3110 2286 3550 2356 τῆςβασωιείας
3559 2285 3750 2341 αὐτοῦ

2601 2377 2694 2414 ου.

2235 2379 2694 2431 τεγεννημενου.

2249 2453 2459 2522 Ὀλίγον
2477 2453 2534 2506 δέ
2582 2452 2806 2524 ὕστερον
2837 2450 2993 2505 τοῦδε
3042 2449 3136 2503 τοῦ
3186 2449 3443 2519 πολέμου,
3475 2446 3620 2501 κατὰ
3651 2447 3753 2519 τὴν

2168 2544 2336 2617 αὐτὴν
2364 2545 2652 2610 ὑπατείαν,
2703 2541 3133 2614 Οὑαλεντινιανῷ
3173 2540 3253 2613 τῷ
3298 2539 3508 2612 βασιλεῖ
3547 2540 3663 2612 (52)
3693 2541 3752 2593 ἐν

1654 2702 1924 2761 VALESII
1962 2701 2404 2758 ANNOTATION
2412 2699 2515 2756 ES.

559 2845 672 2917 (3i)
699 2834 814 2899 ⁷ον
840 2841 931 2917 ἐντ’
959 2841 1203 2917 όνόιίατι
1228 2839 1326 2894 καὶ
1363 2839 1628 2917 δημοσίᾳ
1646 2837 1919 2917 λουτρά..
1939 2836 2066 2891 Fal-

493 2907 614 2971 suin
650 2907 731 2970 est
762 2912 906 2983 quod
959 2913 1036 2965 ait
1063 2907 1366 2983 'Socrates,
1398 2907 1800 2983 Anastasianas
1836 2907 2067 2983 balneas

537 3000 617 3038 ua:
666 2975 824 3038 erant
865 2979 1376 3048 Constantinopoli,
1433 2978 1523 3048 ita
1558 2976 1733 3048 dictas
1777 2975 1948 3048 fuisse
1999 2977 2074 3031 ab

537 3001 617 3038 [NB
666 3001 824 3038 erant
865 3001 1376 3048 LonStantlnopuu,
1435 3001 1506 3030 Ita
1558 3001 1733 3031 unctas
1778 3001 1948 3030 misse
1999 3001 2065 3031 au

494 3001 790 3107 gnastasia
840 3049 1082 3103 Valentis
1131 3050 1262 3112 lilia,
1311 3056 1360 3101 et
1413 3062 1442 3100 a
1479 3044 1708 3101 Valente
1745 3046 2065 3101 adificatas.

497 3124 614 3177 lmo
643 3138 673 3175 a
708 3119 1072 3173 Constantino
1104 3117 1339 3171 Maximo
1386 3115 1669 3171 aediﬁcatae
1719 3125 1868 3178 sunt,
1904 3123 1960 3170 et
1998 3131 2064 3170 ex

498 3193 707 3246 sororis
735 3190 908 3252 ipsius
956 3188 1178 3240 nomine
1216 3187 1597 3241 Anastasianre
1621 3186 1922 3255 appellatae.
1956 3183 2064 3239 Do-

497 3268 585 3316 cet
616 3259 669 3313 id
699 3259 1023 3312 Ammianus
1057 3255 1406 3311 Marcellinus
1456 3257 1509 3309 in
1541 3256 1636 3309 lib.
1673 3271 1820 3320 sxw,
1849 3255 1944 3309 ubi
1984 3263 2069 3320 ty-

498 3331 782 3384 raunidem
823 3326 1072 3394 Procopii
1117 3326 1412 3380 describit:
1463 3325 1610 3378 Idem
1658 3325 1944 3394 Procopius
1985 3325 2073 3378 di-

497 3399 685 3452 ductus
722 3400 774 3450 in
819 3398 1159 3466 cogitationes
1199 3396 1402 3462 varias,
1432 3395 1817 3450 Anastasianas
1857 3395 2073 3450 balneas

498 3469 649 3537 petit,
681 3486 713 3522 a
743 3483 922 3522 sorore
951 3466 1288 3537 Constantini
1325 3467 1756 3537 cognominatas.
1798 3465 1878 3520 Ad
1910 3481 2074 3537 quem

501 3533 681 3592 locum
711 3539 822 3603 jam
855 3537 1065 3607 pridem
1101 3536 1288 3607 notavi
1345 3533 1694 3607 Aiiastasiam
1725 3533 2075 3607 Constantini

501 3623 748 3665 sororem
777 3604 1001 3676 nuptam
1041 3605 1213 3662 fuisse
1259 3605 1526 3662 Bassiano
1575 3604 1802 3661 Caesari.
1853 3604 2078 3660 Exstitit

501 3687 690 3750 postea
724 3678 789 3750 in,
812 3677 1091 3750 Britannia
1133 3677 1218 3731 vir
1243 3677 1703 3750 quidamgnobilis
1749 3685 1914 3750 atque
1951 3690 2079 3750 eru-

501 3747 672 3811 ditus,
701 3748 794 3815 qui
830 3748 970 3816 hanc
1017 3762 1190 3802 meam
1239 3747 1652 3800 annotationem
1697 3747 2072 3816 reprehendit,

503 3827 557 3872 et
590 3817 910 3872 Bassianum
933 3815 1202 3870 Cursarem
1239 3816 1412 3871 fuisse
1443 3815 1797 3886 pertinaciter
1832 3816 2072 3885 negavit.

504 3888 754 3955 Quanam
807 3887 976 3956 igitur
1026 3887 1239 3956 ratione
1299 3885 1481 3939 motas
1537 3886 1588 3940 id
1647 3885 2075 3956 allirmaverim,

505 3954 696 4027 paucis
747 3954 852 4011 hoc
891 3955 1010 4027 loco
1061 3955 1264 4027 dicam.
1308 3956 1444 4009 Cum
1480 3957 1778 4027 imperator
1809 3954 2080 4009 Constan-

505 4024 678 4088 tinus.
707 4031 851 4081 victo
883 4024 1176 4089 Maxentio,
1212 4026 1592 4080 Constantiam
1642 4040 1885 4080 sororem
1923 4040 2078 4079 suam

506 4099 700 4165 niiptiii
759 4095 1076 4151 tradidisset
1107 4095 1336 4158 Licinio,
1374 4096 1538 4165 paulo
1579 4103 1703 4164 pOst
1743 4110 2000 4165 reversus
2025 4095 2079 4148 in

506 4164 732 4229 Gallias,
781 4168 1162 4226 Constantium
1201 4164 1420 4218 fratrem
1473 4180 1633 4220 suum
1690 4167 1754 4218 ad
1806 4164 2078 4219 Licinium

505 4241 677 4304 misit,
713 4238 951 4294 siiadens
981 4246 1039 4289 iit
1068 4237 1362 4291 Bassianus
1396 4235 1577 4290 Caesar
1617 4237 1808 4300 licret;
1863 4235 1948 4288 eiii
1983 4250 2084 4304 nu:

547 4319 597 4362 ta
632 4303 754 4364 erat
804 4309 971 4360 altera
1021 4306 1372 4362 Constantini
1408 4322 1566 4361 soror
1605 4307 1923 4360 Anastasis.
1977 4303 2082 4359 Sed

552 4379 710 4433 icinio
763 4379 894 4431 talia
942 4377 1253 4446 frustrante.
1312 4393 1404 4445 per
1451 4377 1780 4432 Senicionem
1837 4375 2084 4446 Bassiani

507 4451 752 4518 fratrem,
787 4449 875 4517 qui
897 4445 994 4512 ipsi
1047 4450 1184 4516 ﬁdus
1224 4460 1360 4509 erat,
1393 4451 1445 4500 in
1493 4447 1902 4518 Constantinum
1949 4445 2085 4498 Bas-

508 4517 692 4572 sianus
725 4528 987 4571 armatur.
1032 4519 1133 4582 Qui
1178 4529 1348 4569 tamen
1391 4519 1446 4568 in
1485 4527 1679 4570 conatu
1709 4517 2080 4585 deprehensus,

511 4588 858 4642 Constantino
897 4587 1114 4654 jubente
1152 4588 1418 4639 convictus
1465 4596 1513 4638 et
1563 4598 1762 4639 stratus
1810 4599 1908 4640 est.
1949 4585 2082 4639 Cum

509 4658 745 4712 Sinicius
785 4666 972 4708 auctor
1013 4656 1334 4708 insidiarum
1380 4667 1680 4723 posceretur
1745 4656 1812 4707 ad
1853 4671 2080 4722 poenam,

510 4737 730 4794 negante
763 4723 969 4794 Licinio
1003 4726 1177 4794 fracta
1223 4723 1508 4794 concordia
1550 4734 1648 4777 est.
1687 4723 1760 4777 lta
1797 4725 1994 4792 legitur
2027 4726 2082 4794 in

511 4792 786 4864 exi'ei'ptis
816 4794 882 4846 de
915 4793 1038 4846 Vita
1066 4792 1608 4864 constantiniuqum
1650 4794 1777 4846 olim
1826 4795 1969 4846 edidi
2018 4793 2082 4844 ad

512 4862 717 4920 calcem
769 4863 1042 4916 Ammiaui
1086 4863 1410 4917 Marcellini.
1459 4862 1532 4916 Ex
1575 4864 1778 4932 quibus
1827 4864 1901 4916 ita
1951 4879 2086 4917 eon—

513 4935 700 4997 cludo,
741 4935 976 5003 primum
1025 4932 1247 5004 quidem
1301 4933 1722 5004 Constantinum
1761 4935 1902 5002 apud
1944 4933 2087 4988 Lici-

514 5007 665 5060 niiim
726 5004 904 5074 egisse
955 5011 1014 5074 ut
1048 5003 1367 5058 Bassianus
1415 5006 1598 5059 Caesar
1650 5003 1836 5069 fieret;
1890 5003 2088 5058 deinde

513 5072 840 5130 Bassianum
877 5089 906 5125 a
957 5072 1170 5128 Licinio
1204 5075 1580 5140 sollicitatum,
1618 5088 1723 5129 non
1757 5078 1934 5128 siiluin
1965 5090 2088 5128 con-

516 5147 762 5216 spirasse
787 5143 1051 5216 adve_rsus
1077 5145 1526 5216 Constantinum,
1560 5147 1654 5201 sed
1686 5147 1851 5198 etiam
1886 5146 2085 5216 bellum

513 5211 565 5271 ei
602 5216 876 5269 intulisse.
909 5211 1279 5286 Tyrannideni
1309 5229 1440 5286 ergo
1466 5213 1766 5271 Bassianus
1794 5213 2089 5286 arripuerit

514 5301 742 5344 necesse
785 5294 893 5351 est,
929 5284 995 5340 ac
1043 5284 1276 5355 proinde
1313 5285 1549 5344 Caesaris
1598 5301 1801 5342 nomen
1851 5301 1947 5356 per
1976 5284 2088 5339 vim

2181 2837 2568 2915 assumpserit,
2599 2835 2746 2906 quod
2783 2833 3259 2915 constantinusnei
3289 2834 3422 2915 dare
3450 2833 3750 2915 cogitabat,

2177 2911 2226 2966 si
2281 2903 2968 2964 consensus—accessisset
3021 2905 3240 2960 Licinii.
3295 2903 3392 2960 llis
3443 2903 3753 2959 rationibus

2176 2979 2468 3049 impulsus,
2524 2977 2848 3056 Bassianum
2899 2974 3170 3056 Cais:irei_n
3217 2975 3529 3056 appellavi",
3589 2989 3753 3044 quem

2175 3045 2359 3103 tamen
2393 3057 2686 3119 tyrannum
2709 3048 2933 3119 _putius,
2969 3060 3089 3119 _nec
3126 3045 3427 3119 legitimum
3478 3046 3756 3119 Caesarem

2094 3125 2137 3184 (ς.
2171 3115 2430 3188 unquam'
2460 3118 2642 3188 luisse
2703 3115 2900 3188 fateor.
2967 3115 3137 3188 Porro
3166 3131 3322 3188 _cum
3375 3116 3756 3188 Anastasianas

2171 3185 2385 3243 balneas
2451 3187 2655 3242 fuerint
2719 3186 3205 3252 Constantinopoli
3265 3194 3395 3241 ante
3453 3185 3754 3240 tumultum

2173 3257 2453 3328 Procopii,
2505 3258 2652 3312 sicut
2691 3271 2779 3328 ex”
2806 3257 3097 3328 Ammiano
3143 3255 3462 3328 Marcellino
3510 3254 3756 3310 ostendi-

2173 3343 2321 3392 mus,
2354 3324 2490 3384 satis
2521 3328 2651 3382 inde
2675 3326 2961 3397 colligitur
2989 3339 3084 3381 eas
3114 3340 3141 3378 a
3178 3324 3410 3380 Valente
3439 3333 3757 3397 exstructas

2173 3414 2282 3454 non
2335 3413 2480 3478 esse,
2531 3399 2733 3522 ﬂuippe
2785 3395 2877 3467 qui
2918 3410 2986 3451 eo
3036 3403 3284 3466 tempore
3331 3410 3524 3452 recens
3575 3395 3756 3450 adhuc

2177 3469 2468 3522 imperium
2497 3484 2527 3521 a
2571 3473 2935 3522 ministraret.
2963 3464 3234 3520 Caeterum
3273 3466 3327 3520 in
3373 3466 3477 3521 hoc
3508 3466 3756 3522 Socratis

2177 3469 2468 3538 imperium
2497 3464 2935 3538 administraret.
2963 3464 3234 3538 Caeterum
3273 3466 3327 3538 in
3373 3466 3477 3521 hoc
3508 3466 3759 3522 Socratis

2175 3535 2299 3593 loco
2330 3537 2685 3608 scribendum
2720 3545 2808 3592 est
2844 3535 3080 3608 δημόσια
3110 3535 3332 3608 λουτρά.

2247 3607 2360 3678 (52)
2393 3607 2556 3662 Κατὰ
2579 3606 2694 3678 τᾷὴν
2717 3604 3252 3678 αὐτὴύὐπα-τείαῖ,
3278 3604 3760 3678 Οὐαλενεινςιανῷ

2175 3673 2552 3744 τῷ’,ϐἱισιλεῖ.
2594 3673 2756 3730 Errat
2785 3673 2874 3730 hic
2920 3675 3163 3746 graviter
3188 3674 3470 3746 Socrates.
3507 3673 3760 3746 Valenti-

2178 3750 2383 3804 nianus
2417 3749 2564 3803 enim
2607 3748 2794 3816 iunior
2825 3745 3121 3816 qui'natus
3149 3755 3234 3801 est
3266 3745 3620 3816 Graitiaiioet
3655 3745 3760 3800 Da-

2215 3820 2384 3872 alaifo
2419 3814 2762 3880 consulibus,
2797 3814 2907 3870 neu
2942 3814 3336 3877 Valentiniani.
3370 3818 3466 3872 sed
3508 3815 3760 3871 Valentis

2229 3891 2409 3959 ugusti
2445 3888 2586 3959 [ilius
2614 3887 2736 3942 fuit.
2763 3886 2817 3959 id
2841 3887 3209 3959 docetaperte
3235 3885 3440 3959 lilatius
3457 3888 3525 3959 _i_n
3551 3885 3760 3940 Fastis:

2181 3956 2438 4012 Gratiano
2477 3956 2614 4014 Nob.
2658 3967 2707 4012 et
2753 3956 3040 4027 Dagalaifo
3080 3957 3402 4027 consulibus.
3449 3957 3545 4011 His
3576 3973 3761 4010 consu-

2179 4030 2318 4082 libus
2370 4037 2524 4081 natus
2558 4039 2635 4082 est
2678 4026 3082 4096 Valentinianus
3109 4026 3312 4095 junior,
3347 4029 3491 4096 [ilius
3532 4028 3761 4096 Augusti

2201 4099 2455 4157 Valentis.
2491 4098 2575 4152 die
2607 4098 2672 4152 l5
2720 4095 2950 4151 Kalend.
2987 4095 3353 4150 Februarias.
3379 4099 3505 4150 Scio
3540 4095 3762 4166 quidem

2185 4169 2241 4221 in
2279 4169 2520 4238 editione
2564 4167 2750 4222 Jacobi
2795 4167 3073 4238 §irmondi
3108 4167 3269 4235 vulgo
3309 4169 3432 4238 logi,
3466 4168 3611 4236 ﬁlius
3654 4168 3762 4219 Au-

2183 4240 2324 4308 gusti
2378 4235 2760 4292 Valentiniani.
2795 4237 2996 4308 Verum
3048 4239 3102 4290 in
3151 4235 3548 4308 vetustissima
3575 4239 3765 4291 codice

2190 4307 2570 4378 nianiiscripto
2609 4307 3369 4378 eollegii_CIaromontaiii.cx
3393 4322 3503 4376 quo
3524 4307 3766 4362 lacubus

2189 4375 2515 4433 Sirmondu's
2538 4380 2667 4432 olim
2704 4375 2800 4432 hos
2830 4375 3026 4445 Fastos
3051 4379 3242 4437 edidit,
3270 4375 3471 4431 disci-te
3493 4379 3765 4445 scriptum

2115 4471 2160 4530 ο
2187 4448 2406 4530 inveni.
2465 4448 2610 4530 (ilius
2659 4447 2882 4530 Augusti
2921 4444 3561 4530 Valentis._Seil_praiter
3606 4444 3772 4530 testi-

2193 4519 2434 4572 monium
2466 4517 3010 4588 hortiiiiFastorum,
3041 4518 3229 4571 multis
3257 4519 3379 4572 aliis
3423 4522 3765 4588 argumentis

2192 4589 2365 4640 evinci
2410 4597 2607 4657 potest.
2648 4587 3088 4642 Valentinianum
3144 4588 3288 4640 hunc
3335 4587 3638 4655 jiiniorein,
3670 4589 3766 4655 qui

2189 4668 2351 4712 natus
2369 4671 2448 4712 est
2471 4657 2733 4712 Gratiano
2757 4667 2811 4711 et
2834 4657 3112 4726 Dagalaifo
3139 4659 3458 4714 consulibus
3480 4673 3625 4712 anno
3655 4666 3772 4711 tre-

2193 4729 2502 4795 centesimo
2552 4729 2894 4795 sexagesinio
2929 4735 3086 4781 sexto
3129 4727 3324 4781 natalis
3371 4727 3664 4787 Dominici.
3706 4727 3765 4780 [i-

2191 4794 2324 4867 lium
2356 4799 2525 4852 fiiisse
2547 4796 2792 4852 Valentis
2820 4798 3072 4867 Augusti.
3108 4795 3209 4851 llic
3236 4798 3380 4852 enini
3414 4801 3529 4867 ipse
3559 4807 3668 4862 est,
3709 4805 3764 4850 ut

2193 4865 2336 4936 inter
2365 4883 2557 4922 omnes
2597 4876 2834 4931 constat,
2885 4865 2978 4935 qui
3031 4877 3217 4936 postea
3257 4865 3450 4922 consul
3503 4868 3606 4921 fuit
3640 4883 3766 4922 cum

2193 4934 2434 5002 Victore,
2464 4953 2611 4992 anno
2648 4937 2854 4992 Christi
2889 4934 2992 4992 369
3012 4934 3044 5002 ;’
3061 4946 3115 4992 et
3155 4939 3240 4991 cui
3270 4937 3607 4993 'l‘heiiiistiiis
3637 4953 3765 4991 ora-

2192 5005 2398 5076 tionem
2437 5008 2783 5062 consularem
2818 5008 2978 5070 dixit,
3006 5023 3128 5075 qua:
3158 5007 3427 5076 hodieque
3454 5016 3634 5063 exstat
3664 5007 3788 5064 sub.

2190 5075 2519 5148 llOCrlillllO:
2553 5077 2956 5148 Προτρεπτικὸς
2985 5075 3410 5148 Οὑαλεντινιανῷ
3441 5079 3565 5147 νέῳ.
3592 5076 3766 5148 Porro

2185 5146 2247 5216 in
2298 5147 2399 5199 hac
2433 5146 2684 5202 oratione
2703 5146 3058 5204 'Tliemistius
3099 5149 3302 5216 passim
3353 5146 3631 5203 Valentem
3663 5147 3763 5201 Va-

2191 5215 2477 5270 lentiniani
2507 5219 2674 5286 hujus
2705 5227 2934 5287 patrem,
2971 5226 3026 5288 et
3055 5215 3377 5272 Gratianum
3429 5219 3672 5288 ἀνεψιόν.
3711 5216 3763 5288 id

2189 5293 2276 5342 est
2320 5288 2621 5357 patruelem
2668 5287 2925 5358 appellat.
2979 5287 3225 5360 Exempli
3258 5288 3455 5360 gratia,
3487 5304 3611 5360 pag.
3637 5287 3764 5351 255.

1946 5463 2336 5524 VARIORUM.

585 5625 618 5667 «ι
661 5615 766 5670 Ἐν
820 5617 1074 5683 ὑπατείᾳ
1134 5615 1466 5686 Γρατιανοῦ
1531 5616 1630 5670 καὶ
1684 5618 2072 5687 day-(Malean.

2187 5631 2422 5687 ronymo
2453 5616 2507 5673 in
2532 5615 2804 5673 Chronico
2828 5617 3090 5672 testibus.
3143 5616 3323 5687 (latius
3351 5615 3406 5670 in
3433 5612 3616 5687 Fastis
3639 5627 3762 5666 eum

513 5687 823 5760 Pgt‘ocppiius
854 5697 1120 5760 tyrannus
1147 5685 1234 5760 his
1270 5687 1593 5760 consulibus
1619 5685 1800 5743 victus
1825 5690 1880 5743 in
1911 5685 2088 5760 Pliry-
2185 5685 2512 5760 oppressum
2546 5689 2744 5744 scribit
2783 5699 2938 5743 sexto
2975 5687 3250 5760 Kalendas
3287 5686 3524 5760 lunias:
3560 5685 3762 5760 εει-(ψει

516 5757 609 5836 εἰει
645 5753 894 5810 salutari
915 5758 983 5812 ad
1006 5753 2088 5836 _lﬂacoliam,inter-lcetusqim,Ammiano
2186 5753 2311 5836 cum
2339 5758 2594 5836 ‘Socrate
2639 5760 2937 5817 consentit.
2971 5759 3140 5830 (Ant.
3167 5759 3316 5827 Pagi,
3345 5756 3413 5811 ad
3451 5770 3582 5810 ann.
3633 5753 3760 5816 566,

519 5825 621 5883 lib.
654 5840 804 5888 sui.
845 5842 968 5890 cat).
1001 5830 1070 5889 9:
1118 5829 1360 5890 Zosimo.
1409 5829 1504 5887 lib.
1535 5845 1606 5888 tv.
1634 5825 1690 5889 οξ
1720 5829 1844 5887 759.
1877 5838 1928 5886 ct
1956 5830 2072 5887 llic-

2181 5845 2238 5884 ιι.
2277 5826 2356 5884 2.)

1311 6041 1336 6050 κ
