4070 6204
330 180 419 236 481
1211 177 1537 239 HISTORIA
1573 175 2142 233 ECCLESIASTICA.
2177 205 2247 216 —-
2275 178 2404 233 LIB.
2446 178 2540 232 ιν.
3459 183 3566 234 482

317 291 425 352 τοῖς
449 285 732 359 ἑσπερίοις
753 285 992 357 μέρεσιν,
1025 284 1222 357 ἐτέχθη
1247 287 1362 351 υίὸς
1390 285 1679 358 ὁμώνυμος
1708 286 1856 356 αὑτῷ
1873 303 1887 319 ·

1993 293 2080 341 est
2101 285 2266 349 filius,
2303 289 2446 359 patri
2507 289 2874 361 cognominis.
2941 288 3075 346 Nam
3123 289 3421 346 Gratianus
3472 291 3567 347 diu

316 377 611 448 Γρατιανδς
637 375 747 445 γὰρ
779 374 880 446 ἤδη
902 374 1163 446 πρότερον
1179 374 1286 448 πρὸ
1315 375 1416 446 τῆς
1445 373 1717 446 βασιλείας
1743 372 1895 443 αὐτῷ

318 467 627 538 γεγέννητο.

919 557 1171 611 ΚΕΦΑΛ.
1192 558 1296 610 IA'.

320 649 454 718 Περὶ
493 649 606 716 τῆς
637 649 1100 718 κατενεχθεὼξης
1130 651 1454 717 οὐρανόθεν
1482 649 1756 712 ἐξαισίου
1790 665 1895 717 χα-

380 717 585 785 λάζης,
620 719 724 772 καί
779 720 915 785 περὶ
961 717 1076 772 τῶν
1113 718 1183 772 ἐν
1213 720 1464 786 Βιθυνίᾳ
1489 719 1589 773 καί
1635 720 1893 778 Ἕλλησι

383 791 589 855 πόντῳ
619 788 907 858 σειοζμῶν.

385 879 466 950 Τῇ
494 878 552 932 δὲ
579 876 706 949 ἑξῆς
732 877 989 946 ὑπατείᾳ,
1035 876 1158 946 ἥτις
1187 870 1257 947 ἦν
1289 875 1616 930 Λουπικίνου
1655 876 1748 930 καλ⁸
1797 877 1894 930 ’1ο-

321 969 501 1024 6ιανοῦ
553 979 603 1034 ι’,
661 967 1024 1040 χειροπληθὴς
1082 967 1386 1038 κατηνέχθη
1451 966 1660 1036 χάλαζα
1715 968 1775 1020 ὲν
1824 969 1890 1040 τῇ

321 1061 727 1118 Κωνσταντίνου
755 1059 930 1126 πόλει,
957 1062 1022 1130 τῇ
1066 1059 1294 1130 δευτέρα
1318 1059 1412 1112 τοῦ
1450 1058 1667 1112 Ἰουλίου
1701 1058 1888 1129 μηνὸς,

317 1151 478 1217 λίθοις
499 1153 770 1224 ἐμφερής.
795 1151 907 1222 Τὴν
938 1151 996 1204 δὲ
1011 1150 1250 1221 χάλαζαν
1275 1150 1458 1203 πολλοὶ
1480 1151 1715 1218 ἔφασκον
1753 1150 1892 1204 κατὰ

321 1246 472 1316 μῆνιν
511 1243 648 1296 Θεοῦ
695 1241 1108 1312 κατενη-ιέχθαι,
1141 1241 1224 1294 ὄτι
1253 1240 1480 1303 πολλοὺς
1519 1241 1628 1294 τῶν
1662 1241 1891 1312 ἱερωμέ-

321 1353 416 1390 νων
446 1335 660 1405 ἀνδρῶν
688 1330 996 1403 ὲξορίστους
1024 1334 1052 1386 ὁ
1084 1333 1336 1404 βασιλεὺς
1368 1332 1560 1398 ἐποίει,
1595 1332 1671 1404 μὴ
1703 1332 1889 1402 βουλο-

323 1431 512 1502 μένους
544 1431 820 1482 κοινωνεῖν
848 1426 1104 1496 Εὐδοξίῳ.
1150 1426 1354 1494 Ὀλίγον
1376 1424 1433 1478 δὲ
1462 1425 1599 1495 μετὰ
1631 1425 1779 1477 τόνδε
1798 1425 1888 1478 τὸν

321 1526 502 1596 χρόνον
556 1523 703 1577 κατὰ
757 1522 856 1593 τὴν
878 1522 1048 1592 αὐτὴν
1067 1520 1350 1585 ὑπατείαν,
1391 1518 1828 1581 Οὐαλεντινιανὸς
1859 1518 1888 1569 ὁ

1997 385 2292 450 antequam
2337 380 2629 450 imperium
2671 381 3024 451 suscepisset,
3057 383 3104 437 ei
3151 390 3316 438 natus
3363 380 3566 438 fuerat.

2662 553 2813 608 CAP.
2841 552 2934 608 Χῐ.

1995 644 2074 699 De
2122 645 2393 700 inusitatae
2440 646 2820 715 magnitudinis
2860 644 3114 714 grandine
3157 661 3276 715 qua:
3315 648 3496 702 cecidit
3540 667 3571 705 ι

2064 715 2212 777 coelo,
2241 725 2290 769 et
2318 718 2381 770 de
2432 714 2588 770 terrre
2647 715 2872 770 motibus
2924 731 3018 785 per
3062 714 3458 785 Hellespontum
3506 735 3568 773 ac

2063 785 2391 855 Bithyniam.

2065 875 2344 948 Sequente
2373 892 2554 942 anno,
2597 876 2866 948 Lupicino
2899 886 2955 932 et
2992 875 3190 932 Jovino
3218 878 3566 945 consulibus,

1995 977 2152 1022 sexto
2175 966 2361 1022 Nonas
2389 965 2544 1032 Julii,
2580 966 2792 1037 grando
2822 967 3107 1022 immensir
3149 968 3566 1038 magnitudinis,

1992 1058 2170 1113 instar
2207 1059 2449 1129 lapidum
2472 1059 2675 1114 cecidit
2693 1059 3191 1129 Constantinopoli.
3215 1059 3368 1116 Hanc
3385 1069 3569 1116 autem

1993 1149 2314 1219 grandinem
2345 1152 2426 1204 ira
2461 1150 2554 1204 Dei
2586 1151 2888 1206 iinmissam
2915 1167 3038 1206 esse
3092 1151 3251 1206 multi
3289 1151 3568 1217 dicebant,

1991 1256 2058 1296 eo
2097 1243 2242 1312 quod
2275 1243 2576 1313 imperator
2621 1244 2934 1314 complures
2976 1244 3294 1300 sacerdotes
3326 1245 3423 1314 qui
3459 1244 3570 1300 Eu-

1990 1334 2153 1389 doxio
2179 1335 2592 1391 communicare
2636 1336 2867 1399 nollent,
2915 1336 2971 1389 in
3013 1335 3269 1390 exsilium
3313 1336 3566 1393 miserat.

1988 1425 2108 1482 Non
2166 1427 2337 1480 multo
2385 1437 2528 1496 post,
2584 1426 2774 1482 iisdem
2803 1426 3127 1482 consulibus
3149 1424 3569 1483 Valentinianus

1993 1519 2161 1572 filium
2193 1533 2352 1574 suum
2397 1517 2714 1572 Gratianum
2751 1517 3136 1588 imperatorem
3188 1519 3567 1584 renuntiavit,

321 1615 570 1685 βασιλεὺς
609 1614 699 1668 τὸν
736 1614 852 1666 υἱὸν
876 1612 1169 1683 Γρατιανδν
1211 1611 1432 1682 βασιλέα
1461 1611 1782 1681 κατέστησε,
1821 1613 1886 1680 τῇ

1989 1608 2077 1663 die
2102 1624 2247 1663 nono
2292 1608 2563 1663 Kalendas
2630 1608 3002 1678 Septembres.
3061 1609 3335 1678 Sequente
3386 1616 3568 1662 autem

322 1706 549 1779 τετάρτῃ
579 1706 676 1760 καὶ
702 1705 879 1758 εἰκάδι
900 1703 992 1757 τοῦ
1022 1704 1332 1772 Αὐγούστου
1358 1704 1544 1774 μηνός.
1574 1704 1653 1773 Τῇ
1686 1703 1742 1755 δὲ
1762 1702 1890 1771 ἑξῆς

313 1797 565 1867 ὕπατείᾳ,
617 1796 739 1865 ἥτις
797 1790 866 1866 ἦν
925 1791 1371 1848 Οὐαλεντινιανοῦ
1408 1792 1476 1846 τὸ
1513 1791 1762 1863 δεύτερον
1795 1791 1891 1846 καὶ

320 1887 614 1950 Οὐάλεντος
656 1886 718 1939 τὸ
780 1885 1051 1956 δεύτερον,
1108 1883 1331 1954 σεισμὸς
1359 1884 1487 1955 περὶ
1513 1883 1610 1955 τὴν
1639 1883 1889 1939 Βιθυνίαν

314 1976 880 2050 γενόμενοςςΝίκαιαν
917 1975 1016 2046 τὴν
1062 1975 1218 2029 πόλιν
1258 1975 1622 2047 κατέστρεψεν
1655 1978 1719 2046 τῇ
1745 1976 1890 2030 ἑνδε-

316 2071 461 2144 κάτῃ
513 2069 607 2123 τοῦ
656 2069 826 2142 μηνὸς
864 2067 1213 2139 Ὀκτωόρίου.
1253 2067 1426 2121 Τοῦτο
1472 2061 1540 2138 ἦν
1586 2066 1888 2121 δωδέκατον

312 2167 433 2228 ἔτος
465 2172 488 2200 ⁸
527 2164 662 2235 μετὰ
705 2155 824 2234 τὴν
856 2160 1224 2232 Νικομηδείας
1279 2159 1506 2215 πτῶσιν.
1577 2158 1787 2227 Ὀλίγον
1828 2159 1886 2212 δὲ

317 2257 450 2326 μετὰ
471 2255 624 2308 τόνδε
651 2253 741 2308 τὸν
775 2252 1018 2323 σεισμὸν,
1046 2251 1144 2305 καὶ
1172 2251 1390 2322 Γέρμης
1422 2249 1522 2319 τῆς
1561 2248 1887 2320 Ἑλλησπόν-

323 2364 404 2400 του
419 2347 487 2400 τὰ
511 2345 684 2399 πολλὰ
715 2343 856 2415 μέρη
874 2343 977 2396 ὐπὸ
991 2341 1082 2396 τοῦ
1111 2341 1198 2395 έτέ
1208 2359 1300 2414 pou
1321 2341 1542 2410 σεισμοῦ
1555 2342 1885 2413 κατηνέχθη.

317 2439 420 2490 Καὶ
450 2437 658 2490 τούτων
692 2434 1011 2505 γινομένων,
1040 2432 1263 2502 οὐδεμία
1296 2430 1548 2486 εὐλάϐεια
1577 2430 1699 2484 οὔτε
1722 2431 1886 2484 Εὐδό-

314 2528 420 2592 ξιον
447 2527 702 2598 ὐπεισῄει
728 2524 820 2578 τὸν
848 2524 958 2578 τῶν
988 2521 1283 2595 Ἀρειανῶν
1305 2521 1618 2587 ἐπίσκοπον,
1635 2519 1758 2575 οὔτε
1782 2523 1889 2594 μὴν

1998 1714 2163 1763 anno,
2194 1716 2304 1770 quo
2336 1700 2754 1755 Valentinianus
2781 1708 2834 1755 et
2864 1699 3064 1755 Valens
3087 1700 3284 1755 iterum
3313 1699 3570 1755 consules

1997 1792 2168 1856 fuere,
2204 1801 2366 1847 terrae
2395 1802 2578 1848 motus
2616 1794 2672 1847 in
2705 1792 2956 1863 Bithynia
2988 1792 3163 1847 factus
3201 1789 3440 1846 Nicaeam
3471 1807 3570 1845 ur-

1993 1883 2116 1938 bem
2151 1883 2443 1954 subvertit,
2473 1883 2561 1938 die
2585 1885 2778 1953 quinto
2807 1883 2932 1938 ldus
2965 1880 3243 1938 Octobris.
3264 1882 3456 1937 Annus
3477 1883 3569 1937 hic

1993 1982 2112 2030 erat
2133 1955 2490 2029 duoilecimus
2515 1989 2544 2027 a
2568 1973 2725 2028 ruina
2745 1974 2896 2030 urbis
2915 1973 3076 2043 223
3094 1973 3442 2028 Nicomediae.
3459 1971 3570 2029 Nec

1995 2067 2169 2122 multo
2199 2073 2324 2135 post
2362 2065 2470 2120 alio
2498 2074 2658 2120 terra:
2687 2074 2839 2121 motu
2869 2081 3067 2136 magna
3096 2081 3225 2136 pars
3251 2065 3408 2122 urbis
3440 2066 3570 2122 Ger-

1992 2172 2098 2212 mae
2131 2157 2186 2211 in
2204 2154 2555 2228 Hellesponto
2577 2157 2808 2210 corruit.
2831 2154 2963 2221 Quae
2986 2156 3118 2211 licet
3142 2155 3353 2222 fierent,
3379 2158 3569 2214 nullus

1989 2254 2174 2304 tamen
2199 2257 2397 2315 metus,
2417 2263 2516 2303 nec
2535 2247 2837 2302 Eudoxium
2857 2248 3186 2303 Arianorum
3221 2253 3564 2321 episcopum,

1993 2355 2098 2395 nec
2156 2338 2448 2394 Valentem
2497 2339 2876 2408 imperatorem
2941 2341 3128 2396 subiit.
3177 2340 3364 2412 Neque
3421 2343 3568 2396 enim

1970 2431 2324 2488 .destiterunt
2373 2446 2402 2483 a
2436 2430 2823 2500 persecutione
2849 2448 3042 2487 eorum
3067 2433 3159 2503 qui
3185 2433 3256 2487 ab
3284 2433 3423 2503 ipsis
3451 2431 3568 2489 dis-

1995 2521 2331 2578 sentiebant.
2366 2522 2430 2578 lli
2459 2540 2625 2595 porro
2665 2535 2829 2581 terrae
2880 2533 3066 2580 motus
3119 2525 3276 2596 signa
3316 2526 3566 2596 quiedam

1472 2698 1748 2756 VALESII
1783 2697 2343 2756 ANNOTATIONES.

312 2813 437 2866 Ἔτι
466 2812 526 2866 δὲ
554 2814 614 2864 ὲν
639 2811 907 2881 ἀγκάλαις
937 2809 1368 2881 περιφερόμενος
1402 2810 1782 2882 συστρατεύεις
1811 2811 1890 2881 τῷ

312 2883 479 2954 πατρὶ
503 2884 599 2954 καί
622 2879 1035 2954 στιστρατηγεϊς,
1060 2888 1114 2954 et
1131 2879 1383 2954 reliqua.
1401 2879 1890 2954 Fratereacaadem

313 2948 471 3023 atque
519 2948 804 3023 interitum
848 2948 1080 3023 tyranni
1131 2948 1409 3023 Procopii,
1457 2959 1580 3023 ortu
1633 2951 1880 3023 ejusdem

316 3019 679 3076 Valentiniani
718 3019 1082 3091 signiﬁcatam
1112 3019 1440 3091 esse__n'Deo
1468 3019 1708 3091 affirmat
1736 3019 1883 3074 The-

311 3094 561 3154 niistius.
617 3088 815 3161 pagin'a
858 3091 1190 3161 254._f'.erle
1233 3088 1652 3161 Valentinianus
1693 3090 1887 3161 junior

312 3174 473 3216 natus
502 3158 886 3230 esLCratiauo
912 3169 965 3214 et
1003 3158 1287 3230 Dagalaifo
1325 3158 1792 3230 consulibus.‘die
1818 3159 1888 3214 15

311 3230 542 3286 Kalend.
578 3228 932 3294 Februarias,
973 3241 1034 3284 ut
1086 3228 1283 3300 legitur
1324 3228 1377 3283 in
1415 3229 1613 3300 Fastis;
1638 3229 1792 3283 ldatii
1830 3235 1885 3283 et

311 3301 364 3354 in
422 3301 702 3355 Chronico
759 3297 1162 3355 Alexandrino:
1209 3299 1331 3365 Quo
1389 3297 1886 3369 anuoPArocopius

311 3379 581 3441 tyrannus
621 3385 652 3423 a
702 3369 930 3424 Valente
969 3381 1265 3441 superatus,
1290 3379 1375 3424 est
1421 3371 1510 3441 die
1543 3367 1886 3441 67K_aleridas

308 3436 528 3504 Iunias,
567 3449 628 3494 ut
665 3441 722 3494 in
754 3442 944 3495 iisdem
971 3436 1152 3494 Fastis
1180 3440 1434 3494 habetur.
1465 3439 1534 3492 At
1564 3440 1608 3494 si
1646 3436 1886 3492 Valenti-

310 3512 511 3564 nianus
562 3511 654 3564 hic
694 3510 885 3579 junior
918 3507 1282 3564 Valentiniani
1315 3509 1549 3579 senioris
1597 3509 1793 3579 fuisset
1822 3509 1886 3561 li-

311 3581 440 3646 lius,
465 3581 586 3649 ejus
635 3577 793 3634 ortus
828 3579 960 3634 nihil
992 3579 1354 3649 significasset
1395 3577 1630 3633 Valenti.
1683 3577 1886 3632 Deinde

313 3652 358 3704 si
405 3648 507 3704 bic’
539 3649 968 3703 Valentinianus
1002 3648 1365 3702 Valentiniani
1413 3649 1650 3703 senioris
1697 3663 1884 3702 revera

308 3720 456 3774 ﬁlius
499 3719 625 3782 fuit,
673 3735 775 3773 cur
808 3720 862 3772 in
895 3719 1119 3773 Oriente
1153 3724 1404 3773 versatus
1435 3717 1552 3772 est?
1599 3717 1888 3784 Quomodo

307 3790 368 3842 in
405 3797 518 3843 tam
553 3791 914 3858 longinquam
946 3788 1507 3858 peregrinatione-ma
1556 3786 1885 3858 patremitti

305 3861 485 3927 potuit
518 3856 702 3913 adhuc
735 3856 960 3912 infans?
987 3856 1120 3910 Nam
1152 3856 1428 3927 Valentem
1457 3857 1511 3909 in
1537 3856 1888 3924 expeditione

303 3929 540 3984 Gothica
576 3929 876 3983 comitatus
902 3937 1006 3990 est,
1042 3935 1182 3983 teste
1213 3926 1521 3982 Themistio
1553 3942 1660 3980 non
1697 3927 1888 3996 procul

312 4001 382 4053 ab
409 4001 567 4053 initio
605 3998 778 4066 hujus
812 3997 1100 4052 orationis.
1146 3997 1387 4065 Denique
1415 4005 1634 4050 constat
1659 4012 1726 4066 ex
1762 4012 1889 4049 ora-

307 4070 457 4124 tione
492 4064 895 4139 quinquennali
947 4066 1233 4121 Themistii
1291 4064 1394 4120 Sub
1443 4068 1636 4139 linem,
1676 4064 1887 4139 Valenti

309 4139 478 4192 tilium
510 4136 721 4194 —fuisse
772 4139 1039 4199 unicum,
1097 4143 1227 4190 tunc
1282 4151 1406 4190 cum
1456 4136 1887 4205 quinquennalia

306 4217 517 4288 ageret,
561 4209 667 4262 hoc
700 4217 785 4262 est
833 4221 981 4288 anno
1034 4205 1315 4288 I-J'ornin‘ici.
1355 4203 1552 4260 nata—lis
1744 4203 1886 4286 Qum

1997 2813 2154 2884 Δεῦρ⁹
2193 2815 2288 2880 ῐθι,
2321 2817 2440 2880 παῖ,
2479 2816 2571 2870 ἐπὶ
2596 2816 2704 2871 τῶν
2736 2815 2884 2886 ἐμῶν
2914 2815 3136 2878 καθίζου
3182 2816 3445 2883 γονάτων.
3501 2816 3568 2871 Ει

1997 2889 2162 2955 paulo
2183 2895 2305 2955 post
2334 2902 2346 2937 ε
2377 2887 2979 2957 Συμπαιδαγωγήσουσι
3012 2887 3068 2938 δέ
3096 2903 3152 2938 σε
3175 2888 3306 2957 ,ἐμοὶ
3343 2888 3567 2940 Πλάτων

1909 2961 1951 3018 C
1985 2957 2080 3026 καὶ
2113 2956 2507 3026 Ἀριστοτέλης,
2529 2956 2579 3009 οἳ
2602 2959 2695 3010 καὶ
2715 2957 2807 3008 τὸν
2837 2957 3010 3026 μέγαν
3039 2956 3392 3026 Ἀλέξανδρον
3413 2958 3568 3010 ἐπαι-

1987 3025 2331 3097 δαγὼγηιὲιν.
2363 3027 2436 3080 Ex
2463 3041 2572 3096 quo
2593 3035 2816 3095 apparet
2841 3025 3012 3080 unum
3049 3025 3408 3094 eurndenique
3443 3041 3568 3082 esse

1988 3094 2205 3165 dequo
2229 3094 2567 3151 Themistius
2608 3097 2902 3164 utrobique
2931 3097 3206 3164 loquitur;
3242 3109 3306 3148 ac
3337 3097 3569 3165 proinde

1988 3164 2430 3234 Valentinianum
2457 3166 2754 3234 iuniorem,
2779 3181 2939 3234 quem
2967 3167 3022 3219 in
3054 3164 3439 3234 exhortatiOne
3471 3166 3566 3219 illa

1987 3233 2323 3290 Themistius
2371 3233 2692 3299 alquuitur,
2728 3233 2852 3289 enin
2907 3237 3082 3299 ipsum
3138 3251 3260 3290 esse
3318 3233 3565 3292 Valentis

1988 3306 2209 3359 unicum
2259 3303 2449 3358 filium.
2482 3303 2747 3360 Cancrum
2781 3305 2872 3358 hic
2910 3303 3341 3374 Valentinianus
3373 3305 3567 3374 junior

1987 3374 2094 3428 alio
2121 3376 2338 3429 nomine
2365 3376 2528 3428 etiam
2549 3374 2767 3430 Galates
2795 3375 2979 3429 dictus
3000 3384 3104 3430 est.
3141 3373 3232 3429 Sic
3260 3373 3406 3428 enim
3435 3390 3562 3430 eum

1986 3445 2261 3514 appellant
2292 3445 2551 3499 Socrates
2583 3455 2746 3512 atque
2780 3445 3144 3498 Sozomenus.
3187 3444 3263 3497 Ac
3305 3443 3566 3498 Sozome-

1989 3529 2089 3583 nus
2141 3514 2361 3582 quidem
2411 3516 2464 3568 in
2519 3515 2657 3583 libro
2696 3526 2850 3569 sexto
2889 3515 3068 3583 capite
3110 3514 3322 3568 decimo
3371 3515 3564 3582 quinto

1987 3581 2190 3637 diserte
2239 3583 2475 3636 affirmat
2519 3581 2733 3638 Valenti
2791 3581 3011 3637 unicum
3060 3583 3230 3637 fuisse
3276 3581 3445 3636 lilium
3494 3598 3563 3638 ex

1989 3651 2269 3707 Dominica
2301 3668 2494 3715 uxore.
2525 3654 2745 3709 nomine
2773 3653 3021 3706 Galaten.
3053 3653 3189 3706 Cum
3234 3653 3400 3721 igitur
3430 3666 3562 3706 con-

1988 3732 2094 3776 stet
2127 3739 2192 3777 ex
2223 3724 2289 3778 iis
2319 3739 2438 3793 quae
2470 3725 2716 3792 proxime
2745 3723 2881 3784 dixi,
2916 3721 3359 3776 Valentinianum
3403 3724 3564 3776 nobi-

1987 3793 2256 3848 lissimum
2297 3793 2538 3849 Valentis
2570 3793 2740 3846 lilium
2775 3794 2966 3856 fuisse,
2999 3793 3438 3862 unusﬁidemque
3487 3795 3562 3847 sit

1989 3877 2214 3918 necesse
2238 3873 2324 3918 est
2353 3863 2771 3918 Valentinianus
2796 3870 2850 3917 et
2883 3862 3122 3918 Galates.
3149 3861 3409 3931 Equidem
3439 3876 3562 3917 cre-

1989 3933 2221 4002 diderim
2269 3932 2475 3988 Galatae
2539 3941 2960 4002 cognomentum
3028 3947 3254 4002 puerum
3325 3931 3558 3984 inditum

1989 4001 2165 4072 fuisse
2217 4019 2283 4058 ex
2328 4019 2394 4059 eo
2437 4005 2580 4072 quod
2620 4001 2675 4057 in
2714 4004 2926 4056 Galatia
2956 4001 3116 4057 natus
3147 4001 3240 4066 sit,
3270 4008 3560 4072 tunc_cum

1988 4069 2187 4143 Valens
2224 4067 2489 4143 adversus
2519 4071 2848 4143 Procopium
2877 4074 3072 4126 bellum
3106 4079 3338 4140 gereret.
3386 4067 3561 4143 Porro

1990 4141 2275 4197 Sozomeni
2321 4158 2385 4197 ac
2439 4137 2872 4197 Socratis-error
2915 4157 2981 4194 ex
3023 4137 3378 4194 eo'manasse
3425 4137 3559 4192 mihi

1988 4211 2225 4280 videtur,
2245 4213 2389 4280 quod
2422 4211 2988 4280 duosValentinianos
3018 4208 3289 4280 iuniores,
3321 4209 3559 4280 alterum

307 4271 674 4358 igiturJanno
727 4287 993 4358 sequente
1044 4276 1461 4358 Valentinianus
1507 4275 1889 4358 nobilissimus
1993 4271 2510 4358 Valeritis,'_alteriim
2543 4278 2910 4358 Valentiniani
2938 4271 3176 4358 senioris
3213 4277 3387 4358 lilium
3414 4275 3560 4358 inter

291 4344 504 4402 consul
551 4347 734 4402 factus
767 4344 935 4400 fnerit
982 4349 1036 4398 in
1084 4344 1327 4407 Oriente,
1377 4361 1486 4414 non
1519 4347 1659 4399 alius
1708 4351 1887 4414 potest

304 4417 398 4472 hic
432 4434 558 4473 esse
594 4432 759 4487 quam
796 4415 1037 4470 Valentis
1069 4415 1232 4469 filius.
1271 4415 1336 4468 Et
1378 4413 1722 4487 Themistius
1767 4414 1889 4482 qui-

306 4488 433 4540 dem
480 4489 536 4541 in
589 4485 1053 4554 calceorationis
1093 4485 1542 4554 quinquennalis,
1595 4492 1884 4554 postquam

305 4558 375 4610 de
409 4558 502 4610 illo
529 4558 694 4610 unico
725 4553 968 4610 Valentis
1001 4553 1356 4608 lilio’locutus
1384 4564 1486 4615 est.
1521 4555 1633 4607 haec
1661 4553 1886 4622 subjieit

308 4628 477 4679 verba
529 4645 542 4679 :
602 4626 702 4693 ζον
765 4624 876 4691 ἐγὼ
949 4624 1293 4693 Ἀλέξανδρον
1347 4623 1721 4693 ποιησαίμην,
1763 4621 1887 4693 ςκαὶ

309 4695 538 4770 Θρέμμα
559 4690 719 4754 αὖθις
738 4690 974 4746 τοιοῦτον
997 4690 1252 4764 αὐχήσέιε
1282 4690 1594 4770 φιλοσοφίαί
1610 4690 1666 4744 In
1689 4691 1885 4770 exhor-

309 4759 522 4819 tatione
560 4778 694 4818 vero
722 4779 884 4831 quam
913 4778 1054 4816 anno
1070 4759 1318 4831 sequenti
1351 4759 1884 4817 dixitValeminiano

302 4835 552 4900 iuniori,
608 4831 804 4888 iisdem
851 4847 992 4902 pene
1043 4834 1224 4888 verbis
1272 4847 1506 4903 puerum
1551 4832 1878 4902 alloquitur:

1991 4365 2050 4406 se
2082 4343 2469 4412 confuderunt,
2503 4360 2553 4403 et
2589 4365 2653 4404 ex
2685 4349 2902 4404 duobus
2944 4364 3109 4400 unum
3146 4345 3414 4401 fecerunt.
3453 4343 3561 4398 Pu-

1990 4427 2174 4473 tarunt
2201 4421 2344 4473 enim
2377 4419 2815 4473 Valentinianum
2851 4416 3389 4480 nobilissimum,qui
3422 4431 3559 4469 con-

1989 4490 2074 4543 sul
2124 4489 2226 4552 fuit
2268 4505 2392 4544 cum
2426 4487 2664 4553 Victore,
2693 4487 2947 4544 eumdem
2982 4502 3106 4542 esse
3153 4501 3279 4540 cum
3318 4485 3560 4540 Valenti-

1987 4559 2154 4613 niano
2180 4558 2422 4627 juniore,
2457 4560 2549 4628 qui
2598 4568 2721 4629 post
2751 4566 2978 4629 mortem
3013 4557 3185 4629 patris
3229 4556 3314 4629 sui
3355 4553 3558 4629 Valent

1986 4625 2194 4682 tiniani‘
2209 4630 2446 4684 senioris
2469 4625 2756 4699 imperium
2789 4628 2964 4699 tenuit
2984 4625 3428 4699 cuni‘Gratiano.
3449 4625 3558 4699 Sed

1989 4699 2138 4753 hunc
2165 4713 2405 4754 errorem
2437 4695 2562 4767 jam'
2584 4699 2792 4768 pridem
2827 4697 3147 4768 refutaviin
3174 4695 3564 4768 annotationi-

1992 4769 2096 4825 bus
2123 4767 2191 4822 ad
2223 4769 2417 4824 librum
2446 4785 2554 4824 xxx
2580 4766 2856 4823 Ammiani
2887 4766 3208 4824 Marcellini.

1690 5009 2077 5066 VARIORUM.

390 5112 413 5139 τ
450 5104 822 5158 Λουπικίνου
869 5104 965 5157 καί
1011 5103 1317 5158 Ἰοϐιανοῦ.
1371 5104 1583 5157 Auctor
1625 5101 1891 5157 Chronici

316 5173 670 5228 Alexandrini
697 5173 804 5228 sub
831 5174 916 5226 his
953 5175 1277 5227 consulibus
1308 5174 1528 5240 scribit,
1559 5173 1725 5227 Deum
1753 5173 1892 5227 Cou-

316 5243 667 5312 stautinopoli
701 5244 1012 5314 grandinem
1041 5259 1255 5296 saxeam
1287 5245 1550 5314 deplnisse
1582 5260 1754 5298 mense
1792 5243 1892 5314 De:

317 5315 421 5371 sio.
451 5316 551 5367 hoc
585 5323 692 5378 est,
729 5313 916 5368 Junio.
950 5313 1160 5367 ldatius
1191 5315 1246 5366 in
1290 5312 1470 5369 Fastis
1500 5315 1635 5368 dicit
1670 5314 1720 5367 id
1759 5312 1892 5365 con-

321 5385 508 5453 tigisse
554 5385 658 5453 snh
693 5385 859 5453 hujus
891 5384 1028 5453 anni
1067 5384 1426 5448 consulibus,
1480 5384 1565 5436 die
1609 5383 1641 5436 4
1705 5381 1890 5436 Nonas

317 5451 504 5505 Julius.
553 5452 731 5508 Porro
769 5451 952 5507 oratio
996 5452 1237 5522 Gregorii
1291 5454 1572 5515 Nazianz.,
1608 5453 1684 5506 De
1726 5453 1885 5521 plaga

317 5523 608 5595 grandinis,
664 5540 827 5594 quam
881 5523 1169 5595 Baronius;
1217 5539 1339 5578 iane
1390 5527 1441 5578 iu
1492 5539 1604 5595 rem
1656 5524 1809 5586 citat,
1853 5539 1882 5576 a

318 5591 580 5665 Gregorio
618 5591 729 5665 jain
761 5595 1029 5666 episcopo
1074 5591 1399 5665 composita,
1443 5603 1500 5650 ut
1537 5593 1756 5650 Nicetas
1788 5595 1883 5650 ob-

1989 5110 2209 5174 servat,
2227 5102 2460 5173 ideoque
2491 5102 2598 5157 alia
2619 5103 2915 5160 occasione
2940 5102 3109 5158 dicta.
3135 5101 3283 5172 (Ant.
3313 5101 3467 5174 Pagi,
3494 5101 3560 5158 ad

1987 5189 2120 5230 ann.
2149 5173 2276 5236 567,
2309 5191 2362 5228 n.
2391 5177 2471 5246 4.)
3404 5173 3410 5174 ⁷

2058 5255 2081 5284 ⁸
2128 5244 2308 5299 Τοῦτο
2348 5241 2426 5314 ἦν
2456 5243 2798 5314 δωδέκατον
2836 5243 2991 5308 ἔτος.
3037 5241 3355 5300 Nicomedia
3395 5251 3558 5314 terra

1986 5322 2136 5370 motu
2169 5313 2488 5372 eeciditdie
2523 5317 2556 5371 9
2589 5315 2708 5369 Kal.
2743 5313 2922 5383 Sep.t.,
2960 5322 3020 5367 ut
3072 5321 3308 5368 testatur
3348 5313 3557 5367 ldatius

1987 5387 2042 5439 in
2090 5383 2292 5451 Fastis,
2329 5394 2382 5439 et
2414 5387 2760 5448 Ammianus,
2795 5385 2890 5439 lib.
2927 5399 3059 5448 xvri,
3089 5398 3208 5452 cap.
3237 5385 3306 5452 77,
3359 5397 3556 5435 consu-

1989 5458 2105 5581 latu
2140 5454 2434 5580 Batiam-es;
2460 5455 2728 5524 Cerealis,
2759 5470 2904 5512 anno
2924 5455 3054 5513 Chr.
3086 5451 3211 5508 558.
3231 5451 3366 5507 Vide
3389 5465 3556 5524 supra

2014 5541 2086 5582 in.
2121 5541 2183 5594 ιι,
2211 5540 2329 5595 cap.
2363 5543 2396 5579 ο
2437 5566 2452 5580 .

3701 717 3725 750 Ι
