4070 6204
495 243 601 294 685

1924 230 2148 282 suum
2164 231 2186 278 ι
2203 225 2263 280 ts

3622 225 3714 278 454

496 367 620 412 esse
669 347 994 404 videbantur
1046 341 1474 415 perturbationis
1535 341 1924 398 Ecclesiarum.
1983 342 2063 396 Ac

2175 340 2256 394 τὸν
2288 337 2510 410 βασιλέα
2531 337 2806 392 Οὐάλεντα
2827 353 2842 369 ο
2891 336 2982 393 τοῦ
3027 336 3137 408 γὰρ
3169 336 3382 393 διώκειν
3409 339 3532 403 τούς
3564 340 3635 412 μὴ
3657 346 3726 401 τὰ

502 442 663 500 multi
701 437 919 509 quidem
970 432 1285 487 sacerdotes
1313 447 1368 485 tn
1419 431 1674 486 exsilium
1721 431 1883 501 ejecti
1913 438 2064 494 sunt,

501 535 648 589 sicut
670 539 827 584 antea
858 524 991 580 dixi.
1037 521 1151 577 Soli
1193 531 1376 577 tamen
1431 523 1612 576 divina
1667 523 1902 593 quadam
1938 537 2068 592 pro-

500 623 764 683 videntia,
817 625 1042 687 propter
1090 613 1347 668 eximiam
1407 616 1492 669 sui
1523 614 1877 669 reverentiam
1921 613 2068 668 exsi-

501 717 635 771 lium
685 709 828 780 passi
865 721 974 761 non
1023 713 1156 762 sunt
1211 705 1449 760 Basilius
1501 712 1664 773 atque
1716 702 2064 775 Gregorius:

503 815 736 874 quorum
764 797 853 851 ille
881 795 1143 850 Caesarea:
1194 796 1550 866 Cappadocia:
1591 805 1708 852 erat
1731 797 2064 866 episcopus:

504 896 593 951 hic
626 886 1070 955 Nazianzi,urbis
1103 888 1313 959 exigua:
1343 904 1464 960 quae
1492 890 1545 944 in
1576 889 1776 945 vicinia
1801 888 2068 944 Caesareae

502 991 604 1044 sita
637 991 740 1039 est.
781 979 888 1036 Sed
914 979 980 1034 de
1005 977 1212 1037 Basilio
1246 992 1298 1039 et
1325 981 1592 1055 Gregorio
1626 981 1848 1038 uberius
1876 988 2066 1052 postea

500 1082 768 1137 dicemus.

1123 1336 1273 1392 CAP.
1313 1333 1432 1392 XII.

503 1433 775 1501 Quomodo
802 1429 1174 1486 Macedoniani
1197 1440 1411 1501 propter
1447 1427 1781 1501 imperatoris
1817 1424 2066 1501 a_dversus_

573 1505 710 1568 ipsos
755 1502 1058 1557 violentiam
1093 1501 1148 1553 in
1191 1495 1466 1568 angustias
1519 1495 1749 1568 redacti,
1782 1497 1944 1549 missa
1967 1495 2067 1568 fact

617 1574 834 1628 iberium
897 1570 1195 1624 Romanum
1248 1565 1545 1636 episcOpum
1595 1567 1891 1638 legatione,
1943 1565 2068 1635 ﬁdei

571 1640 1041 1698 consubstantialis
1067 1640 1512 1707 subscripserunt.

569 1735 839 1791 Caeterum
893 1749 1017 1789 cum
1067 1731 1422 1786 Homousiani
1464 1738 1596 1784 tunc
1647 1729 1906 1799 temporis
1939 1743 2068 1800 gra-

501 1829 724 1883 vissime
766 1815 943 1882 vexati
991 1824 1272 1894 fugatique
1324 1829 1538 1886 essent,
1586 1819 1768 1876 denuo
1809 1835 2072 1890 persecu-

504 1930 652 1973 tores
687 1917 954 1972 adversus
977 1906 1397 1969 Macedonianos
1431 1913 1670 1984 grassari
1702 1927 1938 1983 erepere.
1964 1911 2069 1978 Qui

503 2016 651 2062 metu
683 2007 854 2076 magis
887 2021 1050 2076 quam
1081 2004 1333 2059 violentia
1367 2002 1672 2065 constricti,
1699 2017 1795 2072 per
1825 2003 2069 2073 singulas

502 2099 752 2153 civitates
789 2097 933 2150 ultro
970 2100 1221 2163 citroque
1265 2094 1470 2164 legatos
1507 2094 1650 2148 inter
1685 2109 1744 2157 se
1765 2093 2031 2148 miserunt
2058 2135 2073 2160 ,

503 2189 884 2260 significantes
915 2186 1232 2242 necessario
1261 2183 1687 2255 confugiendum
1713 2200 1836 2239 esse
1871 2195 1984 2238 tum
2009 2183 2078 2239 ad

505 2281 731 2337 fratrem
782 2278 1155 2350 imperatoris,
1198 2283 1316 2330 tum
1370 2277 1435 2330 ad
1485 2275 1764 2331 Liberium
1817 2275 2079 2332 Romana:

503 2375 656 2429 urbis
696 2373 1034 2443 episcopum,
1087 2383 1388 2436 eorumque
1442 2369 1603 2423 fidem
1644 2369 2077 2438 amplectendam

503 2465 691 2534 potius
741 2477 907 2532 quam
981 2467 1042 2514 ut
1099 2473 1228 2514 cuin
1280 2455 1528 2514 Eudoxio
1576 2459 2068 2515 communicarent.

2169 430 2350 485 αὐτῶν
2372 429 2703 501 φρονοῦντας
2736 429 2837 483 οὐκ
2867 428 3154 484 ἐπαύοντο.
3185 431 3468 502 Τεκμήρια
3487 431 3544 485 δὲ
3563 432 3724 487 ἐδόκει

2169 517 2308 575 εἴναι
2333 521 2402 574 τὰ
2427 520 2535 574 τῶν
2565 521 2820 591 σεισμῶν,
2852 524 2950 592 τῆς
2969 520 3078 574 τῶν
3111 520 3444 592 Ἐκκλησιῶν
3474 524 3721 594 ταραχῆς.

2181 613 2452 681 Ἐγίνοντο
2479 608 2592 678 οὖν,
2627 613 2702 676 ὡς
2731 613 2887 684 ἔφην,
2928 613 3193 684 ὲξόριστοι
3216 613 3397 667 πολλοὶ
3432 613 3540 667 τῶν
3577 615 3707 686 lepis

2174 705 2352 777 μένων
2379 706 2588 776 ἀνδρῶν
2615 722 2628 736 ο
2662 705 2812 776 μόνοι
2840 705 2896 758 δὲ
2920 705 2984 759 ἐκ
3019 722 3164 770 τινος
3195 704 3328 758 Θεοῦ
3366 707 3632 775 προνοίας,
3658 704 3726 761 δι’

2169 797 2609 870 ὑπερϐάλλουσαν
2637 798 2924 853 εὐλάϐειαν
2952 799 3052 852 οὐκ
3083 799 3457 870 ὑπεϐλήθησαν
3479 799 3720 870 ὲξορίαις,

2167 889 2447 953 Βασίλειος
2475 891 2567 943 καὶ
2597 890 2917 962 Γρηγόριος.
2943 882 3044 944 Ὧν
3075 892 3104 944 δ
3131 889 3230 962 μὲν
3253 891 3575 961 Καισαρείας
3617 891 3723 962 (53)

2166 982 2268 1053 τῆς
2323 983 2382 1035 ὲν
2426 981 2792 1052 Καππαδοκίᾳ
2845 982 3141 1045 ἐπίσκοπος
3186 977 3290 1054 ἦν’
3344 982 3628 1053 Γρηγόριος
3670 982 3724 1036 δὲ

2169 1071 2473 1136 Ναζιανζοῦ
2496 1073 2703 1136 πόλεως
2744 1072 2995 1136 εὐτελοῦς
3040 1072 3444 1144 γειπιαζούσης
3492 1077 3556 1144 τῇ
3598 1075 3725 1128 Και-

2169 1163 2382 1234 σαρείᾳ.
2410 1164 2545 1234 Περὶ
2567 1163 2664 1234 μὲν
2697 1159 2790 1218 οὖν
2807 1165 3088 1219 Βασιλείου
3112 1166 3206 1220 καὶ
3253 1165 3568 1239 Γρηγοριου,
3601 1183 3725 1238 προ-

2165 1253 2342 1316 ἰόντες
2367 1253 2619 1325 ἐροῦμεν.

2762 1346 3017 1404 ΚΕΦΑΛ.
3043 1345 3144 1404 IB'.

2179 1435 2276 1502 Ὠς
2325 1437 2382 1490 οἱ
2422 1434 2494 1507 τὰ
2545 1436 2918 1492 Μακεδονίου
2960 1439 3342 1507 φρονοῦντες,
3368 1437 3463 1491 διὰ
3489 1437 3602 1504 τὴν
3625 1436 3728 1493 τοῦ

2233 1505 2695 1577 ,ϐασιλέωςνπερὶ
2727 1507 2948 1574 αὐτοὺς
2964 1505 3134 1573 ’βίαν
3177 1509 3728 1577 στενοχωρούμενοι,

2239 1575 2391 1648 πρὸς
2425 1576 2694 1648 Λιϐέροον
2713 1579 2834 1648 τὸν-
2856 1577 3075 1648 Ῥώμης
3109 1575 3729 1648 διαπρεσϐεὺσάμενοι,

2102 1680 2144 1736 Β
2240 1645 2320 1711 τῷ
2342 1647 2640 1715 όμοουσίῳ
2659 1645 2967 1717 ἐγγράφως(
2984 1645 3364 1718 προσέθεντο.

2245 1738 2366 1792 Τῶν
2409 1738 2465 1791 δὲ
2514 1739 2857 1810 φρονούντων
2893 1741 2955 1794 τὸ
3002 1740 3286 1812 ὀμοούσιον
3332 1739 3568 1812 σφοδρῶς
3609 1741 3730 1794 τότε

2177 1827 2598 1890 συνελαθέντων,
2636 1825 2793 1893 αὖθις
2817 1832 2867 1883 οἱ
2904 1829 3190 1894 διώκοντες
3209 1832 3345 1886 κατὰ
3367 1832 3471 1886 τῶν
3494 1831 3729 1885 Μακεδο-

2175 1919 2370 1972 νιανῶν
2401 1919 2672 1992 ἐχώρουν·
2706 1921 2756 1973 οἱ
2779 1920 2854 1986 δὲ,
2893 1921 3041 1992 φόϐῳ
3087 1922 3282 1993 μᾶλλον
3314 1921 3404 1976 καὶ
3434 1921 3522 1992 βίᾳ
3555 1938 3731 1974 στενο-

2177 2007 2532 2078 χωρούμενοι,
2581 2009 2721 2064 κατὰ
2751 2011 2932 2075 πόλεις
2955 2011 3390 2082 διεπρεσϐεύοντο
3411 2011 3541 2083 πρὸς
3572 2010 3732 2080 ἀλλή-

2173 2097 2302 2161 λους
2327 2116 2340 2129 ·
2369 2098 2660 2168 δηλοῦντες
2705 2101 2814 2154 δεῖν
2863 2102 2921 2168 ἐξ
2963 2102 3206 2173 ἀνάγκης
3243 2099 3614 2171 καταφεύγειν,
3641 2100 3734 2153 ὲπί

2173 2205 2230 2242 τε
2257 2188 2348 2242 τὸν
2384 2189 2609 2258 ἀδελφὺν
2660 2189 2753 2243 τοῦ
2789 2190 3072 2260 βασιλέως,
3115 2193 3208 2244 καὶ
3240 2192 3330 2245 ἐπὶ
3369 2189 3612 2259 Λιϐἐριον
3641 2189 3734 2242 τὸν

2185 2280 2401 2349 Ῥώμης
2472 2280 2790 2334 ἐπίσκοπον.
2865 2282 3232 2347 Ἀσπάζεσθαί
3283 2300 3340 2336 τε
3375 2282 3467 2352 τὴν
3510 2280 3733 2335 ἐκείνων

2175 2371 2358 2425 πίστιν
2386 2371 2605 2442 μᾶλλον,
2631 2371 2664 2442 ἢ
2695 2375 2970 2426 κοινωνεῖν
2997 2377 3110 2435 τοῖς
3136 2375 3263 2446 περὶ
3300 2372 3552 2438 Εὐδόξιον.
3580 2372 3734 2443 nip.-

2179 2479 2372 2515 πουσιν
2393 2457 2486 2516 οὖν
2510 2463 2808 2518 Εὐστάθιον
2826 2464 2938 2535 (54)
2957 2465 3048 2520 τὸν
3075 2465 3140 2518 ὲκ
3165 2465 3496 2528 Σεϐαστείας,
3525 2463 3582 2527 ὃς
3607 2463 3734 2516 πολ-

1667 2635 1934 2692 VALESll
1977 2636 2527 2701 ANNOTATIONES.

596 2732 686 2799 33)
723 2720 834 2783 Ὧν
861 2731 894 2783 ὁ
926 2728 1040 2801 μὲν
1081 2732 1456 2801 Καισαρείας.
1503 2730 1740 2785 Basilius
1785 2731 2079 2800 episcopus

505 2803 771 2859 Caesareae
823 2801 877 2854 in
917 2801 1263 2870 Cappadocia
1323 2802 1500 2857 factus
1548 2810 1633 2856 est
1686 2817 1832 2855 anno
1871 2801 2080 2855 Christi

507 2872 896 2926 trecentesimo
925 2873 1267 2939 sexagesimo
1297 2888 1465 2937 nono,
1501 2881 1561 2926 ut
1587 2881 1731 2925 recte
1769 2871 2081 2925 observavit

505 2943 796 2997 Barouius.
829 2939 1085 3012 Socrates
1111 2952 1290 3012 tamen
1314 2943 1684 3012 episcopatum
1710 2940 1894 3012 Basilii
1921 2941 2080 3008 paulo

505 3014 864 3068 vetustiorem
904 3011 1084 3064 facere
1113 3010 1363 3067 videtur.‘
1383 3011 1517 3066 Cum
1547 3012 1691 3065 enim
1738 3013 1840 3064 line
1870 3010 1989 3063 loco
2015 3025 2079 3064 ea

506 3084 710 3138 referat
763 3096 885 3151 quae
943 3088 1096 3150 gesta
1154 3090 1284 3136 sunt
1334 3079 1723 3136 Valentiniano
1771 3081 1992 3151 iterum
2022 3088 2078 3151 et

510 3130 744 3207 Valente
767 3130 1365 3216 te'Eu..‘:'ea..stiil.1is;
1387 3130 1841 3219 ἧι]ἰῖιῖίῖὶῖιηίίὲ
1865 3130 2076 3219 emisti
2104 3130 2146 3188 ο

505 3223 930 3278 trecentesimus
964 3222 1343 3288 sexagesimus
1388 3218 1634 3282 octavus,
1674 3219 1934 3274 Basilium
1961 3218 2074 3288 jam

508 3305 623 3346 tum
663 3293 981 3360 episcopum
1025 3291 1288 3346 Caesareae
1333 3291 1598 3361 agnoscit,
1651 3297 1704 3361 et
1751 3289 2075 3358 Gregorium

507 3358 789 3417 Nazianzi.
832 3358 1101 3431 Czeterunt
1142 3363 1287 3431 quod
1344 3358 1412 3416 all
1460 3358 1794 3431 Gregorium
1829 3367 2072 3431 spectat,

507 3434 793 3486 manifeste
819 3432 1024 3485 fallitur
1051 3426 1332 3487 Socrates.
1360 3431 1477 3485 Non
1499 3426 1642 3484 enim
1671 3426 1947 3490 Nazianzi,
1981 3426 2078 3481 sed

510 3501 852 3570 Sasimo‘rum
894 3501 1190 3570 episcopus
1221 3518 1286 3556 eo
1313 3511 1559 3570 tempore
1590 3516 1620 3554 a
1667 3499 1865 3552 Basilio
1899 3496 2078 3551 factus

507 3583 589 3626 est
617 3569 958 3642 Gregorius;
993 3569 1151 3638 quem
1182 3580 1373 3642 tamen,
1393 3569 2075 3642 episc70patum_nunquatn

509 3641 701 3708 gessit,
729 3636 802 3693 'ut
832 3636 1064 3710 ipsemet
1092 3648 1323 3695 testatur
1365 3636 1444 3693 in_
1469 3636 1738 3710 epistolis.
1773 3638 1831 3710 in
1854 3636 2077 3710 Carini—

508 3706 672 3761 nibus
705 3723 833 3762 vero
857 3706 930 3761 Vde
965 3707 1085 3780 Vita
1121 3726 1218 3764 sua
1253 3719 1436 3780 aperte
1475 3706 1722 3780 queritur
1759 3707 1824 3780 de
1854 3706 2076 3770 Basilio,

509 3727 672 3761 mnus
705 3727 833 3762 vero
863 3727 930 3761 ue
974 3727 1085 3760 tua
1121 3727 1218 3764 sua
1253 3727 1436 3780 aperte
1475 3727 1722 3832 (Lucrum
1759 3727 1824 3761 ue
1855 3727 2073 3770 uasmo,

509 3779 600 3844 qui
660 3791 784 3830 cum
835 3778 1116 3844 sexaginta
1173 3779 1277 3834 sub
1325 3795 1383 3834 se
1423 3779 1488 3831 ha
1529 3787 1644 3833 eret
1692 3778 2073 3845 episcopatus,

507 3846 658 3917 vilis
678 3845 925 3917 oppiduli
941 3845 1235 3917 Ecclesiam
1278 3847 1382 3917 ipsi
1415 3847 1924 3917 commendavisset,
1945 3854 2081 3898 latn-

509 3917 614 3970 etsi
649 3914 766 3971 iuse
795 3914 968 3968 nihilo
1000 3913 1226 3969 inferior
1258 3913 1404 3970 esset
1439 3916 1660 3971 Basilio.

581 3932 614 3968 ει
649 3932 660 3966 I
708 3932 766 3968 se
795 3932 968 3968 nlnuo
1000 3932 1226 3969 interior
1258 3932 1404 3970 esset
1439 3932 1660 3971 uasuto.

581 3932 702 4054 (Μζι
735 3983 1081 4054 Πέμπφυᾳιν
1130 3981 1243 4039 οὖν
1277 3984 1633 4040 Εὐστὰθιον.
1691 3985 1954 4038 Baronius
2009 3981 2076 4037 ad

509 4052 929 4123 annumChristi
963 4052 1067 4106 365
1095 4055 1443 4122 reprehendit
1458 4055 1920 4123 Sucratem,quod
1938 4054 2079 4106 hanc

509 4122 1024 4177 Macedonianorum
1073 4125 1391 4192 legationem
1440 4125 1506 4177 ad
1540 4122 1814 4180 Liberium
1860 4136 2075 4192 papam,

508 4193 667 4261 cujus
705 4192 1099 4263 princepskfuit
1130 4189 1458 4248 Eustathius
1497 4189 2078 4263 Sebastenus,'confe-

508 4261 928 4332 ratyin’annum
951 4261 1157 4317 Christi
1188 4264 1313 4326 568,
1347 4278 1456 4332 quo
1483 4279 1628 4318 anno
1663 4261 2078 4317 Valentinianus

507 4341 563 4403 et
593 4330 794 4403 Valens
830 4333 1025 4384 iterum
1071 4334 1326 4388 consules
1367 4330 1538 4387 fuere.
1577 4333 1696 4403 Ipse
1738 4332 1952 4387 duobus
1980 4345 2077 4399 po-

508 4401 784 4453 tissimum
815 4405 1156 4468 argumentis
1189 4403 1429 4466 innixus,
1469 4401 1690 4456 missam
1725 4415 1846 4457 esse
1885 4405 2074 4455 censet

509 4483 654 4519 anno
687 4468 892 4521 Christi
939 4469 1062 4523 365.
1092 4473 1334 4523 Primum
1384 4473 1527 4524 enim
1577 4471 1895 4525 Eustathius
1946 4484 2072 4523 cum

508 4537 735 4606 collegis
777 4539 980 4590 missus
1010 4547 1097 4606 est
1129 4540 1338 4606 legatus
1364 4555 1392 4589 a
1429 4541 1639 4606 synodo
1677 4539 2070 4606 La’ntpsacena.

508 4603 674 4673 ᾼιῳιι
725 4607 965 4673 synodus
1008 4603 1378 4673 Lampsacena
1427 4603 1754 4673 congregata
1800 4603 1884 4660 est
1924 4621 2070 4661 anno

509 4670 713 4724 Christi
745 4670 867 4735 365,
899 4680 1104 4738 septem
1131 4670 1289 4725 annis
1313 4681 1433 4740 post
1461 4670 1730 4740 synodum
1753 4673 2072 4728 Seleucien-

511 4753 645 4801 sent,
698 4748 757 4791 ut
797 4747 1033 4793 testatur
1066 4741 1338 4808 Socrates.
1392 4740 1549 4794 Certe
1603 4742 1765 4808 legati
1805 4743 1859 4794 in
1891 4743 2073 4797 libello

510 4807 632 4878 filei
666 4822 828 4874 quem
875 4809 1195 4861 obtulerunt
1239 4807 1478 4878 Liberio.
1506 4807 1706 4863 diserte
1745 4812 2074 4878 profitentur

509 4891 569 4930 se
617 4877 824 4948 legatos
879 4891 1004 4931 esse
1034 4891 1096 4948 _a
1129 4877 1337 4948 synodo
1385 4877 1789 4948 Lantpsacena,
1843 4880 2073 4948 ejusque

509 4945 954 5013 synodi.litteras
984 4945 1050 4999 ad
1079 4945 1354 5001 Liberium
1392 4945 1606 5002 alter—re.
1651 4947 1852 5002 Deinde
1874 4945 1928 5002 si
1958 4945 2074 5004 hare

509 5010 706 5082 legatio
757 5010 1266 5070 Macedonianorum
1322 5018 1490 5072 missa
1545 5026 1692 5072 esset
1745 5031 1890 5071 anno
1913 5019 2072 5073 Chri-

508 5086 579 5140 sti
600 5083 725 5147 368,
759 5100 869 5139 non
899 5084 968 5138 ad
991 5083 1264 5140 Liberium
1291 5101 1488 5157 papam
1524 5087 1696 5144 missa
1722 5086 1936 5154 fuisset,
1973 5095 2071 5145 sed

2178 2733 2244 2786 ad
2301 2733 2612 2789 Damasum.
2657 2733 2908 2789 Liberius
2935 2732 3077 2789 enim
3113 2748 3178 2788 ex
3211 2733 3314 2788 hac
3351 2732 3457 2787 vita
3485 2731 3734 2800 migravit

2178 2817 2324 2858 anno
2367 2802 2566 2860 Christi
2597 2804 2722 2866 367.
2757 2803 3024 2873 Lupicino
3057 2812 3112 2858 et
3144 2801 3340 2857 Jovino
3372 2801 3686 2873 consulibus
3715 2821 3730 2856 :

2177 2874 2478 2942 eodemque
2520 2889 2665 2926 anno
2713 2871 2980 2928 Damasus
3023 2874 3214 2928 sedere
3257 2873 3439 2942 erepit.
3468 2871 3619 2942 Atqui
3654 2871 3732 2942 is.»

2176 2945 2284 3011 gati
2325 2940 2860 3004 Macedonianorum,
2913 2943 3036 2998 fidei
3087 2959 3199 2998 sua:
3246 2940 3480 2997 libellum
3520 2940 3731 3011 obtule-

2178 3010 2307 3068 runt
2340 3011 2575 3076 Liberio,
2601 3022 2655 3067 et
2683 3013 2752 3067 ab
2789 3013 2977 3068 eodem
3013 3011 3230 3068 Liberio
3265 3013 3467 3067 litteras
3493 3010 3552 3062 ad
3597 3025 3732 3064 suos

2179 3090 2532 3150 acceperunt,
2582 3091 2641 3135 ut
2675 3082 2839 3136 refert
2877 3083 3133 3138 Socrates
3178 3083 3278 3136 hoc
3307 3083 3442 3138 loco.
3478 3078 3735 3150 Noni'igi-

2179 3157 2268 3234 tur
2291 3149 2438 3234 anno
2463 3152 2767 3234 .missa
2797 3159 2879 3206 est
2917 3153 3283 3234 haec-legatio.
3315 3151 3424 3221 Ego
3445 3149 3736 3234 veronltanc

2179 3221 2502 3290 legationem
2558 3221 2818 3276 libentius
2870 3217 3196 3276 contulerim
3245 3223 3296 3275 in
3330 3217 3528 3274 annum
3570 3217 3734 3274 Chri-

2179 3289 2251 3343 sti
2279 3289 2415 3354 367,
2439 3290 2600 3357 idque
2629 3292 2890 3344 adversus
2924 3291 3216 3345 Baronium
3249 3291 3349 3344 hac
3376 3291 3579 3343 ratione
3604 3304 3736 3344 con-

2177 3359 2414 3430 cludant.
2468 3359 2692 3415 Fatetur
2728 3359 2996 3430 Baronius
3049 3360 3323 3430 Elpidium
3363 3363 3733 3430 presbyterum

2177 3430 2328 3484 urbis
2366 3428 2553 3484 Romae
2605 3446 2711 3483 una
2751 3444 2872 3482 cum
2925 3428 3212 3486 Eustathio
3255 3443 3308 3484 et
3360 3429 3578 3498 collegis
3615 3429 3737 3498 ejus

2177 3499 2404 3571 missum
2425 3511 2568 3571 'esse
2602 3498 3064 3571 ad_l|lyricianam
3093 3499 3382 3571 synodum.
3413 3499 3568 3571 cujus
3610 3515 3737 3571 syn-
3819 3515 3828 3519 ·

2179 3568 2395 3621 odicam
2460 3569 2623 3622 refert
2675 3567 3048 3623 Theodoritns
3096 3567 3150 3623 in
3203 3570 3340 3622 libro
3389 3584 3439 3620 tv
3484 3567 3736 3623 Historia:

2174 3639 2562 3694 ecclesiasticas.
2621 3637 2786 3708 Atqui
2820 3637 3141 3708 illlyriciana
3181 3637 3424 3708 synodus
3464 3639 3549 3691 cui
3593 3637 3737 3707 Elpi-

2177 3709 2302 3762 dins
2323 3719 2378 3762 et
2404 3709 2722 3762 Eustathius
2745 3706 3080 3762 Sebastenus
3105 3706 3374 3770 interfuit,
3409 3707 3632 3762 collecta
3653 3717 3737 3762 est

2183 3791 2328 3830 anno
2356 3777 2558 3832 Christi
2589 3777 2714 3846 367,
2738 3784 2832 3828 aut
2860 3776 2990 3842 368,
3019 3785 3076 3830 ut
3103 3784 3249 3846 patet
3292 3792 3356 3831 ex
3384 3777 3737 3846 inscriptione

2176 3848 2420 3914 epistola:
2447 3863 2608 3916 quam
2653 3844 3066 3901 Valentinianus
3102 3844 3395 3916 imperator
3422 3844 3639 3916 scripsit
3667 3846 3733 3900 ad

2176 3917 2467 3986 episcopos
2519 3917 2683 3975 Asiae.
2747 3927 2805 3969 ut
2849 3916 3114 3986 synodum
3166 3918 3314 3986 illam
3366 3916 3734 3986 confirmaret.

2179 3983 2334 4038 llunc
2357 3983 2498 4038 enim
2530 3987 2745 4038 titulum
2787 3983 2952 4040 habet
2997 3984 3296 4054 imperialis
3331 3985 3596 4054 epistola:
3635 3985 3736 4039 Va-

2178 4055 2526 4115 lentinianus,
2578 4054 2789 4116 Vatens,
2846 4065 2895 4108 et
2933 4055 3220 4110 Gratianus
3269 4054 3491 4123 Augusti
3539 4057 3742 4123 episco-

2174 4125 2279 4191 pis,
2314 4133 2443 4185 etc.,
2477 4132 2536 4178 ut
2565 4125 2744 4194 legere
2774 4132 2858 4178 est
2895 4127 3035 4194 apud
3082 4123 3472 4178 Theodoritum
3499 4127 3551 4180 in
3593 4125 3741 4181 dicto

2178 4194 2338 4247 libro.
2368 4193 2857 4266 AtquiGralianns
2893 4193 3111 4266 a’patre
3143 4197 3423 4266 Augustus
3452 4210 3742 4266 nuncupa-

2177 4271 2268 4333 tus
2293 4270 2396 4327 est,
2420 4263 2688 4333 Lupicino
2714 4273 2768 4318 et
2797 4262 2992 4319 Jovino
3018 4263 3361 4324 consulibus,
3387 4279 3438 4317 tx
3472 4262 3744 4321 Kalendas

2179 4329 2538 4402 Septembris,
2581 4342 2638 4388 ut
2681 4343 2877 4401 praeter
2923 4335 3202 4388 Socratem
3243 4335 3401 4387 docet
3436 4333 3638 4391 ldatius
3684 4338 3742 4390 in

2178 4399 2376 4463 Fastis,
2423 4415 2473 4458 et
2509 4399 2701 4457 auctor
2731 4402 2986 4457 Chronici
3022 4404 3400 4458 Alexandrini.
3440 4405 3667 4460 Proinde
3694 4406 3743 4459 si

2176 4471 2792 4544 lllyriciana‘synodus
2844 4473 3036 4529 eodem
3105 4488 3250 4528 anno
3305 4475 3570 4544 contigit,
3632 4491 3744 4544 quo

2176 4541 2376 4610 legatio
2400 4543 2486 4595 illa
2514 4541 3054 4607 Macedonianorum,
3076 4545 3300 4598 omnino
3322 4541 3744 4598 Macedoniaita-

2177 4625 2296 4664 rum
2323 4611 2518 4680 legatio
2539 4612 2866 4666 conferenda
2899 4614 3005 4667 erit
3023 4613 3078 4668 in
3103 4630 3303 4668 annum
3327 4615 3530 4668 Christi
3549 4615 3650 4670 367
3671 4622 3743 4678 ’⁸,

2176 4696 2286 4748 quo
2347 4695 2490 4733 anno
2545 4680 2794 4736 Liberius
2843 4682 2895 4734 in
2945 4685 3090 4738 vivis
3137 4699 3260 4738 esse
3310 4683 3475 4738 desiit
3523 4685 3747 4740 ineunte

2177 4749 2506 4820 Septembri.
2567 4748 2754 4804 Potuit
2825 4752 2990 4820 igitur
3045 4754 3365 4808 Eustathius
3415 4769 3537 4808 eum
3594 4755 3747 4808 adire

2173 4833 2361 4893 mense
2387 4818 2570 4893 iunio,
2601 4829 2664 4893 et
2697 4821 2766 4873 ab
2796 4818 2986 4876 eodem
3027 4825 3242 4878 litteras
3273 4823 3525 4893 accipere
3554 4839 3746 4880 mense

2173 4889 2440 4964 Augusto.
2473 4889 2832 4964 Illyricianam
2873 4901 3052 4964 autem
3084 4894 3353 4964 synodum
3373 4889 3567 4964 eodem
3595 4909 3745 4947 anno

2175 4971 2362 5032 mense
2401 4955 2708 5032 Septembri
2751 4960 3086 5032 celebratam
3113 4955 3266 5018 'esse
3315 4963 3529 5032 opinor,
3577 4979 3743 5032 quam

2173 5026 2514 5104 confirmavit
2546 5028 2842 5104 imperator
2871 5029 3310 5096 Valentinianus,
3338 5026 3610 5088 Gratiano.
3628 5034 3744 5104 jam

2172 5093 2241 5148 ad
2269 5095 2572 5164 Augustum
2607 5093 2822 5153 culmen
2859 5107 3067 5156 evecto.

1938 5241 2324 5302 VARIORUM.

577 5334 626 5370 ν
668 5329 920 5386 Valesius
953 5330 1022 5402 in
1070 5331 1215 5385 notis
1271 5331 1337 5402 a_d
1401 5333 1764 5402 Sozomenum
1823 5332 1920 5388 lib.
1971 5349 2058 5402 vt,

511 5416 628 5473 cap.
680 5401 1082 5473 ll,_existima_t
1115 5415 1236 5454 cum
1282 5400 1560 5473 Baro_nio_,_
1592 5401 1872 5457 Socratem
1917 5400 2062 5473 legal-

509 5471 708 5526 tio’nem
780 5471 1290 5526 Macedonianorum
1371 5471 1437 5522 ad
1506 5471 1780 5526 Liberiuut
1857 5471 2062 5530 referre

510 5556 630 5594 cum
672 5543 966 5596 consulatu
1013 5543 1256 5596 secundo
1298 5537 1662 5595 Valentiniani
1706 5551 1760 5596 et
1800 5541 2066 5606 Valentis,

508 5621 652 5662 anno
698 5613 803 5667 568
837 5621 1024 5684 gesto;
1056 5611 1142 5666 hic
1204 5617 1385 5665 autem
1437 5624 1557 5665 eam
1606 5609 1662 5664 in
1711 5627 1917 5667 annum
1966 5613 2069 5668 567

2165 5339 2554 5423 conferendam
2605 5359 2747 5423 esse.
2797 5347 2901 5403 Sed
2933 5349 3233 5423 utrobique
3281 5367 3590 5423 perperam.
3647 5351 3744 5407 So-

2167 5417 2347 5466 crates
2380 5414 2526 5466 enim
2556 5413 2725 5469 refert
2753 5419 3101 5474 consulatum
3143 5413 3298 5475 illum
3343 5413 3646 5478 secundum
3674 5425 3742 5477 ad

2167 5493 2228 5532 ea
2261 5495 2396 5561 qua}.
2425 5497 2544 5552 cap.
2588 5485 2650 5540 Η
2701 5495 2916 5561 narrat,
2957 5505 3066 5560 quo
3117 5492 3362 5561 ejusdem
3419 5494 3745 5548 consulatus

2174 5551 2445 5635 meminit,
2475 5551 2583 5635 non
2606 5570 2736 5609 vero
2764 5557 2832 5635 ad
2866 5551 3190 5635 legationem
3217 5561 3740 5635 Macedonianorum

2177 5631 2340 5686 quam
2374 5628 2552 5692 capite
2583 5628 2836 5698 pmsenti
2861 5628 3070 5687 narrat.
3099 5631 3282 5698 Quare
3321 5647 3446 5688 cum
3486 5631 3744 5703 Lampsa-
