4070 6204
339 192 448 250 ιεδ

1232 192 1564 252 HISTORIA
1601 195 2162 258 ECCLESIASTICA.
2200 232 2272 246 —
2319 203 2450 262 Llll.
2493 203 2577 265 Ν.

3503 222 3608 279 486

327 311 497 375 Mm:
523 307 830 382 καθῄρητο·
861 310 1120 368 Σιλϐανδν
1151 314 1368 387 Ταρσοῦ
1392 317 1490 387 τῆς
1517 318 1792 383 Κιλικίας,
1825 319 1910 374 καῖ

2024 319 2247 414 Mittunt
2277 321 2446 394 igitur
2471 324 2824 382 Eustathium
2853 325 3120 389 Sebastiae
3142 336 3484 408 episcopum,
3510 341 3606 414 qui

334 403 601 474 Θεόφιλον
621 404 998 462 Κασταϐάλων
1029 424 1045 438 ·
1069 407 1327 474 Κιλικίας
1379 409 1437 463 δέ
1472 409 1567 465 καὶ
1607 411 1703 482 ἥδε
1731 412 1884 475 πόλις
1905 429 1921 443 ·

333 495 708 568 ἐντειλάμενοι
762 495 840 569 μὴ
894 497 1239 570 διακριθῆναι
1306 500 1444 572 πρὸς
1492 501 1744 572 Λιϐέριον
1793 504 1923 575 περὶ

333 590 594 654 πίστεως,
625 589 762 644 ἀλλὰ
793 591 1123 661 κοινωνῆσαι
1156 594 1222 663 τῇ
1261 592 1547 663 Ῥωμαίων
1591 594 1919 666 Ἐκκλησίᾳ,

331 685 430 739 καὶ
455 683 708 756 κυρῶσαι
739 682 841 755 τὴν
869 683 964 738 τοῦ
983 684 1270 755 όμοουσίου
1311 685 1514 740 πίστιν.
1555 681 1713 742 Οὗτοι
1737 688 1920 760 γράμ-

334 795 481 850 ματα
512 777 623 832 τῶν
644 779 703 830 ἐν
728 777 1020 848 Σελευκείᾳ
1041 777 1424 849 διακριθέντων
1451 781 1916 852 ἐπικομιζόμενοι,

332 871 431 940 τὴν
465 867 708 922 παλαιὰν
745 867 967 940 Ῥώμην
996 870 1295 924 κατέλαϐον
1315 889 1330 903 ο
1366 873 1461 926 καὶ
1481 873 1559 944 τῷ
1593 876 1802 946 βασιλεῖ
1819 877 1918 948 μὲν

331 962 433 1016 οὐκ
458 961 849 1032 ἐντυγχάνουσι
875 979 890 994 ο
929 963 1058 1034 περὶ
1086 963 1184 1028 τὰς
1226 964 1454 1030 Γαλλίας
1476 968 1585 1040 γὰρ
1614 969 1913 1040 ἠσχολεῖτο,

331 1053 697 1126 Σαυρομάτας
752 1054 871 1107 ἐκεῖ
906 1053 1159 1126 πολεμῶν
1217 1056 1366 1126 (55)·
1425 1059 1662 1132 Λιϐερίῳ
1711 1063 1767 1116 δέ
1813 1064 1916 1129 τὰς

331 1145 626 1208 ἐπιστολὰς
657 1144 1053 1216 ἐγχειρίζουσιν
1085 1163 1100 1176 ·
1137 1147 1164 1200 ό
1187 1146 1243 1200 δὲ
1289 1148 1488 1213 αὐτοὺς
1518 1152 1914 1223 προσδέξασθαι

331 1237 587 1309 οὐδαμῶς
613 1236 886 1291 ἐϐούλετο.
915 1238 1026 1308 Τῆς
1050 1237 1159 1310 γὰρ
1193 1239 1488 1310 ’Λρειανῶν
1527 1244 1720 1315 μοίρας
1749 1242 1911 1312 εἶναι,

329 1331 427 1385 καὶ
449 1331 525 1401 μὴ
552 1330 813 1386 δύνασθαι
832 1329 1086 1401 δεχθῆναι
1115 1331 1222 1386 ύπδ
1237 1335 1336 1404 τῆς
1351 1333 1679 1405 Ἐκκλησίας
1702 1337 1910 1406 ἔλεγεν,

330 1423 410 1488 ὡς
440 1422 538 1494 τὴν
558 1425 615 1477 ἐν
641 1422 848 1493 Νικαίᾳ
872 1421 1055 1477 πίστιν
1092 1422 1484 1496 ἀθετήσαντας.
1516 1429 1578 1480 Ol
1603 1427 1658 1481 δέ
1690 1429 1914 1500 ἀπεκρί-

329 1504 511 1580 ναντο,
553 1517 618 1569 ἐκ
674 1513 1034 1586 μεταμελείας
1082 1516 1452 1585 ἐπεγνωκέναι
1491 1518 1588 1592 τὴν
1630 1520 1908 1593 ἀλήθειαν,

328 1608 426 1661 καὶ
459 1606 730 1679 ἠρνῆσθαι
775 1607 872 1677 μὲν
905 1605 1006 1676 ῆδη
1048 1606 1314 1678 πρότερον
1351 1607 1450 1679 τὴν
1489 1609 1598 1663 τῶν
1643 1611 1910 1682 ἀνομοίων

325 1703 538 1769 πίστιν,
571 1701 758 1772 ὅμοιόν
784 1718 844 1754 τε
868 1700 1282 1772 ὡμολογηκέναι
1314 1703 1456 1756 κατὰ
1477 1704 1656 1758 πάντα
1682 1705 1772 1758 τὸν
1789 1704 1916 1759 Υίδν

326 1793 406 1865 τῷ
429 1794 606 1864 Πατρί
626 1811 641 1826 ο
673 1793 839 1864 μηδὲν
869 1809 930 1846 τε
956 1793 1234 1864 διαφέρειν
1267 1794 1380 1864 (56)
1411 1795 1507 1849 τοῦ
1539 1794 1823 1866 όμοουσίου
1847 1797 1917 1852 τὰ

323 1886 531 1954 ὅμοιον.
562 1884 748 1937 Ταῦτα
767 1882 1043 1952 λέγοντας,
1074 1883 1326 1954 Λιϐέριος
1360 1884 1633 1954 ἔγγραφον
1663 1887 1762 1957 τὴν
1782 1887 1916 1956 ὁμο-

323 1973 520 2042 λογίαν
565 1973 666 2043 τῆς
717 1972 944 2043 γνώμης
999 1972 1302 2044 ἀπῄτησεν.
1344 1975 1407 2028 Οί
1434 1975 1488 2028 δὲ
1523 1975 1670 2046 αὐτῷ
1713 1976 1915 2047 βιϐλίον

323 2064 570 2134 (ορεξαν,
599 2067 655 2118 ἐν
672 2059 714 2132 ᾧ
735 2065 828 2118 καὶ
855 2062 923 2116 τὰ
948 2065 1169 2134 ῥήματα
1198 2063 1300 2134 τῆς
1321 2065 1464 2118 κατὰ
1497 2067 1732 2122 Νίκαιαν
1761 2067 1915 2121 ἐκδο-

324 2153 528 2221 θείσης
562 2155 799 2216 πίστεως
827 2154 1300 2226 προσεγέγραπτο.
1321 2154 1432 2219 Τὰς
1451 2155 1554 2225 μέν
1587 2152 1680 2209 οὖν
1700 2159 1917 2210 ἐπιστο-

317 2244 440 2308 λὰς,
466 2243 536 2308 ἃς
559 2245 670 2298 ἀπὸ
688 2243 942 2316 Σμύρνης
955 2245 1055 2315 τῆς
1071 2245 1129 2297 ἐν
1171 2243 1347 2315 ’Δσίᾳ,
1382 2245 1478 2298 καὶ
1513 2246 1622 2298 ἀπὸ
1645 2247 1927 2312 Πισιδίας,

338 2337 616 2408 Ἰσαυρίας
664 2353 725 2388 τε
780 2336 874 2390 καὶ
913 2335 1237 2406 Παμφυλίας
1261 2337 1354 2389 καὶ
1387 2337 1612 2403 Λυκίας,
1668 2338 1916 2402 συνόδους

324 2427 690 2498 ποιησάμενοι
760 2425 1024 2497 ἔγραψαν,
1083 2425 1319 2479 ἐνταῦθα
1367 2425 1456 2481 διὰ
1508 2427 1570 2480 τὸ
1630 2428 1805 2499 μῆκος
1851 2427 1912 2482 ού

320 2519 712 2593 προσέγραψα.
741 2517 814 2572 Τὸ
845 2518 1027 2589 μέντοι
1079 2516 1299 2587 βιϐλίον,
1327 2516 1356 2570 ὃ
1380 2518 1428 2571 οἱ
1457 2518 1586 2590 περὶ
1617 2519 1913 2575 Εὑστάθιον

321 2611 587 2684 πρέσϐεις
612 2610 1172 2692 Λιϐερίῳ-ἐπέδοσαν,
1204 2611 1319 2664 ἐστι
1341 2611 1496 2680 τόδεῂ

319 2878 520 2949 Κυρίῳ
549 2875 793 2945 ἀδελφῷ
818 2875 914 2931 καί
941 2876 1387 2949 συλλειτουρτιῷ
1418 2878 1662 2945 Λιϐερίῳ
1685 2878 1914 2933 Εὑστά-

416 2953 571 3015 θιος,
602 2949 917 3017 Θεόφιλος,
940 2948 1232 3014 Σιλϐανὸς
1257 2949 1329 3002 ἐν
1348 2949 1540 3016 Κυρίῳ
1564 2950 1814 3018 χαίρειν.

2025 413 2191 486 224
2207 414 2320 484 jam
2349 417 2550 488 saapius
2579 419 2864 489 depositus
2896 422 3093 490 fuerat,
3126 425 3410 485 Silvanum
3445 413 3604 490 Tarsi

2027 505 2263 573 Ciliciae,
2304 517 2362 564 et
2401 509 2768 582 Theophilum
2804 512 3242 584 Castabalorum,
3287 535 3409 589 quae
3439 523 3604 579 etiam

2027 596 2238 653 Cilicia:
2261 600 2394 656 urbs
2419 611 2502 656 est
2537 621 2548 657 :
2575 604 2948 675 mandantque
2972 621 3041 661 ne
3067 608 3120 662 in
3151 608 3256 664 ﬁde
3276 610 3602 670 dissentiant

2026 702 2056 742 a
2102 687 2345 758 Liberio,
2383 693 2478 748 sed
2527 709 2651 747 cum
2685 693 2934 751 Ecclesia
2971 696 3218 754 Romana
3258 707 3604 760 communio-

2022 795 2147 836 nem
2192 783 2408 849 ineant,
2456 784 2730 855 ﬁdemque
2779 790 3274 850 consubstantialis
3327 811 3601 853 consensu

2019 883 2123 925 suo
2173 873 2524 929 conﬁrment.
2577 873 2645 928 Ili
2687 890 2820 946 ergo
2863 893 2988 932 cum
3033 880 3232 937 litteris
3264 898 3453 939 eorum
3503 888 3597 956 qui

2018 961 2283 1019 Seleuciae
2327 963 2396 1020 ab
2450 965 2654 1021 Acacio
2710 967 3110 1034 dissenserant,
3153 971 3382 1029 Romam
3438 993 3600 1035 vene-

2015 1063 2165 1110 runt.
2194 1055 2259 1110 Et
2298 1058 2686 1126 imperatorem
2719 1059 2938 1128 quidem
2973 1061 3154 1132 ipsum
3189 1065 3340 1122 adire
3375 1067 3456 1124 eis
3485 1086 3624 1146 non.

2016 1147 2196 1211 licuit,
2238 1150 2440 1220 quippe
2471 1150 2565 1220 qui
2597 1150 2741 1208 bello
2764 1160 2955 1208 contra
2986 1153 3274 1214 Sarmatas
3312 1148 3599 1220 districtus

2013 1239 2069 1294 in
2115 1240 2310 1296 Galliis
2367 1249 2670 1298 teneretur.
2730 1243 2952 1301 Liberio
3021 1262 3154 1303 vero
3206 1249 3417 1306 litteras
3469 1268 3600 1312 suas

2015 1339 2401 1404 porrexerunt.
2450 1333 2544 1389 llle
2572 1335 2732 1388 initio
2765 1335 2984 1404 quidem
3030 1351 3126 1394 eos
3173 1337 3466 1397 admittere
3512 1357 3606 1399 re-

2013 1423 2248 1480 cusabat
2284 1465 2300 1490 ,
2362 1425 2686 1479 Arianarum
2741 1427 2973 1496 partium
3024 1429 3146 1484 illos
3202 1445 3326 1486 esse
3372 1432 3596 1502 dicens,

2018 1531 2122 1570 nec
2150 1515 2220 1571 ab
2245 1514 2491 1572 Ecclesia
2515 1517 2724 1586 suscipi
2763 1532 2947 1588 posse,
2979 1527 3168 1590 utpote
3194 1521 3286 1592 qui
3319 1521 3595 1580 Nicaanam

2018 1607 2182 1660 (idem
2216 1606 2597 1676 abrogassent.
2635 1608 2706 1661 At
2735 1609 2810 1661 illi
2853 1624 2912 1664 se
2951 1609 3156 1665 dudum
3189 1614 3515 1683 resipuisse,
3541 1622 3596 1670 et

2019 1696 2308 1752 veritatem
2331 1698 2622 1768 agnovisse
2647 1699 3049 1770 responderunt
3079 1721 3092 1757 :
3125 1711 3180 1758 et
3202 1704 3595 1762 Anomaeorum

2018 1787 2236 1857 quidem
2261 1787 2567 1843 doctrinam
2591 1791 2839 1860 ejttrasse
2859 1793 3184 1863 jampridem
3205 1812 3220 1856 ;
3244 1794 3440 1851 Filium
3464 1813 3596 1853 vero

2018 1875 2164 1931 Patri
2202 1892 2300 1947 per
2344 1879 2528 1932 omnia
2557 1879 2790 1934 similem
2825 1880 3111 1940 confessos
3149 1899 3294 1951 esse,
3327 1901 3427 1942 nec
3459 1888 3596 1942 ulla-

2015 1977 2174 2023 tenus
2203 1966 2426 2024 diﬂerre
2463 1970 2986 2027 consubstantialem
3029 1987 3059 2027 a
3089 1975 3275 2030 simili.
3307 1976 3439 2043 Quae
3467 1992 3594 2035 cum

2014 2059 2300 2122 dixissent,
2324 2060 2611 2115 sententiae
2636 2076 2750 2116 suae
2769 2061 3170 2132 professionem
3198 2069 3406 2138 scripto
3431 2084 3586 2126 com-

2014 2152 2346 2222 prehensam
2393 2149 2648 2208 Liberius
2692 2153 2760 2206 ab
2800 2154 2867 2208 iis
2899 2156 3101 2226 exegit.
3157 2154 3238 2211 Illi
3270 2173 3402 2228 ergo
3432 2160 3594 2216 libel-

2016 2243 2127 2297 lum
2176 2243 2224 2296 ei
2263 2243 2605 2308 obtulerunt,
2657 2243 2712 2298 in
2763 2243 2873 2316 qu'o
2903 2247 3070 2301 verba
3121 2249 3286 2304 etiam
3322 2250 3447 2306 ﬁdei
3499 2251 3596 2308 Ni-

2017 2348 2180 2388 carna’.
2207 2342 2364 2388 erant
2395 2337 2657 2405 ascripta.
2702 2333 2766 2388 Et
2793 2335 3057 2406 epistolas
3092 2339 3313 2410 quidem
3352 2345 3592 2413 scripta!

2017 2433 2132 2477 tum
2171 2425 2240 2478 ab
2280 2425 2415 2480 urbe
2457 2425 2692 2498 Smyrna
2739 2427 2794 2482 in
2825 2427 2974 2492 Asia,
3009 2437 3124 2484 tum
3153 2448 3219 2487 ex
3249 2432 3588 2508 Pamphylia,

2015 2511 2247 2576 Isauria,
2289 2528 2353 2568 ac
2394 2512 2576 2584 Lycia,
2619 2515 2713 2569 ubi
2763 2517 2996 2571 concilia
3040 2520 3466 2586 celebrat-erant,
3503 2524 3592 2578 hic

2015 2619 2287 2674 apponere
2306 2605 2594 2661 brevitatis
2617 2606 2796 2660 studio
2821 2611 3166 2678 prmierntisi.
3191 2611 3435 2668 Libellus
3461 2631 3593 2671 vero

2011 2711 2174 2765 quem
2215 2696 2379 2767 legati
2415 2711 2524 2751 una
2565 2712 2691 2751 cum
2722 2699 3012 2755 Eustathio
3042 2702 3194 2758 missi
3231 2703 3448 2761 Liberio
3476 2715 3590 2763 tra-

2010 2787 2288 2849 diderunt,
2319 2789 2391 2843 ita
2421 2805 2480 2844 se
2505 2791 2702 2846 habet:

2009 2876 2444 2950 Dominoﬂfratri
2484 2889 2533 2932 et
2569 2879 2939 2950 commintslro,
2975 2879 3200 2939 Liberio,
3236 2882 3548 2941 Eustathius
3571 2927 3586 2950 ,

2248 2949 2566 3017 Theophilus
2600 2960 2649 3005 et
2671 2949 2922 3009 Silvanus
2956 2952 3010 3005 in
3031 2951 3260 3006 Domina
3287 2951 3355 3016 Ss

390 3041 495 3094 Διὰ
523 3039 627 3103 τὰς
655 3038 765 3092 τῶν
801 3037 1096 3109 αἱρετικῶν
1140 3037 1426 3109 μανιώδεις
1460 3039 1732 3107 ὑπονοίας,
1767 3044 1817 3097 οἳ
1847 3044 1907 3098 ού

2081 3035 2312 3108 Propter
2341 3040 2566 3094 insanas
2593 3038 2978 3121 haereticorum
3007 3039 3317 3108 opiniones,
3357 3039 3451 3108 qui
3484 3037 3593 3094 Ec-

317 3131 591 3186 παύονται
610 3133 731 3194 ταῖς
749 3129 1428 3200 ΚαθολικαῖςἘκκλησίαις
1451 3131 1720 3187 σκάνδαλα
1735 3136 1924 3206 ἐπιφέ.

321 3240 533 3297 ροντες,
574 3221 769 3276 τούτου
814 3221 974 3293 χάριν
1019 3222 1200 3275 πᾶσαν
1255 3222 1515 3293 ἀφορμὴν
1538 3224 1720 3279 αὐτῶν
1760 3227 1918 3282 ἀναι-

321 3314 573 3387 ροῦντες,
597 3315 970 3386 ὁμολογοῦμεν
1019 3313 1118 3385 τὴν
1151 3314 1366 3370 σύνοδον
1403 3314 1502 3387 τὴν
1539 3317 1836 3388 γενομένην
1859 3321 1918 3376 ἐν

317 3410 619 3480 Λαμψάκῳ
649 3408 745 3462 καὶ
787 3410 846 3462 ἐν
888 3407 1132 3482 Σμύρνῃ,
1184 3408 1279 3462 καὶ
1308 3408 1367 3461 ἐν
1407 3408 1614 3481 ἑτέροις
1638 3410 1919 3484 διαφόροις

315 3501 509 3564 τόποις
542 3499 654 3554 τῶν
685 3499 980 3571 όρθοδόξων
1007 3501 1324 3555 ἐπισκόπων
1349 3518 1362 3531 ·
1415 3496 1484 3574 ἦς
1518 3501 1735 3556 συνόδου
1772 3522 1907 3577 πρε-

320 3591 512 3646 σϐείαν
537 3591 853 3662 ποιούμενοι
875 3591 1007 3663 (57),
1039 3591 1176 3664 πρὸς
1205 3592 1305 3660 τὴν
1334 3593 1678 3666 χρηστότητα
1695 3612 1790 3650 σου
1815 3597 1910 3652 καὶ

2017 3129 2200 3186 clesiae
2233 3130 2516 3186 catholica:
2556 3113 2875 3186 oll‘ensionis
2925 3141 3156 3182 causam
3203 3129 3444 3198 praebere
3478 3141 3594 3182 non

2015 3229 2258 3284 cessant,
2317 3235 2423 3276 nos
2484 3236 2704 3276 omnem
2769 3220 2882 3276 illis
2951 3222 3296 3276 occasionem
3353 3221 3594 3276 adimere

2015 3317 2341 3388 cupientes,
2392 3316 2718 3390 proﬁtemur
2779 3325 2833 3372 et
2879 3331 3261 3372 asseveramus
3321 3313 3592 3386 synodum

2014 3409 2444 3465 orthodoxorum
2518 3411 2907 3481 episcOporum
2991 3424 3114 3478 qua:
3184 3405 3470 3476 Lampsaei
3538 3413 3594 3461 et

2015 3501 2301 3573 Smyrna,
2369 3501 2605 3572 aliisque
2667 3502 2722 3556 in
2795 3500 2932 3556 locis
2981 3499 3169 3553 habita
3236 3507 3369 3561 est;
3431 3496 3594 3565 cujus

2015 3593 2213 3665 synodi
2261 3593 2584 3664 legationem
2618 3593 2905 3658 obeuntes,
2958 3598 3073 3646 tum
3111 3588 3181 3644 ad
3235 3597 3384 3644 tuam
3437 3587 3593 3644 beni-

1498 3724 1774 3781 VALESll
1846 3725 2402 3786 ANNOTATIONES.

392 3821 518 3892 (35),
553 3820 938 3892 Σαυρομάτας
958 3819 1090 3874 ἐκεῖ
1111 3819 1410 3892 πολεμῶν.
1464 3821 1798 3892 Alamannos
1826 3823 1908 3878 di-

256 3959 260 3962 .
317 3889 452 3949 cere
489 3889 891 3972 debuitpotius
929 3905 1091 3972 quam
1123 3889 1427 3972 Sarmatas.
1462 3891 1745 3972 Hoc_et_t_im
1772 3903 1910 3948 tem-

319 3978 458 4033 pore
493 3959 926 4034 Valentinianus
951 3959 1159 4034 ’_contra
1181 3961 1537 4034 _Al_an_iannos
1576 3963 1774 4034 bellum
1815 3979 1910 4034 ge-

320 4029 453 4089 rens
489 4033 545 4086 in
561 4029 1135 4103 AGalliismorabatur.
1178 4029 1294 4103 Sub
1324 4031 1483 4087 ﬁnem
1516 4041 1696 4103 autem
1734 4029 1909 4103 impe-

317 4104 412 4227 i-lili,
447 4111 510 4185 ut
555 4101 827 4157 Sarmatis
875 4101 1077 4156 bellum
1119 4101 1369 4168 inferret,
1398 4102 1685 4173 proiectus
1724 4101 1906 4160 est‘in

386 4187 626 4227 vricum.

366 4175 626 4225 Ivricutn.

385 4190 758 4312 ἶὲὧυῖὶιῇδέν
782 4257 847 4296 τε
891 4239 1212 4312 διαφέρειν.
1256 4238 1413 4312 Lego
1437 4241 1604 4312 μηδὲν
1640 4241 1698 4294 δὲ
1725 4241 1905 4311 διαφέ-

357 4305 460 4375 είν,
493 4305 649 4383 ἐιο.,
686 4319 746 4383 _ut
799 4305 1130 4380 respondeat
1176 4313 1224 4366 ei
1269 4305 1765 4383 quod'prtecessit,
1807 4305 1904 4367 καὶ

356 4380 748 4456 ρνῆῑθαειημένο
782 4392 886 4456 ειῇ

393 4448 509 4522 (37)
555 4448 662 4517 Ἦζ·
698 4449 966 4504 συνόδου
993 4450 1318 4522 πρεσϐείαν
1340 4451 1701 4520 ποιούμενοι.
1741 4450 1905 4508 Notet

317 4520 430 4579 hoe
467 4520 593 4579 loco
645 4521 928 4576 studiosus
970 4523 1162 4588 lector,
1200 4520 1570 4585 Eustathium,
1620 4523 1901 4576 Silvanum

315 4611 383 4650 ac
413 4591 802 4661 Theophilum,
840 4598 1128 4661 postquam
1170 4593 1238 4647 de
1276 4591 1520 4661 pluribus
1555 4593 1781 4661 synodis
1824 4593 1904 4647 lo-

2055 3842 2164 3880 ενοι
2193 3825 2440 3896 γράμμα
2456 3822 2999 3896 κομίζομεν.-(ἶθιιεει
3043 3837 3144 3896 cur
3185 3821 3258 3877 ita
3297 3821 3592 3896 loquantur

2047 3911 2125 3950 asc
2158 3892 2262 3960 est,
2299 3892 2445 3965 quod
2480 3892 2724 3966 synodus
2771 3893 3132 3966 _Smyrnensis
3165 3901 3218 3948 et
3248 3892 3470 3966 reliqua:
3497 3907 3592 3962 per

2007 3963 2274 4020 Pisidiam
2317 3961 2375 4020 et
2427 3961 2718 4030 Isauriam,
2771 3961 3147 4035 Pamphyliam
3196 3971 3250 4018 et
3285 3961 3508 4035 Lyciam
3559 3975 3589 4014 a

2010 4035 2422 4092 Macedonianis
2457 4035 2769 4097 celebratae,
2798 4033 2866 4088 ad
2899 4031 3208 4103 exemplum
3236 4047 3301 4086 ac
3328 4031 3591 4103 similitu-

2009 4108 2191 4180 dinem
2245 4106 2437 4180 synodi
2496 4105 2888 4180 Lampsacenaa
2942 4099 3259 4172 composita:
3315 4099 3588 4180 fuerant,

2011 4177 2243 4250 ejusque
2279 4175 2447 4230 ﬁdem
2480 4189 2542 4229 ac
2574 4175 2906 4250 doctrinam,
2945 4184 3203 4250 tanquam
3245 4175 3590 4250 primitivum

2009 4241 2292 4316 e'xcm'plar
2347 4251 2756 4316 expresserant.
2805 4241 3191 4316 Quamobrem_
3223 4241 3591 4316 omneshitar

2008 4307 2202 4385 synodi
2238 4329 2336 4384 pro
2366 4307 2474 4367 una
2512 4314 2731 4385 synodo
2770 4307 3069 4366 sumuntur
3100 4323 3146 4385 _a
3179 4307 3590 4385 legatis_lllace-

2009 4377 2374 4440 dontanorum
2406 4402 2420 4438 :
2449 4392 2504 4439 et
2544 4377 2897 4453 singularum
2940 4377 3275 4452 synodorum
3318 4377 3586 4453 epistolas,

2010 4469 2147 4525 quas
2185 4455 2263 4525 ali
2294 4454 2490 4508 iisdem
2527 4447 2720 4525 legatis
2762 4447 3000 4525 perlatas
3042 4465 3167 4505 esse
3223 4447 3389 4520 paulo
3426 4456 3586 4525 antea

2008 4519 2198 4580 retulit
2232 4521 2510 4587 Socrates,
2538 4519 2640 4594 pro
2676 4519 2785 4578 una
2810 4521 3108 4594 eademque
3143 4519 3435 4594 sumuntur
3469 4519 3587 4588 epi-

2008 4595 2172 4660 stola,
2203 4610 2269 4651 eo
2298 4595 2442 4663 quod
2479 4589 2726 4650 eamdem
2769 4592 2893 4646 ﬁdei
2924 4589 3229 4646 doctrinam
3259 4589 3588 4663 complecte-

311 4665 432 4720 cuti
469 4655 627 4735 sunt,
661 4661 729 4735 de
769 4655 1426 4735 Lampsacenavidg'elicet
1448 4677 1511 4717 ac
1539 4655 1900 4735 ,Smyrnensi,
1932 4655 1981 4716 Ι)
2007 4655 2217 4721 rentur.
2265 4655 2391 4718 llaec
2438 4665 2564 4719 ideo
2605 4663 2812 4735 notavi,
2846 4663 2988 4732 quod
3027 4663 3080 4715 in
3128 4655 3403 4735 versione'
3429 4659 3588 4735 (ibri-

311 4736 558 4804 aliisque
590 4732 648 4785 in
676 4729 862 4801 Lycia,
893 4729 1233 4804 Pamphylia,
1265 4731 1470 4788 Pisidia
1498 4729 1670 4803 atque
1693 4733 1901 4789 Isauria

312 4803 644 4862 celebratis,
675 4815 846 4874 nunc
889 4809 1072 4874 tamen
1115 4803 1310 4874 dicere
1336 4818 1395 4858 se
1429 4804 1498 4857 ab
1545 4819 1652 4858 una
1681 4804 1900 4874 synodo

311 4874 534 4945 legatos
560 4871 805 4945 venisse,
838 4879 894 4926 et
921 4873 1088 4945 uni_us
1120 4871 1315 4945 synodi
1345 4873 1634 4945 epistolam
1661 4871 1898 4945 deferre.

311 4937 412 5001 Sive
443 4945 598 5000 enim
640 4942 960 5014 loquuntur,
1005 4937 1075 5014 ἦς
1124 4937 1342 4996 συνόδου
1381 4937 1686 5014 πρεσϐείαν
1715 4942 1901 4997 ποιού-

2006 4735 2362 4806 stophorsoni
2390 4744 2591 4806 cuncta
2620 4729 3012 4806 confusa—sunt
3043 4739 3207 4806 atque
3232 4729 3585 4806 interpolata.

2008 4801 2197 4876 Longe
2228 4806 2427 4861 melius
2453 4805 2798 4877 Epiphanius
2830 4802 3210 4860 Scholasticus
3237 4801 3382 4855 hunc
3403 4801 3586 4854 locum

2007 4877 2406 4949 interpretatus
2439 4883 2545 4931 est.

1744 5054 2134 5114 VARIORUM.

308 5170 450 5226 cena
490 5153 752 5226 synodus
809 5167 955 5226 anno
1009 5150 1114 5207 564
1163 5150 1438 5226 celebrata
1489 5150 1683 5226 fuerit,
1730 5152 1897 5224 legati

311 5221 844 5280 lacedo'nianorum
869 5224 1011 5277 ultra
1040 5237 1244 5277 annum
1269 5221 1375 5276 565
1412 5222 1520 5278 iter
1541 5223 1764 5278 diﬂerre
1786 5221 1898 5278 non

312 5305 652 5367 potuerunt,
675 5295 929 5367 ideoque
969 5292 1410 5367 existima‘ndum‘
1447 5308 1543 5348 eos
1588 5295 1693 5349 sub
1729 5293 1899 5367 hujus

311 5361 440 5422 anni
473 5367 636 5422 ﬁnem
671 5365 727 5420 in
760 5361 972 5419 italiam
1007 5364 1342 5433 pervenisse.
1377 5361 1718 5420 Sozomenus
1750 5361 1896 5419 enim

314 5438 407 5492 lib.
447 5455 527 5504 Vt,
560 5451 682 5507 cap.
728 5436 814 5499 lo,
861 5432 1036 5507 inquit
1065 5447 1079 5486 :
1106 5432 1284 5507 liegqti
1324 5451 1440 5487 cum
1476 5435 1540 5507 in
1563 5433 1785 5507 Italiam
1818 5451 1896 5489 re-

317 5500 535 5572 m'ssent,
579 5500 1078 5576 imperatoreirt_in_
1105 5500 1296 5576 Galliis
1341 5505 1542 5576 morari
1584 5505 1904 5576 didicerunt,

319 5577 505 5633 bellum
529 5573 792 5650 gerentem
816 5592 938 5650 eam
963 5573 1204 5628 barbaris
1227 5591 1317 5650 eas
1339 5575 1715 5650 accolentibus.
1743 5575 1904 5650 Parte

322 5650 417 5705 alia
451 5643 802 5718 Ammianus,
829 5645 928 5702 lib.
965 5659 1116 5711 xxvr,
1138 5659 1261 5716 cap.
1285 5644 1341 5711 5,
1366 5643 1635 5726 afﬁrmat,
1661 5645 1909 5704 Valenti-

2007 5155 2233 5209 nianum
2268 5153 2372 5208 hoc
2403 5167 2552 5207 anno
2588 5167 2654 5206 ex
2693 5149 2846 5205 Italia
2875 5163 3030 5218 prope
3059 5144 3337 5200 Kalendas
3357 5143 3587 5218 Novem-

2009 5224 2128 5279 bres
2182 5222 2428 5298 Parisios
2483 5221 2722 5298 venisse,
2769 5215 2883 5291 quo
2933 5215 3124 5298 annon
3162 5226 3230 5298 ut
3273 5228 3349 5298 et”
3371 5215 3586 5270 duobus

2005 5295 2496 5368 consequentibus,
2533 5286 2809 5368 exercitus
2853 5304 3084 5359 magnus
3111 5286 3382 5368 inp-auiis
3414 5299 3587 5368 oppo:

2005 5367 2147 5421 situs
2193 5359 2316 5421 erat
2368 5364 2637 5418 adversus
2691 5362 3024 5416 Alemannos
3086 5359 3466 5429 potissimum,
3526 5359 3586 5404 ut

2003 5443 2192 5491 narrat
2226 5434 2386 5490 initio
2412 5433 2537 5489 libri
2571 5449 2741 5488 xxvu.
2773 5431 2956 5498 Quare
2986 5426 3254 5498 adventus
3283 5426 3585 5498 legatorum

2006 5506 2527 5562 Macedonianorum
2559 5504 2626 5559 ab
2655 5495 2935 5558 anno'565
2957 5495 3319 5554 removendus
3345 5505 3454 5547 non
3471 5497 3584 5548 est.

2007 5579 2159 5651 (Ant.
2188 5575 2344 5649 Pagi,
2381 5575 2450 5633 ad
2476 5591 2598 5633 eum
2633 5589 2860 5642 annum,
2891 5589 2948 5628 n.
2979 5569 3056 5637 5.)
