4070 6204
415 231 522 290 481

1880 218 2218 278 SOCRATIS

2668 114 2671 115 '
2688 110 2726 123 θα

3553 213 3664 272 ιθκ
3680 244 3685 251 .

412 350 678 422 gnitatem
701 384 716 414 .
770 350 888 402 tum
939 343 1004 399 ad
1052 342 1344 399 universos
1393 338 1564 397 Italiae
1609 348 1665 398 et
1710 338 1983 398 Occiden-

2102 340 2295 402 πάντας
2335 336 2462 401 τούς
2501 333 2738 399 Ἰταλούς
2781 351 2842 388 τε
2891 331 2986 387 καὶ
3018 331 3283 398 Δυτικούς
3330 332 3670 400 ἐπισκόπους

424 438 498 494 tis
530 436 695 507 225
728 435 1018 507 episc0pos
1063 433 1277 488 litteras
1309 428 1616 497 all‘erimus,
1659 430 1988 485 catholicam

418 527 582 583 ﬁdem
613 536 799 583 tenere
828 533 884 581 et
907 523 1214 589 custodire,
1246 538 1371 594 quae
1401 523 1458 577 in
1485 529 1841 578 sacrosancta
1862 535 1990 593 syno

416 620 524 674 odo
579 617 843 682 Nicaena,
898 615 1243 685 temporibus
1294 616 1467 669 beatae
1517 613 1797 669 memoria:
1846 612 1990 666 Con-

418 710 686 775 stantini,
722 725 753 764 a
788 708 1056 764 trecentis
1085 708 1273 762 decem
1307 714 1360 760 et
1381 713 1508 761 octo
1538 705 1813 775 episcopis
1838 717 1990 758 com-

418 803 647 872 probata
668 800 995 865 ,‘hactenus
1030 799 1243 868 integra
1273 805 1329 850 et
1357 797 1686 851 inconcussa
1726 802 1991 865 perpetuo

417 893 757 963 permansit:
791 892 843 944 in
875 905 980 959 qua
1012 882 1505 944 c‘onsubstantialis
1536 888 1859 943 vocabulum
1893 887 1990 941 ad-

418 999 613 1036 Versus
648 997 871 1051 pravam
906 981 1017 1034 Arii
1048 980 1358 1055 doctrinam
1397 979 1484 1048 pie
1513 984 1810 1047 sancteque
1842 975 1990 1047 posi-

420 1083 533 1126 tum
586 1082 710 1139 est;
760 1072 1013 1126 similiter
1062 1077 1118 1124 et
1165 1084 1266 1124 nos
1314 1082 1423 1122 una
1470 1083 1597 1123 cum
1652 1067 1990 1138 supradictis

417 1165 663 1218 eamdem
723 1162 881 1216 ﬁdem
933 1161 1181 1214 tenuisse
1223 1174 1287 1213 ac
1334 1167 1555 1231 tenere,
1601 1168 1658 1215 et
1704 1175 1878 1229 usque
1919 1158 1989 1213 ad

418 1261 723 1306 extremum
772 1252 1029 1320 spiritum
1081 1258 1402 1305 servaturos
1447 1264 1608 1314 esse,
1664 1249 1773 1319 ipsi
1820 1264 1989 1304 manu

421 1351 612 1395 nostra
645 1340 1007 1409 proﬁtemur;
1044 1340 1233 1393 Arium
1264 1347 1319 1392 et
1356 1339 1580 1408 impiam
1619 1338 1741 1407 ejus
1779 1338 1991 1393 doctri-

418 1448 544 1486 nam
592 1448 697 1484 nna
736 1430 858 1486 cun'i
899 1433 1192 1500 discipulis
1228 1430 1378 1485 illius
1410 1437 1465 1485 et
1501 1430 1692 1485 eadem
1734 1444 1859 1485 cum
1893 1430 1990 1485 illo

419 1523 787 1579 sentientibus
812 1523 1276 1590 condemuantes;
1298 1537 1517 1576 onmem
1539 1529 1799 1592 praaterea
1820 1521 1991 1577 luere—

419 1608 522 1669 sini
562 1610 784 1669 Sabellii
809 1654 822 1675 ,
858 1613 1321 1684 Patropassianos
1343 1653 1359 1680 ,
1391 1612 1806 1674 Marcionistas,
1846 1610 1991 1666 Plio-

2093 430 2330 503 γράμμα
2386 425 2704 499 κομίζομεν,
2745 426 2846 497 τὴν
2876 424 3185 495 Καθολικὴν
3222 423 3407 479 πίστιν
3441 426 3669 495 κρατεῖν

2094 520 2191 574 καὶ
2222 519 2531 589 φυλάττειν,
2554 517 2676 588 ἥτις
2715 518 2774 570 ὲν
2818 518 2885 588 τῇ
2915 515 3046 586 ἁγίᾳ
3068 514 3321 570 Νικαέων
3345 516 3552 588 συνόδῳ
3570 517 3671 569 ἐπὶ

2093 609 2189 664 τοῦ
2234 609 2506 681 μακαρίου
2545 609 2989 670 Κωνσταντίνου,
3034 607 3140 661 ὐπὸ
3171 608 3502 678 τριακοσίων
3537 608 3673 663 δέκα

2095 702 2191 756 καὶ
2215 699 2358 755 ὀκτὼ
2378 700 2690 754 ἐπισκόπων
2730 698 3105 769 βεϐαιωθεῖσα,
3150 699 3389 771 άκεραίᾳ
3413 700 3509 754 καὶ⁵
3529 702 3672 755 ἀσα-

2092 792 2266 864 λεύτῳ
2310 792 2641 847 καταστάσει
2688 790 2794 855 ἕως
2829 790 2927 844 νῦν
2953 790 3048 844 καὶ
3074 790 3337 862 διηνεκῶς
3385 791 3668 863 διαμένει·

2094 885 2152 937 ὲν
2234 882 2296 936 τὸ
2318 882 2602 953 ὁμοούσιον
2630 882 2802 950 άγίως
2829 882 2922 937 καὶ
2954 881 3196 946 εὐσεϐῶς
3226 868 3403 938 κεῖται
3433 885 3672 940 ὑπεναν-

2093 976 2222 1039 τίως
2250 976 2349 1046 τῆς
2385 975 2592 1047 Ἀρείου
2621 974 2985 1045 διαστροφῆςι
3013 975 3215 1045 ὁμοίως
3240 976 3336 1031 καὶ
3378 978 3526 1047 ⁴ἡμᾶς
3577 977 3677 1034 καὶ

2092 1064 2161 1119 τά
2187 1064 2297 1118 τῶν
2322 1064 2731 1137 προειρημένων
2766 1063 2876 1133 ('58)
2923 1063 3022 1135 τὴν
3052 1063 3219 1135 αὐτὴν
3259 1065 3442 1118 πίστιν
3470 1083 3676 1137 κεκρα-

2092 1154 2341 1226 τηκέναι,
2365 1157 2459 1210 καὶ
2487 1157 2729 1227 κρατεῖν,
2760 1156 2855 1209 καὶ
2876 1155 3003 1228 άχρι
3024 1156 3211 1220 τέλους
3227 1157 3543 1226 φυλάσσειν,
3568 1159 3677 1231 ίδίᾳ

2094 1246 2239 1317 χειρὶ
2269 1244 2657 1317 ὁμολογοῦμεν,
2700 1248 3119 1318 κατακρίνοντες
3151 1248 3390 1318 Ἀρειον,
3422 1248 3517 1302 καὶ
3572 1250 3676 1322 τὴν

2095 1332 2264 1403 ἀσεϐῆ
2300 1332 2517 1405 διδαχὴν
2556 1334 2746 1401 αὐτοῦ⁹
2789 1336 2885 1390 σὺν
2931 1337 3044 1398 τοῖς
3076 1336 3342 1408 μαθηταῖς
3374 1338 3561 1403 αὐτοῦ,
3581 1341 3679 1394 καὶ

2093 1422 2220 1485 τοὺς
2247 1423 2551 1494 ὁμόφρονας
2588 1424 2775 1488 αὐτοῦ,
2804 1425 2899 1479 καὶ
2919 1425 3099 1480 πᾶσαν
3129 1427 3339 1496 αἵρεσιν
3359 1428 3674 1494 Σαδελλίου,

2094 1515 2610 1583 Πατροπασσιανοὺς
2647 1517 2794 1586 (59),
2843 1518 3299 1588 Μαρκιωνιστὰς,
3343 1521 3674 1586 Φωτιανούς,

2094 1606 2558 1676 Μαρκελλιανούς,
2575 1609 2670 1662 καὶ
2687 1607 2898 1662 Παύλου
2914 1609 3008 1663 τοῦ
3029 1611 3409 1681 Σαμοσατέως,
3433 1614 3529 1667 καὶ
3547 1614 3678 1667 τού-

420 1705 660 1760 tinianos
680 1746 694 1771 ,
721 1705 1102 1762 Marcellianos
1124 1745 1139 1769 ,
1167 1704 1320 1760 Pauli
1348 1705 1586 1774 denique
1611 1702 1956 1759 Samosateni
1973 1745 1989 1769 ,

2102 1713 2200 1752 των
2220 1697 2319 1768 τὴν
2330 1697 2548 1770 διδαχὴν
2564 1701 2658 1754 καὶ
2679 1700 2884 1764 πάντας
2899 1701 3024 1765 τοὺς
3039 1703 3343 1774 ὁμόφρονας
3360 1704 3559 1768 αὐτῶν,
3581 1706 3679 1759 καὶ

420 1798 614 1851 horum
654 1798 901 1852 omnium
941 1798 1292 1865 doctrinam,
1329 1805 1385 1852 et
1426 1805 1660 1852 cunctos
1697 1797 1791 1867 qui
1845 1795 1989 1851 idem

420 1903 542 1943 cum
572 1888 684 1943 illis
713 1890 997 1953 sentiunt,
1030 1903 1225 1943 omnes
1255 1887 1495 1958 denique
1524 1888 1765 1944 haereses
1796 1887 1992 1943 adver-

421 1981 608 2028 santes
635 1982 843 2029 sanctae
874 1975 1000 2030 ﬁdei
1036 1975 1399 2045 supradictae,
1436 1992 1560 2047 qua:
1589 1978 1680 2045 pie
1705 1985 1760 2032 et
1795 1977 1986 2031 catho-

422 2065 523 2118 Iiee
562 2079 593 2117 a
632 2067 842 2120 sanctis
894 2067 1148 2122 l’atribus
1190 2065 1386 2122 Nicaeae
1430 2067 1684 2138 exposita
1723 2074 1826 2124 est.
1885 2064 1994 2123 Sed

423 2155 697 2225 praecipue
737 2155 1087 2210 anathemate
1124 2156 1456 2212 damnantes
1494 2155 1653 2212 ﬁdem
1692 2157 1843 2212 illam
1872 2171 1996 2228 qua

423 2246 479 2299 in
515 2244 855 2301 Ariniinensi
888 2247 1101 2316 synodo
1133 2246 1365 2300 recitata
1394 2254 1477 2302 est
1497 2288 1513 2313 ,
1553 2253 1747 2317 utpote
1776 2254 1997 2302 eontra-

424 2336 563 2390 riam
608 2336 940 2406 supradictae
979 2336 1105 2392 lldei
1149 2338 1325 2393 sancti
1364 2337 1591 2392 concilii
1631 2338 1685 2391 in
1730 2338 1868 2393 urbe
1902 2335 1997 2391 Ni-

424 2442 576 2481 caena
607 2428 909 2483 celebrati:
947 2428 1040 2483 cui
1076 2442 1145 2483 ex
1187 2428 1392 2499 oppido
1440 2427 1691 2483 Thracia:
1729 2426 1863 2484 Νιοθ
1917 2429 1998 2484 al-

426 2522 586 2585 latae,
622 2520 751 2576 dolo
784 2536 849 2574 ac
881 2517 1129 2590 perjurio
1163 2519 1529 2574 circumventi
1566 2518 1812 2590 episcopi
1851 2517 2001 2574 Con-

427 2612 783 2683 stantinopoli
827 2611 1231 2681 subscripsere.
1276 2609 1436 2667 Fides
1466 2619 1650 2666 autem
1681 2617 1877 2668 nostra
1903 2648 1918 2676 ,
1944 2617 2001 2668 et

427 2719 619 2759 eorum
646 2719 789 2774 quos
818 2717 987 2775 supra
1035 2702 1312 2769 diximus,
1359 2709 1415 2758 et
1452 2719 1688 2774 quorum
1726 2704 2003 2775 legatione

429 2792 733 2863 fungimur,
769 2798 855 2847 est
885 2792 1040 2846 haec:
1072 2789 1361 2846 Credimus
1392 2791 1450 2845 in
1476 2807 1645 2847 unum
1671 2791 1874 2862 Deum,
1906 2795 2006 2848 Pa-

431 2892 573 2939 trem
600 2883 1033 2951 omnipotentem
1054 2921 1071 2947 ,
1104 2882 1346 2936 omnium
1380 2882 1685 2937 visibilium
1717 2892 1773 2939 et
1808 2884 2003 2941 invisi-

430 2975 624 3029 bilium
660 2971 923 3027 faetorem
949 2989 965 3040 ;
995 2978 1052 3026 et
1091 2971 1146 3026 in
1187 2985 1362 3027 unum
1406 2972 1749 3042 unigenitum
1796 2972 2001 3040 Deum,

2091 1789 2271 1853 πάσας
2285 1788 2383 1855 τὰς
2402 1790 2640 1862 αἱρέσεις
2654 1791 2751 1856 τὰς
2772 1792 3187 1864 ὲναντιουμένας
3210 1796 3276 1866 τῇ
3300 1812 3528 1868 προειρη
3536 1799 3673 1869 μένῃ

2091 1880 2223 1950 ἁγίᾳ
2256 1881 2476 1946 πίστει,
2508 1882 2629 1952 ἥτις
2660 1883 2900 1948 εὐσεϐῶς
2941 1885 3036 1938 καὶ
3075 1885 3376 1952 καθολικῶς
3409 1889 3514 1942 ὑπὸ
3560 1890 3676 1943 τῶν

2091 1969 2262 2038 ἁγίων
2292 1969 2511 2042 ἐξετέθη
2531 1972 2793 2044 Πατέρων
2833 1976 2893 2028 ὲν
2918 1974 3142 2046 Νικαίᾳ.
3161 1976 3676 2048 ’Δναθεματίζοντες

2091 2060 2381 2132 ἐξαιρέτως
2396 2063 2489 2116 καὶ
2501 2062 2598 2135 τὴν
2613 2065 2671 2118 ἐν
2685 2064 2962 2136 ’Δριμήνῳ
2978 2066 3180 2132 συνόδῳ
3198 2067 3307 2138 (40)
3320 2069 3680 2138 ἀναγνωσθεῖο

2094 2169 2192 2206 σαν
2215 2152 2448 2219 ἔκθεσιν,
2470 2154 2547 2220 ὡς
2566 2157 2898 2221 ὑπεναντίως
2913 2158 3009 2228 τῆς
3040 2160 3442 2232 προειρημένης
3469 2161 3679 2233 ταύτης

2093 2243 2327 2309 πίστεως
2345 2245 2444 2315 τῆς
2462 2246 2623 2315 ἁγίας
2641 2247 2860 2301 συνόδου
2883 2248 2982 2319 τῆς
3003 2250 3062 2303 ὲν
3082 2250 3131 2303 Ν
3136 2250 3289 2322 ικαίᾳ
3312 2250 3677 2322 πραχθεῖσανσ

2094 2330 2176 2399 οἷς
2190 2335 2328 2406 δόλῳ
2351 2338 2444 2390 καὶ⁵
2468 2338 2722 2410 ἐπιορκία
2742 2338 3166 2412 ὑποπεισθέντες
3186 2342 3245 2395 ὲν
3260 2342 3677 2397 Κωνσταντίνου

2097 2428 2248 2482 πόλει
2276 2430 2295 2466 ι
2328 2429 2679 2500 κομισθεῖσαν
2698 2430 2806 2484 ἀπὸ
2821 2431 2996 2503 Νίκης
3020 2444 3048 2471 α
3068 2432 3169 2502 τῆς
3193 2432 3412 2506 Θρᾴκης
3430 2434 3681 2507 ὑπέγρα-

2095 2522 2228 2594 ψαν.
2261 2525 2418 2577 Ἔστι
2469 2523 2526 2578 δὲ
2566 2527 2600 2596 ἡ
2630 2524 2814 2590 πίστις
2840 2525 3018 2596 ημῶν,
3055 2527 3152 2580 καὶ
3183 2526 3363 2582 αὐτῶν
3387 2521 3463 2583 ὧν
3497 2528 3683 2601 προεί·

2104 2630 2285 2685 ρηται,
2312 2605 2387 2668 ὧν
2424 2614 2517 2668 καὶ
2549 2613 2646 2685 τὴν
2679 2615 2971 2685 πρεσύείαν
3011 2617 3336 2689 ποιούμεθα,
3380 2620 3542 2692 αὐτη³
3587 2622 3684 2676 Πι-

2102 2698 2364 2770 στεύομεν
2384 2702 2463 2764 είς
2482 2700 2577 2754 ἕνα
2596 2700 2749 2767 Θεὸν,
2768 2702 2987 2774 Πατέρα
2998 2705 3434 2779 παντοκράτορα,
3456 2708 3681 2765 πάντων

2100 2791 2313 2862 ὁρατῶν
2342 2792 2436 2846 καὶ
2467 2792 2713 2864 ἀοράτων
2744 2796 2973 2867 ποιητήν
2991 2811 3005 2826 ·
3030 2797 3125 2850 καὶ
3168 2800 3248 2862 είς
3287 2800 3382 2853 ἕνα
3414 2804 3682 2875 μονογενῆ

2101 2882 2255 2949 Θεὸν,
2302 2882 2506 2954 Κύριον
2559 2884 2766 2956 Ἰησοῦν
2795 2886 3048 2958 Χριστὸν,
3096 2887 3189 2944 τὸν
3221 2890 3351 2945 Υίὸν
3372 2890 3467 2945 τοῦ
3496 2892 3632 2947 Θεοῦ
3663 2909 3680 2926 ·

2103 2971 2431 3043 γεννηθέντα
2447 2974 2512 3026 ὲκ
2524 2971 2619 3026 τοῦ
2636 2973 2865 3045 Πατρὸς,
2887 2977 3163 3031 τουτέστιν
3183 2980 3247 3031 ὲκ
3258 2978 3360 3050 τῆς
3375 2979 3568 3045 οὐσίας
3584 2981 3683 3035 τοῦ

435 3066 722 3119 Dominum
764 3061 953 3118 Jesum
989 3060 1269 3117 Christum
1293 3103 1306 3125 ,
1335 3041 1533 3117 Filium
1585 3061 1717 3127 Dei,
1759 3065 2001 3133 genitum

2107 3041 2340 3134 Πατρὸς,
2356 3063 2488 3118 Θεὸν
2503 3065 2568 3117 ἐκ
2587 3062 2743 3129 Θεοῦ,
2755 3041 2877 3135 *φῶς
2889 3067 2954 3119 ὲκ
2973 3067 3171 3136 φωτὸς,
3199 3041 3332 3124 Θεὸν
3346 3041 3600 3142 ἀληθινὸν
3617 3074 3687 3127 ὲκ

435 3169 502 3210 ex
537 3153 698 3209 Patre
719 3194 736 3220 ,
768 3153 821 3207 id
875 3160 961 3210 est
1005 3167 1074 3207 ex
1104 3151 1284 3208 Patris
1328 3152 1641 3208 substantia
1666 3196 1682 3222 ,
1727 3153 1896 3211 Deum
1933 3171 2005 3222 ex

372 3276 385 3285 κ
434 3243 581 3310 Deo,
608 3243 792 3297 lumen
818 3258 885 3299 ex
913 3243 1140 3309 lumine,
1172 3242 1343 3298 Deum
1369 3257 1560 3298 verum
1587 3256 1657 3298 ex
1691 3242 1802 3299 Deo
1830 3259 2001 3312 vero;

435 3334 713 3407 genitum,
764 3348 876 3389 non
928 3334 1179 3399 factum,
1227 3334 1771 3391 consubstantialem
1812 3337 2003 3401 Patri,

436 3440 535 3497 per
567 3440 729 3496 quem
761 3426 948 3482 omnia
982 3424 1125 3481 facta
1153 3433 1283 3481 sunt
1310 3441 1436 3497 qua:
1464 3426 1521 3482 in
1546 3427 1689 3483 ctelo
1710 3436 1772 3484 et
1798 3443 1921 3500 quae
1950 3429 2007 3484 in

437 3527 609 3575 terra.
636 3518 739 3586 Qui
767 3526 993 3590 propter
1018 3533 1122 3573 nos
1150 3518 1402 3574 homines
1431 3527 1487 3574 et
1514 3528 1742 3590 propter
1767 3528 2014 3577 nostram

439 3608 677 3663 salutem
710 3606 998 3663 descendit
1029 3623 1061 3664 e
1092 3608 1264 3673 C(BIO,
1297 3615 1354 3664 et
1383 3609 1708 3667 incarnatus
1740 3611 2018 3681 homoque

443 3695 626 3753 factus
668 3705 792 3752 est:
837 3711 1040 3767 passus
1085 3704 1174 3754 est
1204 3700 1371 3753 etiam
1404 3706 1460 3753 et
1500 3701 1805 3756 resurrexit
1850 3702 2016 3757 tertia

443 3787 568 3853 die,
601 3795 657 3843 et
708 3787 959 3843 ascendit
1004 3789 1061 3843 in
1110 3789 1347 3854 caelum,
1398 3797 1777 3862 venturusque
1819 3800 1905 3848 est
1955 3800 2016 3849 ut

438 3876 650 3949 iudicet
675 3877 828 3932 vivos
855 3886 911 3932 et
940 3885 1210 3935 mortuos.
1244 3876 1312 3931 Et
1344 3878 1399 3934 in
1434 3876 1701 3950 Spiritum
1731 3888 2008 3937 sanctum.

441 3967 551 4026 Eos
574 3976 756 4024 autem
787 3970 882 4040 qui
904 3969 1099 4025 dicunt
1126 3969 1297 4024 :tFuit
1322 3978 1538 4040 tempus
1560 3986 1684 4025 eum
1710 3986 1819 4027 non
1841 3982 2009 4039 esset,

441 4068 518 4129 et,
535 4059 842 4132 Antequam
857 4062 1175 4132 gigneretur
1190 4075 1299 4116 non
1315 4069 1455 4129 erat;
1472 4069 1548 4129 et,
1567 4060 1645 4117 De
1658 4077 1768 4117 non
1786 4069 2012 4118 exstan-

445 4152 597 4208 tibus
625 4150 808 4209 l‘actus
841 4159 927 4208 est
955 4170 969 4206 :
1002 4160 1097 4207 aut
1126 4152 1220 4223 qui
1253 4152 1448 4207 dicunt
1479 4167 1546 4208 ex
1577 4153 1685 4208 alia
1726 4154 2014 4225 hypostasi

443 4243 872 4331 vel'substantia
907 4243 1189 4311 exstitisse
1209 4242 1409 4300 Filium
1438 4242 1557 4314 Dei,
1594 4251 1690 4300 aut
1721 4244 2017 4301 mutationi

2107 3150 2242 3205 Θεοῦ
2282 3151 2934 3224 ἀληθινοῦ-γεννηθέντα,
2974 3156 3037 3232 οὐ
3067 3157 3383 3228 ποιηθέντα,
3400 3160 3688 3232 όμοούσιον

2108 3242 2186 3315 τῷ
2202 3243 2397 3315 Πατρὶ,
2419 3244 2486 3297 δι’
2495 3236 2558 3297 οὐ
2570 3244 2639 3298 τὰ
2654 3245 2833 3300 πάντα
2853 3228 3087 3314 ἐγένετο,
3106 3248 3244 3304 τάτε
3278 3251 3337 3304 ὲν
3351 3228 3687 3323 τῷνούρανῷ,

2108 3336 2204 3388 καὶ
2225 3334 2293 3387 τὰ
2313 3335 2407 3388 ἐπὶ
2431 3335 2532 3407 τῆς
2558 3336 2682 3407 γῆς.
2712 3336 2816 3390 Τὸν
2863 3336 2932 3391 δι’
2972 3340 3123 3409 ἡμᾶς
3161 3341 3290 3404 τοὺς
3339 3341 3687 3413 ἀνθρώπους,

2111 3426 2209 3480 καὶ
2262 3426 2352 3480 διὰ
2403 3426 2502 3498 τὴν
2556 3428 2830 3501 ἡμετέραν
2854 3432 3129 3503 σωτηρίαν
3189 3434 3548 3489 κατελθόντα·
3590 3438 3691 3490 καὶ

2111 3517 2483 3588 σαρκωθέντα,
2509 3520 2606 3573 καὶ
2633 3519 3130 3592 ὲνανθρωπήσαντα
3153 3540 3167 3556 ο
3190 3525 3285 3578 καὶ
3300 3525 3563 3593 παθόντα,
3593 3529 3691 3582 καὶ.

2109 3607 2421 3663 ἀναστάντα
2448 3618 2476 3648 ν
2502 3611 2569 3680 τῇ
2594 3608 2750 3681 τρίτῃ
2792 3612 3006 3684 ἡμέραι
3061 3612 3356 3670 ἀνελθόντα
3402 3618 3484 3681 είς
3523 3617 3694 3690 οὐρα-

2110 3699 2233 3762 νούς
2258 3715 2275 3730 '
2307 3699 2401 3754 καὶ
2423 3701 2713 3772 ἐρχόμενον
2739 3706 2922 3774 κρῖναι
2945 3703 3154 3769 ζῶντας
3179 3707 3273 3760 καὶ
3294 3709 3541 3779 νεκρούς.
3574 3711 3690 3764 Καὶ

2110 3790 2191 3854 είς
2216 3791 2276 3844 τὸ
2307 3791 2532 3862 Πνεῦμα
2572 3793 2634 3847 τὸ
2679 3793 2851 3863 άγιον.
2884 3795 3022 3860 Τοὺς
3040 3795 3096 3850 δὲ
3121 3797 3396 3868 λέγοντας,
3421 3795 3532 3855 Ἦν
3555 3818 3690 3856 ποτε

2115 3882 2206 3937 ὅτε
2229 3884 2331 3937 οὐκ
2366 3882 2455 3957 ἦν,
2485 3885 2580 3938 καὶ
2605 3885 2740 3958 Πρὶν
2776 3888 3105 3962 γεννηθῆναι
3140 3891 3242 3945 οὐκ
3272 3887 3363 3963 ἦν,
3397 3894 3493 3948 καὶ
3521 3895 3606 3949 ὅτι
3628 3896 3691 3964 ἐξ

2114 3973 2216 4027 οὐκ
2241 3974 2410 4029 ὄντων
2434 3975 2720 4049 ὲγένετο,ἢ
2747 3978 2837 4043 Ἐξ
2855 3979 3048 4054 ἐτέρας
3073 3982 3423 4049 ὑποστάσεως
3441 3986 3476 4058 ἢ
3502 3986 3693 4051 οὐσίας

2119 4064 2426 4135 φάσκοντας
2473 4062 2632 4133 εἶναι,
2686 4067 2999 4142 ῆτρεπτὸν,
3047 4072 3082 4143 ἢ
3114 4073 3401 4131 ἀλλοιωτὸν
3434 4077 3526 4131 τὸν
3561 4077 3694 4133 Υίὸν

2117 4156 2213 4210 τοῦ
2234 4155 2391 4223 Θεοῦ,
2418 4157 2639 4224 τούτους
2664 4161 3049 4232 ἀναθεματίζει
3073 4164 3107 4235 ἡ
3129 4164 3402 4241 Καθολικὴ
3422 4169 3516 4224 καὶ
3550 4169 3694 4224 ἀπο-

2123 4249 2345 4323 στολικὴ
2381 4251 2680 4325 Ἐκκλησία
2698 4254 2793 4310 τοῦ
2820 4256 2977 4314 Θεοῦ.
3021 4258 3163 4329 Ἐγὼ
3192 4261 3252 4315 δὲ
3279 4260 3577 4329 Εὐστάθιος
3597 4267 3695 4320 ἐπι

1633 4421 1907 4481 VALESll
1943 4421 2491 4486 ANNOTATIONES.

521 4514 631 4598 (5‘8)
650 4517 771 4598 ~Kal
804 4517 879 4573 τὰ
895 4516 1014 4572 τῶν
1040 4518 1508 4598 ςτροειρημέιςῳιςε
1538 4515 2011 4598 §cribendup_est

494 4586 717 4706 εἷῗϐτῶν
748 4586 1186 4659 προειρημένων,
1214 4597 1273 4643 ιιι
1288 4586 1430 4657 legit
1461 4586 1802 4658 Epiphanius
1835 4587 2010 4644 Scho-

494 4670 533 4706 l8
618 4671 702 4706 us.
1848 4672 1849 4675 η

473 4670 702 4711 ιιειιοιιε.
1848 4672 1849 4675 “

519 4722 635 4792 (59)
690 4724 1288 4793 Πατροπασσιανούς.
1349 4723 1794 4794 Patripassianos
1847 4728 2015 4782 vertit

448 4786 788 4867 Epiphanius
810 4786 1221 4867 'Scliolastieus,
1242 4786 1553 4867 :recte._p_'e
1581 4793 1668 4867 bis
1705 4793 1832 4852 vide
1893 4811 2015 4867 quae

449 4861 634 4931 netavi
662 4876 830 4931 supra
859 4861 927 4916 ad
951 4864 1151 4918 librum
1185 4879 1222 4917 ιι
1248 4862 1415 4931 hujus
1449 4862 1723 4919 Historias.

520 4877 634 4915 tavn
662 4878 724 4918 su
769 4877 830 4915 ra
859 4877 927 4916 aa
951 4877 1151 4918 uorum
1185 4879 1222 4917 ιι
1251 4877 1415 4931 ιιιῃυε
1449 4877 1723 4919 historias.

520 4930 634 5004 (ιο)
678 4877 796 5001 Ττξν
835 4931 1226 5004 ér_’Aptp1§rqt
1273 4933 1529 5001 συνόδῳ.
1585 4933 1822 5004 Apparet
1877 4934 2020 4990 scri-

445 5000 691 5060 bendum
728 5000 854 5059 esse
888 5000 1087 5074 τὴνιν
1109 5005 1176 5075 τῇ
1238 5000 1515 5077 ’Δριμήνῳ
1579 5000 1803 5076 συνόδῳ.
1845 5004 2018 5062 Paulo

2118 4510 2262 4603 post.
2299 4523 2656 4603 scribendum
2699 4534 2833 4603 puto
2873 4522 2955 4590 οἷς
3001 4544 3060 4581 τε
3092 4526 3230 4603 δόλῳ
3283 4530 3379 4584 καὶ
3433 4531 3697 4603 ἐπιορκίᾳ

2117 4592 2542 4670 ὐποπεισθέντες
2602 4597 2659 4670 ὲν
2700 4592 3279 4670 ’Κωνσταντινουπόλει
3352 4592 3696 4670 κομισθεῖσιν

2049 4635 2095 4692 ι)
2120 4635 2584 4735 assuage.
2602 4635 3297 4725 ’Ᾱηᾶῑῐὲἇιξιῖῐὶἑὶιῖ”ὶῖι“ἷιίι
3343 4635 3695 4726 ιῗέιῗᾚῐιῖἶιί

2122 4733 2416 4806 formulam
2459 4733 2587 4806 ﬁdei
2613 4751 2736 4806 quae
2763 4736 3199 4806 recitata_l'uerat
3222 4739 3279 4792 in
3301 4740 3540 4794 concilio
3564 4742 3697 4795 Ari-

2119 4803 2506 4880 minen_si,_sed
2538 4813 2593 4860 et
2614 4802 2735 4880 aeta
2767 4807 2915 4880 apud
2967 4802 3457 4880 Ni_een.Thracia3,
3486 4810 3697 4880 quibus

2090 4940 2099 4943 μ
2122 4873 2348 4943 perlatis
2376 4873 2936 4949 Constantinopolim,
2958 4878 3205 4949 episcopi
3229 4877 3425 4935 fraude
3456 4873 3694 4948 inducti,

2124 4952 2388 5016 tanquam
2417 4946 2560 5001 actis
2588 4948 2784 5018 synodi
2815 4945 3048 5025 Nicaeum
3080 4945 3550 5020 subscripserant.

1816 5183 2202 5244 VARIORUM.

525 5276 547 5313 ί
575 5274 692 5348 -Ἔν
717 5277 1176 5332 Κωνσταντινου
1197 5273 1538 5333 πόλειΝΜε
1561 5275 1658 5334 lib.
1688 5292 1749 5343 ιι,
1781 5290 1901 5348 cap.
1924 5276 2015 5331 41.

448 5345 540 5403 W.
575 5346 800 5403 Low'rn.

519 5414 987 5489 ιιᾼΚομισθεῖσαν
1006 5414 1122 5489 άπὸ
1158 5417 1365 5484 Νίκης.
1391 5416 1528 5474 Vide
1557 5417 1652 5473 lib.
1690 5433 1752 5482 ll,
1780 5433 1903 5489 cap.
1926 5417 2017 5483 37,

451 5487 519 5541 ad
552 5486 644 5541 ﬁn.
666 5485 834 5560 Prius
863 5502 993 5559 ergo
1024 5485 1169 5560 Nica:
1197 5489 1405 5560 editum
1436 5497 1520 5545 est
1542 5485 1864 5560 symbolum
1884 5490 2016 5544 illud

450 5571 616 5631 quam
674 5558 1172 5631 Constantinopoli.
1220 5558 1356 5612 Acta
1412 5558 2017 5631 enim‘pseudosynodi

446 5626 685 5684 Niczenae
713 5636 983 5688 testantur
1009 5626 1293 5700 episcopos
1325 5644 1377 5686 vi
1413 5628 1490 5686 ιιι.
1520 5626 1713 5687 Octob.
1759 5631 1833 5687 ibi
1852 5626 2018 5689 ’ροη-

2159 5283 2402 5349 regatos;
2429 5277 2675 5349 synodus
2694 5285 2877 5333 autem
2901 5277 3516 5351 Constantinopolitana
3544 5278 3701 5334 circa

2159 5349 2243 5403 Lal.
2275 5346 2396 5402 Jan.
2434 5349 2565 5402 anni
2615 5349 2978 5407 insequentis.
3015 5351 3137 5407 scil.
3191 5351 3314 5407 560.
3360 5358 3554 5403 coacta
3588 5358 3697 5405 est.

2124 5359 2243 5403 Ital.
2275 5359 2396 5402 Jan.
2434 5359 2565 5402 anni
2615 5359 2978 5420 insequentis,
3015 5359 3137 5407 scil.
3191 5359 3314 5414 560,
3360 5359 3554 5403 coacta
3588 5359 3697 5405 est.

2118 5419 2254 5475 Vide
2296 5418 2513 5473 Sozom.
2546 5419 2644 5490 lib.
2679 5434 2756 5490 ιν,
2790 5435 2913 5490 cap.
2947 5420 3049 5487 25,
3093 5420 3163 5476 ad
3203 5424 3301 5476 lin.
3335 5418 3423 5476 W.
3446 5419 3700 5490 ,Low'rn.

2189 5497 2219 5527 ν
2256 5490 2530 5545 Παθόντα
2555 5489 2652 5542 καί
2672 5489 3038 5546 ἀναστάντα.
3061 5491 3204 5546 Nihil
3227 5492 3317 5547 hic
3338 5494 3405 5547 de
3426 5489 3699 5546 descensu

2120 5561 2188 5615 ad
2224 5561 2432 5636 inferos
2455 5601 2470 5626 ,
2509 5567 2568 5613 ut
2598 5561 2913 5636 observavit
2942 5563 3175 5621 doctiss.
3211 5564 3547 5630 Pearsouus,
3586 5557 3712 5636 Ex;

2118 5646 2233 5700 pos.
2266 5629 2473 5723 89ml!"
