4070 6204
270 305 357 359 501
1184 304 1506 363 HISTORIA
1547 304 2121 364 ECCLESIASTICA.
2162 335 2228 347 -—-
2262 302 2387 358 LIB.
2430 302 2519 358 IV.

3428 298 3537 356 502

269 420 342 491 τῷ
371 417 590 491 φανερῷ
622 418 864 489 φονεύων
895 419 1091 484 αὐτοὺς
1111 460 1125 486 ,
1166 420 1459 476 πλάττεται
1501 422 1582 486 εἰς
1632 420 1849 493 ἐξορίαν

1953 419 2202 479 homines
2232 418 2358 475 illos
2398 417 2504 476 sub
2527 414 2705 473 oculis
2740 414 2984 472 Omnium
3020 414 3372 482 interﬁceret,
3401 416 3537 472 sedi-

270 511 499 582 πέμπειν
531 511 661 575 τοὺς
693 511 913 583 ἄνδρας.
948 511 1072 565 Τῶν
1112 511 1171 566 δέ
1208 513 1443 583 εὐγενῶς
1483 512 1852 584 καταδεξαμέ-

272 620 403 666 νων,
461 603 492 656 ό
536 602 785 674 ὕπαρχος
831 603 1077 668 κελεύει,
1127 604 1299 677 πλοίῳ
1353 604 1723 677 ἐμϐληθέντας
1772 605 1850 670 ὡς

271 696 357 750 ἐπὶ
378 694 476 763 τὴν
510 694 724 766 ἐξορίαν
753 694 914 765 δῆθεν
953 695 1263 764 ἀπάγεσθαι
1286 714 1301 728 '
1330 696 1709 768 ἐντειλάμενος
1734 699 1848 762 τοῖς

271 786 521 850 ναύταις,
568 784 789 839 ἐπε;δὲν
833 786 972 839 κατά
1020 786 1188 857 μέσου
1235 788 1498 856 γένωνται
1535 790 1630 881 ’ἰοῦ
1676 791 1849 845 πελά-

272 895 424 946 γους,
459 875 669 947 ὑφάψαι
705 878 767 931 τὸ
787 879 969 933 πλοῖον
991 896 1006 910 δ
1038 879 1126 934 ῖνα
1147 879 1239 934 τὸν
1270 880 1469 953 τρόπον
1499 875 1688 940 το’”ύτον
1716 884 1851 938 ἀπου

274 968 517 1035 θανόντες
545 968 621 1040 μὴ
648 968 811 1039 ἓξωσι
862 970 986 1034 τοὺς
1010 970 1359 1042 κηδεύοντας.
1381 972 1566 1028 Ταῦτα
1586 975 1844 1045 ἐγίνοντο.

274 1061 374 1115 Καὶ
404 1061 729 1131 ἀναχθέντες
748 1103 764 1129 ,
795 1063 936 1117 κατὰ
965 1062 1128 1134 μέσον
1152 1081 1209 1117 τε
1255 1064 1351 1118 τοῦ
1387 1066 1722 1138 Ἀστακηνοῦ
1757 1086 1850 1122 πε-

273 1152 463 1223 λάγους
510 1153 539 1194 τι
594 1154 907 1226 γενόμενοι,
967 1156 1179 1211 ποιοῦσι
1231 1158 1293 1212 τὸ
1344 1159 1721 1230 προσταχθέν·
1768 1162 1848 1226 είς

273 1246 453 1318 ἔτερόν
487 1263 548 1300 τε
585 1247 968 1319 παρεπόμενον
1005 1249 1228 1304 ἀκάτιον
1264 1251 1597 1321 μεταϐάντες
1631 1252 1847 1325 ἀπεχώ-

277 1354 438 1409 ρησαν
458 1377 472 1396 ,
500 1336 561 1391 τὸ
585 1337 768 1391 πλοῖον
791 1338 1122 1407 ὑφάψαντες.
1154 1340 1225 1393 Συ
1234 1340 1376 1411 μϐάν
1396 1341 1451 1394 δέ
1473 1342 1674 1413 ἄνεμον
1698 1345 1849 1398 πνεῖν

273 1427 580 1499 ἀφηλιὼτην
632 1428 897 1501 σφοδρὸν,
937 1427 1218 1495 ἐξωθεῖται
1251 1431 1482 1485 ἐπιπολὺ
1518 1434 1779 1506 καιομένη
1814 1436 1848 1506 ἠ

273 1519 431 1583 ναῦς⁶
465 1517 607 1574 ὥστε
651 1519 838 1590 τάχιον
874 1522 972 1592 μὲν
1011 1522 1112 1591 τὴν
1145 1523 1322 1596 ὁρμὴν
1367 1525 1659 1592 ποιεῖσθαι,
1697 1526 1849 1599 διαρ-

274 1614 423 1667 κέσαι
456 1614 513 1667 δὲ
544 1615 673 1685 ἄχρι
722 1613 818 1668 τοῦ
871 1615 1109 1670 ἐπινείου
1135 1656 1151 1680 ,
1180 1610 1225 1685 ᾧ
1256 1618 1611 1689 προσωνυμία
1636 1619 1851 1673 Δακίδι-

274 1707 362 1772 ζος
387 1707 501 1768 (57)
527 1746 543 1770 ,
571 1708 733 1761 κάκεῖ
775 1707 975 1772 τελέως
1004 1710 1101 1764 σὺν
1134 1711 1247 1773 τοῖς
1274 1710 1536 1782 ἀνδράσιν
1570 1710 1849 1781 ἀναλωθῆ-

274 1813 377 1850 ναι.
405 1795 575 1851 Τοῦτο
616 1798 716 1851 οὐκ
748 1796 1104 1871 ἀτιμώρητον
1147 1799 1331 1869 ελεγον
1370 1801 1849 1872 γεγενῆσθαιπολ-

274 1885 389 1939 λοί·
433 1885 593 1956 λιμὸν
640 1887 749 1958 γὰρ
805 1887 1058 1942 σύντονον
1097 1889 1210 1960 (58)
1252 1891 1548 1963 ἐπισυνέϐη
1594 1893 1848 1962 γενέσθαι

272 1976 397 2048 περὶ
422 1976 489 2030 τὰ
520 1978 747 2048 Φρυγῶν
774 1978 924 2050 έθνη,
961 1980 1037 2044 ὡς
1057 1981 1305 2053 ἀνάγκην
1334 1983 1478 2054 ἔχειν
1504 1984 1641 2055 πρὸς
1669 1984 1849 2053 ὀλίγον

273 2069 370 2140 τῆς
429 2069 611 2142 χώρας
677 2070 1078 2127 ἀπανίστασθαι
1139 2073 1248 2127 τῶν
1306 2075 1661 2130 ἐνοικούντων
1721 2078 1851 2141 τοὺς

274 2161 555 2227 πλείονας,
586 2163 680 2217 καὶ
704 2163 1072 2234 καταφεύγειν
1101 2166 1194 2222 ἐπί
1229 2184 1290 2220 τε
1332 2168 1841 2223 Κωνσταντινούπο·

274 2253 356 2306 λιν
395 2255 489 2308 καὶ
535 2254 696 2318 ἄλλας
744 2256 1032 2327 ἐπαρχίας.
1077 2256 1191 2311 Ἀεὶ
1244 2259 1352 2329 γάρ
1400 2259 1465 2331 δὴ
1509 2260 1850 2314 Κωνσταντι-

275 2346 552 2411 νούπολις,
601 2347 697 2400 καὶ
735 2348 939 2420 ἄπειρα
987 2348 1263 2421 τρέφουσα
1299 2349 1517 2422 πλήθη,
1563 2350 1633 2405 τὰ
1681 2350 1851 2405 πολλά

276 2436 590 2506 εύθηνεῖται,
615 2437 693 2509 τῷ
716 2455 774 2491 τε
802 2438 892 2493 διὰ
919 2437 1198 2510 θαλάσσης
1216 2439 1360 2511 ἔχειν
1380 2442 1489 2495 τῶν
1514 2441 1851 2513 πανταχόθεν

273 2528 594 2600 ἐπιτηδείων
623 2530 721 2601 τὴν
749 2532 1141 2603 προσκομιδὴν,
1171 2533 1266 2586 καὶ
1286 2534 1368 2586 ὅτι
1401 2534 1429 2585 ὁ
1451 2533 1698 2598 Εὔξεινος
1726 2533 1853 2587 Πόν-

271 2637 360 2685 τος
406 2621 815 2693 παρακείμενος
859 2621 1090 2694 ἄφθονον
1125 2624 1260 2697 αὐτῇ
1287 2667 1301 2693 ,
1330 2625 1491 2696 ἡνίκα
1517 2624 1846 2698 προσδεηθῇ,

269 2712 495 2783 παρέχει
520 2711 613 2766 τὸν
642 2714 807 2768 σῖτον.

1952 512 2158 569 tionem
2184 519 2378 569 contra
2408 527 2470 569 se
2512 510 2780 582 imperita:
2807 508 3172 564 multitudinis
3207 508 3536 571 concitaret,

1953 605 2109 678 lingit
2153 622 2213 665 se
2246 607 2369 664 illos
2409 606 2465 662 in
2498 604 2755 663 exsilium
2808 603 3115 659 missurum
3177 617 3323 658 esse.
3379 602 3539 669 Quod

1953 716 2079 755 cum
2108 699 2186 755 illi
2214 698 2493 755 constanti
2520 697 2706 753 animo
2734 696 3104 767 excepissent,
3128 694 3420 766 praefectus
3443 711 3540 751 eos

1950 792 2010 847 in
2061 789 2338 861 navigium
2389 787 2596 858 imponi
2644 786 2826 857 jubet,
2885 794 3151 856 tanquam
3186 784 3242 839 in
3281 783 3541 839 exsilium

1950 880 2307 937 abducendos
2345 879 2544 950 :232
2588 878 2914 950 praecipiens
2951 877 3137 933 nautis
3184 885 3266 940 ut,
3319 883 3539 945 postea-

1948 987 2115 1044 quam
2153 972 2208 1026 in
2268 971 2507 1027 medium
2537 971 2765 1041 pelagus
2800 970 3206 1040 pervenissent,
3261 968 3539 1040 navigium

1950 1064 2304 1122 incenderent
2340 1084 2354 1120 :
2393 1071 2452 1119 ut
2481 1063 2585 1118 hoc
2641 1078 2840 1134 genere
2882 1063 3078 1118 mortis
3131 1063 3416 1129 exstincti,
3454 1075 3541 1117 se-

1951 1159 2171 1230 pultura
2220 1157 2386 1213 etiam
2417 1157 2783 1228 privarentur.
2822 1155 2914 1211 Sic
2947 1156 3117 1226 igitur
3170 1154 3376 1211 factum
3431 1161 3540 1211 est.

1949 1248 2139 1305 Nautee
2163 1265 2229 1305 ex
2267 1257 2427 1320 portu
2472 1247 2722 1319 profecti,
2758 1262 2878 1302 cum
2913 1247 2979 1301 ad
3011 1246 3248 1301 medium
3286 1246 3541 1301 Astaeeui

1951 1341 2109 1397 sinus
2141 1342 2449 1404 venissent,
2488 1338 2695 1394 faciunt
2717 1338 2770 1393 id
2790 1340 2936 1410 quod
2961 1339 3293 1409 imperatum
3325 1338 3541 1393 fuerat:

1950 1444 2004 1491 et
2034 1449 2303 1492 succensa
2333 1434 2554 1498 uave,in
2590 1433 2851 1504 scapham
2880 1434 3001 1504 qua:
3034 1449 3175 1503 pone
3207 1432 3543 1502 sequebatur

1952 1527 2305 1598 transgressi,
2331 1526 2871 1582 discesseruntJJum
2904 1534 3087 1581 autem
3124 1534 3322 1579 ventus
3351 1525 3543 1581 subso-

1951 1618 2114 1673 lanus
2148 1619 2445 1673 vehemens
2488 1617 2806 1688 ingruisset,
2861 1617 3013 1671 navis
3064 1632 3183 1686 qua:
3239 1616 3543 1683 conﬂagra-

1952 1710 2065 1774 bat,
2111 1709 2402 1765 violentius
2448 1709 2654 1778 impelli
2707 1709 2875 1778 cmpit
2918 1726 2931 1763 :
2990 1708 3126 1763 adeo
3173 1717 3230 1761 ut
3283 1707 3541 1762 velociori

1951 1801 2172 1872 quidem
2205 1816 2368 1855 cursu
2396 1798 2656 1861 ferretur,
2681 1800 2891 1868 integra
2922 1806 3103 1853 autem
3138 1799 3448 1867 pervenerit
3471 1797 3541 1851 ad

1952 1892 2146 1947 navale
2176 1892 2263 1947 cui
2301 1906 2498 1945 nomen
2546 1899 2631 1945 est
2679 1889 2956 1957 Dacidizo,
3013 1889 3196 1961 ibique
3243 1905 3368 1945 cum
3406 1890 3542 1945 viris

1954 1983 2092 2054 ipsis
2124 1984 2339 2054 penitus
2373 1989 2700 2052 consmnpta
2735 1982 2828 2037 sit.
2868 1984 3052 2052 Atque
3099 1984 3199 2036 hoc
3227 1982 3411 2038 scelus
3445 1998 3543 2039 ne-

1951 2089 2229 2147 quaquam
2301 2075 2534 2129 inultum
2603 2074 2875 2130 mansisse
2943 2073 3193 2144 plerique
3272 2074 3538 2131 referunt.

1956 2165 2152 2221 Statim
2184 2165 2329 2221 enim
2356 2174 2543 2220 secuta
2572 2171 2657 2218 est
2690 2163 2863 2219 fames
2895 2178 2993 2234 per
3024 2163 3337 2219 universam
3368 2162 3543 2236 Phry-

1949 2258 2093 2330 giam
2142 2258 2278 2313 adeo
2327 2256 2534 2328 gravis,
2598 2266 2653 2309 ut
2697 2255 2946 2326 plerique
2995 2255 3296 2311 incolarum
3328 2270 3393 2311 ex
3425 2256 3543 2312 suis

1952 2349 2177 2403 sedibus
2210 2346 2274 2401 ad
2319 2355 2533 2416 tempus
2567 2346 2807 2416 migrare
2862 2361 3093 2401 necesse
3142 2346 3452 2411 habuerint,
3488 2355 3544 2401 ct

1953 2441 2151 2513 partim
2184 2440 2747 2511 ConstantinOpolim,
2782 2443 2980 2511 partim
3017 2441 3086 2495 ad
3131 2443 3269 2498 alias
3319 2442 3542 2512 proviu~

1951 2533 2068 2589 cius
2110 2548 2170 2589 se
2190 2533 2518 2603 receperint.
2546 2531 2762 2587 Etenim
2795 2532 3312 2602 Constantinopolis
3346 2550 3541 2606 quatr-

1952 2624 2037 2677 vis
2066 2621 2523 2678 innumerabilem
2563 2623 2749 2692 populi
2780 2624 3186 2678 multitudinem
3233 2625 3364 2687 alat,
3400 2640 3543 2680 sem-

1956 2729 2054 2786 per
2084 2724 2266 2768 tamcu
2300 2727 2534 2768 annonae
2586 2713 2831 2769 abundat
2869 2716 3052 2811 copia,
3102 2725 3215 2770 tum
3265 2715 3411 2785 quod
3453 2731 3544 2769 res

268 2820 459 2860 omnes
515 2805 584 2861 ad
625 2807 829 2862 victum
906 2809 1234 2867 necessaria:
1271 2810 1411 2866 mari
1463 2811 1530 2867 ad
1576 2825 1693 2866 eam
1766 2812 2165 2879 importantur;
2239 2818 2350 2864 tmn
2403 2809 2548 2880 quod
2593 2808 2797 2866 Pontus
2853 2805 3097 2867 Euxinus
3152 2811 3200 2866 ei
3254 2810 3542 2880 adiacens,

270 2892 529 2951 frumenti
589 2896 827 2967 c0piam,
888 2901 1326 2973 quotiescunque
1380 2918 1518 2974 Opus
1568 2900 1754 2965 fuerit,
1796 2903 1846 2956 ei
1886 2901 2219 2973 suppeditat.

864 3034 1114 3092 ΚΕΦΛΛ.
1150 3038 1246 3093 IZ'.

278 3143 376 3211 Ὡς
407 3146 441 3198 ό
460 3145 786 3220 βασιλεὺς,
807 3146 881 3220 ἐν,
919 3146 1623 3220 Ἀντιοχείᾳίτενόμενος,
1660 3152 1850 3207 πάλιν

422 3216 570 3283 τοὺς
607 3217 673 3270 τὸ
704 3219 1031 3287 ὀμοούσιον
1060 3216 1435 3289 φρενοῦνταξ
1472 3216 1703 3278 ἐδίωκε.

340 3331 557 3401 Οὐάλης
588 3331 648 3385 δὲ
695 3334 727 3385 ό
753 3332 1007 3402 βασιλεὺς
1032 3374 1047 3398 ,
1108 3335 1280 3408 μικρά
1307 3334 1417 3389 τῶν
1446 3338 1511 3391 ἐκ
1543 3336 1638 3391 τοῦ
1688 3337 1847 3411 λιμοῦ

268 3422 580 3493 γενομένων
613 3424 905 3495 φροντίσας
933 3464 948 3490 ,
979 3425 1073 3479 ἐπὶ
1119 3425 1219 3495 τὴν
1265 3425 1465 3496 Συρίας
1521 3428 1851 3500 Ἀντιόχειαν

268 3515 635 3585 παραγίνεται
671 3527 695 3555 ο
720 3536 735 3551 -
780 3515 1071 3589 διατρίϐων
1123 3534 1183 3571 τε
1216 3518 1337 3572 κατ’
1367 3518 1537 3590 αὐτὴν
1563 3559 1577 3583 ,
1632 3520 1854 3592 ἐπόρθει

268 3607 399 3669 τοὺς
434 3606 510 3678 μὴ
554 3607 1011 3679 Ἀρειανίζοντας.
1046 3608 1243 3662 Τέλεον
1288 3610 1400 3682 γὰρ
1438 3610 1699 3674 ἐξελάσας
1725 3612 1853 3675 τοὺς

266 3698 333 3752 τὸ
358 3697 643 3769 όμοούσιον
676 3699 1006 3770 φρονοῦντας
1033 3701 1143 3756 τῶν
1174 3699 1514 3772 Ἐκκλησιῶν
1538 3703 1724 3773 σχεδὸν
1745 3703 1852 3756 τῶν

269 3790 608 3844 ἀνατολικῶν
652 3791 892 3857 πόλεων,
921 3793 1022 3846 οὐκ
1067 3794 1291 3863 ἠρκεῖτο
1333 3793 1507 3865 τούτῳ
1534 3834 1549 3857 ,
1594 3795 1730 3849 ἀλλὰ
1758 3794 1852 3849 καὶ

266 3882 549 3952 διαφόροις
611 3882 988 3956 κολαστηρίοις
1043 3884 1342 3939 ὑπέϐαλλεν
1381 3900 1397 3916 ·
1461 3885 1743 3940 ἀπώλλυεν
1794 3886 1850 3940 δέ

270 3973 455 4044 πολλῷ
484 3973 707 4039 πλείους
730 3974 840 4028 τῶν
876 3976 1173 4049 πρότερον,
1207 3976 1485 4049 διαφόροις
1536 3978 1638 4049 μὲν
1685 3978 1846 4033 θανά-

269 4078 388 4128 τοις
419 4062 774 4134 παραδιδοὺς,
802 4063 1095 4136 ἐξαιρέτως
1131 4064 1190 4119 δὲ
1220 4064 1299 4136 τῷ
1330 4066 1577 4139 ποταμῷ.

2570 3037 2721 3091 CAI'.
2762 3035 2925 3091 XVII.

1954 3147 2231 3214 Quomodo
2260 3148 2551 3217 imperator
2574 3148 2701 3200 dum
2735 3148 3032 3201 Antiucniw
3060 3160 3378 3214 versaretur,
3427 3148 3543 3205 llo-

2337 3222 2640 3273 mousiauos
2669 3231 2970 3288 persecutus
3003 3220 3181 3287 fuerit.

2025 3327 2226 3384 Verum
2291 3328 2595 3400 imperator
2645 3328 2867 3397 Valens,
2913 3332 3059 3386 mala
3118 3348 3241 3404 quae
3285 3347 3352 3389 ex
3401 3332 3544 3388 fame

1952 3421 2277 3477 oriebantur
2300 3422 2732 3493 parvipendens,
2769 3422 3119 3478 Antiochiam
3155 3425 3424 3494 pervenit.
3465 3423 3542 3480 Ibi

1957 3514 2086 3567 dum
2136 3520 2403 3579 moratur,
2441 3529 2540 3569 eos
2572 3513 2666 3584 qui
2715 3514 2977 3569 Arianam
3009 3515 3328 3586 opinionem
3385 3531 3544 3572 aver-

1957 3606 2250 3671 sabantur,
2299 3605 2578 3661 hostiliter
2623 3605 2862 3662 vexavit.
2921 3604 3056 3660 Nam
3117 3621 3242 3662 cum
3301 3606 3544 3663 Homon-

1962 3698 2154 3753 sianos
2186 3713 2285 3769 per
2324 3699 2618 3754 universas
2652 3698 2765 3753 fere
2789 3698 3035 3754 Orientis
3081 3700 3393 3771 provincias
3444 3699 3545 3755 Ec-

1954 3789 2144 3845 clesiis
2191 3790 2519 3860 expulisset,
2555 3805 2619 3845 ea
2653 3805 2715 3844 re
2753 3790 2981 3847 minime
3014 3799 3335 3858 contentus,
3377 3794 3544 3849 variis

1960 3883 2250 3954 suppliciis
2284 3899 2383 3940 eos
2421 3882 2642 3940 ail‘ecit:
2670 3884 2951 3956 multoque
2991 3898 3123 3942 tunc
3162 3887 3348 3958 plures
3377 3904 3542 3958 quam

1966 3983 2128 4029 antea
2155 3992 2186 4029 e
2209 3973 2390 4029 medio
2417 3973 2665 4039 sustulit,
2693 3983 2808 4031 tum
2854 3976 2979 4032 aliis
3003 3977 3197 4031 mortis
3225 3977 3541 4048 generibus,

1959 4076 2074 4122 tum
2113 4066 2387 4138 prmeipue
2419 4067 2476 4122 in
2516 4066 2684 4124 iluvio
2703 4082 2799 4124 eos
2828 4068 3097 4124 necando.

1476 4243 1569 4298 VA
1578 4241 1752 4298 LESII
1796 4243 2357 4305 ANNUTATIONES.

340 4378 461 4451 (57)
499 4379 821 4449 Δακιδιζος.
875 4379 1227 4455 Sozomenus
1250 4383 1307 4455 in
1340 4383 1483 4441 libro
1514 4393 1674 4443 sexto
1704 4399 1849 4440 eam-

2037 4385 2151 4451 (58)
2183 4385 2371 4454 Λιμὸν
2402 4385 2512 4455 τὰρ
2532 4387 2852 4442 σύντονον.
2888 4385 2962 4440 De
2987 4386 3088 4440 hac
3129 4384 3377 4455 fameita
3405 4383 3543 4439 scri-

269 4451 553 4527 dcm_rem
587 4465 1045 4527 commemorans,
1082 4453 1394 4527 llaeibizam
1456 4464 1616 4508 vorat
1665 4455 1855 4527 urbem
1968 4455 2117 4527 bitur
2146 4457 2204 4510 in
2232 4451 2420 4527 Fastis
2471 4451 2950 4527 veteribus,quos
2990 4456 3096 4511 sub
3133 4454 3291 4510 ldatii
3319 4455 3544 4527 nomine

272 4520 617 4595 maritimam
670 4521 1270 4595 Bithyn‘ize.Cetlhrenus
1302 4540 1522 4593 quoque
1569 4535 1728 4581 vocat
1753 4525 1857 4578 Da-
1965 4526 2268 4595 publicavrt
2317 4525 2692 4584 Sirmondus:
2761 4520 3137 4582 Valentiniano
3167 4540 3249 4589 nt,
3314 4535 3366 4581 et
3436 4524 3550 4579 Va-

264 4591 488 4669 cibzsa,
524 4589 689 4669 μέχρι
711 4589 1047 4669 Δακιϐύμζων.
1080 4589 1598 4669 Sngbe'ophanes,
1630 4596 1849 4667 perinde

1964 4589 2112 4669 lente
2126 4611 2221 4669 tu;
2251 4596 2333 4669 Iris
2363 4598 2674 4653 consulibus
2720 4616 2913 4669 magna
2946 4598 3115 4668 [antes
3150 4597 3253 4667 fuit
3284 4598 3338 4651 in
3372 4598 3544 4666 parti—

267 4674 336 4715 ac
364 4658 646 4716 Socrates
669 4670 880 4726 noster,
910 4663 1074 4719 habet
1110 4658 1388 4720 Dacidiza'.
1584 4658 1594 4663 ⁷
1631 4658 1648 4667 ’
1963 4666 2058 4721 bus
2080 4666 2343 4739 Phrygiae.

1704 4842 2091 4901 VARIORUM.

333 4977 363 5018 ει
397 4978 513 5055 ἰ’ρῦ
543 4979 938 5055 ,ξΑςζταριηζοῦ
969 4982 1292 5055 πελάγους.
1332 4983 1647 5055 ᾼειαοεηιιδ
1673 4985 1849 5050 sinus.

1963 4984 2143 5055 egisse
2172 5000 2230 5039 se
2262 4985 2420 5047 dicit.
2448 4994 2565 5038 tum
2598 4998 2725 5055 cum
2756 4982 2953 5038 Valens
2994 4981 3345 5055 Antiochiam
3369 4981 3540 5055 venit.

260 5066 421 5127 nunc
448 5047 1098 5127 le_l€olfe_de§oncidia,
1134 5047 1275 5108 teste
1320 5053 1510 5123 Gillio,
1567 5070 1695 5127 pars
1773 5047 1857 5112 est
1965 5047 2232 5110 Iovianus
2268 5064 2451 5127 autem
2482 5054 2832 5127 Antiochiam
2880 5053 3163 5127 profectus
3193 5051 3419 5127 estnsub
3480 5050 3543 5127 ητ

260 5119 633 5195 Propontidis
709 5121 1160 5195 inLBithyuiamh
1190 5119 1503 5180 excurrens
1543 5119 1611 5180 ad
1656 5132 1859 5193 ortmn,
1970 5142 2094 5180 nem
2130 5127 2261 5195 anni
2290 5125 2417 5186 565.
2455 5133 2594 5180 teste
2621 5119 2929 5184 Ammiano,
2957 5124 3053 5177 lib.
3108 5139 3235 5177 xxv.
3270 5120 3540 5195 Quare__s_i

260 5205 491 5265 εει-ευσ-
522 5189 926 5265 Nicomediam.
949 5189 1412 5265 'SieLdictusuab
1462 5195 1665 5251 Astaeo
1728 5189 1865 5251 urbe
1970 5212 2037 5251 eo
2066 5208 2215 5249 anno
2250 5194 2515 5250 Libanius
2538 5195 3047 5265 quinquagenarius
3079 5202 3219 5256 erat,
3259 5207 3406 5265 armo
3438 5190 3543 5244 572

258 5257 565 5336 Bithyniae.
600 5262 926 5336 qtm‘distat
962 5279 1021 5336 a_
1051 5260 1369 5336 Nicomedia
1419 5265 1485 5320 l5
1535 5266 1864 5321 milliaribus
1975 5265 2517 5336 quinquagesimum
2552 5257 2815 5336 octavum'
2853 5266 3254 5336 eotupleverat,
3296 5262 3542 5336 ideoque

259 5330 320 5383 in
336 5330 605 5412 occasum
626 5332 900 5395 aestivum,
930 5341 984 5388 et
1006 5332 1073 5389 50
1104 5333 1217 5391 lere
1244 5350 1274 5388 a
1308 5333 1785 5408 Constantinopoli
1814 5336 1868 5389 in
1979 5330 2086 5412 non
2119 5330 2401 5390 :ilio'anno
2427 5335 2625 5412 Valens
2651 5330 3007 5412 Antiochiam
3022 5333 3336 5412 adventavit
3366 5330 3537 5412 .Quod

256 5402 816 5478 orluutLBaunnmo;
906 5473 916 5478 _
1035 5476 1045 5478 _
1209 5475 1219 5478 _
1662 5402 1694 5478 ξ
1964 5407 2010 5461 si
2039 5405 2152 5476 jam
2210 5416 2370 5478 antea
2413 5407 2477 5461 ad
2511 5405 2756 5460 eaunlem
2814 5407 3004 5478 urbem
3055 5405 3107 5478 is_
3134 5402 3537 5478 __aceessi§su:l.

344 5480 372 5546 ῗ
438 5471 575 5546 Ἐἷτξ
611 5473 736 5546 ,τὴν
771 5473 989 5546 Συρίέις
1034 5475 1393 5542 Ἀντιόχειαν
1451 5476 1849 5545 παραγίνεται.

1968 5470 2170 5546 prioris
2210 5475 2355 5530 illius
2387 5478 2657 5531 adventus
2718 5476 3052 5546 mentionem
3089 5472 3349 5526 Libanius
3374 5470 3538 5522 fecis-

258 5534 981 5618 Yalensinitio'anni'Zﬂfi
1023 5534 1715 5618 Antioc'liiamqingres'sus
1747 5555 1853 5618 est.
1967 5534 2072 5618 set.
2117 5545 2338 5618 Interim
2361 5546 2538 5601 obiter
2557 5543 3370 5618 observandum,imperatores
3398 5550 3538 5618 non-

253 5609 433 5686 εἱσι-ιε
467 5610 749 5686 bibamus
779 5614 835 5668 in
896 5612 1017 5669 Vita
1052 5631 1151 5670 sua
1200 5632 1262 5671 se
1319 5609 1854 5686 quinquagenarium
1969 5617 2071 5669 nisi
2110 5631 2206 5686 per
2259 5616 2490 5671 hiemem
2520 5618 2573 5670 in
2610 5616 2804 5670 Cilicia
2843 5618 2945 5669 iter
2992 5609 3273 5686 habuisse,
3315 5616 3537 5686 propter

256 5679 447 5756 fuisse
472 5680 706 5756 ﬂIoviano
738 5684 1049 5756 imperante
1086 5674 1351 5746 testatur:
1373 5674 1495 5756 pag'.
1546 5674 1630 5740 4‘6.
1661 5685 1855 5741 Postea
1967 5674 2292 5756 immodicos
2325 5687 2378 5741 in
2402 5686 2596 5741 mstivu
2652 5694 2897 5756 tempore
2924 5682 3055 5740 solis
3104 5674 3355 5731 ardores.
3385 5674 3536 5750 (Ant.

259 5764 397 5823 pag.
420 5753 514 5818 L8,
536 5769 741 5809 annum
773 5755 954 5811 aetatis
976 5765 1227 5812 octavum
1257 5768 1308 5812 et
1336 5753 1851 5829 quinquagesimum
1966 5754 2117 5825 Pagi,
2141 5756 2206 5811 ad
2246 5772 2374 5812 ann.
2396 5756 2523 5823 372,
2564 5773 2617 5813 ιι.
2655 5754 2732 5818 6.)
