4070 6204
287 243 392 299 5415

1218 237 1543 333 HISTOBIA
1586 236 2152 295 ECCLESIASTICA.
2200 269 2265 281 --
2308 238 2440 293 LIB.
2480 239 2566 294 IV.

3476 239 3581 294 505

286 360 544 430 ἀλάστωρ
609 360 676 430 τῇ
742 356 835 411 τοῦ
894 352 1158 426 βασιλέως
1214 355 1457 426 ὠμότητι
1509 356 1885 428 ἀπεχρήσατο.

2005 356 2273 426 peratoris
2327 357 2538 410 abusus
2582 363 2669 409 est
2712 354 3061 410 crudelitate.
3103 354 3383 422 Quosdam
3429 358 3577 410 enim

299 448 580 503 Ἀνέπεισε
633 447 743 519 γάρ
795 463 948 530 τινας
1001 444 1553 518 περιεργαζομένους,
1609 446 1695 509 τις
1747 445 1887 517 μετὰ

286 539 563 594 Οὐάλεντα
602 535 1011 606 βασιλεύσειεν,
1057 536 1485 606 νεκυομαντείαν
1529 536 1883 607 ποιήσασθαι.

285 625 382 694 Οἷς
420 646 534 683 τισι
583 627 796 700 μαγικῇ
825 645 933 681 τινι
974 626 1282 699 μαγγανεία
1323 627 1647 698 χρωμένοις,
1681 627 1890 682 ἀνεῖλεν

284 723 318 775 ὁ
364 722 576 793 δαίμων
626 719 689 774 οὐ
730 720 962 790 φανερὰ,
1007 718 1143 773 ἀλλὰ
1195 718 1440 790 συνήθως
1485 718 1653 786 λοξὰ,
1709 719 1889 787 δείξας

285 814 531 884 τέσσαρα
571 812 879 884 γράμματα
928 810 959 864 θ
982 851 997 874 ,
1038 809 1133 864 καὶ
1173 826 1203 863 ε
1224 848 1241 875 ,
1273 809 1367 863 καὶ
1393 826 1457 872 ο,
1499 810 1593 864 καὶ
1618 809 1647 862 δ
1670 827 1683 840 ι
1719 809 1889 864 εἰπὼν

288 909 354 959 ὲκ
401 905 610 960 τούτων
663 903 931 977 ἄρχεσθαι
978 901 1221 972 τοῦνομα
1276 902 1372 956 τοῦ
1428 903 1566 973 μετὰ
1611 902 1890 958 Οὐάλεντα

290 994 734 1064 βασιλεύσοντοςο
767 988 905 1047 εἶναι
945 991 1004 1046 δὲ
1040 991 1188 1063 αὺτῷ
1215 991 1486 1047 σύνθετον.
1521 993 1681 1047 Ἦκει
1711 993 1769 1046 δὲ
1803 994 1888 1056 εἰς

288 1086 390 1151 τὰς
418 1085 591 1149 ἀκοὰς
618 1085 714 1139 τοῦ
740 1084 1001 1156 βασιλέως
1027 1087 1061 1156 ἡ
1095 1084 1201 1138 τῶν
1229 1084 1538 1155 γενομένων
1566 1085 1746 1157 φήμη.
1775 1087 1886 1140 Καὶ

290 1179 400 1250 γὰρ
436 1180 498 1231 οὐ
550 1177 859 1248 παρεχώρει
890 1177 951 1230 τὸ
981 1175 1172 1247 μέλλον
1197 1176 1397 1230 εἰδέναι
1430 1176 1571 1247 Θεῷ,
1596 1179 1691 1231 καὶΙ
1714 1180 1890 1231 ποιεῖν

288 1272 321 1325 ὃ
348 1270 525 1323 ἐδόκει
552 1268 631 1338 τῷ
658 1269 838 1322 πάντα
861 1267 1150 1322 διοικοῦντι
1185 1267 1365 1332 καλῶς
1383 1284 1398 1300 ο
1434 1268 1570 1322 ἀλλὰ
1600 1270 1799 1341 παρεὶς
1824 1268 1893 1323 τὰ

291 1362 389 1417 τοῦ
420 1359 853 1433 Χριστιανισμοῦ
893 1358 1361 1430 παραγγέλματα,
1414 1353 1490 1414 ὧν
1535 1358 1695 1430 ζῆλον
1745 1359 1893 1430 ἔχειν

293 1454 565 1523 ἐνόμιζεν,
610 1449 840 1513 πολλοὺς
891 1448 1200 1512 ἀπώλλυεν,
1251 1447 1344 1513 οὓς
1381 1452 1739 1521 τυραννήσειν
1794 1451 1895 1503 ὐπ-

293 1544 561 1599 ὡπτευεν.
601 1540 1019 1595 Ἀπεκτίννυντο
1048 1536 1141 1595 οὖν
1174 1540 1464 1612 Θεόδωροι,
1501 1542 1595 1595 καὶ
1623 1541 1891 1607 Θεόδοτοι,

1996 448 2248 504 homines
2283 464 2351 502 eo
2383 446 2600 514 impulit
2661 454 2720 499 ιιι
2754 461 2853 515 per
2893 448 3137 515 magicas
3168 455 3318 502 artes
3358 454 3582 502 scruta-

1991 548 2186 591 rentur
2236 538 2495 607 quisnam
2524 545 2647 607 post
2672 534 2960 591 Valentem
3006 535 3238 605 imperio
3276 545 3423 591 esset
3446 538 3581 606 poti-

1993 635 2173 682 turus.
2209 628 2316 694 Qui
2350 644 2477 683 cum
2508 631 2719 699 magica
2766 628 3010 699 quadam
3058 626 3449 683 incantatione
3496 629 3582 683 usi

1989 730 2197 786 essent,
2239 722 2477 787 daemon,
2523 729 2583 774 ιιι
2619 723 2780 786 solet,
2810 738 2921 775 non
2966 728 3179 792 aperta,
3220 720 3316 775 sed
3356 721 3582 790 obliqua

1992 811 2245 880 qua-dam
2270 828 2539 883 responsa
2565 812 2712 867 dedit
2736 831 2748 866 :
2776 821 3016 882 quatuor
3045 812 3318 866 duntaxat
3339 813 3584 867 ostensis

1993 904 2215 970 litteris,
2257 904 2308 970 0,
2350 922 2399 971 ε,
2442 922 2491 967 ο,
2516 906 2566 969 δ,
2613 905 2683 958 ab
2740 905 2827 960 his
2880 904 3127 974 incipere
3156 903 3352 957 dicens
3385 915 3581 957 nomen

1994 996 2145 1051 illius
2168 998 2263 1068 qui
2295 1005 2420 1067 post
2441 996 2724 1054 Valentem
2754 997 3125 1065 imperaturus
3146 1003 3329 1061 esset,
3353 1009 3582 1048 nomen-

1992 1105 2098 1159 que
2124 1090 2171 1143 ei
2208 1090 2586 1160 compositum
2624 1106 2768 1146 esse.
2807 1087 2984 1159 Hujus
3020 1086 3099 1143 rei
3136 1086 3283 1142 fama
3320 1087 3387 1141 ad
3424 1085 3581 1156 prin-

1993 1183 2136 1252 cipis
2182 1197 2345 1236 aures
2403 1183 2674 1252 pervenit.
2722 1181 2819 1236 Ille
2860 1195 2991 1236 vero
3030 1195 3219 1235 rerum
3267 1176 3581 1233 futurarum

1995 1274 2271 1337 notitiam,
2319 1281 2375 1328 et
2423 1273 2517 1343 jus
2575 1275 2980 1344 arbitriumque
3012 1270 3247 1326 faciendi
3307 1268 3583 1340 quidquid

1996 1363 2259 1431 voluerit,
2314 1364 2427 1419 Deo
2478 1372 2682 1419 cuncta
2757 1364 2861 1419 rite
2926 1363 3341 1417 administranti
3412 1362 3586 1416 neuti-

1984 1471 2165 1527 quam
2204 1458 2506 1512 reservavit
2535 1475 2547 1511 :
2581 1458 2677 1512 sed
2704 1457 2909 1526 Spretis
2935 1455 3270 1511 Christiana:
3300 1454 3583 1523 religionis

1997 1550 2310 1619 pneceptis,
2333 1565 2572 1620 quorum
2602 1565 2665 1605 se
2681 1549 3159 1605 studiosissimum
3189 1562 3314 1603 esse
3340 1546 3584 1601 arbitra-

296 1637 388 1689 καὶ
419 1635 709 1699 Θεοδόσιοι,
755 1634 852 1688 καὶ
880 1633 1177 1701 Θεόδουλοι,
1207 1635 1300 1686 καὶ
1344 1635 1460 1688 ὅσοι
1492 1636 1704 1699 τούτοις
1742 1630 1894 1705 εἶχον

2005 1640 2184 1704 batur,
2218 1641 2486 1710 plurimos
2522 1641 2822 1704 interemit,
2842 1655 2982 1709 quos
3010 1639 3298 1708 imperium
3328 1636 3585 1692 aﬂ'ectare

293 1724 539 1796 ὀνόματα
561 1725 939 1795 παραπλήσια.
961 1723 1047 1778 Ἐν
1078 1718 1160 1787 οἷς
1174 1725 1267 1777 καὶ
1292 1723 1401 1795 (62)
1433 1724 1772 1790 Θεοδοσιολός
1788 1704 1891 1790 τις,

2005 1704 2407 1800 suspicabatur.
2451 1732 2804 1788 Necabantur
2841 1704 3031 1800 itaque
3062 1704 3371 1793 Theodori,
3401 1725 3581 1781 Theo-

295 1818 441 1890 ἀνὴρ
488 1819 733 1885 γενναῖος
785 1818 851 1869 ὲκ
908 1816 1015 1869 τῶν
1066 1816 1408 1887 εὐπατριδῶν
1458 1819 1558 1888 τῆς
1620 1815 1895 1882 Ἱσπανίας

294 1909 698 1980 καταγόμενος,
756 1909 1028 1980 ἀνῃρεῖτο.
1080 1907 1216 1961 Ὑπὸ
1280 1907 1337 1961 δὲ
1391 1907 1487 1960 τοῦ
1541 1908 1892 1978 ἐπικειμένου

292 2001 473 2064 δέους,
502 2000 687 2054 πολλοὶ
714 2000 782 2054 τὰ
812 2000 1018 2054 ἑαυτῶν
1047 1999 1287 2070 ὀνόματα
1317 1998 1689 2070 μετετίοεσαν,
1717 2000 1895 2072 ἀπαρ-

296 2093 553 2163 νούμενοι
593 2092 631 2148 ἆ
662 2096 712 2147 οἱ
744 2097 921 2162 γονεῖς
966 2093 1235 2164 τεχθεῖσιν
1282 2093 1571 2156 ἐπέθεσαν,
1606 2092 1682 2156 ὡς
1715 2092 1897 2146 κίνδυ-

296 2200 391 2238 νον
418 2184 632 2253 ἔχοντα.
667 2184 805 2254 Περὶ
859 2184 961 2255 μὲν
990 2185 1056 2255 δὴ
1100 2184 1292 2238 τούτου
1339 2182 1574 2238 τοσαῦτα
1624 2184 1886 2254 εἰρήσθω.

1995 1823 2135 1887 doti,
2176 1822 2477 1879 Theodosii
2526 1839 2591 1878 ac
2642 1822 2936 1886 Theoduli,
2975 1829 3028 1877 et
3072 1827 3349 1891 quotquot
3391 1817 3587 1888 hujus-

1995 1915 2143 1969 modi
2172 1915 2445 1971 habebam
2481 1916 2725 1970 nomina.
2770 1916 2917 1969 lnter
2943 1928 3083 1983 quos
3110 1912 3276 1968 etiam
3322 1909 3584 1964 Theodo-

1995 2008 2172 2063 sinlus
2225 2007 2451 2079 quidam
2509 2008 2595 2063 vir
2637 2006 3000 2070 fortissimus,
3055 2005 3227 2061 nobili
3273 2017 3475 2075 genere
3530 2001 3588 2054 in

2003 2094 2280 2167 Hispania
2311 2098 2610 2161 oriundus,
2638 2097 2759 2152 neci
2778 2097 2944 2153 datus
2976 2108 3078 2152 est.
3114 2096 3306 2165 Itaque
3322 2094 3393 2148 ob
3415 2093 3592 2146 immi-

1998 2189 2184 2245 nentis
2231 2191 2463 2260 periculi
2515 2198 2743 2254 metum,
2798 2191 2956 2243 multi
3012 2196 3145 2243 tu‘uc
3198 2188 3428 2241 nomina
3489 2199 3591 2240 sua

299 2271 702 2340 immutarunt,
758 2292 822 2329 ea
883 2293 1003 2345 quae
1064 2292 1092 2330 a
1142 2278 1466 2347 parentibus
1517 2288 1869 2345 acceperant,
1908 2284 2171 2350 tanquam
2212 2284 2463 2354 periculo
2520 2284 2765 2339 obnoxia
2831 2282 3141 2353 ejitrantes.
3198 2279 3305 2335 Sed
3381 2279 3451 2334 de
3505 2278 3592 2333 his

301 2369 598 2422 hactenus.

910 2465 951 2515 K
964 2465 1158 2519 ΕΦΛΛ.
1211 2466 1295 2520 κ’.

299 2557 441 2626 Περὶ
474 2557 591 2625 τῆς
633 2557 985 2611 Ἀθανασίου
1022 2555 1333 2637 τελευτῆς,
1364 2556 1460 2612 και
1498 2556 1731 2626 Πέτρου
1759 2572 1901 2626 προ-

971 2644 1228 2697 αγωγιις.

386 2719 586 2773 ’ἰστέον
611 2719 686 2782 δὲ,
717 2721 799 2773 ὅτι
845 2720 950 2782 ἕως
987 2719 1184 2790 περιῆν
1223 2717 1536 2783 Ἀθανάσιος
1562 2720 1591 2775 ὁ
1622 2717 1722 2789 τῆς
1758 2718 1904 2771 Ἀλε-

301 2808 576 2881 ξανδρέων
621 2811 937 2875 ἐπίσκοπος,
981 2809 1044 2863 ἐκ
1091 2826 1234 2873 τινος
1271 2809 1407 2863 Θεοῦ
1456 2810 1710 2882 προνοίας
1737 2810 1905 2879 ὑπερ-

302 2899 459 2952 έθετο
496 2900 729 2971 ταράξαι
764 2900 861 2972 τὴν
898 2899 1306 2971 ’Δλεξάνδρειαν
1356 2901 1451 2954 καὶ
1497 2899 1595 2972 τὴν
1632 2899 1905 2969 Αἴγυπτον

300 2995 335 3045 ὁ
364 2992 640 3063 βασιλεὺς,
675 2991 1078 3063 πυνθανόμενος
1113 2992 1364 3052 πλεῖστον
1395 2988 1538 3047 εἶναι
1578 2992 1702 3046 κατ’
1735 2991 1903 3062 αὐτὴν

2776 2502 2792 2517 .
2836 2460 2954 2516 XX.

2776 2502 2792 2517 .
2884 2460 2954 2516 Χ.

2143 2556 2218 2611 De
2239 2555 2387 2610 obitu
2421 2461 2781 2612 Ᾱιὴαηαὲἓξι
2813 2460 2881 2609 (ἐξ
2906 2553 3239 2622 promotione
3276 2549 3452 2605 Petri.

2079 2712 2377 2770 Sciendum
2435 2727 2602 2782 porro
2648 2718 2757 2773 est,
2823 2708 3073 2781 quandiu
3145 2713 3433 2777 superstes
3490 2701 3595 2759 fuit

2002 2806 2341 2862 Athanasius
2377 2803 2767 2859 Alexandrinae
2806 2802 2962 2858 urbis
3001 2801 3326 2882 episcopus,
3362 2797 3596 2865 impera-

2012 2903 2215 2959 torem,
2241 2896 2428 2950 divina
2457 2895 2509 2949 id
2556 2903 2754 2964 agente
2785 2891 3152 2963 providentia,
3186 2885 3530 2944 abstinuisse
3565 2898 3594 2937 a

2012 2988 2304 3042 vexatione
2345 2984 2567 3056 Egypt:
2610 2992 2778 3053 atque
2826 2980 3209 3044 Alexandriae;
3257 2976 3463 3047 quippe
3500 2972 3597 3044 qui

300 3085 367 3137 τὸ
420 3082 626 3153 πλῆθος
680 3083 790 3136 τῶν
839 3082 1252 3155 προσκειμένων
1296 3083 1631 3155 Ἀθανασὶῳ,
1687 3083 1784 3137 καὶ
1837 3085 1900 3136 ἐκ

2005 3080 2366 3150 comperisset
2412 3078 2708 3131 maximam
2768 3075 2884 3130 illic
2943 3073 3229 3128 hominum
3290 3067 3597 3122 multitudi-

303 3175 498 3229 τούτου
548 3175 899 3247 ὑφορώμενος
963 3176 1194 3248 μήποτε,
1257 3175 1553 3247 γενομένης
1612 3175 1755 3231 κατὰ
1805 3175 1905 3247 τὴν

318 3265 732 3336 ’Δλεξάνδρειαν
772 3264 1035 3330 στάσεως,
1083 3266 1244 3337 φύσει
1269 3267 1330 3321 τὸ
1362 3267 1610 3337 δημῶδες
1644 3266 1905 3339 ἔνθερμον

298 3356 370 3413 ὃν
422 3358 749 3430 προσὸλάψῃ
774 3357 842 3411 τὰ
878 3358 1111 3428 δημόσια
1139 3358 1459 3429 πράγματα.
1504 3359 1562 3412 '0
1585 3357 1643 3411 δὲ
1682 3358 1907 3411 ’ΔΘανά·

242 3470 247 3471 ν
311 3466 451 3515 σιος,
490 3451 553 3503 ὲν
586 3449 821 3521 ὑπατεία
851 3448 1149 3520 Γρατιανοῦ
1186 3451 1213 3490 δ
1252 3449 1312 3503 τὸ
1347 3448 1599 3522 δεύτερον
1635 3449 1729 3503 καὶ
1767 3449 1908 3520 Πρός

2010 3186 2136 3228 nem
2166 3171 2469 3226 Athanasio
2505 3169 2724 3225 favere:
2755 3177 2923 3238 atque
2960 3166 3174 3220 idcirco
3208 3164 3477 3215 metueret
3507 3173 3595 3219 ne,

2011 3273 2130 3319 orta
2169 3263 2518 3318 Alexandrite
2548 3260 2843 3326 seditione,
2887 3259 3043 3329 plebs
3070 3270 3191 3326 qua:
3225 3262 3425 3323 suopte
3455 3251 3611 3319 inge-

2013 3356 2105 3410 nio
2128 3355 2429 3410 ferventior
2451 3364 2558 3416 est,
2594 3352 2833 3423 publicis
2864 3352 3031 3405 rebus
3064 3348 3327 3402 damnum
3350 3342 3596 3397 aﬂerret.

2012 3444 2187 3502 Porro
2214 3446 2556 3502 Athanasius
2586 3444 2857 3500 Gratiano
2884 3444 3082 3497 iterum
3127 3447 3183 3495 et
3238 3436 3422 3492 Probo
3465 3450 3596 3491 con-

1531 3620 1805 3677 VALESII
1844 3619 2412 3681 ANNOTATIONES.

311 3718 735 3776 consuluerant.
776 3727 837 3773 nt
861 3719 1113 3789 quisnam
1160 3715 1376 3790 Valenti
1424 3718 1480 3773 in
1508 3718 1746 3790 imperio
1775 3733 1905 3790 suc-

310 3805 586 3860 cessarus
620 3800 769 3848 esset
790 3787 1225 3860 cognoscerent,
1272 3788 1393 3844 fuse
1438 3787 1608 3844 refert
1662 3789 1906 3844 Ammia-

314 3876 425 3915 nus
449 3858 802 3917 Marcellinus
832 3858 887 3914 in
951 3860 1047 3914 lib.
1079 3875 1226 3913 xxix.
1289 3859 1399 3914 Sed
1452 3872 1692 3928 quonam
1757 3872 1906 3914 anno

318 3931 373 3984 id
426 3932 723 4000 contigerit
762 3931 1064 3984 obscurum
1113 3937 1225 4000 pst.
1264 3929 1532 3983 Baronius
1566 3929 1787 4000 quidem
1844 3930 1902 3983 in

315 3997 649 4067 Annalibus,
691 4016 839 4055 anno
870 4000 1074 4054 Christi
1108 3997 1218 4055 370
1251 4000 1302 4054 id
1325 3997 1600 4067 assignat:
1628 3998 1740 4068 Ego
1779 4014 1908 4054 vero

318 4087 467 4125 anno
508 4070 724 4126 Domini
758 4072 884 4131 571,
914 4078 1007 4123 aut
1030 4069 1135 4123 572
1161 4073 1385 4124 ineunte
1415 4070 1471 4123 id
1506 4075 1724 4139 gestum
1751 4077 1903 4138 puto.

2005 3720 2498 3789 conspirationem,
2523 3718 2617 3789 qui
2649 3718 2938 3789 oraculum
2968 3716 3037 3772 de
3074 3717 3262 3773 futuro
3290 3714 3600 3789 imperato-

2006 3805 2066 3845 re
2126 3785 2554 3854 consuluerant,
2589 3802 2735 3843 anno
2793 3788 3042 3843 Valentis
3102 3804 3253 3843 nono
3329 3785 3600 3839 adscribit

2003 3860 2147 3917 idem
2178 3860 2562 3930 Theophanes.
2602 3860 2758 3925 Quod
2796 3876 2920 3913 cum
2956 3867 3150 3914 nostra
3193 3856 3467 3914 sententia
3500 3870 3600 3922 0p-

2009 3932 2140 3985 time
2166 3929 2446 4001 congruit,
2484 3933 2528 3987 si
2582 3930 2826 4001 Valentis
2881 3945 3087 4001 annum
3151 3929 3394 4001 primum
3449 3940 3599 3979 com-

2004 3996 2321 4072 putemus'a
2358 4003 2653 4056 consulatu
2695 3998 2913 4072 Ioviani
2949 4009 3004 4054 et
3034 3996 3382 4072 Varroniani.

2082 4071 2193 4141 (ΘΞ)
2222 4072 2624 4141 Θεοδοσίολός
2656 4088 2767 4136 τις,
2798 4069 2955 4138 ἀνὴρ
2988 4067 3283 4141 γενναῖος.
3331 4063 3598 4141 Quisnam

320 4139 532 4197 Valens
563 4144 711 4198 enim
737 4156 884 4196 anno
915 4143 930 4160 ‘
963 4140 1173 4194 Christi
1201 4140 1328 4204 371,
1371 4133 1667 4208 linitajam
1715 4133 1907 4194 aistate
1936 4153 1983 4209 ι)
2012 4133 2099 4198 εἰι
2120 4133 2210 4195 hic
2260 4133 2630 4202 Theodosius,
2696 4133 2971 4193 inCertuin
2997 4133 3007 4138 ⁷
3032 4145 3142 4209 est.
3197 4135 3385 4209 Neque
3432 4133 3596 4209 .eniut

320 4211 678 4281 Antiochiam
747 4212 1034 4281 ingressus
1086 4218 1194 4271 est,
1255 4209 1520 4264 Gratiano
1568 4209 1817 4265 secundo
1849 4219 1905 4265 et

323 4280 504 4336 Probo
531 4280 878 4341 consulibus,
912 4291 970 4335 ut
1000 4281 1055 4335 in
1093 4281 1549 4335 annotationibus
1590 4280 1657 4333 ad
1710 4294 1904 4348 supra-

321 4353 531 4405 dictum
566 4354 771 4406 librum
820 4350 1119 4405 Marcellini
1180 4350 1579 4413 demonstravi,
1610 4351 1807 4417 partim
1835 4364 1903 4405 ex

324 4422 539 4490 legibus
566 4422 793 4477 Codicis
817 4420 1208 4483 Theodosiani,
1235 4422 1430 4489 partim
1460 4436 1528 4475 ex
1580 4419 1795 4474 Libanii
1840 4420 1903 4473 li-

329 4492 433 4545 hro
456 4493 524 4546 de
557 4490 682 4546 Vita
713 4508 838 4549 sua.
867 4491 1159 4560 Tragoedia
1187 4504 1370 4560 autem
1404 4491 1517 4553 illa,
1551 4501 1604 4544 et
1624 4504 1906 4559 conspira-

324 4562 405 4616 tio
434 4561 815 4616 malelicornm
865 4559 1131 4616 adversus
1166 4559 1469 4620 Valentem.
1499 4562 1728 4627 contigit
1782 4568 1906 4629 post

325 4633 445 4700 ejus
477 4631 790 4702 ingressum
818 4632 872 4685 in
899 4632 1090 4685 urbem
1126 4630 1548 4702 Antiochenam,
1589 4638 1648 4684 ut
1683 4639 1905 4685 constat

325 4718 389 4756 ex
424 4701 764 4756 Marcellino.
817 4704 976 4757 Anno
1012 4702 1177 4769 igitur
1214 4701 1340 4761 571,
1371 4702 1456 4754 vel
1506 4711 1654 4754 certe
1683 4702 1906 4756 ineunte

327 4770 451 4837 372,
468 4771 764 4842 contigerit
786 4785 1011 4842 necesse
1027 4779 1132 4826 est.
1152 4769 1310 4825 Certe
1331 4770 1695 4842 Theophanes
1719 4785 1785 4825 ac
1806 4770 1907 4825 Ce-

330 4843 535 4897 drenus
584 4840 831 4897 Valentis
858 4840 1170 4911 ingressuri:
1208 4844 1259 4911 in
1289 4842 1481 4896 urbem
1502 4841 1905 4895 Antiochenam

329 4928 474 4968 anno
496 4913 862 4989 illiusoctavo
886 4909 1194 4981 assignant.
1216 4909 1366 4966 Illam
1400 4917 1582 4966 autem
1614 4912 1905 4981 impiorum

2014 4213 2385 4267 Theodosium
2420 4210 2574 4265 illum
2604 4224 2727 4264 esse
2777 4209 3035 4263 existimo
3080 4201 3381 4259 Theodosii
3430 4201 3599 4271 impe-

2013 4283 2214 4337 ratoris
2242 4291 2475 4351 patrem,
2505 4280 2573 4351 de
2619 4294 2730 4351 quo
2760 4276 3093 4351 Annnianus
3122 4271 3485 4351 Marcellinus
3523 4274 3602 4351 lo-

2013 4354 2206 4419 quitur
2242 4340 2467 4420 'passim'
2503 4349 2560 4402 in
2601 4340 2719 4403 suis
2759 4347 2936 4420 libris.
2974 4344 3075 4399 Hic
3131 4345 3277 4420 enim
3327 4344 3403 4420 in.
3444 4340 3602 4420 Occi-

2014 4410 2182 4478 dente
2213 4410 2468 4475 versatus
2511 4428 2616 4481 est,
2646 4432 2747 4471 nec
2775 4417 2881 4471 nisi
2931 4424 3055 4484 post
3093 4416 3301 4470 obitum
3359 4410 3602 4466 Valenti-

2015 4493 2168 4547 niani
2192 4491 2415 4545 occisus
2449 4491 2572 4550 fuit,
2608 4503 2707 4557 per
2765 4487 2801 4539 fi
2818 4486 3015 4539 andem
3066 4493 3121 4541 et
3161 4484 3399 4557 insidias
3426 4484 3601 4536 male

2014 4563 2289 4617 volorum.
2322 4558 2500 4613 Verba
2557 4553 2740 4612 tamen
2779 4559 2870 4610 illa
2912 4572 3037 4624 qua!
3099 4555 3253 4610 addit
3317 4553 3600 4611 Socrates.

2014 4634 2156 4705 ἀνὴρ
2188 4632 2435 4705 γενναῖος
2456 4628 2652 4705 ὲκ-τῶν
2678 4627 3023 4705 εᾷπατριδῶν
3041 4628 3143 4705 τῇς
3174 4624 3472 4705 Ἱσπανίας,
3494 4638 3602 4705 .op-

2017 4694 2149 4759 time
2190 4694 2270 4756 illi
2310 4701 2673 4754 conveniunt.
2720 4698 2774 4752 In
2819 4694 3011 4752 codice
3068 4694 3352 4751 Sfortiano
3407 4694 3603 4761 legitur

2015 4773 2296 4837 Θεοδόσιος
2320 4771 2479 4834 ἄλλος
2499 4788 2603 4835 τις.
2635 4769 2979 4839 Epiphanius
3014 4782 3237 4839 quoque
3296 4763 3603 4820 Scholasti-

2017 4861 2117 4901 cus
2140 4842 2509 4899 Theodosium
2541 4848 2717 4897 vocat.

1761 5083 2155 5143 VARIORUM.

398 5214 418 5234 '
452 5209 654 5266 Verum
698 5209 973 5265 Antonius
1025 5208 1155 5280 Pagi
1210 5224 1324 5264 non
1378 5207 1594 5280 dubitat
1641 5208 1795 5280 quin
1830 5208 1915 5280 hae

370 5283 666 5337 naestiones
694 5280 763 5335 de
786 5280 856 5334 iis
882 5280 987 5350 qui,
1017 5279 1210 5350 magos
1252 5279 1673 5343 eonsuluerant,
1710 5279 1916 5334 habita:

356 5349 541 5407 herint
571 5366 722 5405 anno
751 5350 877 5405 373.
912 5349 992 5403 Ad
1023 5349 1154 5403 ann.
1186 5350 1311 5409 570,
1340 5367 1397 5403 n.
1423 5350 1512 5402 51.

414 5432 442 5471 σ
499 5423 555 5475 ’0
613 5420 684 5475 δὲ
727 5419 1080 5484 Ἀθαγάσιος
1131 5420 1203 5473 ἐν
1250 5420 1506 5485 ὑπατείᾳ
1558 5418 1912 5487 Γρατιανοῦ.

335 5491 486 5548 lianc
536 5492 922 5559 rhronologia:
970 5492 1236 5544 rationem
1269 5507 1390 5560 quae
1420 5487 1638 5542 confert
1681 5496 1911 5560 mortem

333 5564 621 5619 Athanasii
646 5562 700 5615 iu
733 5576 942 5615 annum
968 5560 1093 5625 3'71,
1121 5567 1207 5616 sat
1235 5560 1514 5613 ﬁrmitatis
1547 5575 1655 5613 nun
1690 5559 1911 5621 habere,

334 5635 571 5689 suadent
594 5640 785 5703 aperta
816 5631 1191 5703 antiquiorum
1215 5631 1549 5703 scriptorum
1577 5629 1911 5703 testimonia.

339 5698 736 5774 Hieronymus.
772 5700 842 5757 ad
893 5698 1098 5756 annum
1133 5698 1351 5757 Domini
1396 5699 1522 5759 37L
1569 5699 1643 5759 ait
1697 5698 1914 5753 Petrum

2015 5203 2303 5261 Athanasii
2363 5200 2549 5257 sedem
2592 5196 2898 5268 excepisse,
2943 5195 3039 5266 qui
3094 5208 3275 5250 annus
3331 5201 3418 5250 est
3480 5204 3601 5268 am

2018 5285 2227 5329 nostra;
2254 5273 2379 5329 573.
2409 5270 2693 5325 Proterius
2734 5262 2888 5339 iero,
2925 5262 3074 5339 unus
3095 5262 3601 5339 “successoribus

2016 5344 2310 5399 Athanasii
2342 5343 2396 5396 in
2432 5340 2567 5397 sede
2593 5330 2983 5400 Alexandrina,
3008 5338 3062 5391 in
3093 5335 3327 5409 epistola
3354 5330 3600 5409 Paschali

2016 5418 2100 5470 sic
2148 5414 2313 5468 habet
2348 5430 2363 5466 :
2400 5410 2468 5465 In
2515 5410 2834 5475 octogesimo
2888 5423 3027 5461 nono
3073 5402 3330 5475 annoiab
3381 5402 3600 5475 imperio

2017 5467 2357 5540 Diocletiani,
2396 5467 2679 5550 supersliie
2702 5488 3068 5551 pratreinostro
3088 5482 3139 5528 et
3162 5474 3408 5551 βρίδος),Ρο
3435 5467 3599 5551 AM“:

2017 5557 2201 5616 nasia,
2248 5569 2389 5606 cum-
2415 5540 2503 5606 xiv
2544 5554 2672 5605 luna
2702 5540 3030 5621 'l’asgholia,
3075 5556 3246 5621 xxvnt
3288 5540 3383 5621 die.
3411 5540 3611 5621 mensis

2029 5605 2366 5687 ιήἱάὶνὶιηυιιι,
2399 5605 2452 5675 id
2491 5630 2569 5677 est
2615 5637 2752 5675 nono
2798 5605 3162 5687 Kalendarum
3211 5609 3476 5687 Aprilium
3519 5605 3607 5656 die

2015 5680 2366 5766 provenisset.
2407 5694 2494 5748 die
2532 5689 2841 5748 Dominico.
2875 5690 2930 5740 in
2975 5680 3374 5737 subsecuntur
3431 5685 3607 5730 trans-
