4070 6204
294 257 409 315 509
1187 257 1511 315 HISTORIA
1555 258 2109 317 ECCLESIASTICA.
2143 293 2213 303 —
2246 262 2373 320 LIB.
2401 263 2493 319 IV.
3457 263 3561 319 5w

292 397 482 450 νηται,
510 377 544 449 ἧ
578 379 682 434 ὅσα
710 378 852 434 κατὰ
877 380 985 435 τῶν
1009 379 1426 447 ὲξωθισθέντων,
1452 382 1510 438 ἐν
1540 401 1600 437 τε
1629 384 1856 454 δικαστη

1986 384 2118 451 sint,
2149 393 2203 440 et
2246 401 2368 456 qua:
2409 385 2676 441 adversus
2712 384 2836 439 illos
2879 383 2974 453 qui
3005 381 3222 454 expulsi
3259 392 3411 446 sunt,
3448 391 3561 437 tum

292 469 440 538 ρίοις
504 469 600 522 καὶ
632 468 789 534 ἐκτὸς
829 471 1193 546 δικαστηρίων
1237 473 1506 545 ἐπράχθη,
1551 476 1700 540 ὅπως
1726 493 1786 530 τε
1831 492 1860 527 ο

1985 474 2285 543 injudiciis
2323 482 2439 529 tum
2480 487 2634 529 extra
2660 472 2934 543 judicium
2967 481 3097 527 sunt
3129 480 3318 543 gesta;
3347 480 3401 525 et
3424 488 3568 542 quo.

295 561 401 632 μὲν
422 560 680 631 βασάνοις
709 564 978 628 ποικίλαις
1005 564 1411 638 ὑπεϐλήθησαν,
1438 568 1490 621 οἱ
1518 567 1575 621 δὲ
1626 569 1720 622 καὶ
1748 568 1886 640 μετὰ

287 654 394 717 τάς
422 653 689 724 βασάνους
712 655 1111 727 ἐξωρίσθησαν·
1146 658 1371 722 Σαϐῖνος
1405 658 1504 730 μὲν
1533 658 1640 713 οὐδ’
1671 661 1885 731 ἡντινα-

288 742 390 798 οῦν
436 745 730 816 πεποίηται
779 747 1020 817 μνήμην.
1062 746 1411 819 ’Δρειανίζων
1458 749 1568 820 γὰρ
1612 750 1672 804 τὸ
1712 751 1882 820 ἥμισυ

289 834 527 907 κρύπτει
579 836 650 891 τὰ
703 836 814 890 τῶν
866 837 1034 906 φίλων
1085 839 1417 911 ἀδικήματα.
1488 841 1691 913 Πέτρος
1715 842 1772 895 δέ
1799 858 1882 895 τοι

288 922 617 994 γράμμασιν
635 924 876 988 οἰκείοις,
893 923 930 978 ἃ
955 924 1094 995 μετὰ
1118 925 1216 996 τὴν
1242 929 1306 979 ὲκ
1332 927 1440 981 τῶν
1465 927 1678 1000 δεσμῶν
1704 929 1881 1002 φυγὴν

289 1018 415 1079 ταῖς
454 1016 727 1086 πανταχοῦ
787 1015 1108 1087 ἐκκλησίαις
1133 1017 1490 1088 διεπέμψατο,
1527 1020 1732 1092 φανερὰ
1768 1024 1881 1085 τοῖς

290 1107 429 1159 πᾶσι
465 1105 818 1191 κατέστησεν.
859 1101 1030 1173 Οὗτος
1062 1112 1163 1184 μὲν
1191 1110 1307 1181 οὖν,
1331 1115 1608 1186 διαδρᾶσαι
1642 1118 1739 1188 τῆς
1764 1120 1879 1191 είρ-

290 1198 432 1268 κτῆς
472 1197 716 1268 ἰσχύσας,
754 1200 892 1270 πρὸς
923 1204 1175 1273 Δάμασον
1203 1206 1294 1259 τὸν
1326 1208 1621 1263 ἐπίσκοπον
1660 1210 1878 1284 Ῥώμης

287 1288 585 1360 ἀνέδραμε.
618 1289 790 1344 Πάλιν
836 1290 894 1345 δὲ
936 1292 985 1346 οἱ
1029 1295 1296 1366 Ἀρειανοὶ
1333 1298 1428 1351 καὶ
1466 1299 1634 1369 ὀλίγοι
1677 1303 1879 1374 τυγχά-

289 1397 498 1443 νοντες.
523 1380 633 1435 τῶν
661 1382 802 1436 κατὰ
829 1383 926 1455 τὴν
963 1385 1367 1457 ’Δλεξάνδρειαν
1395 1391 1699 1461 ἐκκλησιῶν
1729 1395 1878 1465 ὅμως

288 1470 619 1542 ἐκράτησαν.
644 1473 720 1526 ού
752 1474 916 1540 πολὺς
937 1475 995 1529 δὲ
1029 1477 1088 1530 ἐν
1118 1478 1270 1550 μέσῳ
1312 1480 1499 1552 χρόνος
1524 1484 1752 1550 ἐγίνετο,
1781 1488 1876 1541 καὶ

289 1561 558 1631 βασιλέως
584 1563 839 1619 ἐκέλευσε
867 1568 1213 1640 πρόσταγμα,
1244 1571 1340 1642 τῆς
1380 1590 1439 1626 τε
1476 1573 1876 1646 Ἀλεξανδρείας

286 1654 386 1707 καὶ
416 1655 751 1727 πανταχόθεν
776 1661 875 1730 τῆς
905 1660 1180 1728 Αἰγύπτου
1228 1662 1545 1719 ἐλαύνεσθαι
1574 1669 1702 1731 τοὺς
1739 1686 1874 1741 φρο-

1984 565 2146 620 modo
2177 564 2273 620 alii
2308 564 2528 636 quidem
2580 562 2873 619 tormentis
2920 561 3258 624 excrueiati.
3287 563 3381 616 alii
3430 579 3563 619 vero

1983 664 2110 726 post
2133 656 2417 713 cruciatus
2443 657 2611 712 etiam
2637 654 2832 710 exsilio
2854 653 3097 708 damnati
3128 653 3241 708 sint
3271 671 3285 706 :
3320 651 3561 710 Sabinus

1981 746 2205 816 quidem
2253 748 2570 802 nullatenus
2613 744 3088 801 commemoravit.
3115 743 3248 797 Nam
3285 760 3409 797 eum
3444 746 3563 814 ipse

1983 838 2365 894 Semiarianus
2405 846 2576 906 esset,
2609 838 2916 892 amicorum
2960 852 3188 891 suorum
3227 836 3432 889 scelera
3463 837 3564 889 ob-

1980 931 2133 985 texit.
2160 929 2360 986 Petrus
2406 945 2538 986 vero
2586 946 2682 1000 per
2717 930 2931 985 litteras
2977 943 3131 989 suas.
3159 942 3298 997 quas
3329 942 3393 981 ex
3441 927 3561 981 vin-

1979 1022 2124 1078 culis
2163 1023 2384 1092 elapsus
2417 1023 2485 1076 ad
2527 1036 2718 1077 omnes
2759 1020 2962 1089 ubique
2994 1019 3266 1075 ecclesias
3308 1018 3558 1087 scripsit,

1977 1112 2234 1168 omnibus
2281 1127 2344 1167 ea
2378 1112 2655 1182 patefecit.
2700 1111 2763 1164 Et
2812 1111 2899 1165 hic
2945 1110 3164 1180 quidem
3210 1124 3335 1162 cum
3384 1124 3443 1163 se
3491 1125 3557 1163 ex

1978 1220 2203 1260 carcere
2239 1206 2624 1276 proripuisset,
2660 1206 2724 1258 ad
2761 1204 3053 1258 Damasum
3099 1201 3359 1255 Romanae
3401 1202 3559 1256 urbis

1976 1297 2299 1367 episcopum
2354 1297 2659 1352 contendit.
2704 1296 2891 1351 Ariani
2942 1311 3095 1358 vero,
3150 1295 3279 1347 licet
3330 1308 3560 1347 numero

1978 1387 2164 1455 pauci,
2212 1386 2577 1440 nihilominus
2630 1385 3031 1440 Alexandrinas
3078 1382 3355 1437 Eeelesias
3406 1381 3559 1435 obti-

1975 1485 2236 1532 nuerunt.
2272 1475 2383 1532 Nec
2419 1478 2594 1531 multo
2632 1488 2776 1547 post.
2806 1491 2871 1530 ex
2903 1476 3254 1544 imperatoris
3283 1474 3558 1543 rescripto

1977 1568 2218 1623 universi
2252 1569 2346 1637 qui
2383 1569 2538 1622 [idem
2587 1566 3080 1623 consubstantialis
3127 1565 3556 1637 proﬁtebantur,

1977 1668 2091 1711 tum
2122 1676 2185 1715 ex
2217 1659 2353 1713 urbe
2380 1659 2731 1724 Alexandria,
2769 1669 2881 1712 tum
2919 1673 2984 1711 ex
3013 1658 3268 1710 universa
3302 1656 3559 1726 ,undique

285 1743 511 1810 νοῦντας
547 1725 625 1800 τὸή
646 1725 953 1818 ὁμοούσιον.
984 1725 1360 1807 ’Ὲπετέτακτο
1402 1754 1460 1808 δὲ
1489 1756 1584 1809 καὶ
1609 1758 1637 1810 ὁ
1664 1725 1863 1829 άρχων,

1977 1750 2210 1820 Aigypto
2264 1751 2387 1821 pelli
2438 1749 2723 1820 iubentur.
2781 1749 2959 1803 Simul
3014 1746 3273 1817 praelecto
3337 1725 3556 1817 [Egypli

285 1837 388 1890 σὺν
413 1836 595 1907 πολλῷ
621 1838 816 1909 πλήθει
860 1841 1207 1912 στρατιωτῶν
1251 1842 1464 1898 διώκειν
1513 1848 1868 1919 πανταχόθεν,

280 1927 443 1990 ὅσους
476 1924 692 1980 ἐκέλευε
720 1929 970 1994 Λούκιος.
1006 1933 1277 1987 Ἐσκυλαν
1322 1935 1379 1989 δὲ
1426 1938 1727 2007 τηνικαῦτα
1775 1942 1872 1994 καὶ

281 2014 592 2085 ἐτάραξαν,
648 2016 742 2071 καὶ
797 2017 988 2083 δεινῶς
1055 2023 1507 2095 κατεπολέμησαν
1564 2025 1635 2080 τὰ
1686 2030 1745 2083 ἐν
1800 2033 1867 2102 τῇ

281 2102 483 2171 ἐρήμῳ
542 2104 899 2175 μοναστήρια.
944 2106 1293 2173 Ἐπελθόντες
1342 2111 1452 2184 γὰρ
1510 2113 1721 2170 ἔνοπλοι
1766 2134 1867 2187 γυ-

285 2194 442 2261 μνοῖς
472 2193 715 2263 ἀνδράσι,
746 2197 839 2249 καὶ
890 2197 1011 2253 οὐδὲ
1057 2200 1158 2271 τὴν
1209 2206 1367 2274 χεῖρα
1398 2205 1567 2276 αὐτὴν
1607 2208 1869 2264 ἐκτείνειν

283 2282 422 2372 πρὸς
456 2284 671 2355 πληγὴν
718 2289 1085 2361 αἱρουμένοις,
1139 2291 1312 2357 οὕτως
1355 2284 1603 2361 ἐλεεινῶς
1640 2298 1868 2372 ἐξεπόρ-

286 2370 480 2441 θησαν,
528 2376 605 2440 ὠς
662 2373 801 2432 εἶναι
854 2379 1013 2453 λόγου
1067 2382 1356 2456 κρείσσονα
1408 2386 1476 2441 τὰ
1520 2389 1641 2443 κατ’
1689 2370 1867 2446 αὐτῶν

286 2466 433 2539 πάθη
469 2470 755 2541 γενόμενα.

870 2650 1121 2705 ΚΕΦΑΛ.
1158 2653 1285 2710 KI".

282 2736 634 2808 Κατάλοτος
691 2739 810 2795 τῶν
860 2741 933 2796 ἐν
974 2742 1051 2814 τῇ
1094 2745 1294 2815 ἐρήμῳ
1337 2749 1522 2820 ἁγίων
1557 2753 1860 2825 peragar.

308 2972 316 2980 ,
360 2916 583 2990 Ἐπειδὴ
612 2917 672 2973 δέ
701 2919 810 2974 τῶν
840 2920 901 2974 ἐν
944 2920 1206 2996 Αἰγύπτῳ
1237 2927 1611 2999 μοναστηρίων
1642 2930 1862 3004 μνήμην

1974 1842 2294 1895 mandatum
2328 1851 2412 1896 est
2463 1851 2521 1894 ut
2553 1840 2776 1894 militari
2813 1855 2975 1892 manu
3010 1839 3212 1907 ubique
3253 1854 3555 1908 persequev

1973 1941 2124 1986 retur
2156 1947 2253 1987 eos
2282 1947 2422 2001 quos
2450 1929 2655 1985 Lucius
2695 1930 2821 1999 pelli
2853 1928 3142 1997 jussisset.
3178 1927 3380 1981 Eodem
3417 1934 3556 1981 tem-

1970 2036 2105 2090 pore
2138 2022 2473 2076 monasteria
2495 2022 2550 2074 in
2582 2019 2881 2073 solitudine
2911 2026 3103 2072 vexata
3129 2018 3196 2069 ah
3228 2018 3358 2078 illis.
3384 2025 3553 2088 atque

1969 2112 2248 2181 exagitata
2303 2121 2358 2166 et
2413 2110 2712 2165 crudeliter
2762 2116 3083 2179 oppugnata
3137 2115 3289 2163 sunt.
3334 2108 3552 2162 Annali

1968 2203 2113 2259 enim
2163 2203 2437 2257 irruentes
2480 2202 2532 2255 in
2584 2202 2729 2256 viros
2776 2200 3037 2265 inermes,
3068 2200 3163 2270 qui
3220 2216 3288 2254 ne
3324 2216 3547 2254 manum

1968 2290 2187 2360 quidem
2247 2291 2545 2345 extendere
2594 2289 2660 2343 ad
2717 2287 3026 2344 feriendum
3084 2288 3375 2352 volebant,
3411 2289 3551 2344 adeo

1966 2382 2229 2436 atrociter
2273 2397 2371 2437 eos
2413 2381 2796 2445 devastarunt,
2845 2391 2903 2436 ut
2946 2396 3068 2450 quae
3094 2378 3379 2437 adversus
3425 2382 3549 2438 illos

1925 2479 2276 2543 ’perpetrata
2327 2481 2478 2541 sunt,
2524 2487 2743 2529 omnem
2795 2472 3014 2528 dicendi
3059 2482 3322 2544 superent
3372 2472 3549 2528 lacul-

1966 2572 2159 2620 tatem.

2551 2670 2707 2727 CAP.
2741 2670 2927 2728 XXIII.

1965 2761 2259 2836 Calalogus
2291 2772 2603 2819 sanctorum
2641 2765 3021 2845 monachorum
3061 2766 3153 2835 qui
3179 2767 3233 2820 in
3261 2764 3546 2822 solitudine

2626 2844 2889 2888 vixerunt.

2036 2924 2142 2981 Sed
2168 2926 2433 2996 quoniam
2465 2925 2928 2980 monasteriorum
2958 2925 3178 2997 Egypti
3208 2926 3541 2981 mentionem

279 3007 650 3105 ἐποιησάμην,
668 3010 818 3065 οὐδὲν
843 3012 1044 3067 κωλύει
1069 3014 1201 3087 περὶ
1224 3016 1404 3072 αὐτῶν
1431 3018 1637 3091 βραχέα
1663 3020 1862 3087 διεξελ-

1967 3017 2220 3081 l'ecimus,
2266 3018 2402 3072 nihil
2454 3025 2601 3072 vetat
2651 3018 2947 3088 quominus
3001 3017 3069 3073 de
3121 3017 3317 3073 iisdem
3366 3033 3541 3088 pauca

281 3100 416 3155 θεῖν.
469 3102 553 3155 τὰ
605 3104 666 3156 ἐν
699 3104 961 3178 Αἰγύπτῳ
1005 3107 1315 3180 άσκητήρια
1367 3110 1496 3174 ἴσως
1531 3113 1629 3183 μὲν
1669 3115 1733 3167 ἐκ
1760 3133 1863 3186 μα-

277 3192 432 3264 κρῶν
454 3195 563 3247 τῶν
589 3195 797 3265 χρόνων
822 3197 982 3251 ἔλαϐε
1006 3198 1105 3269 τὴν
1137 3201 1333 3271 ἀρχήν.
1372 3195 1708 3276 Ἐπλατύνθη
1738 3205 1866 3275 μέν-

275 3299 361 3338 τοι
396 3285 493 3338 καὶ
542 3286 634 3338 ἐπὶ
674 3286 858 3357 μεῖζον
889 3289 1190 3360 προέκοψεν
1231 3292 1292 3358 ἐξ
1337 3292 1528 3364 ἀνδρὸς
1563 3294 1859 3365 θεοφιλοῦς,

274 3368 322 3444 ᾧ
355 3376 528 3445 δνομα
570 3371 640 3448 ἦν
679 3378 924 3449 ’Δμμοῦν
970 3390 1016 3434 1.
1071 3376 1238 3445 Οὗτος
1285 3384 1402 3445 νέος
1453 3385 1528 3438 ὣν
1570 3390 1864 3457 παρῃτεῖτο

274 3467 370 3521 τὸν
399 3472 600 3539 γάμον.
641 3469 728 3533 Ὠς
763 3470 822 3524 δέ
858 3488 1004 3536 τινες
1034 3473 1144 3527 τῶν
1171 3477 1552 3547 προσηκόντων
1585 3478 1862 3550 παρῄνουν

277 3563 356 3635 μὴ
407 3563 759 3635 καθυϐρίζειν
797 3566 888 3620 τὸν
923 3567 1123 3636 γάμον,
1158 3568 1297 3623 ἀλλὰ
1340 3572 1571 3639 γυναῖκα
1609 3572 1858 3641 ἄγεσθαι,

273 3657 525 3710 πείθεται
562 3657 681 3727 μὲν,
725 3660 820 3712 καὶ
857 3659 1076 3732 ἔρχεται
1104 3660 1197 3715 ἐπὶ
1220 3661 1417 3733 γάμον.
1450 3663 1625 3728 Εὐθὺς
1666 3665 1723 3718 δὲ
1751 3665 1860 3720 ἀπὸ

271 3749 372 3818 τῆς
398 3747 674 3811 παστάδος
700 3748 1030 3821 παραλαϐὼν
1062 3751 1160 3822 τὴν
1191 3750 1479 3822 παρθένον,
1512 3752 1605 3805 καὶ
1635 3754 1858 3822 ἀγαγὼν

272 3841 367 3894 ἐπὶ
391 3840 494 3912 τὴν
524 3839 756 3896 κοιτῶνα
795 3842 933 3913 μετά
974 3844 1075 3915 τῆς
1120 3846 1373 3911 εἰωθυίας
1411 3849 1656 3918 πομπῆς,
1704 3849 1858 3914 τέλος

271 3932 747 4004 ἀναχωρησάντων
788 3935 896 3987 τῶν
941 3935 1283 4008 ἐπιτηδείων,
1308 3940 1469 4004 αὐτὸς
1517 3940 1720 4010 βιϐλίον
1764 3942 1857 3996 λαο

272 4022 386 4075 ϐῶν
435 4025 810 4088 άποστολικδν,
852 4022 958 4094 τὴν
978 4027 1113 4099 πρὸς
1140 4030 1460 4101 Κορινθίους
1488 4032 1700 4086 Παύλου
1729 4036 1852 4088 ἐπι·-

271 4113 469 4185 στολὴν
515 4114 847 4184 ἀνεγίνωσκε
870 4155 886 4181 ,
933 4120 1026 4171 καὶ
1068 4119 1206 4190 πρὸς
1247 4121 1345 4191 τὴν
1388 4124 1635 4195 γαμετὴν
1665 4125 1733 4179 τὰ
1762 4126 1854 4180 τοῦ

280 4203 609 4259 ’Δποστόλου
660 4208 796 4278 πρὸς
840 4210 965 4272 τοὺς
1013 4212 1396 4283 γεγαμηκότας
1424 4216 1857 4288 παραγγέλματα

268 4298 604 4371 διεξήρχετο.
649 4301 828 4355 Πολλὰ
872 4301 929 4355 δὲ
964 4304 1060 4356 καὶ
1108 4303 1304 4371 ἔξωθεν
1348 4309 1509 4373 αὐτὸς
1544 4312 1854 4381 προστιθεὶς

1965 3110 2237 3166 dicamus.
2265 3109 2592 3165 Monasteria
2622 3126 2746 3181 qua:
2776 3112 2830 3165 ln
2863 3109 3098 3181 Egypto
3130 3124 3285 3179 sunt,
3309 3109 3539 3165 forsitan

1964 3203 2185 3273 quidem
2215 3203 2284 3257 ab
2322 3203 2515 3256 ultima
2543 3203 2876 3273 antiquitate
2913 3211 3206 3257 traxerunt
3243 3202 3536 3272 originem.

1964 3298 2137 3352 Aucta
2173 3305 2358 3350 tamen
2390 3303 2445 3350 et
2484 3295 2816 3365 amplificata
2842 3304 2973 3351 sunt
2995 3296 3194 3349 mirum
3227 3297 3282 3350 iu
3317 3295 3537 3350 modum

1963 3404 1993 3443 a
2034 3389 2151 3444 viro
2203 3389 2577 3449 sanctissimo,
2609 3390 2698 3444 cui
2752 3404 2951 3444 nomen
2987 3396 3108 3443 erat
3140 3388 3396 3443 Ammon.
3430 3386 3535 3453 Qui

1962 3493 2090 3533 eum
2138 3486 2287 3532 esset
2341 3477 2689 3544 adolescens,
2739 3480 2963 3549 nuptias
3017 3478 3396 3533 aversabatur.
3428 3476 3534 3532 Sed

1970 3582 2097 3622 cum
2131 3567 2380 3621 nonnulli
2434 3584 2501 3622 ex
2533 3569 2855 3637 propinquis
2902 3583 3026 3623 eum
3086 3569 3440 3622 hortarentur
3480 3579 3539 3622 ut

1960 3673 2186 3714 uxorem
2213 3658 2463 3724 duceret,
2491 3673 2592 3713 nec
2624 3659 2944 3730 coniugium
2969 3659 3322 3713 contumeliis
3356 3659 3535 3714 allice-

1960 3760 2064 3815 ret,
2114 3751 2295 3821 paruit
2341 3751 2450 3816 ille,
2501 3763 2553 3806 et
2581 3752 2804 3822 nuptias
2860 3751 3181 3806 celebravit.
3218 3749 3532 3820 Statimque

1958 3858 2081 3899 cum
2107 3845 2375 3911 virginem
2400 3859 2430 3898 e
2450 3844 2694 3898 thalamo
2714 3844 3112 3915 apprehensum
3143 3857 3269 3897 cum
3301 3841 3536 3898 solemni

1958 3953 2152 4008 pompa
2188 3937 2439 3994 duxisset
2484 3938 2538 3992 in
2583 3938 2919 4003 cubiculum,
2948 3938 3169 3992 tandem
3214 3938 3536 4007 propinquis

1957 4044 2021 4083 ac
2043 4030 2410 4086 familiaribus
2429 4030 2711 4100 digressis.
2736 4030 2853 4099 ipse
2873 4030 3238 4100 apostolicum
3259 4030 3457 4081 librum
3479 4028 3533 4081 in

1955 4136 2151 4177 manus
2170 4138 2417 4186 sumens,
2437 4121 2738 4193 Epistulam
2765 4121 2913 4176 Pauli
2933 4122 3001 4175 ad
3019 4120 3336 4176 Corinthios
3354 4120 3535 4184 legere

1906 4218 1915 4231 '
1955 4213 2143 4283 cmpit,
2160 4220 2215 4267 et
2234 4227 2356 4282 quae
2374 4211 2472 4267 ille
2492 4213 2804 4281 coniugatis
2826 4212 3163 4282 praeciperet.
3180 4208 3402 4277 conjugi
3421 4222 3535 4262 sua:

1969 4318 2258 4374 exponere.
2282 4302 2450 4357 Multa
2475 4317 2735 4373 praeterea
2753 4302 2869 4371 ipse
2887 4300 3106 4355 aliunde
3136 4298 3424 4369 adjiciens,
3442 4298 3532 4353 do-

265 4389 573 4453 ἐδίδασκεν,
608 4390 707 4444 ὅσα
738 4392 767 4443 δ
794 4392 971 4463 γάμος
1003 4393 1116 4465 ἔχει
1173 4397 1426 4468 φορτικὰ,
1460 4399 1608 4463 ὅπως
1638 4418 1699 4454 τε
1749 4402 1846 4456 ἐπ-

1963 4403 2040 4451 :et
2088 4392 2251 4463 237
2293 4402 2498 4464 quanta
2535 4392 2849 4462 eonjugium
2895 4390 3093 4446 habeat
3144 4387 3528 4451 incommoda,

264 4477 477 4543 ὠδυνος
506 4479 543 4550 ἡ
574 4478 778 4549 μεταξὺ
811 4480 1003 4552 ἀνδρὸς
1023 4484 1116 4536 καὶ
1131 4486 1389 4552 γυναικὸς
1417 4487 1737 4556 συμϐίωσις,
1757 4490 1854 4545 καὶ

262 4564 378 4623 οἷαι
403 4570 597 4634 ὠδῖνες
619 4570 721 4642 τήν
762 4573 1135 4645 κυοφοροῦσαν
1164 4575 1474 4646 ἐκδέχονται
1499 4593 1513 4609 ⁸
1565 4580 1660 4633 καὶ
1687 4579 1755 4634 τὰ
1786 4582 1851 4636 ἐκ

261 4660 364 4732 τῆς
394 4661 791 4733 παιδοτροφίας
820 4663 1132 4735 προσετίθει
1163 4665 1430 4737 μοχθηρά.
1473 4668 1678 4739 Ἐπῆγε
1702 4670 1759 4724 δὲ
1781 4671 1851 4726 τά

263 4752 330 4804 ἐκ
360 4752 466 4819 τῆς
514 4752 736 4821 ἁγνείας
773 4754 1018 4825 χρηστὰ.
1067 4755 1162 4809 καὶ
1198 4757 1345 4819 ὅπως
1385 4758 1413 4810 ὁ
1453 4757 1696 4831 καθαρὸς
1735 4761 1849 4832 βίος

263 4843 417 4896 ἐστὶν
447 4842 757 4914 ἐλεύθερος,
804 4847 898 4898 καὶ
937 4846 1258 4915 ἀμόλυντος,
1286 4849 1383 4902 καὶ⁵
1429 4850 1630 4914 παντὸς
1669 4850 1844 4923 ῥύπου

263 4934 424 4999 ἐκτός
451 4951 467 4965 ο
512 4935 611 4988 καὶ
650 4936 733 4989 ὅτι
778 4938 811 5007 ἡ
861 4937 1125 5008 παρθενία
1166 4940 1318 5010 παρά
1346 4939 1482 4996 Θεὸν
1509 4938 1650 4997 εῖναι
1679 4947 1842 4998 ποιεῖ.

262 5026 452 5079 Ταῦτα
473 5026 569 5079 καὶ
588 5026 759 5080 πολλά
779 5027 1001 5082 τοιαῦτα
1025 5030 1162 5103 πρὸς
1185 5029 1284 5103 τὴν
1308 5033 1550 5106 γαμετήν
1578 5035 1845 5106 παρθένον

262 5113 433 5171 οὖσαν
462 5116 709 5182 διελθὼν,
739 5119 916 5172 πείθει
941 5120 1114 5192 αὐτὴν
1139 5124 1237 5177 σὺν
1263 5123 1435 5194 αὐτῷ,
1466 5125 1577 5195 πρὸ
1599 5126 1694 5181 τοῦ
1722 5146 1845 5181 συν-

263 5205 460 5271 ελθεῖν,
501 5205 879 5273 ἀποτάξασθαι
910 5207 991 5281 τῷ
1024 5209 1126 5280 βίῳ
1157 5210 1236 5281 τῷ
1266 5213 1533 5285 κοσμικῷ.
1576 5216 1687 5270 Καὶ
1713 5217 1845 5271 ταύ-

264 5312 361 5361 τας
396 5295 569 5367 ἄμφω
606 5296 709 5361 τὰς
750 5298 1025 5371 συνθήκας
1070 5300 1320 5371 θέμενοι,
1369 5305 1462 5358 ἐπὶ
1503 5304 1565 5358 τὸ
1596 5306 1722 5390 ὅρος
1747 5308 1849 5377 τῆς

1951 4489 2280 4556 quantisque
2329 4482 2595 4539 molestiis
2650 4483 2842 4552 plenus
2903 4481 2975 4536 sit
3015 4481 3116 4536 viri
3164 4493 3230 4534 ac
3281 4478 3530 4534 mulieris

1948 4577 2280 4633 convictus:
2326 4592 2490 4645 quam
2525 4575 2710 4630 acerbi
2768 4574 2990 4631 dolores
3038 4573 3320 4628 mulierem
3349 4572 3530 4641 gravi-

1948 4668 2073 4723 dam
2123 4666 2446 4737 excipiant:
2494 4667 2703 4721 addens
2748 4665 2913 4721 etiam
2964 4663 3245 4719 molestias
3291 4677 3412 4731 qua:
3461 4677 3529 4716 ex

1949 4763 2247 4818 liberorum
2283 4760 2609 4816 educatione
2662 4758 2813 4812 nasci
2860 4758 3057 4812 solent.
3092 4752 3247 4809 Tunc
3285 4754 3527 4811 vicissim

1949 4854 2220 4909 castitatis
2253 4852 2539 4907 commoda
2569 4851 2736 4920 cmpit
2793 4864 3081 4904 recensere
3113 4863 3127 4900 :
3164 4862 3326 4917 quam
3358 4847 3529 4902 libera

1950 4947 2022 5002 sit
2045 4948 2151 5017 vita
2183 4963 2336 5015 pura,
2374 4961 2537 5014 quam
2570 4946 2885 5014 incorrupta
2914 4951 2968 4999 et
2998 4944 3067 4998 ab
3097 4942 3244 4996 omni
3279 4942 3400 4998 labe
3430 4957 3526 4996 va-

1949 5053 2099 5092 cua:
2161 5048 2214 5092 et
2269 5036 2415 5108 quod
2456 5037 2741 5108 virginitas
2799 5036 3051 5091 homines
3098 5033 3208 5089 Deo
3249 5035 3527 5105 proximos

1953 5128 2153 5183 faciatp
2182 5129 2306 5185 llaec
2334 5137 2390 5185 et
2420 5129 2528 5183 alia
2556 5127 2824 5199 ejusmodi
2857 5128 3093 5199 plurima
3129 5127 3269 5195 apud
3301 5140 3524 5181 uxorem

1953 5236 2106 5275 suam
2172 5221 2445 5293 virginem
2498 5220 2755 5285 locutus,
2806 5219 3081 5289 persuasit
3127 5218 3203 5271 illi
3268 5226 3329 5271 ut
3362 5215 3524 5272 simul

1953 5310 2114 5366 ambo
2159 5320 2451 5382 antequam
2484 5309 2969 5381 congrederentur,
3005 5309 3325 5366 saecularem
3362 5308 3523 5362 vitam

1401 5478 1762 5538 VARIORUM
1802 5482 2361 5540 ANNOTATIONES.

338 5613 354 5662 ί
403 5619 684 5697 ’ἐμμοῦη
716 5619 976 5697 Ammon,
1013 5618 1129 5697 sive
1159 5618 1506 5697 Ammonius.
1540 5623 1839 5697 monacho-

269 5696 385 5740 rum
419 5685 777 5746 Nitriensium
824 5688 1007 5755 Pater,
1050 5689 1253 5746 claruit
1296 5690 1399 5746 sub
1446 5691 1827 5761 Constantino,

1945 5625 2269 5748 cireaoanu.
2315 5622 2440 5688 350,
2490 5623 2666 5695 inquit
2708 5620 2857 5681 Guil.
2903 5621 3067 5680 Cave.
3114 5611 3288 5680 Πενία-υ
3317 5611 3427 5668 Wi-
3473 5611 3521 5681 [υ

1947 5712 1998 5748 n.
2063 5712 2093 5748 ο
2138 5737 2148 5748 .

1946 5712 1998 5765 p.
2033 5712 2148 5749 που.
