4070 6204
535 307 644 364 διδ
979 299 990 312 ⁵
1986 293 2137 348 SOCI

2242 291 2326 348 I‘IS
3703 286 3809 344 516

541 421 687 475 mine
719 418 1055 488 nttncupati:
1088 426 1319 489 uterque
1345 416 1488 472 enim
1513 415 1787 471 Macarius
1815 413 2125 469 dicebatur.

2242 411 2513 483 Μακάριος
2539 421 2565 449 η
2615 409 2758 464 κατὰ
2785 409 2966 463 πάντα
3006 406 3390 479 παραπλήσιος
3421 404 3498 460 ῶν
3529 404 3610 476 τῷ
3648 406 3813 474 Δίγυ-

539 509 784 575 Quorum
815 509 954 561 alter
989 523 1053 561 ex
1087 507 1370 578 superiore
1399 505 1637 576 (Egypto
1660 544 1676 570 ,
1713 505 1854 558 alter
1886 519 1952 559 ex
1990 503 2126 558 urbe

2242 506 2396 578 πτίῳ,
2441 509 2499 560 ἐν
2528 505 2702 574 τούτῳ
2731 503 3070 575 διήλλασσεν,
3107 502 3190 554 ὅτι
3227 500 3364 570 πρὸς
3389 499 3516 564 τοὺς
3549 499 3813 571 ἐντυγχάο

538 598 864 654 Alexandria
903 608 1018 653 eral.
1051 597 1341 652 oriundus.
1372 598 1641 652 Caeterum
1681 596 1842 650 ambo
1873 611 1984 666 pra:
2016 610 2122 650 caa-

539 695 673 748 teris
713 692 960 746 illustres
995 689 1216 745 fuerunt
1239 729 1254 754 ,
1291 696 1405 744 tum
1438 695 1664 759 propter
1695 688 2082 742 abstinentiam
2104 728 2119 752 ,

541 792 656 836 tum
700 782 771 834 ob
820 795 1002 834 mores
1051 790 1104 834 et
1147 779 1620 832 conversationem
1648 818 1661 843 ,
1707 785 1818 831 tum
1849 777 1920 831 ob
1962 777 2126 832 mira-

537 873 659 926 cula
678 888 797 942 quae
817 888 911 941 per
926 888 1113 926 eorum
1135 887 1329 926 manus
1347 869 1818 941 perpetrabantur.
1835 868 2124 940 {Egyptius

539 963 704 1033 239
741 963 959 1033 quidem
1002 963 1274 1017 Macarius
1317 970 1400 1017 tot
1431 961 1650 1016 sanavit
1678 975 1878 1030 aegros,
1910 968 1992 1013 tot
2026 959 2124 1014 ob-

538 1070 732 1110 sessos
765 1071 794 1107 a
823 1054 1167 1108 dmnmnihus
1205 1051 1485 1116 liberavit,
1508 1060 1570 1105 ut
1604 1067 1728 1121 qua:
1771 1065 1869 1120 per
1887 1050 2121 1120 gratiam

541 1146 634 1200 Dei
673 1145 868 1216 gessit,
901 1153 1218 1214 separatum
1241 1158 1387 1214 opus
1425 1141 1764 1197 desiderent.
1805 1139 1932 1193 Erat
1957 1153 2125 1209 porro

540 1234 881 1290 reverendus
921 1234 1129 1303 pariter
1168 1248 1233 1287 ac
1259 1248 1490 1288 severus
1515 1247 1644 1302 erga
1671 1231 1794 1285 illos
1815 1231 1908 1301 qui
1944 1232 2122 1300 ipsum

540 1327 791 1382 adibant.
834 1326 1106 1382 Macarius
1133 1342 1266 1381 vero
1293 1325 1705 1382 Alexandrinus
1726 1367 1740 1391 ,
1767 1339 1892 1378 cum
1922 1339 2126 1393 usque-

541 1438 761 1492 quaque
781 1421 983 1476 similis
1023 1429 1171 1475 esset
1206 1419 1492 1491 [Egyptim
1547 1419 1602 1472 in
1637 1419 1742 1473 hoc
1772 1433 1880 1472 uno
1911 1418 2126 1473 discre-

543 1514 730 1585 pabat,
772 1512 918 1582 quod
960 1512 1152 1566 hilaris
1192 1519 1343 1565 esset
1382 1525 1512 1580 erga
1555 1525 1652 1565 eos
1705 1510 1800 1579 qui
1836 1510 1901 1562 ad
1941 1509 2123 1578 ipsum

545 1615 920 1667 accesserant,
949 1614 1005 1658 et
1028 1602 1344 1664 urbanitate
1378 1601 1618 1671 quadam
1646 1600 1900 1667 juniorcs
1937 1598 2003 1652 ad
2041 1597 2122 1652 di-

545 1695 839 1766 sciplinam
875 1681 1240 1747 monasticam
1283 1692 1553 1746 alliceret.
1584 1688 1790 1744 Horum
1813 1688 2124 1757 discipulus

547 1789 855 1859 Evagrius,
899 1800 1024 1840 cum
1067 1796 1226 1839 antea
1261 1784 1449 1839 verbis
1489 1783 1669 1838 solum
1711 1782 2132 1851 phil050phatus
2164 1778 2207 1833 Β

545 1888 712 1945 esset,
750 1879 821 1932 ab
852 1878 920 1932 iis
946 1893 1114 1946 opere
1154 1877 1274 1946 ipso
1311 1872 1699 1945 philosophari
1749 1872 1964 1926 didicit.
2023 1870 2130 1936 Qui

549 1972 788 2043 primunt
850 1987 880 2025 a
920 1969 1194 2040 Gregorio
1247 1967 1598 2022 Nazianzeno
1653 1964 2132 2034 Constantinopoli

547 2065 818 2117 diacmms
850 2061 1165 2125 ordinatus,
1207 2059 1564 2130 postmodum
1619 2072 1732 2111 una
1771 2072 1897 2110 cum
1941 2056 2034 2110 illo
2078 2057 2132 2110 in

551 2155 851 2226 [Egyptum
893 2155 1182 2223 profectus
1231 2160 1365 2207 est:
1428 2153 1614 2220 ibique
1653 2166 1776 2205 cum
1821 2164 1989 2219 supra
2025 2164 2137 2203 me-

553 2248 785 2301 moratis
827 2246 960 2300 viris
996 2259 1358 2316 congressus.
1422 2257 1614 2297 eorum
1669 2241 1890 2296 vivendi
1958 2255 2135 2310 genus

549 2338 838 2393 aemulatus
877 2344 982 2391 est.
1019 2334 1130 2390 Nec
1156 2333 1419 2404 pauciora
1459 2341 1556 2386 aut
1588 2332 1808 2386 minora
1869 2329 2136 2384 miracula

552 2430 620 2484 ab
647 2428 766 2491 illo,
805 2442 967 2496 quam
1011 2427 1080 2480 ab
1132 2426 1255 2495 ejus
1316 2423 1758 2494 praeceptoribus
1804 2428 1934 2476 sunt
1969 2420 2134 2475 edita.

553 2519 654 2574 llic
691 2521 864 2574 libros
895 2517 1234 2585 conscripsit
1262 2515 1426 2570 valde
1465 2515 1630 2569 utiles
1667 2532 1681 2568 :
1727 2528 1964 2583 quorum
1991 2527 2138 2568 unus

561 2608 1234 2672 Mnnachusinscrihitur,
1266 2622 1377 2663 ‘seu
1409 2607 1477 2662 dc
1496 2605 1702 2661 virtute
1740 2606 1916 2660 activa
1951 2623 1966 2660 :
2001 2605 2141 2660 alter

551 2703 872 2768 Gnosticus,
909 2701 992 2756 vel
1015 2700 1082 2755 ad
1119 2715 1248 2756 eum
1272 2699 1370 2770 qui
1401 2698 1690 2754 scientiam
1730 2697 1999 2766 consequi
2034 2711 2141 2753 me-

555 2794 691 2850 ruit.
732 2791 834 2847 llic
866 2792 1006 2846 liber
1043 2791 1099 2844 in
1127 2788 1537 2860 quinquaginta
1569 2786 1906 2843 distributus
1931 2793 2018 2842 est
2056 2801 2143 2841 ca-

556 2884 692 2953 pita.
734 2881 959 2936 Tertius
999 2879 1414 2934 Antirrheticus
1453 2879 1803 2941 inscribitur,
1843 2893 1910 2932 ex
1934 2877 2140 2933 divinis

555 2971 865 3042 Scripturis
905 2971 1178 3024 collectus
1218 2976 1419 3023 contra
1453 2968 1732 3022 daemones
1776 2978 2086 3025 tentatorcs
2122 2987 2136 3025 :

555 3073 613 3121 et
647 3065 702 3118 in
755 3073 884 3118 octo
927 3071 1114 3133 partes
1171 3061 1413 3125 divisus,
1442 3059 1601 3129 juxta
1649 3076 1938 3115 numerum
2009 3053 2138 3114 octo

555 3156 984 3226 cogitationum.
1047 3151 1286 3221 Scripsit
1326 3159 1594 3221 praterea
1627 3152 1879 3222 gnostica
1919 3153 2137 3221 proble-

557 3261 704 3306 mata
735 3255 1020 3304 sexcenta.
1069 3247 1318 3317 Denique
1340 3247 1483 3303 duos
1536 3249 1853 3301 carminum
1910 3247 2130 3302 libros:

557 3343 787 3396 alterum
812 3341 878 3394 ad
911 3339 1213 3395 monachos
1242 3339 1336 3410 qui
1377 3340 1433 3394 in
1465 3339 1738 3394 cmnobiis
1763 3353 1861 3394 seu
1904 3353 2138 3409 congre-

559 3432 879 3504 gationibus
939 3431 1148 3502 degunt
1199 3451 1211 3485 :
1271 3433 1507 3486 alterum
1558 3431 1625 3485 ad
1692 3431 1980 3502 virginem.
2034 3429 2139 3496 Qui

560 3523 784 3595 quidem
847 3538 1011 3593 quam
1045 3522 1231 3577 eximii
1287 3522 1400 3578 sint
1445 3531 1499 3577 et
1543 3521 1909 3577 admiratione
1964 3521 2140 3592 digni,

560 3616 821 3685 quisquis
844 3631 941 3671 eos
971 3615 1184 3684 legerit,
1212 3613 1378 3669 facile
1405 3622 1726 3684 cognoscet.
1751 3611 1868 3667 Non
1899 3613 2141 3668 alienum

561 3719 744 3764 autem
777 3708 965 3771 fuerit,
999 3719 1060 3762 ut
1085 3709 1307 3777 opinor,
1343 3722 1408 3761 ex
1437 3707 1507 3762 iis
1543 3721 1666 3776 qua:
1711 3705 1781 3761 ab
1807 3706 1899 3760 illo
1928 3705 1996 3761 de
2026 3721 2146 3761 mo-

563 3800 759 3854 nachis
789 3807 1322 3863 commemorantur,
1381 3812 1555 3867 pauca
1606 3797 1856 3867 quasdam
1894 3799 2150 3869 superio—

564 3892 716 3947 ribus
753 3901 1019 3948 attexere.
1048 3890 1141 3945 Sic
1171 3891 1321 3945 enim
1351 3889 1444 3944 ille
1478 3889 1616 3944 dicit
1645 3890 1710 3944 ad
1749 3891 1972 3944 verbum
2002 3890 2146 3946 :Ne-

565 3984 870 4039 cessarium
921 3983 1091 4038 etiam
1121 3990 1208 4038 est
1253 3979 1654 4036 monachorum
1707 3984 1798 4052 qui
1861 3992 1989 4038 ante
2042 3999 2146 4038 nos

564 4085 714 4132 recte
745 4077 1173 4131 ambulaverunt
1224 4075 1343 4131 vias
1397 4073 1698 4145 inquirere,
1762 4081 1815 4128 et
1847 4075 1914 4126 ad
1948 4089 2139 4129 earum

564 4171 846 4242 exemplar
881 4187 981 4226 nos
1005 4171 1305 4242 corrigere.
1343 4167 1512 4243 Multa
1536 4168 1686 4224 enim
1719 4167 1916 4223 abillis
1944 4177 2073 4223 sunt
2093 4177 2147 4224 et

2164 3110 2212 3174 C

2230 614 2423 660 νοντας
2473 597 2656 668 ἱλαρός
2704 612 2763 648 τε
2805 589 2911 666 ἦν,
2959 593 3056 648 καὶ
3085 592 3163 662 τῷ
3193 590 3635 663 χαριεντίζεσθαι
3688 591 3813 655 τοὺς

2229 686 2382 748 νέους
2402 681 2537 756 ἦγεν
2560 685 2696 756 πρὸς
2715 683 2968 755 ἄσκησιν.
2991 683 3208 736 Τούτων
3231 682 3500 754 Εὑάγριος
3523 681 3814 751 γενόμενος

2233 777 2500 849 μαθητὴς,
2537 777 2635 848 τὴν
2663 777 2730 829 δι’
2757 775 2936 847 ἔργων
2965 774 3287 844 φιλοσοφίαν
3330 775 3601 844 ἐκτήσατο
3619 813 3634 836 ,
3681 773 3814 844 πρό-

2229 887 2382 939 τερον
2412 869 2554 939 λόγῳ
2585 867 2728 939 μόνῳ
2762 866 3049 936 φιλόσοφος
3075 865 3172 919 ῶν.
3207 867 3305 927 Ὃς
3340 866 3398 917 ὲν
3423 866 3490 936 τῇ
3520 865 3816 918 Κωνσταν-

2229 965 2373 1018 τίνου
2419 963 2570 1015 πόλει
2603 961 2708 1015 ὑπὸ
2735 959 3039 1031 Γρηγορίου
3066 956 3162 1010 τοῦ
3194 955 3570 1026 Ναζιανζηνοῦ
3609 958 3692 1019 εἰς
3715 956 3813 1026 τὴν

2229 1057 2319 1110 τοῦ
2350 1056 2596 1110 διακόνου
2626 1053 3028 1126 προχειρισθεὶς
3057 1049 3233 1116 τάξιν,
3263 1046 3380 1103 εἶτα
3410 1051 3527 1120 ἅμα
3556 1050 3708 1120 αὐτῷ
3738 1051 3816 1112 είς

2229 1150 2327 1220 τὴν
2360 1149 2637 1216 Αἴγυπτον
2669 1143 2968 1211 κατελθὼν,
2998 1143 3092 1197 καὶ
3117 1145 3230 1206 τοῖς
3261 1140 3636 1213 προλεχθεῖσιν
3667 1141 3816 1192 ἐντυ-

2230 1239 2340 1311 χὼν
2372 1239 2619 1310 ἀνδράσι,
2645 1238 2736 1290 τὸν
2762 1236 2984 1290 ἐκείνων
3012 1235 3125 1305 βίον
3151 1233 3412 1304 ἐζήλωσε.
3447 1233 3557 1285 Καὶ
3579 1231 3818 1286 τοσαῦτα

2231 1333 2490 1402 τεράστια
2542 1332 2598 1383 ἐν
2632 1328 2988 1402 ταῖς.χερσὶν
3019 1327 3182 1380 αὐτοῦ
3208 1326 3449 1395 γέγονεν,
3489 1325 3590 1378 ὅσα
3635 1326 3729 1376 καὶ
3759 1325 3815 1378 ὲν

2231 1425 2352 1486 ταῖς
2379 1422 2488 1474 τῶν
2514 1420 2678 1475 αὑτοῦ
2709 1419 3060 1490 καθηγητῶν.
3107 1419 3295 1489 Τούτῳ
3322 1417 3416 1470 καὶ
3462 1416 3643 1486 βιϐλία
3676 1416 3813 1483 ἄγαν

2243 1514 2509 1568 σπουδαῖα
2543 1514 2975 1584 συγγέγραπται.
3008 1505 3108 1564 Ὧν
3137 1512 3199 1563 τὸ
3248 1511 3368 1582 μὲν,
3407 1509 3649 1579 Μοναχὺς
3680 1509 3814 1580 (67),

2233 1608 2267 1678 ἢ
2300 1608 2429 1678 περὶ
2458 1608 2767 1677 πρακτικῆς
2809 1605 3248 1672 ἐπιγέγραπται·
3289 1601 3350 1654 τὸ
3374 1601 3452 1665 δὲ,
3490 1601 3814 1662 Γνωστικὺς,

2234 1699 2266 1768 ἢ
2321 1698 2457 1769 πρὸς
2506 1696 2598 1749 τὸν
2647 1694 3050 1761 καταξιωθέντα
3101 1691 3376 1761 γνώσεως.
3425 1691 3716 1760 Κεφάλαια
3763 1691 3817 1745 δὲ

2235 1786 2398 1842 αὐτοῦ
2446 1787 2805 1856 πεντήκοντα.
2854 1785 2927 1838 Τὸ
2975 1784 3052 1848 δὲ,
3103 1783 3540 1856 ’Λντιρῤητικὸς,
3578 1783 3690 1836 ἀπὸ
3711 1782 3817 1835 τῶν

2235 1877 2393 1930 θείων
2428 1876 2658 1948 Γραφῶν
2709 1876 2848 1947 πρὸς
2883 1876 3010 1937 τοὺς
3042 1875 3402 1946 πειράζοντας
3444 1873 3726 1945 δαίμονας,
3763 1876 3820 1926 ἐν

2234 1969 2380 2022 ὀκτὼ
2408 1969 2740 2041 διῃρημένον
2772 1968 2982 2039 μέρεσι,
3013 1967 3155 2020 κατὰ
3176 1967 3266 2020 τὸν
3289 1966 3521 2038 ἀριθμὸν
3549 1967 3658 2018 τῶν
3679 1965 3821 2020 ὀκτὼ

2242 2059 2540 2131 λογισμῶν.
2571 2059 2681 2114 Καὶ
2711 2058 2968 2123 ἑξακόσια
3004 2059 3388 2128 προγνωστικὰ
3413 2058 3780 2130 προϐλήματα
3803 2075 3818 2089 ο

2237 2152 2318 2206 ἔτι
2365 2153 2474 2224 μὴν
2522 2153 2618 2206 καὶ⁹
2668 2153 2905 2224 στιχηρὰ
2950 2152 3080 2205 δύο·
3142 2152 3200 2204 ἓν
3248 2151 3386 2222 πρὸς
3429 2153 3557 2214 τοὺς
3602 2153 3663 2205 ὲν
3709 2154 3820 2214 τοῖς

2238 2244 2528 2308 κοινοϐίοις
2555 2244 2587 2314 ἢ
2615 2246 2675 2297 ἐν
2709 2243 2975 2306 συνοδίαις
3011 2241 3279 2314 μοναχούς
3304 2259 3318 2272 ·
3361 2241 3455 2296 καὶ
3483 2241 3541 2294 ἓν
3567 2241 3707 2314 πρὸς
3725 2241 3820 2314 τὴν

2240 2335 2528 2406 παρθένον.
2562 2336 2635 2388 ’Ἀ
2679 2351 2802 2388 τινα
2844 2335 2992 2397 ὅπως
3025 2334 3141 2386 ἐστὶ
3178 2332 3488 2404 θαυμαστὰ,
3539 2334 3588 2385 οἱ
3631 2335 3822 2399 ἐντυγ-

2239 2428 2492 2498 χάνοντες
2518 2428 2777 2480 εἴσονται.
2823 2425 3093 2497 Εὕκαιρον
3123 2425 3202 2490 δὲ,
3233 2426 3308 2489 ὡς
3348 2425 3607 2496 ἠγοῦμαι,
3653 2425 3823 2497 μικρὰ

2241 2521 2349 2573 τῶν
2382 2520 2531 2592 αὐτῷ
2581 2519 3061 2592 μνημονευθέντων
3096 2517 3362 2589 περὶτῶν
3412 2517 3660 2588 μοναχῶν
3699 2517 3823 2570 τού-

2241 2629 2353 2675 τοις
2382 2611 2636 2680 συνάψαι.
2659 2610 2798 2680 Φησὶ
2823 2608 2932 2680 γὰρ
2962 2608 3102 2662 κατὰ
3128 2607 3273 2673 λέξιν
3303 2607 3426 2661 τάδε
3450 2623 3463 2636 ·
3507 2607 3826 2674 Ἀναγκαῖον

2242 2701 2338 2754 καὶ
2381 2701 2479 2764 τὰς
2524 2700 2675 2764 ὁδοὺς
2724 2698 2832 2752 τῶν
2867 2697 3312 2770 προοδευσάντων
3359 2697 3610 2768 μοναχῶν
3651 2695 3827 2768 ὀρθῶς

2244 2793 2530 2864 διερωτᾷν,
2558 2793 2653 2845 καὶ
2683 2792 2820 2864 πρὸς
2849 2791 3019 2855 αὑτὰς
3053 2789 3471 2861 κατορθοῦσθαι.
3512 2788 3693 2842 Πολλὰ
3716 2787 3827 2861 γάρ

2242 2886 2390 2937 ἐστιν
2419 2884 2510 2937 ὑπ’
2551 2883 2737 2936 αὐτῶν
2773 2882 3008 2954 ῥηθέντα
3051 2899 3112 2935 τε
3154 2883 3249 2936 κα)⁸
3276 2880 3593 2952 πραχθέντα
3620 2879 3824 2944 καλῶς.

2255 2976 2343 3028 Ἐν
2376 2970 2457 3038 οἷς
2489 2975 2582 3028 καὶ
2613 2973 2771 3027 τοῦτό
2805 2991 2889 3037 τις
2917 2973 3138 3044 ἔφησεν,
3175 2973 3255 3026 ὃτι
3287 2971 3386 3044 τὴν
3414 2971 3707 3044 ξηροτέραν
3734 2973 3830 3027 καὶ

2246 3067 2321 3139 μὴ
2367 3066 2652 3137 ἀνώμαλον
2698 3067 2910 3121 δίαιταν
2946 3065 3146 3137 ιὰγάπῃ
3177 3063 3590 3136 συζευχθεῖσαν,
3634 3063 3830 3117 θᾶττον

2241 3161 2449 3228 διάγειν
2479 3159 2572 3212 τὸν
2603 3158 2836 3230 μοναχὸν
2863 3159 2943 3222 είς
2973 3159 3064 3212 τὸν
3092 3159 3191 3230 τῆς
3221 3158 3488 3222 ἀπαθείας
3515 3158 3730 3228 λιμένα.
3772 3157 3830 3212 '0

2243 3251 2302 3304 δέ
2348 3250 2511 3314 αὐτὸς
2554 3251 2960 3322 ταρασσόμενόν
3005 3267 3128 3304 τινα
3165 3250 3382 3321 νύκτωρ
3416 3249 3530 3303 τῶν
3583 3249 3832 3320 ἀδελφῶν

2244 3343 2353 3395 τῶν
2385 3341 2688 3411 φασμάτων
2723 3340 3051 3412 ἀπήλλαξεν,
3095 3340 3380 3395 ἀσθενοῦσι
3412 3340 3550 3412 μετὰ
3576 3346 3834 3413 νηστείας

2246 3433 2588 3503 ὑπηρετῆσαι
2617 3431 2946 3502 προστάξας.
2980 3429 3167 3483 υὺδενὶ
3193 3429 3304 3501 γὰρ
3324 3429 3516 3494 οὕτως,
3537 3429 3834 3503 ἐρωτηθεὶς

2249 3524 2473 3593 ἔφησεν,
2499 3524 2572 3587 ὡς
2601 3523 2735 3593 ἐλέῳ
2760 3523 2829 3576 τὰ
2855 3520 3079 3576 τοιαῦτα
3102 3518 3528 3576 κατασϐέννυται
3551 3522 3720 3594 πάθη.
3743 3521 3833 3593 Τῷ

2248 3617 2441 3687 δικαίῳ
2473 3616 2745 3687 Ἀντωνίῳ
2777 3615 3080 3688 προσῆλθέν
3108 3633 3192 3678 τις
3221 3614 3329 3668 τῶν
3362 3615 3481 3667 τότε
3513 3613 3712 3683 σοφῶν,
3739 3615 3835 3668 καὶ

2242 3708 2366 3771 Πῶς
2400 3708 2800 3779 διακαρτερεῖς,
2827 3703 3002 3773 εἶπεν,
3050 3702 3094 3760 ὦ
3127 3707 3335 3778 Πάτερ,
3379 3708 3477 3778 τῆς
3506 3708 3567 3759 ἐκ
3611 3707 3721 3758 τῶν
3755 3705 3834 3776 βι-

2243 3801 2406 3853 ϐλίων
2455 3800 2808 3872 παραμυθίας
2855 3800 3255 3872 ἐστερημένος;
3313 3799 3385 3851 Τὸ
3427 3799 3556 3868 ἐμὸν
3601 3797 3831 3868 βιϐλίον,

2243 3891 2346 3962 ἔφη
2381 3893 2408 3944 ὁ
2448 3892 2728 3957 Ἀντώνιος
2752 3933 2767 3956 ,
2796 3891 2842 3945 ῶ
2868 3891 3124 3965 φιλόσοφε
3144 3933 3159 3958 ,
3210 3893 3243 3962 ἡ
3289 3891 3448 3961 φύσις
3477 3891 3583 3944 τῶν
3613 3891 3836 3960 γεγονό-

2242 4001 2352 4037 των
2403 3983 2540 4048 ἐστὶ,
2590 3984 2685 4036 καὶ
2729 3983 2995 4054 πάρεστιν
3041 3984 3128 4037 ὅτε
3163 3983 3426 4053 βούλομαι
3463 3982 3590 4046 τοὺς
3640 3981 3836 4049 λόγους

2251 4073 2646 4143 ἀναγινώσκειν
2679 4075 2804 4138 τοὺς
2832 4074 2928 4128 τοῦ
2952 4075 3109 4131 Θεοῦ.
3140 4074 3421 4145 Ἠρώτησέ
3453 4091 3518 4146 με
3547 4074 3609 4126 τὸ
3639 4073 3836 4136 σκεῦος

2251 4169 2351 4238 τῆς
2384 4168 2636 4238 ἐκλογῆς,
2687 4169 2716 4220 ὁ
2759 4167 3057 4237 Αἰγύπτιος
3098 4169 3274 4240 γέρων
3314 4167 3636 4239 Μακάριος,
3680 4166 3736 4219 τί
3767 4167 3834 4236 δή

1763 4342 2038 4399 VALESll
2067 4342 2515 4400 ΑΝΝΟΤΑΤΙΟΝ
2523 4343 2620 4400 ES.

637 4462 761 4531 (67)
801 4452 914 4513 Ὧν
949 4461 1016 4512 τὸ
1035 4459 1174 4528 μὲν,
1214 4461 1514 4527 Μοναχός.
1547 4459 1884 4530 Epiphanius
1915 4461 2137 4516 Schola-

2251 4461 2343 4514 τὸν
2395 4459 2799 4524 καταξιωθέντα
2842 4458 3333 4531 γνὼσεωςηίιιιοιῐι
3391 4461 3725 4531 scripturam
3777 4460 3836 4514 in

565 4532 738 4585 sticus
780 4531 835 4584 in
864 4546 988 4599 _suo
1028 4531 1215 4582 codice
1263 4531 1467 4599 legerat
1509 4531 1820 4599 μοναχικός.
1866 4533 1959 4586 Sic
2000 4533 2146 4588 enim

520 4610 521 4613 ‘
565 4603 728 4654 vertit
775 4617 787 4650 :
845 4597 1274 4664 Conscripsilque
1317 4597 1698 4652 libros‘valde
1753 4604 2076 4656 necessarios
2130 4618 2148 4654 :

565 4684 791 4738 quorum
821 4684 954 4738 unus
1002 4667 1212 4738 quidem
1242 4667 1586 4738 Μονᾳχικός
1614 4669 1946 4736 inscribitur,
1984 4683 2032 4724 et
2073 4681 2151 4723 est

567 4735 885 4809 iteractuali
933 4752 950 4788 :
1010 4737 1151 4809 illius
1207 4735 1639 4809 cognitionalis_,__
1666 4740 1954 4809 secundum
2011 4743 2151 4809 quod

571 4808 832 4878 ,ιυὶδρίαηι
868 4807 1275 4878 cognitiones“
1320 4804 1530 4874 dignus.
1579 4805 1921 4878 Nicephorus
1965 4804 2146 4864 tamen

570 4875 624 4931 in
663 4879 905 4946 lihroxt,
945 4877 1124 4946 capite
1169 4875 1259 4938 42,
1307 4878 1581 4946 vulgatam
1623 4877 1910 4946 lectionem
1943 4879 2147 4932 contir-

569 4957 702 5018 mat.
733 4945 845 5018 Sed,
872 4945 1018 5018 quod
1047 4947 1282 5018 pertinet
1311 4945 1378 5018 ad
1410 4945 1641 5018 alterum
1668 4945 1880 5018 Evagrii
1917 4949 2140 5013 librum,

567 5017 688 5086 ejus
718 5017 946 5090 titulum
992 5017 1067 5070 ita
1108 5017 1356 5090 concipit
1394 5035 1405 5070 :
1444 5017 1768 5090 Γνωστικὸς,
1791 5017 1857 5090 ίῆγ
1883 5019 2010 5090 περὶ
2048 5021 2142 5074 τοῦ

569 5085 998 5155 καταξιωθέντπ
1020 5085 1292 5155 γνώσεως.
1321 5085 1514 5144 Posset
1537 5087 1702 5144 etiam
1732 5085 1923 5154 scribi,
2006 5089 2144 5160 πρὸς

2253 4531 2508 4585 versione
2543 4547 2658 4583 mea
2691 4539 2914 4583 secutus
2943 4547 3083 4584 sum.
3120 4529 3198 4585 De
3225 4531 3386 4598 hujus
3422 4529 3632 4598 Evagrii
3671 4529 3836 4584 libris

2254 4601 2382 4670 quid
2414 4600 2653 4670 senserit
2673 4598 3059 4670 llicrouymus,
3095 4601 3215 4655 vide
3253 4601 3306 4653 in
3335 4600 3563 4670 epistola
3589 4599 3674 4670 fad
3701 4601 3838 4653 Cte-

2254 4668 2563 4736 siphontem
2591 4669 2854 4722 adversus
2879 4668 3208 4736 Pelagianos
3239 4687 3254 4722 :
3291 4668 3382 4723 ubi
3420 4685 3542 4722 eum
3577 4668 3838 4732 Origeni-

2256 4750 2396 4795 stam
2425 4741 2594 4794 fuisse
2616 4739 2796 4793 docet.
2823 4737 3099 4795 Palladius
3127 4741 3180 4793 in
3217 4739 3486 4793 Lausiaca
3528 4751 3641 4792 tres
3664 4741 3736 4792 ab
3767 4755 3837 4793 eo

2256 4811 2428 4864 libros
2472 4810 2710 4878 scriptos
2755 4826 2876 4864 esse
2919 4811 3073 4865 dicit.
3124 4809 3327 4864 llorum
3389 4811 3623 4879 primum
3673 4819 3843 4863 vocat.

2266 4879 2456 4952 Ἱερόν,
2485 4880 2788 4952 secundum
2833 4879 3096 4952 Movaxév,
3132 4883 3353 4952 tertium
3390 4880 3840 4952 ξΑντιρρητικόν,

2254 4945 2354 5019 qui
2395 4957 2482 5003 est
2521 4949 2786 5019 adversus
2834 4945 3058 5005 fraudes
3115 4951 3340 5005 diaboli.
3387 4945 3675 5003 Συντάττει
3737 4945 3842 5019 οὖν

2254 5018 2382 5092 ⁸ξρία
2406 5019 2606 5089 βιϐλία,
2645 5018 2827 5090 Ἱερὸν,
2851 5019 3122 5092 Μοναχὺν,
3142 5019 3576 5092 Ἀντιρρητικὸν,
3593 5029 3700 5074 etc.
3731 5018 3843 5075 Ubi

2269 5089 2438 5161 Ἱερόν
2468 5100 2628 5146 vocat
2659 5089 2822 5162 quem
2867 5089 3122 5147 Socrates
3162 5089 3487 5146 Γνωστικόν.

1980 5265 2374 5324 νΑιιιοιιυΜ.

638 5393 667 5421 ιι
718 5381 1148 5450 Ἀλεξανδρεὺς
1183 5380 1500 5449 Μακάριος.
1547 5381 1843 5449 Macarius,
1879 5382 2064 5452 junior
2093 5392 2148 5438 et

567 5453 841 5516 πολιτικός
889 5454 1094 5518 dictus,
1143 5453 1306 5506 domo
1362 5452 1789 5520 Alexandrinus,
1837 5455 1930 5507 ubi
1984 5463 2146 5508 aetate

567 5527 744 5594 prima
816 5524 1036 5594 bellaria
1095 5522 1387 5594 vendendo
1453 5531 1721 5591 quaestum
1799 5525 2141 5588 exercebat;

567 5593 756 5662 postea
804 5593 1030 5648 Antonii
1077 5593 1383 5663 discipulus
1427 5594 1594 5646 vitam
1631 5595 1989 5648 monasticam
2029 5609 2143 5646 am-

569 5666 760 5734 plexos
818 5671 996 5734 _est__:r
1042 5665 1167 5719 dein
1227 5662 1519 5734 presbyter
1588 5673 1643 5717 et
1707 5665 2141 5718 archimandrita

570 5731 1039 5790 Ntriettsis.Vide
1067 5731 1313 5804 Sozom.,
1335 5731 1430 5791 lib.
1459 5747 1540 5802 tu,
1570 5747 1692 5803 cap.
1726 5735 1882 5800 M,et
1907 5733 2139 5802 Theod.,

2256 5385 2349 5437 ιιι».
2386 5402 2458 5448 iv,
2496 5402 2617 5455 cap.
2660 5388 2750 5442 2i.
2782 5388 2928 5443 Obiit
2975 5387 3349 5450 centenarias,
3383 5387 3530 5440 circa
3575 5401 3666 5440 an.
3704 5384 3840 5440 404.

2255 5457 2756 5527 Cave.ubiwpra:
2791 5459 2882 5527 qui
2911 5459 3041 5512 ibid.
3081 5474 3146 5512 ex
3177 5473 3279 5511 ms.
3324 5459 3492 5511 edidit
3527 5455 3846 5510 Sermonem

2251 5526 2314 5578 de
2373 5528 2518 5578 exitu
2562 5526 2814 5594 statuque
2847 5529 3146 5581 animarum
3175 5540 3301 5597 post
3359 5528 3496 5580 hanc
3534 5530 3693 5580 vitam
3728 5527 3846 5597 Sub

2251 5597 2476 5667 nomine
2514 5598 2676 5667 hujus
2708 5599 2929 5652 Macarii
2955 5599 3074 5664 Gr.,
3110 5594 3229 5651 Lat.
3259 5615 3420 5667 quem
3455 5609 3634 5651 tatnen
3676 5594 3848 5664 parvi

2250 5666 2472 5733 pendet,
2507 5677 2561 5722 et
2589 5666 2920 5724 ’recentioris
2951 5669 3239 5740 cujusdam
3271 5666 3504 5724 Graeculi
3548 5680 3846 5724 commen-

2248 5742 2362 5788 tunt
2401 5752 2524 5792 csse
2561 5749 2771 5796 censet.
