4070 6204
289 307 398 364 5,7
1291 301 1618 359 msroms
1658 297 2227 358 ECCLESIASTICA.
2266 331 2337 342 —
2369 299 2499 354 Lm.
2544 299 2630 357 Iv.
3447 308 3553 365 sis

292 435 423 473 ποτε
455 416 926 489 μνησικακοῦντες
959 417 1057 486 μὲν
1089 417 1203 478 τοῖς
1234 414 1566 485 ἀνθρώπως,
1604 415 1706 486 τὴν
1741 431 1877 485 μνη-

1988 411 2139 468 dicta
2171 422 2225 469 et
2259 413 2408 469 facta
2448 413 2735 484 praeclare.
2769 412 3096 485 Cujusmodi
3136 418 3272 475 illud
3300 425 3552 492 estquod

292 507 618 579 μονευτικὴν
645 507 878 577 δύναμιν
900 506 996 576 τῆς
1023 504 1203 575 ψυχῆς
1232 505 1572 575 ἀφανίζομεν
1597 521 1610 536 ·
1658 504 1875 574 δαίμοσι

1986 505 2200 572 quidam
2233 521 2425 560 eorum
2453 504 2639 560 dicere
2672 505 2916 573 solebat,
2955 507 3254 564 aridiorem
3282 520 3337 568 et
3368 529 3554 584 aequa.

289 601 348 654 δὲ
394 599 904 671 μνησικακοῦντες,
959 595 1218 660 ἀϐλαϐεῖς
1271 597 1620 668 διαμένομεν.
1677 594 1875 666 Κιᾶμοῦ

1986 597 2142 652 bilem
2187 599 2392 652 victum
2426 612 2552 651 cum
2595 597 2864 652 charitate
2914 597 3298 668 conjunetum,
3360 619 3554 663 mona.

289 692 431 762 πρὸς
461 691 562 761 τὴν
603 691 898 762 ἀπόκρισιν
925 689 1328 760 ἀπορήσαντος,
1369 689 1466 743 καὶ
1494 687 1878 760 παρακαλοῦν-

1986 687 2143 741 chum
2174 687 2325 742 brevi
2371 686 2770 757 perducturum
2799 704 2924 744 esse
2947 689 3013 744 ad
3049 699 3268 760 portum
3300 693 3370 747 ab
3401 699 3550 753 omni

289 800 384 844 τος
416 782 507 836 τὸν
534 782 691 852 λόγον
729 782 924 852 μαθεῖν
949 796 965 812 ’
1017 780 1188 862 ιΔιὸτι,
1229 780 1394 851 φησὶν
1424 781 1650 844 ἐκεῖνος,
1688 780 1750 833 τὸ
1781 780 1878 850 μὲν

1986 779 2393 850 perturbatione
2433 781 2600 833 animi
2630 795 2885 836 vacuum.
2912 781 3057 836 ldem
3104 799 3230 837 cum
3260 787 3552 856 quemdam

289 875 558 946 πρότερον
585 872 756 938 πάθος
786 873 938 944 παρὰ
986 871 1151 942 φύσιν
1176 911 1192 938 ,
1245 871 1308 924 τὸ
1351 871 1408 924 δὲ
1440 870 1691 942 δεύτερον
1737 870 1879 923 κατὰ

1986 872 2201 926 fratrem
2225 871 2515 928 nocturnis
2548 873 2680 928 visis
2716 873 3026 943 perturbari
3059 877 3282 930 solitum
3318 878 3551 948 videret,

288 966 454 1032 φύσιν
487 965 606 1018 ἐστὶ
632 963 728 1019 τοῦ
774 963 969 1035 θυμοῦ.
1017 963 1364 1035 Παρέὁαλλον
1397 963 1520 1017 κατ’
1566 963 1736 1035 αὐτὴν
1779 963 1876 1034 τὴν

1986 976 2101 1014 eum
2137 961 2416 1025 liberavit,
2457 963 2784 1032 praecipiens
2816 974 2873 1017 ut
2898 966 3296 1035 a:grotantibus
3327 967 3554 1037 jejunus

288 1055 572 1125 σταθηρὰν
605 1054 956 1126 μεσημϐρίαν
977 1053 1056 1125 τῷ
1083 1054 1224 1124 ἁγίῳ
1255 1054 1431 1124 Πατρὶ
1456 1055 1752 1126 Μακαρίῳ,
1783 1056 1877 1108 καὶ

1986 1052 2340 1109 ministraret.
2387 1053 2452 1107 Et
2509 1054 2908 1125 interrogatus,
2947 1071 3050 1110 cur
3089 1057 3144 1112 id
3183 1060 3550 1131 praeciperet:

286 1145 410 1196 λίαν
437 1142 543 1196 ὑπὸ
569 1143 668 1212 τῆς
713 1142 874 1214 δίψης
913 1143 1278 1214 φλεγόμενος,
1325 1143 1488 1215 ᾔτουν
1527 1142 1672 1216 ὕδωρ
1709 1148 1874 1198 πιεῖν.

1986 1143 2135 1198 Nulla
2167 1159 2248 1209 re,
2281 1145 2481 1215 inquit,
2512 1145 2832 1214 hujusmodi
2858 1149 3303 1216 perturbationes
3332 1150 3555 1207 facilius

299 1237 361 1288 '0
393 1235 452 1289 δέ
480 1251 664 1306 φησιν,
713 1235 1040 1306 Ἀρκέσθητι
1072 1237 1297 1306 τῇὌκιᾷ
1323 1251 1337 1264 ·
1367 1236 1550 1289 πολλοὶ
1579 1236 1689 1306 γὰρ
1735 1237 1869 1290 ὁδοι-

1986 1237 2404 1307 exstinguuntur
2467 1253 2632 1306 quam
2702 1238 3110 1294 misericordia.
3181 1241 3262 1294 Ad
3341 1244 3552 1313 justum

290 1326 587 1398 ποροῦντες
607 1324 703 1379 νῦν
721 1326 755 1396 ἢ
775 1327 871 1380 καὶ
893 1326 1146 1389 πλέοντες
1192 1328 1286 1380 καὶ
1305 1327 1510 1396 ταύτης
1534 1327 1874 1398 ἐστέρηνται.

1986 1329 2275 1382 Antonium
2311 1328 2533 1397 quidam
2583 1329 2706 1398 ejus
2773 1331 3040 1400 temporis
3071 1333 3428 1403 philosophus
3461 1351 3553 1390 ac-

289 1416 428 1472 Εἷτα
455 1419 645 1483 λόγους
673 1434 774 1488 μου
805 1418 942 1490 πρὸς
970 1419 1133 1472 αὑτὸν
1164 1420 1292 1490 περὶ
1317 1420 1643 1490 ἐγκρατείας
1669 1420 1878 1490 γυμνὰ-

291 1511 502 1574 ζοντος,
538 1508 769 1580 Θάρσει,
797 1509 984 1578 φησὶν,
1010 1504 1055 1564 ὦ
1091 1509 1282 1563 τέκνον
1309 1527 1323 1540 ·
1373 1511 1431 1563 ὲν
1462 1510 1604 1573 ὅλοις
1648 1509 1874 1577 εἴκοσιν,

287 1600 417 1654 οὔτε
443 1600 632 1670 ἄρτου.
677 1599 802 1652 οὔτε
831 1598 1051 1665 ὕδατος,
1100 1599 1224 1653 οὕτε
1257 1600 1426 1654 ὕπνου
1457 1601 1616 1673 κόρον
1655 1602 1871 1671 εἴληφα.

289 1691 400 1744 Τδν
433 1692 531 1762 μὲν
560 1693 670 1762 γὰρ
700 1691 863 1763 ἄρτον
895 1708 996 1762 μου
1037 1692 1224 1762 ἢσθιον
1255 1692 1479 1763 σταθμῷ
1508 1709 1522 1723 ·
1561 1692 1619 1746 τὸ
1647 1693 1704 1746 δὲ
1733 1693 1875 1764 ὕδωρ

289 1784 480 1837 ἔπινον
510 1784 696 1854 μέτρῳ
720 1799 735 1813 ο
769 1786 884 1847 τοῖς
906 1784 1106 1854 τοίχοις
1159 1785 1216 1838 δὲ
1269 1785 1505 1856 ἐμαυτὸν
1539 1787 1877 1858 παρανακλί-
1910 1765 1949 1819 Β

287 1891 436 1942 νων,
471 1875 666 1946 μικρόν
714 1892 768 1929 τι
798 1873 893 1929 τοῦ
949 1876 1115 1930 ὕπνου
1170 1877 1334 1948 μέρος
1364 1878 1478 1949 (68)
1532 1879 1876 1951 ἀφήρπαζον.

301 1964 585 2035 Ἐμηνύθη
631 1965 740 2019 τινὶ
769 1965 880 2018 τῶν
931 1968 1180 2038 μοναχῶν
1227 1967 1454 2033 θάνατος
1501 1969 1597 2023 τοῦ
1651 1971 1874 2042 πατρός.

299 2059 366 2110 ’0
393 2057 452 2110 δὲ
478 2058 611 2127 πρὸς
632 2057 725 2110 τὸν
753 2057 1184 2126 ἀπαγγείλαντα,
1201 2057 1438 2126 Παῦσαι,
1454 2060 1616 2131 φησὶ,
1637 2060 1878 2131 βλασφη-

1977 1419 2178 1474 cedens
2211 1439 2224 1474 :
2279 1418 2591 1485 Quomodo,
2636 1419 2799 1491 25,0
2829 1423 3024 1490 inquit,
3062 1431 3236 1490 pater,
3281 1434 3438 1494 potes
3469 1426 3553 1480 vi-

1977 1526 2122 1572 vere,
2155 1510 2424 1564 librorum
2459 1511 2658 1564 solatio
2694 1511 3035 1565 destitutus?
3075 1512 3178 1565 Cui
3223 1512 3318 1567 ille
3355 1531 3370 1568 :
3403 1513 3555 1570 Meus

1977 1602 2076 1664 ait,
2112 1601 2275 1663 liber,
2306 1600 2720 1670 qphilosophe,
2757 1609 2844 1656 est
2876 1610 3075 1656 natura
3129 1618 3314 1658 rerum
3353 1621 3367 1658 :
3432 1620 3556 1676 qua:

1978 1695 2198 1766 quidem
2239 1702 2442 1763 pra-sto
2475 1702 2581 1758 est,
2616 1695 2836 1764 quoties
2878 1693 2976 1749 Dei
3007 1697 3173 1749 verba
3231 1696 3409 1768 legere
3455 1713 3553 1754 vo-

1980 1787 2155 1841 luero.
2180 1785 2472 1856 Aigyptius
2490 1801 2661 1841 senex
2675 1785 2972 1851 Macarius,
3014 1788 3257 1842 vasillud
3293 1791 3552 1856 electum,

1982 1879 2340 1946 interrogavit
2367 1894 2452 1933 me
2497 1894 2662 1947 quam
2701 1878 2774 1934 ob
2803 1893 3026 1934 causam
3048 1893 3398 1950 acceptarum
3433 1885 3555 1952 qui-

1979 1969 2103 2023 dem
2137 1969 2204 2023 ab
2231 1969 2550 2022 hominibus
2575 1969 2907 2038 injuriarum
2962 1971 3387 2039 reminiscendo,
3441 1989 3556 2028 me-

1984 2061 2176 2114 moriae
2205 2059 2310 2114 vim
2341 2074 2406 2114 ac
2447 2059 2760 2114 facultatem
2792 2062 2845 2115 in
2873 2063 3056 2116 animo
3089 2077 3510 2134 eorrumpamus
3537 2083 3551 2121 :

291 2149 419 2221 μῶν
445 2164 460 2180 ⁸
511 2151 539 2202 ὁ
564 2148 672 2221 γὰρ
703 2150 834 2219 ἐμὸς
865 2149 1047 2221 πατὴρ
1075 2148 1344 2214 ἀθάνατός
1376 2153 1546 2206 ἐστιν.
1588 2153 1880 2222 Ἐκέκτητό

1986 2162 2235 2222 acceptas
2317 2167 2448 2209 vero
2501 2169 2530 2207 a
2595 2153 2943 2210 daemonibus
2995 2154 3232 2225 injurias
3277 2159 3557 2213 memoria:

287 2259 379 2306 τις
405 2240 515 2295 τῶν
538 2239 781 2309 ἀδελφῶν
806 2240 1140 2310 Εὐαγγὲλιον
1161 2242 1340 2312 μόνον.
1372 2243 1480 2295 Καὶ
1505 2244 1664 2297 τοῦτο
1697 2243 1880 2314 πωλή-

1986 2245 2453 2310 commendantes,
2517 2246 2674 2300 illaesi
2737 2262 3081 2304 maneamus.
3151 2249 3400 2321 Cumque
3455 2267 3558 2322 ego

291 2350 421 2397 σας,
450 2331 648 2385 ἔδωκεν
680 2332 762 2394 είς
789 2333 996 2404 τροφὴν
1018 2336 1132 2395 τοῖς
1168 2333 1448 2402 πεινῶσιν,
1479 2335 1627 2400 ἄξιον
1657 2337 1879 2406 μνήμης

1986 2336 2263 2392 haesissem
2312 2338 2544 2407 ignarus
2573 2336 2706 2406 quid
2759 2339 3210 2408 respondendum
3255 2349 3431 2405 esset,
3464 2357 3554 2411 pe-

292 2425 763 2495 ἐπιφθεγξάμενος
798 2426 950 2496 ῥῆμα
973 2441 988 2456 ·
1032 2426 1205 2480 Αὑτὸν
1234 2427 1364 2498 γὰρ,
1397 2429 1550 2500 φησὶ,
1591 2431 1685 2483 τὸν
1721 2429 1878 2499 λόγον

1986 2427 2298 2497 tiissemque
2339 2431 2408 2481 ab
2471 2427 2564 2480 illo
2605 2435 2664 2480 ut
2697 2427 2814 2496 ipse
2868 2429 3153 2498 rnihiejus
3213 2431 3295 2486 rei
3332 2447 3555 2487 causam
3627 2414 3634 2420 ’

292 2517 602 2586 πεπὼληκα
624 2516 715 2569 τὴν
739 2516 985 2586 λέγονταο
1022 2516 1292 2590 Πώλησόν
1325 2537 1418 2573 σου
1447 2522 1515 2574 τὰ
1543 2521 1874 2591 ὑπάρχοντα,

1986 2527 2278 2590 exponeret
2311 2537 2324 2574 :
2351 2519 2513 2585 Quia,
2535 2521 2730 2588 inquit,
2760 2523 2910 2589 prior
2955 2523 3176 2590 quidem
3195 2523 3410 2579 affectio
3431 2524 3555 2580 ani-

291 2612 393 2665 καὶ
423 2611 515 2676 δὺς
563 2615 819 2683 πτωχοῖς.
869 2613 1026 2665 Ἔστι
1080 2611 1138 2666 δέ
1186 2628 1270 2675 τις
1316 2612 1441 2682 περὶ
1491 2611 1589 2683 τὴν
1632 2611 1878 2676 Ἀλεξάν-

1986 2611 2266 2664 micontra
2309 2619 2561 2664 naturam
2591 2621 2698 2676 est,
2739 2614 3014 2680 posterior
3055 2629 3189 2669 vero
3250 2618 3556 2672 secundum

290 2706 483 2777 δρειαν
503 2705 685 2776 νῆσος,
710 2707 830 2759 κατ’
859 2705 993 2759 αὐτὸ
1017 2705 1077 2758 τὸ
1107 2704 1337 2776 βόρειον,
1364 2705 1540 2774 πέραν
1565 2703 1665 2774 τῆς
1683 2704 1878 2775 λίμνης

1986 2712 2258 2756 naturam.
2319 2702 2544 2756 Accessi
2589 2702 2886 2771 aliquando
2911 2703 2976 2757 ad
3011 2706 3427 2761 sanctissimum
3457 2706 3559 2760 Pa-

293 2795 526 2868 κειμένη
551 2795 650 2866 τῆς
680 2795 1022 2867 καλουμένης
1054 2796 1292 2865 Μαρίας.
1341 2794 1630 2865 Προσοικεῖ
1652 2794 1708 2847 δὲ
1734 2794 1874 2865 αὐτῇ

1986 2807 2117 2852 trem
2148 2795 2472 2858 Macarium,
2495 2811 2620 2850 cum
2665 2796 2903 2851 ferveret
2938 2797 3225 2860 meridies,
3259 2807 3314 2854 et
3347 2799 3439 2854 siti
3463 2815 3559 2856 ve-

297 2887 556 2958 μοναχὺς,
602 2890 703 2959 τῆς
752 2887 1111 2958 Παρεμϐολῆς
1158 2886 1268 2939 τῶν
1318 2885 1639 2939 Γνωστικῶν
1689 2885 1802 2954 (69)
1849 2888 1878 2939 ὁ

1986 2887 2266 2940 Ιιυιυοιιιοι-
2312 2899 2638 2954 oppressus,
2665 2900 2863 2956 aquam
2914 2886 3048 2956 petii
3114 2889 3181 2942 ad
3235 2888 3557 2944 bibendum.

292 2978 690 3049 δοκιμώτατος,
711 2979 860 3042 ὅστις
880 2976 1194 3047 ἀπεφήνατο
1223 2975 1401 3029 πάντα
1429 2974 1500 3028 τὰ
1528 2975 1879 3045 πραττόμενα

1986 2978 2048 3030 At
2099 2975 2224 3030 ille:
2287 2973 2514 3037 Umbra,
2594 2973 2796 3044 inquit,
2849 2983 3145 3030 contentus
3196 2984 3337 3030 esto.
3407 2976 3560 3032 Multi

296 3071 406 3123 ὑπὸ
434 3070 544 3123 τῶν
579 3070 834 3141 μοναχῶν
865 3068 1203 3141 πράττεσθαι
1249 3067 1315 3121 δι’
1347 3067 1527 3130 αἰτίας
1559 3067 1720 3120 πέντε
1745 3083 1759 3097 ο
1791 3067 1877 3120 διὰ
1905 3098 1947 3156 C

293 3163 457 3226 Θεδν,
498 3162 587 3217 διὰ
630 3162 812 3232 φύσιν,
860 3163 948 3217 διὰ
991 3161 1132 3226 ἔθος,
1179 3161 1248 3214 δι’
1282 3161 1551 3230 ἀνάγκην,
1595 3159 1684 3212 διὰ
1714 3159 1874 3231 ἔργον

293 3255 516 3328 χειρῶν.
560 3257 620 3309 Ὀ
650 3255 892 3319 δὲαύτὸς
934 3254 1085 3323 ἔλεγε
1128 3253 1309 3317 πάλιν,
1350 3254 1478 3322 μίαν
1514 3252 1610 3323 μὲν
1639 3249 1776 3306 εἶναι
1808 3255 1874 3322 τῇ

297 3348 459 3418 φύσει
492 3348 594 3418 τὴν
642 3349 846 3420 ἀρετήν
871 3364 885 3378 '
933 3346 1312 3400 είδοποιεῖσθαι
1349 3345 1406 3398 δὲ
1456 3344 1625 3415 αὐτὴν
1671 3345 1729 3396 ἐν
1756 3345 1876 3404 ταῖς

295 3437 566 3508 δυνάμεσι
595 3437 696 3508 τῆς
719 3437 918 3508 ψυχῆς.
947 3437 1055 3490 Καὶ
1079 3437 1188 3508 γὰρ
1217 3437 1311 3490 καὶ⁸
1333 3435 1394 3489 τὸ
1418 3436 1534 3503 φῶς
1553 3436 1614 3487 τὸ
1633 3433 1872 3506 ἡλιακὸν,

295 3529 708 3600 ἀσχημάτιστον
733 3529 853 3599 μὲν,
882 3529 1067 3600 φησὶν,
1091 3530 1226 3582 ὲστί·
1255 3531 1369 3592 ταῖς
1393 3527 1449 3580 δὲ
1471 3528 1538 3581 δι’
1562 3521 1638 3580 ὧν
1661 3526 1875 3580 εἰσϐάλ-

294 3621 384 3674 λει
407 3620 590 3693 θυρίσι
620 3620 1045 3691 σχηματίζεσθαι
1074 3620 1333 3689 πέφυκεν.
1361 3619 1552 3683 Ἀλλος
1578 3619 1636 3673 δέ
1660 3636 1744 3682 τις
1764 3617 1875 3672 τῶν

300 3713 578 3784 μαλθακῶν,
609 3712 708 3766 Διὰ
729 3712 886 3766 τοῦτο
913 3711 1182 3784 περιαιρῶ
1211 3710 1308 3774 τὰς
1341 3710 1554 3782 ἡδονὰς,
1584 3706 1754 3775 εἶπεν,
1791 3709 1876 3762 ἵνα

294 3805 400 3867 τὰς
425 3804 520 3858 τοῦ
549 3805 722 3876 θυμοῦ
752 3805 1034 3877 περικόψω
1059 3807 1384 3874 προφάσεις.
1417 3799 1548 3856 Οἶδα
1572 3801 1682 3873 γὰρ
1715 3801 1878 3855 αὐτὸν

296 3897 394 3950 ἀεὶ
424 3895 728 3967 μαχόμενον
774 3895 914 3966 ὑπὲρ
945 3895 1054 3949 τῶν
1084 3893 1306 3964 ἡδονῶν,
1343 3895 1439 3946 καὶ
1469 3892 1879 3963 ὲκταράσσοντά

300 4005 413 4058 μου
441 3988 532 4041 τὸν
560 3987 705 4053 νοῦν,
743 3988 838 4042 καὶ
870 3989 969 4061 τὴν
1001 3988 1206 4056 γνῶσιν
1251 3985 1644 4040 ἀποδιώκοντα.
1679 3985 1874 4052 Ἔλεγε

293 4079 361 4132 δέ
392 4095 475 4142 τις
506 4078 616 4131 τῶν
647 4080 936 4151 γερόντων,
965 4080 1045 4132 ὅτι
1079 4080 1112 4149 ἡ
1159 4077 1348 4147 ἀγάπη
1382 4076 1710 4148 παραθήκας
1741 4075 1884 4146 βρω-

301 4171 497 4241 μάτων
523 4172 556 4243 ἢ
588 4174 886 4243 χρημάτων
912 4174 1100 4243 τηρεῖν
1128 4172 1228 4225 οὐκ
1257 4170 1564 4224 ἐπίσταται.
1615 4168 1674 4223 '0
1699 4169 1756 4221 δὲ
1784 4169 1883 4221 αὐ-

296 4267 418 4329 τὸς,
467 4266 582 4319 Οὐκ
625 4259 777 4333 οἴδα,
821 4266 1008 4336 φησὶν,
1051 4265 1132 4328 είς
1176 4262 1343 4317 ταὺτὸ
1365 4262 1446 4326 δις
1479 4260 1584 4316 ὑπὸ
1613 4261 1883 4333 δαιμόνων

1981 3069 2126 3122 cnim
2162 3067 2254 3137 qui
2307 3081 2458 3119 nunc
2487 3066 2590 3119 iter
2644 3065 2854 3120 faciunt
2892 3074 2988 3119 aut
3043 3066 3328 3136 navigant,
3390 3068 3561 3136 hujus

1980 3165 2169 3212 carent
2190 3155 2410 3210 solatio.
2438 3154 2641 3209 Deinde
2666 3155 2971 3225 disputanti
3004 3155 3138 3209 mihi
3166 3164 3222 3210 et
3254 3157 3561 3213 conferenti

1975 3263 2100 3304 cum
2132 3249 2228 3302 illo
2251 3246 2316 3302 de
2349 3248 2680 3302 abstinentia
2710 3265 2723 3300 :
2759 3246 3007 3311 Couﬁde,
3031 3248 3132 3312 ait,
3168 3263 3200 3301 ο
3224 3248 3321 3303 fili.
3352 3249 3562 3320 Viginti

1977 3349 2120 3398 10108
2145 3355 2319 3394 annos
2349 3355 2449 3393 nec
2480 3355 2619 3408 pane
2644 3354 2746 3392 nec
2771 3354 2912 3409 aqua
2937 3355 3038 3394 nec
3060 3355 3257 3395 somno
3279 3356 3416 3396 usus
3439 3357 3561 3396 sum

1976 3434 2042 3487 ad
2091 3433 2418 3486 satietatem.
2471 3429 2606 3484 Nam
2659 3446 2853 3500 panem
2900 3432 3122 3500 quidem
3177 3449 3358 3488 meum
3407 3443 3562 3490 certo

1978 3525 2214 3594 pondere
2245 3534 2462 3592 semper
2487 3522 2702 3577 comedi
2730 3541 2744 3577 :
2769 3537 2966 3592 aquam
2993 3539 3122 3578 vero
3142 3540 3267 3580 cum
3293 3541 3560 3582 mensura

1977 3617 2128 3672 bibi:
2181 3615 2361 3672 somni
2403 3613 2639 3682 denique
2685 3613 2941 3684 exiguam
2990 3625 3198 3684 partem
3255 3616 3562 3675 sull‘uratus

1977 3721 2122 3768 sum,
2154 3706 2219 3758 ad
2245 3703 2507 3773 parietem
2543 3719 2629 3757 me
2656 3702 2995 3758 iuclinando.
3025 3702 3260 3759 Cuidam
3291 3710 3564 3764 monacho

1979 3812 2129 3852 mors
2159 3796 2328 3865 patris
2357 3795 2439 3849 sui
2471 3794 2721 3846 nitntiata
2747 3795 2940 3848 est.At
2965 3796 3057 3851 ille
3083 3798 3360 3853 nuntianti
3387 3801 3559 3857 dixit:

1977 3886 2097 3940 Noli
2133 3885 2298 3956 impie
2326 3885 2472 3954 loqui
2509 3903 2522 3938 :
2557 3893 2712 3954 pater
2738 3885 2885 3939 enim
2920 3901 3074 3942 meus
3101 3888 3426 3946 immortalis
3454 3901 3563 3947 cst.-

1982 3978 2213 4046 Qnidam
2239 3992 2302 4030 ex
2340 3975 2604 4030 fratribus
2631 3976 2769 4030 nihil
2802 3987 3000 4046 printer
3030 3995 3197 4032 unum
3241 3980 3564 4051 Evangelia-

1985 4086 2104 4124 rum
2145 4070 2391 4124 codicem
2441 4068 2782 4137 possidebat.
2817 4067 2974 4124 llunc
3013 4086 3138 4124 cum
3179 4071 3563 4139 vendidisset,

1985 4163 2275 4234 pecuniam
2320 4162 2388 4214 ad
2431 4161 2663 4214 alendus
2708 4175 2978 4229 pauperes
3021 4163 3305 4231 erogavit,
3355 4163 3564 4221 addens

1982 4258 2150 4313 verba
2181 4264 2486 4310 memoratu
2518 4254 2847 4326 dignissima
2876 4272 2891 4309 :
2924 4253 3062 4309 Eum
3098 4255 3280 4325 ipsum
3300 4297 3316 4323 ,
3346 4255 3561 4326 inquit,

1498 4438 1772 4496 VALESII
1807 4428 2363 4492 ANNOTATIONES.

380 4540 498 4609 (68)
534 4540 761 4608 Μικρόν
808 4556 865 4592 τι
911 4539 1255 4609 τοῦηῧπνου
1301 4538 1542 4608 μέρους.
1598 4537 1654 4591 1η
1703 4536 1884 4609 codice

1990 4529 2118 4609 ξολή
2165 4524 2592 4609 nonsignitieat
2635 4534 2841 4580 sectam
2890 4541 3066 4595 neque
3121 4525 3367 4609 ordinem
3405 4543 3419 4579 :
3453 4542 3567 4609 _nec

301 4605 743 4666 Florentino’et
808 4610 951 4678 apud
1016 4605 1384 4679 Nicephorum
1449 4609 1648 4677 legitur
1699 4605 1887 4679 μέρος.

1996 4596 2246 4654 Gnostiei
2290 4596 2394 4652 hoc
2447 4597 2568 4649 loco
2621 4605 2918 4666 Slllllunllll'
2953 4611 3051 4666 pro
3097 4605 3244 4652 secta
3281 4598 3568 4652 lueretico-

304 4682 500 4735 Somni
544 4680 691 4734 enim
734 4665 862 4750 pars
910 4681 1091 4749 potius
1139 4665 1266 4733 erat
1307 4692 1469 4750 quam
1503 4665 1891 4750 "sornnusfille
1995 4667 2248 4750 1pm,sed
2268 4677 2540 4750 es'l‘genus
2559 4665 3568 4750 quoddam‘mpnaehorum,dequibus

301 4767 472 4822 quem
495 4747 756 4822 capiebat
791 4747 1088 4822 Macarius,
1120 4750 1303 4819 capite
1330 4747 1396 4802 ad
1427 4749 1689 4822 parietem
1724 4747 1890 4822 incli-

304 4817 461 4875 nato.
491 4817 625 4873 Naiu
657 4821 806 4874 brevi
839 4819 1134 4873 admodum
1167 4817 1412 4889 tempore
1452 4819 1524 4870 ita
1561 4817 1886 4889 dormiebat.

303 4891 490 4958 Quare
516 4905 770 4945 somnum
795 4890 949 4944 illum
985 4890 1240 4960 rapuisse
1264 4888 1322 4945 se
1351 4889 1534 4958 potius
1562 4888 1698 4942 dicit
1724 4901 1888 4957 quam

302 4976 546 5016 CCDISSC.

377 4979 655 5102 ῗίὶῗῧθοῖτῆς
691 5028 1096 5102 ΠαρεμειότὶῆςΔ
1117 5028 1235 5082 τῶν
1271 5027 1649 5102 Γνωστικῶν.
1691 5025 1885 5102 Turpi-

305 5095 400 5159 ter'
445 5104 548 5156 hoc
603 5095 724 5156 loco
778 5095 1100 5154 hallucinati
1157 5109 1286 5154 sunt
1341 5099 1691 5166 interpretes.
1752 5095 1887 5149 Nam

302 5173 853 5241 Christopborsonus
885 5170 1107 5240 quidem
1143 5170 1217 5224 ita
1257 5171 1420 5224 vertit
1448 5186 1460 5220 :
1491 5167 1651 5241 ln_ea
1697 5183 1888 5241 mann-

303 5245 435 5299 chus
467 5236 712 5297 ex'secta
743 5236 1117 5296 (Inest-iceram
1157 5241 1236 5294 vir
1279 5237 1698 5308 spectatissimus
1738 5236 1890 5308 {Labi-

308 5316 458 5368 tavit.
501 5313 723 5383 Langus
757 5327 890 5365 vero
928 5313 1204 5383 interpres
1249 5305 1536 5383 Nicephori
1574 5308 1718 5361 hunc
1751 5305 1891 5383 Eva-

349 5386 412 5440 rii
454 5377 743 5436 locum'ita
777 5377 1113 5436 transtulit':
1158 5377 1394 5434 Habitat
1413 5381 1468 5432 in
1505 5396 1567 5432 ea
1601 5377 1888 5431 monachus

349 5402 412 5440 ΙἾι
455 5402 633 5436 10011111
669 5402 743 5436 lla
777 5402 1058 5436 ll'illlSlllllL
1101 5402 1113 5432 ζ
1158 5402 1378 5434 ιιαυιιαι
1413 5402 1468 5432 ιη
1505 5402 1567 5432 ea
1601 5402 1888 5431 manuatus

305 5402 685 5510 Enosticorum
720 5453 924 5504 ordinis
966 5451 1353 5505 celeberrimus.
1397 5449 1501 5503 Sed
1545 5449 1718 5516 primo
1767 5446 1890 5516 qui-

308 5527 429 5580 dem
493 5524 770 5594 Evagrius
819 5537 927 5574 non
978 5523 1114 5575 dicit
1155 5515 1684 5594 monachumillum
1734 5515 1888 5594 habi:

309 5605 456 5651 tasse
506 5597 561 5649 in
609 5584 680 5647 Ea
734 5593 916 5647 insula
967 5600 1117 5645 trans
1160 5590 1387 5644 Mariam
1438 5587 1743 5658 paludem:
1791 5584 1888 5641 sed

311 5677 515 5721 tantum
548 5665 690 5720 dicit
734 5662 920 5732 juxta,
945 5661 1093 5715 illam
1130 5661 1369 5716 insulam
1409 5656 1535 5732 eum
1573 5656 1882 5732 habitasse.

307 5735 360 5792 Id
393 5740 540 5794 enim
593 5728 765 5791 sonat
813 5731 1040 5787 verbum
1077 5732 1376 5803 προσοικεῖ.
1417 5728 1620 5785 Deinde
1673 5743 1887 5797 παρεμ-

1996 4737 2507 4808 Ενοειηίυείιίιπυιη
2553 4737 2872 4808 scripserat.
2899 4735 3434 4808 Paremhole‘igitur
3479 4738 3569 4793 hic

1992 4805 2148 4863 vicus
2172 4816 2256 4863 est
2281 4807 2424 4860 haud
2457 4808 2649 4876 procul
2672 4806 3003 4860 Alexandria
3027 4808 3182 4876 juxta
3210 4805 3569 4863 Mareoticum

1998 4880 2204 4934 lacum.
2247 4876 2422 4946 Hujus
2461 4878 2710 4948 meminit
2751 4877 3088 4948 Athanasius
3126 4878 3178 4948 in
3213 4879 3572 4948 Apologetico

1997 4950 2240 5004 secundo
2280 4947 2548 5003 adversus
2601 4946 2860 5012 Arianos,
2899 4947 2990 5001 ubi
3045 4946 3346 5002 indiculum
3399 4946 3573 5005 refert

1997 5020 2330 5076 clericorum
2371 5033 2508 5088 quos
2550 5017 2797 5088 Meletius
2845 5017 3080 5071 h’abebat
3124 5019 3178 5072 in
3226 5018 3362 5073 urbe
3414 5028 3471 5074 et
3514 5021 3570 5074 in

1997 5089 2282 5145 territorio
2315 5085 2707 5158 Alexandrino.
2741 5085 2871 5141 Post
2912 5097 3372 5158 commemorantis
3406 5088 3574 5158 igitur

1999 5160 2351 5230 presbyteros
2385 5165 2446 5230 et_
2475 5157 2741 5230 diaconos
2785 5157 3111 5230 partisqsuae
3154 5175 3297 5230 quos
3343 5157 3575 5230 habebat

1995 5227 2360 5300 Alexandriae.
2383 5227 2532 5281 addit
2561 5239 2870 5300 postremo:
2897 5228 3003 5300 sciat
3031 5229 3317 5300 Μακάριος
3344 5229 3574 5300 πρεσὸύο

1995 5317 2152 5372 τερος
2175 5301 2274 5369 τῆς
2305 5296 2686 5419 Παρεμὸολῖὶς.
2720 5296 3044 5352 Paremhole
3074 5296 3214 5351 item
3237 5296 3574 5352 memoratur

1997 5373 2049 5419 in
2105 5369 2309 5419 Notitia
2358 5369 2568 5419 imperii
2647 5369 2880 5419 iomani.
2924 5368 2981 5419 in
3042 5383 3149 5419 nua
3209 5370 3367 5419 sedes
3418 5377 3574 5419 erant

1997 5368 2073 5422 in'
2105 5368 2309 5422 Notitia
2358 5369 2568 5436 imperii
2624 5368 2880 5430 Romani,
2924 5368 2981 5421 in
3042 5383 3149 5437 qua
3209 5370 3367 5423 sedes
3418 5377 3574 5420 erant

1999 5441 2230 5510 legionis
2259 5439 2515 5510 secundae
2545 5438 2797 5510 'ljajana:
2821 5439 2924 5510 sub
2956 5438 3321 5510 dispositione
3352 5437 3574 5510 comitis

1996 5505 2075 5563 rei
2112 5508 2371 5562 militaris
2413 5522 2510 5574 per
2544 5507 2861 5577 Egyptum.
2896 5505 3222 5577 Ptolemaan
3265 5519 3482 5577 quoque
3507 5505 3572 5577 in

1995 5579 2358 5632 Ammoniaca
2414 5571 2575 5642 juxta
2621 5571 2991 5632 'Mareoticum
3063 5574 3216 5642 ponit
3278 5571 3576 5627 Alexandri

1995 5593 2358 5632 Ammomaea
2448 5593 2575 5631 una
2638 5593 2991 5632 marceticum
3063 5593 3216 5642 ponu
3278 5593 3576 5627 Alexauuri

1993 5648 2371 5703 Parembolen.
2391 5593 2494 5703 li'ic
2518 5649 2686 5719 igitur
2708 5648 2986 5703 habitabat
3005 5642 3310 5700 monachus
3331 5643 3421 5697 ille
3437 5643 3576 5696 inter

1994 5719 2289 5776 Gnosticos
2321 5719 2775 5790 probatissimos.
