4070 6204
496 341 600 397 519

1979 328 2316 387 θοοιιιιτιε

3659 331 3767 389 520

499 453 701 511 librum
735 452 956 509 vendidi
988 450 1081 522 qui
1115 449 1287 505 dicit:
1321 446 1511 503 Vende
1539 447 1721 502 omnia
1747 461 1872 516 qua:
1899 446 2091 513 habes,

2203 448 2517 518 ἂπατηθείς.
2551 446 2736 503 Ταῦτα
2783 447 2883 517 μὲν
2915 448 2943 499 ὁ
2970 445 3236 516 Εύάγριος
3265 445 3326 496 ὲν
3357 443 3438 514 τῷ
3478 442 3771 516 ἐτιγραφο-

494 554 550 599 et
572 545 638 599 da
675 542 1036 615 pauperibus.
1066 540 1256 595 Insula
1285 539 1537 609 quaedam
1566 545 1653 593 est
1682 539 1831 593 circa
1863 537 2093 593 Alexan-

496 636 717 697 driam,
780 633 850 687 ad
910 634 1193 687 borealem
1264 630 1389 700 ejus
1441 637 1651 701 partem
1704 630 1850 684 ultra
1913 630 2090 683 lacum

497 726 776 781 Mareotim
822 724 949 779 sita.
1000 722 1165 777 Juxta
1213 724 1356 778 hanc
1405 722 1621 776 habitat
1664 720 1969 776 monachus
2022 735 2090 775 ex

495 814 863 879 Parembole,
920 814 1064 869 inter
1125 814 1426 868 Gnosticos
1469 812 1942 882 prohatissimus:
1995 808 2092 880 qui

496 914 695 963 cuncta
746 922 869 975 quae
912 921 940 958 τι
988 904 1275 959 monachis
1324 910 1688 973 gererentur,
1742 902 1812 956 ob
1848 902 2094 970 quinque

497 1011 695 1051 causas
716 996 831 1052 lieri
859 994 1036 1049 dixit:
1069 1002 1296 1064 propter
1325 991 1518 1055 Deum,
1551 999 1777 1062 propter
1813 998 2091 1057 naturam,

500 1096 723 1159 propter
782 1086 1289 1149 consuetudinem,
1353 1093 1580 1154 propter
1647 1084 2039 1139 necessitatem
2073 1120 2089 1144 ,

499 1190 726 1251 propter
747 1193 886 1249 opus
914 1193 1202 1232 manuum.
1229 1178 1377 1231 Idem
1405 1178 1593 1232 dicere
1622 1177 1860 1240 solebat,
1897 1184 2093 1229 natura

499 1271 721 1340 quidem
780 1270 997 1321 unicam
1052 1281 1177 1346 esse
1229 1266 1487 1319 virtutem
1527 1302 1542 1328 ,
1602 1264 1699 1319 sed
1759 1278 1858 1333 pro
1922 1260 2092 1315 animi

502 1361 858 1413 facultatibus
895 1374 1015 1412 eam
1066 1360 1119 1411 in
1151 1359 1331 1411 varias
1368 1357 1581 1427 species
1616 1356 1811 1409 dividi.
1854 1352 1989 1407 Nam
2039 1360 2093 1406 et

501 1454 686 1507 lumen
714 1454 870 1513 solis,
899 1453 1099 1508 aiebat.
1136 1452 1309 1520 ligura
1343 1456 1495 1502 caret
1518 1464 1535 1515 ;
1562 1462 1594 1501 a
1620 1445 1881 1501 fenestris
1904 1452 2088 1498 tamen

499 1557 595 1614 per
643 1558 782 1613 quas
831 1543 1045 1607 intrat,
1113 1541 1342 1611 figuram
1397 1538 1540 1593 solet
1603 1538 1873 1606 accipere.
1936 1536 2094 1589 Alius

497 1636 722 1705 quidam
757 1634 1064 1688 monachus
1107 1633 1315 1687 dixisse
1355 1631 1534 1684 fertur
1564 1648 1577 1683 :
1621 1628 1747 1684 Ideo
1782 1628 2095 1697 voluptates

2195 542 2341 612 μένῳ
2368 539 2534 593 αὐτοῦ
2576 539 2873 611 Πρακτικῷ
2901 537 3045 590 κατά
3085 536 3228 600 λέξιν
3257 536 3769 606 ἀπεμνημόνευσεν.

2203 634 2293 686 Ἐν
2324 633 2382 686 δὲ
2408 632 2486 702 τῷ
2514 630 2804 701 Γνωστικῷ
2833 629 2997 684 αὐτοῦ
3030 628 3257 685 τοιαῦτα
3281 644 3414 698 φησι
3439 644 3453 659 ·
3480 629 3773 700 Τέσσαρας

2189 723 2414 793 ἀρετὰς.
2448 722 2670 785 καὶτὰς
2711 721 2942 793 θεωρίας
2976 720 3178 781 αὐτῶν,
3227 720 3377 789 παρά
3419 718 3516 772 τοῦ
3559 719 3770 772 δικαίου

2190 813 2495 884 Γρηγορίου
2550 812 2950 882 μεμαθήκαμεν
2997 806 3136 884 εἶναι
3162 824 3175 837 ·
3222 807 3485 878 φρόνησιν
3531 808 3627 861 καὶ
3671 808 3770 861 ἀνο

2188 880 2393 975 δρείανξ
2424 880 2778 974 σωφροσύνην
2803 903 2895 956 καὶ
2922 880 3286 965 δικαιοσύνην.
3321 900 3431 952 Καὶ
3451 899 3774 970 φρονήσεως

2194 997 2291 1066 μὲν
2325 994 2484 1067 ἔργον
2514 995 2699 1063 ἔλεγεν
2744 989 2881 1046 εἶναι
2901 1033 2916 1054 ,
2955 992 3018 1045 τὸ
3047 991 3272 1064 θεωρεῖν
3320 990 3420 1054 τὰς
3451 990 3645 1059 νοερᾶς
3678 992 3774 1044 καὶ

2190 1088 2352 1157 ἁγίας
2377 1087 2655 1156 δυνάμεις.
2687 1086 2810 1155 δίχα
2857 1085 2967 1137 τῶν
3009 1083 3202 1151 λόγων.
3253 1083 3488 1146 Τούτους
3525 1082 3637 1153 γὰρ
3665 1083 3776 1135 ὑπὸ

2190 1179 2288 1249 τῆς
2321 1178 2510 1247 σοφίας
2535 1176 2825 1248 δηλοῦσθαι
2855 1175 3256 1246 παραδέδωκεν.
3295 1174 3570 1244 Ἀνδρείας
3601 1174 3679 1237 δὲ,
3710 1174 3777 1227 τὸ

2192 1269 2545 1337 ἐγκαρτερεῖν
2574 1268 2689 1328 τοῖς
2730 1263 2955 1333 ἀληθέσι
2988 1265 3083 1316 καὶ
3112 1262 3538 1333 πολεμούμενον.
3576 1263 3670 1315 καὶ
3697 1263 3775 1335 μὴ

2192 1356 2517 1428 ὲμῦατεύειν
2559 1357 2640 1418 είς
2667 1356 2737 1408 τὰ
2773 1354 2846 1425 μὴ
2872 1354 3022 1407 ὄντα.
3056 1354 3129 1406 Τὸ
3152 1353 3209 1406 δὲ
3239 1354 3391 1423 παρὰ
3418 1352 3510 1406 τοῦ
3550 1352 3774 1423 πρώτου

2191 1444 2439 1519 γεωργοῦ
2481 1444 2733 1515 δέχεσθαι
2782 1443 3110 1514 σπέρματα,
3161 1444 3255 1496 xa‘t
3299 1444 3637 1496 ἀπωθεῖσθαι
3684 1442 3776 1496 τὸν

2193 1538 2519 1609 ὲπισπορέα,
2560 1538 2660 1607 τῆς
2691 1535 3044 1606 σωφροσύνης
3086 1536 3216 1589 ῖδιον
3249 1536 3582 1605 ἀπεκρίνατο
3612 1531 3773 1590 εἶναι.

2191 1629 2549 1699 Δικαιοσύνης
2578 1629 2639 1682 δὲ
2663 1628 2858 1693 πάλιν,
2902 1627 2964 1680 τὸ
2989 1626 3111 1680 κατ’
3157 1626 3314 1691 ἀξίαν
3348 1628 3581 1680 ἑκάστου
3617 1628 3779 1695 λόγον

500 1726 767 1781 subtraho
788 1765 802 1788 ,
831 1735 890 1778 ut
914 1724 1241 1780 occasiones
1273 1720 1573 1778 iracundia:
1593 1718 1904 1790 praecidam.
1930 1716 2087 1787 24],

2203 1722 2523 1785 ἀποδιδόναι,
2548 1720 2618 1775 τὰ
2648 1722 2747 1792 μὲν
2774 1718 3062 1783 σκοτεινῶς
3087 1718 3537 1786 ἅπαγγέλλουσαν
3563 1734 3576 1747 ⁸
3621 1721 3690 1771 τά
3718 1719 3779 1773 δὲ

502 1815 655 1870 llanc
687 1815 836 1870 enim
873 1828 1094 1883 semper
1140 1827 1240 1881 pro
1269 1812 1648 1882 voluptatibus
1674 1817 1888 1865 certare
1923 1808 2093 1876 probe

2203 1816 2266 1870 δι’
2297 1813 2637 1885 αἰνιγμάτων
2664 1812 3035 1885 σημαίνουσαν
3059 1828 3072 1842 ⁸
3118 1810 3240 1863 τινὰ
3276 1810 3333 1863 δὲ
3377 1811 3472 1863 καὶ
3508 1810 3778 1880 φανεροῦ-

502 1910 712 1971 scio,et
729 1907 931 1961 mentis
953 1920 1086 1959 mea:
1114 1913 1316 1959 statum
1343 1903 1689 1975 perturbare,
1715 1916 1778 1956 ac
1803 1899 2088 1955 scientiam

511 1996 803 2065 expellere.
829 1994 1065 2060 Quidam
1107 2008 1175 2047 ex
1215 1991 1531 2047 senioribus
1590 1990 1730 2044 dixit
1770 1989 2090 2044 charitatcm

503 2100 725 2142 servare
752 2100 859 2140 non
882 2098 1044 2155 posse
1067 2083 1380 2152 depositum
1410 2083 1667 2137 ciborum
1695 2093 1791 2135 aut
1820 2081 2088 2151 pecuniae.

505 2177 654 2233 Idem
683 2191 903 2247 quoque
945 2175 1127 2230 aiebat
1162 2193 1176 2229 :
1224 2175 1515 2244 Nunquam
1546 2175 1769 2230 memini
1807 2171 1999 2228 eadem
2037 2172 2091 2226 in

509 2284 567 2323 re
600 2268 686 2321 his
715 2283 802 2322 me
826 2267 1114 2337 deceptum
1147 2281 1271 2322 esse
1299 2281 1331 2319 a
1361 2267 1630 2321 daemone.
1659 2263 1786 2320 Hice
1824 2263 2093 2335 Evagrius

508 2361 565 2414 iu
616 2360 759 2413 libro
803 2360 897 2429 qui
946 2358 1229 2414 Practieus
1276 2357 1640 2422 inscribitur,
1694 2357 1889 2411 iisdem
1933 2357 2094 2424 plane

505 2449 692 2504 verbis
744 2451 1217 2503 commemoravit.
1259 2448 1319 2503 In
1383 2464 1450 2503 eo
1503 2457 1685 2504 autem
1740 2449 1880 2504 libro
1931 2464 2091 2518 quem

506 2533 830 2595 Gnosticum
851 2538 1154 2608 inscripsit,
1174 2539 1250 2591 ita
1280 2539 1556 2608 loquitur:
1583 2538 1830 2605 Quatuor
1856 2540 2087 2594 virtutes

507 2648 811 2703 earumque
841 2632 1337 2702 contemplationes
1375 2647 1535 2695 esse,
1581 2647 1611 2686 a
1646 2633 1802 2702 justo
1827 2631 2096 2703 Gregorio

509 2723 834 2785 didicimus;
869 2722 1217 2792 prudentiam
1248 2730 1304 2777 et
1333 2722 1713 2778 fortitudinem
1736 2763 1752 2790 ,
1783 2730 2095 2794 temperan-

512 2816 642 2871 tiam
662 2815 1135 2886 atquejustitiam.
1157 2814 1233 2869 Ac
1255 2813 1562 2885 prudentia:
1582 2815 1803 2885 quidem
1819 2817 2094 2885 proprium

510 2924 636 2965 esse
655 2909 896 2974 dicebat,
912 2916 1135 2967 sanctas
1165 2907 1289 2961 illas
1309 2914 1365 2962 ct
1384 2906 1781 2961 intellectuales
1801 2915 2098 2975 potestates

511 3002 875 3071 contemplari
899 3000 1019 3054 sine
1039 2999 1164 3053 ullis
1187 2999 1517 3053 rationibus.
1541 2997 1649 3053 Has
1667 2998 1812 3053 enim
1836 3016 1864 3051 a
1888 3014 1944 3052 sa
1955 3000 2099 3068 pien-

2202 1920 2304 1958 σαν
2336 1903 2472 1975 πρὸς
2493 1902 2761 1972 ὠφέλειαν
2790 1901 2897 1954 τῶν
2932 1899 3333 1972 ἁπλουστέρων.
3379 1900 3492 1969 Τῆς
3520 1900 3781 1971 ἀληθείας

2200 1995 2393 2057 στύλος
2432 1996 2461 2047 ὁ
2494 1992 2870 2063 Καππαδόκης
2904 1990 3207 2057 Βασίλειος,
3248 1991 3362 2060 Τὴν
3414 1991 3512 2059 μὲν
3540 1992 3636 2044 ἀπ’
3679 1991 3782 2044 ἀνσ-

2207 2087 2465 2159 θρὼπων,
2510 2086 2696 2154 φησὶν,
2746 2082 3249 2153 ὲπισυμϐαίνουσαν
3276 2082 3479 2150 γνῶσιν
3506 2083 3785 2153 προσεχὴς

2204 2178 2400 2247 μελέτη
2446 2177 2539 2230 καὶ
2580 2176 2858 2245 γυμνασία
2895 2174 3189 2245 κρείσσονα
3235 2177 3381 2226 ποιεί
3419 2188 3431 2202 ·
3469 2174 3569 2245 τὴν
3611 2173 3673 2225 δὲ
3715 2175 3783 2226 ὲκ

2198 2267 2335 2322 Θεοῦ
2367 2271 2585 2339 χάριτος
2617 2265 3007 2337 ὲγγινομένην,
3037 2264 3352 2334 δικαιοσύνη
3379 2265 3471 2319 καὶ
3503 2264 3786 2335 ἀοργησία

2201 2362 2295 2416 καὶ
2321 2361 2489 2424 ἕλεος.
2536 2360 2644 2413 Καὶ
2675 2359 2773 2430 τὴν
2818 2358 2918 2429 μὲν
2949 2358 3222 2430 προτέραν
3255 2357 3474 2411 δυνατὸν
3505 2357 3601 2410 καὶ
3648 2359 3787 2421 τοὺς

2200 2455 2467 2525 ἐμπαθεῖς
2495 2452 2855 2518 ὐποδέξασθαι
2878 2468 2893 2483 ’
2934 2451 3034 2521 τῆς
3063 2451 3121 2505 δὲ
3170 2450 3427 2522 δευτέρας
3469 2451 3519 2503 οί
3548 2449 3786 2513 ἀπαθεῖς

2204 2547 2354 2619 μόνοι
2402 2546 2509 2599 εἰσὶ
2555 2545 2833 2609 δεκτικοὶ,
2884 2544 2934 2597 οἳ
2984 2544 3078 2597 καὶ
3123 2543 3274 2614 παρᾶ
3319 2543 3410 2596 τὸν
3452 2542 3643 2611 καιρὸν
3679 2541 3788 2610 τῆς

2203 2638 2512 2711 προσευχῆς
2555 2637 2619 2690 τὸ
2662 2638 2861 2690 οἰκεῖον
2902 2637 3104 2705 φέγγος
3155 2633 3250 2689 τοῦ
3292 2632 3384 2687 νοῦ
3438 2632 3789 2705 περιλάμπον

2203 2730 2401 2792 αὐτοὺς
2445 2725 2728 2798 θεωροῦσι.
2786 2726 2906 2779 Τῶν
2950 2723 3267 2793 Αἰγυπτίων
3301 2724 3331 2777 ό
3357 2722 3512 2791 ἅγιος
3558 2720 3791 2793 φωστὴρ

2217 2820 2536 2883 Ἀθανάσιος
2561 2835 2577 2852 ·
2632 2818 2744 2889 Τὴν
2779 2816 3078 2888 τράπεζαν,
3128 2815 3284 2886 φησὶ,
3321 2815 3563 2885 Μωῡσῆς
3599 2815 3682 2878 εἰς
3722 2814 3792 2867 τὸ

2207 2911 2417 2982 βόρειον
2450 2909 2615 2981 μέρος
2658 2910 2856 2980 στῆσαι
2890 2907 3312 2979 προστάσσεται.
3361 2905 3792 2960 Γινωσκέτωσαν

2204 3002 2255 3054 οί
2301 3001 2629 3065 Γνωστικοὶ,
2680 3000 2765 3064 τίς
2813 3002 2842 3054 ό
2893 3000 3072 3053 πνέων
3120 3000 3237 3053 ἐστὶ
3281 3001 3403 3054 κατ’
3446 2998 3647 3062 αὐτῶν,
3689 2998 3793 3051 καὶ

513 3093 591 3147 tia
623 3091 966 3147 manifestari
995 3090 1208 3145 docuit.
1231 3088 1595 3158 Fortitudinis
1617 3097 1797 3143 autem
1818 3092 2098 3159 proprium

2206 3091 2384 3146 πάντα
2412 3089 2721 3160 πειρασμὸν
2749 3090 3013 3159 γενναίως
3044 3089 3485 3161 ύπομενέτωσαν,
3519 3089 3611 3142 καὶ
3648 3088 3795 3158 μετά

512 3196 639 3237 esse
693 3180 1033 3242 afﬁrmabat,
1074 3187 1323 3249 perstare
1374 3181 1427 3234 in
1480 3180 1665 3244 veris,
1711 3180 1930 3235 tametsi
1974 3181 2099 3249 quis

2206 3150 2664 3256 προθυμίας-τούς
2692 3150 3015 3255 προσιόντας
3044 3150 3417 3254 τρειρέτωσαν.
3454 3150 3735 3250 Ἔλεγε-δὲ
3762 3182 3795 3233 δ

514 3274 755 3344 graviter
783 3285 1162 3343 oppugnetur,
1197 3288 1299 3328 nec
1338 3287 1578 3342 unquam
1619 3271 1687 3327 ad
1720 3287 1785 3327 ea
1824 3288 1948 3343 qua:
1991 3278 2101 3327 non

516 3372 646 3420 sunt
678 3363 992 3419 deﬂectere.
1021 3362 1141 3418 Jam
1173 3379 1301 3421 vero
1330 3365 1707 3435 temperantiae
1736 3364 1792 3419 id
1822 3366 2102 3436 preprium

516 3471 639 3512 esse
684 3455 1002 3526 respondit,
1051 3464 1111 3509 ut
1161 3471 1192 3509 a
1241 3456 1416 3526 primo
1469 3471 1800 3528 summoque
1856 3460 2104 3529 agricola

518 3554 818 3602 sementem
861 3546 1235 3617 accipiamus;
1285 3560 1409 3600 eum
1455 3561 1583 3600 vero
1624 3546 1719 3616 qui
1755 3561 2106 3616 superserere

520 3641 663 3705 vult,
695 3640 1042 3709 repellamus.
1068 3638 1308 3694 iustitiae
1342 3638 1582 3709 denique
1613 3653 1757 3709 opus
1794 3639 1928 3694 illud
1959 3640 2104 3695 assi-

523 3732 747 3800 gnabat,
772 3747 868 3799 pro
896 3732 1164 3801 cujusque
1188 3733 1381 3786 merito
1411 3746 1477 3786 ac
1504 3731 1769 3801 dignitate
1796 3746 2103 3787 sermonem

522 3821 688 3876 rebus
728 3831 1131 3890 attemperare;
1171 3832 1225 3878 et
1259 3823 1362 3877 alia
1391 3823 1612 3891 quidem
1651 3823 1893 3878 obscure
1924 3838 2107 3878 enun-

523 3914 664 3967 tiare
690 3953 706 3978 ,
743 3913 847 3966 alia
882 3929 978 3983 per
1005 3917 1354 3984 aenigmatum
1391 3915 1596 3983 ﬁguras
1627 3916 1970 3986 signiﬁcare,
1999 3916 2108 3969 alia

525 4017 655 4056 vero
690 4002 977 4056 manifeste
1015 4018 1288 4072 exponere
1315 4005 1382 4059 ad
1417 4006 1709 4060 utilitatem
1742 4006 2103 4060 audientium.

526 4092 787 4147 Veritatis
812 4094 1069 4148 columna
1095 4094 1332 4151 Basilius
1353 4096 1647 4167 Cappadox
1669 4096 1851 4149 aiebat
1875 4097 2108 4152 :Scicn-

524 4184 602 4238 tia
631 4184 853 4253 quidem
897 4199 1019 4254 quae
1053 4187 1122 4241 ab
1165 4187 1481 4244 hominibus
1510 4190 1845 4259 percipitur,
1880 4187 2107 4245 assiduo

526 4289 630 4328 usu
652 4283 705 4328 et
732 4276 1123 4331 exercitatione
1150 4277 1451 4347 perfectior
1482 4280 1682 4334 evadit.
1716 4280 1789 4333 Ea
1821 4294 1952 4335 vero
1985 4295 2107 4350 qua:

526 4380 623 4436 per
663 4363 754 4419 Dei
787 4368 1017 4437 gratiam
1066 4370 1415 4433 infunditur,
1460 4369 1711 4439 justitia,
1757 4372 2014 4443 patientia
2053 4380 2108 4425 ct

2203 3277 2304 3346 τῆς
2327 3275 2615 3346 Θμουῖτῶν
2669 3275 2998 3345 Ἐκκλησίας
3042 3276 3274 3344 ἄγγελος
3316 3273 3607 3345 Σαραπίων
3650 3275 3794 3343 (το),

2203 3366 2286 3419 ὅτι
2312 3366 2341 3418 ὁ
2367 3364 2486 3429 νοῦς
2511 3364 2608 3420 ιιὲν
2637 3364 2911 3429 πεπωκὼς
2937 3365 3315 3437 πνευματικὴν
3340 3365 3542 3434 γνῶσιν
3566 3364 3795 3423 τελείως

2205 3456 2569 3528 καθαίρεται·
2629 3456 2817 3528 ἀγάπη
2846 3456 2903 3510 δὲ
2945 3456 3016 3511 τὰ
3055 3456 3458 3527 φλεγμαίνοντα
3497 3455 3662 3527 μόρια
3692 3456 3796 3508 τοῦ

2205 3547 2379 3620 θυμοῦ
2410 3547 2702 3619 θεραπεύει
2727 3564 2742 3579 ⁸
2796 3549 3041 3619 πονηρὰς
3078 3549 3137 3602 δὲ
3171 3548 3469 3619 ἐπιθυμίας
3498 3546 3800 3617 ἐπιρρεού-

2206 3657 2307 3704 σας
2365 3640 2576 3711 ἵστησιν
2632 3640 2951 3711 ὲγκρᾶτεια.
2997 3641 3135 3703 Τοὺς
3189 3640 3317 3710 περὶ
3384 3639 3647 3709 Προνοίας
3694 3639 3797 3692 καὶ

2208 3732 2445 3804 κρίσεως
2516 3730 2658 3785 κατὰ
2702 3731 2896 3785 σαυτὸν
2945 3731 3032 3784 ἀεὶ
3076 3730 3322 3801 γύμναζε
3370 3730 3586 3798 λόγους.
3624 3733 3796 3800 φησὶν

2205 3826 2235 3877 ὁ
2260 3824 2433 3894 μέγας
2462 3823 2556 3876 καὶ
2583 3823 2883 3889 γνωστικδς
2909 3821 3228 3886 διδάσκαλος
3256 3823 3506 3893 Δίδυμος,
3546 3823 3642 3876 καὶ
3667 3824 3797 3877 τούο

2205 3931 2314 3968 των
2349 3914 2447 3977 τὰς
2472 3913 2605 3978 ὕλας
2636 3914 2726 3968 διὰ
2755 3915 2976 3986 μνήμης
3011 3915 3200 3986 φέρειν
3227 3915 3539 3988 πειράθητι.
3579 3916 3797 3970 ’Λπαν-

2205 4022 2296 4068 τες
2326 4007 2434 4076 γὰρ
2471 4005 2657 4075 σχεδὸν
2701 4007 2759 4060 ἐν
2793 4005 3004 4070 τούτοις
3040 4008 3460 4078 προσπταίουσι.
3508 4007 3621 4061 Καὶ
3663 4011 3795 4074 τοὺς

2210 4095 2309 4165 μὲν
2337 4096 2466 4166 περὶ
2490 4097 2727 4167 κρίσεως
2757 4096 2973 4171 λόγους.
3004 4100 3063 4152 ἐν
3091 4100 3157 4169 τῇ
3195 4098 3432 4171 διαφορᾷ
3461 4098 3572 4151 τῶν
3603 4100 3797 4170 σωμάο

2206 4202 2313 4238 των
2343 4186 2439 4239 καὶ
2480 4187 2623 4240 κατὰ
2651 4187 2744 4242 τὸν
2792 4188 2998 4259 κόσμον
3043 4188 3297 4260 εὑρήσεις
3320 4205 3334 4220 ·
3387 4189 3513 4253 τοὺς
3555 4189 3615 4243 δὲ
3664 4191 3797 4261 περὶ

2207 4277 2473 4349 Προνοίας
2500 4318 2515 4344 ,
2568 4281 2627 4333 ὲν
2680 4282 2794 4344 τοῖς
2847 4281 3069 4351 τρόποις
3122 4283 3235 4343 τοῖς
3272 4280 3392 4355 ,ἀπὸ
3445 4280 3645 4343 κακίας
3699 4282 3796 4334 καὶ

2207 4368 2483 4437 ἀγνωσίας
2527 4371 2620 4424 ἐπὶ
2666 4372 2764 4443 τὴν
2812 4371 3074 4444 ἀρετὴνῆ
3122 4373 3214 4424 ἐπὶ
3264 4371 3363 4442 τὴν
3403 4371 3607 4440 γνῶσιν
3646 4372 3795 4441 ἡμᾶς

528 4459 926 4515 misericordia.
966 4460 1043 4515 Ac
1079 4462 1317 4531 priorem
1358 4461 1583 4531 quidem
1619 4462 1770 4517 illam
1817 4463 2099 4519 scientiam

2210 4462 2564 4531 ἐπανάγουσι.
2598 4464 2846 4518 Τοσαῦτα
2884 4466 2980 4534 μὲν
3010 4467 3074 4518 ἐκ
3106 4464 3212 4517 τῶν
3246 4464 3517 4534 Εύαγρίου
3556 4465 3793 4519 ἐνταῦθα

527 4553 583 4605 in
621 4566 718 4605 eos
765 4554 925 4608 etiam
982 4554 1074 4621 qui
1122 4551 1630 4621 perturbationibus
1675 4555 1897 4609 obnoxii
1941 4562 2106 4621 sunt,

526 4641 721 4695 cadere
745 4662 756 4696 :
794 4642 1115 4713 posterioris
1138 4656 1268 4696 vero
1292 4643 1441 4704 solos
1467 4658 1700 4713 capaces
1720 4660 1842 4700 esse
1864 4647 1987 4701 illos
2014 4646 2108 4716 qui

528 4734 940 4801 perturbatione
998 4741 1128 4785 sunt
1182 4734 1335 4786 vacui
1372 4751 1385 4785 :
1427 4732 1520 4801 qui
1565 4734 1786 4802 quidem
1834 4737 2108 4793 orationis

530 4830 809 4889 tempore,
853 4821 1126 4890 prope-iam
1190 4820 1365 4874 lucem
1412 4836 1534 4890 qua:
1575 4820 1820 4889 ipsorum
1868 4833 2107 4879 mentem

528 4911 807 4976 illustrat,
840 4912 1312 4982 contemplantur.
1336 4911 1629 4968 Luminarc
1666 4915 1799 4968 illud
1822 4913 2109 4987 AEgyptio—

2211 4553 2584 4625 παρεθέμεθα.
2628 4555 2872 4624 Ἐγένετο
2919 4556 2977 4609 δὲ
3014 4555 3108 4610 καὶ
3137 4555 3293 4619 ἄλλος
3323 4556 3465 4627 ἀνὴρ
3489 4555 3793 4626 θαυμάσιος

2208 4646 2269 4698 ὲν
2298 4648 2409 4709 τοῖς
2442 4649 2714 4716 μοναχοίς,
2748 4640 2791 4716 ᾧ
2821 4647 2994 4718 ὄνομα
3030 4648 3372 4719 Ἀμμώνιος,
3415 4649 3565 4711 ὅστις
3618 4648 3794 4712 οὕτως

2208 4732 2278 4810 ἦν
2310 4738 2659 4810 ἀπερίεργος,
2706 4738 2845 4792 ὥστε
2893 4741 2951 4792 ὲν
2991 4742 3059 4811 τῇ
3103 4739 3292 4811 Ῥώμῃ
3322 4740 3439 4811 ἅμα
3487 4739 3794 4811 Ἀθανασὲῳ

2211 4830 2523 4900 γενόμενος,
2574 4830 2739 4900 μηδὲν
2788 4831 3004 4885 ἑλέσθαι
3036 4831 3317 4901 ἱστορῆσαι
3351 4830 3460 4885 τῶν
3489 4829 3669 4903 ἔργω-,ι
3697 4833 3800 4903 τῆς

2215 4921 2421 4986 πόλεως
2444 4938 2460 4953 ο
2516 4920 2674 4991 μόνον
2698 4920 2753 4974 δὲ
2793 4922 2924 4976 ίδεῖν
2950 4922 3012 4977 τὸ
3045 4923 3252 4993 Πέτρου
3286 4921 3381 4977 καὶ
3405 4922 3623 4976 Παύλου
3657 4941 3804 4995 μαρ-

1752 5092 2023 5150 VALESII
2055 5094 2613 5151 ANNO’l'ATIONES.

601 5244 714 5316 (70)
756 5243 1059 5318 Θμουττῶν
1090 5246 1347 5317 ἄγγελος
1387 5250 1719 5318 Σαραπίων.
1752 5249 1826 5304 De
1852 5251 1961 5305 hoc
1995 5250 2108 5305 Se-

531 5317 761 5389 rapionc
796 5316 1243 5389 llieronymuskin
1283 5322 1422 5373 libro
1458 5316 1531 5375 De
1565 5322 1914 5389 scriptoribus
1938 5322 2107 5375 eccle-

531 5388 767 5460 siasticis
802 5387 876 5439 ita
923 5386 1059 5460 dicit
1091 5407 1105 5441 :
1148 5386 1368 5460 Serapio
1406 5386 1920 5460 Thmueos'ﬁgypti
1958 5392 2108 5445 urbis

532 5459 828 5527 episcopus,
870 5458 960 5523 qui
1007 5456 1069 5529 ob
1127 5458 1445 5526 elegantiam
1493 5461 1688 5529 ingenii
1743 5456 2107 5514 Scholasticus

531 5529 707 5580 dictus
735 5537 835 5593 est,
865 5538 970 5582 etc.
1012 5526 1260 5583 Decessit
1293 5545 1323 5582 e
1356 5531 1463 5584 vita
1498 5526 1600 5584 sub
1627 5530 1955 5584 Constantio
1979 5541 2109 5585 ante

532 5597 830 5650 concilium
861 5597 1231 5660 Seleuciense,
1267 5600 1318 5653 id
1365 5610 1451 5653 est
1490 5611 1616 5656 ante
1660 5615 1865 5654 annum
1903 5598 2109 5652 Christi

532 5665 636 5719 359
657 5683 679 5744 ,ι
715 5668 773 5744 in
800 5669 1036 5744 concilio
1071 5669 1216 5724 enim
1264 5669 1604 5744 Sclcuc_'irnsi
1638 5670 1783 5725 inter
1811 5670 2105 5744 episc0pos

534 5737 702 5798 partis
746 5737 1033 5794 Arar-ianrc
1080 5749 1397 5795 reccnsrtur
1442 5739 1767 5796 Ptolemzeus
1804 5737 2104 5811 episcopus

2210 5248 2490 5304 Thmueos
2543 5250 2949 5320 Augustonicze.
3002 5250 3125 5305 Fuit
3177 5252 3325 5305 enim
3383 5250 3616 5305 Thmuis
3663 5252 3801 5305 urbs

2210 5321 2599 5389 Augusti)"ij
2638 5337 2747 5391 seu
2806 5321 3211 5391 Augustariica‘.
3265 5320 3456 5391 Neque
3500 5323 3648 5375 enim
3698 5338 3800 5376 au-

2211 5391 2449 5444 diendus
2502 5399 2588 5443 est
2634 5390 2909 5445 Baronius
2957 5393 3048 5459 qui
3105 5394 3160 5446 in
3211 5392 3674 5446 annotationibus
3728 5391 3797 5445 ad

2213 5460 2661 5530 Martyrologium
2705 5460 3035 5523 Romanum,
3063 5460 3301 5516 Tlunuin
3358 5462 3415 5515 in
3467 5460 3615 5515 Sccti
3668 5478 3799 5529 pro--

2213 5536 2392 5585 vincia
2441 5532 2611 5585 fuisse
2640 5531 2792 5587 dicit.
2825 5532 2988 5601 Atqui
3026 5530 3245 5587 Seetliis
3288 5546 3397 5586 non
3442 5530 3544 5584 fuit
3589 5548 3793 5585 nomen

2215 5601 2532 5670 provinciae.
2570 5602 2666 5658 sed
2705 5603 2821 5671 ipsa
2853 5602 3038 5671 potius
3070 5600 3174 5654 fuit
3205 5604 3258 5656 in
3286 5601 3570 5671 provincia
3604 5602 3797 5670 Augu-

2211 5671 2445 5744 stanica.
2484 5670 2737 5726 Thmuin
2770 5670 2952 5726 tamen
3002 5676 3053 5724 in
3102 5670 3337 5744 .‘Egypto
3381 5672 3603 5742 proprie
3644 5673 3793 5726 dicta

2213 5740 2357 5795 locat
2387 5741 2758 5811 Marcellinus,
2790 5744 2845 5798 in
2878 5745 3017 5797 libro
3051 5759 3184 5797 xxii.
