4070 6204
310 308 398 365 52!
1261 304 1585 361 HISTORIA
1624 302 2175 363 ECCLESIAS'I'ICA.
2216 334 2284 343 —
2322 303 2449 358 LIB.
2490 302 2581 359 IV.
3447 302 3553 359 522

312 424 504 495 τύριον.
535 417 706 486 Οὗτος
738 422 767 476 ό
803 419 1113 493 Ἀμμώνιος
1134 421 1213 484 εἰς
1232 419 1538 493 ἐπισκοπὴν
1564 420 1873 491 ἑλκόμενος,

1996 434 2099 472 'um
2141 426 2369 474 sanctus
2405 415 2780 472 Athanasius:
2809 414 3174 487 Praeceptum,
3214 415 3394 487 inquit
3416 456 3433 482 ,
3469 425 3556 476 est

312 518 394 571 καὶ
433 512 737 584 διαφυγὼν,
769 514 833 567 τὸ
862 512 1034 578 δεξιὸν
1080 508 1173 576 οὖς
1205 511 1371 567 αὐτοῦ
1415 510 1693 581 ἐξέκοψεν,
1727 512 1875 575 ὅπως

1996 509 2194 582 lioysi.
2258 516 2318 564 ut
2369 507 2437 562 ad
2487 507 2919 578 septentrionem
2967 522 3215 563 mensam
3265 514 3553 566 statueret.

310 608 369 662 ἂν
393 606 467 678 τῷ
494 608 729 678 άσχήμῳ
752 604 846 659 τοῦ
873 602 1123 675 σώματος
1148 604 1248 674 τὴν
1275 603 1610 674 χειροτονίαν
1639 601 1873 673 ἐκφύγῃ.

2004 604 2286 672 ntelligant
2318 601 2490 672 igitur
2516 599 2766 656 Gnostici
2797 599 3056 672 quisnam
3098 600 3172 656 sit
3204 600 3254 656 is
3285 601 3381 670 qui
3420 616 3559 657 con-
3606 626 3621 685 ί

324 695 530 766 Ἐπειδὴ
557 696 615 748 δὲ
646 694 822 766 χρόνῳ
853 691 1079 763 ὕστερον
1109 693 1206 746 καὶ
1252 691 1522 764 Εὐάγριος
1552 691 1656 745 ὑπὸ
1681 692 1877 762 Θεοφί-

1996 708 2065 749 ,ra
2112 694 2236 750 illos
2274 694 2486 765 spirat,
2524 706 2853 762 omnemque
2890 690 3251 747 tentationem
3286 706 3559 760 generoso

313 787 397 840 λου
443 785 538 839 τοῦ
585 785 887 838 ἐπισκόπου
940 781 1350 855 Ἀλεξανδρείας
1396 783 1535 855 πρὸς
1573 783 1879 854 ἐπισκοπὴν

1996 788 2163 843 mimo
2201 788 2553 851 sustineant,
2604 794 2661 841 et
2699 799 2797 840 eos
2835 785 2928 855 qui
2962 782 3031 837 ad
3079 783 3230 854 ipsos
3262 783 3556 850 venerint,

314 877 630 949 συλληφθεὶς
660 875 963 945 ἀπέφυγεν,
1014 874 1167 927 οὐδὲν
1192 874 1617 945 ἀκρωτηριάσας
1645 873 1741 927 τοῦ
1775 871 1882 927 σώ-

1996 879 2148 933 ilacri
2177 879 2362 933 animo
2390 886 2643 949 pascant.
2670 874 3060 932 Thmuitarum
3103 874 3364 931 Ecclesiae
3391 874 3564 944 Ange-

316 986 505 1040 ματος,
553 966 861 1039 περιτυχὼν
915 966 994 1037 τῷ
1065 966 1362 1037 Ἀμμωνίῳ
1408 965 1882 1037 χαριεντιζόμενος

1996 974 2069 1025 ius
2133 968 2363 1039 Serapio
2416 968 2674 1034 dicebat,
2731 976 2966 1024 mentem
3021 967 3244 1038 quidem
3290 965 3562 1036 spiritalis

312 1062 510 1129 ἔλεγεν,
544 1060 621 1123 ὼς
663 1059 849 1122 κακῶς
883 1060 967 1129 εἴη
1003 1056 1233 1129 πράξας,
1270 1057 1507 1127 ἐκκόψας
1550 1055 1650 1128 τὴν
1690 1056 1881 1128 ἀκοὴν,

1996 1062 2227 1117 scientiae
2269 1061 2467 1115 haustu
2502 1060 2662 1130 plene
2716 1059 2963 1129 purgari,
2992 1064 3176 1128 partes
3208 1066 3389 1111 autem
3441 1054 3561 1109 ani-

315 1153 403 1206 καὶ
435 1152 617 1221 ἔνοχος
646 1144 785 1203 εἶναι
813 1148 949 1201 Θεοῦ
992 1147 1151 1201 τοῦτο
1184 1148 1438 1219 ποιήσας.
1479 1147 1537 1201 '0
1569 1147 1627 1202 δὲ
1663 1146 1884 1218 Ἀμμώ-

1996 1157 2181 1210 [1ΙὲΒὶΓᾶ
2207 1154 2626 1211 eﬂ’ervescentes
2647 1153 2919 1207 charitate
2947 1150 3135 1208 sanari
3161 1168 3176 1205 :
3207 1164 3403 1220 pravas
3432 1162 3565 1203 vero

317 1260 419 1305 νιος
463 1242 599 1312 πρὸς
628 1240 790 1293 αὐτόν
817 1254 831 1268 ·
877 1237 1033 1291 Ἀλλὰ
1062 1239 1146 1302 σὺ,
1179 1236 1302 1308 ἔφη,
1352 1237 1609 1307 Εὐάγριε,
1651 1237 1752 1291 οὐκ
1782 1236 1883 1291 οῑει

1996 1247 2315 1318 cupiditates
2332 1263 2455 1317 qua:
2490 1248 2547 1303 in
2581 1248 2826 1301 animum
2869 1242 3131 1310 inﬂuunt,
3159 1240 3404 1298 coerceri
3433 1239 3567 1295 abs-

319 1334 499 1407 δώσειν
524 1331 701 1400 δίκην,
733 1329 833 1399 τὴν
873 1328 1125 1394 γλῶσσαν
1150 1328 1461 1399 ἀποτεμὼν,
1486 1327 1576 1382 διὰ
1599 1327 1887 1397 φιλαυτίαν

1996 1341 2241 1395 liuentia.
2287 1341 2583 1397 Sermones
2625 1337 2695 1393 de
2731 1337 3077 1407 providentia
3122 1342 3178 1391 et
3236 1334 3315 1390 de.
3348 1332 3569 1403 judicio

310 1389 379 1500 1’εῇ
422 1389 991 1500 5095563'idpt1t‘gﬁ
1037 1389 1384 1497 χρησάμενος
1409 1440 1424 1489 ;
1449 1389 1457 1393 ν
1478 1389 1757 1493 Ἐγένοντο
1789 1424 1887 1494 μὲν

1996 1432 2081 1488 Dei
2138 1432 2362 1488 assidua
2413 1431 2771 1486 meditatione
2835 1437 3021 1484 tecum
3069 1427 3187 1497 ipse
3224 1426 3440 1489 recole,
3489 1423 3570 1478 ait

317 1517 406 1574 οὖν
439 1521 577 1573 κατὰ
606 1518 695 1571 τὸν
722 1517 883 1571 αὐτὸν
910 1516 1101 1587 χρόνον
1144 1518 1202 1568 ἐν
1236 1517 1349 1579 τοῖς
1383 1516 1765 1586 μοναστηρίοις
1794 1514 1890 1568 καὶ

1996 1539 2223 1595 magnus
2262 1524 2352 1579 ille
2380 1523 2574 1578 doctor
2609 1529 2664 1578 et
2697 1522 2934 1592 spiritali
2978 1520 3212 1576 scientia
3258 1519 3568 1574 instructus

317 1612 460 1666 ἄλλοι
492 1611 732 1663 πλεῖστοι
760 1609 953 1680 ἄνδρες
999 1608 1304 1677 θαυμαστοὶ
1347 1607 1442 1660 καὶ
1482 1607 1766 1676 θεοφιλεῖς,
1810 1600 1888 1660 ὧν

1996 1614 2285 1685 Didymus.
2332 1629 2634 1685 eorumque
2680 1627 2998 1670 sermonum
3044 1607 3312 1665 materias
3369 1607 3458 1665 fac
3510 1609 3570 1664 in

318 1705 374 1756 ἑν
398 1704 463 1772 τῇ
494 1697 833 1769 προκειμένῃ
860 1699 1149 1767 συγγραφῇ
1189 1696 1548 1766 μνημονεύειν
1578 1695 1786 1768 μακρὸν
1820 1696 1892 1750 ἂν

1996 1711 2254 1762 memoria
2307 1706 2690 1762 circumferas.
2742 1706 2946 1761 Omnes
3001 1704 3147 1759 enim
3209 1701 3323 1757 fere
3368 1700 3427 1756 in
3482 1700 3573 1756 bis

317 1794 399 1861 εἴη
425 1767 642 1852 ’.άλλως
668 1805 726 1841 τε
747 1767 841 1841 καὶ
867 1786 1137 1840 ἐκϐαίνειν
1155 1785 1248 1839 τοῦ
1271 1787 1630 1858 προκειμένου
1652 1767 1887 1857 ἀνάγκη,

1998 1801 2275 1854 labuntur.
2315 1800 2381 1853 Et
2413 1813 2698 1855 sermones
2733 1797 2954 1868 quidem
2987 1810 3053 1850 ac
3092 1795 3337 1849 rationes
3372 1793 3441 1849 de
3470 1792 3569 1862 ju-

317 1882 364 1933 εί
399 1876 726 1949 βουλοίμεθα
771 1874 1107 1929 καθέκαστον
1149 1875 1259 1929 τῶν
1304 1876 1515 1949 ἀνδρῶν
1559 1877 1687 1941 τοὺς
1717 1875 1886 1947 βίους,

1996 1892 2146 1946 dicio
2205 1890 2259 1945 in
2283 1888 2593 1945 din‘erentia
2621 1902 2914 1958 corporum
2942 1895 2999 1942 et
3027 1887 3082 1941 in
3109 1884 3356 1956 partibus
3380 1882 3571 1938 mundi

315 1974 407 2025 καὶ
432 1972 534 2024 ὅσα
567 1967 827 2038 ἐποίησαν
852 1965 1106 2037 θαύματα
1136 1966 1222 2021 διὰ
1247 1966 1344 2038 τὴν
1374 1966 1681 2039 προσοῦσαν
1708 1968 1891 2033 αὐτοῖς

1996 1981 2258 2052 reperies.
2284 1980 2578 2036 Sermones
2603 1986 2784 2034 autem
2812 1978 2881 2035 de
2906 1978 3249 2048 providentia
3284 1976 3340 2031 in
3386 1974 3572 2032 modis

317 2063 577 2132 ἁγιότητα
602 2061 802 2129 λέγειν.
853 2060 916 2113 Εί
953 2059 1012 2113 δέ
1052 2077 1136 2123 τις
1166 2058 1407 2130 βούλοιτο
1451 2059 1519 2113 τά
1552 2062 1679 2132 περὶ
1710 2061 1891 2115 αὐτῶν

316 2155 629 2224 μανθάνειν,
673 2146 748 2206 ὧν
776 2169 837 2205 τε
870 2150 1152 2222 ἐποίησαν,
1197 2143 1274 2205 ὧν
1297 2168 1357 2205 τε
1388 2150 1651 2223 ἔπραξαν,
1682 2152 1776 2206 καὶ
1814 2147 1891 2206 ὧν

316 2248 456 2319 πρὸς
481 2246 750 2315 ὠφέλειαν
773 2244 883 2299 τῶν
905 2244 1253 2299 ἀκουσάντων
1278 2242 1630 2313 ἐφθέγξαντο,
1657 2244 1804 2309 ὅπως
1830 2261 1891 2299 τε

316 2342 497 2404 αὐτοῖς
541 2340 610 2392 τὰ
642 2338 808 2409 θηρία
837 2337 1133 2406 ὑπήκουον,
1178 2336 1480 2407 πεπόνηται
1508 2337 1790 2409 Παλλαδίῳ
1814 2337 1909 2409 τῷ.

320 2429 539 2503 μοναχῷ
577 2430 707 2484 ἴδιον
744 2427 1079 2500 μονόϐιϐλον,
1127 2427 1185 2491 ὃς
1223 2428 1493 2499 Εὐαγρίου
1545 2429 1643 2499 μὲν
1676 2425 1744 2500 ἦν
1792 2446 1897 2501 μα-

317 2525 486 2595 θητής
510 2542 524 2555 ·
562 2523 741 2577 πάντα
763 2522 819 2575 δὲ
843 2520 1088 2593 ἀκριϐῶς
1114 2520 1243 2591 περὶ
1269 2520 1449 2575 αὐτῶν
1477 2520 1765 2592 διεξῆλθεν.
1806 2523 1895 2577 Ἐν

313 2611 361 2686 ᾧ
405 2617 501 2671 καὶ
545 2614 820 2683 γυναικῶν
862 2613 1160 2685 ἐφάμιλλον
1204 2614 1316 2677 τοῖς
1358 2613 1773 2685 προειρημένοις
1799 2614 1895 2670 ἀν-

312 2707 506 2779 δράσιν
542 2705 954 2776 ἐπανελομένων
990 2705 1121 2775 βίον,
1157 2709 1377 2777 μνήμην
1410 2705 1722 2775 πεποίηται.
1751 2706 1894 2762 Εὐά-

1998 2075 2110 2130 illis
2154 2073 2361 2145 quibus
2408 2089 2439 2128 a
2478 2073 2615 2129 vitio
2656 2076 2712 2128 et
2752 2071 3060 2142 ignorantia
3097 2068 3166 2124 ad
3209 2069 3471 2124 virtutem
3516 2073 3573 2124 et

1990 2167 2361 2238 cognitionem
2394 2167 2685 2231 ducimur,
2717 2162 3117 2234 deprehendes.
3142 2160 3323 2232 Atque
3349 2160 3466 2216 hac
3497 2175 3569 2217 ex

1993 2258 2214 2330 Evagrii
2268 2247 2425 2313 libris
2480 2257 2770 2328 desumpta
2841 2255 3004 2328 242
3068 2254 3161 2310 hic
3206 2254 3571 2311 inseruimus.

1996 2348 2120 2404 Fuit
2148 2349 2312 2406 etiam
2345 2349 2487 2404 alius
2508 2349 2729 2419 quidam
2765 2347 2908 2403 inter
2945 2346 3251 2401 monachos
3282 2345 3370 2401 vir
3402 2346 3573 2401 mira-

1992 2439 2121 2495 bilis
2144 2479 2158 2506 ,
2194 2439 2415 2493 nomine
2442 2436 2787 2493 Ammonius.
2812 2435 2919 2502 Qui
2948 2435 3172 2505 quidem
3211 2433 3350 2491 adeo
3378 2449 3572 2504 parum

2001 2530 2261 2586 curiosus
2284 2528 2521 2594 exstitit,
2545 2536 2617 2582 ut
2633 2541 2758 2581 cum
2788 2525 3018 2582 Romam
3045 2527 3290 2583 venisset
3317 2542 3425 2582 una
3446 2542 3572 2580 cum

2000 2622 2340 2688 Athanasio,
2383 2636 2449 2676 ex
2506 2617 2816 2690 magniﬁcis
2861 2619 3017 2673 urbis
3059 2619 3322 2688 operibus
3363 2618 3574 2673 nullum

1998 2712 2187 2771 videre
2209 2709 2630 2773 desideraverit,
2658 2708 2754 2764 sed
2786 2708 2933 2764 solas
2965 2707 3112 2764 Petri
3145 2716 3201 2765 et
3236 2707 3390 2764 Pauli
3426 2708 3575 2764 basi-

313 2816 473 2871 γριος
511 2806 540 2836 ο
589 2798 687 2869 μὲν
746 2794 840 2851 οὖν
886 2797 983 2851 καὶ
1025 2797 1323 2861 Παλλάδιος
1361 2807 1390 2847 ι’
1439 2797 1634 2869 μικρὸν
1669 2798 1894 2871 ὕστερον

2001 2804 2137 2859 licas
2157 2802 2378 2857 viderit.
2412 2799 2559 2856 Idem
2590 2800 2917 2855 Ammonius
2950 2815 3075 2854 cum
3105 2800 3173 2855 ad
3199 2801 3576 2872 episcopatum

318 2891 461 2963 μετὰ
491 2891 593 2962 τὴν
627 2890 924 2953 Οὐάλεντος
956 2889 1211 2962 τελευτὴν
1252 2891 1516 2962 ἤνθησαν.
1556 2892 1895 2948 Ἐπανέλθω-

2002 2894 2346 2957 traheretur,
2406 2890 2534 2962 fuga
2595 2890 2864 2960 dilapsus,
2919 2890 3168 2946 dextram
3222 2892 3329 2949 sibi
3384 2907 3576 2950 aurem

317 3001 417 3053 μεν
445 2981 505 3037 δὲ
530 2984 655 3037 ὅθεν
687 2981 972 3053 ἐξέῦημεν.

1997 2985 2344 3056 amputavit,
2405 2990 2465 3037 ut
2518 2982 2773 3052 corporis
2820 2983 3165 3038 mutilatione
3206 2984 3578 3042 ordinationis

315 3082 587 3136 honorem
623 3079 905 3151 effugeret.
947 3077 1147 3134 Postea
1178 3093 1314 3134 vero
1375 3077 1641 3150 Evagrius
1667 3119 1681 3144 ,
1721 3094 1846 3136 cum
1884 3090 1939 3139 et
1977 3082 2096 3152 ipse
2157 3080 2226 3135 ad
2268 3080 2644 3150 episcopatum
2668 3084 2860 3148 raptus
2902 3092 2935 3132 a
2984 3076 3309 3148 Theophila,
3345 3078 3579 3135 Alexan-

315 3177 494 3232 drinae
548 3176 704 3232 urbis
750 3176 1034 3246 episeopo,
1095 3173 1408 3244 aufugisset
1458 3175 1610 3228 nulla
1663 3177 1913 3245 corporis
1983 3176 2068 3232 sui
2116 3182 2270 3245 parte
2318 3173 2566 3227 mutilata
2595 3212 2612 3238 ,
2660 3171 2954 3227 Ammonio
3000 3173 3315 3229 occurrenti
3388 3174 3580 3231 festive

314 3270 658 3334 dixit,male
681 3269 832 3323 illum
863 3268 1059 3324 iecisse
1080 3266 1385 3337 quiaurem
1444 3266 1548 3319 sibi
1578 3266 1940 3335 praecidisset,
1982 3276 2146 3337 atque
2196 3267 2268 3321 ob
2306 3265 2357 3320 id
2400 3264 2605 3321 factum
2669 3263 2726 3318 in
2785 3264 2948 3334 culpa
3008 3280 3134 3321 esse
3193 3281 3379 3321 coram
3446 3266 3579 3324 Deo.

314 3359 645 3413 Ammonius
681 3366 873 3413 contra
900 3358 949 3414 ei
985 3357 1306 3428 respondit:
1349 3356 1430 3412 'I'u
1464 3372 1593 3412 vero
1618 3398 1633 3420 ,
1666 3358 1895 3430 Evagri,
1927 3376 1997 3415 an
2036 3374 2145 3414 non
2190 3367 2350 3430 putas
2399 3367 2451 3414 te
2499 3372 2693 3428 pronas
2725 3356 3018 3424 daturum,
3073 3360 3169 3428 qui
3218 3359 3456 3430 linguam
3479 3359 3581 3416 tibi

313 3447 673 3511 abscindens,
691 3461 954 3503 concessa
991 3448 1090 3502 tibi
1118 3448 1291 3519 gratia
1312 3463 1423 3517 prce
1462 3449 1633 3503 nimio
1650 3449 1729 3503 tui
1792 3449 1966 3518 ipsius
2009 3465 2196 3504 amore
2223 3449 2299 3502 uti
2328 3448 2604 3503 nolueris?
2623 3445 2726 3502 Per
2748 3448 2891 3503 idem
2919 3455 3135 3519 tempus
3156 3450 3343 3519 plures
3363 3466 3582 3522 quoque

315 3540 412 3593 alii
457 3540 515 3593 in
561 3539 914 3595 monasteriis
968 3540 1119 3595 fuere
1181 3541 1283 3594 viri
1332 3539 1691 3596 admirabiles
1737 3549 1792 3597 et
1864 3540 1975 3596 Deo
2012 3544 2200 3605 chari,
2237 3556 2379 3612 quos
2414 3540 2636 3611 quidem
2682 3540 2740 3595 in
2786 3542 2891 3596 hoc
2944 3554 3113 3612 Opere
3145 3556 3583 3599 commemorare

314 3632 491 3688 nimis
526 3631 750 3702 longum
783 3637 955 3686 esset.
990 3631 1144 3687 Adde
1169 3633 1316 3701 quod
1386 3646 1416 3685 a
1483 3633 1766 3703 proposito
1808 3634 1969 3690 nobis
1996 3648 2166 3706 scapo
2196 3633 2407 3705 digredi
2448 3636 2673 3690 omnino
2706 3648 2933 3691 necesse
2972 3634 3144 3704 foret,
3185 3636 3232 3692 si
3266 3636 3432 3691 vitam
3469 3638 3586 3692 sin-

316 3725 578 3794 gulorum
634 3731 692 3777 et
726 3721 992 3776 miracula
1020 3736 1142 3791 qua:
1171 3722 1243 3776 ob
1268 3721 1547 3787 eximiam,
1613 3737 1718 3792 qua
1754 3723 1964 3792 praediti
2003 3732 2193 3787 erant,
2240 3725 2591 3780 sanctitatem
2623 3733 2915 3797 gesserunt
2937 3766 2953 3791 ,
2999 3726 3254 3797 persequi
3292 3728 3580 3785 vellemus.

316 3819 480 3887 Quod
527 3818 576 3873 si
610 3817 734 3888 quis
771 3824 1026 3873 accurate
1049 3817 1181 3873 velit
1213 3830 1545 3887 cognoscere
1609 3831 1673 3872 ea
1712 3833 1834 3887 qua:
1869 3818 1937 3874 ab
1968 3820 2080 3876 illis
2114 3819 2256 3874 facta
2281 3828 2337 3876 et
2357 3820 2424 3875 ad
2462 3821 2802 3875 audientium
2825 3819 3120 3876 utilitatem
3142 3821 3286 3877 dicta
3320 3832 3472 3886 sunt,
3529 3831 3584 3877 ct

318 3910 606 3981 quomodo
658 3907 788 3964 fera
830 3908 939 3964 illis
1006 3907 1508 3978 obtemperaverint
1538 3949 1554 3972 ,
1613 3916 1788 3963 exstat
1828 3909 1967 3964 liber
2002 3910 2299 3980 singularis
2346 3925 2377 3965 a
2431 3911 2674 3967 Palladio
2720 3910 2994 3966 monacho
3047 3909 3264 3981 Evagrii
3308 3911 3585 3980 discipulo

315 4008 699 4071 elucubratus,
729 4006 784 4059 in
816 4020 926 4075 quo
956 4011 1155 4060 cuncta
1211 4019 1336 4075 qua:
1360 4004 1428 4058 ad
1467 4002 1596 4060 illos
1620 4005 1938 4075 pertinent,
1978 4007 2399 4063 accuratissime
2432 4013 2805 4075 exponuntur.
2840 4005 2898 4061 In
2931 4005 3122 4062 eodem
3175 4007 3318 4061 libro
3344 4006 3583 4061 mentio-

317 4114 449 4155 nem
501 4096 670 4153 etiam
746 4093 877 4148 facit
947 4095 1238 4150 mulierum
1296 4108 1419 4164 quae
1490 4108 1678 4164 parem
1753 4111 1878 4151 cum
1928 4097 2066 4153 viris
2110 4098 2220 4153 illis
2274 4098 2494 4153 vivendi
2549 4099 2814 4153 rationem
2878 4112 2943 4152 ac
2995 4098 3341 4166 disciplinam
3388 4112 3584 4153 conse-

318 4203 484 4251 ctatae
524 4198 673 4248 sunt.
715 4189 887 4245 Porro
916 4189 1181 4261 Evagrius
1208 4197 1264 4249 et
1286 4188 1568 4244 Palladius
1588 4189 1753 4260 paulo
1772 4198 1898 4262 post
1911 4192 2117 4248 obitum
2155 4192 2400 4249 Valentis
2420 4192 2652 4264 Augusti
2674 4191 3000 4248 ﬂoruerunt.
3043 4189 3149 4247 Sed
3169 4191 3285 4262 jam
3305 4205 3373 4247 eo
3395 4207 3581 4249 rever-

320 4297 505 4343 tamur
542 4283 688 4340 unde
713 4282 949 4352 digressi
978 4297 1188 4341 sumus.

907 4398 1157 4452 ΚΕΦΔΔ.
1200 4401 1327 4454 KA'.

2594 4387 2750 4445 CAP.
2800 4385 2994 4441 XXIV.

321 4492 459 4560 Περὶ
498 4488 616 4544 τῶν
642 4488 1075 4560 ἐξορισᾷἐντων
1109 4490 1293 4560 ἁγίων
1319 4491 1629 4560 μαλακῶν,
1676 4490 1835 4557 ὅπως
1866 4492 1895 4545 d

2005 4486 2313 4560 De_aanctis
2340 4482 2612 4560 monachis
2645 4483 2699 4536 in
2726 4479 3175 4560 easiliumnpttlsis
3196 4519 3210 4541 ,
3235 4486 3286 4560 et
3323 4483 3583 4560 quomodo

394 4549 542 4626 ὂεός
569 4549 703 4622 ταῖς(
725 4549 924 4631 αὐτῶν
969 4549 1456 4629 θαυμᾰτοποῖίαις
1480 4549 1718 4628 ῖτὰνὲας
1752 4549 1895 4631 πρὸς

2076 4556 2223 4611 Deus
2278 4554 2554 4631 miraculis
2608 4569 2700 4623 per
2751 4552 2874 4607 illos
2921 4550 3077 4605 editis
3129 4559 3344 4605 cunctos
3399 4549 3469 4604 ad
3526 4566 3584 4606 se

389 4630 613 4685 ἑαυτὸν
640 4626 1094 4697 ἐφειλκύσατο(
1434 4626 1439 4627 ⁷
1691 4626 1706 4628 ’
1790 4626 1807 4631 ⁷
1879 4626 1889 4627 ί

2078 4626 2383 4680 attraxerit.

387 4725 430 4777 Τ
433 4724 493 4777 οὗ
520 4723 705 4776 τοίνυν
748 4721 1008 4790 βασιλέως
1038 4722 1332 4787 Οὐάλεντος
1373 4722 1521 4794 νόμῳ
1554 4722 1895 4785 κελεύσαντος

2078 4716 2217 4772 Cum
2268 4716 2436 4787 igitur
2477 4713 2779 4784 imperator
2799 4710 3002 4768 Valens
3041 4710 3158 4782 lege
3214 4711 3323 4766 lata
3375 4725 3585 4782 praece-

318 4808 610 4870 διώκεσθαι
635 4814 762 4877 τούς
796 4817 843 4866 τ’
877 4818 937 4870 ἐν
981 4815 1352 4887 Ἀλεξανδρείᾳ
1383 4818 1480 4871 καὶ
1514 4817 1641 4880 τοὺς
1662 4815 1781 4869 κατ’
1809 4813 1895 4867 Ai-

2008 4810 2185 4882 pisset
2236 4817 2296 4863 ut
2347 4808 2665 4871 orthodoxi,
2717 4815 2827 4860 tam
2879 4804 2976 4876 qui
3013 4802 3385 4869 Alexandriae,
3419 4818 3587 4874 quam

320 4926 549 4979 γυπτον,
593 4909 773 4962 πάντα
815 4908 1093 4978 ἐπορθεῖτο
1136 4909 1232 4963 καὶ
1275 4908 1631 4980 ἀνετρέπετοο
1672 4906 1782 4960 τῶν
1810 4905 1895 4977 μέπ

2013 4904 2109 4973 qui
2139 4903 2196 4957 in
2227 4901 2443 4972 reliqua
2479 4898 2720 4971 Egypto
2760 4905 2942 4963 erant,
2986 4895 3335 4967 rogarentur,
3371 4903 3587 4951 vastata

1456 5038 1822 5120 vastorum
1857 5057 2418 5118 ANNOTATIONES.

393 5167 419 5196 °
458 5158 777 5228 Εὺὰγριος,
809 5158 1099 5227 Evagrius,
1128 5156 1435 5228 presbyteri
1486 5157 1750 5228 lilius,ex
1783 5156 1902 5211 Ibe-
2005 5153 2317 5228 Iliat.,_vol.
2353 5170 2392 5217 ι,
2424 5168 2478 5223 p.
2514 5151 2648 5219 227,
2693 5158 2750 5207 et
2792 5152 2920 5206 Ant.
2968 5148 3123 5221 Pagi,
3170 5147 3239 5204 ad
3289 5162 3420 5203 ann.
3455 5146 3586 5216 388,

324 5246 512 5285 rornm
547 5224 687 5284 urbe
728 5244 850 5295 quae
901 5224 968 5282 ad
1026 5224 1301 5282 Euxinum
1352 5226 1588 5281 Pontum
1639 5227 1747 5283 sita
1789 5234 1896 5289 est,
2002 5224 2206 5295 n.16.)

322 5299 621 5360 oriundus,
655 5314 687 5353 a
719 5286 776 5353 ς.
811 5298 1016 5353 Basilio
1050 5297 1310 5352 Ecclesia!
1334 5297 1695 5353 Ctesariensis
1731 5286 1901 5351 lector
2074 5306 2103 5345 Ρ
2157 5286 2523 5360 Παλλάδιος.
2584 5292 2889 5357 Palladius,
2944 5299 3105 5363 gente
3152 5286 3366 5352 Galata,
3420 5295 3587 5363 natus

322 5357 640 5432 ordinatus,
678 5378 806 5438 post
835 5368 958 5437 ejus
1003 5377 1234 5423 mortem
1280 5382 1310 5421 a
1340 5367 1608 5437 Gregorio
1649 5365 1900 5438 Nysseno
2003 5379 2149 5420 anno
2185 5357 2536 5438 568,_viginti
2578 5379 2758 5438 annos
2788 5357 3040 5438 na‘tusiin
3059 5368 3299 5438 _e}tteras
3329 5357 3587 5438 regiones

322 5440 595 5494 diaconus
628 5430 839 5503 iactus,
864 5430 1077 5492 'claruit
1114 5439 1183 5493 ab
1220 5453 1368 5491 anno
1397 5430 1523 5493 δεῖ).
1560 5439 1604 5489 A
1635 5430 1901 5506 Gregorio
2002 5436 2349 5506 peregrinari
2384 5430 2587 5506 etrapit.
2619 5435 2779 5490 Anno
2809 5433 2909 5489 591
2960 5434 3014 5487 in
3059 5430 3305 5506 Nitriam
3341 5433 3590 5506 montem

322 5507 750 5563 Naz.sacrarum
772 5508 1098 5563 Litterarum
1124 5508 1411 5564 scientiam
1437 5507 1723 5568 hausit.ab
1739 5503 1804 5561 eo
1832 5504 1901 5559 ad
2004 5503 2273 5571 secessit,
2303 5504 2392 5558 ubi
2428 5503 2724 5576 Evagrium
2760 5514 3152 5576 praeceptorem
3185 5505 3399 5576 [136109
3418 5503 3593 5576 ‘3‘“.3.

326 5560 585 5636 Ecclesiae
598 5560 1233 5648 (ionstantinopnlitana;
1246 5560 1898 5648 arcliitliaco'na'tumpro-
2004 5560 2116 5645 quo
2142 5560 2473 5648 Origenismi
2512 5560 3167 5648 antorem-ltausi't._(Yide
3185 5566 3330 5648 Cag‘jt?
3353 5574 3406 5648 et
3421 5560 3592 5648 P33].

325 5660 539 5705 vectus.
565 5648 685 5715 Qua
714 5640 1009 5703 occasione
1036 5648 1200 5701 vitam
1226 5649 1582 5702 monasticam
1612 5640 1895 5714 amplexus
2005 5640 2097 5701 thi
2140 5640 2333 5714 supra;
2381 5644 2595 5715 Socrat.
2631 5646 2725 5700 lib.
2768 5659 2868 5715 vti,
2907 5658 2959 5715 c.
2993 5640 3085 5706 26,
3132 5640 3407 5715 praecipue
3456 5646 3598 5689 vero

322 5731 428 5789 est,
451 5706 613 5776 docet
642 5720 868 5774 Sozom.
888 5718 983 5772 lib.
1008 5733 1085 5782 vi,
1106 5733 1229 5787 cap.
1258 5718 1347 5772 30.
1364 5715 1533 5789 (Vide
1558 5706 1891 5783 GuilfCavc,
2003 5717 2179 5788 ipsius
2206 5706 2441 5772 Palladii
2463 5714 2766 5772 Historiam
2792 5706 3159 5773 Lamiarum.)

652 5818 933 5879 Puncta
972 5814 1089 5878 Gn.
1144 5815 1395 5879 LXVII.
1605 5862 1613 5869 ι

2143 5862 2179 5897 ρ,
3190 5799 3259 5859 17
