  <div class='ocr_page' id='page_1' title='image "/cluster/home/n/w/nwhite01/storage/ocr_20150623/67/hvd.32044020707378/268.png"; bbox 0 0 4070 6204; ppageno 0'>
   <div class='ocr_carea' id='block_1_1' title="bbox 264 4424 272 4485">
    <p class='ocr_par' dir='ltr' id='par_1_1' title="bbox 264 4424 272 4485">
     <span class='ocr_line' id='line_1_1' title="bbox 264 4424 272 4485; baseline 0 0"><span class='ocrx_word' id='word_1_1' title='bbox 264 4424 272 4485; x_wconf 66' lang='grc' dir='ltr'><strong>ἶ</strong></span> 
     </span>
    </p>
   </div>
   <div class='ocr_carea' id='block_1_2' title="bbox 263 322 370 377">
    <p class='ocr_par' dir='ltr' id='par_1_2' title="bbox 263 322 370 377">
     <span class='ocr_line' id='line_1_2' title="bbox 263 322 370 377; baseline -0.009 0"><span class='ocrx_word' id='word_1_2' title='bbox 263 322 370 377; x_wconf 57' lang='lat'><strong>923</strong></span> 
     </span>
    </p>
   </div>
   <div class='ocr_carea' id='block_1_3' title="bbox 1241 312 2564 374">
    <p class='ocr_par' dir='ltr' id='par_1_3' title="bbox 1241 312 2564 374">
     <span class='ocr_line' id='line_1_3' title="bbox 1241 312 2564 374; baseline -0.002 -4"><span class='ocrx_word' id='word_1_3' title='bbox 1241 313 1567 374; x_wconf 68' lang='lat' dir='ltr'><strong>HISTORIA</strong></span> <span class='ocrx_word' id='word_1_4' title='bbox 1607 313 2163 373; x_wconf 79' lang='lat' dir='ltr'><strong>ECCLESIASTICA.</strong></span> <span class='ocrx_word' id='word_1_5' title='bbox 2204 345 2274 354; x_wconf 92' lang='lat'><strong><em>—</em></strong></span> <span class='ocrx_word' id='word_1_6' title='bbox 2304 314 2433 369; x_wconf 86' lang='lat' dir='ltr'><strong>LIB.</strong></span> <span class='ocrx_word' id='word_1_7' title='bbox 2474 312 2564 369; x_wconf 79' lang='lat' dir='ltr'><strong>IV.</strong></span> 
     </span>
    </p>
   </div>
   <div class='ocr_carea' id='block_1_4' title="bbox 3418 315 3526 373">
    <p class='ocr_par' dir='ltr' id='par_1_4' title="bbox 3418 315 3526 373">
     <span class='ocr_line' id='line_1_4' title="bbox 3418 315 3526 373; baseline 0 0"><span class='ocrx_word' id='word_1_8' title='bbox 3418 315 3526 373; x_wconf 73' lang='lat'><strong>526</strong></span> 
     </span>
    </p>
   </div>
   <div class='ocr_carea' id='block_1_5' title="bbox 267 429 1874 510">
    <p class='ocr_par' dir='ltr' id='par_1_5' title="bbox 267 437 1854 510">
     <span class='ocr_line' id='line_1_5' title="bbox 267 437 1854 510; baseline -0.001 -16"><span class='ocrx_word' id='word_1_9' title='bbox 267 440 496 509; x_wconf 72' lang='grc' dir='ltr'>κάτοχος</span> <span class='ocrx_word' id='word_1_10' title='bbox 539 438 802 510; x_wconf 76' lang='grc' dir='ltr'><strong>γενομένη</strong></span> <span class='ocrx_word' id='word_1_11' title='bbox 852 439 1109 510; x_wconf 72' lang='grc' dir='ltr'>ἐξεμάνη,</span> <span class='ocrx_word' id='word_1_12' title='bbox 1165 440 1260 493; x_wconf 76' lang='grc' dir='ltr'><strong>καὶ</strong></span> <span class='ocrx_word' id='word_1_13' title='bbox 1315 440 1492 496; x_wconf 83' lang='grc' dir='ltr'>πάντα</span> <span class='ocrx_word' id='word_1_14' title='bbox 1536 437 1854 507; x_wconf 81' lang='grc' dir='ltr'>ἀνέτρεπεν.</span> 
     </span>
    </p>
   </div>
   <div class='ocr_carea' id='block_1_6' title="bbox 1979 429 3529 510">
    <p class='ocr_par' dir='ltr' id='par_1_6' title="bbox 1979 429 3529 502">
     <span class='ocr_line' id='line_1_6' title="bbox 1979 429 3529 502; baseline 0.001 -14"><span class='ocrx_word' id='word_1_15' title='bbox 1979 433 2146 488; x_wconf 79' lang='lat' dir='ltr'><strong>mbito</strong></span> <span class='ocrx_word' id='word_1_16' title='bbox 2171 448 2202 488; x_wconf 89' lang='lat' dir='ltr'><strong>a</strong></span> <span class='ocrx_word' id='word_1_17' title='bbox 2238 434 2483 490; x_wconf 82' lang='lat' dir='ltr'><strong>daemone</strong></span> <span class='ocrx_word' id='word_1_18' title='bbox 2519 437 2797 502; x_wconf 88' lang='lat' dir='ltr'><strong>correpta,</strong></span> <span class='ocrx_word' id='word_1_19' title='bbox 2838 429 3022 486; x_wconf 79' lang='lat' dir='ltr'><strong>furere</strong></span> <span class='ocrx_word' id='word_1_20' title='bbox 3055 430 3227 502; x_wconf 73' lang='lat' dir='ltr'><strong>coepit</strong></span> <span class='ocrx_word' id='word_1_21' title='bbox 3246 438 3300 488; x_wconf 89' lang='lat' dir='ltr'><strong>et</strong></span> <span class='ocrx_word' id='word_1_22' title='bbox 3326 442 3529 490; x_wconf 84' lang='lat' dir='ltr'><strong>cuncta</strong></span> 
     </span>
    </p>
   </div>
   <div class='ocr_carea' id='block_1_7' title="bbox 278 522 1862 600">
    <p class='ocr_par' dir='ltr' id='par_1_7' title="bbox 278 522 1862 600">
     <span class='ocr_line' id='line_1_7' title="bbox 278 522 1862 600; baseline -0.003 -18"><span class='ocrx_word' id='word_1_23' title='bbox 278 528 677 598; x_wconf 73' lang='grc' dir='ltr'>’Δκατάσχετός</span> <span class='ocrx_word' id='word_1_24' title='bbox 700 544 759 580; x_wconf 91' lang='grc' dir='ltr'><strong>τε</strong></span> <span class='ocrx_word' id='word_1_25' title='bbox 786 522 873 598; x_wconf 77' lang='grc' dir='ltr'><strong>ἦν,</strong></span> <span class='ocrx_word' id='word_1_26' title='bbox 904 528 996 581; x_wconf 79' lang='grc' dir='ltr'><strong>καὶ</strong></span> <span class='ocrx_word' id='word_1_27' title='bbox 1026 527 1201 581; x_wconf 75' lang='grc' dir='ltr'>οὐδενὶ</span> <span class='ocrx_word' id='word_1_28' title='bbox 1225 528 1411 600; x_wconf 83' lang='grc' dir='ltr'>τρόπῳ</span> <span class='ocrx_word' id='word_1_29' title='bbox 1439 527 1711 600; x_wconf 74' lang='grc' dir='ltr'>ήσυγάσαι</span> <span class='ocrx_word' id='word_1_30' title='bbox 1742 522 1862 596; x_wconf 75' lang='grc' dir='ltr'>ἠδύ-</span> 
     </span>
    </p>
   </div>
   <div class='ocr_carea' id='block_1_8' title="bbox 272 614 1861 689">
    <p class='ocr_par' dir='ltr' id='par_1_8' title="bbox 272 614 1861 689">
     <span class='ocr_line' id='line_1_8' title="bbox 272 614 1861 689; baseline -0.002 -19"><span class='ocrx_word' id='word_1_31' title='bbox 272 637 396 672; x_wconf 81' lang='grc' dir='ltr'>νατο</span> <span class='ocrx_word' id='word_1_32' title='bbox 418 635 432 649; x_wconf 72' lang='grc' dir='ltr'><strong>ο</strong></span> <span class='ocrx_word' id='word_1_33' title='bbox 463 617 582 672; x_wconf 81' lang='grc' dir='ltr'>ἀλλ’</span> <span class='ocrx_word' id='word_1_34' title='bbox 613 617 743 671; x_wconf 77' lang='grc' dir='ltr'>ἐϐόα</span> <span class='ocrx_word' id='word_1_35' title='bbox 778 616 1133 688; x_wconf 74' lang='grc' dir='ltr'>μεγάλα,ικαὶ</span> <span class='ocrx_word' id='word_1_36' title='bbox 1163 617 1299 689; x_wconf 88' lang='grc' dir='ltr'>πρὸς</span> <span class='ocrx_word' id='word_1_37' title='bbox 1330 616 1595 686; x_wconf 77' lang='grc' dir='ltr'>θεοφιλεῖς</span> <span class='ocrx_word' id='word_1_38' title='bbox 1622 614 1861 677; x_wconf 75' lang='grc' dir='ltr'><strong>ἐκείνους</strong></span> 
     </span>
    </p>
   </div>
   <div class='ocr_carea' id='block_1_9' title="bbox 271 706 1860 782">
    <p class='ocr_par' dir='ltr' id='par_1_9' title="bbox 271 706 1860 782">
     <span class='ocr_line' id='line_1_9' title="bbox 271 706 1860 782; baseline -0.003 -18"><span class='ocrx_word' id='word_1_39' title='bbox 271 710 360 765; x_wconf 73' lang='grc' dir='ltr'>Ξνδ</span> <span class='ocrx_word' id='word_1_40' title='bbox 366 726 487 782; x_wconf 82' lang='grc' dir='ltr'>ρας,</span> <span class='ocrx_word' id='word_1_41' title='bbox 513 709 599 774; x_wconf 83' lang='grc' dir='ltr'>Τί,</span> <span class='ocrx_word' id='word_1_42' title='bbox 626 710 810 778; x_wconf 75' lang='grc' dir='ltr'>φησὶν,</span> <span class='ocrx_word' id='word_1_43' title='bbox 836 708 1022 780; x_wconf 78' lang='grc' dir='ltr'>ῆλθετε</span> <span class='ocrx_word' id='word_1_44' title='bbox 1045 709 1139 762; x_wconf 77' lang='grc' dir='ltr'><strong>καὶ</strong></span> <span class='ocrx_word' id='word_1_45' title='bbox 1160 708 1392 763; x_wconf 79' lang='grc' dir='ltr'>ἐνταῦθα</span> <span class='ocrx_word' id='word_1_46' title='bbox 1411 706 1662 774; x_wconf 75' lang='grc' dir='ltr'><strong>ἐξελάσαι</strong></span> <span class='ocrx_word' id='word_1_47' title='bbox 1684 708 1860 778; x_wconf 82' lang='grc' dir='ltr'><strong>ἡμᾶς;</strong></span> 
     </span>
    </p>
   </div>
   <div class='ocr_carea' id='block_1_10' title="bbox 1961 521 3531 592">
    <p class='ocr_par' dir='ltr' id='par_1_10' title="bbox 1961 521 3531 592">
     <span class='ocr_line' id='line_1_10' title="bbox 1961 521 3531 592; baseline -0.002 -10"><span class='ocrx_word' id='word_1_48' title='bbox 1961 525 2301 582; x_wconf 75' lang='lat' dir='ltr'><strong>subvertere.</strong></span> <span class='ocrx_word' id='word_1_49' title='bbox 2328 523 2440 581; x_wconf 87' lang='lat' dir='ltr'><strong>Nec</strong></span> <span class='ocrx_word' id='word_1_50' title='bbox 2462 524 2570 579; x_wconf 85' lang='lat' dir='ltr'><strong>ulla</strong></span> <span class='ocrx_word' id='word_1_51' title='bbox 2608 522 2659 578; x_wconf 88' lang='lat' dir='ltr'><strong>vi</strong></span> <span class='ocrx_word' id='word_1_52' title='bbox 2684 521 2963 592; x_wconf 85' lang='lat' dir='ltr'><strong>compesci</strong></span> <span class='ocrx_word' id='word_1_53' title='bbox 2998 529 3215 591; x_wconf 89' lang='lat' dir='ltr'><strong>poterat</strong></span> <span class='ocrx_word' id='word_1_54' title='bbox 3235 537 3300 578; x_wconf 88' lang='lat' dir='ltr'><strong>ac</strong></span> <span class='ocrx_word' id='word_1_55' title='bbox 3325 524 3531 592; x_wconf 87' lang='lat' dir='ltr'><strong>sedari,</strong></span> 
     </span>
    </p>
   </div>
   <div class='ocr_carea' id='block_1_11' title="bbox 1963 613 3532 688">
    <p class='ocr_par' dir='ltr' id='par_1_11' title="bbox 1963 613 3532 688">
     <span class='ocr_line' id='line_1_11' title="bbox 1963 613 3532 688; baseline -0.002 -15"><span class='ocrx_word' id='word_1_56' title='bbox 1963 617 2061 673; x_wconf 90' lang='lat' dir='ltr'><strong>sed</strong></span> <span class='ocrx_word' id='word_1_57' title='bbox 2096 616 2308 688; x_wconf 77' lang='lat' dir='ltr'><strong>ingenti</strong></span> <span class='ocrx_word' id='word_1_58' title='bbox 2335 631 2469 671; x_wconf 85' lang='lat' dir='ltr'><strong>voce</strong></span> <span class='ocrx_word' id='word_1_59' title='bbox 2512 613 2808 680; x_wconf 91' lang='lat' dir='ltr'><strong>clamabat,</strong></span> <span class='ocrx_word' id='word_1_60' title='bbox 2856 620 2914 668; x_wconf 92' lang='lat' dir='ltr'><strong>et</strong></span> <span class='ocrx_word' id='word_1_61' title='bbox 2954 620 3181 669; x_wconf 85' lang='lat' dir='ltr'><strong>sanctos</strong></span> <span class='ocrx_word' id='word_1_62' title='bbox 3222 613 3360 670; x_wconf 88' lang='lat' dir='ltr'><strong>istos</strong></span> <span class='ocrx_word' id='word_1_63' title='bbox 3391 616 3532 670; x_wconf 89' lang='lat' dir='ltr'><strong>allo-</strong></span> 
     </span>
    </p>
   </div>
   <div class='ocr_carea' id='block_1_12' title="bbox 1962 705 3535 780">
    <p class='ocr_par' dir='ltr' id='par_1_12' title="bbox 1962 705 3535 780">
     <span class='ocr_line' id='line_1_12' title="bbox 1962 705 3535 780; baseline -0.001 -17"><span class='ocrx_word' id='word_1_64' title='bbox 1962 723 2139 780; x_wconf 91' lang='lat' dir='ltr'><strong>quens</strong></span> <span class='ocrx_word' id='word_1_65' title='bbox 2166 708 2337 774; x_wconf 88' lang='lat' dir='ltr'><strong>viros,</strong></span> <span class='ocrx_word' id='word_1_66' title='bbox 2388 708 2524 773; x_wconf 86' lang='lat' dir='ltr'><strong>Cur,</strong></span> <span class='ocrx_word' id='word_1_67' title='bbox 2584 706 2790 769; x_wconf 89' lang='lat' dir='ltr'><strong>aiebat,</strong></span> <span class='ocrx_word' id='word_1_68' title='bbox 2848 705 3083 761; x_wconf 74' lang='lat' dir='ltr'><strong>venistis</strong></span> <span class='ocrx_word' id='word_1_69' title='bbox 3127 711 3189 759; x_wconf 92' lang='lat' dir='ltr'><strong>ut</strong></span> <span class='ocrx_word' id='word_1_70' title='bbox 3243 718 3347 761; x_wconf 87' lang='lat' dir='ltr'><strong>nos</strong></span> <span class='ocrx_word' id='word_1_71' title='bbox 3402 705 3535 761; x_wconf 86' lang='lat' dir='ltr'><strong>hinc</strong></span> 
     </span>
    </p>
   </div>
   <div class='ocr_carea' id='block_1_13' title="bbox 273 796 1874 871">
    <p class='ocr_par' dir='ltr' id='par_1_13' title="bbox 273 796 1861 870">
     <span class='ocr_line' id='line_1_13' title="bbox 273 796 1861 870; baseline -0.003 -18"><span class='ocrx_word' id='word_1_72' title='bbox 273 801 440 854; x_wconf 74' lang='grc' dir='ltr'>Πάλιν</span> <span class='ocrx_word' id='word_1_73' title='bbox 470 796 563 854; x_wconf 72' lang='grc' dir='ltr'><strong>οὖν</strong></span> <span class='ocrx_word' id='word_1_74' title='bbox 602 802 649 852; x_wconf 88' lang='grc' dir='ltr'><strong>οί</strong></span> <span class='ocrx_word' id='word_1_75' title='bbox 699 799 890 870; x_wconf 81' lang='grc' dir='ltr'>ἄνδρες</span> <span class='ocrx_word' id='word_1_76' title='bbox 935 801 1051 852; x_wconf 77' lang='grc' dir='ltr'>ἐκεῖ</span> <span class='ocrx_word' id='word_1_77' title='bbox 1095 799 1156 852; x_wconf 86' lang='grc' dir='ltr'><strong>τὸ</strong></span> <span class='ocrx_word' id='word_1_78' title='bbox 1208 799 1338 853; x_wconf 72' lang='grc' dir='ltr'>ἴδιον</span> <span class='ocrx_word' id='word_1_79' title='bbox 1379 798 1540 868; x_wconf 81' lang='grc' dir='ltr'>ἔργον</span> <span class='ocrx_word' id='word_1_80' title='bbox 1568 798 1597 850; x_wconf 80' lang='grc' dir='ltr'>ὃ</span> <span class='ocrx_word' id='word_1_81' title='bbox 1624 799 1689 850; x_wconf 81' lang='grc' dir='ltr'>ὲκ</span> <span class='ocrx_word' id='word_1_82' title='bbox 1728 796 1861 849; x_wconf 85' lang='grc' dir='ltr'><strong>Θεοῦ</strong></span> 
     </span>
    </p>
   </div>
   <div class='ocr_carea' id='block_1_14' title="bbox 1979 796 3540 871">
    <p class='ocr_par' dir='ltr' id='par_1_14' title="bbox 1979 796 3540 871">
     <span class='ocr_line' id='line_1_14' title="bbox 1979 796 3540 871; baseline -0.003 -14"><span class='ocrx_word' id='word_1_83' title='bbox 1979 801 2128 857; x_wconf 75' lang='lat' dir='ltr'><strong>:tiam</strong></span> <span class='ocrx_word' id='word_1_84' title='bbox 2157 798 2467 870; x_wconf 80' lang='lat' dir='ltr'><strong>ejiceretis‘l</strong></span> <span class='ocrx_word' id='word_1_85' title='bbox 2493 797 2656 871; x_wconf 65' lang='grc'><strong>244</strong></span> <span class='ocrx_word' id='word_1_86' title='bbox 2690 796 2830 853; x_wconf 89' lang='lat' dir='ltr'><strong>Tum</strong></span> <span class='ocrx_word' id='word_1_87' title='bbox 2859 812 2991 854; x_wconf 90' lang='lat' dir='ltr'><strong>vero</strong></span> <span class='ocrx_word' id='word_1_88' title='bbox 3022 797 3200 853; x_wconf 87' lang='lat' dir='ltr'><strong>sancti</strong></span> <span class='ocrx_word' id='word_1_89' title='bbox 3243 797 3351 852; x_wconf 84' lang='lat' dir='ltr'><strong>viri</strong></span> <span class='ocrx_word' id='word_1_90' title='bbox 3382 804 3540 867; x_wconf 86' lang='lat' dir='ltr'><strong>pote-</strong></span> 
     </span>
    </p>
   </div>
   <div class='ocr_carea' id='block_1_15' title="bbox 268 888 1857 965">
    <p class='ocr_par' dir='ltr' id='par_1_15' title="bbox 268 888 1857 965">
     <span class='ocr_line' id='line_1_15' title="bbox 268 888 1857 965; baseline -0.003 -19"><span class='ocrx_word' id='word_1_91' title='bbox 268 893 491 965; x_wconf 75' lang='grc' dir='ltr'>χάριτος</span> <span class='ocrx_word' id='word_1_92' title='bbox 520 893 834 963; x_wconf 78' lang='grc' dir='ltr'><strong>εἰλήφασιν,</strong></span> <span class='ocrx_word' id='word_1_93' title='bbox 887 891 1283 946; x_wconf 76' lang='grc' dir='ltr'>ἐπεδείκνυντο.</span> <span class='ocrx_word' id='word_1_94' title='bbox 1328 890 1712 957; x_wconf 79' lang='grc' dir='ltr'>Ἐξελάσαντες</span> <span class='ocrx_word' id='word_1_95' title='bbox 1748 888 1857 959; x_wconf 84' lang='grc' dir='ltr'>γὰρ</span> 
     </span>
    </p>
   </div>
   <div class='ocr_carea' id='block_1_16' title="bbox 268 979 1858 1055">
    <p class='ocr_par' dir='ltr' id='par_1_16' title="bbox 268 979 1858 1055">
     <span class='ocr_line' id='line_1_16' title="bbox 268 979 1858 1055; baseline -0.003 -18"><span class='ocrx_word' id='word_1_96' title='bbox 268 984 358 1037; x_wconf 85' lang='grc' dir='ltr'><strong>τὸν</strong></span> <span class='ocrx_word' id='word_1_97' title='bbox 398 982 626 1052; x_wconf 83' lang='grc' dir='ltr'>δαίμονα</span> <span class='ocrx_word' id='word_1_98' title='bbox 650 983 749 1052; x_wconf 84' lang='grc' dir='ltr'><strong>τῆς</strong></span> <span class='ocrx_word' id='word_1_99' title='bbox 770 982 1062 1055; x_wconf 86' lang='grc' dir='ltr'>παρθένου,</span> <span class='ocrx_word' id='word_1_100' title='bbox 1089 982 1182 1036; x_wconf 75' lang='grc' dir='ltr'>καὶ</span> <span class='ocrx_word' id='word_1_101' title='bbox 1214 981 1343 1053; x_wconf 82' lang='grc' dir='ltr'><strong>ὑγιῆ</strong></span> <span class='ocrx_word' id='word_1_102' title='bbox 1372 981 1541 1052; x_wconf 78' lang='grc' dir='ltr'>αὐτὴν</span> <span class='ocrx_word' id='word_1_103' title='bbox 1578 980 1655 1051; x_wconf 79' lang='grc' dir='ltr'>τῷ</span> <span class='ocrx_word' id='word_1_104' title='bbox 1690 979 1858 1051; x_wconf 77' lang='grc' dir='ltr'>πατρὶ</span> 
     </span>
    </p>
   </div>
   <div class='ocr_carea' id='block_1_17' title="bbox 271 1069 1857 1143">
    <p class='ocr_par' dir='ltr' id='par_1_17' title="bbox 271 1069 1857 1143">
     <span class='ocr_line' id='line_1_17' title="bbox 271 1069 1857 1143; baseline -0.003 -17"><span class='ocrx_word' id='word_1_105' title='bbox 271 1071 628 1143; x_wconf 74' lang='grc' dir='ltr'><strong>παραδόντες,</strong></span> <span class='ocrx_word' id='word_1_106' title='bbox 679 1073 758 1134; x_wconf 80' lang='grc' dir='ltr'>εἰς</span> <span class='ocrx_word' id='word_1_107' title='bbox 802 1070 983 1124; x_wconf 89' lang='grc' dir='ltr'>πίστιν</span> <span class='ocrx_word' id='word_1_108' title='bbox 1038 1069 1133 1124; x_wconf 92' lang='grc' dir='ltr'><strong>τοῦ</strong></span> <span class='ocrx_word' id='word_1_109' title='bbox 1175 1069 1601 1143; x_wconf 86' lang='grc' dir='ltr'>Χριστιανισμοῦ</span> <span class='ocrx_word' id='word_1_110' title='bbox 1649 1070 1857 1140; x_wconf 80' lang='grc' dir='ltr'>ἧγαγον</span> 
     </span>
    </p>
   </div>
   <div class='ocr_carea' id='block_1_18' title="bbox 269 1158 1858 1232">
    <p class='ocr_par' dir='ltr' id='par_1_18' title="bbox 269 1158 1858 1232">
     <span class='ocr_line' id='line_1_18' title="bbox 269 1158 1858 1232; baseline -0.002 -17"><span class='ocrx_word' id='word_1_111' title='bbox 269 1164 357 1216; x_wconf 86' lang='grc' dir='ltr'><strong>τόν</strong></span> <span class='ocrx_word' id='word_1_112' title='bbox 408 1180 469 1215; x_wconf 86' lang='grc' dir='ltr'><strong>τε</strong></span> <span class='ocrx_word' id='word_1_113' title='bbox 520 1162 688 1232; x_wconf 77' lang='grc' dir='ltr'>ἱερέα,</span> <span class='ocrx_word' id='word_1_114' title='bbox 726 1160 820 1214; x_wconf 76' lang='grc' dir='ltr'><strong>καὶ</strong></span> <span class='ocrx_word' id='word_1_115' title='bbox 852 1161 1060 1225; x_wconf 84' lang='grc' dir='ltr'><strong>πάντας</strong></span> <span class='ocrx_word' id='word_1_116' title='bbox 1108 1159 1236 1226; x_wconf 80' lang='grc' dir='ltr'>τοὺς</span> <span class='ocrx_word' id='word_1_117' title='bbox 1276 1162 1393 1215; x_wconf 79' lang='grc' dir='ltr'>ἐκεῖ</span> <span class='ocrx_word' id='word_1_118' title='bbox 1424 1158 1767 1222; x_wconf 78' lang='grc' dir='ltr'>ἐνοικοῦντας</span> <span class='ocrx_word' id='word_1_119' title='bbox 1799 1160 1858 1212; x_wconf 78' lang='grc' dir='ltr'>ὲν</span> 
     </span>
    </p>
   </div>
   <div class='ocr_carea' id='block_1_19' title="bbox 270 1248 1862 1325">
    <p class='ocr_par' dir='ltr' id='par_1_19' title="bbox 270 1248 1862 1325">
     <span class='ocr_line' id='line_1_19' title="bbox 270 1248 1862 1325; baseline -0.002 -20"><span class='ocrx_word' id='word_1_120' title='bbox 270 1256 333 1325; x_wconf 80' lang='grc' dir='ltr'>τῇ</span> <span class='ocrx_word' id='word_1_121' title='bbox 373 1254 539 1323; x_wconf 81' lang='grc' dir='ltr'>νήσῳ.</span> <span class='ocrx_word' id='word_1_122' title='bbox 571 1251 748 1315; x_wconf 77' lang='grc' dir='ltr'>Εὐθὺς</span> <span class='ocrx_word' id='word_1_123' title='bbox 794 1248 887 1305; x_wconf 72' lang='grc' dir='ltr'><strong>οὖν</strong></span> <span class='ocrx_word' id='word_1_124' title='bbox 917 1250 985 1305; x_wconf 74' lang='grc' dir='ltr'>τὰ</span> <span class='ocrx_word' id='word_1_125' title='bbox 1013 1251 1112 1323; x_wconf 82' lang='grc' dir='ltr'>μὲν</span> <span class='ocrx_word' id='word_1_126' title='bbox 1154 1251 1446 1323; x_wconf 80' lang='grc' dir='ltr'>ἀγάλματα</span> <span class='ocrx_word' id='word_1_127' title='bbox 1486 1249 1768 1315; x_wconf 67' lang='grc' dir='ltr'>ἐξέϐαλον·</span> <span class='ocrx_word' id='word_1_128' title='bbox 1798 1248 1862 1302; x_wconf 84' lang='grc' dir='ltr'><strong>τὸ</strong></span> 
     </span>
    </p>
   </div>
   <div class='ocr_carea' id='block_1_20' title="bbox 271 1339 1863 1414">
    <p class='ocr_par' dir='ltr' id='par_1_20' title="bbox 271 1339 1863 1414">
     <span class='ocr_line' id='line_1_20' title="bbox 271 1339 1863 1414; baseline -0.002 -19"><span class='ocrx_word' id='word_1_129' title='bbox 271 1343 325 1395; x_wconf 77' lang='grc' dir='ltr'><strong>δὲ</strong></span> <span class='ocrx_word' id='word_1_130' title='bbox 358 1345 543 1414; x_wconf 81' lang='grc' dir='ltr'>σχῆμα</span> <span class='ocrx_word' id='word_1_131' title='bbox 586 1341 680 1395; x_wconf 89' lang='grc' dir='ltr'><strong>τοῦ</strong></span> <span class='ocrx_word' id='word_1_132' title='bbox 724 1339 850 1394; x_wconf 90' lang='grc' dir='ltr'>ναοῦ</span> <span class='ocrx_word' id='word_1_133' title='bbox 885 1343 964 1406; x_wconf 76' lang='grc' dir='ltr'>εἰς</span> <span class='ocrx_word' id='word_1_134' title='bbox 1013 1340 1307 1411; x_wconf 73' lang='grc' dir='ltr'>ἐκκλησίας</span> <span class='ocrx_word' id='word_1_135' title='bbox 1351 1339 1520 1394; x_wconf 82' lang='grc' dir='ltr'>τύπον</span> <span class='ocrx_word' id='word_1_136' title='bbox 1545 1340 1656 1411; x_wconf 81' lang='lat'><strong>(75)</strong></span> <span class='ocrx_word' id='word_1_137' title='bbox 1694 1356 1863 1411; x_wconf 87' lang='grc' dir='ltr'>μετα-</span> 
     </span>
    </p>
   </div>
   <div class='ocr_carea' id='block_1_21' title="bbox 272 1430 1861 1505">
    <p class='ocr_par' dir='ltr' id='par_1_21' title="bbox 272 1430 1861 1505">
     <span class='ocr_line' id='line_1_21' title="bbox 272 1430 1861 1505; baseline -0.003 -18"><span class='ocrx_word' id='word_1_138' title='bbox 272 1436 621 1505; x_wconf 75' lang='grc' dir='ltr'>ποιήσαντες,</span> <span class='ocrx_word' id='word_1_139' title='bbox 657 1432 1010 1498; x_wconf 81' lang='grc' dir='ltr'>ἐϐαπτίζοντό</span> <span class='ocrx_word' id='word_1_140' title='bbox 1051 1449 1110 1486; x_wconf 86' lang='grc' dir='ltr'><strong>τε</strong></span> <span class='ocrx_word' id='word_1_141' title='bbox 1149 1431 1244 1485; x_wconf 77' lang='grc' dir='ltr'>καὶ</span> <span class='ocrx_word' id='word_1_142' title='bbox 1291 1433 1468 1485; x_wconf 83' lang='grc' dir='ltr'>πάντα</span> <span class='ocrx_word' id='word_1_143' title='bbox 1505 1430 1575 1484; x_wconf 83' lang='grc' dir='ltr'>τὰ</span> <span class='ocrx_word' id='word_1_144' title='bbox 1599 1430 1692 1484; x_wconf 91' lang='grc' dir='ltr'><strong>τοῦ</strong></span> <span class='ocrx_word' id='word_1_145' title='bbox 1724 1431 1861 1501; x_wconf 80' lang='grc' dir='ltr'>Χριο</span> 
     </span>
    </p>
   </div>
   <div class='ocr_carea' id='block_1_22' title="bbox 276 1520 1861 1595">
    <p class='ocr_par' dir='ltr' id='par_1_22' title="bbox 276 1520 1861 1595">
     <span class='ocr_line' id='line_1_22' title="bbox 276 1520 1861 1595; baseline -0.003 -16"><span class='ocrx_word' id='word_1_146' title='bbox 276 1522 598 1594; x_wconf 82' lang='grc' dir='ltr'>στιανισμοῦ</span> <span class='ocrx_word' id='word_1_147' title='bbox 655 1524 938 1595; x_wconf 86' lang='grc' dir='ltr'>χαίροντες</span> <span class='ocrx_word' id='word_1_148' title='bbox 999 1524 1363 1578; x_wconf 78' lang='grc' dir='ltr'>ἐδιδάσκοντο.</span> <span class='ocrx_word' id='word_1_149' title='bbox 1427 1523 1585 1578; x_wconf 84' lang='grc' dir='ltr'>Οῦτω</span> <span class='ocrx_word' id='word_1_150' title='bbox 1641 1523 1736 1593; x_wconf 79' lang='grc' dir='ltr'><strong>μὲν</strong></span> <span class='ocrx_word' id='word_1_151' title='bbox 1797 1520 1861 1593; x_wconf 81' lang='grc' dir='ltr'>δὴ</span> 
     </span>
    </p>
   </div>
   <div class='ocr_carea' id='block_1_23' title="bbox 272 1612 1863 1688">
    <p class='ocr_par' dir='ltr' id='par_1_23' title="bbox 272 1612 1863 1688">
     <span class='ocr_line' id='line_1_23' title="bbox 272 1612 1863 1688; baseline -0.002 -19"><span class='ocrx_word' id='word_1_152' title='bbox 272 1617 617 1686; x_wconf 75' lang='grc' dir='ltr'>ἐλαυνόμενοι</span> <span class='ocrx_word' id='word_1_153' title='bbox 654 1615 742 1668; x_wconf 77' lang='grc' dir='ltr'>διὰ</span> <span class='ocrx_word' id='word_1_154' title='bbox 775 1619 873 1686; x_wconf 78' lang='grc' dir='ltr'><strong>τὴν</strong></span> <span class='ocrx_word' id='word_1_155' title='bbox 902 1615 994 1669; x_wconf 85' lang='grc' dir='ltr'><strong>τοῦ</strong></span> <span class='ocrx_word' id='word_1_156' title='bbox 1024 1617 1310 1688; x_wconf 86' lang='grc' dir='ltr'>ὀμοουσίου</span> <span class='ocrx_word' id='word_1_157' title='bbox 1354 1617 1537 1670; x_wconf 88' lang='grc' dir='ltr'>πίστιν</span> <span class='ocrx_word' id='word_1_158' title='bbox 1568 1615 1618 1669; x_wconf 81' lang='grc' dir='ltr'>οἱ</span> <span class='ocrx_word' id='word_1_159' title='bbox 1651 1612 1863 1684; x_wconf 77' lang='grc' dir='ltr'>θαυμα-</span> 
     </span>
    </p>
   </div>
   <div class='ocr_carea' id='block_1_24' title="bbox 271 1705 1862 1783">
    <p class='ocr_par' dir='ltr' id='par_1_24' title="bbox 271 1705 1862 1783">
     <span class='ocr_line' id='line_1_24' title="bbox 271 1705 1862 1783; baseline -0.004 -18"><span class='ocrx_word' id='word_1_160' title='bbox 271 1728 374 1765; x_wconf 79' lang='grc' dir='ltr'>σιοι</span> <span class='ocrx_word' id='word_1_161' title='bbox 419 1712 616 1763; x_wconf 80' lang='grc' dir='ltr'>ἐκεῖνοι</span> <span class='ocrx_word' id='word_1_162' title='bbox 661 1709 871 1780; x_wconf 82' lang='grc' dir='ltr'>ἄνδρες,</span> <span class='ocrx_word' id='word_1_163' title='bbox 913 1708 1066 1763; x_wconf 81' lang='grc' dir='ltr'>αὐτοί</span> <span class='ocrx_word' id='word_1_164' title='bbox 1111 1727 1171 1763; x_wconf 90' lang='grc' dir='ltr'><strong>τε</strong></span> <span class='ocrx_word' id='word_1_165' title='bbox 1209 1708 1564 1783; x_wconf 84' lang='grc' dir='ltr'><strong>δοκιμώτεροι</strong></span> <span class='ocrx_word' id='word_1_166' title='bbox 1602 1705 1862 1774; x_wconf 75' lang='grc' dir='ltr'>ἐγίνοντο,</span> 
     </span>
    </p>
   </div>
   <div class='ocr_carea' id='block_1_25' title="bbox 1964 887 3534 961">
    <p class='ocr_par' dir='ltr' id='par_1_25' title="bbox 1964 887 3534 961">
     <span class='ocr_line' id='line_1_25' title="bbox 1964 887 3534 961; baseline -0.003 -14"><span class='ocrx_word' id='word_1_167' title='bbox 1964 899 2160 947; x_wconf 84' lang='lat' dir='ltr'><strong>statem</strong></span> <span class='ocrx_word' id='word_1_168' title='bbox 2188 905 2353 961; x_wconf 83' lang='lat' dir='ltr'><strong>quam</strong></span> <span class='ocrx_word' id='word_1_169' title='bbox 2385 906 2415 943; x_wconf 89' lang='lat' dir='ltr'><strong>a</strong></span> <span class='ocrx_word' id='word_1_170' title='bbox 2454 889 2563 945; x_wconf 90' lang='lat' dir='ltr'><strong>Deo</strong></span> <span class='ocrx_word' id='word_1_171' title='bbox 2601 895 2949 959; x_wconf 87' lang='lat' dir='ltr'><strong>acceperant,</strong></span> <span class='ocrx_word' id='word_1_172' title='bbox 2988 889 3189 943; x_wconf 82' lang='lat' dir='ltr'><strong>iterum</strong></span> <span class='ocrx_word' id='word_1_173' title='bbox 3214 887 3325 943; x_wconf 90' lang='lat' dir='ltr'><strong>illic</strong></span> <span class='ocrx_word' id='word_1_174' title='bbox 3347 895 3534 945; x_wconf 86' lang='lat' dir='ltr'><strong>osten-</strong></span> 
     </span>
    </p>
   </div>
   <div class='ocr_carea' id='block_1_26' title="bbox 1964 978 3539 1053">
    <p class='ocr_par' dir='ltr' id='par_1_26' title="bbox 1964 978 3539 1053">
     <span class='ocr_line' id='line_1_26' title="bbox 1964 978 3539 1053; baseline -0.001 -16"><span class='ocrx_word' id='word_1_175' title='bbox 1964 982 2184 1038; x_wconf 90' lang='lat' dir='ltr'><strong>derunt.</strong></span> <span class='ocrx_word' id='word_1_176' title='bbox 2218 978 2432 1053; x_wconf 78' lang='lat' dir='ltr'><strong>Fugato</strong></span> <span class='ocrx_word' id='word_1_177' title='bbox 2457 981 2605 1035; x_wconf 89' lang='lat' dir='ltr'><strong>enim</strong></span> <span class='ocrx_word' id='word_1_178' title='bbox 2635 979 2901 1045; x_wconf 70' lang='lat' dir='ltr'><strong>daemone,</strong></span> <span class='ocrx_word' id='word_1_179' title='bbox 2942 995 3067 1035; x_wconf 90' lang='lat' dir='ltr'><strong>cum</strong></span> <span class='ocrx_word' id='word_1_180' title='bbox 3099 981 3369 1053; x_wconf 78' lang='lat' dir='ltr'><strong>virginem</strong></span> <span class='ocrx_word' id='word_1_181' title='bbox 3394 978 3539 1051; x_wconf 87' lang='lat' dir='ltr'><strong>patri</strong></span> 
     </span>
    </p>
   </div>
   <div class='ocr_carea' id='block_1_27' title="bbox 1964 1072 3536 1144">
    <p class='ocr_par' dir='ltr' id='par_1_27' title="bbox 1964 1072 3536 1144">
     <span class='ocr_line' id='line_1_27' title="bbox 1964 1072 3536 1144; baseline -0.001 -15"><span class='ocrx_word' id='word_1_182' title='bbox 1964 1075 2296 1129; x_wconf 85' lang='lat' dir='ltr'><strong>incolumem</strong></span> <span class='ocrx_word' id='word_1_183' title='bbox 2354 1072 2753 1137; x_wconf 86' lang='lat' dir='ltr'><strong>restituissent,</strong></span> <span class='ocrx_word' id='word_1_184' title='bbox 2792 1080 2907 1127; x_wconf 93' lang='lat' dir='ltr'><strong>tum</strong></span> <span class='ocrx_word' id='word_1_185' title='bbox 2936 1074 3282 1130; x_wconf 84' lang='lat' dir='ltr'><strong>sacerdotem</strong></span> <span class='ocrx_word' id='word_1_186' title='bbox 3317 1073 3536 1144; x_wconf 88' lang='lat' dir='ltr'><strong>ipsum,</strong></span> 
     </span>
    </p>
   </div>
   <div class='ocr_carea' id='block_1_28' title="bbox 1966 1161 3540 1234">
    <p class='ocr_par' dir='ltr' id='par_1_28' title="bbox 1966 1161 3540 1234">
     <span class='ocr_line' id='line_1_28' title="bbox 1966 1161 3540 1234; baseline 0.003 -16"><span class='ocrx_word' id='word_1_187' title='bbox 1966 1171 2084 1218; x_wconf 92' lang='lat' dir='ltr'><strong>tum</strong></span> <span class='ocrx_word' id='word_1_188' title='bbox 2116 1163 2363 1234; x_wconf 86' lang='lat' dir='ltr'><strong>reliquos</strong></span> <span class='ocrx_word' id='word_1_189' title='bbox 2380 1161 2475 1234; x_wconf 91' lang='lat' dir='ltr'><strong>qui</strong></span> <span class='ocrx_word' id='word_1_190' title='bbox 2502 1163 2557 1217; x_wconf 91' lang='lat' dir='ltr'><strong>in</strong></span> <span class='ocrx_word' id='word_1_191' title='bbox 2579 1163 2759 1217; x_wconf 84' lang='lat' dir='ltr'><strong>insula</strong></span> <span class='ocrx_word' id='word_1_192' title='bbox 2783 1162 3075 1232; x_wconf 78' lang='lat' dir='ltr'><strong>degebant,</strong></span> <span class='ocrx_word' id='word_1_193' title='bbox 3111 1163 3180 1218; x_wconf 89' lang='lat' dir='ltr'><strong>ad</strong></span> <span class='ocrx_word' id='word_1_194' title='bbox 3208 1164 3540 1222; x_wconf 67' lang='lat' dir='ltr'><strong>Christianae</strong></span> 
     </span>
    </p>
   </div>
   <div class='ocr_carea' id='block_1_29' title="bbox 1964 1254 3540 1328">
    <p class='ocr_par' dir='ltr' id='par_1_29' title="bbox 1964 1254 3540 1328">
     <span class='ocr_line' id='line_1_29' title="bbox 1964 1254 3540 1328; baseline 0.002 -17"><span class='ocrx_word' id='word_1_195' title='bbox 1964 1256 2253 1328; x_wconf 77' lang='lat' dir='ltr'><strong>religionis</strong></span> <span class='ocrx_word' id='word_1_196' title='bbox 2288 1254 2447 1311; x_wconf 87' lang='lat' dir='ltr'><strong>ﬁdem</strong></span> <span class='ocrx_word' id='word_1_197' title='bbox 2477 1255 2842 1311; x_wconf 66' lang='lat' dir='ltr'><strong>adduxerunt.</strong></span> <span class='ocrx_word' id='word_1_198' title='bbox 2897 1254 3098 1310; x_wconf 83' lang='lat' dir='ltr'><strong>Statim</strong></span> <span class='ocrx_word' id='word_1_199' title='bbox 3148 1256 3331 1327; x_wconf 85' lang='lat' dir='ltr'><strong>itaque</strong></span> <span class='ocrx_word' id='word_1_200' title='bbox 3364 1259 3540 1319; x_wconf 88' lang='lat' dir='ltr'><strong>simu-</strong></span> 
     </span>
    </p>
   </div>
   <div class='ocr_carea' id='block_1_30' title="bbox 1974 1347 3542 1419">
    <p class='ocr_par' dir='ltr' id='par_1_30' title="bbox 1974 1347 3542 1419">
     <span class='ocr_line' id='line_1_30' title="bbox 1974 1347 3542 1419; baseline 0.002 -15"><span class='ocrx_word' id='word_1_201' title='bbox 1974 1350 2123 1404; x_wconf 89' lang='lat' dir='ltr'><strong>lacra</strong></span> <span class='ocrx_word' id='word_1_202' title='bbox 2185 1348 2566 1418; x_wconf 81' lang='lat' dir='ltr'><strong>projicientes,</strong></span> <span class='ocrx_word' id='word_1_203' title='bbox 2621 1347 2888 1404; x_wconf 80' lang='lat' dir='ltr'><strong>fabricam</strong></span> <span class='ocrx_word' id='word_1_204' title='bbox 2940 1347 3132 1419; x_wconf 82' lang='lat' dir='ltr'><strong>templi</strong></span> <span class='ocrx_word' id='word_1_205' title='bbox 3180 1348 3237 1404; x_wconf 93' lang='lat' dir='ltr'><strong>in</strong></span> <span class='ocrx_word' id='word_1_206' title='bbox 3294 1350 3542 1408; x_wconf 64' lang='lat' dir='ltr'><strong>ecclesia:</strong></span> 
     </span>
    </p>
   </div>
   <div class='ocr_carea' id='block_1_31' title="bbox 1964 1438 3541 1510">
    <p class='ocr_par' dir='ltr' id='par_1_31' title="bbox 1964 1438 3541 1510">
     <span class='ocr_line' id='line_1_31' title="bbox 1964 1438 3541 1510; baseline 0.001 -16"><span class='ocrx_word' id='word_1_207' title='bbox 1964 1438 2204 1508; x_wconf 62' lang='lat' dir='ltr'><strong>speciem</strong></span> <span class='ocrx_word' id='word_1_208' title='bbox 2264 1445 2728 1493; x_wconf 87' lang='lat' dir='ltr'><strong>commutarunt:</strong></span> <span class='ocrx_word' id='word_1_209' title='bbox 2790 1448 3163 1510; x_wconf 89' lang='lat' dir='ltr'><strong>susceptoque</strong></span> <span class='ocrx_word' id='word_1_210' title='bbox 3219 1439 3541 1509; x_wconf 87' lang='lat' dir='ltr'><strong>baptismo,</strong></span> 
     </span>
    </p>
   </div>
   <div class='ocr_carea' id='block_1_32' title="bbox 1964 1528 3538 1586">
    <p class='ocr_par' dir='ltr' id='par_1_32' title="bbox 1964 1528 3538 1586">
     <span class='ocr_line' id='line_1_32' title="bbox 1964 1528 3538 1586; baseline 0.002 -3"><span class='ocrx_word' id='word_1_211' title='bbox 1964 1528 2292 1584; x_wconf 81' lang='lat' dir='ltr'><strong>Christiana:</strong></span> <span class='ocrx_word' id='word_1_212' title='bbox 2325 1529 2446 1584; x_wconf 88' lang='lat' dir='ltr'><strong>ﬁdei</strong></span> <span class='ocrx_word' id='word_1_213' title='bbox 2467 1528 2779 1584; x_wconf 87' lang='lat' dir='ltr'><strong>doctrinam</strong></span> <span class='ocrx_word' id='word_1_214' title='bbox 2807 1530 2977 1584; x_wconf 91' lang='lat' dir='ltr'><strong>alacri</strong></span> <span class='ocrx_word' id='word_1_215' title='bbox 3005 1529 3190 1585; x_wconf 88' lang='lat' dir='ltr'><strong>animo</strong></span> <span class='ocrx_word' id='word_1_216' title='bbox 3206 1528 3538 1586; x_wconf 87' lang='lat' dir='ltr'><strong>didicerunt.</strong></span> 
     </span>
    </p>
   </div>
   <div class='ocr_carea' id='block_1_33' title="bbox 1966 1619 3545 1679">
    <p class='ocr_par' dir='ltr' id='par_1_33' title="bbox 1966 1619 3545 1679">
     <span class='ocr_line' id='line_1_33' title="bbox 1966 1619 3545 1679; baseline 0.002 -4"><span class='ocrx_word' id='word_1_217' title='bbox 1966 1620 2047 1675; x_wconf 83' lang='lat' dir='ltr'><strong>Ad</strong></span> <span class='ocrx_word' id='word_1_218' title='bbox 2084 1621 2231 1675; x_wconf 86' lang='lat' dir='ltr'><strong>hunc</strong></span> <span class='ocrx_word' id='word_1_219' title='bbox 2249 1620 2468 1675; x_wconf 92' lang='lat' dir='ltr'><strong>modum</strong></span> <span class='ocrx_word' id='word_1_220' title='bbox 2493 1619 2844 1676; x_wconf 86' lang='lat' dir='ltr'><strong>admirabiles</strong></span> <span class='ocrx_word' id='word_1_221' title='bbox 2862 1621 2939 1675; x_wconf 90' lang='lat' dir='ltr'><strong>illi</strong></span> <span class='ocrx_word' id='word_1_222' title='bbox 2958 1621 3059 1679; x_wconf 87' lang='lat' dir='ltr'><strong>viri</strong></span> <span class='ocrx_word' id='word_1_223' title='bbox 3080 1621 3153 1678; x_wconf 87' lang='lat' dir='ltr'><strong>ob</strong></span> <span class='ocrx_word' id='word_1_224' title='bbox 3172 1621 3545 1678; x_wconf 85' lang='lat' dir='ltr'><strong>consubstan-</strong></span> 
     </span>
    </p>
   </div>
   <div class='ocr_carea' id='block_1_34' title="bbox 1967 1712 3545 1785">
    <p class='ocr_par' dir='ltr' id='par_1_34' title="bbox 1967 1712 3545 1785">
     <span class='ocr_line' id='line_1_34' title="bbox 1967 1712 3545 1785; baseline 0.001 -18"><span class='ocrx_word' id='word_1_225' title='bbox 1967 1712 2115 1767; x_wconf 88' lang='lat' dir='ltr'><strong>tialis</strong></span> <span class='ocrx_word' id='word_1_226' title='bbox 2145 1712 2304 1767; x_wconf 90' lang='lat' dir='ltr'><strong>ﬁdem</strong></span> <span class='ocrx_word' id='word_1_227' title='bbox 2336 1713 2773 1782; x_wconf 82' lang='lat' dir='ltr'><strong>persecutionem</strong></span> <span class='ocrx_word' id='word_1_228' title='bbox 2798 1713 2979 1783; x_wconf 86' lang='lat' dir='ltr'><strong>passi,</strong></span> <span class='ocrx_word' id='word_1_229' title='bbox 3029 1721 3146 1768; x_wconf 89' lang='lat' dir='ltr'><strong>tum</strong></span> <span class='ocrx_word' id='word_1_230' title='bbox 3193 1713 3297 1784; x_wconf 89' lang='lat' dir='ltr'><strong>ipsi</strong></span> <span class='ocrx_word' id='word_1_231' title='bbox 3324 1714 3545 1785; x_wconf 80' lang='lat' dir='ltr'><strong>proba-</strong></span> 
     </span>
    </p>
   </div>
   <div class='ocr_carea' id='block_1_35' title="bbox 271 1799 1874 1877">
    <p class='ocr_par' dir='ltr' id='par_1_35' title="bbox 271 1799 1859 1873">
     <span class='ocr_line' id='line_1_35' title="bbox 271 1799 1859 1873; baseline -0.003 -17"><span class='ocrx_word' id='word_1_232' title='bbox 271 1803 363 1856; x_wconf 76' lang='grc' dir='ltr'>καὶ</span> <span class='ocrx_word' id='word_1_233' title='bbox 390 1802 583 1866; x_wconf 75' lang='grc' dir='ltr'>ἄλλους</span> <span class='ocrx_word' id='word_1_234' title='bbox 611 1801 833 1869; x_wconf 78' lang='grc' dir='ltr'>ἔσωζον,</span> <span class='ocrx_word' id='word_1_235' title='bbox 872 1801 967 1856; x_wconf 74' lang='grc' dir='ltr'><strong>καὶ</strong></span> <span class='ocrx_word' id='word_1_236' title='bbox 1008 1801 1109 1873; x_wconf 79' lang='grc' dir='ltr'>τὴν</span> <span class='ocrx_word' id='word_1_237' title='bbox 1155 1801 1336 1855; x_wconf 83' lang='grc' dir='ltr'>πίστιν</span> <span class='ocrx_word' id='word_1_238' title='bbox 1367 1799 1714 1872; x_wconf 91' lang='grc' dir='ltr'>βεϐαιοτέραν</span> <span class='ocrx_word' id='word_1_239' title='bbox 1747 1799 1859 1869; x_wconf 84' lang='grc' dir='ltr'>εἰρ-</span> 
     </span>
    </p>
   </div>
   <div class='ocr_carea' id='block_1_36' title="bbox 1979 1799 3543 1877">
    <p class='ocr_par' dir='ltr' id='par_1_36' title="bbox 1984 1804 3543 1872">
     <span class='ocr_line' id='line_1_36' title="bbox 1984 1804 3543 1872; baseline 0.002 -14"><span class='ocrx_word' id='word_1_240' title='bbox 1984 1804 2129 1861; x_wconf 87' lang='lat' dir='ltr'><strong>iores</strong></span> <span class='ocrx_word' id='word_1_241' title='bbox 2152 1812 2470 1868; x_wconf 87' lang='lat' dir='ltr'><strong>evaserunt,</strong></span> <span class='ocrx_word' id='word_1_242' title='bbox 2501 1811 2617 1857; x_wconf 90' lang='lat' dir='ltr'><strong>tum</strong></span> <span class='ocrx_word' id='word_1_243' title='bbox 2650 1804 2776 1859; x_wconf 87' lang='lat' dir='ltr'><strong>aliis</strong></span> <span class='ocrx_word' id='word_1_244' title='bbox 2803 1806 3039 1860; x_wconf 84' lang='lat' dir='ltr'><strong>salutem</strong></span> <span class='ocrx_word' id='word_1_245' title='bbox 3070 1805 3392 1872; x_wconf 88' lang='lat' dir='ltr'><strong>attulerunt,</strong></span> <span class='ocrx_word' id='word_1_246' title='bbox 3424 1812 3543 1862; x_wconf 92' lang='lat' dir='ltr'><strong>tum</strong></span> 
     </span>
    </p>
   </div>
   <div class='ocr_carea' id='block_1_37' title="bbox 270 1894 520 1964">
    <p class='ocr_par' dir='ltr' id='par_1_37' title="bbox 270 1894 520 1964">
     <span class='ocr_line' id='line_1_37' title="bbox 270 1894 520 1964; baseline 0 -15"><span class='ocrx_word' id='word_1_247' title='bbox 270 1894 520 1964; x_wconf 78' lang='grc' dir='ltr'>γάζοντο.</span> 
     </span>
    </p>
   </div>
   <div class='ocr_carea' id='block_1_38' title="bbox 857 1984 1282 2039">
    <p class='ocr_par' dir='ltr' id='par_1_38' title="bbox 857 1984 1282 2039">
     <span class='ocr_line' id='line_1_38' title="bbox 857 1984 1282 2039; baseline 0.002 -1"><span class='ocrx_word' id='word_1_248' title='bbox 857 1984 1110 2039; x_wconf 77' lang='grc' dir='ltr'><strong>ΚΕΦΑΛ.</strong></span> <span class='ocrx_word' id='word_1_249' title='bbox 1150 1984 1282 2039; x_wconf 84' lang='lat' dir='ltr'><strong>KE&#39;.</strong></span> 
     </span>
    </p>
   </div>
   <div class='ocr_carea' id='block_1_39' title="bbox 623 2073 1508 2147">
    <p class='ocr_par' dir='ltr' id='par_1_39' title="bbox 623 2073 1508 2147">
     <span class='ocr_line' id='line_1_39' title="bbox 623 2073 1508 2147; baseline 0 -17"><span class='ocrx_word' id='word_1_250' title='bbox 623 2076 764 2145; x_wconf 80' lang='grc' dir='ltr'>Περὶ</span> <span class='ocrx_word' id='word_1_251' title='bbox 812 2076 1072 2147; x_wconf 80' lang='grc' dir='ltr'>Διδύμου</span> <span class='ocrx_word' id='word_1_252' title='bbox 1110 2076 1216 2130; x_wconf 85' lang='grc' dir='ltr'><strong>τοῦ</strong></span> <span class='ocrx_word' id='word_1_253' title='bbox 1257 2073 1508 2144; x_wconf 72' lang='grc' dir='ltr'>τυφλοῦ.</span> 
     </span>
    </p>
   </div>
   <div class='ocr_carea' id='block_1_40' title="bbox 357 2164 1866 2240">
    <p class='ocr_par' dir='ltr' id='par_1_40' title="bbox 357 2164 1866 2240">
     <span class='ocr_line' id='line_1_40' title="bbox 357 2164 1866 2240; baseline -0.003 -16"><span class='ocrx_word' id='word_1_254' title='bbox 357 2169 499 2224; x_wconf 80' lang='grc' dir='ltr'>Ὑπὸ</span> <span class='ocrx_word' id='word_1_255' title='bbox 521 2169 574 2223; x_wconf 79' lang='grc' dir='ltr'>δὲ</span> <span class='ocrx_word' id='word_1_256' title='bbox 601 2170 729 2233; x_wconf 73' lang='grc' dir='ltr'>τοὺς</span> <span class='ocrx_word' id='word_1_257' title='bbox 755 2169 953 2230; x_wconf 74' lang='grc' dir='ltr'>αὐτοὺς</span> <span class='ocrx_word' id='word_1_258' title='bbox 982 2167 1206 2240; x_wconf 86' lang='grc' dir='ltr'>χρόνους</span> <span class='ocrx_word' id='word_1_259' title='bbox 1235 2169 1329 2221; x_wconf 80' lang='grc' dir='ltr'>καὶ</span> <span class='ocrx_word' id='word_1_260' title='bbox 1366 2167 1551 2239; x_wconf 73' lang='grc' dir='ltr'>ἕτερον</span> <span class='ocrx_word' id='word_1_261' title='bbox 1578 2164 1747 2238; x_wconf 75' lang='grc' dir='ltr'>ἄνδρα</span> <span class='ocrx_word' id='word_1_262' title='bbox 1774 2182 1866 2220; x_wconf 84' lang='grc' dir='ltr'>πι-</span> 
     </span>
    </p>
   </div>
   <div class='ocr_carea' id='block_1_41' title="bbox 273 2260 1864 2334">
    <p class='ocr_par' dir='ltr' id='par_1_41' title="bbox 273 2260 1864 2334">
     <span class='ocr_line' id='line_1_41' title="bbox 273 2260 1864 2334; baseline -0.004 -13"><span class='ocrx_word' id='word_1_263' title='bbox 273 2266 401 2321; x_wconf 90' lang='grc' dir='ltr'>στὸν</span> <span class='ocrx_word' id='word_1_264' title='bbox 433 2264 632 2329; x_wconf 76' lang='grc' dir='ltr'>ἔδειξεν</span> <span class='ocrx_word' id='word_1_265' title='bbox 661 2267 689 2317; x_wconf 85' lang='grc' dir='ltr'><strong>ὁ</strong></span> <span class='ocrx_word' id='word_1_266' title='bbox 720 2264 875 2327; x_wconf 82' lang='grc' dir='ltr'>Θεὸς,</span> <span class='ocrx_word' id='word_1_267' title='bbox 900 2263 968 2316; x_wconf 88' lang='grc' dir='ltr'>δι’</span> <span class='ocrx_word' id='word_1_268' title='bbox 995 2262 1159 2318; x_wconf 82' lang='grc' dir='ltr'>αὐτοῦ</span> <span class='ocrx_word' id='word_1_269' title='bbox 1195 2261 1610 2334; x_wconf 86' lang='grc' dir='ltr'>μαρτυρηθῆναι</span> <span class='ocrx_word' id='word_1_270' title='bbox 1642 2260 1864 2315; x_wconf 85' lang='grc' dir='ltr'>δικαιώ-</span> 
     </span>
    </p>
   </div>
   <div class='ocr_carea' id='block_1_42' title="bbox 275 2353 1868 2428">
    <p class='ocr_par' dir='ltr' id='par_1_42' title="bbox 275 2353 1868 2428">
     <span class='ocr_line' id='line_1_42' title="bbox 275 2353 1868 2428; baseline -0.004 -16"><span class='ocrx_word' id='word_1_271' title='bbox 275 2374 373 2421; x_wconf 88' lang='grc' dir='ltr'><strong>σας</strong></span> <span class='ocrx_word' id='word_1_272' title='bbox 412 2357 523 2428; x_wconf 77' lang='grc' dir='ltr'>τῆν.</span> <span class='ocrx_word' id='word_1_273' title='bbox 549 2356 751 2409; x_wconf 80' lang='grc' dir='ltr'>πίστιν.</span> <span class='ocrx_word' id='word_1_274' title='bbox 796 2355 1027 2425; x_wconf 76' lang='grc' dir='ltr'><strong>Δίδυμος</strong></span> <span class='ocrx_word' id='word_1_275' title='bbox 1059 2364 1082 2391; x_wconf 72' lang='grc' dir='ltr'><strong>τ</strong></span> <span class='ocrx_word' id='word_1_276' title='bbox 1109 2353 1217 2424; x_wconf 85' lang='grc' dir='ltr'><strong>γὰρ</strong></span> <span class='ocrx_word' id='word_1_277' title='bbox 1257 2353 1395 2425; x_wconf 76' lang='grc' dir='ltr'>ἀνὴρ</span> <span class='ocrx_word' id='word_1_278' title='bbox 1431 2353 1742 2426; x_wconf 88' lang='grc' dir='ltr'>θαυμαστὸς</span> <span class='ocrx_word' id='word_1_279' title='bbox 1774 2353 1868 2407; x_wconf 73' lang='grc' dir='ltr'><strong>καὶ</strong></span> 
     </span>
    </p>
   </div>
   <div class='ocr_carea' id='block_1_43' title="bbox 274 2444 1869 2520">
    <p class='ocr_par' dir='ltr' id='par_1_43' title="bbox 274 2444 1869 2520">
     <span class='ocr_line' id='line_1_43' title="bbox 274 2444 1869 2520; baseline -0.002 -17"><span class='ocrx_word' id='word_1_280' title='bbox 274 2450 582 2520; x_wconf 71' lang='grc' dir='ltr'>ὶλλόγιμος,</span> <span class='ocrx_word' id='word_1_281' title='bbox 610 2448 756 2501; x_wconf 82' lang='grc' dir='ltr'>κατὰ</span> <span class='ocrx_word' id='word_1_282' title='bbox 784 2448 874 2501; x_wconf 92' lang='grc' dir='ltr'><strong>τὸν</strong></span> <span class='ocrx_word' id='word_1_283' title='bbox 902 2447 1064 2501; x_wconf 81' lang='grc' dir='ltr'>αὑτὸν</span> <span class='ocrx_word' id='word_1_284' title='bbox 1100 2447 1301 2519; x_wconf 80' lang='grc' dir='ltr'>ῆνθησε</span> <span class='ocrx_word' id='word_1_285' title='bbox 1333 2448 1541 2518; x_wconf 86' lang='grc' dir='ltr'>χρόνον,</span> <span class='ocrx_word' id='word_1_286' title='bbox 1578 2447 1729 2519; x_wconf 79' lang='grc' dir='ltr'>πάσῃ</span> <span class='ocrx_word' id='word_1_287' title='bbox 1753 2444 1869 2500; x_wconf 87' lang='grc' dir='ltr'>δια-</span> 
     </span>
    </p>
   </div>
   <div class='ocr_carea' id='block_1_44' title="bbox 273 2529 1870 2612">
    <p class='ocr_par' dir='ltr' id='par_1_44' title="bbox 273 2529 1870 2612">
     <span class='ocr_line' id='line_1_44' title="bbox 273 2529 1870 2612; baseline -0.003 -20"><span class='ocrx_word' id='word_1_288' title='bbox 273 2538 492 2612; x_wconf 68' lang='grc' dir='ltr'>πρέψας</span> <span class='ocrx_word' id='word_1_289' title='bbox 548 2536 850 2591; x_wconf 83' lang='grc' dir='ltr'>παιδεύσει.</span> <span class='ocrx_word' id='word_1_290' title='bbox 903 2529 1070 2601; x_wconf 73' lang='grc' dir='ltr'>Οὗτος</span> <span class='ocrx_word' id='word_1_291' title='bbox 1116 2537 1310 2608; x_wconf 84' lang='grc' dir='ltr'>κομιδῇ</span> <span class='ocrx_word' id='word_1_292' title='bbox 1355 2535 1473 2599; x_wconf 86' lang='grc' dir='ltr'>νέος</span> <span class='ocrx_word' id='word_1_293' title='bbox 1517 2533 1614 2600; x_wconf 82' lang='grc' dir='ltr'>ὢν,</span> <span class='ocrx_word' id='word_1_294' title='bbox 1658 2534 1755 2589; x_wconf 78' lang='grc' dir='ltr'><strong>καὶ</strong></span> <span class='ocrx_word' id='word_1_295' title='bbox 1800 2534 1870 2588; x_wconf 82' lang='grc' dir='ltr'>τὰ</span> 
     </span>
    </p>
   </div>
   <div class='ocr_carea' id='block_1_45' title="bbox 271 2624 1869 2703">
    <p class='ocr_par' dir='ltr' id='par_1_45' title="bbox 271 2624 1869 2703">
     <span class='ocr_line' id='line_1_45' title="bbox 271 2624 1869 2703; baseline -0.004 -19"><span class='ocrx_word' id='word_1_296' title='bbox 271 2631 469 2703; x_wconf 88' lang='grc' dir='ltr'>πρῶτα</span> <span class='ocrx_word' id='word_1_297' title='bbox 514 2630 628 2683; x_wconf 87' lang='grc' dir='ltr'><strong>τῶν</strong></span> <span class='ocrx_word' id='word_1_298' title='bbox 686 2627 1029 2700; x_wconf 76' lang='grc' dir='ltr'>γραμμάτιον</span> <span class='ocrx_word' id='word_1_299' title='bbox 1089 2630 1326 2698; x_wconf 79' lang='grc' dir='ltr'>στοιχεῖα</span> <span class='ocrx_word' id='word_1_300' title='bbox 1386 2625 1595 2698; x_wconf 85' lang='grc' dir='ltr'>μαθὼν,</span> <span class='ocrx_word' id='word_1_301' title='bbox 1640 2624 1720 2697; x_wconf 84' lang='grc' dir='ltr'>τῷ</span> <span class='ocrx_word' id='word_1_302' title='bbox 1770 2625 1869 2696; x_wconf 85' lang='grc' dir='ltr'><strong>τῆς</strong></span> 
     </span>
    </p>
   </div>
   <div class='ocr_carea' id='block_1_46' title="bbox 269 2716 1868 2792">
    <p class='ocr_par' dir='ltr' id='par_1_46' title="bbox 269 2716 1868 2792">
     <span class='ocr_line' id='line_1_46' title="bbox 269 2716 1868 2792; baseline -0.004 -16"><span class='ocrx_word' id='word_1_303' title='bbox 269 2721 582 2792; x_wconf 70' lang='grc' dir='ltr'>ὀφθαλμίας</span> <span class='ocrx_word' id='word_1_304' title='bbox 628 2719 924 2791; x_wconf 77' lang='grc' dir='ltr'>περιέπεσε</span> <span class='ocrx_word' id='word_1_305' title='bbox 977 2718 1173 2774; x_wconf 83' lang='grc' dir='ltr'>πάθει·</span> <span class='ocrx_word' id='word_1_306' title='bbox 1220 2720 1317 2773; x_wconf 75' lang='grc' dir='ltr'><strong>καὶ</strong></span> <span class='ocrx_word' id='word_1_307' title='bbox 1353 2718 1539 2780; x_wconf 87' lang='grc' dir='ltr'>κακῶς</span> <span class='ocrx_word' id='word_1_308' title='bbox 1579 2716 1868 2781; x_wconf 72' lang='grc' dir='ltr'>διατεθεὶς,</span> 
     </span>
    </p>
   </div>
   <div class='ocr_carea' id='block_1_47' title="bbox 269 2806 1871 2885">
    <p class='ocr_par' dir='ltr' id='par_1_47' title="bbox 269 2806 1871 2885">
     <span class='ocr_line' id='line_1_47' title="bbox 269 2806 1871 2885; baseline -0.006 -16"><span class='ocrx_word' id='word_1_309' title='bbox 269 2814 332 2869; x_wconf 81' lang='grc' dir='ltr'><strong>τὸ</strong></span> <span class='ocrx_word' id='word_1_310' title='bbox 387 2813 648 2885; x_wconf 79' lang='grc' dir='ltr'>ὁρατικὸν</span> <span class='ocrx_word' id='word_1_311' title='bbox 694 2811 983 2866; x_wconf 83' lang='grc' dir='ltr'>ἀπέϐαλεν.</span> <span class='ocrx_word' id='word_1_312' title='bbox 1023 2811 1081 2865; x_wconf 82' lang='lat'><strong>&#39;0</strong></span> <span class='ocrx_word' id='word_1_313' title='bbox 1130 2810 1260 2875; x_wconf 84' lang='grc' dir='ltr'>Θεὸς</span> <span class='ocrx_word' id='word_1_314' title='bbox 1304 2810 1361 2863; x_wconf 81' lang='grc' dir='ltr'><strong>δὲ</strong></span> <span class='ocrx_word' id='word_1_315' title='bbox 1414 2806 1563 2878; x_wconf 81' lang='grc' dir='ltr'>αύτῷ</span> <span class='ocrx_word' id='word_1_316' title='bbox 1608 2808 1730 2862; x_wconf 76' lang='grc' dir='ltr'>ἀντὶ</span> <span class='ocrx_word' id='word_1_317' title='bbox 1762 2806 1871 2860; x_wconf 82' lang='grc' dir='ltr'><strong>τῶν</strong></span> 
     </span>
    </p>
   </div>
   <div class='ocr_carea' id='block_1_48' title="bbox 272 2896 1873 2978">
    <p class='ocr_par' dir='ltr' id='par_1_48' title="bbox 272 2896 1873 2978">
     <span class='ocr_line' id='line_1_48' title="bbox 272 2896 1873 2978; baseline -0.006 -18"><span class='ocrx_word' id='word_1_318' title='bbox 272 2907 556 2978; x_wconf 75' lang='grc' dir='ltr'>αἰσθητῶν</span> <span class='ocrx_word' id='word_1_319' title='bbox 588 2905 881 2974; x_wconf 79' lang='grc' dir='ltr'>ὀφθαλμῶν</span> <span class='ocrx_word' id='word_1_320' title='bbox 933 2902 1176 2975; x_wconf 77' lang='grc' dir='ltr'>παρέσχε</span> <span class='ocrx_word' id='word_1_321' title='bbox 1222 2902 1348 2964; x_wconf 81' lang='grc' dir='ltr'>τοὺς</span> <span class='ocrx_word' id='word_1_322' title='bbox 1390 2898 1634 2971; x_wconf 88' lang='grc' dir='ltr'>νοητούς.</span> <span class='ocrx_word' id='word_1_323' title='bbox 1670 2900 1735 2951; x_wconf 83' lang='lat' dir='ltr'><strong>&quot;A</strong></span> <span class='ocrx_word' id='word_1_324' title='bbox 1763 2896 1873 2968; x_wconf 88' lang='grc' dir='ltr'>γὰρ</span> 
     </span>
    </p>
   </div>
   <div class='ocr_carea' id='block_1_49' title="bbox 274 2988 1874 3067">
    <p class='ocr_par' dir='ltr' id='par_1_49' title="bbox 274 2988 1874 3067">
     <span class='ocr_line' id='line_1_49' title="bbox 274 2988 1874 3067; baseline -0.006 -15"><span class='ocrx_word' id='word_1_325' title='bbox 274 3000 340 3052; x_wconf 84' lang='grc' dir='ltr'>δι’</span> <span class='ocrx_word' id='word_1_326' title='bbox 360 2997 662 3067; x_wconf 71' lang='grc' dir='ltr'>ὀφθαλμῶν</span> <span class='ocrx_word' id='word_1_327' title='bbox 685 2994 1040 3066; x_wconf 74' lang='grc' dir='ltr'>παιδευθῆναι</span> <span class='ocrx_word' id='word_1_328' title='bbox 1061 2994 1164 3046; x_wconf 81' lang='grc' dir='ltr'><strong>οὐκ</strong></span> <span class='ocrx_word' id='word_1_329' title='bbox 1186 2992 1395 3063; x_wconf 77' lang='grc' dir='ltr'>ἴσχυσε,</span> <span class='ocrx_word' id='word_1_330' title='bbox 1420 2990 1590 3045; x_wconf 90' lang='grc' dir='ltr'>ταῦτα</span> <span class='ocrx_word' id='word_1_331' title='bbox 1614 2989 1682 3043; x_wconf 74' lang='grc' dir='ltr'>δι’</span> <span class='ocrx_word' id='word_1_332' title='bbox 1702 2988 1874 3059; x_wconf 81' lang='grc' dir='ltr'>ἀκοῆς</span> 
     </span>
    </p>
   </div>
   <div class='ocr_carea' id='block_1_50' title="bbox 274 3082 1876 3160">
    <p class='ocr_par' dir='ltr' id='par_1_50' title="bbox 274 3082 1876 3160">
     <span class='ocr_line' id='line_1_50' title="bbox 274 3082 1876 3160; baseline -0.012 -16"><span class='ocrx_word' id='word_1_333' title='bbox 274 3088 637 3160; x_wconf 68' lang='grc' dir='ltr'>ἑξεμάνθανε.</span> <span class='ocrx_word' id='word_1_334' title='bbox 684 3087 781 3139; x_wconf 88' lang='grc' dir='ltr'>Ἐκ</span> <span class='ocrx_word' id='word_1_335' title='bbox 811 3085 998 3149; x_wconf 87' lang='grc' dir='ltr'>παιδὸς</span> <span class='ocrx_word' id='word_1_336' title='bbox 1029 3085 1138 3156; x_wconf 81' lang='grc' dir='ltr'>γὰρ</span> <span class='ocrx_word' id='word_1_337' title='bbox 1167 3082 1242 3138; x_wconf 82' lang='grc' dir='ltr'>ὢν</span> <span class='ocrx_word' id='word_1_338' title='bbox 1285 3083 1512 3153; x_wconf 79' lang='grc' dir='ltr'>εὐφυὴς,</span> <span class='ocrx_word' id='word_1_339' title='bbox 1556 3082 1651 3137; x_wconf 76' lang='grc' dir='ltr'><strong>καὶ</strong></span> <span class='ocrx_word' id='word_1_340' title='bbox 1695 3082 1876 3154; x_wconf 75' lang='grc' dir='ltr'>ψυχῆς</span> 
     </span>
    </p>
   </div>
   <div class='ocr_carea' id='block_1_51' title="bbox 280 3262 1879 3341">
    <p class='ocr_par' dir='ltr' id='par_1_51' title="bbox 280 3262 1879 3341">
     <span class='ocr_line' id='line_1_51' title="bbox 280 3262 1879 3341; baseline -0.007 -17"><span class='ocrx_word' id='word_1_341' title='bbox 280 3271 605 3341; x_wconf 77' lang='grc' dir='ltr'>βλέποντας.</span> <span class='ocrx_word' id='word_1_342' title='bbox 659 3265 1058 3339; x_wconf 86' lang='grc' dir='ltr'>Γραμματικῆς</span> <span class='ocrx_word' id='word_1_343' title='bbox 1098 3280 1159 3317; x_wconf 83' lang='grc' dir='ltr'><strong>τε</strong></span> <span class='ocrx_word' id='word_1_344' title='bbox 1203 3264 1313 3336; x_wconf 79' lang='grc' dir='ltr'>γὰρ</span> <span class='ocrx_word' id='word_1_345' title='bbox 1349 3263 1475 3327; x_wconf 83' lang='grc' dir='ltr'>τοὺς</span> <span class='ocrx_word' id='word_1_346' title='bbox 1503 3262 1731 3327; x_wconf 83' lang='grc' dir='ltr'>κανόνας</span> <span class='ocrx_word' id='word_1_347' title='bbox 1781 3264 1879 3333; x_wconf 74' lang='grc' dir='ltr'><strong>ρᾳο</strong></span> 
     </span>
    </p>
   </div>
   <div class='ocr_carea' id='block_1_52' title="bbox 276 3352 1878 3431">
    <p class='ocr_par' dir='ltr' id='par_1_52' title="bbox 276 3352 1878 3431">
     <span class='ocr_line' id='line_1_52' title="bbox 276 3352 1878 3431; baseline -0.008 -13"><span class='ocrx_word' id='word_1_348' title='bbox 276 3364 404 3426; x_wconf 78' lang='grc' dir='ltr'>δίως</span> <span class='ocrx_word' id='word_1_349' title='bbox 448 3358 758 3431; x_wconf 83' lang='grc' dir='ltr'>κατώρθου,</span> <span class='ocrx_word' id='word_1_350' title='bbox 800 3358 896 3410; x_wconf 72' lang='grc' dir='ltr'><strong>καὶ</strong></span> <span class='ocrx_word' id='word_1_351' title='bbox 925 3355 1223 3427; x_wconf 81' lang='grc' dir='ltr'>ῥητορικῆς</span> <span class='ocrx_word' id='word_1_352' title='bbox 1261 3354 1423 3410; x_wconf 83' lang='grc' dir='ltr'>πάλιν</span> <span class='ocrx_word' id='word_1_353' title='bbox 1469 3353 1663 3408; x_wconf 78' lang='grc' dir='ltr'>θᾶττον</span> <span class='ocrx_word' id='word_1_354' title='bbox 1708 3352 1878 3423; x_wconf 74' lang='grc' dir='ltr'>ἐλάμ-</span> 
     </span>
    </p>
   </div>
   <div class='ocr_carea' id='block_1_53' title="bbox 277 3443 1878 3518">
    <p class='ocr_par' dir='ltr' id='par_1_53' title="bbox 277 3443 1878 3518">
     <span class='ocr_line' id='line_1_53' title="bbox 277 3443 1878 3518; baseline -0.009 -8"><span class='ocrx_word' id='word_1_355' title='bbox 277 3456 467 3510; x_wconf 83' lang='grc' dir='ltr'>ϐανεν.</span> <span class='ocrx_word' id='word_1_356' title='bbox 511 3450 713 3505; x_wconf 84' lang='grc' dir='ltr'>Ἐλθὼν</span> <span class='ocrx_word' id='word_1_357' title='bbox 737 3450 796 3503; x_wconf 81' lang='grc' dir='ltr'>δὲ</span> <span class='ocrx_word' id='word_1_358' title='bbox 820 3450 914 3503; x_wconf 78' lang='grc' dir='ltr'>ἐπὶ</span> <span class='ocrx_word' id='word_1_359' title='bbox 955 3448 1025 3501; x_wconf 75' lang='grc' dir='ltr'>τὰ</span> <span class='ocrx_word' id='word_1_360' title='bbox 1063 3446 1363 3518; x_wconf 79' lang='grc' dir='ltr'>φιλόσοφα,</span> <span class='ocrx_word' id='word_1_361' title='bbox 1399 3443 1727 3516; x_wconf 84' lang='grc' dir='ltr'>θαυμαστῶς</span> <span class='ocrx_word' id='word_1_362' title='bbox 1762 3461 1878 3508; x_wconf 83' lang='grc' dir='ltr'><strong>πως</strong></span> 
     </span>
    </p>
   </div>
   <div class='ocr_carea' id='block_1_54' title="bbox 278 3535 1878 3617">
    <p class='ocr_par' dir='ltr' id='par_1_54' title="bbox 278 3535 1878 3617">
     <span class='ocr_line' id='line_1_54' title="bbox 278 3535 1878 3617; baseline -0.008 -16"><span class='ocrx_word' id='word_1_363' title='bbox 278 3549 377 3602; x_wconf 80' lang='grc' dir='ltr'><strong>καί</strong></span> <span class='ocrx_word' id='word_1_364' title='bbox 401 3546 504 3617; x_wconf 80' lang='grc' dir='ltr'>τὴν</span> <span class='ocrx_word' id='word_1_365' title='bbox 526 3540 872 3612; x_wconf 78' lang='grc' dir='ltr'>διαλεκτικὴν</span> <span class='ocrx_word' id='word_1_366' title='bbox 897 3539 1154 3611; x_wconf 77' lang='grc' dir='ltr'>ἐξέμαθε,</span> <span class='ocrx_word' id='word_1_367' title='bbox 1183 3538 1277 3591; x_wconf 79' lang='grc' dir='ltr'><strong>καὶ</strong></span> <span class='ocrx_word' id='word_1_368' title='bbox 1305 3535 1676 3607; x_wconf 84' lang='grc' dir='ltr'>ἀριθμητικήν</span> <span class='ocrx_word' id='word_1_369' title='bbox 1700 3551 1760 3589; x_wconf 91' lang='grc' dir='ltr'><strong>τε</strong></span> <span class='ocrx_word' id='word_1_370' title='bbox 1783 3535 1878 3588; x_wconf 82' lang='grc' dir='ltr'>καὶ</span> 
     </span>
    </p>
   </div>
   <div class='ocr_carea' id='block_1_55' title="bbox 285 3628 1878 3713">
    <p class='ocr_par' dir='ltr' id='par_1_55' title="bbox 285 3628 1878 3713">
     <span class='ocr_line' id='line_1_55' title="bbox 285 3628 1878 3713; baseline -0.009 -18"><span class='ocrx_word' id='word_1_371' title='bbox 285 3640 584 3713; x_wconf 80' lang='grc' dir='ltr'>μουσικὴν,</span> <span class='ocrx_word' id='word_1_372' title='bbox 615 3636 711 3690; x_wconf 77' lang='grc' dir='ltr'>καὶ</span> <span class='ocrx_word' id='word_1_373' title='bbox 741 3636 812 3690; x_wconf 83' lang='grc' dir='ltr'>τὰ</span> <span class='ocrx_word' id='word_1_374' title='bbox 848 3634 984 3689; x_wconf 80' lang='grc' dir='ltr'>ἄλλα</span> <span class='ocrx_word' id='word_1_375' title='bbox 1015 3634 1124 3688; x_wconf 87' lang='grc' dir='ltr'><strong>τῶν</strong></span> <span class='ocrx_word' id='word_1_376' title='bbox 1155 3632 1460 3702; x_wconf 80' lang='grc' dir='ltr'>φιλοσόφων</span> <span class='ocrx_word' id='word_1_377' title='bbox 1491 3628 1791 3701; x_wconf 81' lang='grc' dir='ltr'>μαθήματα</span> <span class='ocrx_word' id='word_1_378' title='bbox 1819 3629 1878 3682; x_wconf 70' lang='grc' dir='ltr'>ὲν</span> 
     </span>
    </p>
   </div>
   <div class='ocr_carea' id='block_1_56' title="bbox 279 3720 1880 3802">
    <p class='ocr_par' dir='ltr' id='par_1_56' title="bbox 279 3720 1880 3802">
     <span class='ocr_line' id='line_1_56' title="bbox 279 3720 1880 3802; baseline -0.006 -20"><span class='ocrx_word' id='word_1_379' title='bbox 279 3734 349 3802; x_wconf 70' lang='grc' dir='ltr'>τῇ</span> <span class='ocrx_word' id='word_1_380' title='bbox 372 3732 526 3801; x_wconf 75' lang='grc' dir='ltr'>ψυχῇ</span> <span class='ocrx_word' id='word_1_381' title='bbox 557 3726 838 3790; x_wconf 78' lang='grc' dir='ltr'>κατέθετο,</span> <span class='ocrx_word' id='word_1_382' title='bbox 867 3725 942 3788; x_wconf 85' lang='grc' dir='ltr'>ὡς</span> <span class='ocrx_word' id='word_1_383' title='bbox 961 3723 1255 3796; x_wconf 83' lang='grc' dir='ltr'>προθύμως</span> <span class='ocrx_word' id='word_1_384' title='bbox 1276 3722 1439 3778; x_wconf 84' lang='grc' dir='ltr'>αὑτὸν</span> <span class='ocrx_word' id='word_1_385' title='bbox 1465 3721 1713 3791; x_wconf 68' lang='grc' dir='ltr'>ἀπαντᾷν</span> <span class='ocrx_word' id='word_1_386' title='bbox 1741 3720 1880 3792; x_wconf 84' lang='grc' dir='ltr'>πρὸς</span> 
     </span>
    </p>
   </div>
   <div class='ocr_carea' id='block_1_57' title="bbox 283 3810 1880 3886">
    <p class='ocr_par' dir='ltr' id='par_1_57' title="bbox 283 3810 1880 3886">
     <span class='ocr_line' id='line_1_57' title="bbox 283 3810 1880 3886; baseline -0.008 -11"><span class='ocrx_word' id='word_1_387' title='bbox 283 3823 413 3885; x_wconf 76' lang='grc' dir='ltr'>τοὺς</span> <span class='ocrx_word' id='word_1_388' title='bbox 442 3819 620 3873; x_wconf 84' lang='grc' dir='ltr'>ταῦτα</span> <span class='ocrx_word' id='word_1_389' title='bbox 659 3816 726 3869; x_wconf 80' lang='grc' dir='ltr'>δι’</span> <span class='ocrx_word' id='word_1_390' title='bbox 771 3815 1065 3886; x_wconf 83' lang='grc' dir='ltr'>ὀφθαλμῶν</span> <span class='ocrx_word' id='word_1_391' title='bbox 1111 3812 1584 3884; x_wconf 87' lang='grc' dir='ltr'>κατορθώσαντας.</span> <span class='ocrx_word' id='word_1_392' title='bbox 1644 3810 1719 3864; x_wconf 89' lang='grc' dir='ltr'>Ού</span> <span class='ocrx_word' id='word_1_393' title='bbox 1773 3810 1880 3882; x_wconf 81' lang='grc' dir='ltr'>μὴν</span> 
     </span>
    </p>
   </div>
   <div class='ocr_carea' id='block_1_58' title="bbox 286 3901 1882 3976">
    <p class='ocr_par' dir='ltr' id='par_1_58' title="bbox 286 3901 1882 3976">
     <span class='ocr_line' id='line_1_58' title="bbox 286 3901 1882 3976; baseline -0.009 -8"><span class='ocrx_word' id='word_1_394' title='bbox 286 3912 425 3968; x_wconf 74' lang='grc' dir='ltr'>ἀλλὰ</span> <span class='ocrx_word' id='word_1_395' title='bbox 453 3911 551 3966; x_wconf 77' lang='grc' dir='ltr'>καὶ</span> <span class='ocrx_word' id='word_1_396' title='bbox 569 3909 638 3963; x_wconf 77' lang='grc' dir='ltr'>τὰ</span> <span class='ocrx_word' id='word_1_397' title='bbox 661 3909 778 3961; x_wconf 85' lang='grc' dir='ltr'>θεῖα</span> <span class='ocrx_word' id='word_1_398' title='bbox 806 3908 961 3976; x_wconf 85' lang='grc' dir='ltr'>λόγια</span> <span class='ocrx_word' id='word_1_399' title='bbox 982 3907 1224 3970; x_wconf 51' lang='grc' dir='ltr'>Παλαιὰ</span> <span class='ocrx_word' id='word_1_400' title='bbox 1250 3906 1344 3960; x_wconf 75' lang='grc' dir='ltr'>καὶ</span> <span class='ocrx_word' id='word_1_401' title='bbox 1372 3904 1577 3975; x_wconf 82' lang='grc' dir='ltr'>Καινῆς</span> <span class='ocrx_word' id='word_1_402' title='bbox 1604 3901 1882 3972; x_wconf 80' lang='grc' dir='ltr'>Διαθήκης</span> 
     </span>
    </p>
   </div>
   <div class='ocr_carea' id='block_1_59' title="bbox 286 3992 1886 4073">
    <p class='ocr_par' dir='ltr' id='par_1_59' title="bbox 286 3992 1886 4073">
     <span class='ocr_line' id='line_1_59' title="bbox 286 3992 1886 4073; baseline -0.006 -16"><span class='ocrx_word' id='word_1_403' title='bbox 286 4005 466 4067; x_wconf 76' lang='grc' dir='ltr'>οὕτως</span> <span class='ocrx_word' id='word_1_404' title='bbox 486 4001 733 4073; x_wconf 79' lang='grc' dir='ltr'>ἀκριϐῶς</span> <span class='ocrx_word' id='word_1_405' title='bbox 751 3998 1003 4068; x_wconf 74' lang='grc' dir='ltr'>ἐγνώκει,</span> <span class='ocrx_word' id='word_1_406' title='bbox 1024 3998 1165 4051; x_wconf 82' lang='grc' dir='ltr'>ὥστε</span> <span class='ocrx_word' id='word_1_407' title='bbox 1196 3997 1365 4051; x_wconf 81' lang='grc' dir='ltr'>πολλὰ</span> <span class='ocrx_word' id='word_1_408' title='bbox 1401 3996 1500 4067; x_wconf 66' lang='grc' dir='ltr'>μὲν</span> <span class='ocrx_word' id='word_1_409' title='bbox 1529 3993 1777 4049; x_wconf 74' lang='grc' dir='ltr'>ἐκδοῦναι</span> <span class='ocrx_word' id='word_1_410' title='bbox 1805 3992 1886 4064; x_wconf 86' lang='grc' dir='ltr'>βι-</span> 
     </span>
    </p>
   </div>
   <div class='ocr_carea' id='block_1_60' title="bbox 290 4081 1886 4161">
    <p class='ocr_par' dir='ltr' id='par_1_60' title="bbox 290 4081 1886 4161">
     <span class='ocr_line' id='line_1_60' title="bbox 290 4081 1886 4161; baseline -0.008 -13"><span class='ocrx_word' id='word_1_411' title='bbox 290 4096 452 4148; x_wconf 75' lang='grc' dir='ltr'>ϐλία·</span> <span class='ocrx_word' id='word_1_412' title='bbox 506 4089 885 4161; x_wconf 86' lang='grc' dir='ltr'>ύπαγορεῦσαι</span> <span class='ocrx_word' id='word_1_413' title='bbox 939 4089 996 4143; x_wconf 78' lang='grc' dir='ltr'>δὲ</span> <span class='ocrx_word' id='word_1_414' title='bbox 1037 4089 1133 4142; x_wconf 78' lang='grc' dir='ltr'>καὶ</span> <span class='ocrx_word' id='word_1_415' title='bbox 1184 4086 1255 4141; x_wconf 83' lang='grc' dir='ltr'>τὰ</span> <span class='ocrx_word' id='word_1_416' title='bbox 1306 4088 1434 4157; x_wconf 75' lang='grc' dir='ltr'>περὶ</span> <span class='ocrx_word' id='word_1_417' title='bbox 1480 4083 1710 4157; x_wconf 83' lang='grc' dir='ltr'>Τριάδος</span> <span class='ocrx_word' id='word_1_418' title='bbox 1756 4081 1886 4154; x_wconf 89' lang='grc' dir='ltr'>τρία</span> 
     </span>
    </p>
   </div>
   <div class='ocr_carea' id='block_1_61' title="bbox 291 4173 1888 4257">
    <p class='ocr_par' dir='ltr' id='par_1_61' title="bbox 291 4173 1888 4257">
     <span class='ocr_line' id='line_1_61' title="bbox 291 4173 1888 4257; baseline -0.009 -17"><span class='ocrx_word' id='word_1_419' title='bbox 291 4186 507 4257; x_wconf 84' lang='grc' dir='ltr'>βιϐλία·</span> <span class='ocrx_word' id='word_1_420' title='bbox 559 4181 895 4254; x_wconf 78' lang='grc' dir='ltr'>ἑρμηνεῦσαι</span> <span class='ocrx_word' id='word_1_421' title='bbox 934 4179 990 4233; x_wconf 81' lang='grc' dir='ltr'>δὲ</span> <span class='ocrx_word' id='word_1_422' title='bbox 1038 4179 1132 4233; x_wconf 78' lang='grc' dir='ltr'>καὶ</span> <span class='ocrx_word' id='word_1_423' title='bbox 1170 4177 1240 4233; x_wconf 81' lang='grc' dir='ltr'>τὰ</span> <span class='ocrx_word' id='word_1_424' title='bbox 1284 4177 1411 4249; x_wconf 76' lang='grc' dir='ltr'>περὶ</span> <span class='ocrx_word' id='word_1_425' title='bbox 1452 4175 1637 4247; x_wconf 84' lang='grc' dir='ltr'>ἀρχῶν</span> <span class='ocrx_word' id='word_1_426' title='bbox 1676 4173 1888 4245; x_wconf 86' lang='grc' dir='ltr'>Ὠριγέ-</span> 
     </span>
    </p>
   </div>
   <div class='ocr_carea' id='block_1_62' title="bbox 289 4259 1888 4346">
    <p class='ocr_par' dir='ltr' id='par_1_62' title="bbox 289 4259 1888 4346">
     <span class='ocr_line' id='line_1_62' title="bbox 289 4259 1888 4346; baseline -0.007 -14"><span class='ocrx_word' id='word_1_427' title='bbox 289 4294 440 4342; x_wconf 81' lang='grc' dir='ltr'>νους,</span> <span class='ocrx_word' id='word_1_428' title='bbox 469 4272 846 4346; x_wconf 82' lang='grc' dir='ltr'>ὑπομνήματά</span> <span class='ocrx_word' id='word_1_429' title='bbox 888 4287 947 4324; x_wconf 88' lang='grc' dir='ltr'><strong>τε</strong></span> <span class='ocrx_word' id='word_1_430' title='bbox 989 4270 1177 4334; x_wconf 75' lang='grc' dir='ltr'>ἐκδοὺς</span> <span class='ocrx_word' id='word_1_431' title='bbox 1224 4271 1303 4334; x_wconf 75' lang='grc' dir='ltr'><strong>εἰς</strong></span> <span class='ocrx_word' id='word_1_432' title='bbox 1349 4268 1491 4324; x_wconf 81' lang='grc' dir='ltr'>αὐτὰ</span> <span class='ocrx_word' id='word_1_433' title='bbox 1534 4266 1668 4339; x_wconf 84' lang='lat'><strong>(77),</strong></span> <span class='ocrx_word' id='word_1_434' title='bbox 1698 4266 1763 4320; x_wconf 87' lang='grc' dir='ltr'>δι’</span> <span class='ocrx_word' id='word_1_435' title='bbox 1810 4259 1888 4323; x_wconf 81' lang='grc' dir='ltr'>ὧν</span> 
     </span>
    </p>
   </div>
   <div class='ocr_carea' id='block_1_63' title="bbox 1968 1894 3192 1964">
    <p class='ocr_par' dir='ltr' id='par_1_63' title="bbox 1968 1894 3192 1964">
     <span class='ocr_line' id='line_1_63' title="bbox 1968 1894 3192 1964; baseline 0 -13"><span class='ocrx_word' id='word_1_436' title='bbox 1968 1896 2129 1953; x_wconf 87' lang='lat' dir='ltr'><strong>ﬁdem</strong></span> <span class='ocrx_word' id='word_1_437' title='bbox 2163 1895 2311 1950; x_wconf 88' lang='lat' dir='ltr'><strong>illam</strong></span> <span class='ocrx_word' id='word_1_438' title='bbox 2342 1894 2518 1950; x_wconf 88' lang='lat' dir='ltr'><strong>multo</strong></span> <span class='ocrx_word' id='word_1_439' title='bbox 2548 1895 2720 1964; x_wconf 90' lang='lat' dir='ltr'><strong>magis</strong></span> <span class='ocrx_word' id='word_1_440' title='bbox 2767 1896 3192 1952; x_wconf 86' lang='lat' dir='ltr'><strong>conﬁrmarunt.</strong></span> 
     </span>
    </p>
   </div>
   <div class='ocr_carea' id='block_1_64' title="bbox 2565 1985 2947 2043">
    <p class='ocr_par' dir='ltr' id='par_1_64' title="bbox 2565 1985 2947 2043">
     <span class='ocr_line' id='line_1_64' title="bbox 2565 1985 2947 2043; baseline 0.008 -3"><span class='ocrx_word' id='word_1_441' title='bbox 2565 1985 2719 2040; x_wconf 78' lang='lat' dir='ltr'><strong>CAP.</strong></span> <span class='ocrx_word' id='word_1_442' title='bbox 2777 1985 2947 2043; x_wconf 81' lang='lat' dir='ltr'><strong>XXV.</strong></span> 
     </span>
    </p>
   </div>
   <div class='ocr_carea' id='block_1_65' title="bbox 2487 2076 3021 2150">
    <p class='ocr_par' dir='ltr' id='par_1_65' title="bbox 2487 2076 3021 2150">
     <span class='ocr_line' id='line_1_65' title="bbox 2487 2076 3021 2150; baseline 0 -17"><span class='ocrx_word' id='word_1_443' title='bbox 2487 2077 2566 2133; x_wconf 81' lang='lat' dir='ltr'><strong>De</strong></span> <span class='ocrx_word' id='word_1_444' title='bbox 2599 2076 2830 2150; x_wconf 80' lang='lat' dir='ltr'><strong>Didyme</strong></span> <span class='ocrx_word' id='word_1_445' title='bbox 2861 2094 3021 2133; x_wconf 67' lang='lat' dir='ltr'><strong>circa.</strong></span> 
     </span>
    </p>
   </div>
   <div class='ocr_carea' id='block_1_66' title="bbox 2042 2166 3545 2242">
    <p class='ocr_par' dir='ltr' id='par_1_66' title="bbox 2042 2166 3545 2242">
     <span class='ocr_line' id='line_1_66' title="bbox 2042 2166 3545 2242; baseline 0.004 -16"><span class='ocrx_word' id='word_1_446' title='bbox 2042 2166 2157 2226; x_wconf 91' lang='lat' dir='ltr'><strong>Sub</strong></span> <span class='ocrx_word' id='word_1_447' title='bbox 2193 2170 2338 2227; x_wconf 91' lang='lat' dir='ltr'><strong>idem</strong></span> <span class='ocrx_word' id='word_1_448' title='bbox 2376 2178 2590 2240; x_wconf 89' lang='lat' dir='ltr'><strong>tempus</strong></span> <span class='ocrx_word' id='word_1_449' title='bbox 2636 2169 2806 2224; x_wconf 91' lang='lat' dir='ltr'><strong>alium</strong></span> <span class='ocrx_word' id='word_1_450' title='bbox 2849 2185 3069 2242; x_wconf 90' lang='lat' dir='ltr'><strong>quoque</strong></span> <span class='ocrx_word' id='word_1_451' title='bbox 3113 2170 3324 2229; x_wconf 87' lang='lat' dir='ltr'><strong>ﬁdelem</strong></span> <span class='ocrx_word' id='word_1_452' title='bbox 3363 2174 3545 2232; x_wconf 88' lang='lat' dir='ltr'><strong>virum</strong></span> 
     </span>
    </p>
   </div>
   <div class='ocr_carea' id='block_1_67' title="bbox 1972 2259 3548 2331">
    <p class='ocr_par' dir='ltr' id='par_1_67' title="bbox 1972 2259 3548 2331">
     <span class='ocr_line' id='line_1_67' title="bbox 1972 2259 3548 2331; baseline 0.005 -15"><span class='ocrx_word' id='word_1_453' title='bbox 1972 2260 2117 2317; x_wconf 86' lang='lat' dir='ltr'><strong>Deus</strong></span> <span class='ocrx_word' id='word_1_454' title='bbox 2144 2261 2201 2316; x_wconf 90' lang='lat' dir='ltr'><strong>in</strong></span> <span class='ocrx_word' id='word_1_455' title='bbox 2221 2261 2459 2317; x_wconf 90' lang='lat' dir='ltr'><strong>medium</strong></span> <span class='ocrx_word' id='word_1_456' title='bbox 2474 2259 2837 2331; x_wconf 79' lang='lat' dir='ltr'><strong>produxit,co</strong></span> <span class='ocrx_word' id='word_1_457' title='bbox 2866 2263 3100 2318; x_wconf 90' lang='lat' dir='ltr'><strong>consilio</strong></span> <span class='ocrx_word' id='word_1_458' title='bbox 3136 2271 3198 2318; x_wconf 94' lang='lat' dir='ltr'><strong>ut</strong></span> <span class='ocrx_word' id='word_1_459' title='bbox 3229 2263 3361 2321; x_wconf 84' lang='lat' dir='ltr'><strong>ﬁdes</strong></span> <span class='ocrx_word' id='word_1_460' title='bbox 3385 2268 3548 2324; x_wconf 87' lang='lat' dir='ltr'><strong>testi-</strong></span> 
     </span>
    </p>
   </div>
   <div class='ocr_carea' id='block_1_68' title="bbox 1972 2347 3547 2430">
    <p class='ocr_par' dir='ltr' id='par_1_68' title="bbox 1972 2347 3547 2430">
     <span class='ocr_line' id='line_1_68' title="bbox 1972 2347 3547 2430; baseline 0.006 -23"><span class='ocrx_word' id='word_1_461' title='bbox 1972 2352 2158 2407; x_wconf 92' lang='lat' dir='ltr'><strong>monio</strong></span> <span class='ocrx_word' id='word_1_462' title='bbox 2209 2359 2266 2407; x_wconf 92' lang='lat' dir='ltr'><strong>et</strong></span> <span class='ocrx_word' id='word_1_463' title='bbox 2318 2352 2628 2409; x_wconf 85' lang='lat' dir='ltr'><strong>assertione</strong></span> <span class='ocrx_word' id='word_1_464' title='bbox 2671 2347 2809 2419; x_wconf 80' lang='lat' dir='ltr'><strong>ejus&#39;</strong></span> <span class='ocrx_word' id='word_1_465' title='bbox 2840 2353 3218 2410; x_wconf 87' lang='lat' dir='ltr'><strong>roboraretur.</strong></span> <span class='ocrx_word' id='word_1_466' title='bbox 3280 2356 3547 2430; x_wconf 84' lang='lat' dir='ltr'><strong>Didymus</strong></span> 
     </span>
    </p>
   </div>
   <div class='ocr_carea' id='block_1_69' title="bbox 1973 2441 3548 2519">
    <p class='ocr_par' dir='ltr' id='par_1_69' title="bbox 1973 2441 3548 2519">
     <span class='ocr_line' id='line_1_69' title="bbox 1973 2441 3548 2519; baseline 0.007 -24"><span class='ocrx_word' id='word_1_467' title='bbox 1973 2441 2146 2506; x_wconf 88' lang='lat' dir='ltr'><strong>enim,</strong></span> <span class='ocrx_word' id='word_1_468' title='bbox 2171 2442 2256 2496; x_wconf 88' lang='lat' dir='ltr'><strong>vir</strong></span> <span class='ocrx_word' id='word_1_469' title='bbox 2281 2442 2444 2513; x_wconf 89' lang='lat' dir='ltr'><strong>plane</strong></span> <span class='ocrx_word' id='word_1_470' title='bbox 2473 2442 2819 2499; x_wconf 88' lang='lat' dir='ltr'><strong>admirabilis</strong></span> <span class='ocrx_word' id='word_1_471' title='bbox 2847 2457 2913 2497; x_wconf 91' lang='lat' dir='ltr'><strong>ac</strong></span> <span class='ocrx_word' id='word_1_472' title='bbox 2944 2443 3469 2519; x_wconf 86' lang='lat' dir='ltr'><strong>disertissimus,per</strong></span> <span class='ocrx_word' id='word_1_473' title='bbox 3493 2450 3548 2507; x_wconf 87' lang='lat' dir='ltr'><strong>id</strong></span> 
     </span>
    </p>
   </div>
   <div class='ocr_carea' id='block_1_70' title="bbox 1977 2533 3548 2605">
    <p class='ocr_par' dir='ltr' id='par_1_70' title="bbox 1977 2533 3548 2605">
     <span class='ocr_line' id='line_1_70' title="bbox 1977 2533 3548 2605; baseline 0.007 -19"><span class='ocrx_word' id='word_1_474' title='bbox 1977 2533 2240 2602; x_wconf 88' lang='lat' dir='ltr'><strong>temporis</strong></span> <span class='ocrx_word' id='word_1_475' title='bbox 2273 2534 2345 2588; x_wconf 87' lang='lat' dir='ltr'><strong>.in</strong></span> <span class='ocrx_word' id='word_1_476' title='bbox 2390 2534 2540 2589; x_wconf 92' lang='lat' dir='ltr'><strong>omni</strong></span> <span class='ocrx_word' id='word_1_477' title='bbox 2585 2550 2783 2605; x_wconf 82' lang='lat' dir='ltr'><strong>genere</strong></span> <span class='ocrx_word' id='word_1_478' title='bbox 2832 2537 3099 2593; x_wconf 62' lang='lat' dir='ltr'><strong>doctrinae</strong></span> <span class='ocrx_word' id='word_1_479' title='bbox 3152 2537 3407 2596; x_wconf 82' lang='lat' dir='ltr'><strong>ﬂorebat.</strong></span> <span class='ocrx_word' id='word_1_480' title='bbox 3445 2541 3548 2598; x_wconf 83' lang='lat' dir='ltr'><strong>Hic</strong></span> 
     </span>
    </p>
   </div>
   <div class='ocr_carea' id='block_1_71' title="bbox 1976 2622 3548 2697">
    <p class='ocr_par' dir='ltr' id='par_1_71' title="bbox 1976 2622 3548 2697">
     <span class='ocr_line' id='line_1_71' title="bbox 1976 2622 3548 2697; baseline 0.007 -21"><span class='ocrx_word' id='word_1_481' title='bbox 1976 2622 2271 2678; x_wconf 85' lang='lat' dir='ltr'><strong>admodum</strong></span> <span class='ocrx_word' id='word_1_482' title='bbox 2315 2624 2661 2687; x_wconf 87' lang='lat' dir='ltr'><strong>adolescens,</strong></span> <span class='ocrx_word' id='word_1_483' title='bbox 2708 2639 2835 2679; x_wconf 89' lang='lat' dir='ltr'><strong>cum</strong></span> <span class='ocrx_word' id='word_1_484' title='bbox 2870 2624 2983 2694; x_wconf 84' lang='lat' dir='ltr'><strong>jam</strong></span> <span class='ocrx_word' id='word_1_485' title='bbox 3022 2627 3202 2697; x_wconf 89' lang='lat' dir='ltr'><strong>prima</strong></span> <span class='ocrx_word' id='word_1_486' title='bbox 3240 2630 3548 2687; x_wconf 85' lang='lat' dir='ltr'><strong>litterarum</strong></span> 
     </span>
    </p>
   </div>
   <div class='ocr_carea' id='block_1_72' title="bbox 1976 2713 3547 2782">
    <p class='ocr_par' dir='ltr' id='par_1_72' title="bbox 1976 2713 3547 2782">
     <span class='ocr_line' id='line_1_72' title="bbox 1976 2713 3547 2782; baseline 0.004 -12"><span class='ocrx_word' id='word_1_487' title='bbox 1976 2714 2248 2770; x_wconf 89' lang='lat' dir='ltr'><strong>elementa</strong></span> <span class='ocrx_word' id='word_1_488' title='bbox 2275 2713 2580 2782; x_wconf 81' lang='lat' dir='ltr'><strong>didicisset,</strong></span> <span class='ocrx_word' id='word_1_489' title='bbox 2613 2717 2669 2770; x_wconf 90' lang='lat' dir='ltr'><strong>in</strong></span> <span class='ocrx_word' id='word_1_490' title='bbox 2710 2723 2964 2773; x_wconf 88' lang='lat' dir='ltr'><strong>morbum</strong></span> <span class='ocrx_word' id='word_1_491' title='bbox 2997 2720 3283 2776; x_wconf 90' lang='lat' dir='ltr'><strong>oculorum</strong></span> <span class='ocrx_word' id='word_1_492' title='bbox 3312 2723 3547 2779; x_wconf 89' lang='lat' dir='ltr'><strong>incidit:</strong></span> 
     </span>
    </p>
   </div>
   <div class='ocr_carea' id='block_1_73' title="bbox 1976 2804 3550 2877">
    <p class='ocr_par' dir='ltr' id='par_1_73' title="bbox 1976 2804 3550 2877">
     <span class='ocr_line' id='line_1_73' title="bbox 1976 2804 3550 2877; baseline 0.007 -18"><span class='ocrx_word' id='word_1_493' title='bbox 1976 2819 2086 2876; x_wconf 93' lang='lat' dir='ltr'><strong>quo</strong></span> <span class='ocrx_word' id='word_1_494' title='bbox 2115 2804 2332 2876; x_wconf 91' lang='lat' dir='ltr'><strong>quidem</strong></span> <span class='ocrx_word' id='word_1_495' title='bbox 2376 2807 2617 2877; x_wconf 76' lang='lat' dir='ltr'><strong>graviter</strong></span> <span class='ocrx_word' id='word_1_496' title='bbox 2664 2815 2917 2873; x_wconf 79' lang='lat' dir='ltr'><strong>vexatus,</strong></span> <span class='ocrx_word' id='word_1_497' title='bbox 2963 2809 3183 2866; x_wconf 83' lang='lat' dir='ltr'><strong>videndi</strong></span> <span class='ocrx_word' id='word_1_498' title='bbox 3226 2811 3550 2870; x_wconf 81' lang='lat' dir='ltr'><strong>facultatem</strong></span> 
     </span>
    </p>
   </div>
   <div class='ocr_carea' id='block_1_74' title="bbox 1977 2897 3554 2973">
    <p class='ocr_par' dir='ltr' id='par_1_74' title="bbox 1977 2897 3554 2973">
     <span class='ocr_line' id='line_1_74' title="bbox 1977 2897 3554 2973; baseline 0.008 -22"><span class='ocrx_word' id='word_1_499' title='bbox 1977 2898 2196 2968; x_wconf 89' lang='lat' dir='ltr'><strong>penitus</strong></span> <span class='ocrx_word' id='word_1_500' title='bbox 2227 2898 2438 2954; x_wconf 88' lang='lat' dir='ltr'><strong>amisit.</strong></span> <span class='ocrx_word' id='word_1_501' title='bbox 2468 2897 2674 2954; x_wconf 84' lang='lat' dir='ltr'><strong>Verum</strong></span> <span class='ocrx_word' id='word_1_502' title='bbox 2688 2897 2837 2956; x_wconf 90' lang='lat' dir='ltr'><strong>Deus</strong></span> <span class='ocrx_word' id='word_1_503' title='bbox 2852 2915 2952 2971; x_wconf 88' lang='lat' dir='ltr'><strong>pro</strong></span> <span class='ocrx_word' id='word_1_504' title='bbox 2965 2905 3350 2973; x_wconf 84' lang='lat' dir='ltr'><strong>corporalibus</strong></span> <span class='ocrx_word' id='word_1_505' title='bbox 3372 2908 3554 2965; x_wconf 86' lang='lat' dir='ltr'><strong>oculis</strong></span> 
     </span>
    </p>
   </div>
   <div class='ocr_carea' id='block_1_75' title="bbox 1979 2989 3553 3066">
    <p class='ocr_par' dir='ltr' id='par_1_75' title="bbox 1979 2989 3553 3066">
     <span class='ocr_line' id='line_1_75' title="bbox 1979 2989 3553 3066; baseline 0.007 -21"><span class='ocrx_word' id='word_1_506' title='bbox 1979 2990 2256 3059; x_wconf 86' lang='lat' dir='ltr'><strong>spiritales</strong></span> <span class='ocrx_word' id='word_1_507' title='bbox 2300 2989 2350 3045; x_wconf 90' lang='lat' dir='ltr'><strong>ei</strong></span> <span class='ocrx_word' id='word_1_508' title='bbox 2394 2990 2629 3061; x_wconf 88' lang='lat' dir='ltr'><strong>largitus</strong></span> <span class='ocrx_word' id='word_1_509' title='bbox 2683 3000 2789 3049; x_wconf 91' lang='lat' dir='ltr'><strong>est.</strong></span> <span class='ocrx_word' id='word_1_510' title='bbox 2825 2992 2960 3048; x_wconf 88' lang='lat' dir='ltr'><strong>Nam</strong></span> <span class='ocrx_word' id='word_1_511' title='bbox 2994 3009 3060 3051; x_wconf 88' lang='lat' dir='ltr'><strong>ea</strong></span> <span class='ocrx_word' id='word_1_512' title='bbox 3111 3011 3235 3066; x_wconf 73' lang='lat' dir='ltr'><strong>quae</strong></span> <span class='ocrx_word' id='word_1_513' title='bbox 3264 2999 3553 3056; x_wconf 90' lang='lat' dir='ltr'><strong>oculorum</strong></span> 
     </span>
    </p>
   </div>
   <div class='ocr_carea' id='block_1_76' title="bbox 1983 3083 3553 3155">
    <p class='ocr_par' dir='ltr' id='par_1_76' title="bbox 1983 3083 3553 3155">
     <span class='ocr_line' id='line_1_76' title="bbox 1983 3083 3553 3155; baseline 0.006 -17"><span class='ocrx_word' id='word_1_514' title='bbox 1983 3084 2107 3139; x_wconf 91' lang='lat' dir='ltr'><strong>visu</strong></span> <span class='ocrx_word' id='word_1_515' title='bbox 2140 3083 2419 3154; x_wconf 88' lang='lat' dir='ltr'><strong>percipere</strong></span> <span class='ocrx_word' id='word_1_516' title='bbox 2438 3099 2554 3139; x_wconf 92' lang='lat' dir='ltr'><strong>non</strong></span> <span class='ocrx_word' id='word_1_517' title='bbox 2590 3094 2826 3155; x_wconf 87' lang='lat' dir='ltr'><strong>poterat,</strong></span> <span class='ocrx_word' id='word_1_518' title='bbox 2859 3086 3054 3143; x_wconf 88' lang='lat' dir='ltr'><strong>didicit</strong></span> <span class='ocrx_word' id='word_1_519' title='bbox 3088 3089 3384 3147; x_wconf 90' lang='lat' dir='ltr'><strong>audiendo.</strong></span> <span class='ocrx_word' id='word_1_520' title='bbox 3414 3092 3553 3149; x_wconf 88' lang='lat' dir='ltr'><strong>Cum</strong></span> 
     </span>
    </p>
   </div>
   <div class='ocr_carea' id='block_1_77' title="bbox 164 3173 1874 3263">
    <p class='ocr_par' dir='ltr' id='par_1_77' title="bbox 164 3173 1874 3263">
     <span class='ocr_line' id='line_1_77' title="bbox 164 3173 1874 3263; baseline -0.005 -27"><span class='ocrx_word' id='word_1_521' title='bbox 164 3260 167 3263; x_wconf 17' lang='grc' dir='ltr'><em>Α</em></span> <span class='ocrx_word' id='word_1_522' title='bbox 275 3180 460 3252; x_wconf 83' lang='grc' dir='ltr'>λαχὼν</span> <span class='ocrx_word' id='word_1_523' title='bbox 482 3179 718 3249; x_wconf 82' lang='grc' dir='ltr'>ἀγαθῆς,</span> <span class='ocrx_word' id='word_1_524' title='bbox 750 3178 903 3231; x_wconf 75' lang='grc' dir='ltr'>ἐνίκα</span> <span class='ocrx_word' id='word_1_525' title='bbox 935 3176 1062 3239; x_wconf 79' lang='grc' dir='ltr'>τοὺς</span> <span class='ocrx_word' id='word_1_526' title='bbox 1107 3175 1329 3244; x_wconf 81' lang='grc' dir='ltr'>εὐφυεῖς</span> <span class='ocrx_word' id='word_1_527' title='bbox 1358 3173 1471 3244; x_wconf 82' lang='grc'><strong>(76)</strong></span> <span class='ocrx_word' id='word_1_528' title='bbox 1514 3174 1611 3227; x_wconf 80' lang='grc' dir='ltr'><strong>καὶ</strong></span> <span class='ocrx_word' id='word_1_529' title='bbox 1641 3173 1874 3239; x_wconf 81' lang='grc' dir='ltr'>ὀξύτατα</span> 
     </span>
    </p>
   </div>
   <div class='ocr_carea' id='block_1_78' title="bbox 1979 3173 3557 3263">
    <p class='ocr_par' dir='ltr' id='par_1_78' title="bbox 1979 3176 3557 3248">
     <span class='ocr_line' id='line_1_78' title="bbox 1979 3176 3557 3248; baseline 0.006 -16"><span class='ocrx_word' id='word_1_530' title='bbox 1979 3176 2126 3232; x_wconf 88' lang='lat' dir='ltr'><strong>enim</strong></span> <span class='ocrx_word' id='word_1_531' title='bbox 2157 3190 2188 3229; x_wconf 91' lang='lat' dir='ltr'><strong>a</strong></span> <span class='ocrx_word' id='word_1_532' title='bbox 2222 3190 2396 3247; x_wconf 87' lang='lat' dir='ltr'><strong>puero</strong></span> <span class='ocrx_word' id='word_1_533' title='bbox 2427 3178 2647 3248; x_wconf 84' lang='lat' dir='ltr'><strong>egregia</strong></span> <span class='ocrx_word' id='word_1_534' title='bbox 2678 3186 2829 3235; x_wconf 86' lang='lat' dir='ltr'><strong>esset</strong></span> <span class='ocrx_word' id='word_1_535' title='bbox 2854 3179 3038 3236; x_wconf 90' lang='lat' dir='ltr'><strong>indole</strong></span> <span class='ocrx_word' id='word_1_536' title='bbox 3078 3188 3134 3236; x_wconf 92' lang='lat' dir='ltr'><strong>et</strong></span> <span class='ocrx_word' id='word_1_537' title='bbox 3154 3183 3447 3239; x_wconf 79' lang='lat' dir='ltr'><strong>excellenti</strong></span> <span class='ocrx_word' id='word_1_538' title='bbox 3470 3186 3557 3241; x_wconf 81' lang='lat' dir='ltr'><strong>in-</strong></span> 
     </span>
    </p>
   </div>
   <div class='ocr_carea' id='block_1_79' title="bbox 1982 3268 3559 3342">
    <p class='ocr_par' dir='ltr' id='par_1_79' title="bbox 1982 3268 3559 3342">
     <span class='ocr_line' id='line_1_79' title="bbox 1982 3268 3559 3342; baseline 0.006 -17"><span class='ocrx_word' id='word_1_539' title='bbox 1982 3270 2144 3341; x_wconf 88' lang='lat' dir='ltr'><strong>genio</strong></span> <span class='ocrx_word' id='word_1_540' title='bbox 2186 3268 2470 3338; x_wconf 79' lang='lat' dir='ltr'><strong>praeditus,</strong></span> <span class='ocrx_word' id='word_1_541' title='bbox 2504 3269 2746 3339; x_wconf 68' lang='lat' dir='ltr'><strong>aequales</strong></span> <span class='ocrx_word' id='word_1_542' title='bbox 2786 3284 2921 3327; x_wconf 91' lang='lat' dir='ltr'><strong>suos</strong></span> <span class='ocrx_word' id='word_1_543' title='bbox 2976 3271 3072 3342; x_wconf 92' lang='lat' dir='ltr'><strong>qui</strong></span> <span class='ocrx_word' id='word_1_544' title='bbox 3118 3274 3405 3330; x_wconf 89' lang='lat' dir='ltr'><strong>oculorum</strong></span> <span class='ocrx_word' id='word_1_545' title='bbox 3440 3277 3559 3334; x_wconf 80' lang='lat' dir='ltr'><strong>scio</strong></span> 
     </span>
    </p>
   </div>
   <div class='ocr_carea' id='block_1_80' title="bbox 1981 3358 3562 3434">
    <p class='ocr_par' dir='ltr' id='par_1_80' title="bbox 1981 3358 3562 3434">
     <span class='ocr_line' id='line_1_80' title="bbox 1981 3358 3562 3434; baseline 0.006 -21"><span class='ocrx_word' id='word_1_546' title='bbox 1981 3358 2283 3429; x_wconf 83' lang='lat' dir='ltr'><strong>pollebant,</strong></span> <span class='ocrx_word' id='word_1_547' title='bbox 2319 3358 2478 3430; x_wconf 89' lang='lat' dir='ltr'><strong>longe</strong></span> <span class='ocrx_word' id='word_1_548' title='bbox 2496 3359 2798 3428; x_wconf 85' lang='lat' dir='ltr'><strong>superavit.</strong></span> <span class='ocrx_word' id='word_1_549' title='bbox 2835 3359 3049 3431; x_wconf 87' lang='lat' dir='ltr'><strong>Quippe</strong></span> <span class='ocrx_word' id='word_1_550' title='bbox 3077 3368 3134 3417; x_wconf 91' lang='lat' dir='ltr'><strong>et</strong></span> <span class='ocrx_word' id='word_1_551' title='bbox 3179 3366 3562 3434; x_wconf 57' lang='lat' dir='ltr'><strong>grammatica</strong></span> 
     </span>
    </p>
   </div>
   <div class='ocr_carea' id='block_1_81' title="bbox 1982 3448 3559 3520">
    <p class='ocr_par' dir='ltr' id='par_1_81' title="bbox 1982 3448 3559 3520">
     <span class='ocr_line' id='line_1_81' title="bbox 1982 3448 3559 3520; baseline 0.007 -16"><span class='ocrx_word' id='word_1_552' title='bbox 1982 3457 2253 3520; x_wconf 75' lang='lat' dir='ltr'><strong>praecepta</strong></span> <span class='ocrx_word' id='word_1_553' title='bbox 2276 3449 2437 3506; x_wconf 79' lang='lat' dir='ltr'><strong>facile</strong></span> <span class='ocrx_word' id='word_1_554' title='bbox 2467 3448 2755 3514; x_wconf 90' lang='lat' dir='ltr'><strong>addidicit,</strong></span> <span class='ocrx_word' id='word_1_555' title='bbox 2781 3458 2832 3505; x_wconf 89' lang='lat' dir='ltr'><strong>et</strong></span> <span class='ocrx_word' id='word_1_556' title='bbox 2867 3451 3156 3507; x_wconf 73' lang='lat' dir='ltr'><strong>rhetorica:</strong></span> <span class='ocrx_word' id='word_1_557' title='bbox 3184 3455 3358 3511; x_wconf 85' lang='lat' dir='ltr'><strong>multo</strong></span> <span class='ocrx_word' id='word_1_558' title='bbox 3377 3456 3559 3515; x_wconf 87' lang='lat' dir='ltr'><strong>adhuc</strong></span> 
     </span>
    </p>
   </div>
   <div class='ocr_carea' id='block_1_82' title="bbox 1983 3540 3557 3615">
    <p class='ocr_par' dir='ltr' id='par_1_82' title="bbox 1983 3540 3557 3615">
     <span class='ocr_line' id='line_1_82' title="bbox 1983 3540 3557 3615; baseline 0.004 -17"><span class='ocrx_word' id='word_1_559' title='bbox 1983 3542 2239 3598; x_wconf 88' lang='lat' dir='ltr'><strong>celerius.</strong></span> <span class='ocrx_word' id='word_1_560' title='bbox 2275 3540 2407 3597; x_wconf 88' lang='lat' dir='ltr'><strong>Inde</strong></span> <span class='ocrx_word' id='word_1_561' title='bbox 2446 3541 2514 3596; x_wconf 90' lang='lat' dir='ltr'><strong>ad</strong></span> <span class='ocrx_word' id='word_1_562' title='bbox 2554 3541 2960 3613; x_wconf 78' lang='lat' dir='ltr'><strong>philosOphiam</strong></span> <span class='ocrx_word' id='word_1_563' title='bbox 2995 3549 3402 3615; x_wconf 81' lang='lat' dir='ltr'><strong>transgressus,</strong></span> <span class='ocrx_word' id='word_1_564' title='bbox 3459 3548 3557 3605; x_wconf 85' lang='lat' dir='ltr'><strong>ad-</strong></span> 
     </span>
    </p>
   </div>
   <div class='ocr_carea' id='block_1_83' title="bbox 1984 3629 3560 3711">
    <p class='ocr_par' dir='ltr' id='par_1_83' title="bbox 1984 3629 3560 3711">
     <span class='ocr_line' id='line_1_83' title="bbox 1984 3629 3560 3711; baseline 0.006 -26"><span class='ocrx_word' id='word_1_565' title='bbox 1984 3630 2226 3686; x_wconf 88' lang='lat' dir='ltr'><strong>mirabili</strong></span> <span class='ocrx_word' id='word_1_566' title='bbox 2294 3629 2560 3686; x_wconf 79' lang='lat' dir='ltr'><strong>facilitate</strong></span> <span class='ocrx_word' id='word_1_567' title='bbox 2627 3630 2996 3711; x_wconf 87' lang='lat' dir='ltr'><strong>dialecticam,</strong></span> <span class='ocrx_word' id='word_1_568' title='bbox 3046 3634 3453 3693; x_wconf 87' lang='lat' dir='ltr'><strong>arithmeticam</strong></span> <span class='ocrx_word' id='word_1_569' title='bbox 3502 3647 3560 3695; x_wconf 90' lang='lat' dir='ltr'><strong>et</strong></span> 
     </span>
    </p>
   </div>
   <div class='ocr_carea' id='block_1_84' title="bbox 1985 3721 3557 3798">
    <p class='ocr_par' dir='ltr' id='par_1_84' title="bbox 1985 3721 3557 3798">
     <span class='ocr_line' id='line_1_84' title="bbox 1985 3721 3557 3798; baseline 0.006 -21"><span class='ocrx_word' id='word_1_570' title='bbox 1985 3721 2254 3777; x_wconf 89' lang='lat' dir='ltr'><strong>musicam</strong></span> <span class='ocrx_word' id='word_1_571' title='bbox 2309 3721 2627 3793; x_wconf 89' lang='lat' dir='ltr'><strong>perdidicit,</strong></span> <span class='ocrx_word' id='word_1_572' title='bbox 2674 3729 2738 3779; x_wconf 88' lang='lat' dir='ltr'><strong>et</strong></span> <span class='ocrx_word' id='word_1_573' title='bbox 2797 3722 3042 3794; x_wconf 79' lang='lat' dir='ltr'><strong>reliquas</strong></span> <span class='ocrx_word' id='word_1_574' title='bbox 3094 3724 3557 3798; x_wconf 84' lang='lat' dir='ltr'><strong>philosophorum</strong></span> 
     </span>
    </p>
   </div>
   <div class='ocr_carea' id='block_1_85' title="bbox 1985 3812 3559 3888">
    <p class='ocr_par' dir='ltr' id='par_1_85' title="bbox 1985 3812 3559 3888">
     <span class='ocr_line' id='line_1_85' title="bbox 1985 3812 3559 3888; baseline 0.004 -20"><span class='ocrx_word' id='word_1_575' title='bbox 1985 3812 2309 3882; x_wconf 88' lang='lat' dir='ltr'><strong>disciplinas</strong></span> <span class='ocrx_word' id='word_1_576' title='bbox 2345 3812 2484 3868; x_wconf 88' lang='lat' dir='ltr'><strong>adeo</strong></span> <span class='ocrx_word' id='word_1_577' title='bbox 2514 3813 2736 3885; x_wconf 89' lang='lat' dir='ltr'><strong>penitus</strong></span> <span class='ocrx_word' id='word_1_578' title='bbox 2766 3813 2823 3868; x_wconf 92' lang='lat' dir='ltr'><strong>in</strong></span> <span class='ocrx_word' id='word_1_579' title='bbox 2868 3815 3056 3870; x_wconf 84' lang='lat' dir='ltr'><strong>animo</strong></span> <span class='ocrx_word' id='word_1_580' title='bbox 3095 3831 3199 3872; x_wconf 91' lang='lat' dir='ltr'><strong>suo</strong></span> <span class='ocrx_word' id='word_1_581' title='bbox 3229 3819 3559 3888; x_wconf 85' lang='lat' dir='ltr'><strong>recondidit,</strong></span> 
     </span>
    </p>
   </div>
   <div class='ocr_carea' id='block_1_86' title="bbox 1985 3902 3562 3974">
    <p class='ocr_par' dir='ltr' id='par_1_86' title="bbox 1985 3902 3562 3974">
     <span class='ocr_line' id='line_1_86' title="bbox 1985 3902 3562 3974; baseline 0.007 -17"><span class='ocrx_word' id='word_1_582' title='bbox 1985 3910 2045 3958; x_wconf 91' lang='lat' dir='ltr'><strong>ut</strong></span> <span class='ocrx_word' id='word_1_583' title='bbox 2070 3902 2337 3959; x_wconf 87' lang='lat' dir='ltr'><strong>adversus</strong></span> <span class='ocrx_word' id='word_1_584' title='bbox 2374 3902 2502 3960; x_wconf 88' lang='lat' dir='ltr'><strong>illos</strong></span> <span class='ocrx_word' id='word_1_585' title='bbox 2529 3904 2624 3974; x_wconf 89' lang='lat' dir='ltr'><strong>qui</strong></span> <span class='ocrx_word' id='word_1_586' title='bbox 2662 3919 2758 3961; x_wconf 89' lang='lat' dir='ltr'><strong>eas</strong></span> <span class='ocrx_word' id='word_1_587' title='bbox 2784 3919 2835 3959; x_wconf 81' lang='lat' dir='ltr'><strong>at</strong></span> <span class='ocrx_word' id='word_1_588' title='bbox 2850 3912 2932 3961; x_wconf 88' lang='lat' dir='ltr'><strong>tes</strong></span> <span class='ocrx_word' id='word_1_589' title='bbox 2966 3907 3255 3963; x_wconf 90' lang='lat' dir='ltr'><strong>oculorum</strong></span> <span class='ocrx_word' id='word_1_590' title='bbox 3291 3910 3562 3968; x_wconf 83' lang='lat' dir='ltr'><strong>beneﬁcio</strong></span> 
     </span>
    </p>
   </div>
   <div class='ocr_carea' id='block_1_87' title="bbox 1985 3998 3556 4072">
    <p class='ocr_par' dir='ltr' id='par_1_87' title="bbox 1985 3998 3556 4072">
     <span class='ocr_line' id='line_1_87' title="bbox 1985 3998 3556 4072; baseline 0.006 -22"><span class='ocrx_word' id='word_1_591' title='bbox 1985 4003 2367 4067; x_wconf 88' lang='lat' dir='ltr'><strong>perceperant,</strong></span> <span class='ocrx_word' id='word_1_592' title='bbox 2413 4004 2667 4067; x_wconf 88' lang='lat' dir='ltr'><strong>prompte</strong></span> <span class='ocrx_word' id='word_1_593' title='bbox 2712 4004 2883 4068; x_wconf 87' lang='lat' dir='ltr'><strong>atque</strong></span> <span class='ocrx_word' id='word_1_594' title='bbox 2924 3998 3183 4054; x_wconf 89' lang='lat' dir='ltr'><strong>alacriter</strong></span> <span class='ocrx_word' id='word_1_595' title='bbox 3226 4001 3556 4072; x_wconf 87' lang='lat' dir='ltr'><strong>disputaret.</strong></span> 
     </span>
    </p>
   </div>
   <div class='ocr_carea' id='block_1_88' title="bbox 1988 4088 3559 4162">
    <p class='ocr_par' dir='ltr' id='par_1_88' title="bbox 1988 4088 3559 4162">
     <span class='ocr_line' id='line_1_88' title="bbox 1988 4088 3559 4162; baseline 0.003 -19"><span class='ocrx_word' id='word_1_596' title='bbox 1988 4088 2094 4143; x_wconf 87' lang='lat' dir='ltr'><strong>Sed</strong></span> <span class='ocrx_word' id='word_1_597' title='bbox 2126 4096 2182 4143; x_wconf 90' lang='lat' dir='ltr'><strong>et</strong></span> <span class='ocrx_word' id='word_1_598' title='bbox 2206 4088 2394 4143; x_wconf 88' lang='lat' dir='ltr'><strong>divina</strong></span> <span class='ocrx_word' id='word_1_599' title='bbox 2425 4088 2649 4143; x_wconf 89' lang='lat' dir='ltr'><strong>oracula</strong></span> <span class='ocrx_word' id='word_1_600' title='bbox 2676 4103 2799 4158; x_wconf 75' lang='lat' dir='ltr'><strong>quae</strong></span> <span class='ocrx_word' id='word_1_601' title='bbox 2839 4094 2949 4143; x_wconf 86' lang='lat' dir='ltr'><strong>tam</strong></span> <span class='ocrx_word' id='word_1_602' title='bbox 2996 4091 3052 4143; x_wconf 92' lang='lat' dir='ltr'><strong>in</strong></span> <span class='ocrx_word' id='word_1_603' title='bbox 3077 4088 3276 4146; x_wconf 81' lang='lat' dir='ltr'><strong>Vetere</strong></span> <span class='ocrx_word' id='word_1_604' title='bbox 3298 4108 3465 4162; x_wconf 89' lang='lat' dir='ltr'><strong>quam</strong></span> <span class='ocrx_word' id='word_1_605' title='bbox 3497 4093 3559 4149; x_wconf 92' lang='lat' dir='ltr'><strong>in</strong></span> 
     </span>
    </p>
   </div>
   <div class='ocr_carea' id='block_1_89' title="bbox 1987 4177 3555 4253">
    <p class='ocr_par' dir='ltr' id='par_1_89' title="bbox 1987 4177 3555 4253">
     <span class='ocr_line' id='line_1_89' title="bbox 1987 4177 3555 4253; baseline 0.003 -20"><span class='ocrx_word' id='word_1_606' title='bbox 1987 4177 2140 4235; x_wconf 79' lang='lat' dir='ltr'><strong>Novo</strong></span> <span class='ocrx_word' id='word_1_607' title='bbox 2165 4178 2519 4236; x_wconf 85' lang='lat' dir='ltr'><strong>Testamento</strong></span> <span class='ocrx_word' id='word_1_608' title='bbox 2536 4179 2921 4243; x_wconf 87' lang='lat' dir='ltr'><strong>continentur,</strong></span> <span class='ocrx_word' id='word_1_609' title='bbox 2945 4179 3083 4234; x_wconf 89' lang='lat' dir='ltr'><strong>adeo</strong></span> <span class='ocrx_word' id='word_1_610' title='bbox 3102 4179 3346 4248; x_wconf 80' lang='lat' dir='ltr'><strong>perfecte</strong></span> <span class='ocrx_word' id='word_1_611' title='bbox 3371 4191 3555 4253; x_wconf 83' lang='lat' dir='ltr'><strong>norat,</strong></span> 
     </span>
    </p>
   </div>
   <div class='ocr_carea' id='block_1_90' title="bbox 1988 4270 3559 4344">
    <p class='ocr_par' dir='ltr' id='par_1_90' title="bbox 1988 4270 3559 4344">
     <span class='ocr_line' id='line_1_90' title="bbox 1988 4270 3559 4344; baseline 0.004 -18"><span class='ocrx_word' id='word_1_612' title='bbox 1988 4278 2051 4326; x_wconf 91' lang='lat' dir='ltr'><strong>ut</strong></span> <span class='ocrx_word' id='word_1_613' title='bbox 2089 4271 2293 4325; x_wconf 90' lang='lat' dir='ltr'><strong>multos</strong></span> <span class='ocrx_word' id='word_1_614' title='bbox 2327 4270 2385 4324; x_wconf 92' lang='lat' dir='ltr'><strong>in</strong></span> <span class='ocrx_word' id='word_1_615' title='bbox 2423 4284 2489 4325; x_wconf 90' lang='lat' dir='ltr'><strong>ea</strong></span> <span class='ocrx_word' id='word_1_616' title='bbox 2525 4271 2906 4326; x_wconf 89' lang='lat' dir='ltr'><strong>conscriberet</strong></span> <span class='ocrx_word' id='word_1_617' title='bbox 2946 4270 3142 4339; x_wconf 86' lang='lat' dir='ltr'><strong>libros;</strong></span> <span class='ocrx_word' id='word_1_618' title='bbox 3182 4287 3247 4329; x_wconf 87' lang='lat' dir='ltr'><strong>ac</strong></span> <span class='ocrx_word' id='word_1_619' title='bbox 3289 4281 3559 4344; x_wconf 73' lang='lat' dir='ltr'><strong>praeterea</strong></span> 
     </span>
    </p>
   </div>
   <div class='ocr_carea' id='block_1_91' title="bbox 1498 4445 2359 4508">
    <p class='ocr_par' dir='ltr' id='par_1_91' title="bbox 1498 4445 2359 4508">
     <span class='ocr_line' id='line_1_91' title="bbox 1498 4445 2359 4508; baseline -0.003 -2"><span class='ocrx_word' id='word_1_620' title='bbox 1498 4450 1774 4508; x_wconf 76' lang='lat' dir='ltr'><strong>VALESII</strong></span> <span class='ocrx_word' id='word_1_621' title='bbox 1802 4445 2359 4506; x_wconf 82' lang='lat' dir='ltr'><strong>ANNOTATIONES.</strong></span> 
     </span>
    </p>
   </div>
   <div class='ocr_carea' id='block_1_92' title="bbox 273 4544 1883 4625">
    <p class='ocr_par' dir='ltr' id='par_1_92' title="bbox 273 4544 1883 4625">
     <span class='ocr_line' id='line_1_92' title="bbox 273 4544 1883 4625; baseline -0.009 -14"><span class='ocrx_word' id='word_1_622' title='bbox 273 4576 277 4585; x_wconf 71' lang='grc'><em>’</em></span> <span class='ocrx_word' id='word_1_623' title='bbox 366 4553 485 4625; x_wconf 84' lang='grc'><strong>(75)</strong></span> <span class='ocrx_word' id='word_1_624' title='bbox 527 4550 728 4625; x_wconf 76' lang='grc' dir='ltr'>Εὐθὺς</span> <span class='ocrx_word' id='word_1_625' title='bbox 757 4544 872 4603; x_wconf 67' lang='grc' dir='ltr'><strong>οὖν</strong></span> <span class='ocrx_word' id='word_1_626' title='bbox 892 4548 1101 4602; x_wconf 79' lang='grc' dir='ltr'>τύπον.</span> <span class='ocrx_word' id='word_1_627' title='bbox 1135 4544 1479 4625; x_wconf 74' lang='lat' dir='ltr'><strong>Ante_vo_e_em</strong></span> <span class='ocrx_word' id='word_1_628' title='bbox 1501 4544 1671 4625; x_wconf 80' lang='grc' dir='ltr'>τύπον</span> <span class='ocrx_word' id='word_1_629' title='bbox 1689 4546 1883 4625; x_wconf 60' lang='lat' dir='ltr'><strong>deerat</strong></span> 
     </span>
    </p>
   </div>
   <div class='ocr_carea' id='block_1_93' title="bbox 296 4612 1884 4693">
    <p class='ocr_par' dir='ltr' id='par_1_93' title="bbox 296 4612 1884 4693">
     <span class='ocr_line' id='line_1_93' title="bbox 296 4612 1884 4693; baseline -0.009 -13"><span class='ocrx_word' id='word_1_630' title='bbox 296 4612 514 4693; x_wconf 62' lang='lat' dir='ltr'><strong>integra</strong></span> <span class='ocrx_word' id='word_1_631' title='bbox 550 4612 719 4693; x_wconf 46' lang='lat' dir='ltr'><strong>linea}</strong></span> <span class='ocrx_word' id='word_1_632' title='bbox 748 4634 912 4693; x_wconf 83' lang='lat' dir='ltr'><strong>quam</strong></span> <span class='ocrx_word' id='word_1_633' title='bbox 952 4632 1054 4671; x_wconf 89' lang='lat' dir='ltr'><strong>nos</strong></span> <span class='ocrx_word' id='word_1_634' title='bbox 1090 4631 1158 4693; x_wconf 78' lang='lat' dir='ltr'><strong>ex</strong></span> <span class='ocrx_word' id='word_1_635' title='bbox 1183 4616 1483 4693; x_wconf 69' lang='lat' dir='ltr'><strong>codicibus</strong></span> <span class='ocrx_word' id='word_1_636' title='bbox 1530 4612 1884 4693; x_wconf 47' lang='lat' dir='ltr'><strong>nostrisfllo-</strong></span> 
     </span>
    </p>
   </div>
   <div class='ocr_carea' id='block_1_94' title="bbox 1972 4540 3173 4610">
    <p class='ocr_par' dir='ltr' id='par_1_94' title="bbox 1972 4540 3173 4610">
     <span class='ocr_line' id='line_1_94' title="bbox 1972 4540 3173 4610; baseline 0.002 -15"><span class='ocrx_word' id='word_1_637' title='bbox 1972 4544 2102 4604; x_wconf 71' lang='lat' dir='ltr'><strong>sua,</strong></span> <span class='ocrx_word' id='word_1_638' title='bbox 2132 4540 2368 4595; x_wconf 78' lang='lat' dir='ltr'><strong>vincebat</strong></span> <span class='ocrx_word' id='word_1_639' title='bbox 2397 4540 2559 4610; x_wconf 72' lang='lat' dir='ltr'><strong>etiam</strong></span> <span class='ocrx_word' id='word_1_640' title='bbox 2589 4548 2749 4610; x_wconf 79' lang='lat' dir='ltr'><strong>acula</strong></span> <span class='ocrx_word' id='word_1_641' title='bbox 2782 4542 3173 4610; x_wconf 77' lang='lat' dir='ltr'><strong>conspicientes.</strong></span> 
     </span>
    </p>
   </div>
   <div class='ocr_carea' id='block_1_95' title="bbox 2060 4609 3565 4679">
    <p class='ocr_par' dir='ltr' id='par_1_95' title="bbox 2060 4609 3565 4679">
     <span class='ocr_line' id='line_1_95' title="bbox 2060 4609 3565 4679; baseline 0.007 -16"><span class='ocrx_word' id='word_1_642' title='bbox 2060 4611 2171 4679; x_wconf 87' lang='lat'><strong>(77)</strong></span> <span class='ocrx_word' id='word_1_643' title='bbox 2222 4609 2644 4679; x_wconf 78' lang='grc' dir='ltr'>’Υπομνήματά</span> <span class='ocrx_word' id='word_1_644' title='bbox 2682 4627 2746 4664; x_wconf 81' lang='grc' dir='ltr'><strong>τε</strong></span> <span class='ocrx_word' id='word_1_645' title='bbox 2782 4609 2999 4678; x_wconf 82' lang='grc' dir='ltr'>ἐκδοὺς</span> <span class='ocrx_word' id='word_1_646' title='bbox 3032 4616 3120 4679; x_wconf 77' lang='grc' dir='ltr'><strong>εις</strong></span> <span class='ocrx_word' id='word_1_647' title='bbox 3156 4613 3328 4672; x_wconf 75' lang='grc' dir='ltr'>αὑτά.</span> <span class='ocrx_word' id='word_1_648' title='bbox 3359 4616 3434 4673; x_wconf 92' lang='lat' dir='ltr'><strong>De</strong></span> <span class='ocrx_word' id='word_1_649' title='bbox 3475 4617 3565 4676; x_wconf 87' lang='lat' dir='ltr'><strong>bis</strong></span> 
     </span>
    </p>
   </div>
   <div class='ocr_carea' id='block_1_96' title="bbox 299 4680 3563 4761">
    <p class='ocr_par' dir='ltr' id='par_1_96' title="bbox 299 4680 3563 4761">
     <span class='ocr_line' id='line_1_96' title="bbox 299 4680 3563 4761; baseline -0 -16"><span class='ocrx_word' id='word_1_650' title='bbox 299 4680 528 4750; x_wconf 70' lang='grc' dir='ltr'>τετιιῖηο</span> <span class='ocrx_word' id='word_1_651' title='bbox 551 4707 616 4745; x_wconf 90' lang='lat' dir='ltr'><strong>ac</strong></span> <span class='ocrx_word' id='word_1_652' title='bbox 643 4680 928 4761; x_wconf 42' lang='lat' dir='ltr'><strong>sror-tiam</strong></span> <span class='ocrx_word' id='word_1_653' title='bbox 952 4686 1326 4761; x_wconf 74' lang='lat' dir='ltr'><strong>supplevimus</strong></span> <span class='ocrx_word' id='word_1_654' title='bbox 1352 4684 1648 4761; x_wconf 76' lang='lat' dir='ltr'><strong>h_oc__modt_)</strong></span> <span class='ocrx_word' id='word_1_655' title='bbox 1669 4703 1682 4738; x_wconf 90' lang='lat'><strong>:</strong></span> <span class='ocrx_word' id='word_1_656' title='bbox 1707 4684 1884 4761; x_wconf 69' lang='grc' dir='ltr'>Εὐθὺς</span> <span class='ocrx_word' id='word_1_657' title='bbox 1915 4681 1960 4736; x_wconf 89' lang='lat' dir='ltr'><strong>D</strong></span> <span class='ocrx_word' id='word_1_658' title='bbox 1989 4680 2205 4761; x_wconf 52' lang='lat' dir='ltr'><strong>Didxmi</strong></span> <span class='ocrx_word' id='word_1_659' title='bbox 2228 4752 2242 4761; x_wconf 41' lang='lat'><strong><em>.</em></strong></span> <span class='ocrx_word' id='word_1_660' title='bbox 2269 4681 2684 4761; x_wconf 68' lang='lat' dir='ltr'><strong>commentariis</strong></span> <span class='ocrx_word' id='word_1_661' title='bbox 2751 4680 2806 4734; x_wconf 91' lang='lat' dir='ltr'><strong>in</strong></span> <span class='ocrx_word' id='word_1_662' title='bbox 2868 4681 3119 4761; x_wconf 77' lang='lat' dir='ltr'><strong>Origenis</strong></span> <span class='ocrx_word' id='word_1_663' title='bbox 3191 4685 3364 4761; x_wconf 74' lang='lat' dir='ltr'><strong>libros</strong></span> <span class='ocrx_word' id='word_1_664' title='bbox 3424 4690 3563 4761; x_wconf 76' lang='grc' dir='ltr'>Περὶ</span> 
     </span>
    </p>
   </div>
   <div class='ocr_carea' id='block_1_97' title="bbox 298 4751 1883 4876">
    <p class='ocr_par' dir='ltr' id='par_1_97' title="bbox 298 4751 1883 4876">
     <span class='ocr_line' id='line_1_97' title="bbox 298 4751 1883 4876; baseline -0.009 -56"><span class='ocrx_word' id='word_1_665' title='bbox 298 4762 392 4820; x_wconf 81' lang='grc' dir='ltr'><strong>οὖν</strong></span> <span class='ocrx_word' id='word_1_666' title='bbox 420 4764 503 4818; x_wconf 66' lang='grc' dir='ltr'>τὰ</span> <span class='ocrx_word' id='word_1_667' title='bbox 544 4762 644 4832; x_wconf 83' lang='grc' dir='ltr'>μὲν</span> <span class='ocrx_word' id='word_1_668' title='bbox 681 4759 977 4841; x_wconf 66' lang='grc' dir='ltr'>ἀγάλματα</span> <span class='ocrx_word' id='word_1_669' title='bbox 1022 4751 1308 4820; x_wconf 67' lang='grc' dir='ltr'>ἐξέϐαλον·</span> <span class='ocrx_word' id='word_1_670' title='bbox 1348 4755 1410 4807; x_wconf 91' lang='grc' dir='ltr'><strong>τὸ</strong></span> <span class='ocrx_word' id='word_1_671' title='bbox 1447 4753 1502 4806; x_wconf 79' lang='grc' dir='ltr'>δὲ</span> <span class='ocrx_word' id='word_1_672' title='bbox 1552 4753 1741 4876; x_wconf 51' lang='grc' dir='ltr'>σχῆμα</span> <span class='ocrx_word' id='word_1_673' title='bbox 1788 4751 1883 4805; x_wconf 88' lang='grc' dir='ltr'><strong>τοῦ</strong></span> 
     </span>
     <span class='ocr_line' id='line_1_98' title="bbox 299 4823 1883 4876; baseline 0 0"><span class='ocrx_word' id='word_1_674' title='bbox 299 4835 430 4876; x_wconf 67' lang='grc' dir='ltr'><strong>νηῆῆ</strong></span> <span class='ocrx_word' id='word_1_675' title='bbox 469 4835 555 4876; x_wconf 65' lang='grc' dir='ltr'><strong>εἰς</strong></span> <span class='ocrx_word' id='word_1_676' title='bbox 584 4829 883 4876; x_wconf 71' lang='grc' dir='ltr'>ἐκκλησίας</span> <span class='ocrx_word' id='word_1_677' title='bbox 917 4842 1107 4876; x_wconf 84' lang='grc' dir='ltr'>τυπον.</span> <span class='ocrx_word' id='word_1_678' title='bbox 1148 4834 1257 4876; x_wconf 83' lang='lat' dir='ltr'><strong>etc.</strong></span> <span class='ocrx_word' id='word_1_679' title='bbox 1288 4823 1366 4876; x_wconf 89' lang='lat' dir='ltr'><strong>Ita</strong></span> <span class='ocrx_word' id='word_1_680' title='bbox 1398 4838 1617 4876; x_wconf 86' lang='lat' dir='ltr'><strong>ouoaue</strong></span> <span class='ocrx_word' id='word_1_681' title='bbox 1694 4823 1883 4876; x_wconf 86' lang='lat' dir='ltr'><strong>mnha—</strong></span> 
     </span>
    </p>
   </div>
   <div class='ocr_carea' id='block_1_98' title="bbox 299 4823 1886 4899">
    <p class='ocr_par' dir='ltr' id='par_1_98' title="bbox 299 4823 1886 4899">
     <span class='ocr_line' id='line_1_99' title="bbox 299 4823 1886 4899; baseline -0.018 -8"><span class='ocrx_word' id='word_1_682' title='bbox 299 4835 430 4891; x_wconf 84' lang='grc' dir='ltr'>ναοῦ</span> <span class='ocrx_word' id='word_1_683' title='bbox 469 4823 557 4896; x_wconf 74' lang='grc' dir='ltr'>εξς</span> <span class='ocrx_word' id='word_1_684' title='bbox 584 4823 893 4899; x_wconf 5' lang='grc' dir='ltr'>ἐκκλησίας,</span> <span class='ocrx_word' id='word_1_685' title='bbox 917 4827 1107 4887; x_wconf 86' lang='grc' dir='ltr'>τύπον,</span> <span class='ocrx_word' id='word_1_686' title='bbox 1148 4834 1257 4899; x_wconf 74' lang='lat' dir='ltr'><strong>etc.</strong></span> <span class='ocrx_word' id='word_1_687' title='bbox 1288 4823 1366 4876; x_wconf 89' lang='lat' dir='ltr'><strong>Ita</strong></span> <span class='ocrx_word' id='word_1_688' title='bbox 1398 4838 1617 4899; x_wconf 88' lang='lat' dir='ltr'><strong>quoque</strong></span> <span class='ocrx_word' id='word_1_689' title='bbox 1649 4823 1886 4899; x_wconf 61' lang='lat' dir='ltr'><strong>Epipha-</strong></span> 
     </span>
    </p>
   </div>
   <div class='ocr_carea' id='block_1_99' title="bbox 303 4894 1888 4963">
    <p class='ocr_par' dir='ltr' id='par_1_99' title="bbox 303 4894 1888 4963">
     <span class='ocr_line' id='line_1_100' title="bbox 303 4894 1888 4963; baseline -0.009 -2"><span class='ocrx_word' id='word_1_690' title='bbox 303 4907 436 4960; x_wconf 89' lang='lat' dir='ltr'><strong>nius</strong></span> <span class='ocrx_word' id='word_1_691' title='bbox 469 4894 855 4957; x_wconf 77' lang='lat' dir='ltr'><strong>scholasticus</strong></span> <span class='ocrx_word' id='word_1_692' title='bbox 885 4898 939 4951; x_wconf 90' lang='lat' dir='ltr'><strong>in</strong></span> <span class='ocrx_word' id='word_1_693' title='bbox 972 4911 1075 4950; x_wconf 89' lang='lat' dir='ltr'><strong>suo</strong></span> <span class='ocrx_word' id='word_1_694' title='bbox 1107 4894 1297 4949; x_wconf 86' lang='lat' dir='ltr'><strong>codice</strong></span> <span class='ocrx_word' id='word_1_695' title='bbox 1351 4895 1621 4963; x_wconf 88' lang='lat' dir='ltr'><strong>scriptum</strong></span> <span class='ocrx_word' id='word_1_696' title='bbox 1664 4894 1888 4947; x_wconf 87' lang='lat' dir='ltr'><strong>invene-</strong></span> 
     </span>
    </p>
   </div>
   <div class='ocr_carea' id='block_1_100' title="bbox 304 4967 1291 5039">
    <p class='ocr_par' dir='ltr' id='par_1_100' title="bbox 304 4967 1291 5039">
     <span class='ocr_line' id='line_1_101' title="bbox 304 4967 1291 5039; baseline -0.013 -9"><span class='ocrx_word' id='word_1_697' title='bbox 304 4988 412 5039; x_wconf 80' lang='lat' dir='ltr'><strong>rat,</strong></span> <span class='ocrx_word' id='word_1_698' title='bbox 444 4982 505 5025; x_wconf 91' lang='lat' dir='ltr'><strong>ut</strong></span> <span class='ocrx_word' id='word_1_699' title='bbox 527 4988 597 5026; x_wconf 79' lang='lat' dir='ltr'><strong>ex</strong></span> <span class='ocrx_word' id='word_1_700' title='bbox 621 4970 882 5039; x_wconf 85' lang='lat' dir='ltr'><strong>versione</strong></span> <span class='ocrx_word' id='word_1_701' title='bbox 903 4967 1027 5039; x_wconf 82' lang='lat' dir='ltr'><strong>ejus</strong></span> <span class='ocrx_word' id='word_1_702' title='bbox 1046 4972 1291 5039; x_wconf 60' lang='lat' dir='ltr'><strong>apparet.</strong></span> 
     </span>
    </p>
   </div>
   <div class='ocr_carea' id='block_1_101' title="bbox 377 5029 1889 5113">
    <p class='ocr_par' dir='ltr' id='par_1_101' title="bbox 377 5029 1889 5113">
     <span class='ocr_line' id='line_1_102' title="bbox 377 5029 1889 5113; baseline -0.01 -15"><span class='ocrx_word' id='word_1_703' title='bbox 377 5029 492 5113; x_wconf 48' lang='grc' dir='ltr'><strong>(ἥδ)</strong></span> <span class='ocrx_word' id='word_1_704' title='bbox 548 5040 756 5094; x_wconf 80' lang='grc' dir='ltr'>Ἐνίκα</span> <span class='ocrx_word' id='word_1_705' title='bbox 791 5029 949 5113; x_wconf 56' lang='grc' dir='ltr'>τοὺς(</span> <span class='ocrx_word' id='word_1_706' title='bbox 972 5029 1231 5113; x_wconf 58' lang='grc' dir='ltr'>εύφΰεῖς.</span> <span class='ocrx_word' id='word_1_707' title='bbox 1262 5031 1378 5113; x_wconf 82' lang='lat' dir='ltr'><strong>Vox_</strong></span> <span class='ocrx_word' id='word_1_708' title='bbox 1403 5033 1630 5113; x_wconf 57' lang='grc' dir='ltr'>εὐφυεῖς</span> <span class='ocrx_word' id='word_1_709' title='bbox 1655 5029 1889 5113; x_wconf 76' lang='lat' dir='ltr'><strong>delenda</strong></span> 
     </span>
    </p>
   </div>
   <div class='ocr_carea' id='block_1_102' title="bbox 306 5102 1886 5183">
    <p class='ocr_par' dir='ltr' id='par_1_102' title="bbox 306 5102 1886 5183">
     <span class='ocr_line' id='line_1_103' title="bbox 306 5102 1886 5183; baseline -0.008 -14"><span class='ocrx_word' id='word_1_710' title='bbox 306 5102 412 5177; x_wconf 46' lang='lat' dir='ltr'><strong>est‘,</strong></span> <span class='ocrx_word' id='word_1_711' title='bbox 440 5102 567 5183; x_wconf 69' lang='lat' dir='ltr'><strong>quae</strong></span> <span class='ocrx_word' id='word_1_712' title='bbox 592 5125 664 5183; x_wconf 82' lang='lat' dir='ltr'><strong>ex_</strong></span> <span class='ocrx_word' id='word_1_713' title='bbox 697 5109 982 5183; x_wconf 65' lang='lat' dir='ltr'><strong>superiore</strong></span> <span class='ocrx_word' id='word_1_714' title='bbox 1014 5102 1155 5183; x_wconf 68' lang='lat' dir='ltr'><strong>linea</strong></span> <span class='ocrx_word' id='word_1_715' title='bbox 1193 5112 1303 5158; x_wconf 89' lang='lat' dir='ltr'><strong>huc</strong></span> <span class='ocrx_word' id='word_1_716' title='bbox 1331 5102 1545 5158; x_wconf 87' lang='lat' dir='ltr'><strong>videtur</strong></span> <span class='ocrx_word' id='word_1_717' title='bbox 1575 5102 1886 5183; x_wconf 68' lang='lat' dir='ltr'><strong>irrepsisse.</strong></span> 
     </span>
    </p>
   </div>
   <div class='ocr_carea' id='block_1_103' title="bbox 310 5171 1887 5251">
    <p class='ocr_par' dir='ltr' id='par_1_103' title="bbox 310 5171 1887 5251">
     <span class='ocr_line' id='line_1_104' title="bbox 310 5171 1887 5251; baseline -0.01 -12"><span class='ocrx_word' id='word_1_718' title='bbox 310 5171 474 5239; x_wconf 69' lang='lat' dir='ltr'><strong>Certe</strong></span> <span class='ocrx_word' id='word_1_719' title='bbox 503 5171 1264 5251; x_wconf 80' lang='lat' dir='ltr'><strong>Epiphanius_Sc_holasticus</strong></span> <span class='ocrx_word' id='word_1_720' title='bbox 1292 5187 1415 5227; x_wconf 90' lang='lat' dir='ltr'><strong>eam</strong></span> <span class='ocrx_word' id='word_1_721' title='bbox 1438 5186 1566 5251; x_wconf 43' lang='lat' dir='ltr'><strong>‘non</strong></span> <span class='ocrx_word' id='word_1_722' title='bbox 1598 5171 1887 5251; x_wconf 72' lang='lat' dir='ltr'><strong>agnoscit;</strong></span> 
     </span>
    </p>
   </div>
   <div class='ocr_carea' id='block_1_104' title="bbox 311 5241 1890 5313">
    <p class='ocr_par' dir='ltr' id='par_1_104' title="bbox 311 5241 1890 5313">
     <span class='ocr_line' id='line_1_105' title="bbox 311 5241 1890 5313; baseline -0.007 -7"><span class='ocrx_word' id='word_1_723' title='bbox 311 5253 390 5309; x_wconf 87' lang='lat' dir='ltr'><strong>sic</strong></span> <span class='ocrx_word' id='word_1_724' title='bbox 419 5241 569 5308; x_wconf 67' lang='lat' dir='ltr'><strong>enini</strong></span> <span class='ocrx_word' id='word_1_725' title='bbox 596 5241 762 5304; x_wconf 63' lang='lat' dir='ltr'><strong>vertit</strong></span> <span class='ocrx_word' id='word_1_726' title='bbox 797 5266 810 5303; x_wconf 86' lang='lat'><strong>:</strong></span> <span class='ocrx_word' id='word_1_727' title='bbox 846 5246 953 5312; x_wconf 79' lang='lat' dir='ltr'><strong>Qui</strong></span> <span class='ocrx_word' id='word_1_728' title='bbox 986 5261 1104 5300; x_wconf 76' lang='lat' dir='ltr'><strong>cum</strong></span> <span class='ocrx_word' id='word_1_729' title='bbox 1146 5261 1180 5298; x_wconf 86' lang='grc' dir='ltr'><strong>α</strong></span> <span class='ocrx_word' id='word_1_730' title='bbox 1234 5259 1397 5313; x_wconf 81' lang='lat' dir='ltr'><strong>puero</strong></span> <span class='ocrx_word' id='word_1_731' title='bbox 1428 5241 1615 5311; x_wconf 77' lang='lat' dir='ltr'><strong>[uisset</strong></span> <span class='ocrx_word' id='word_1_732' title='bbox 1644 5242 1890 5313; x_wconf 86' lang='lat' dir='ltr'><strong>ingenio-</strong></span> 
     </span>
    </p>
   </div>
   <div class='ocr_carea' id='block_1_105' title="bbox 1991 4749 3566 4821">
    <p class='ocr_par' dir='ltr' id='par_1_105' title="bbox 1991 4749 3566 4821">
     <span class='ocr_line' id='line_1_106' title="bbox 1991 4749 3566 4821; baseline 0.009 -20"><span class='ocrx_word' id='word_1_733' title='bbox 1991 4749 2200 4821; x_wconf 68' lang='grc' dir='ltr'>ῥιρχῶν,</span> <span class='ocrx_word' id='word_1_734' title='bbox 2228 4749 2479 4821; x_wconf 56' lang='lat' dir='ltr'><strong>loquitur</strong></span> <span class='ocrx_word' id='word_1_735' title='bbox 2524 4749 2892 4821; x_wconf 73' lang='lat' dir='ltr'><strong>Hieronymus</strong></span> <span class='ocrx_word' id='word_1_736' title='bbox 2947 4749 3002 4806; x_wconf 77' lang='lat' dir='ltr'><strong>in</strong></span> <span class='ocrx_word' id='word_1_737' title='bbox 3056 4753 3196 4808; x_wconf 88' lang='lat' dir='ltr'><strong>libro</strong></span> <span class='ocrx_word' id='word_1_738' title='bbox 3229 4771 3248 4808; x_wconf 89' lang='grc' dir='ltr'><strong>ι</strong></span> <span class='ocrx_word' id='word_1_739' title='bbox 3296 4749 3566 4815; x_wconf 75' lang='lat' dir='ltr'><strong>adversus</strong></span> 
     </span>
    </p>
   </div>
   <div class='ocr_carea' id='block_1_106' title="bbox 1992 4818 3566 4896">
    <p class='ocr_par' dir='ltr' id='par_1_106' title="bbox 1992 4818 3566 4896">
     <span class='ocr_line' id='line_1_107' title="bbox 1992 4818 3566 4896; baseline 0.006 -23"><span class='ocrx_word' id='word_1_740' title='bbox 1992 4818 2252 4874; x_wconf 75' lang='lat' dir='ltr'><strong>Ruﬁnum</strong></span> <span class='ocrx_word' id='word_1_741' title='bbox 2285 4818 2587 4896; x_wconf 57' lang='lat' dir='ltr'><strong>{Etutulto</strong></span> <span class='ocrx_word' id='word_1_742' title='bbox 2618 4820 2699 4896; x_wconf 60' lang='lat' dir='ltr'><strong>liis</strong></span> <span class='ocrx_word' id='word_1_743' title='bbox 2727 4818 3017 4896; x_wconf 53' lang='lat' dir='ltr'><strong>deteriora.</strong></span> <span class='ocrx_word' id='word_1_744' title='bbox 3041 4839 3159 4892; x_wconf 76' lang='lat' dir='ltr'><strong>quw</strong></span> <span class='ocrx_word' id='word_1_745' title='bbox 3189 4824 3404 4896; x_wconf 82' lang='lat' dir='ltr'><strong>longum</strong></span> <span class='ocrx_word' id='word_1_746' title='bbox 3432 4840 3566 4885; x_wconf 78' lang='lat' dir='ltr'><strong>esset</strong></span> 
     </span>
    </p>
   </div>
   <div class='ocr_carea' id='block_1_107' title="bbox 1994 4889 3570 4963">
    <p class='ocr_par' dir='ltr' id='par_1_107' title="bbox 1994 4889 3570 4963">
     <span class='ocr_line' id='line_1_108' title="bbox 1994 4889 3570 4963; baseline 0.007 -20"><span class='ocrx_word' id='word_1_747' title='bbox 1994 4900 2243 4963; x_wconf 72' lang='lat' dir='ltr'><strong>retexere,</strong></span> <span class='ocrx_word' id='word_1_748' title='bbox 2276 4890 2355 4944; x_wconf 78' lang='lat' dir='ltr'><strong>vel</strong></span> <span class='ocrx_word' id='word_1_749' title='bbox 2393 4889 2727 4963; x_wconf 31' lang='lat' dir='ltr'><strong>itauveftisse</strong></span> <span class='ocrx_word' id='word_1_750' title='bbox 2754 4899 2825 4963; x_wconf 59' lang='grc' dir='ltr'><strong>Διιι</strong></span> <span class='ocrx_word' id='word_1_751' title='bbox 2869 4892 2923 4963; x_wconf 83' lang='lat' dir='ltr'><strong>in</strong></span> <span class='ocrx_word' id='word_1_752' title='bbox 2946 4889 3138 4963; x_wconf 57' lang='lat' dir='ltr'><strong>Graeco</strong></span> <span class='ocrx_word' id='word_1_753' title='bbox 3169 4889 3458 4963; x_wconf 66' lang='lat' dir='ltr'><strong>invenerat,</strong></span> <span class='ocrx_word' id='word_1_754' title='bbox 3492 4900 3570 4953; x_wconf 78' lang='lat' dir='ltr'><strong>vel</strong></span> 
     </span>
    </p>
   </div>
   <div class='ocr_carea' id='block_1_108' title="bbox 1993 4959 3569 5035">
    <p class='ocr_par' dir='ltr' id='par_1_108' title="bbox 1993 4959 3569 5035">
     <span class='ocr_line' id='line_1_109' title="bbox 1993 4959 3569 5035; baseline 0.008 -24"><span class='ocrx_word' id='word_1_755' title='bbox 1993 4960 2057 5014; x_wconf 85' lang='lat' dir='ltr'><strong>de</strong></span> <span class='ocrx_word' id='word_1_756' title='bbox 2080 4960 2526 5014; x_wconf 79' lang='lat' dir='ltr'><strong>commentariolis</strong></span> <span class='ocrx_word' id='word_1_757' title='bbox 2549 4959 2905 5029; x_wconf 82' lang='lat' dir='ltr'><strong>Didymi,qui</strong></span> <span class='ocrx_word' id='word_1_758' title='bbox 2927 4961 3168 5035; x_wconf 69' lang='lat' dir='ltr'><strong>origani:</strong></span> <span class='ocrx_word' id='word_1_759' title='bbox 3199 4959 3569 5035; x_wconf 80' lang='lat' dir='ltr'><strong>apertissimus</strong></span> 
     </span>
    </p>
   </div>
   <div class='ocr_carea' id='block_1_109' title="bbox 1992 5034 3573 5104">
    <p class='ocr_par' dir='ltr' id='par_1_109' title="bbox 1992 5034 3573 5104">
     <span class='ocr_line' id='line_1_110' title="bbox 1992 5034 3573 5104; baseline 0.007 -22"><span class='ocrx_word' id='word_1_760' title='bbox 1992 5039 2351 5104; x_wconf 70' lang='lat' dir='ltr'><strong>propugnator</strong></span> <span class='ocrx_word' id='word_1_761' title='bbox 2384 5041 2484 5104; x_wconf 66' lang='lat' dir='ltr'><strong>est.</strong></span> <span class='ocrx_word' id='word_1_762' title='bbox 2514 5042 2837 5104; x_wconf 73' lang='lat' dir='ltr'><strong>exaggerata</strong></span> <span class='ocrx_word' id='word_1_763' title='bbox 2872 5040 2921 5084; x_wconf 85' lang='lat' dir='ltr'><strong>et</strong></span> <span class='ocrx_word' id='word_1_764' title='bbox 2951 5034 3194 5104; x_wconf 57' lang='lat' dir='ltr'><strong>ﬁrmiora</strong></span> <span class='ocrx_word' id='word_1_765' title='bbox 3216 5034 3474 5104; x_wconf 75' lang='lat' dir='ltr'><strong>posuisse.</strong></span> <span class='ocrx_word' id='word_1_766' title='bbox 3505 5039 3573 5093; x_wconf 82' lang='lat' dir='ltr'><strong>Et</strong></span> 
     </span>
    </p>
   </div>
   <div class='ocr_carea' id='block_1_110' title="bbox 1994 5099 3573 5165">
    <p class='ocr_par' dir='ltr' id='par_1_110' title="bbox 1994 5099 3573 5165">
     <span class='ocr_line' id='line_1_111' title="bbox 1994 5099 3573 5165; baseline 0.006 -13"><span class='ocrx_word' id='word_1_767' title='bbox 1994 5102 2049 5153; x_wconf 90' lang='lat' dir='ltr'><strong>in</strong></span> <span class='ocrx_word' id='word_1_768' title='bbox 2093 5099 2239 5155; x_wconf 80' lang='lat' dir='ltr'><strong>libro</strong></span> <span class='ocrx_word' id='word_1_769' title='bbox 2274 5099 2520 5154; x_wconf 90' lang='lat' dir='ltr'><strong>secundo</strong></span> <span class='ocrx_word' id='word_1_770' title='bbox 2558 5101 2829 5153; x_wconf 85' lang='lat' dir='ltr'><strong>adversus</strong></span> <span class='ocrx_word' id='word_1_771' title='bbox 2870 5099 3120 5158; x_wconf 85' lang='lat' dir='ltr'><strong>eumdem</strong></span> <span class='ocrx_word' id='word_1_772' title='bbox 3159 5099 3419 5165; x_wconf 74' lang='lat' dir='ltr'><strong>Ruﬁnum</strong></span> <span class='ocrx_word' id='word_1_773' title='bbox 3453 5126 3467 5162; x_wconf 86' lang='lat'><strong>:</strong></span> <span class='ocrx_word' id='word_1_774' title='bbox 3501 5107 3573 5163; x_wconf 80' lang='lat' dir='ltr'><strong>In</strong></span> 
     </span>
    </p>
   </div>
   <div class='ocr_carea' id='block_1_111' title="bbox 1993 5168 3576 5247">
    <p class='ocr_par' dir='ltr' id='par_1_111' title="bbox 1993 5168 3576 5247">
     <span class='ocr_line' id='line_1_112' title="bbox 1993 5168 3576 5247; baseline 0.008 -26"><span class='ocrx_word' id='word_1_775' title='bbox 1993 5170 2163 5247; x_wconf 66' lang='lat' dir='ltr'><strong>primo</strong></span> <span class='ocrx_word' id='word_1_776' title='bbox 2186 5169 2327 5247; x_wconf 26' lang='lat' dir='ltr'><strong>ilibro</strong></span> <span class='ocrx_word' id='word_1_777' title='bbox 2354 5169 2499 5247; x_wconf 41' lang='grc' dir='ltr'>Περὶ·</span> <span class='ocrx_word' id='word_1_778' title='bbox 2532 5168 2870 5247; x_wconf 33' lang='grc' dir='ltr'><strong>ἀρχῶν-,ιπερὶ</strong></span> <span class='ocrx_word' id='word_1_779' title='bbox 2910 5170 3163 5247; x_wconf 76' lang='lat' dir='ltr'><strong>Qrigenes</strong></span> <span class='ocrx_word' id='word_1_780' title='bbox 3193 5175 3376 5247; x_wconf 78' lang='lat' dir='ltr'><strong>lingua</strong></span> <span class='ocrx_word' id='word_1_781' title='bbox 3413 5180 3576 5233; x_wconf 77' lang='lat' dir='ltr'><strong>sacri-</strong></span> 
     </span>
    </p>
   </div>
   <div class='ocr_carea' id='block_1_112' title="bbox 1998 5236 3574 5313">
    <p class='ocr_par' dir='ltr' id='par_1_112' title="bbox 1998 5236 3574 5313">
     <span class='ocr_line' id='line_1_113' title="bbox 1998 5236 3574 5313; baseline 0.007 -22"><span class='ocrx_word' id='word_1_782' title='bbox 1998 5238 2113 5309; x_wconf 78' lang='lat' dir='ltr'><strong>lega</strong></span> <span class='ocrx_word' id='word_1_783' title='bbox 2144 5236 2522 5308; x_wconf 74' lang='lat' dir='ltr'><strong>blasphemdvit</strong></span> <span class='ocrx_word' id='word_1_784' title='bbox 2547 5236 2685 5309; x_wconf 70' lang='lat' dir='ltr'><strong>quod</strong></span> <span class='ocrx_word' id='word_1_785' title='bbox 2712 5236 2891 5295; x_wconf 80' lang='lat' dir='ltr'><strong>Filius</strong></span> <span class='ocrx_word' id='word_1_786' title='bbox 2921 5236 3140 5298; x_wconf 68' lang='lat' dir='ltr'><strong>Pairem</strong></span> <span class='ocrx_word' id='word_1_787' title='bbox 3165 5236 3492 5313; x_wconf 50' lang='lat' dir='ltr'><strong>non&#39;videat,</strong></span> <span class='ocrx_word' id='word_1_788' title='bbox 3518 5259 3574 5302; x_wconf 77' lang='lat' dir='ltr'><strong>tu</strong></span> 
     </span>
    </p>
   </div>
   <div class='ocr_carea' id='block_1_113' title="bbox 1735 5413 2121 5475">
    <p class='ocr_par' dir='ltr' id='par_1_113' title="bbox 1735 5413 2121 5475">
     <span class='ocr_line' id='line_1_114' title="bbox 1735 5413 2121 5475; baseline -0.01 -3"><span class='ocrx_word' id='word_1_789' title='bbox 1735 5413 2121 5475; x_wconf 75' lang='lat' dir='ltr'><strong>VABIORUM.</strong></span> 
     </span>
    </p>
   </div>
   <div class='ocr_carea' id='block_1_114' title="bbox 392 5535 1887 5613">
    <p class='ocr_par' dir='ltr' id='par_1_114' title="bbox 392 5535 1887 5613">
     <span class='ocr_line' id='line_1_115' title="bbox 392 5535 1887 5613; baseline -0.005 -16"><span class='ocrx_word' id='word_1_790' title='bbox 392 5552 415 5582; x_wconf 70' lang='grc'><strong><em>³</em></strong></span> <span class='ocrx_word' id='word_1_791' title='bbox 477 5542 756 5613; x_wconf 77' lang='grc' dir='ltr'>Δίδυμος.</span> <span class='ocrx_word' id='word_1_792' title='bbox 819 5539 1120 5611; x_wconf 84' lang='lat' dir='ltr'><strong>Didymus,</strong></span> <span class='ocrx_word' id='word_1_793' title='bbox 1183 5553 1384 5613; x_wconf 76' lang='lat' dir='ltr'><strong>genere</strong></span> <span class='ocrx_word' id='word_1_794' title='bbox 1439 5535 1887 5613; x_wconf 60' lang='lat' dir='ltr'><strong>Alesandrinus,</strong></span> 
     </span>
    </p>
   </div>
   <div class='ocr_carea' id='block_1_115' title="bbox 327 5605 1890 5690">
    <p class='ocr_par' dir='ltr' id='par_1_115' title="bbox 327 5605 1890 5690">
     <span class='ocr_line' id='line_1_116' title="bbox 327 5605 1890 5690; baseline -0.004 -22"><span class='ocrx_word' id='word_1_795' title='bbox 327 5614 530 5690; x_wconf 73' lang='lat' dir='ltr'><strong>schola3_</strong></span> <span class='ocrx_word' id='word_1_796' title='bbox 567 5605 949 5690; x_wconf 59' lang='lat' dir='ltr'><strong>Cateclteseon</strong></span> <span class='ocrx_word' id='word_1_797' title='bbox 993 5605 1736 5690; x_wconf 44' lang='lat' dir='ltr'><strong>Aleian&#39;t’l‘rinarprzefectus.</strong></span> <span class='ocrx_word' id='word_1_798' title='bbox 1767 5605 1890 5688; x_wconf 68' lang='lat' dir='ltr'><strong>llic-</strong></span> 
     </span>
    </p>
   </div>
   <div class='ocr_carea' id='block_1_116' title="bbox 329 5678 1891 5824">
    <p class='ocr_par' dir='ltr' id='par_1_116' title="bbox 329 5678 1891 5824">
     <span class='ocr_line' id='line_1_117' title="bbox 329 5678 1887 5755; baseline -0.006 -17"><span class='ocrx_word' id='word_1_799' title='bbox 329 5685 532 5755; x_wconf 82' lang='lat' dir='ltr'><strong>ronymi</strong></span> <span class='ocrx_word' id='word_1_800' title='bbox 554 5693 608 5739; x_wconf 88' lang='lat' dir='ltr'><strong>et</strong></span> <span class='ocrx_word' id='word_1_801' title='bbox 636 5684 820 5737; x_wconf 78' lang='lat' dir='ltr'><strong>Ruﬁni</strong></span> <span class='ocrx_word' id='word_1_802' title='bbox 848 5690 1168 5751; x_wconf 66' lang='lat' dir='ltr'><strong>prmeeptor.</strong></span> <span class='ocrx_word' id='word_1_803' title='bbox 1199 5678 1716 5747; x_wconf 50' lang='lat' dir='ltr'><strong>Claruit’praecipue</strong></span> <span class='ocrx_word' id='word_1_804' title='bbox 1740 5678 1887 5730; x_wconf 88' lang='lat' dir='ltr'><strong>circa</strong></span> 
     </span>
     <span class='ocr_line' id='line_1_118' title="bbox 331 5747 1891 5824; baseline -0.002 -18"><span class='ocrx_word' id='word_1_805' title='bbox 331 5767 451 5809; x_wconf 81' lang='lat' dir='ltr'><strong>ann.</strong></span> <span class='ocrx_word' id='word_1_806' title='bbox 480 5754 587 5811; x_wconf 73' lang='lat'><strong>570</strong></span> <span class='ocrx_word' id='word_1_807' title='bbox 628 5754 699 5810; x_wconf 87' lang='lat' dir='ltr'><strong>ab</strong></span> <span class='ocrx_word' id='word_1_808' title='bbox 740 5754 864 5824; x_wconf 86' lang='lat' dir='ltr'><strong>ipso</strong></span> <span class='ocrx_word' id='word_1_809' title='bbox 906 5749 1213 5808; x_wconf 86' lang='lat' dir='ltr'><strong>Constantii</strong></span> <span class='ocrx_word' id='word_1_810' title='bbox 1260 5758 1505 5820; x_wconf 81' lang='lat' dir='ltr'><strong>tempore</strong></span> <span class='ocrx_word' id='word_1_811' title='bbox 1552 5762 1656 5802; x_wconf 88' lang='lat' dir='ltr'><strong>non</strong></span> <span class='ocrx_word' id='word_1_812' title='bbox 1690 5747 1891 5803; x_wconf 87' lang='lat' dir='ltr'><strong>incele-</strong></span> 
     </span>
    </p>
   </div>
   <div class='ocr_carea' id='block_1_117' title="bbox 1996 5533 3573 5612">
    <p class='ocr_par' dir='ltr' id='par_1_117' title="bbox 1996 5533 3573 5612">
     <span class='ocr_line' id='line_1_119' title="bbox 1996 5533 3573 5612; baseline 0.004 -22"><span class='ocrx_word' id='word_1_813' title='bbox 1996 5535 2133 5612; x_wconf 78' lang='lat' dir='ltr'><strong>bris.</strong></span> <span class='ocrx_word' id='word_1_814' title='bbox 2166 5533 2304 5591; x_wconf 79' lang='lat' dir='ltr'><strong>Vide</strong></span> <span class='ocrx_word' id='word_1_815' title='bbox 2358 5534 2603 5612; x_wconf 62' lang='lat' dir='ltr'><strong>solum,</strong></span> <span class='ocrx_word' id='word_1_816' title='bbox 2640 5538 2751 5612; x_wconf 79' lang='lat' dir='ltr'><strong>lib.</strong></span> <span class='ocrx_word' id='word_1_817' title='bbox 2806 5554 2886 5612; x_wconf 79' lang='lat' dir='ltr'><strong>ut,</strong></span> <span class='ocrx_word' id='word_1_818' title='bbox 2938 5556 3058 5612; x_wconf 82' lang='lat' dir='ltr'><strong>cap.</strong></span> <span class='ocrx_word' id='word_1_819' title='bbox 3110 5540 3197 5603; x_wconf 70' lang='lat'><strong>15,</strong></span> <span class='ocrx_word' id='word_1_820' title='bbox 3237 5547 3292 5592; x_wconf 89' lang='lat' dir='ltr'><strong>et</strong></span> <span class='ocrx_word' id='word_1_821' title='bbox 3321 5538 3573 5612; x_wconf 52' lang='lat' dir='ltr'><strong>Ilieod&quot;</strong></span> 
     </span>
    </p>
   </div>
   <div class='ocr_carea' id='block_1_118' title="bbox 1997 5606 3575 5692">
    <p class='ocr_par' dir='ltr' id='par_1_118' title="bbox 1997 5606 3575 5692">
     <span class='ocr_line' id='line_1_120' title="bbox 1997 5606 3575 5692; baseline 0.004 -33"><span class='ocrx_word' id='word_1_822' title='bbox 2132 5621 2204 5672; x_wconf 82' lang='lat' dir='ltr'><strong>Iv,</strong></span> <span class='ocrx_word' id='word_1_823' title='bbox 2226 5621 2355 5688; x_wconf 39' lang='lat' dir='ltr'><strong>.cap.</strong></span> <span class='ocrx_word' id='word_1_824' title='bbox 2381 5606 2469 5692; x_wconf 73' lang='lat'><strong>29.</strong></span> <span class='ocrx_word' id='word_1_825' title='bbox 2506 5607 2577 5692; x_wconf 43' lang='lat' dir='ltr'><strong>In.</strong></span> <span class='ocrx_word' id='word_1_826' title='bbox 2601 5610 2743 5664; x_wconf 85' lang='lat' dir='ltr'><strong>vivis</strong></span> <span class='ocrx_word' id='word_1_827' title='bbox 2780 5610 2961 5692; x_wconf 70' lang='lat' dir='ltr'><strong>adnue</strong></span> <span class='ocrx_word' id='word_1_828' title='bbox 2991 5606 3108 5667; x_wconf 73' lang='lat' dir='ltr'><strong>erat</strong></span> <span class='ocrx_word' id='word_1_829' title='bbox 3142 5607 3575 5692; x_wconf 28' lang='lat' dir='ltr'><strong>anuo‘392,qu‘o</strong></span> 
     </span>
    </p>
   </div>
   <div class='ocr_carea' id='block_1_119' title="bbox 1996 5685 3573 5739">
    <p class='ocr_par' dir='ltr' id='par_1_119' title="bbox 1996 5685 3573 5739">
     <span class='ocr_line' id='line_1_121' title="bbox 1996 5685 3573 5739; baseline 0.003 -9"><span class='ocrx_word' id='word_1_830' title='bbox 1996 5685 2394 5739; x_wconf 79' lang='lat' dir='ltr'><strong>octogesimum</strong></span> <span class='ocrx_word' id='word_1_831' title='bbox 2452 5685 2677 5734; x_wconf 89' lang='lat' dir='ltr'><strong>tertium</strong></span> <span class='ocrx_word' id='word_1_832' title='bbox 2736 5685 2918 5735; x_wconf 70' lang='lat' dir='ltr'><strong>aetatis</strong></span> <span class='ocrx_word' id='word_1_833' title='bbox 2967 5692 3167 5732; x_wconf 85' lang='lat' dir='ltr'><strong>annum</strong></span> <span class='ocrx_word' id='word_1_834' title='bbox 3228 5688 3573 5739; x_wconf 73' lang='lat' dir='ltr'><strong>excesserat.</strong></span> 
     </span>
    </p>
   </div>
   <div class='ocr_carea' id='block_1_120' title="bbox 1999 5745 3040 5818">
    <p class='ocr_par' dir='ltr' id='par_1_120' title="bbox 1999 5745 3040 5818">
     <span class='ocr_line' id='line_1_122' title="bbox 1999 5745 3040 5818; baseline 0 -17"><span class='ocrx_word' id='word_1_835' title='bbox 1999 5745 2172 5818; x_wconf 86' lang='lat' dir='ltr'><strong>(Guil.</strong></span> <span class='ocrx_word' id='word_1_836' title='bbox 2204 5745 2373 5816; x_wconf 85' lang='lat' dir='ltr'><strong>Cave,</strong></span> <span class='ocrx_word' id='word_1_837' title='bbox 2400 5747 2566 5818; x_wconf 60' lang='lat' dir='ltr'><strong>&quot;in,</strong></span> <span class='ocrx_word' id='word_1_838' title='bbox 2600 5749 2705 5804; x_wconf 88' lang='lat' dir='ltr'><strong>vol.</strong></span> <span class='ocrx_word' id='word_1_839' title='bbox 2742 5763 2777 5812; x_wconf 83' lang='grc' dir='ltr'><strong>ι,</strong></span> <span class='ocrx_word' id='word_1_840' title='bbox 2807 5762 2861 5816; x_wconf 90' lang='lat' dir='ltr'><strong>p.</strong></span> <span class='ocrx_word' id='word_1_841' title='bbox 2888 5747 3040 5818; x_wconf 74' lang='lat'><strong>205.)</strong></span> 
     </span>
    </p>
   </div>
  </div>
