4070 6204
495 339 600 399 527
1960 331 2296 388 SOCRATIS
3649 335 3761 390 5'28

493 459 560 512 de
585 453 853 508 Trinitate
885 460 997 506 tres
1027 449 1200 504 libros
1239 447 1497 514 dictavit,
1531 455 1585 502 ct
1615 445 1867 517 Origenis
1894 446 2049 502 libro:

2174 451 2484 520 συνίστησιν
2534 451 2610 512 ὡς
2653 449 2738 520 εἴη
2787 451 2979 520 ἄριστα
3027 447 3417 520 γεγραμμένα,
3452 448 3544 500 καὶ
3583 448 3765 519 μάτην

495 549 569 604 De
611 546 894 618 principiis
937 545 1327 611 interpretatus
1367 550 1472 605 est,
1517 541 1680 597 editis
1703 541 1756 594 in
1788 555 1883 596 eos
1915 557 2049 596 com-

2171 538 2545 608 ὲρεσχελοῦσιν
2574 541 2622 591 oi
2651 541 2977 608 κατηγορεῖν
3019 539 3108 591 τὸν
3154 539 3323 608 ἄνδρα
3353 541 3446 590 καὶ
3478 538 3546 591 τὰ
3581 538 3766 606 βιϐλία

494 636 800 698 mentariis,
843 633 1044 704 quibus
1087 632 1212 687 illos
1241 641 1385 686 recte
1421 633 1659 701 scriptos
1691 647 1814 686 esse
1840 631 2049 686 asserit

2169 629 2444 699 διασύρειν
2485 629 2877 694 σπουδάζοντες
2901 647 2914 660 ·
2951 629 3083 699 μηδὲ
3122 629 3230 700 γὰρ
3259 631 3456 693 αὐτοὺς
3497 630 3765 684 δύνασθαί

464 728 467 733 ’
493 729 812 796 frustraque
826 723 1163 780 contendere
1183 737 1278 777 eos
1298 723 1394 793 qui
1411 723 1585 777 virum
1608 723 1760 776 illurn
1779 737 2049 777 accusare.

2171 737 2334 790 φησιν
2367 720 2505 773 έλεῖν
2550 721 2648 790 τὴν
2691 719 2784 773 τοῦ
2828 720 3017 790 ἀνδρὸς
3058 720 3290 773 σύνεσιν.
3339 721 3407 772 Ei
3430 739 3511 783 τις
3545 717 3636 774 οὖν
3666 721 3766 790 τὴν

491 830 546 878 et
598 821 768 875 libros
819 819 939 888 ejus
983 816 1312 872 calumniari
1362 824 1674 870 conantur:
1711 831 1888 885 neque
1917 815 2046 868 enin

2169 811 2509 882 πολυμαθίαν
2534 811 2628 865 καὶ
2660 811 2719 864 τὸ
2751 811 3008 881 διάπυρον
3039 811 3136 881 τῆς
3166 811 3342 880 ψυχῆς
3368 811 3600 881 Διδύμου
3632 811 3768 879 γνῶ.

492 913 652 985 245
681 910 1035 966 excellentem
1071 909 1312 964 hominis
1358 907 1704 978 sapientiam,
1737 907 1937 977 inquit,
1983 906 2049 959 in-

2169 919 2256 955 ναι
2305 899 2650 972 προῄρηται,
2705 900 2938 971 ἐντυχὼν
2993 903 3104 964 τοῖς
3161 901 3558 970 πεπονημένοις
3613 901 3768 972 αὐτῷ

493 1003 788 1074 telligentia
833 1001 1054 1071 assequi
1101 1009 1354 1071 possunt.
1405 999 1464 1052 Si
1506 999 1630 1068 quis
1667 998 1835 1067 igitur
1880 997 2037 1050 multi

2170 994 2394 1064 βιϐλίοις
2444 993 2767 1064 μαθήσεται.
2820 991 3007 1063 Τούτῳ
3060 991 3278 1060 λέγεται
3343 995 3437 1045 καὶ
3477 993 3766 1047 Ἀντώνιον

493 1097 687 1166 plicem
719 1095 930 1166 Didymi
967 1094 1331 1149 eruditionem
1362 1101 1416 1148 et
1458 1092 1628 1148 animi
1652 1093 1771 1162 ejus
1809 1089 2049 1145 ardoren

2167 1089 2269 1161 ήδη
2321 1088 2582 1159 πρότερον
2638 1085 2780 1140 κατὰ
2833 1085 2923 1137 τὸν
2975 1083 3273 1146 Οὐάλεντος
3331 1084 3521 1154 χρόνον
3547 1083 3661 1155 (78)
3713 1095 3762 1148 ι,

491 1202 825 1258 cognoscere
851 1187 1148 1249 desiderat,
1177 1185 1230 1239 id
1261 1201 1326 1238 ex
1363 1185 1519 1240 libris
1570 1185 1664 1254 qui
1713 1184 1780 1237 ab
1821 1183 1914 1237 illo
1937 1192 2049 1238 sunt

2167 1181 2254 1233 ὅτε
2287 1179 2373 1232 διὰ
2405 1178 2532 1242 τοὺς
2576 1177 2885 1246 Ἀρειανους
2918 1177 3088 1261 ὲν-τῇ
3132 1175 3504 1246 Ἀλεξανδρείᾳ
3554 1176 3619 1228 ἐκ
3663 1177 3792 1247 τῆςΔ

489 1281 781 1344 elaborati,
812 1277 973 1332 facile
1009 1277 1321 1348 perspiciet.
1345 1276 1479 1332 Cum
1504 1277 1607 1332 hoc
1635 1275 1863 1346 Didymo
1893 1273 2049 1327 Anto-

2166 1271 2373 1342 ὲρήμου
2406 1267 2690 1339 κατῆλθεν,
2725 1269 2968 1337 ὲντυχεῖν
2991 1267 3065 1336 τῷ
3101 1265 3342 1336 Διδύμῳ,
3385 1268 3479 1319 καὶ
3521 1265 3764 1336 μαθόντα

490 1372 617 1425 nius
641 1371 945 1424 monachus
978 1369 1074 1423 diu
1106 1376 1232 1423 ante
1278 1366 1523 1422 Valentis
1549 1375 1794 1436 tempora
1821 1365 2049 1419 collocu-

2166 1362 2271 1432 τήν
2299 1360 2392 1413 τοῦ
2444 1359 2635 1431 ἀνδρὸς
2671 1359 2905 1421 σύνεσιν,
2947 1359 3120 1410 είπεῖν
3153 1359 3287 1428 πρὸς
3321 1357 3479 1410 αὐτόν
3501 1373 3514 1385 ·
3552 1357 3758 1428 Μηδὲν,

492 1471 580 1515 tus
609 1460 731 1514 esse
764 1461 986 1526 dicitur,
1023 1468 1152 1514 tunc
1182 1474 1306 1514 cum
1341 1467 1568 1528 pr0pter
1599 1455 1837 1510 Ariauos
1865 1455 2049 1509 relicta

2165 1445 2210 1504 ὧ
2242 1450 2458 1520 Δίδυμε,
2492 1449 2808 1521 ταραττέτω
2848 1465 2907 1500 σε
2951 1449 2984 1519 ή
3027 1447 3134 1501 τῶν
3165 1447 3436 1518 αἰσθητῶν
3467 1447 3762 1517 ὀφθαλμῶν

491 1552 810 1618 Solitudine,
849 1553 997 1606 venit
1045 1549 1466 1606 Alexandriam:
1505 1555 1909 1618 perspectaque
1963 1545 2049 1599 ho-

2166 1541 2425 1610 ἀποϐολή.
2461 1537 2702 1594 Τοιοῦτοι
2743 1538 2852 1610 γάρ
2907 1555 2990 1590 σοι
3029 1537 3304 1590 λείπουσιν
3359 1537 3648 1607 ὀφθαλμοὶ,
3678 1533 3762 1600 οἷς

495 1645 660 1698 minis
695 1643 969 1709 doctrina,
1009 1643 1123 1696 hazc
1152 1643 1200 1697 ei
1229 1641 1464 1695 dixisse:
1492 1638 1638 1693 Nihil
1677 1648 1728 1694 te
1756 1647 1990 1703 moveat,
2025 1652 2049 1692 ο

2167 1633 2260 1686 καὶ¹
2295 1633 2448 1702 μυῖαι
2476 1630 2570 1682 καὶ
2598 1627 2859 1691 κώνωπες
2893 1627 3080 1698 βλέψαι
3114 1627 3386 1698 ἰσχύουσιν
3418 1626 3527 1697 (79)
3551 1643 3564 1656 ·
3600 1631 3761 1698 χαῖρε

491 1733 739 1805 Didyme,
769 1735 982 1802 jactura
1018 1732 1389 1802 corporalium
1435 1731 1744 1786 oculorum.
1776 1727 2049 1798 Ejusmodi

2166 1725 2222 1779 δὲ
2265 1726 2346 1778 ὅτι
2397 1722 2537 1793 ἔχεις
2582 1721 2914 1791 ὀφθαλμοὺς,
2964 1714 3045 1783 οἷς
3082 1719 3174 1772 καὶ
3223 1719 3444 1786 ἄγγελοι
3480 1717 3758 1788 βλέπουσι,

490 1828 632 1879 cnim
669 1825 848 1880 oculis
879 1826 1101 1879 orbatus
1121 1839 1182 1878 es
1217 1823 1416 1894 quibus
1445 1829 1500 1878 et
1544 1836 1744 1877 muscae
1774 1829 1828 1877 et
1857 1820 2049 1875 culices

2163 1818 2231 1871 δι’
2253 1809 2329 1872 ὧν
2357 1816 2450 1869 καὶ
2487 1815 2514 1867 ὁ
2539 1813 2671 1877 Θεὸς
2703 1811 3006 1884 θεωρεῖται,
3037 1812 3130 1864 καὶ
3158 1812 3220 1864 τὸ
3249 1809 3414 1865 αὑτοῦ
3445 1809 3560 1879 φῶς
3588 1827 3762 1862 κατα-

491 1918 677 1972 viuere
728 1924 981 1987 possunt.
1024 1914 1212 1970 Gaude
1270 1915 1453 1985 potius
1503 1913 1650 1984 quod
1698 1914 1820 1969 illos
1855 1913 2049 1970 habeas

2162 1909 2518 1980 λαμϐάνεται.
2553 1904 2740 1959 Ταῦτα
2774 1905 2871 1976 μὲν
2903 1904 3002 1976 ήδη
3036 1905 3297 1975 πρότερον
3331 1904 3481 1974 παρὰ
3510 1902 3604 1955 τοῦ
3639 1902 3762 1956 θεο-

489 2009 680 2062 oculos
715 2007 917 2076 quibus
936 2007 1110 2076 angeli
1131 2006 1354 2071 vident,
1382 2006 1584 2078 quibus
1615 2005 1756 2060 Deus
1791 2004 2049 2072 cernitur1

2164 1999 2352 2071 φιλοῦς
2393 1999 2676 2054 Ἀντωνίου
2711 1996 2847 2068 πρὸς
2878 1995 3108 2066 Δίδυμον
3150 1996 3336 2067 εἴρητο
3368 2035 3382 2048 .
3414 1993 3545 2047 Τότε
3570 1993 3626 2046 δὲ
3658 1993 3757 2064 μέ-

487 2107 543 2152 et
574 2099 665 2152 lux
698 2099 819 2168 ejus
861 2096 1371 2166 comprehenditur.
1422 2097 1491 2151 Et
1527 2095 1673 2151 istud
1705 2093 1922 2164 quidem
1962 2094 2049 2148 diu

2163 2109 2348 2161 γιστος
2381 2093 2677 2161 συνήγορος
2718 2087 2819 2158 τῆς
2861 2087 3067 2152 οἰκείας
3112 2087 3349 2149 πίστεως
3378 2085 3628 2154 ἐφαίνετο
3667 2085 3760 2137 Δί-

490 2201 618 2246 ante
654 2189 766 2244 haec
788 2196 1034 2258 tempora
1065 2189 1133 2244 ab
1156 2189 1395 2242 Antonio
1429 2186 1641 2242 dictum
1678 2195 1763 2241 est
1800 2185 2049 2257 Didymo;

2161 2185 2222 2239 δυ
2231 2201 2348 2256 μος,
2373 2183 2510 2255 πρὸς
2532 2184 2658 2246 τοὺς
2686 2180 2997 2250 Ἀρειανοὺς
3021 2179 3301 2244 ἀπαντῶν,
3327 2179 3420 2232 καὶ
3449 2175 3758 2246 σοφίσματα

489 2283 644 2338 Tunc
671 2296 800 2337 vero
827 2281 1099 2337 maximus
1136 2281 1262 2338 lidei
1292 2287 1557 2350 patronus
1589 2293 1651 2333 ac
1686 2288 2049 2349 propugnator

2157 2275 2408 2330 ἀναλύων
2456 2272 2657 2338 αὐτῶν,
2702 2275 2797 2327 καὶ
2842 2273 2970 2336 τοὺς
3023 2270 3309 2343 κιϐδήλους
3355 2273 3447 2324 καὶ
3505 2272 3760 2346 δολεροὺς

489 2373 753 2444 Didymus
793 2374 1115 2438 habebatur,
1145 2373 1346 2444 quippe
1378 2372 1471 2442 qui
1522 2371 1790 2427 adversus
1821 2371 2049 2424 Arianos

2163 2365 2340 2422 αὐτῶν
2372 2365 2562 2433 λόγους
2595 2362 2918 2434 ἐξελέγχων.

486 2467 825 2522 validissime
887 2465 1231 2536 disputaret,
1286 2478 1588 2533 eorumque
1654 2462 1981 2533 SOphisticas
2049 2459 2426 2516 cavillationes
2488 2457 2852 2520 dissolveret,
2905 2463 2960 2510 ct
3024 2453 3193 2510 falsos
3247 2468 3312 2510 ac
3373 2453 3757 2512 fraudulentos

488 2573 680 2613 eorum
711 2573 997 2615 sermones
1031 2557 1323 2612 refelleret.

3783 1322 3790 1362 l

1086 2650 1239 2708 CAP.
1262 2649 1450 2706 XXVI.

2732 2642 2983 2696 ΚΕΦΑΛ.
3025 2641 3167 2729 KQ.

490 2745 566 2800 De
621 2745 825 2800 Basilio
865 2743 1214 2809 Cwsariensi,
1269 2753 1318 2798 et
1373 2742 1624 2815 Gregorio
1687 2741 2049 2797 Nazianzeno.

2157 2736 2294 2806 Περὶ
2348 2735 2670 2789 Βασίλειον
2724 2733 3100 2801 Καισαρείας,
3137 2730 3236 2787 καὶ
3277 2735 3611 2806 Γρηγορίου
3643 2741 3751 2795 τοῦ

2779 2803 3124 2863 Ναζιανζοῦ.

555 2901 634 2955 Ac
686 2899 966 2970 Didymum
1021 2898 1237 2969 quidem
1295 2895 1514 2952 Arianis
1583 2898 1673 2966 qui
1721 2896 2049 2952 Alexandria

2236 2897 2396 2950 Ἀλλὰ
2423 2897 2649 2966 Δίδυμον
2687 2895 2784 2966 μὲν
2823 2897 2934 2958 τοῖς
2972 2897 3030 2948 ὲν
3073 2895 3442 2968 Ἀλεξανδρείᾳ
3482 2899 3749 2971 ’Δρειανί-

487 2999 644 3046 erant
668 3027 684 3052 ,
717 2989 900 3043 divina
931 2988 1188 3057 opposuit
1211 2986 1592 3057 providentia;
1632 2988 1686 3040 in
1711 2987 1833 3041 aliis
1873 2995 2049 3040 autem

2157 2989 2338 3054 ζουσιν
2381 2989 2415 3058 ή
2464 2986 2558 3040 τοῦ
2609 2985 2744 3041 Θεοῦ
2793 2985 3050 3050 ἀντέταξε
3101 2986 3329 3056 πρόνοια
3369 3005 3383 3018 '
3437 2991 3495 3042 ὲν
3531 2989 3588 3042 δὲ
3626 2993 3751 3054 ταῖς

489 3079 808 3134 civitatibus
866 3077 1127 3132 Basilium
1164 3077 1558 3131 Caesariensem
1620 3083 1674 3131 et
1730 3075 2049 3146 Gregorium

2157 3080 2336 3143 ἄλλαις
2383 3079 2635 3144 πόλεσιν,
2696 3077 2975 3132 Βασίλειόν
3027 3093 3087 3130 τε
3143 3077 3234 3130 τὸν
3286 3079 3608 3149 Καισαρέα,
3653 3085 3751 3135 καὶ

488 3170 924 3230 Nazianzenum;
1008 3167 1075 3222 de
1134 3168 1336 3238 quibus
1388 3176 1752 3238 opportunmn
1820 3167 2049 3222 arbitror

2157 3173 2447 3244 Γρηγόριον
2491 3172 2584 3225 τὸν
2633 3168 3033 3240 Ναξιανζηνόψ
3067 3171 3194 3241 περὶ
3241 3165 3314 3224 ὧν
3342 3171 3545 3244 βραχέα
3573 3175 3750 3229 εἰπεῖν

486 3277 659 3334 pauca
690 3271 1138 3314 commemorare.
1172 3258 1430 3313 Suﬂicere
1467 3259 1682 3329 quidem
1731 3257 1798 3312 ad
1849 3261 2049 3314 utrius-

2157 3264 2404 3336 εὔκαιρον
2430 3265 2686 3334 ἡγοῦμαι.
2723 3265 2920 3334 Ἤρκει
2951 3262 3046 3332 μὲν
3077 3262 3184 3334 γὰρ
3216 3265 3248 3332 ἡ
3287 3262 3439 3333 παρὰ
3478 3266 3612 3318 πᾶσι
3635 3267 3750 3320 τῶν

485 3367 593 3423 que
639 3348 1163 3404 commendationem
1206 3356 1444 3420 poterat,
1478 3359 1593 3402 tum
1635 3351 1897 3405 memoria
1932 3351 2049 3406 illo-

2157 3353 2360 3424 ἀνδρῶν
2392 3351 2674 3422 σωζομένη
2723 3353 2932 3422 μνήμη,
2981 3353 3075 3405 καὶ
3111 3354 3144 3423 ή
3193 3351 3303 3406 τῶν
3343 3355 3750 3425 γεγραμμένων

489 3457 610 3496 rum
639 3448 802 3510 atque
842 3439 1010 3504 fama,
1048 3454 1170 3508 quae
1204 3439 1502 3495 etiamnum
1531 3439 1673 3510 apud
1703 3455 1895 3496 onmes
1926 3457 2049 3511 per-

2157 3444 2337 3507 αὺτοῖς
2372 3443 2590 3514 βιϐλίων
2641 3442 2894 3514 μάθησις,
2947 3443 3288 3514 παραθέσθαι
3335 3444 3434 3515 τὴν
3479 3445 3747 3518 ἐκατέρου

487 3539 724 3598 severat,
769 3540 882 3586 tum
923 3532 1189 3587 doctrina:
1235 3532 1391 3602 copia
1417 3547 1538 3602 qua:
1568 3547 1633 3585 ex
1667 3547 1857 3587 eorum
1897 3534 2049 3589 libris

2157 3533 2422 3588 εὔκλειαν.
2459 3535 2610 3588 Ἐπεὶ
2641 3535 2697 3587 δὲ
2729 3536 2848 3587 κατ’
2880 3536 3054 3587 ἐκεῖνο
3082 3533 3275 3606 καιροῦ
3313 3535 3381 3588 τὰ
3421 3535 3589 3588 πολλὰ
3625 3540 3749 3601 ταῖς

487 3623 736 3695 quotidie
795 3624 1114 3693 percipitur.
1148 3622 1250 3678 Sed
1303 3624 1562 3693 quoniam
1622 3630 1753 3678 time
1788 3624 2049 3693 temporis

2169 3624 2512 3694 Ἐκκλησίαις
2542 3625 2695 3677 αὐτοὶ
2730 3623 3131 3689 συνεϐάλλοντο,
3166 3625 3259 3677 καὶ
3291 3624 3367 3688 ὡς
3415 3625 3749 3698 ὲμπύρευμα

487 3713 748 3770 Eeclesiis
786 3715 1079 3782 plurimum
1128 3713 1474 3784 profuerunt,
1507 3728 1571 3767 ac
1609 3715 1778 3769 veluti
1832 3714 2049 3769 fomites

2157 3715 2254 3785 τῆς
2285 3715 2514 3778 πίστεως
2546 3715 2944 3784 ἐφυλάχθησαν,
2992 3715 3214 3768 ἀπαιτεῖ
3258 3715 3290 3785 ἡ
3345 3715 3599 3780 ὑπόθεσις
3638 3719 3747 3788 μά-

488 3807 709 3878 quidam
740 3806 862 3860 fidei
894 3821 921 3859 a
956 3806 1066 3860 Deo
1111 3807 1422 3861 conservati
1451 3813 1601 3866 sunt,
1662 3807 1900 3862 instituti
1959 3822 2053 3861 no-

486 3901 586 3955 stri
621 3899 758 3953 ratio
785 3898 1024 3968 postulat
1054 3904 1112 3951 ut
1136 3898 1355 3951 illorum
1408 3899 1734 3951 mentionem
1779 3899 2054 3968 praecipue

486 3992 774 4046 faciamus.
835 3989 892 4042 Si
930 3989 1055 4059 quis
1100 3989 1266 4059 igitur
1306 3987 1566 4042 Basilium
1616 3995 1670 4043 et
1725 3987 2051 4060 Gregorium

486 4085 629 4138 inter
655 4096 714 4136 se
747 4079 996 4134 conferre
1017 4118 1033 4144 ,
1085 4087 1139 4134 et
1171 4078 1458 4148 utriusque
1493 4079 1661 4132 vitam
1703 4093 1767 4132 ac
1824 4094 2008 4134 mores
2034 4120 2049 4145 ,

481 4185 536 4232 et
567 4189 687 4246 quae
731 4174 785 4230 in
814 4173 922 4228 illis
949 4171 1168 4227 fuerunt
1193 4171 1427 4226 virtutes
1452 4185 1723 4240 exponere
1774 4171 2036 4238 voluerit,

2157 3804 2313 3857 λιστα
2342 3804 2545 3858 τούτων
2578 3806 2795 3875 μνήμην
2843 3804 3191 3874 ποιήσασθαι.
3242 3802 3517 3858 Βασιλείου
3563 3807 3746 3862 τοίνυν

2159 3899 2254 3951 καὶ
2285 3899 2580 3970 Γρηγορίου
2607 3900 2659 3951 εί
2687 3917 2772 3962 τις
2806 3899 3046 3968 βούλοιτο
3080 3898 3367 3969 σύγκρισιν
3393 3899 3744 3969 ποιήσασθαι,

2157 3989 2408 4054 διεξιέναι
2451 4008 2508 4043 τε
2551 3990 2641 4044 τὸν
2679 3991 2908 4045 ἑκάστου
2955 3991 3068 4061 βίον
3109 3991 3202 4043 καὶ
3246 3991 3469 4062 τρόπον,
3511 3992 3605 4044 καὶ
3642 3993 3746 4055 τὰς

2159 4081 2463 4153 προσούσας
2495 4083 2676 4146 αὐτοῖς
2719 4082 2939 4153 ἀρετὰς,
2968 4080 3296 4152 ἀμφιϐάλλοι
3330 4081 3394 4134 ἂν
3429 4081 3616 4152 ἕτερον
3646 4083 3743 4135 τοῦ

2145 4173 2334 4243 ἐτέρου
2383 4176 2691 4244 προκρῖναι.
2743 4174 2944 4243 Ἀμιρω
3001 4175 3111 4244 γὰρ
3157 4169 3296 4244 ἦσαν
3348 4173 3596 4244 ἀλλήλοις
3644 4175 3746 4244 ἑφ-

1680 4327 1950 4383 VALESII
1989 4327 2544 4386 ANNOTATIONES.

481 4427 643 4477 etiam
711 4439 925 4492 causas,
960 4422 1156 4485 reddis,
1215 4422 1368 4490 quasi
1429 4436 1492 4475 e1:
1538 4435 1762 4489 persona
1812 4422 1926 4492 ejus
1969 4424 2059 4492 qui
2093 4424 2354 4484 Dtudine
2425 4423 2810 4478 Alexandriam
2865 4423 3237 4486 descenderit,
3297 4426 3572 4479 incertum
3628 4437 3737 4491 est,

481 4494 692 4560 scripsit
740 4508 757 4546 :
792 4500 842 4544 et
894 4491 1108 4560 Didymi
1153 4492 1516 4554 interpretaris
1559 4492 1830 4558 σκόλιον,
1866 4495 1917 4546 in
1953 4491 2053 4560 quo

481 4564 571 4615 ille
599 4579 751 4615 caeso
777 4561 953 4614 labore
979 4571 1203 4630 conatur
1231 4560 1462 4612 alienum
1492 4576 1720 4630 errorem
1752 4562 2049 4630 defendere,

481 4634 618 4699 quod
655 4630 906 4699 Origenes
938 4630 1145 4697 quidem
1174 4627 1298 4700 belte
1331 4629 1524 4700 dixerit
1552 4643 1568 4680 :
1593 4628 1682 4700 sed
1717 4627 1827 4685 nos
1850 4633 2055 4700 simpli-

483 4695 562 4752 ces
598 4695 828 4752 homines
868 4710 916 4752 et
949 4695 1158 4751 cicures
1206 4695 1460 4758 Enniani,
1511 4712 1601 4748 nec
1644 4699 1790 4752 illius
1847 4695 2056 4766 sapien-

483 4769 637 4829 tiam,
667 4785 756 4820 nec
791 4780 956 4831 tuam,
990 4767 1078 4836 qui
1108 4767 1483 4831 interpretatus
1509 4781 1583 4830 es,
1617 4767 1905 4837 intelligere
1933 4785 2055 4838 pos-

481 4854 682 4891 sumus.

550 4909 672 4978 (78),
699 4905 840 4972 Ἤδη
857 4905 1301 4978 πρότερονξιατᾴ
1327 4901 1430 4956 τὸν
1459 4901 1794 4978 Οὐάλεντος
1813 4909 2049 4976 χρόνον.

478 4974 616 5050 Male
638 4974 972 5050 Epiphanius
1006 4974 1384 5050 Scholasticus
1433 4980 1486 5028 et
1532 4975 1728 5050 reliqui
1789 4974 2055 5050 interpre-

480 5057 564 5102 tes
597 5044 752 5100 hunc
796 5047 970 5098 locum
1005 5044 1433 5106 transtulerunt,
1469 5045 1629 5112 quasi
1659 5044 2046 5102 Alexandriam

481 5114 960 5171 veneritValentis
991 5113 1226 5183 Augusti
1269 5117 1638 5183 temporibus.
1687 5115 1851 5183 Atqui
1911 5134 2046 5171 con-

480 5198 587 5241 stat
618 5185 919 5258 Antonium
977 5184 1304 5258 monachum
1361 5200 1426 5238 ex
1474 5185 1729 5258 _h_ac__vita
1777 5189 2046 5258 migrasse

479 5267 744 5325 regnante
825 5252 1392 5326 Constantio.__l)_ocet
1435 5255 1526 5326 Aid
1576 5252 1948 5326 Hieronymus
1990 5261 2045 5313 in

479 5321 739 5382 C/ironico
793 5333 846 5379 et
900 5325 952 5377 in
992 5322 1115 5376 Vita
1176 5321 1492 5376 Hilarionis.
1563 5321 1810 5391 QttOnatn
1861 5339 2043 5382 autem

477 5397 783 5453 Constantii
812 5393 1158 5464 imperatoris
1202 5407 1346 5447 anno
1380 5395 1652 5449 Antonius
1682 5397 1868 5450 relicta
1917 5399 2050 5452 soli-

2162 4502 2348 4548 utrum
2399 4495 2503 4564 sub
2543 4495 2760 4548 initium
2795 4495 3010 4564 itnperii
3061 4493 3393 4558 Constantii,
3428 4505 3555 4549 ante
3589 4497 3742 4549 ordi-

2161 4566 2438 4617 nationem
2469 4563 2715 4632 Gregorii
2749 4563 2972 4628 Ariani;
3011 4581 3078 4618 an
3140 4567 3326 4633 potius
3383 4578 3504 4632 post
3551 4567 3744 4620 conci-

2159 4634 2300 4714 lium
2328 4633 2654 4689 Serdicensc
2683 4642 2735 4688 et
2769 4634 3067 4689 secundam
3124 4634 3534 4690 restitutionem
3558 4638 3737 4688 Atha-

2160 4718 2324 4756 113811.
3774 4717 3781 4726 ⁸

2233 4773 2346 4842 (79)
2377 4771 2664 4840 Κώνωπες
2688 4773 2918 4841 ,ϐλέψαι
2960 4775 3265 4843 ἰσχύουσι.
3321 4772 3607 4828 Gedrenns
3667 4772 3740 4826 ad

2161 4857 2387 4914 annum_
2427 4850 2639 4914 sextum
2710 4843 3019 4899 Constantii
3078 4843 3277 4914 βλάψαι
3333 4845 3485 4914 legit.
3540 4843 3732 4912 Neque

2159 4913 2317 4966 aliter
2351 4911 2688 4980 Epiphanius
2724 4911 3103 4969 Scholasticus
3149 4911 3204 4968 in
3233 4929 3334 4968 suo
3373 4911 3563 4968 codice
3595 4911 3739 4967 scri-

2162 4992 2314 5052 ptum
2342 4982 2646 5053 invenerat,
2692 4992 2750 5036 ut
2789 5000 2856 5038 ex
2907 4987 3159 5039 versione
3199 4984 3320 5052 ejus
3347 4993 3592 5053 apparet.
3641 4981 3739 5036 Sic

2160 5050 2306 5124 enim
2328 5052 2488 5104 vertit
2509 5069 2530 5124 ;Δ
2555 5050 2676 5106 Νοη
2697 5063 2743 5107 te
2760 5055 3054 5118 conturbet,
3071 5073 3099 5109 ο
3120 5050 3588 5124 Βίάῂηιε,ἁηιὲεδίο
3607 5069 3738 5124 sen-

2156 5122 2387 5174 sibilium
2413 5121 2704 5177 oculorum.
2729 5124 2884 5178 Tales
2915 5127 3050 5178 enim
3080 5121 3342 5179 oculi'tibi
3378 5125 3586 5182 desunt,
3613 5122 3737 5190 quis

2156 5194 2248 5244 bus
2283 5202 2330 5245 et
2365 5207 2559 5244 musca:
2597 5201 2645 5246 et
2703 5195 2894 5248 culices
2962 5211 3146 5249 nocere
3201 5204 3440 5264 possunt.
3496 5191 3738 5246 Rutilius

2155 5270 2356 5334 tamen,
2390 5278 2456 5315 ex
2500 5277 2609 5331 quo
2650 5265 2765 5334 hinc
2798 5265 3106 5334 desumpsit
3132 5264 3411 5326 Socrates,
3453 5264 3732 5334 vulgatam

2157 5332 2217 5384 le:
2241 5332 2440 5402 tionem
2469 5341 2673 5386 tuetur.
2707 5333 2840 5387 Eam
2868 5331 3085 5402 quoque
3135 5337 3424 5390 conlirtnat
3461 5331 3735 5401 Hierony-

2121 5440 2124 5444 .
2159 5417 2280 5455 mus
2303 5401 2356 5454 in
2382 5399 2631 5469 Epistola
2663 5405 2731 5456 ad
2771 5399 3127 5459 Castrutium.

1914 5572 2300 5636 VARIORUM.

546 5679 573 5744 ξ
602 5670 782 5747 Ἤδη·
805 5667 1088 5746 πρόζερον
1129 5666 1408 5747 κατριέόγ
1441 5665 1775 5733 Οὐάλεντος
1797 5667 2038 5736 χρόνον.

2157 5673 2390 5741 gendum
2428 5673 2524 5746 ήδη
2556 5675 2816 5747 πρότερον
2845 5675 2878 5746 ἦ
2912 5674 3054 5730 κατὰ
3081 5675 3197 5747 τόν,
3249 5683 3383 5741 etc.,
3417 5681 3581 5745 atque
3642 5670 3726 5726 ita

474 5736 671 5804 legisse
698 5733 908 5794 videtur
930 5733 1219 5806 interpres.
1242 5734 1330 5790 W.
1363 5733 1585 5790 Lowrn.
