4070 6204
348 296 454 354 ωε

1316 300 1639 358 HISTORIA
1676 301 2230 371 ΕοοιεειιδτιεΑ.
2268 336 2340 346 -
2376 306 2504 362 LIB.
2554 306 2641 361 IV.

3505 309 3611 367 554

342 412 479 473 λέως
510 407 830 472 Οὐάλεντος,
870 407 1064 463 αὐτίκα
1115 404 1391 466 Βασίλειον
1438 414 1547 468 ἀπὸ
1587 415 1683 487 τῆς
1723 416 1964 473 Καισαε

2064 433 2144 474 ius
2184 418 2303 474 suis
2350 419 2735 485 contirmavit;
2783 432 3013 489 eamque
3059 420 3130 475 ob
3176 437 3398 478 causam
3446 428 3612 493 paulo

348 503 499 575 ρείας
543 499 828 569 ἀγώγιμον
863 499 976 569 (85)
1024 501 1116 553 ἐπὶ
1174 501 1273 572 τὴν
1314 502 1641 575 Ἀντιόχειαν
1682 505 1936 575 γενέσθαι

345 590 653 646 ἐκέλευσεν.
688 589 891 656 Ἠγετο
931 583 1025 642 οῦν
1056 588 1237 656 εὐθὺς,
1278 593 1372 646 καὶ
1414 594 1554 648 κατὰ
1582 595 1807 665 γνώμην
1843 594 1937 648 τοῦ

347 681 614 754 βασιλέως
644 681 721 743 είς
758 679 819 732 τὸ
846 678 955 731 τῶν
987 678 1247 751 ὑπάρχων
1279 683 1530 753 εἰσήγετο
1568 676 1936 756 δικαστήριον.

347 773 550 829 Πεῦσίν
591 789 654 824 τε
701 770 1140 844 προσαγαγόντος
1193 771 1342 842 αὑτῷ
1388 774 1483 827 τοῦ
1533 775 1777 847 ὑπάρχου
1828 774 1940 845 (86)

346 864 441 918 τοῦ
475 864 637 935 χάριν
678 862 754 934 μὴ
796 862 895 933 τὴν
927 862 1108 916 πίστιν
1155 863 1247 915 τοῦ
1284 862 1546 934 βασιλέως
1580 865 1940 931 ἀσπάζεσθαι,

345 961 376 1012 6
421 958 700 1020 Βασίλειος
746 955 1029 1027 παρρησίᾳ
1072 956 1262 1027 πολλῇ,
1289 959 1354 1028 τῇ
1409 957 1508 1028 μὲν
1553 956 1645 1011 τοῦ
1681 957 1946 1029 βασιλέως

348 1048 619 1119 θρησκείᾳ
656 1047 957 1117 ἐμέμφετο,
983 1048 1048 1117 τῇ
1076 1044 1134 1100 δὲ
1167 1046 1262 1100 τοῦ
1295 1046 1579 1116 ὁμοουσίου
1614 1048 1795 1100 πίστει
1824 1064 1946 1099 συν-

352 1138 561 1191 ίστατο.
599 1136 751 1189 Ἐπεὶ
790 1135 850 1189 δὲ
889 1138 916 1189 6
947 1134 1189 1207 ὕπαρχος
1230 1136 1459 1191 θάνατον
1490 1137 1638 1208 αὐτῷ
1669 1137 1950 1208 διηπείλη-

352 1245 467 1293 σεν,
504 1226 656 1289 Εἴθε,
686 1226 791 1298 ἔφη
829 1229 859 1280 6
895 1227 1171 1291 Βασίλειος
1199 1228 1410 1296 γένοιτό
1445 1246 1535 1298 μοι
1567 1229 1657 1283 διὰ
1688 1228 1786 1300 τὴν
1814 1229 1949 1299 ἀλή-

353 1319 506 1372 θειαν
533 1317 914 1388 ἀπαλλαγῆναι
940 1317 1049 1370 τῶν
1078 1317 1293 1389 δεσμῶν
1319 1319 1414 1373 τοῦ
1451 1319 1721 1391 σώματος.
1755 1320 1861 1373 Τοῦ
1893 1320 1951 1372 δὲ

353 1407 601 1478 ὑπάρχου
653 1407 814 1460 πάλιν
854 1406 1253 1478 ἐπισκέψασθαι
1292 1408 1557 1475 εἰπόντος,
1610 1409 1836 1479 λέγεται
1873 1411 1951 1462 εί-

355 1500 479 1552 πεῖν
526 1498 618 1551 τὸν
651 1496 949 1564 Βασίλειον,
992 1497 1134 1567 Ἐγὼ
1168 1501 1262 1553 καὶ
1301 1500 1540 1572 σήμερον
1570 1501 1664 1554 καὶ
1707 1499 1893 1574 αὔριον
1924 1501 1953 1553 6

354 1591 521 1655 αὐτός
552 1591 687 1661 εἰμι,
724 1591 916 1661 ὄφελον
967 1592 1034 1645 σὺ
1090 1592 1284 1646 ἑαυτὸν
1339 1592 1415 1665 μὴ
1472 1592 1790 1665 ὲνήλλαττες
1821 1592 1952 1663 (87).

356 1684 493 1735 Τότε
524 1683 625 1749 μὲν
654 1678 747 1737 οὖν
774 1684 893 1737 κατ’
922 1682 1136 1754 ἐκείνην
1164 1682 1263 1755 τὴν
1291 1683 1503 1755 ἡμέραν
1549 1683 1953 1755 φρουρούμενος

356 1775 583 1830 διετέλει
618 1775 913 1840 Βασίλειος.
939 1775 1052 1829 Οὐκ
1084 1753 1165 1839 είς
1200 1753 1417 1847 μακρὰν
1445 1776 1502 1829 δὲ
1531 1753 1727 1846 συνέϐη
1755 1776 1947 1846 νήπιον
1986 1753 2025 1806 Β

358 1870 474 1921 υἱὸν
500 1867 596 1921 τοῦ
627 1868 943 1932 Οὐάλεντος,
974 1861 1019 1937 ᾧ
1047 1868 1216 1938 ὄνομα
1243 1865 1313 1939 ἦν
1340 1867 1583 1937 Γαλάτης
1614 1866 1745 1938 (88),
1774 1868 1948 1937 ἀρρω-

362 1961 561 2031 στῆσαι
618 1959 875 2031 ἰσχυρῶς,
903 1959 1042 2014 ὥστε
1079 1959 1494 2031 ἀπογνωσθῆναι
1550 1959 1655 2013 ὑπὸ
1709 1959 1817 2013 τῶν
1867 1961 1950 2012 ία-

359 2052 530 2122 τρῶν.
573 2052 637 2105 Ἡ
674 2051 731 2104 δὲ
764 2052 948 2121 μήτηρ
976 2050 1167 2117 αὐτοῦ,
1192 2052 1226 2121 ή
1255 2050 1542 2122 βασίλισσα
1572 2049 1832 2121 Δομνίκα,
1862 2048 1950 2103 λό-

362 2158 498 2211 γους
528 2142 662 2212 πρὸς
684 2143 775 2195 τὸν
810 2141 1034 2212 βασιλέα
1079 2143 1404 2213 προσέφερε,
1444 2140 1725 2211 φάσκουσα
1753 2141 1949 2213 ἑαυτὴν

367 2233 470 2302 μὲν
495 2234 556 2285 ὲν
584 2234 694 2296 τοῖς
722 2232 951 2299 ὀνείροις
993 2230 1177 2294 κακῶς
1211 2230 1523 2302 διατεθῆναι
1567 2231 1670 2285 ὑπὸ
1703 2231 1950 2303 φοϐερῶν

368 2325 698 2395 φασμάτων’
730 2322 790 2375 τὸ
812 2322 869 2375 δὲ
902 2321 1110 2376 παιδίον
1138 2321 1323 2384 κακῶς
1349 2322 1490 2391 ἔχειν
1513 2322 1599 2376 διὰ
1626 2322 1724 2393 τὴν
1753 2325 1832 2385 εἰς
1859 2321 1949 2374 τὸν

371 2417 668 2469 ἐπίσκοπον
696 2414 873 2485 ὓϐριν.
916 2412 1099 2467 Ταῦτα
1126 2415 1205 2477 είς
1230 2413 1353 2467 νοῦν
1387 2413 1709 2485 βαλλόμενος
1737 2416 1766 2468 6
1797 2412 1950 2483 βασι-

370 2510 515 2572 λεὺς.
548 2508 966 2579 μεταπέμπεται
1006 2507 1097 2561 τὸν
1149 2508 1460 2561 Βασίλειον·
1507 2510 1601 2562 καὶ
1647 2508 1951 2577 ἀπόπειραν

371 2601 712 2671 ποιούμενος,
754 2598 887 2670 φησὶ
916 2600 1052 2672 πρὸς
1079 2600 1267 2653 αὐτόν·
1305 2601 1369 2652 Εἰ
1405 2598 1577 2669 ἀληθῆ
1621 2598 1690 2652 τά
1730 2599 1798 2653 σὰ
1826 2598 1953 2668 δόγ-

375 2707 546 2761 ματα,
594 2687 745 2754 εὖξαι
799 2688 885 2743 ἵνα
932 2706 1031 2760 μου
1059 2690 1087 2742 6
1127 2688 1240 2752 υἱὸς
1272 2688 1347 2759 μὴ
1392 2686 1657 2759 ἀποθάνῃ.
1697 2686 1755 2741 ’0
1784 2687 1862 2751 δὲ,
1891 2688 1954 2741 Et

375 2780 747 2848 πιστεύσειας,
789 2779 913 2851 ἔφη,
961 2776 1007 2833 ὦ
1040 2779 1281 2850 βασιλεῦ,
1333 2779 1584 2851 καθάπερ
1621 2779 1750 2849 ἐγὼ,
1783 2781 1878 2833 καὶ
1921 2781 1954 2851 ἡ

377 2872 674 2945 Ἐκκλησία
699 2874 893 2946 ἐνωθῇ,
926 2875 1147 2945 ζήσεται
1167 2872 1226 2927 τὸ
1253 2871 1482 2926 παιδίον.
1513 2871 1617 2925 Τοῦ
1647 2872 1706 2925 δὲ
1725 2871 1800 2943 μή
1833 2888 1957 2924 συν-

378 2968 633 3039 θεμένου.
664 2967 893 3033 Οὐκοῦν,
923 2965 1027 3036 ἔφη
1045 2968 1072 3018 6
1096 2965 1393 3030 Βασίλειος,
1422 2964 1662 3035 περὶτοῦ
1685 2965 1874 3027 παιδὸς
1895 2964 1957 3018 τὸ

2040 516 2165 578 post
2219 510 2518 564 multorum
2566 512 2953 580 episcoporum
3013 511 3274 583 suffragio
3315 515 3610 584 episcopus

2043 603 2194 658 illius
2228 604 2380 658 urbis
2410 612 2495 658 est
2527 604 2886 659 constitutus.
2915 602 3089 658 Porro
3118 619 3241 658 cum
3272 606 3339 659 ad
3370 605 3614 663 Valentis

2043 697 2172 765 imp.
2208 710 2372 749 aures
2405 695 2613 765 perlata
2645 703 2833 750 essent
2872 711 2994 764 quze
3031 696 3101 750 ab
3146 705 3377 763 utroque
3421 698 3611 753 horum

2042 786 2397 857 gerebantur,
2446 786 2738 842 confestim
2782 787 3039 842 Basilium
3091 788 3158 841 ab
3198 787 3332 842 urbe
3366 789 3613 844 Caesarea

2048 864 2392 932 Antiochiam
2426 878 2627 933 abduci
2660 879 2835 946 jubet.
2879 877 3011 933 Sine
3049 893 3201 933 mora
3247 880 3412 948 igitur
3444 879 3616 934 addu-

2046 976 2205 1030 ctus,
2249 968 2598 1037 imperatoris
2632 978 2900 1039 praecepto
2933 970 2999 1024 ad
3047 972 3285 1024 tribunal
3335 970 3616 1038 praefecto-

2048 1076 2172 1115 rum
2248 1061 2488 1117 sistitur.
2555 1060 3035 1132 Interrogatusque
3099 1079 3127 1116 a
3180 1062 3440 1133 ιιι-πίθοιο
3519 1079 3618 1117 cur

2051 1153 2400 1220 imperatoris
2434 1151 2595 1207 ﬁdem
2639 1168 2748 1207 non
2785 1154 3230 1223 amplecteretur,
3274 1154 3446 1208 multa
3492 1168 3616 1208 cum

2053 1244 2250 1298 liducia
2284 1243 2519 1299 Basilius
2552 1246 2868 1316 religionem
2896 1246 3118 1315 quidem
3148 1247 3499 1316 imperatoris
3529 1261 3620 1301 re-

2042 1336 2378 1413 prehendit,
2438 1336 2595 1392 iidcm
2654 1353 2782 1392 vero
2830 1339 3319 1393 consubstantialis
3359 1339 3617 1394 asseruit.

2053 1426 2302 1496 Cumque
2361 1427 2652 1497 praefectus
2699 1438 2927 1485 mortem
2983 1429 3060 1483 illi
3123 1430 3618 1485 interminaretur:

2058 1516 2300 1580 Utinam,
2356 1517 2537 1588 inquit
2568 1519 2827 1583 Basilius,
2886 1520 2988 1573 h0c
3036 1520 3169 1574 mihi
3216 1521 3518 1590 contingat,
3564 1532 3624 1575 ut

2055 1623 2156 1676 pro
2184 1608 2439 1664 veritatis
2478 1608 2798 1665 defensione
2826 1612 3076 1681 corporis
3104 1612 3335 1667 vinculis
3380 1613 3616 1667 liberer!

2062 1693 2265 1751 Deinde
2293 1710 2419 1751 cum
2456 1683 2749 1767 praefectus
2782 1701 3090 1755 monuisset
3118 1711 3177 1754 ut
3207 1717 3320 1756 rem
3358 1701 3621 1756 attentius

2054 1786 2197 1855 apud
2230 1803 2290 1842 se
2320 1789 2720 1853 consideraret,
2755 1791 3111 1860 respondisse
3145 1790 3322 1845 fertur
3349 1791 3617 1847 Basilius:

2049 1876 2164 1947 Ego
2194 1878 2412 1947 quidem
2448 1888 2501 1933 et
2547 1879 2712 1934 hodie
2744 1889 2797 1934 et
2829 1897 2955 1936 cras
3002 1882 3144 1936 idem
3186 1898 3328 1936 sum.
3370 1881 3451 1935 Tu
3492 1897 3623 1938 vero

2049 1969 2260 2023 utinam
2319 1977 2371 2024 te
2426 1986 2536 2023 non
2596 1974 2869 2026 mutares!
2920 1972 2998 2027 Ae
3051 1980 3167 2027 tum
3202 1972 3367 2044 248
3397 1973 3621 2042 quidem

2050 2057 2293 2113 Basilius
2330 2073 2395 2112 eo
2429 2059 2518 2114 die
2556 2060 2660 2114 sub
2698 2061 2952 2115 custodia
2986 2063 3208 2116 mansit.
3241 2062 3456 2116 Accidit
3496 2077 3625 2115 vero

2052 2164 2165 2204 non
2227 2150 2403 2205 multo
2461 2160 2650 2220 postea
2702 2158 2762 2206 ut
2816 2153 3081 2223 parvulus
3138 2151 3388 2208 Valentis
3448 2152 3623 2218 ﬁlius,

2052 2240 2273 2295 nomine
2296 2240 2542 2303 Galates.
2573 2241 2627 2295 in
2652 2257 2872 2312 gravem
2903 2243 3155 2313 morbum
3179 2244 3463 2307 incideret,
3491 2243 3627 2298 adeo

2054 2343 2111 2386 ut
2149 2330 2349 2385 medici
2388 2330 2456 2385 de
2505 2332 2686 2387 salute
2732 2332 2853 2401 ejus
2888 2332 3266 2401 desperarent.
3313 2331 3484 2385 Mater
3533 2346 3631 2383 au-

2053 2429 2166 2476 tem
2199 2422 2381 2491 pueri,
2415 2419 2700 2475 Dominica
2732 2422 3005 2491 Augusta,
3036 2422 3357 2492 imperatori
3390 2422 3630 2474 allirma—

2055 2515 2135 2569 vit
2197 2530 2256 2568 se
2312 2528 2411 2583 per
2468 2528 2723 2567 somnum
2782 2515 3069 2569 horrendis
3121 2514 3450 2584 quihusdam
3499 2513 3632 2567 visis

2054 2616 2304 2662 vexatam
2352 2605 2547 2669 fuisse,
2584 2622 2929 2675 puerumque
2983 2608 3124 2661 male
3171 2608 3379 2660 habere
3414 2615 3633 2675 propter

2055 2695 2447 2750 contumeliam
2480 2695 2740 2765 episc0po
2776 2696 3007 2751 illatam.
3043 2695 3165 2750 litec
3216 2696 3518 2766 imperator
3544 2696 3669 2748 se-'

2056 2800 2182 2841 cum
2226 2787 2343 2856 ipse
2375 2794 2661 2857 reputans,
2695 2786 2958 2842 Basilium
2993 2787 3269 2849 accersit,
3305 2795 3361 2842 et
3393 2796 3452 2840 ut
3486 2786 3635 2855 peri-

2058 2879 2242 2933 culum
2295 2877 2415 2947 ejus
2456 2879 2687 2941 laceret,
2736 2879 2811 2932 ita
2857 2894 2981 2934 eum
3033 2878 3375 2947 alloquitur:
3415 2876 3472 2931 Si
3504 2890 3633 2930 vera

2059 2978 2143 3025 est
2171 2968 2427 3023 doctrina
2461 2968 2583 3023 fidei
2623 2976 2750 3034 tuae,
2774 2983 2872 3023 ora
2894 2983 2962 3025 ne
2984 2968 3250 3021 moriatur
3277 2967 3423 3021 [ilius
3448 2979 3626 3019 meus.

380 3060 591 3130 θέλημα
621 3062 909 3131 γενήσεται
938 3059 1032 3112 τοῦ
1068 3058 1224 3111 Θεοῦ.
1272 3058 1455 3111 Ταῦτα
1484 3058 1704 3111 εἰπόντα
1734 3059 1824 3112 τὸν
1851 3057 1958 3112 Βα-

2064 3062 2199 3117 Tum
2231 3062 2465 3118 Basilius
2498 3081 2512 3116 :
2547 3061 2603 3116 Si
2638 3060 2965 3125 credideris,
3000 3060 3202 3130 inquit,
3235 3074 3267 3113 o
3308 3059 3632 3127 imperator.

384 3152 581 3206 σίλειον
626 3152 889 3222 ἀφεθῆναι
942 3151 1215 3205 ἐκέλευσε.
1249 3151 1321 3203 Τὸ
1364 3151 1546 3220 μέντοι
1584 3150 1794 3204 παιδίον
1843 3158 1961 3220 μετ’

381 3246 443 3297 οὗ
474 3244 608 3297 πολὺ
635 3242 973 3313 ἐτελεύτησε.
1004 3241 1253 3297 Τοσαῦτα
1293 3242 1422 3312 περ)⁸
1461 3241 1568 3295 τῶν
1609 3243 1819 3313 ἀνδρῶν
1848 3243 1966 3297 τού-

382 3354 493 3391 των
529 3336 606 3399 ὡς
639 3337 696 3389 ὲν
722 3336 953 3406 ἐπιτομῇ
995 3334 1250 3406 εἰρήσθω.
1281 3333 1465 3387 Βιϐλία
1496 3333 1552 3387 δὲ
1582 3335 1837 3405 ἑκάτερος
1864 3335 1963 3388 αὑ-

385 3426 688 3482 τῶνπολλὰ
720 3427 812 3481 καὶ
842 3426 1127 3498 Θαυμαστὰ
1162 3425 1501 3496 συνέγραψαν
1532 3426 1627 3479 καὶ
1660 3426 1962 3491 ἐξέδωκανο

388 3521 484 3588 ἀφ’
507 3514 584 3574 ὧν
615 3536 735 3573 τινα
766 3520 795 3572 6
834 3519 1108 3588 Ῥουφῖνος
1134 3519 1214 3581 εἰς
1250 3517 1348 3589 τὴν
1382 3516 1668 3587 Ῥωμαίων
1717 3517 1967 3586 γλῶσσαν

394 3612 854 3683 μεταϐεϐληκέναι
894 3611 1079 3682 φησίν.
1132 3608 1409 3679 Ἐγένοντο
1451 3609 1508 3663 δὲ
1547 3609 1764 3679 ἀδελφοὶ
1810 3612 1969 3666 Βασι-

391 3705 537 3759 λείου
570 3707 776 3777 Πέτρος
808 3704 901 3759 καὶ
931 3703 1250 3775 Γρηγόριος.
1293 3699 1450 3754 Ἀλλὰ
1503 3702 1707 3774 Πέτρος
1753 3702 1852 3772 μὲν
1884 3702 1974 3756 τὸν

2067 3154 2529 3225 quemadmodum
2581 3168 2684 3224 ego
2735 3152 2939 3217 credo,
2983 3160 3038 3207 et
3087 3152 3133 3207 si
3188 3150 3428 3204 adunata
3470 3147 3636 3202 fuerit

2070 3246 2338 3310 Ecclesia,
2378 3247 2526 3300 vivet
2553 3261 2708 3316 puer.
2760 3244 2866 3301 Sed
2915 3259 3039 3299 cum
3076 3244 3376 3313 imperator
3412 3240 3638 3295 minime

2067 3342 2436 3397 assentiretur
2465 3357 2478 3392 ε
2509 3336 2632 3393 Fiat
2687 3338 2874 3408 igitur,
2922 3337 2997 3389 ait
3046 3334 3303 3398 Basilius,
3353 3333 3420 3387 de
3470 3343 3643 3402 puero

2070 3429 2439 3501 quodcunque
2484 3427 2625 3483 Deus
2656 3428 2910 3482 voluerit.
2961 3424 3086 3479 Haec
3122 3441 3245 3479 cum
3281 3423 3510 3478 dixisset
3538 3421 3644 3475 Ba—

2073 3520 2231 3577 silius
2256 3559 2271 3584 ,
2307 3519 2604 3589 imperator
2637 3533 2762 3572 eum
2809 3517 3005 3572 dimitti
3040 3516 3316 3586 praecepit.
3372 3513 3513 3568 Puer
3551 3526 3644 3568 au-

2072 3621 2180 3666 tem
2220 3626 2328 3665 non
2361 3610 2533 3665 multo
2566 3618 2688 3679 post
2735 3625 2799 3663 ex
2847 3609 2948 3663 hac
2987 3608 3094 3662 vita
3141 3598 3413 3676 migravit.
3464 3606 3642 3674 Atque

2085 3702 2199 3758 haec
2243 3701 2310 3755 de
2355 3700 2481 3756 istis
2524 3701 2657 3755 viris
2706 3700 2899 3763 obiter,
2935 3698 3091 3754 euasi
3131 3694 3452 3766 compendio
3496 3693 3642 3749 dicta

1590 3885 1854 3942 VALESII
1892 3884 2446 3945 ANNOTATIONES.

471 3973 601 4046 (85)_
630 3974 955 4029 Βασίλειον
996 3973 1115 4046 ἀπὸ
1169 3974 1279 4044 τῆς
1335 3977 1693 4043 Καισαρείας
1761 3976 1968 4046 ᾀνώγιο

392 4042 531 4115 μον.
560 4042 689 4115 lla-.9
716 4059 823 4098 non
846 4045 1179 4115 conveniunt
1208 4042 1333 4099 eum
1365 4046 1432 4101 iis
1465 4042 1587 4115 qua:
1644 4048 1711 4101 de
1762 4042 1966 4101 Basilio

402 4113 629 4169 narrant
651 4113 899 4182 Gregorii
921 4115 1053 4180 duo,
1088 4113 1464 4171 Nazianzenus
1484 4113 1706 4171 scilicet
1735 4117 1788 4170 in
1826 4116 1966 4172 Ora-

401 4189 541 4239 tione
581 4184 891 4255 fuuebri,et
918 4183 1201 4255 Nyssenus
1232 4186 1286 4239 in
1322 4186 1463 4240 libro
1497 4186 1673 4255 primo
1703 4186 1964 4241 Adversus

406 4256 749 4327 Eunomium.
786 4253 980 4327 Neque
1000 4255 1150 4327 enim
1177 4253 1823 4327 Antiochize'exhibitum
1846 4271 1970 4327 esse

405 4325 667 4395 Basiliutn
702 4323 894 4395 coram
923 4323 1169 4380 Modesto
1202 4324 1457 4394 praefecto
1481 4326 1753 4395 praetorio,
1786 4324 1881 4381 sed
1914 4326 1969 4379 in

405 4396 543 4450 urbe
568 4394 819 4449 Caesarea
846 4394 897 4449 id
928 4401 1139 4464 gestum
1163 4410 1287 4451 esse
1316 4394 1611 4450 testantur.
1638 4395 1806 4451 Recte
1837 4410 1999 4465 «περ,

406 4467 747 4520 Sozomenus
769 4478 1011 4519 errorem
1054 4466 1300 4520 Socratis
1339 4467 1441 4521 hoc
1484 4468 1604 4519 loco
1631 4467 1875 4520 correxit
1915 4468 1970 4519 in

408 4539 551 4591 libro
584 4541 762 4595 sexto.
794 4535 971 4603 capite
999 4534 1065 4588 l6
1085 4574 1100 4599 ,
1122 4536 1215 4590 ubi
1240 4536 1431 4591 scribit
1460 4536 1739 4591 Valentem
1783 4535 1972 4589 Antio-

405 4608 528 4660 chia
561 4604 779 4659 venisse
796 4602 1140 4674 Aciesaream,
1181 4612 1236 4660 et
1276 4606 1515 4674 iussisse
1548 4613 1607 4659 ut
1639 4605 1875 4660 Basilius
1902 4605 1971 4658 ad

408 4674 647 4730 tribunal
675 4672 915 4745 prmfecti
946 4675 1203 4745 praetorio
1228 4672 1554 4731 traheretur.
1581 4675 1749 4729 Porro
1772 4685 1972 4730 notan-

407 4747 539 4800 dum
587 4751 676 4800 est
707 4744 982 4814 Valentem
1035 4746 1344 4814 Augustum
1404 4747 1489 4800 bis
1543 4747 1845 4800 Caesaream
1882 4760 1973 4798 ve-

409 4818 613 4885 nisset
636 4823 690 4868 et
740 4813 1001 4868 Basilium
1055 4808 1367 4885 expugnare
1405 4824 1651 4870 tentasse
1683 4832 1696 4868 :
1734 4816 1970 4883 primum
2008 4808 2049 4862 D

410 4902 535 4940 rum
595 4884 833 4956 Basilius
892 4885 1072 4939 adltuc
1126 4884 1275 4941 esset
1316 4887 1624 4956 presbyter,
1654 4886 1975 4956 quodanno

411 4956 617 5009 Christi
662 4956 767 5009 570
808 4954 1011 5008 factum
1065 4970 1190 5009 esse
1242 4954 1409 5025 supra
1455 4954 1974 5011 demonstravimus.

413 5027 581 5097 idque
619 5026 779 5096 plane
820 5025 1109 5097 conﬁrmat
1141 5025 1478 5081 Snzomenus
1531 5026 1603 5097 in_
1637 5025 1775 5097 li_bro
1803 5035 1976 5079 sexto.

419 5094 631 5151 lterum
651 5102 837 5164 postea
862 5110 928 5148 ex
960 5094 1094 5149 urbe
1126 5096 1461 5150 Antiocltena
1483 5095 1633 5150 venit
1653 5094 1979 5164 Caesaream,

420 5167 621 5220 Basilio
648 5163 759 5234 jam
784 5164 851 5234 ad
871 5165 1244 5234 episcopatum
1271 5172 1538 5234 promoto.
1569 5163 1675 5219 Sed
1711 5179 1821 5234 quo
1836 5178 1982 5218 anno

418 5237 472 5290 id
507 5233 715 5306 iactum
748 5233 841 5306 sit.
866 5248 984 5306 Anon
1014 5233 1150 5289 satis
1178 5233 1367 5304 liquet.
1405 5233 1671 5306 Suspicor
1708 5233 1890 5289 tamen
1927 5234 1980 5306 id

420 5322 567 5361 anno
590 5304 800 5375 Christi
825 5304 926 5358 ’571
972 5311 1066 5375 aut
1094 5305 1199 5359 372
1221 5303 1537 5375 contigisse.
1569 5303 1627 5359 Id
1654 5313 1835 5360 autem
1868 5304 1980 5375 col-

422 5378 530 5446 ligo
550 5373 883 5446 exﬁModesti
923 5373 1264 5446 priel'ectura,
1296 5373 1417 5445 quze
1449 5376 1503 5429 in
1551 5390 1648 5431 eos
1701 5388 1875 5446 annos
1902 5374 1983 5446 in-

421 5443 573 5516 cidit.
627 5445 737 5500 llas
794 5445 934 5516 duas
990 5443 1231 5516 Valentis
1282 5443 1651 5516 profectiones
1699 5445 1983 5516 distinguit

424 5515 803 5588 Nazianzenus
925 5515 1177 5588 oratione
1208 5514 1300 5582 ‘20,
1334 5532 1455 5588 pag.
1495 5515 1624 5580 346,
1659 5515 1746 5570 his
1781 5517 1981 5579 verbis,

437 5587 570 5657 ’AlX
594 5581 731 5657 ἧκεν
750 5586 895 5657 -ήμῖν
928 5580 1102 5648 αὖθις,
1128 5594 1233 5641 ωε,

493 5653 889 5725 (86)'Hsﬁatr
951 5671 1019 5725 te
1092 5657 1575 5724 προσαγαγόντος
1631 5653 1735 5708 τοῦ
1800 5653 1985 5720 ὑπάρ-

426 5745 551 5797 χου.
580 5727 833 5796 Snmpsit
856 5726 967 5778 lucc
992 5724 1243 5781 Socrates
1271 5743 1335 5782 ex
1367 5725 1547 5780 Butim
1574 5726 1711 5781 libro
1739 5725 1980 5781 secundo

2070 3976 2325 4033 Historia:
2356 3979 2765 4034 Ecclesiasticat.
2797 3975 3067 4047 (ἐπισταίη
3111 3968 3414 4047 Gregoriug
3440 3966 3642 4047 Nl‘ése‘

2067 4064 2173 4119 nus
2196 4049 2250 4102 in
2282 4049 2421 4105 libro
2449 4050 2652 4119 primo_
2675 4048 2940 4119 Adversus
2981 4037 3351 4119 ‘Euuomium,’
3376 4037 3637 4119 Basilium

2066 4118 2153 4173 bis
2178 4126 2306 4173 ante
2340 4112 2579 4172 tribunal
2604 4116 2835 4171 Modesti
2860 4112 3100 4184 praefecti
3136 4112 3390 4184 praetorio
3420 4112 3641 4184 stetisse

2067 4187 2223 4252 dicit,
2268 4190 2437 4243 semel
2468 4203 2605 4259 cum
2668 4193 2815 4259 esset
2859 4173 3177 4259 presbyter,
3210 4180 3405 4259 iterum
3446 4173 3642 4259 deinde

2068 4273 2193 4311 cuin
2211 4248 2365 4312 esset
2397 4258 2710 4326 episcopus.
2773 4248 2973 4326 Verum
3017 4248 3215 4326 prioris
3241 4248 3409 4326 illius
3466 4248 3640 4297 inter-

2069 4327 2374 4394 rogationis
2419 4314 2620 4380 nullam
2668 4314 3029 4394 mentionem'
3057 4320 3199 4394 facit
3228 4314 3639 4394 _Naziattzeuu§.

2141 4381 2248 4466 ἴ87)
2284 4397 2554 4466 fuscator
2577 4395 2657 4448 σὺ
2693 4390 2910 4446 ἑαυτὸν
2933 4389 3017 4460 μὴ
3055 4388 3439 4466 emanat-QC,
3490 4381 3646 4466 aqu-

2070 4454 2177 4521 nus
2210 4454 2420 4521 habet:
2456 4464 2671 4519 Utinam
2699 4473 2744 4534 te
2780 4478 2884 4534 non
2922 4454 3193 4534 mutares!
3221 4454 3643 4534 Quibusyerbis

2072 4535 2327 4604 ohjurgat
2362 4535 2669 4590 Modestum
2700 4529 3220 4604 Basilius,_quod_§e
3263 4541 3328 4581 ex
3360 4523 3645 4604 Catii-(ilico

2072 4592 2340 4660 Ariani-tm
2374 4606 2595 4677 fecisset
2647 4612 2705 4658 ut
2746 4592 2978 4677 principi
3003 4592 3648 4677 1:_ratiiica‘retut'._Mod_e-

2077 4687 2220 4731 stum
2275 4684 2423 4731 certe
2464 4665 2763 4729 Arianum'
2792 4665 2966 4728 fuisse
3012 4665 3182 4725 docet
3225 4665 3523 4737 Gregorius
3586 4665 3645 4718 iu

2079 4746 2336 4802 Oratione
2368 4746 2590 4807 funebri.

2149 4816 2260 4887 (88)
2307 4800 2444 4870 Υίὸν
2479 4816 2584 4869 τοῦ
2618 4813 2975 4887 Οὐάλεντος,
3001 4809 3068 4887 ’ᾧ
3099 4808 3306 4887 ὄνομα.
3334 4802 3413 4875 ἦν
3454 4800 3646 4887 Fatid-

2082 4876 2208 4955 τηξε.
2241 4887 2337 4940 llic
2371 4888 2477 4940 alio
2502 4888 2720 4939 nomine
2746 4876 3160 4955 Valentinianus
3189 4876 3377 4946 iunior
3408 4876 3642 4955 vocaba-

2085 4952 2202 5021 tur,
2252 4968 2309 5011 ut
2344 4973 2509 5025 supra
2542 4954 2848 5009 observavi.
2882 4952 3315 5025 Galatesautem
3364 4952 3646 5025 cognomi-

2087 5017 2249 5082 natus
2276 5036 2380 5091 est,
2413 5017 2479 5081 eo
2510 5027 2656 5096 quod
2693 5032 2872 5098 natus
2915 5033 3059 5076 esset
3106 5018 3442 5098 inHGaIatia.
3479 5017 3647 5098 Porro

2087 5114 2212 5151 cuin
2245 5087 2503 5152 Socrates
2528 5087 2654 5147 'eum
2691 5094 2995 5167 llic‘flﬁﬁtov
3026 5089 3283 5167 appellet,
3323 5087 3376 5141 id
3417 5087 3645 5167 est,_in-

2090 5168 2326 5232 fantem;
2358 5168 2484 5220 hinc
2524 5180 2630 5219 non
2678 5159 3026 5218 medioeriter
3066 5159 3423 5232 conﬁrmatur
3464 5159 3649 5225 opinio

2090 5228 2487 5307 nostra,'quam
2533 5234 3056 5307 supra-“retulimus,
3085 5231 3199 5283 inec
3246 5228 3647 5307 scilieetgesta

2087 5324 2210 5364 esse
2242 5296 2389 5362 circa
2435 5296 2634 5378 annum
2694 5302 2896 5358 Christi
2947 5302 3043 5356 571
3113 5296 3649 5378 autu57.2._V_a’lenti:

2098 5382 2298 5433 uianus
2323 5382 2465 5431 enim
2498 5376 2685 5444 junior
2716 5387 2878 5427 natus
2907 5381 2989 5426 est
3015 5385 3160 5424 anno
3186 5367 3392 5445 (“diristi
3440 5364 3565 5445 566,
3590 5372 3652 5445 ut

2090 5451 2269 5517 supra'
2290 5436 2555 5517 notaviia
2580 5462 2688 5514 quo
2710 5444 2949 5517 annoatl
2981 5454 3181 5496 annum
3208 5436 3331 5517 δῖε,
3365 5436 3491 5517 antri
3522 5443 3654 5513 sunt

2094 5505 2187 5572 seu
2224 5505 2489 5572 absoluti.
2522 5505 2610 5568 Ιι;ι’
2657 5516 2914 5568 sexennis
2960 5520 3204 5564 mortuus
3255 5505 3417 5580 fuerit
3464 5505 3659 5580 junior

2095 5588 2543 5647 Valentinianus,
2583 5587 2792 5657 quiret
2849 5582 3110 5636 Gal-ales:
3169 5579 3423 5626 sexennis
3473 5579 3665 5632 autem
3752 5646 3761 5657 _

2090 5675 2224 5732 puer
2253 5661 2444 5729 νήπιος
2482 5667 2626 5714 recte
2663 5654 2884 5709 dicitur.
3195 5677 3199 5681 ν
