4070 6204
404 291 510 347 555

1865 298 2201 374 socpA'ns

3557 297 3668 354 63G

402 408 538 463 sint.
599 405 771 463 Porro
832 417 1061 482 uterque
1114 429 1304 469 eorum
1355 414 1560 472 multos
1618 423 1673 470 et
1735 415 1972 472 eximios

2092 417 2289 488 ιονήρη
2349 415 2460 486 βίον
2511 417 2790 471 Βασιλείου
2844 414 3113 486 ἐζήλωσε·
3165 412 3465 484 Γρηγόριος
3511 413 3568 466 δὲ
3609 411 3674 466 τὸ

400 503 574 557 libros
599 505 930 575 conscripsit
956 517 1122 577 atque
1149 509 1459 580 evulgavit;
1495 526 1562 565 ex
1593 510 1795 580 quibus
1828 526 1972 564 non-

398 595 586 648 nullos
624 609 653 648 a
690 611 748 650 se
780 597 831 649 in
876 597 1133 653 Latinum
1173 615 1484 656 sermonem
1513 617 1816 658 conversos
1851 617 1975 658 esse

400 695 634 740 testatur
681 686 933 744 Rufinus.
978 690 1248 746 Caeterum
1305 692 1546 748 Basilius
1598 695 1739 749 duos
1785 695 1976 748 habuit

400 776 624 841 fratres,
663 779 885 834 Petrum
920 790 974 834 et
1005 782 1354 854 Gregorium.
1390 785 1496 841 Sed
1526 785 1721 841 Petrus
1753 785 1974 856 quidem

399 869 762 923 monasticam
813 871 999 927 Basilii
1054 876 1222 930 vitam
1276 878 1570 948 aemulatus
1620 888 1730 945 est,
1784 877 1978 946 Grego-

400 957 518 1013 rius
564 975 696 1014 vero
749 963 873 1032 ejus
923 964 976 1018 in
1029 965 1278 1023 docendo
1330 969 1732 1039 eloquentiam;
1778 970 1871 1038 qui
1922 976 1978 1023 et

2077 508 2454 562 διδασκαλικὸν
2482 508 2574 562 τοῦ
2605 508 2765 576 λόγου
2786 526 2798 539 ο
2829 508 2886 570 ὃς
2918 507 3010 560 καὶ
3037 504 3134 576 τὴν
3160 504 3486 576 πονηθεῖσαν
3511 503 3673 556 Βασι-

2079 601 2210 670 λείῳ
2265 601 2586 672 ὲξαήμερον,
2634 601 2728 653 ἆτε
2781 598 2846 669 δὴ
2903 595 3355 664 καταλειφθεῖσαν
3395 607 3443 658 ι,
3503 610 3672 665 προσ-

2081 693 2437 764 ανεπλήρωσε
2490 694 2626 762 μετὰ
2673 691 2900 746 θάνατον
2938 689 3032 742 τοῦ
3090 687 3356 756 ἀδελιφοῦυ
3409 688 3501 741 καὶ
3551 689 3672 756 ἐπι-

2080 786 2275 854 τάφιον
2301 787 2380 849 εἰς
2418 785 2678 838 Μελέτιον
2712 784 2802 836 τὸν
2839 783 3169 852 Ἀντιοχείας
3196 781 3490 832 ἐπίσκοπον
3515 781 3572 834 ἐν
3602 781 3670 850 τῇ

2084 877 2496 931 Κωνσταντίνου
2555 876 2710 928 πόλει
2762 873 3024 942 διεξῆλθε.
3077 873 3337 943 Φέρονται
3391 869 3448 922 δὲ
3505 867 3672 922 αὐτοῦ

2085 970 2180 1021 καὶ
2210 967 2356 1019 ἄλλοι
2391 967 2537 1035 λόγοι
2569 966 2836 1036 διάφοροι.

402 1054 604 1111 librum
659 1057 846 1112 Basilii
900 1059 976 1114 De
1031 1076 1200 1130 opere
1258 1079 1354 1119 sex
1415 1063 1650 1127 dierum,
1699 1078 1864 1132 quem
1917 1063 2008 1116 ille
2048 1061 2431 1132 imperfectum
2510 1062 2841 1130 reliquerat‘,
2890 1067 3015 1129 post
3049 1059 3257 1113 obitum
3302 1057 3490 1113 fratris
3537 1068 3673 1125 sup-

401 1147 592 1216 plevit,
653 1157 715 1204 et
739 1147 1056 1206 Orationem
1106 1152 1390 1209 funebrem
1433 1155 1488 1209 in
1562 1155 1778 1210 laudem
1821 1153 2024 1208 Meletii
2099 1154 2491 1210 Antiochensis
2555 1152 2803 1223 episcopi
2863 1151 3342 1222 ConstantinOpOIi
3397 1146 3670 1206 recitavit.

404 1240 637 1299 Exstant
664 1253 719 1301 et
751 1246 872 1302 alia:
901 1248 1087 1316 plures
1120 1248 1403 1306 orationes
1438 1251 1508 1305 ab
1541 1266 1607 1306 eo
1636 1251 1983 1320 conscriptae.

976 1338 1128 1393 CAP.
1183 1339 1400 1394 XXVII.

778 1428 856 1483 De
895 1429 1147 1499 Gregorio
1191 1431 1608 1501 T/iaumamrgo.

477 1515 584 1573 Sed
632 1521 894 1590 quoniam
951 1538 1019 1577 ex
1076 1523 1318 1578 nominis
1373 1524 1761 1588 similitudine,
1818 1531 1872 1578 et
1914 1539 1980 1578 ex

403 1611 564 1667 libris
595 1613 688 1682 qui
715 1612 966 1681 Gregorii
1016 1612 1238 1667 titulum
1274 1613 1590 1682 praeferunt,
1635 1613 1884 1667 nonnulli
1925 1613 1978 1666 in

2667 1330 2916 1383 ΚΕΦΑΛ.
2959 1328 3084 1384 ΚΖ’.

2316 1424 2454 1494 Περὶ
2484 1423 2819 1492 Γρητοορίου
2852 1421 2956 1475 τοῦ
2983 1418 3463 1488 Θαυματουργοῦ.

2163 1509 2379 1586 Ἐπειδὴ
2408 1515 2463 1568 δέ
2491 1532 2632 1578 τινες
2659 1517 2724 1567 ἐκ
2751 1515 2846 1583 τῆς
2877 1512 3192 1582 ὁμωνυμίας
3223 1511 3548 1576 πλανῶνται,
3580 1513 3677 1566 καὶ

2077 1610 2142 1662 ὲκ
2173 1607 2282 1661 τῶν
2315 1606 2772 1677 ἐπιγραφομένων
2804 1607 2844 1657 Γ
2849 1605 3105 1675 ρηγορίου
3143 1603 3383 1674 βιϐλίων,
3415 1604 3495 1656 δεῖ
3538 1604 3678 1656 εἰδέ-

407 1719 648 1758 errorem
689 1704 993 1769 ducuntur,
1042 1704 1328 1760 sciendum
1377 1712 1459 1759 est
1487 1705 1655 1757 alium
1689 1719 1811 1758 esse
1844 1703 1982 1756 Pon-

2092 1718 2170 1754 ναι
2200 1701 2281 1753 ὅτι
2315 1699 2472 1761 ἄλλος
2515 1699 2660 1752 ἐστὶν
2686 1701 2714 1751 6
2743 1697 3000 1759 Ποντικὸς
3025 1695 3320 1766 Γρηγόριος
3346 1705 3395 1760 1,
3431 1696 3582 1759 ὅστις
3611 1697 3680 1749 ὲκ

407 1793 575 1846 ticum
625 1793 968 1862 Gregorium,
1012 1793 1106 1861 qui
1131 1808 1198 1848 ex
1248 1793 1385 1847 urbe
1421 1791 1580 1846 Ponti
1629 1791 1982 1847 Neocaesarea

407 1881 699 1944 oriundus,
731 1882 854 1937 istis
874 1883 1156 1952 antiquior
1189 1882 1318 1949 fuit,
1344 1883 1543 1953 quippe
1561 1885 1653 1952 qui
1676 1883 1983 1951 discipulus

409 1973 575 2026 fuerit
607 1972 880 2042 Origenis.
925 1972 1099 2042 llujus
1141 1972 1394 2042 Gregorii
1429 1974 1665 2030 celebris
1718 1974 1859 2026 fama
1900 1981 1984 2027 est

411 2064 646 2119 Athenis
701 2079 765 2118 ac
815 2064 1022 2136 Beryti,
1077 2073 1132 2120 et
1185 2081 1284 2135 per
1330 2065 1648 2120 universam
1697 2063 1983 2118 Ponticam

412 2155 718 2220 dimcesim,
767 2170 831 2210 ac
863 2171 962 2225 per
990 2158 1308 2212 universum
1341 2171 1509 2226 prope
1550 2155 1778 2210 dixerim
1811 2165 1986 2208 terra-

412 2260 534 2298 rum
581 2243 794 2299 orbem.
843 2243 978 2298 Nam
1018 2260 1142 2298 cum
1193 2261 1258 2299 ex
1313 2243 1728 2300 Atheniensium
1779 2243 1986 2297 scholis

412 2336 789 2398 discessisset,
829 2335 972 2404 juris
1006 2335 1186 2390 civilis
1218 2335 1466 2389 discendi
1515 2348 1685 2388 causa
1729 2332 1984 2404 Berytum

415 2425 696 2494 profectus
725 2436 830 2482 est.
866 2426 972 2482 Ubi
997 2440 1120 2480 cum
1147 2425 1451 2495 accepisset
1475 2421 1765 2494 Origenem
1797 2438 1986 2479 sacras

413 2515 654 2572 Litteras
710 2517 974 2573 Caesareae
1035 2517 1426 2588 interpretari,
1481 2517 1649 2571 celeri
1703 2531 1871 2572 cursu
1930 2517 1984 2570 in

414 2623 539 2664 eam
577 2610 772 2664 urbem
807 2609 1117 2664 contendit.
1149 2609 1400 2679 Cumque
1426 2609 1774 2679 magnificam
1800 2623 1989 2663 sacro-

415 2714 538 2754 rum
562 2697 850 2754 Librorum
873 2699 1272 2770 expositionem
1301 2701 1692 2766 auscultasset,
1711 2699 1988 2771 259M-

413 2791 598 2847 manis
631 2792 841 2862 legibus
892 2791 1228 2858 valediccns,
1269 2791 1491 2863 Origeni
1524 2808 1584 2847 se
1623 2799 1794 2846 totum
1831 2791 1988 2846 dedi-

414 2881 516 2936 dit.
561 2884 607 2936 A
659 2899 767 2954 quo
812 2899 936 2938 cum
985 2899 1169 2938 veram
1229 2883 1633 2953 philosophiam
1675 2883 1986 2950 didicisset,

417 2983 609 3042 postea
645 2989 674 3028 a
708 2975 1032 3044 parentibus
1076 2985 1387 3041 revocatus,
1423 2975 1588 3029 rediit
1635 2975 1691 3028 in
1729 2975 1983 3044 patriam.

2083 1793 2182 1862 τῆς
2210 1794 2267 1844 ἐν
2294 1792 2479 1860 Πόντῳ
2504 1788 2932 1859 Νεοκαισαρείας
2956 1785 3293 1857 ὁρμώμενος,
3322 1787 3681 1856 ἀρχαιότερος

2083 1883 2288 1937 τούτων
2320 1883 2435 1936 ἐστι
2460 1897 2472 1910 ⁸
2503 1881 2749 1952 μαθητὴς
2783 1882 2893 1950 γὰρ
2929 1879 3240 1950 Ὠριγένους
3273 1879 3504 1946 ἐγένετο.
3540 1879 3678 1950 Περὶ

2084 1975 2271 2028 τούτου
2303 1974 2396 2027 τοῦ
2426 1974 2728 2045 Γρηγορίου
2749 2013 2762 2034 ,
2794 1973 2959 2035 πολὺς
2989 1973 3017 2024 6
3054 1972 3209 2040 λόγος
3235 1970 3289 2023 ἕν
3317 1987 3377 2022 τε
3420 1970 3678 2040 Ἀθήναις

2085 2068 2177 2120 καὶ
2209 2065 2456 2136 Βηρυτῷ,
2490 2067 2581 2118 καὶ
2605 2065 2699 2135 ὅλῃ
2727 2067 2792 2134 τῇ
2817 2065 3052 2134 Ποντικῇ
3083 2063 3343 2132 διοικήσει
3366 2061 3497 2131 (89),
3525 2061 3599 2124 ὡς
3619 2061 3678 2114 δὲ

2085 2161 2279 2223 εἰπεῖν,
2315 2159 2408 2211 καὶ
2441 2158 2590 2230 πάσῃ
2635 2160 2700 2228 τῇ
2732 2156 3044 2226 οἰκουμένῃ.
3101 2149 3270 2218 Οὗτος
3306 2156 3413 2226 γὰρ
3460 2155 3536 2218 ὠς
3566 2154 3679 2207 τῶν

2099 2250 2355 2321 Ἀθήνῃσι
2391 2249 2788 2320 παιδευτήρίων
2827 2248 3185 2318 ἀναχωρήσας
3205 2289 3218 2311 ,
3248 2249 3306 2298 ὲν
3332 2250 3398 2317 τῇ
3445 2247 3679 2317 Βηρυτῷ

2087 2343 2284 2413 νόμους
2317 2343 2607 2412 ἐμάνθανε.
2643 2341 2952 2410 Πυθόμενος
3000 2357 3057 2392 τε
3087 2341 3143 2391 έν
3171 2341 3236 2409 τῇ
3273 2339 3578 2408 Καισαρείᾳ
3607 2339 3678 2392 τὰ

2093 2436 2216 2506 ἱερὰ
2253 2435 2559 2505 Γράμματα
2587 2431 2910 2504 ἑρμηνεύειν
2953 2432 3257 2504 Ὠριγένην,
3294 2431 3548 2501 δρομαῖος
3583 2431 3679 2482 ἐπὶ

2087 2528 2186 2599 τὴν
2234 2527 2566 2597 Καισάρειαν
2607 2525 2964 2596 παραγίνεται
3015 2524 3425 2595 ἀκροασάμενός
3470 2540 3530 2574 τε
3577 2525 3680 2590 τῆς

2094 2619 2474 2690 μεγαλοφώνου
2507 2618 2739 2687 θεωρίας
2771 2618 2878 2670 τῶν
2916 2619 3075 2687 ἱερῶν
3104 2617 3470 2686 Γραμμάτων,
3504 2612 3680 2666 πολλά

2089 2703 2297 2780 χαίρειν
2328 2706 2493 2761 εἰπὼν
2530 2711 2640 2771 τοῖς
2676 2708 2999 2776 Ῥωμαϊκοῖς
3027 2707 3228 2777 νόμοις,
3275 2705 3576 2776 ἀχώριστος
3605 2697 3678 2774 ἦν

2086 2800 2182 2852 τοῦ
2232 2799 2454 2852 λοιποῦ’
2502 2800 2596 2853 καὶ
2645 2800 2736 2852 ὑπ’
2787 2798 2952 2851 αὑτοῦ
3005 2796 3312 2859 παιδευθεὶς
3355 2796 3452 2864 τὴν
3498 2794 3674 2864 ἀλήθῆ

2091 2888 2438 2956 φιλοσοφίαν,
2489 2888 2582 2939 καὶ
2635 2887 2942 2957 μεταταῦτα
2981 2886 3072 2938 ἐπὶ
3111 2886 3208 2955 τὴν
3260 2884 3514 2955 πατρίδα,
3563 2883 3677 2936 τῶν

2089 2978 2291 3047 γονέων
2321 2978 2681 3043 καλεσάντων,
2733 2977 3066 3048 ἀνεχώρησε.
3098 2978 3276 3030 Κάκεῖ
3315 2975 3531 3046 πρῶτον
3573 2975 3675 3045 μὲν

420 3063 520 3119 Ubi
556 3066 736 3135 primo
769 3065 1014 3136 quidem,
1051 3066 1180 3122 dum
1221 3066 1400 3121 adhuc
1425 3065 1600 3121 laicus
1624 3074 1788 3129 esset,
1820 3066 1986 3120 multa

2092 3070 2276 3132 λαῖκὸς
2321 3069 2415 3134 ὢν,
2455 3070 2624 3123 πολλά
2671 3072 2870 3141 σημεῖα
2909 3070 3154 3138 ἐποίησε,
3196 3068 3482 3131 νοσοῦντας
3514 3069 3677 3138 θεραο

416 3156 551 3211 fecit
600 3156 869 3211 miracula
903 3175 917 3211 :
955 3173 1106 3214 nunc
1150 3167 1390 3228 aegrotos
1437 3173 1665 3220 sanans,
1704 3173 1855 3212 nunc
1887 3157 1991 3212 da:-

417 3262 610 3302 inones
669 3263 768 3316 per
813 3248 1103 3316 epistolam
1155 3249 1395 3318 fugans,
1462 3249 1695 3317 gentiles
1753 3248 1991 3319 denique

417 3352 529 3394 non
561 3339 744 3395 verbis
780 3347 1016 3406 tantum,
1067 3341 1165 3395 sed
1201 3341 1374 3395 multo
1419 3341 1597 3410 magis
1627 3340 1886 3410 operibus
1923 3340 1990 3394 ad

419 3429 580 3486 fidem
641 3431 911 3487 alliciens.
982 3431 1160 3502 Hujus
1219 3432 1555 3487 mentionem
1626 3432 1760 3486 facit
1825 3432 1990 3486 etiam

418 3521 740 3593 Pamphilus
772 3524 1001 3594 Martyr,
1039 3525 1096 3578 in
1127 3524 1284 3579 libris
1311 3539 1451 3594 quos
1478 3539 1577 3594 pro
1605 3523 1860 3593 Origenis
1892 3521 1987 3576 de—

419 3613 672 3668 fensione
698 3614 920 3684 scripsit
953 3633 966 3668 :
1000 3615 1202 3685 quibus
1247 3615 1412 3669 etiam
1446 3614 1706 3684 adjuncta
1745 3622 1830 3668 est
1858 3610 1990 3666 Gre-

421 3707 560 3775 gorii
600 3707 815 3769 Oratio,
861 3723 1024 3775 quam
1056 3708 1146 3762 ille
1179 3707 1249 3762 ab
1283 3707 1520 3778 Origene
1571 3705 1887 3767 discedens,
1933 3704 1986 3758 in

419 3798 544 3866 ejus
590 3798 806 3852 laudem
857 3799 1188 3868 composuit.
1231 3797 1476 3852 Fuerunt
1521 3797 1710 3868 igitur,
1753 3805 1813 3849 ut
1842 3811 1989 3850 com-

425 3889 623 3958 pendio
658 3888 858 3952 dicam,
903 3888 1151 3959 Gregorii
1206 3890 1409 3959 plures.
1443 3887 1662 3942 Primus
1711 3894 1795 3942 est
1844 3887 1990 3940 anti-

421 3997 567 4050 quus
613 3981 736 4046 iste,
767 3979 1074 4050 discipulus
1105 3980 1392 4050 Origenis;
1443 3979 1721 4034 secundus
1764 3977 1993 4031 Nazian-

423 4087 627 4138 zenus;
659 4070 856 4126 tertius
884 4069 1054 4126 frater
1096 4071 1320 4135 Basilii;
1361 4078 1446 4126 est
1488 4070 1651 4125 etiam
1697 4070 1836 4123 alius
1868 4068 1993 4123 Grc-

423 4162 636 4232 gorius,
677 4179 842 4232 quem
886 4161 1098 4228 Ariani,
1138 4161 1266 4215 dum
1318 4160 1654 4215 Athanasius
1693 4160 1746 4213 in
1796 4159 1994 4214 exsilio

423 4263 626 4323 ageret,
681 4255 996 4326 episcopum
1049 4254 1481 4310 constituerunt.
1546 4252 1745 4308 Verum
1795 4252 1861 4306 de
1907 4251 1993 4306 his

423 4344 542 4403 haec
573 4347 719 4402 dicta
752 4345 1049 4401 suﬁiciant.

2089 3160 2288 3220 πεύων,
2327 3161 2418 3213 καὶ
2449 3161 2708 3230 δαίμονας
2753 3161 2820 3214 δι’
2867 3160 3163 3213 ἐπιστολῶν
3199 3159 3531 3228 φυγαδεύων,
3579 3158 3678 3212 καὶ

2090 3253 2215 3314 τοὺς
2252 3252 2685 3321 Ἐλληνίζοντας,
2733 3255 2846 3314 τοῖς
2881 3269 2940 3303 τε
2985 3251 3185 3319 λόγοις,
3213 3243 3326 3304 καὶ
3371 3250 3531 3303 πλέον
3562 3253 3677 3313 τοῖς

2087 3343 2390 3414 γινομένοις
2417 3346 2508 3397 ὑπ’
2531 3344 2696 3398 αὑτοῦ
2727 3345 3154 3414 προσαγόμενος.
3184 3344 3469 3413 Μέμνηται
3497 3343 3552 3395 δὲ
3579 3342 3678 3393 αὺ-

2088 3432 2180 3485 τοῦ
2227 3433 2319 3484 καὶ
2364 3432 2646 3502 Πάμφιλος
2692 3433 2721 3485 6
2770 3433 2985 3502 μάρτυρ
3039 3434 3096 3484 ἐν
3138 3435 3250 3495 τοῖς
3303 3434 3428 3502 περὶ
3467 3431 3678 3502 Ὠρεγέ-

2092 3541 2214 3587 νους
2247 3524 2358 3593 (90)
2388 3525 2697 3595 πονηθεῖσιν
2724 3525 2870 3594 αὐτῷ
2900 3525 3144 3595 βιϐλίοις,
3172 3527 3229 3578 ἐν
3254 3519 3334 3586 οἷς
3363 3524 3455 3576 καὶ
3486 3539 3681 3575 συστα-

2089 3616 2238 3679 τικὸς
2283 3616 2440 3683 λόγος
2486 3616 2790 3686 Γρηγορίου
2823 3618 2901 3678 εἰς
2944 3616 3224 3687 Ὠριγένην
3260 3615 3370 3684 (91)
3405 3613 3673 3684 παράκει-

2090 3727 2200 3764 ται.
2237 3710 2526 3777 Γεγόνασιν
2565 3704 2680 3771 οὖν,
2710 3707 2784 3770 ὡς
2826 3709 2884 3759 ὲν
2926 3707 3202 3777 κεφαλαίῳ
3231 3709 3422 3771 εἰπεῖν,
3454 3707 3677 3776 Γρηγό-

2097 3817 2198 3870 ριοι
2231 3819 2242 3831 ·
2275 3801 2302 3852 ὃ
2346 3817 2404 3852 τε
2447 3801 2670 3869 ἀρχαῖος
2711 3795 2866 3861 οὗτος
2919 3800 3012 3852 καὶ
3059 3798 3304 3868 μαθητὴς
3343 3797 3674 3868 Ὠριγένους,

2095 3892 2189 3942 καὶ
2223 3892 2250 3942 6
2279 3888 2666 3959 Ναζιανζηνδς,
2714 3889 2805 3942 καὶ
2837 3892 2863 3942 6
2906 3889 3129 3957 ἀδελφὸς
3177 3889 3477 3942 Βασιλείου.
3525 3890 3680 3955 Ἐγέ-

2090 3998 2211 4034 νετο
2246 3981 2301 4032 δὲ
2342 3982 2434 4034 καὶ
2466 3981 2620 4043 ἄλλος
2665 3981 2958 4051 Γρηγόριος
3001 3981 3059 4032 ἐν
3094 3980 3481 4050 Ἀλεξανδρείᾳ,
3521 3981 3580 4031 ὃν
3624 3983 3678 4033 οἱ

2105 4073 2369 4143 Ἀρειανοὶ
2423 4073 2560 4126 κατὰ
2615 4072 2703 4125 τὸν
2747 4073 2937 4144 καιρὸν
2989 4073 3088 4142 τῆς
3137 4073 3315 4141 φυγῆς
3359 4072 3681 4126 Ἀθανασίου

2092 4165 2448 4235 κατέστησαν.
2489 4166 2622 4234 Περὶ
2657 4166 2753 4237 μὲν
2791 4165 2853 4236 δὴ
2898 4165 3102 4220 τούτων
3135 4165 3368 4219 τοσαῦτα
3417 4164 3678 4235 λελέχθω.

1628 4523 1897 4578 VALESII
1937 4517 2480 4576 ANNOTATIO’NES.

497 4621 608 4693 (89)
641 4621 898 4693 Ποντικῇ
925 4621 1173 4693 οἰκήσει.
1204 4618 1468 4693 lloc_loc_o
1500 4624 1724 4693 secutus
1763 4615 1987 4693 auctori-

2105 4615 2342 4683 probare
2394 4630 2502 4693 non
2559 4627 2783 4681 possum
2824 4625 2838 4662 :
2881 4625 3058 4690 neque
3107 4609 3475 4693 cnim‘oratio
3521 4610 3613 4693 illa
3649 4627 3679 4666 a

420 4684 600 4746 tateui'
651 4684 986 4758 Nicephori,
1045 4684 1333 4758 emendavi
1403 4686 1633 4756 Ποντικῇ
1697 4684 1996 4755 διοικήσει,

425 4755 891 4833 quamvisscr—ipti
928 4759 1149 4833 codices
1183 4755 1587 4833 ni_h_i|_niutent.

499 4830 609 4901 (90)
649 4824 1189 4901 ΠερὶξὨρ-ι-γένουςτ
1238 4824 1434 4901 Melius
1491 4824 1829 4901 scriberetur
1861 4824 1999 4901 ὑπὲρ

426 4892 754 4970 Ὧριγένους.
791 4892 1045 4970 Intelligit
1098 4895 1244 4970 eiiim
1257 4894 1335 4970 ’ξι
1347 4892 1691 4970 ροιοςειξειιηέ
1707 4895 1998 4970 __Pam_pliili

427 4963 528 5042 pro
558 4963 815 5038 Origene,
849 4969 916 5021 de
947 4963 1054 5034 q'uo
1085 4965 1209 5018 vide
1257 4963 1511 5016 Photiuin
1551 4964 1604 5016 in
1650 4964 1995 5018 Bibliotheca.

502 5042 612 5088 (illi
637 5037 1001 5088 Evoratmde
1019 5036 1200 5088 λόγος
1218 5034 1546 5088 I‘onrooiov
1565 5036 1653 5088 elo
1669 5035 1995 5088 ‘Qomérnr.

433 5037 446 5042 ’
502 5042 612 5111 (91)
636 5037 1001 5101 Συστατικὸς
1019 5037 1200 5103 ,λόγος
1218 5037 1546 5102 Γρηγορίου
1565 5037 1653 5099 είς
1669 5037 1996 5102 Ὠριγένην.

433 5111 716 5164 Musculus
762 5112 923 5162 vertit
957 5125 1001 5180 :_
1034 5103 1473 5180 LiberhGregorii
1522 5103 1849 5174 adjimgitur,
1900 5120 2000 5180 quo

435 5183 707 5250 Origenem
736 5177 1140 5250 commendavit;
1160 5175 1699 5250 Cirris-tophorsonus
1720 5185 1900 5228 autem
1931 5175 2001 5225 ila

431 5244 846 5319 interpretatur,
879 5245 1335 5319 0)‘att'0__Creg0ri_i
1371 5248 1423 5297 in
1460 5244 1702 5319 Qrigenis
1737 5260 1999 5319 commen-

429 5314 696 5377 dationem
729 5318 1040 5384 conscripta.
1073 5315 1272 5370 Verum
1310 5315 1449 5368 hanc
1490 5314 1999 5384 interpretationem

2105 4679 2369 4751 Gregorio
2401 4679 2813 4749 Thauinaturgo
2852 4683 3056 4747 scripta
3097 4687 3179 4732 est
3216 4679 3281 4751 ad
3327 4681 3684 4734 commenda-

2105 4750 2305 4808 tionem
2336 4753 2608 4820 Origenis.
2635 4751 2727 4804 sed
2754 4752 2817 4802 ad
2842 4751 3079 4818 agendas
3103 4750 3306 4815 gratias
3331 4753 3680 4820 praeceptori,

2109 4839 2232 4878 cuin
2269 4839 2334 4875 ex
2360 4819 2479 4887 ejus
2512 4821 2698 4873 schola
2735 4821 3062 4874 discederet.
3095 4819 3422 4870 Συστατικαὶ
3452 4819 3679 4886 quidem

2107 4896 2366 4947 dicuntur
2391 4890 2645 4960 Episton
2676 4891 3135 4943 connuendutitiw.
3174 4887 3466 4960 Orationes
3497 4901 3680 4960 autem

2108 4958 2626 5015 συστατικαὶίιιιιίιιξ
2667 4976 2907 5028 unquam
2943 4960 3180 5012 fuerunt.
3209 4958 3388 5021 Quare
3431 4973 3538 5028 non
3575 4959 3682 5011 du-

2109 5034 2226 5087 bito
2261 5035 2392 5100 quin
2427 5027 2779 5092 συντακτικός
2809 5029 3162 5100 scribendum
3199 5029 3296 5090 sit,
3339 5027 3464 5100 licet
3516 5027 3680 5082 Nice-

2109 5097 2316 5172 phorus
2357 5103 2629 5172 vulgatam
2671 5101 2961 5172 lectionem
3006 5098 3316 5172 confirmet.
3365 5097 3458 5150 list
3493 5111 3679 5152 autem

2113 5168 2470 5233 συντακτικὸς
2492 5170 2668 5236 λόγος,
2701 5170 2881 5224 oratio
2913 5184 3020 5238 qua
3053 5170 3174 5223 vale
3204 5168 3429 5228 dicitur,
3463 5177 3519 5219 ut
3569 5185 3684 5220 mo-

2109 5245 2200 5296 nui
2228 5242 2279 5293 in
2314 5239 2764 5294 Amtotationibus
2814 5239 3155 5304 Eusebianis,
3209 5255 3347 5307 quas
3399 5238 3684 5294 studiosus

2110 5315 2280 5367 lector
2319 5312 2591 5365 consulet.

1885 5474 2263 5531 VARIORUM.

504 5584 531 5611 ι
559 5575 688 5626 "Are
707 5572 781 5638 δὴ
803 5569 1322 5639 καταλειφθεῖσαν.
1351 5571 1513 5635 Quem
1537 5573 1624 5625 ille
1643 5573 1999 5640 imperfectum

437 5643 741 5764 Wiqﬂemt,
760 5652 1001 5701 vertente
1020 5641 1261 5709 Valesio;
1289 5642 1422 5698 mihi
1440 5642 1649 5697 videtur
1669 5659 1768 5698 vos
1788 5643 1998 5701 deesse.

518 5752 529 5764 .
610 5727 782 5766 owrn.

2181 5579 2206 5617 γ
2246 5571 2298 5621 '0
2335 5572 2621 5636 Ποντικὸς
2648 5568 2989 5636 Γρηγόριος.
3016 5564 3090 5621 De
3120 5563 3386 5636 Gregorio
3416 5563 3686 5636 Thauma-

2109 5646 2406 5766 turgobqui
2441 5644 2573 5698 obiit
2601 5633 2748 5695 anno
2782 5633 2912 5704 V265,
2939 5636 3059 5691 vide
3083 5635 3282 5690 Euseb.
3311 5633 3454 5688 lliat.
3483 5635 3578 5689 lib.
3605 5647 3684 5702 Vl,

2110 5727 2227 5780 cap.
2253 5713 2283 5764 ὃ
2327 5749 2340 5762 .
