4070 6204
255 262 364 319 557

839 372 1092 429 ΚΕΦᾹΔ.
1122 374 1258 431 κη’.

252 467 400 536 Περὶ
430 464 709 521 Ναυὰτου
732 503 749 528 ,
784 465 887 519 καί
917 464 1037 518 τῶν
1076 465 1155 536 ἐξ
1187 466 1375 521 αὐτοῦ
1415 470 1805 525 Novatum-(Br
1824 510 1839 535 ,

329 534 429 608 καί
458 537 540 602 ὡς
564 537 904 608 μετέθεσαν
933 537 989 590 ot
1020 534 1313 608 statariu-
1342 540 1607 608 φρυγίαν
1634 541 1703 602 ἐξ
1733 543 1841 594 αὑ-

333 606 456 680 τῶνρ
491 604 804 680 οίκοᾷντες
824 606 940 674 τὴν
963 605 1074 659 τοῦ
1096 604 1317 676 Πάσχα
1344 604 1562 677 ἑορτὴν
1580 649 1595 674 ,
1631 611 1849 680 ὁμοίως

332 676 460 743 τοῖς
504 675 834 742 Ἰουδαίοις.

332 766 491 822 Κατᾶ
516 768 573 821 δὲ
595 766 687 819 τὸν
710 766 903 837 χρόνον
931 765 1106 831 τόνδε,
1130 767 1225 821 καὶ
1255 767 1614 823 Ναυατιανῶν
1638 769 1688 822 oi
1712 765 1842 839 περὶ

260 858 503 931 Φρυγίαν
527 855 822 920 οἰκοῦντες,
848 856 947 927 τὴν
973 856 1165 928 ἑορτὴν
1186 858 1280 910 τοῦ
1308 858 1501 929 Πάσχα
1524 857 1841 928 μετέθεσαν.

260 951 389 1015 Πῶς
416 950 473 1003 δὲ
505 947 666 1003 τοῦτο
707 947 928 1015 ἐγένετο
963 946 1103 1012 λέξω
1128 963 1143 978 ⁸
1191 948 1457 1019 πρότερον
1485 948 1674 1012 είπὼν,
1719 949 1842 1003 δτου

259 1043 429 1115 χάριν
459 1042 748 1112 ἐπικρατεί
784 1039 910 1109 περὶ
955 1037 1025 1092 τὰ
1065 1038 1293 1110 Φρυγῶν
1340 1040 1435 1093 καὶ
1477 1039 1844 1109 Παφλαγόνων

260 1133 396 1204 ἔθνη
417 1135 447 1187 ὀ
473 1131 708 1203 ἀκριϐὴς
736 1130 837 1201 τῆς
880 1130 1203 1200 Ἐκκλησίας
1226 1131 1405 1185 αὐτῶν
1431 1131 1631 1187 κανών.
1660 1133 1845 1187 Nauti-

258 1241 360 1289 τος
393 1233 443 1290 ³,
482 1222 853 1294 πρεσϐύτερος
879 1222 990 1293 (92)
1029 1221 1105 1275 ῶν
1134 1222 1235 1291 τῆς
1278 1224 1338 1277 ὲν
1380 1222 1567 1295 Ῥώμῃ
1615 1223 1843 1294 Ἐκκλη-

263 1315 415 1380 σίας,
453 1313 696 1386 διεκρίθη
720 1354 737 1380 ,
765 1312 959 1384 ἐπειδὴ
998 1314 1296 1385 Κορνήλιος
1324 1316 1354 1368 ὀ
1395 1314 1693 1379 ἐπίσκοπος
1720 1314 1846 1378 τοὺς

260 1405 632 1468 ὲπιθύσαντας
664 1406 897 1469 πιστοὺς
927 1405 987 1457 ἐν
1011 1404 1089 1475 τῷ
1128 1404 1354 1476 διωγμῷ
1379 1443 1395 1468 .
1422 1405 1482 1460 ὃν
1526 1408 1554 1459 ὁ
1593 1405 1846 1476 βασιλεὺς

260 1496 459 1560 Δέκιος
485 1494 627 1549 κατὰ
654 1495 754 1565 τῆς
790 1495 1117 1565 Ἐκκλησίας
1146 1496 1420 1567 ἐκίνησεν,
1449 1498 1530 1561 είς
1562 1494 1847 1552 κοινωνίαν

259 1586 503 1653 ἐδέξατο.
536 1588 636 1641 Διὰ
662 1586 873 1658 ταύτην
915 1583 1014 1640 οὖν
1060 1586 1159 1659 τὴν
1197 1588 1377 1642 αἰτίαν
1415 1586 1736 1660 διακριθεὶς,
1765 1589 1847 1651 είς

261 1678 577 1751 ἐπισκοπὴν
603 1678 757 1751 παρὰ
781 1677 892 1732 τῶν
917 1678 1422 1751 συμφρονησάντων
1442 1681 1592 1751 αὐτῷ
1619 1678 1846 1734 ἐπισκό-

264 1788 393 1828 wv
446 1769 852 1845 προχειρισθεὶς
875 1810 892 1835 ,
955 1772 1081 1834 ταῖς
1140 1769 1420 1842 πανταχοῦ
1496 1769 1846 1843 Ἐκκλησίαις

262 1862 481 1934 ἔγραφε
503 1900 521 1926 ,
571 1860 647 1932 μὴ
684 1859 936 1930 δέχεσθαι
966 1861 1094 1925 τοὺς
1128 1861 1512 1926 ὲπιτεθυκότας
1539 1863 1619 1926 είς
1643 1861 1713 1916 τὰ
1742 1879 1846 1933 μυ-

264 1954 474 2026 στήρια
496 1968 512 1984 ο
544 1951 681 2007 ἀλλὰ
709 1952 1039 2025 προτρέπειν
1074 1951 1173 2023 μὲν
1190 1953 1387 2016 αὐτοὺς
1415 1954 1496 2015 είς
1523 1952 1808 2023 μετάνοιαν
1828 1992 1844 2017 ,

256 2045 373 2116 τὴν
423 2043 483 2097 δὲ
524 2040 870 2114 συγχώρησιν
919 2043 1238 2114 ἐπιτρέπειν
1264 2042 1417 2113 Θεῷ,
1448 2042 1525 2114 τῷ
1559 2043 1847 2113 δυναμένῳ

257 2134 367 2187 καὶ
396 2131 641 2198 ἐξουσίαν
687 2131 863 2203 ἔχοντι
892 2134 1196 2202 συγχωρεῖν
1229 2133 1623 2205 ἁμαρτήματα.
1656 2132 1851 2187 Τοιαύ-

258 2240 371 2287 τας
406 2223 697 2287 ἐπιστολὰς
733 2223 784 2276 oi
824 2222 943 2277 κατ’
972 2226 1243 2294 ἐπαρχίαν
1273 2224 1577 2297 δεχόμενοι,
1620 2227 1759 2297 πρὸς
1784 2224 1853 2279 τὰ

262 2318 451 2369 οἰκεῖα
480 2315 585 2388 ἤθη
617 2315 902 2370 ἐποιοῦντο
936 2316 1047 2370 τῶν
1086 2316 1430 2387 δηλουμένων
1476 2318 1575 2382 τὰς
1618 2318 1847 2390 κρίσεις.

281 2406 379 2471 Ὠς
423 2405 533 2477 γὰρ
564 2409 770 2470 ἐκεῖνος
805 2406 993 2478 ἐδήλου
1034 2408 1111 2479 μὴ
1139 2396 1250 2461 δεῖν
1280 2407 1561 2474 ἀξιοῦσθαι
1601 2410 1712 2463 τῶν
1754 2427 1852 2480 μυο-

262 2497 510 2571 στηρίων
529 2499 656 2561 τοὺς
687 2498 824 2569 μετὰ
843 2499 905 2551 τὸ
930 2497 1217 2570 βάπτισμα
1234 2501 1314 2563 είς
1336 2500 1563 2555 θάνατον
1580 2501 1853 2573 ἁμαρτίαν

262 2590 662 2659 πεποιηκότας,
695 2590 808 2652 τοῖς
833 2589 933 2660 μὲν
958 2589 1131 2644 ὲδόκει
1161 2590 1335 2663 πικρὰ
1357 2591 1452 2646 καὶ
1471 2593 1686 2663 ἀπηνὴς
1715 2589 1854 2648 εἶναι

256 2681 367 2738 τοῦ
402 2681 647 2736 τοιούτου
682 2683 906 2746 κανόνος
939 2683 974 2753 ἡ
1006 2681 1255 2745 ἔκθεσιςο
1308 2684 1361 2736 οί
1412 2683 1471 2737 δὲ
1532 2683 1608 2747 ὡς
1642 2684 1854 2740 δίκαιον

257 2774 364 2830 τὸν
391 2775 592 2831 κανόνα
620 2776 712 2829 καὶ
734 2773 998 2846 ὀρθοῦντα
1031 2772 1130 2845 τὴν
1151 2772 1429 2830 πολιτείαν
1460 2774 1725 2846 ἐδέχοντο.
1766 2776 1856 2830 Ἐν

260 2866 515 2937 τοσούτῳ
550 2867 607 2921 δὲ
640 2866 831 2921 τούτου
864 2864 978 2937 (93)
1023 2866 1343 2938 κινουμένου
1373 2864 1467 2920 τοῦ
1498 2864 1814 2938 ζητήματος
1836 2907 1853 2931 ,

264 2957 779 3029 ἔπικαταλαμόἀνει
792 2957 888 3011 τοῦ
902 2958 1202 3013 ἐπισκόπου
1219 2957 1517 3030 Κορνηλίου
1535 2958 1858 3030 γράμματα,

1218 259 1541 318 HISTORIA
1580 259 2131 322 ECCLESIASTICA.
2170 296 2241 306 —
2276 266 2406 324 LIB.
2444 268 2535 324 IV.

1871 392 1919 449 Δ

3416 277 3520 335 538

2509 382 2667 440 CAP.
2715 382 2956 439 XXVIII.
3566 392 3571 405 ‘

1942 469 2032 545 De
2051 469 2301 545 Novato,
2315 470 2576 545 dictisque
2607 476 2672 545 ob
2704 488 2763 545 co
2784 471 3154 545 _Nooati_anis;
3184 481 3234 529 et
3259 478 3521 545 quomodo

2013 541 2066 613 lii
2113 542 2202 613 qui
2267 540 2552 613 Phrygium
2602 541 2901 596 incolebant
2946 540 3281 613 Novatiani,
3327 545 3522 613 festum

2012 609 2237 667 Pascha:
2261 610 2330 664 ad
2364 609 2653 666 Jitdaicum
2681 628 2875 666 morem
2911 612 3313 673 transtulerint.

2010 763 2119 822 Per
2146 766 2291 822 idem
2327 775 2547 838 tempus
2579 766 2870 823 Novatiani
2903 768 2996 839 qui
3036 767 3327 841 Phrygiam
3366 767 3523 824 inco-

1941 856 2099 921 lunt,
2132 856 2329 913 festum
2359 857 2585 915 Pascha:
2614 859 2759 915 diem
2795 867 3228 916 commutarunt.
3273 860 3333 915 Id
3381 876 3522 931 quo—

1941 950 2105 1005 modo
2140 949 2344 1006 factum
2374 952 2484 1018 sit,
2520 952 2761 1010 breviter
2792 954 2971 1009 dicam
2993 992 3008 1018 ,
3040 954 3135 1010 ubi
3175 955 3330 1027 prius
3372 969 3525 1010 com-

1943 1056 2318 1097 memoravero
2350 1059 2459 1113 qua
2499 1046 2568 1100 de
2614 1060 2784 1102 causa
2831 1046 2886 1100 in
2926 1044 3229 1116 provinciis
3274 1044 3525 1118 Phrygiae

1943 1147 2008 1188 ac
2070 1132 2458 1205 Paphlagoniae
2511 1144 2707 1192 exacta
2755 1136 3016 1192 Ecclesiae
3059 1137 3284 1191 illorum
3333 1139 3523 1208 regula

1942 1237 2011 1278 ac
2068 1223 2363 1295 disciplina
2397 1227 2702 1282 etiamnum
2744 1228 2943 1298 vigeat.
2998 1225 3247 1282 Novatus
3292 1228 3526 1299 presby-

1945 1324 2029 1371 ter
2083 1314 2347 1373 Ecelesiat
2395 1317 2676 1382 Romanae,
2707 1318 2832 1374 ideo
2866 1318 3163 1374 dissidium
3209 1317 3341 1373 fecit
3378 1316 3526 1388 quod

1945 1406 2236 1466 Cornelius
2255 1411 2548 1482 episcopus
2577 1410 2765 1467 fideles
2788 1410 2883 1482 qui
2914 1418 3161 1481 tempore
3185 1409 3528 1481 persecutio-

1944 1497 2034 1554 nis
2072 1513 2103 1553 a
2134 1498 2296 1556 Decio
2324 1488 2882 1571 imperatore‘contra
2918 1500 3221 1556 Ecclesiam
3247 1499 3525 1564 excitatae,

1947 1587 2107 1645 idolis
2122 1588 2589 1656 sacritlcaverant,
2616 1591 2673 1645 in
2690 1590 3136 1645 communionem
3164 1588 3522 1660 suscepisset.

1948 1678 2103 1736 Hanc
2123 1679 2290 1750 igitur
2320 1680 2391 1735 ob
2413 1695 2636 1735 causam
2663 1694 2789 1734 cum
2813 1679 3177 1744 secessisset,
3219 1679 3289 1733 ab
3320 1679 3530 1749 episco-

1947 1773 2034 1843 pis
2051 1772 2147 1843 qui
2175 1771 2317 1827 idem
2351 1786 2476 1826 cum
2517 1771 2639 1842 ipso
2672 1771 2981 1827 sentiebant
3031 1770 3102 1825 ad
3146 1770 3525 1839 pontiﬁcatum

1945 1870 2205 1928 evectus,
2247 1862 2468 1932 scripsit
2505 1861 2575 1916 ad
2618 1876 2812 1917 omnes
2856 1861 3062 1930 ubique
3085 1858 3396 1925 Ecclesias,
3457 1874 3529 1914 ne

1946 1967 2043 2011 eos
2072 1953 2168 2025 qui
2210 1952 2555 2009 daemonibus
2599 1952 3060 2018 immolaverunt,
3100 1949 3166 2005 ad
3207 1964 3367 2005 sacra
3411 1961 3532 2021 my-

1948 2044 2118 2102 steria
2145 2044 2542 2111 admitterent,
2576 2043 2673 2099 sed
2708 2051 2767 2097 ut
2800 2044 3154 2100 hortarentur
3177 2040 3401 2112 quidem
3433 2053 3531 2096 eos

1948 2136 2019 2193 ad
2061 2136 2473 2206 panitentiam,
2528 2134 2933 2204 indulgentiam
2989 2141 3174 2189 autem
3234 2133 3528 2187 criminum

1947 2228 2322 2297 relinquerent
2367 2226 2509 2292 Deo,
2550 2241 2719 2297 penes
2765 2241 2931 2296 quem
2981 2225 3074 2296 jus
3122 2226 3531 2295 arbitriumque

1949 2328 2038 2377 est
2060 2318 2296 2374 crimina
2331 2317 2671 2374 remittendi.
2714 2316 2814 2373 liis
2846 2318 3047 2373 litteris
3077 2317 3146 2372 ad
3179 2331 3372 2372 omnes
3403 2331 3531 2387 pro-

1949 2411 2164 2468 vincias
2193 2411 2458 2480 perlatis,
2494 2409 2696 2480 singuli
2727 2424 2829 2478 pro
2862 2409 2981 2464 suis
3022 2408 3271 2463 moribus
3295 2447 3312 2473 ,
3344 2408 3412 2463 de
3441 2407 3532 2463 his

1951 2518 2075 2574 qua:
2114 2500 2601 2572 signiﬁcabantur,
2638 2499 2814 2554 tulere
2841 2499 3137 2568 judicium.
3179 2499 3338 2566 Quod
3386 2499 3530 2554 enim

1953 2594 2050 2649 ille
2093 2592 2533 2663 signiﬁcaverat,
2563 2591 2632 2646 ad
2672 2599 3150 2647 sacramentorum
3185 2591 3535 2645 communio-

1954 2701 2080 2754 nem
2129 2682 2499 2740 admittendos
2544 2698 2656 2738 non
2704 2697 2832 2739 esse
2886 2697 2984 2739 eos
3027 2684 3125 2754 qui
3176 2689 3301 2754 post
3348 2683 3532 2755 bapti-

1955 2791 2137 2833 smum
2166 2776 2376 2831 crimen
2411 2774 2687 2831 letiferum
2709 2774 3144 2840 commisissent,
3164 2774 3290 2828 aliis
3312 2772 3533 2843 quidem

1958 2867 2328 2939 asoacerba
2356 2876 2413 2922 et
2432 2865 2661 2922 immitis
2681 2864 2972 2921 videbatur
2990 2864 3156 2935 hujus
3177 2865 3383 2934 regula
3404 2879 3535 2934 pro-

1960 2960 2268 3031 mulgatio:
2304 2960 2399 3015 alii
2446 2974 2577 3015 vero
2609 2959 2752 3014 hanc
2791 2959 3034 3030 regulam
3061 2967 3120 3014 ut
3155 2958 3360 3029 justam
3392 2966 3446 3014 et
3467 2956 3538 3012 ad

264 3048 374 3107 καὶ
398 3053 510 3113 τοῖς
535 3049 674 3121 μετὰ
700 3049 760 3103 τὸ
797 3047 1079 3120 βάπτισμα
1109 3040 1489 3121 ἡμαρτηκόσιν
1518 3048 1850 3119 ἐπαγγελλό-

1955 3052 2337 3109 stabiliendum
2357 3050 2755 3107 emendatioris
2776 3049 3261 3121 vitaadisciplinam
3285 3050 3539 3120 inprimis

269 3159 424 3214 μενα
444 3142 543 3213 τὴν
579 3139 952 3212 συγχώρησιν.
983 3140 1139 3195 Οὕτω
1161 3141 1218 3194 δὲ
1252 3142 1578 3212 ἀμφοτέρων
1608 3140 1854 3194 ἐπιστελ-

264 3233 482 3287 λόντων
509 3232 578 3285 τὰ
607 3231 850 3295 ἐναντία,
883 3231 980 3286 καὶ
1011 3233 1075 3285 ὲκ
1112 3231 1221 3285 τῶν
1251 3231 1414 3285 θείων
1443 3232 1783 3303 ὀχυρούντων
1820 3230 1857 3286 ἃ

263 3325 537 3397 ἑκάτερος
567 3326 774 3394 ἔλεγεν,
805 3325 1036 3390 ἕκαστος
1075 3327 1195 3380 κατ’
1239 3325 1363 3390 ἔθος
1414 3325 1527 3396 (94)
1565 3328 1648 3389 είς
1695 3324 1855 3379 τοῦτο

262 3419 503 3489 ἔτρεψεν
535 3420 614 3482 εἰς
642 3417 673 3470 δ
704 3417 801 3471 καὶ
828 3416 1089 3489 πρότερον
1121 3417 1324 3488 μᾶλλον
1353 3418 1659 3472 ὲπέκλινεν.
1699 3419 1857 3472 Ὅσοι

264 3509 388 3581 γὰρ
418 3509 930 3580 φιλαμαρτήμονες.
964 3509 1293 3582 δραξάμενοι
1321 3510 1422 3581 τῆς
1447 3510 1570 3564 τότε
1609 3509 1856 3580 δοθείσης

269 3600 702 3670 συγχωρήσεως,
741 3599 837 3652 καὶ
859 3599 939 3661 είς
980 3599 1071 3653 τὸν
1102 3598 1293 3653 ἔπειτα
1323 3599 1513 3671 χρόνον
1552 3601 1645 3652 ἐπὶ
1676 3600 1857 3668 πάσης

268 3690 556 3762 ἁμαρτίας
580 3691 720 3762 αὐτῇ
750 3691 1172 3762 συνεχρήσαντο.
1193 3690 1447 3761 Φαίνεται
1469 3690 1528 3744 δὲ
1548 3689 1617 3744 τὰ
1632 3688 1858 3760 Φρυγῶν

269 3782 408 3853 ἔθνη
441 3782 857 3853 σωφρονέστερα
876 3777 1148 3837 εἶναιτῶν
1177 3782 1356 3838 ἄλλων
1388 3781 1587 3837 ἐθνῶν·
1628 3781 1723 3836 καὶ
1750 3780 1859 3852 γὰρ

268 3873 346 3945 δὴ
373 3874 464 3926 καὶ
487 3872 783 3937 σπανιάκις
803 3871 1016 3943 Φρύγες
1038 3872 1352 3944 ὀμνύουσιν.
1394 3874 1716 3945 Ἐπικρατεϊ
1747 3871 1856 3943 γὰρ

268 3962 345 4014 τὸ
392 3961 490 4032 μὲν
534 3961 767 4032 θυμικὸν
810 3963 961 4035 παρὰ
1016 3961 1251 4026 Σκύθαις
1308 3963 1402 4035 καὶ
1439 3961 1630 4034 Θρᾳξῦ
1682 3961 1758 4033 τῷ
1800 3960 1859 4015 δὲ

271 4029 668 4124 ἐπιθυμητικῷ
702 4055 752 4107 ot
786 4029 924 4126 πρὸς
970 4054 1259 4125 ἀνίσχοντα
1300 4029 1454 4125 ἥλιον
1487 4029 1591 4124 τὴν
1642 4029 1857 4123 οἴκησιν

270 4144 497 4213 ἔχοντες
542 4144 706 4197 πλέον
731 4145 1064 4199 δουλεύουσι.
1118 4146 1199 4200 Τὰ
1229 4146 1287 4199 δὲ
1339 4145 1713 4216 Παφλαγόνων
1762 4145 1858 4197 καὶ

270 4233 510 4305 Φρυγῶν
531 4234 660 4304 ἔθνη
682 4236 814 4306 πρδς
837 4235 1115 4308 οὐδέτερον
1159 4236 1363 4289 τούτων
1386 4236 1697 4308 ὲπιρῤεπῶς
1721 4234 1855 4306 ἔχει.

275 4327 420 4384 οὐδὲ
468 4328 576 4399 γὰρ
612 4329 997 4400 ἱπποδρομίαι,
1039 4329 1159 4382 οὐδὲ
1206 4327 1408 4400 θέατρα
1462 4327 1857 4391 σπουδάζονται

1951 3145 2137 3200 utilem
2158 3152 2545 3213 susceperunt.
2568 3141 2706 3196 Dum
2726 3141 2843 3197 haec
2872 3142 3111 3214 agitatur
3127 3141 3536 3207 controversia,

1949 3242 2395 3305 supervenerunt
2440 3235 2637 3289 littera).
2673 3231 2916 3288 Cornelii
2959 3231 3193 3288 Romani
3220 3232 3495 3301 pontiﬁcis
3522 3267 3539 3297 ,

1948 3338 2073 3395 quae
2123 3323 2194 3378 iis
2239 3325 2405 3379 etiam
2443 3322 2537 3393 qui
2572 3329 2697 3392 post
2745 3321 3079 3392 baptismum
3132 3320 3540 3391 deliquissent,

1950 3411 2352 3482 indulgentiam
2414 3410 2780 3480 spondebant.
2828 3407 2908 3461 Ita
2964 3407 3216 3477 utrisque
3259 3405 3543 3460 contraria

1954 3503 2100 3558 inter
2159 3517 2219 3557 se
2279 3500 2701 3568 scribentibus,
2758 3508 2813 3555 et
2864 3513 3149 3555 sacrarum
3210 3496 3544 3552 Litterarum

1953 3594 2271 3652 testimonio
2300 3593 2627 3650 sententiam
2656 3606 2811 3648 suam
2843 3589 3322 3656 conﬁrmantibus,
3366 3603 3547 3644 unus-

1953 3686 2188 3757 quisque
2213 3722 2230 3749 ,
2280 3690 2341 3738 ut
2371 3683 2490 3738 ﬁeri
2523 3681 2687 3745 solet,
2716 3680 2784 3737 ad
2807 3696 2927 3738 eam
2955 3688 3166 3750 partem
3191 3696 3254 3735 se
3284 3679 3542 3743 contulit,

1956 3775 2023 3830 ad
2049 3788 2209 3845 quam
2230 3772 2343 3844 jam
2373 3779 2535 3828 antea
2557 3778 2753 3843 suopte
2784 3771 3006 3843 ingenio
3041 3779 3165 3825 erat
3191 3769 3543 3842 propensior.

1959 3865 2097 3923 Nam
2147 3866 2352 3936 quibus
2395 3878 2622 3935 peccare
2665 3864 2719 3918 in
2757 3863 2971 3919 deliciis
3011 3872 3154 3929 erat,
3200 3862 3281 3925 hi,
3322 3870 3545 3932 arrepta

1963 3957 2259 4014 occasione
2300 3955 2655 4027 indulgentiae
2689 3971 2813 4025 qua:
2846 3963 2962 4010 tum
2998 3953 3441 4015 concedebatur,
3482 3965 3549 4006 ea

1965 4051 2018 4106 in
2051 4058 2328 4120 posterum
2357 4048 2425 4103 ad
2455 4065 2619 4104 omne
2657 4049 2956 4104 criminum
2993 4061 3167 4117 genus
3205 4042 3365 4097 abusi
3393 4051 3546 4096 sunt.

1964 4142 2137 4196 Porro
2184 4157 2318 4213 gens
2374 4139 2653 4212 Phrygum
2702 4141 3105 4210 temperantior
3162 4136 3378 4191 videtur
3425 4149 3550 4189 esse

1965 4234 2193 4303 reliquis
2225 4232 2481 4304 gentibus
2516 4250 2530 4285 :
2566 4246 2692 4285 nam
2721 4237 2777 4286 et
2804 4246 2931 4285 raro
2960 4229 3150 4296 juraut
3185 4227 3449 4297 Phryges.
3485 4223 3551 4278 Et

1969 4324 2186 4395 Scythae
2229 4322 2450 4393 quidem
2495 4338 2559 4376 ac
2605 4321 2848 4379 Thraces
2894 4320 3257 4393 procliviores
3297 4326 3429 4375 sunt
3481 4318 3548 4373 ad

1491 4505 1764 4562 VALESII
1800 4503 2353 4563 ANNOTATIONES.

355 4626 475 4699 (92)
499 4627 773 4699 Navdtog
810 4627 1232 4696 πρεσϐύτερος.
1268 4626 1363 4682 Sic
1403 4625 1518 4699 fere
1549 4627 1727 4681 Graeci
1755 4641 1853 4699 _vo-

1972 4632 2355 4699 pretaturzut
2382 4627 2544 4699 mor_is
2588 4635 2686 4699 est.
2717 4622 3067 4699 __Quod_non
3118 4617 3313 4689 probo.
3363 4614 3552 4699 Neque

280 4708 415 4752 cant
445 4695 572 4752 eum
601 4699 693 4766 qui
730 4695 1070 4752 Novatiauus
1096 4695 1401 4752 dicebatur.
1451 4696 1523 4750 De
1561 4698 1725 4764 cujus
1755 4695 1867 4754 lia:-

285 4769 394 4822 rcsi
433 4767 815 4821 consulendus
841 4777 926 4822 est
958 4766 1228 4823 Eusebius
1274 4778 1329 4823 et
1391 4768 1754 4836 Epiphanius,
1803 4776 1861 4821 et

1974 4688 2121 4750 cnim
2166 4697 2287 4749 κατ’
2305 4695 2426 4760 ἔθος
2474 4695 2645 4750 Graeci
2699 4688 2895 4750 dicunt
2926 4694 3031 4746 hoc
3084 4688 3272 4751 sensu,
3337 4689 3430 4760 sed
3478 4688 3553 4753 ὡς

1971 4766 2113 4831 ἔθος.
2154 4766 2334 4832 Quare
2385 4757 2566 4821 malim
2603 4767 2703 4820 hoc
2756 4765 2875 4818 loco
2929 4763 3173 4832 scribere
3216 4762 3334 4813 κατ’
3378 4757 3553 4832 ἔθνος,

283 4847 477 4906 auctor
511 4837 879 4903 Qua'stionum
920 4837 1119 4893 Veteris
1153 4855 1216 4891 ac
1264 4837 1401 4892 Novi
1440 4829 1787 4905 Testamenti,
1817 4846 1872 4891 et
1974 4829 2440 4906 quemadmodum
2475 4837 2606 4905 legit
2658 4834 3004 4906 Epiphanius
3028 4830 3425 4906 Scholasticus.
3463 4829 3556 4882 Sic

286 4905 687 4962 Theodoritus.

1973 4902 2120 4961 enim
2164 4908 2328 4961 vertit
2365 4926 2378 4961 :
2417 4902 2629 4976 Sing'uli
2689 4902 3390 4976 prouincialium‘diversas
3432 4906 3555 4976 sunt

356 4978 473 5047 (93)
558 4978 662 5032 Ἐν
692 4977 961 5045 τοσούτῳ
996 4978 1063 5031 δὲ
1102 4978 1339 5034 τούτου.
1384 4976 1748 5032 Scribendum
1784 4987 1853 5031 esl

1974 4978 2141 5031 secuti
2172 4978 2480 5047 sententias.
2518 4968 2849 5047 ldem'enim
2884 4984 2966 5028 est
3009 4972 3142 5047 κατῖ
3161 4970 3311 5033 ἔθνος
3341 4984 3404 5021 ac
3434 4968 3557 5020 κατ’

325 5049 480 5100 rorul
516 5048 687 5102 u'ubio
719 5048 977 5117 ἐντούτῳ
1005 5049 1059 5100 δὲ
1106 5049 1357 5101 τοσούτου
1392 5047 1715 5117 κινουμένου
1771 5047 1868 5099 τοῦ

325 5062 480 5100 rorut
516 5062 687 5102 utIDIO
719 5062 778 5100 εν
801 5064 977 5117 τουτῳ
1005 5062 1059 5100 οε
1106 5065 1357 5101 τοσουτου
1392 5062 1715 5117 κινουμένου
1771 5064 1861 5099 του

288 5062 623 5187 Ξητήματος.
649 5126 757 5171 etc.
789 5116 900 5173 Nec
934 5119 1128 5174 dubito
1159 5120 1291 5188 quin
1322 5118 1581 5173 Socrates
1612 5118 1687 5170 ita
1721 5119 1861 5172 scri-

293 5196 443 5258 pturn
458 5257 461 5258 ν
478 5188 782 5258 reliquerit.

358 5256 474 5336 (94)
507 5256 819 5336 Ἕκαστος.
858 5258 983 5336 ναις
1014 5256 1478 5336 «ἦθος-..Μυεοιιιιιε
1510 5258 1866 5336 vertit,_qttis-

294 5343 386 5397 que
415 5327 553 5381 sicut
586 5329 705 5399 ﬁeri
735 5328 890 5384 solet.
920 5328 1465 5400 Christopborsonus
1513 5343 1645 5384 vero
1693 5327 1868 5383 inter-

1975 5047 2264 5117 ἐπαρχίαν,
2298 5046 2647 5117 quodpaulo
2682 5053 2811 5117 ante
2866 5044 3068 5117 posuit
3101 5043 3559 5117 .Socrantesucutn

1965 5120 2039 5170 ait
2070 5105 2098 5171 ε’
2120 5105 2385 5180 {Ponticae
2416 5105 2513 5178 τάξ
2547 5114 2833 5176 ἐπιστολὰς
2866 5105 2917 5166 δι
2951 5114 3071 5167 κατ’
3098 5109 3367 5181 ἐπαρχίαν
3403 5105 3563 5181 δεχότ

2011 5204 2117 5239 ενοι
2140 5189 2277 5273 nubi
2306 5175 2869 5243 covdex'Florcntitttts
2916 5188 3183 5256 scriptum
3211 5175 3377 5233 habet
3428 5175 3564 5225 κατ’

1998 5274 2257 5328 παρχιας.

1738 5503 2117 5563 VARIOBUM.

367 5631 390 5660 ²
428 5623 723 5695 Ναυάτος.
758 5623 834 5680 De
866 5623 1078 5679 Novato
1106 5633 1161 5678 et
1190 5623 1497 5695 Novatiano
1518 5664 1531 5687 ,
1563 5638 1703 5695 quos
1734 5623 1870 5677 duos

300 5687 542 5752 homines
586 5687 766 5752 fuisse
814 5711 879 5752 ex
939 5695 1215 5767 Cypriane
1264 5687 1597 5752 observavit
1642 5693 1873 5751 Bevere-

1988 5620 2134 5698 Si“:
2168 5627 2335 5672 3""0!
2397 5636 2452 5698 ει]
2496 5637 2644 5690 can.,
2692 5633 2743 5690 p.
2798 5617 2890 5689 69,
2942 5616 3061 5672 wide
3108 5588 3343 5658 Euseb,

1984 5691 2079 5745 lib.
2120 5704 2194 5756 Vl,
2227 5705 2349 5761 cap.
2385 5690 2471 5748 45.

3397 5575 3639 5638 ιιξδι..
