4070 6204
472 303 578 359 559

1938 313 2271 371 SOCRATlS

3626 310 3739 365 540

474 420 814 477 iracundiam
846 439 860 477 :
896 420 992 492 qui
1025 436 1161 478 vero
1193 422 1262 479 ad
1294 424 1562 482 orientem
1594 427 1766 483 solem
1800 428 2003 500 degunt
2030 470 2046 493 ,

2176 432 2248 485 νῦν
2281 433 2413 504 παρ’
2453 431 2660 495 αὐτοῖς.
2698 431 2790 484 Διό
2817 429 3074 500 μοιδοκεῖ
3098 429 3296 499 μᾶλλον
3332 428 3742 482 ἐπινενευκέναι

473 516 651 585 magis
676 512 843 568 dediti
864 520 994 569 sunt
1012 514 1429 584 cupiditatibus.
1445 515 1649 573 Verum
1677 516 2060 591 Paphlagones

472 614 530 660 et
579 602 824 674 Phryges
864 603 936 659 ad
964 611 1226 660 neutrum
1256 605 1489 662 istorum
1528 607 1787 664 vitiorum
1820 624 2061 681 propen-

474 694 628 750 dent.
669 692 805 749 Nam
843 711 1022 766 neque
1048 696 1406 766 circensium,
1437 714 1541 756 nec
1572 700 1925 757 theatralium
1968 702 2059 758 lu-

475 787 676 842 dorum
719 786 884 842 hodie
930 787 1228 845 admodum
1284 790 1522 848 studiosi
1560 799 1711 848 sunt.
1757 794 1939 863 Atque
1989 794 2062 850 ob

475 878 620 932 hanc
649 892 896 947 causam,
931 886 1048 934 tum
1077 880 1327 948 isti,tum
1354 882 1448 939 alii
1476 885 1572 954 qui
1605 884 1747 941 idem
1780 886 2060 951 sentiunt,

478 968 678 1024 litteris
732 983 762 1023 a
818 967 1031 1026 Novato
1094 978 1229 1027 tunc
1287 974 1512 1046 scriptis
1556 975 1864 1032 assensisse
1924 976 2062 1031 mihi

477 1056 761 1113 videntur.
792 1057 1005 1131 Quippe
1029 1061 1175 1132 apud
1198 1061 1325 1118 illos
1369 1065 1634 1122 scortatio
1661 1065 1837 1123 instar
1862 1066 2063 1137 piaculi

480 1148 736 1204 habetur.
766 1149 928 1206 Certe
970 1150 1214 1232 Phryges
1257 1163 1312 1210 et
1340 1152 1719 1228 Paphlagones
1758 1157 2065 1215 modestius

480 1256 647 1312 quam
682 1240 1066 1313 cujuscunque
1103 1244 1334 1303 alterius
1383 1254 1548 1303 sectae
1587 1248 1839 1306 homines
1882 1250 2067 1308 vivere

484 1332 753 1388 videmus.
792 1332 1045 1390 Eamdem
1080 1352 1301 1408 quoque
1330 1353 1555 1395 causam
1603 1338 1774 1398 fuisse
1810 1340 2068 1399 existimo

482 1422 595 1477 illis
631 1423 727 1492 qui
762 1422 1086 1481 Occidentis
1123 1435 1309 1496 partes
1340 1429 1618 1496 incolunt,
1658 1438 1715 1487 et
1741 1433 1836 1503 qui
1869 1431 2067 1489 Novati

483 1517 816 1572 sententiam
841 1526 971 1573 sunt
1003 1520 1201 1576 secuti.
1234 1520 1501 1578 Caeterum
1522 1521 1807 1589 Novatus,
1836 1524 1966 1582 licet
1997 1525 2069 1581 ob

482 1607 727 1679 vigorem
758 1609 1017 1666 arctioris
1046 1610 1356 1681 disciplinae
1398 1628 1523 1670 sese
1561 1614 1631 1669 ab
1659 1614 1783 1670 aliis
1811 1629 2069 1686 segrega-

484 1699 667 1764 verit,
703 1707 887 1755 tamen
922 1699 1125 1758 festum
1157 1701 1386 1760 Paschae
1420 1704 1564 1761 diem
1606 1705 1922 1763 nullatenus
1962 1708 2070 1763 im-

2160 525 2386 589 τούτους
2405 541 2465 577 τε
2491 524 2584 578 καὶ
2611 522 2739 587 τοὺς
2768 522 2913 576 οὕτω
2939 521 3293 592 φρονοῦντας,
3322 518 3459 592 πρὸς
3490 521 3559 573 τὰ
3588 521 3745 591 παρὰ

2161 614 2417 670 Ναυάτου
2465 614 2588 668 τότε
2636 613 2994 687 γραφόμενα·
3036 611 3113 676 ὡς
3148 609 3319 683 μῦσος
3349 611 3461 683 γὰρ
3501 611 3746 676 ἐξαίσιον

2162 702 2293 775 παρ’
2322 704 2502 767 αὐτοῖς
2528 705 2562 774 ἡ
2595 702 2822 775 πορνεία
2850 701 3149 773 νομίζεται.
3172 701 3284 754 Καὶ
3307 701 3416 773 γὰρ
3438 702 3567 762 τοὺς
3586 702 3746 756 οἱασ-

2161 793 2363 865 δήποτε
2415 792 2583 865 ἄλλης
2648 792 2917 864 αίρέσεως
2990 790 3433 862 σωφρονέστερον
3492 789 3750 861 βιοῦντας

2161 884 2380 955 Φρύγας
2416 885 2513 938 καὶ
2548 884 2908 953 Παφλαγόνας
2935 883 3087 937 ἔστιν
3111 884 3312 954 εὑρεῖν.
3347 882 3457 953 τὴν
3480 882 3538 937 δὲ
3572 883 3747 955 αὐτὴν

2162 976 2345 1030 αἰτίαν
2400 978 2496 1031 καὶ
2527 976 2655 1048 περὶ
2692 977 2820 1040 τοὺς
2850 976 3135 1040 οἰκοῦντας
3171 974 3241 1029 τὰ
3289 975 3521 1047 ἑσπέρια
3560 975 3746 1046 μέρη,

2164 1069 2260 1123 καὶ
2277 1067 2514 1141 Ναυάτῳ
2536 1069 3030 1141 πειθαρχήσαντας,
3063 1065 3205 1122 εἶναι
3234 1067 3463 1138 νομίζω.
3492 1066 3751 1130 Ναυάτος

2168 1159 2267 1229 μὲν
2300 1154 2424 1224 οὖν,
2467 1160 2518 1212 εί
2556 1159 2653 1213 καὶ
2684 1160 2814 1230 περὶ
2861 1157 3133 1221 πολιτείας
3163 1157 3426 1230 ἀκριϐοῦς
3458 1157 3710 1229 διεκρίθη
3730 1199 3748 1221 ,

2166 1249 2280 1305 ἀλλ’
2317 1244 2411 1304 οὖν
2437 1267 2503 1320 γε
2521 1249 2618 1321 τὴν
2638 1248 2733 1304 τοῦ
2754 1251 2944 1321 Πάσχα
2968 1249 3162 1321 ἐορτὴν
3180 1249 3241 1303 οὐ
3269 1248 3593 1320 μετέθηκεν.
3631 1250 3752 1302 Ἀεὶ

2166 1338 2277 1411 γὰρ
2306 1338 2449 1393 κατὰ
2481 1340 2550 1393 τὰ
2579 1339 2810 1410 ἑσπέρια
2839 1339 2979 1411 μέρη
3010 1338 3204 1405 ἐποίει,
3233 1337 3328 1393 καὶ
3352 1337 3523 1401 οὕτως
3553 1338 3751 1391 ἐπετέ-

2167 1432 2292 1485 λεσε
2324 1430 2459 1503 (95).
2500 1430 2723 1485 Ποιοῦσι
2749 1430 2807 1484 δὲ
2843 1429 3138 1493 διαπαντὸς
3169 1431 3219 1483 oi
3248 1431 3365 1483 ἐκεῖ
3397 1429 3514 1499 μετ’
3549 1430 3750 1499 ἰσημε-

2171 1525 2295 1597 ρίαν
2342 1523 2642 1589 ἀνέκαθεν,
2689 1524 2782 1592 ἀφ’
2822 1516 2883 1577 οῦ
2924 1521 3021 1576 καὶ
3060 1520 3552 1593 Χριστιανίζουσιν.
3604 1520 3753 1573 Ἀλλ’

2169 1610 2324 1680 οὗτος
2342 1616 2441 1686 μὲν
2467 1614 2715 1686 ὕστερον,
2732 1614 2824 1667 ἐπὶ
2846 1613 3212 1686 Οὐαλεριανοῦ
3237 1613 3347 1684 (96)
3364 1612 3456 1667 τοῦ
3482 1612 3754 1683 βασιλέως

2169 1706 2407 1777 διωγμὸν
2432 1705 2573 1760 κατὰ
2605 1703 2942 1777 Χριστιανῶν
2966 1704 3308 1775 κινήσαντος,
3339 1702 3749 1774 ἐμαρτύρησεν.

487 1791 739 1847 mutavit.
760 1791 964 1849 Eodem
992 1794 1139 1850 enim
1168 1796 1331 1852 modo
1355 1813 1464 1868 quo
1482 1795 1883 1866 Occidentales,
1906 1799 2069 1854 etiam

2176 1798 2235 1851 Οἱ
2266 1775 2324 1850 δέ
2355 1794 2415 1861 ἐξ
2442 1794 2607 1850 αὐτοῦ
2641 1775 2700 1850 ἐν
2733 1794 2942 1867 Φρυγίᾳ
2970 1792 3249 1864 ἐπώνυμοι
3272 1835 3286 1859 ,
3326 1793 3468 1846 κατὰ
3496 1792 3595 1864 τὴν
3633 1809 3755 1845 κοι-

488 1881 607 1950 ipse
650 1880 867 1937 Pascha
904 1891 1169 1954 perpetuo
1201 1884 1520 1943 celebravit.
1555 1884 1729 1942 Porro
1758 1886 1836 1941 illi
1865 1885 2073 1944 Pascha

490 1986 712 2042 semper
761 1974 1046 2030 celebrant
1101 1984 1225 2046 post
1272 1978 1699 2048 aequinoctium,
1750 1993 1905 2035 more
1938 1979 2073 2050 ipsis

490 2064 798 2135 antiquitus
836 2066 1071 2133 tradito,
1117 2068 1231 2137 jam
1275 2070 1403 2126 inde
1444 2070 1513 2126 ab
1555 2086 1622 2127 eo
1671 2080 1915 2141 tempore
1955 2071 2072 2143 'quo

489 2154 795 2212 Christiani
836 2173 962 2214 esse
1000 2167 1312 2229 cespes-unt.
1341 2161 1408 2215 Et
1441 2160 1561 2232 ipse
1593 2161 1814 2233 quidem
1843 2171 2035 2233 postea
2055 2202 2071 2229 ,

490 2246 803 2317 principatu
845 2247 1129 2305 Valeriani
1175 2251 1269 2322 qui
1315 2252 1757 2322 persecutionem
1805 2254 2073 2312 adversus

490 2338 840 2396 Christianos
874 2341 1155 2407 exercuit,
1207 2345 1478 2416 martyrio
1515 2344 1843 2416 perfunctus
1887 2357 1990 2404 est.
2032 2349 2075 2405 li

490 2443 623 2484 vero
652 2430 746 2500 qui
783 2446 851 2486 ex
888 2431 1011 2500 ejus
1044 2433 1267 2511 nomine
1297 2435 1553 2505 appellati
1590 2445 1721 2492 sunt
1750 2437 1805 2492 in
1842 2437 2074 2511 Phrygia

492 2520 804 2592 Novatiani,
831 2510 1341 2597 concessam'251
1373 2527 1495 2598 ejus
1520 2528 1596 2585 rei
1629 2510 2073 2588 communionem

496 2622 839 2684 aversantes,
878 2616 1025 2671 circa
1052 2616 1161 2673 hoc
1201 2624 1421 2688 tempus
1451 2619 1595 2675 diem
1630 2619 1830 2677 festum
1853 2622 2078 2680 Pascha:

495 2704 879 2763 immutarunt.
898 2706 1066 2764 Pauci
1093 2709 1297 2781 quippe
1323 2717 1378 2766 et
1399 2711 1621 2767 obscuri
1647 2711 2076 2770 Novatianorum

496 2797 553 2852 in
588 2796 827 2871 Phrygia
861 2801 1129 2873 episcopi,
1160 2802 1392 2858 collecta
1428 2803 1639 2875 synodo
1671 2804 1728 2859 in
1757 2805 1878 2861 vico
1902 2806 2074 2871 Pazo,

498 2889 590 2945 ubi
635 2888 817 2948 fontes
850 2893 1029 2949 amnis
1061 2892 1314 2964 Sangarii
1346 2896 1640 2962 visuntur,
1673 2896 1915 2966 regulam
1952 2913 2077 2967 pro-

497 2980 850 3053 mulgarunt,
912 2990 971 3037 ut
1027 2983 1325 3054 quotannis
1377 2984 1767 3042 observaretur
1819 3001 1931 3057 quo
1989 2987 2077 3043 die

2172 1887 2371 1944 νωνίαν
2415 1886 2606 1941 τούτου
2647 1884 3105 1958 συνεχωρήθησαν
3150 1876 3263 1957 (97)
3314 1883 3751 1956 ἐκτρεπόμενοι,

2174 1982 2302 2053 περὶ
2319 1979 2469 2033 τόνδε
2491 1979 2583 2033 τὸν
2613 1979 2802 2050 χρόνον
2823 1978 2915 2032 καὶ
2946 1978 3045 2048 τὴν
3061 1978 3256 2049 ἑορτὴν
3283 1975 3372 2030 τοῦ
3394 1976 3585 2047 Πάσχα
3609 1994 3757 2046 μετ-

2175 2072 2388 2127 έθεσαν.
2424 2071 2650 2126 Σύνοδον
2703 2070 2813 2142 γὰρ
2842 2067 2899 2123 ἔν
2927 2067 3094 2141 Πάζῳ
3120 2068 3302 2140 κώμῃ,
3335 2068 3462 2122 ἔνθα
3488 2067 3584 2121 τοῦ
3610 2069 3759 2138 Σαγ-

2174 2166 2368 2238 γαρίου
2419 2165 2666 2235 ποταμοῦ
2717 2167 2854 2218 εἰσιν
2885 2166 2940 2220 αί
2976 2164 3184 2234 πηγαὶ,
3227 2162 3553 2232 ποιήσαντες
3580 2161 3759 2229 ὀλίγοι

2173 2257 2318 2320 τινὲς
2345 2257 2439 2310 καὶ¹
2460 2256 2560 2310 οὐκ
2579 2255 2809 2327 εῦσημοι
2830 2255 2938 2309 τῶν
2967 2254 3096 2325 περὶ
3125 2253 3365 2324 Φρυγίαν
3395 2251 3761 2307 Ναυατιανῶν

2176 2346 2485 2410 ἐπίσκοποι,
2501 2346 2627 2418 ὅρον
2647 2346 2970 2416 ἐκφέρουσιν
2998 2343 3140 2398 ὥστε
3166 2343 3454 2406 Ἰουδαίους
3469 2343 3761 2413 ἐπιτηρεῖν

2179 2440 2469 2501 ποιοῦντας
2493 2436 2564 2490 τὰ
2592 2435 2797 2508 ἄζυμα,
2829 2437 2925 2490 καὶ
2959 2437 3055 2490 σὺν
3090 2436 3276 2499 αὐτοῖς
3303 2435 3400 2504 τὴν
3427 2433 3521 2488 τοῦ
3560 2434 3760 2506 Πάσχα

2178 2531 2446 2586 ἐπιτελεῖν
2489 2530 2706 2603 ἑορτήν.
2740 2530 2927 2584 Ταῦτα
2968 2531 3100 2600 ἡμῖν
3151 2528 3442 2599 ἀνήγγειλέ
3483 2545 3568 2592 τις
3615 2528 3764 2600 ἀνὴρ

2180 2622 2409 2686 παλαιὸς
2443 2623 2590 2692 (98),
2637 2620 3009 2693 πρεσϐυτέρου
3052 2620 3151 2690 μὲν
3188 2615 3328 2673 εἶναι
3355 2619 3528 2687 λέγων
3560 2619 3764 2673 ἑαυτὸν

2179 2715 2293 2768 υίόν
2317 2731 2329 2747 ’
2364 2714 2480 2785 ἅμα
2514 2713 2572 2766 δὲ
2598 2712 2677 2783 τῷ
2710 2712 2875 2782 πατρὶ
2915 2713 3173 2782 παρεῖναι
3206 2713 3270 2782 τῇ
3305 2710 3575 2783 γενομένῃ
3621 2728 3757 2765 συν-

2180 2805 2306 2875 όδῳ,
2339 2802 2461 2857 καθ’
2492 2804 2559 2874 ἣν
2607 2800 2732 2855 οὔτε
2776 2800 3016 2870 Ἀγέλιος
3048 2802 3231 2873 παρῆν
3263 2803 3290 2854 ὁ
3319 2804 3767 2855 Κωνσταντινου-

2182 2894 2390 2956 πόλεως
2415 2891 2773 2946 Ναυατιανῶν
2815 2892 3131 2956 ἐπίσκοπος,
3166 2892 3288 2945 οὐδὲ
3322 2891 3574 2962 Μάξιμος
3603 2892 3633 2944 ὁ
3657 2892 3764 2945 Νι-

2180 2985 2365 3052 καίας,
2394 2984 2516 3038 οὑδέ
2548 2985 2577 3037 ὁ
2609 2982 3009 3055 Νικομηδείας,
3047 2983 3168 3038 οὐδὲ
3214 2983 3321 3056 μὴν
3349 2984 3378 3036 ό
3417 2983 3716 3038 Κοτυαείου
3742 2999 3758 3013 ε

1699 3139 1967 3196 VALESII
2006 3135 2566 3196 ANNOTATIONES.

572 3232 683 3316 (95)
713 3231 821 3316 Kal
849 3228 1028 3316 οὗτος
1064 3232 1406 3316 succende.
1441 3234 1501 3316 lu
1527 3234 1749 3316 _codice_
1795 3233 2071 3316 Sfortiano

2181 3233 2390 3316 phorus
2417 3246 2554 3316 vero
2578 3231 2852 3316 quomodo
2881 3231 3036 3314 hunc
3063 3231 3310 3316 Socratis
3332 3230 3511 3316 locum
3538 3232 3761 3316 legerit,

500 3304 701 3372 legitur
722 3302 893 3367 οὕτως
916 3303 1323 3362 adverbialiter.
1356 3304 1463 3359 Sed
1496 3304 1540 3361 si
1572 3305 1847 3374 vulgatam
1878 3306 2071 3361 lectio-

500 3388 624 3447 nem
655 3374 895 3429 retinere
923 3374 1285 3447 voluerimus,
1311 3389 1478 3447 quam
1506 3373 1848 3447 Epiphanius
1889 3384 1952 3447 et_
1978 3373 2072 3430 Ni—

500 3443 776 3512 cephorus
815 3443 1166 3511 confirmant,
1212 3443 1655 3500 tum—delendum
1689 3444 1797 3500 erit
1845 3445 2071 3501 verbum

500 3513 695 3586 ἐποίει,
731 3513 875 3583 quod
899 3530 1076 3586 neque
1103 3514 1443 3586 Epiphanius
1474 3514 1727 3586 agnoscit
1752 3531 1777 3586 :7
1805 3525 1899 3586 aut
1923 3522 2074 3586 certe

502 3585 853 3657 scribendum
885 3583 1011 3648 erit,
1040 3583 1222 3657 καθὼς
1243 3586 1312 3657 τὰ.
1341 3583 1573 3657 ἑσπέρια
1601 3585 1742 3657 μέρη
1765 3585 1957 3657 ἐποίει,
1980 3585 2076 3639 καὶ

503 3649 658 3726 οὗτος
679 3653 1160 3726 ἐπετέλεσαείευι
1193 3656 1391 3725 legisse
1424 3649 1640 3712 videtur
1672 3649 2036 3726 Nic-ephorus.

573 3720 909 3795 (A96)‘05t0c
930 3724 1049 3793 μὲν
1073 3720 1331 3794 {iamper
1373 3725 1473 3779 ἐπὶ
1511 3720 1934 3795 Οὐαλεριαὶροῦ.
1965 3725 2077 3780 Νο-

504 3793 709 3865 vatiani
748 3793 1244 3865 auctoremﬂsecta:
1289 3810 1407 3851 suae
1450 3793 1746 3865 martyrem
1782 3795 1951 3851 fuisse
1992 3795 2077 3864 ja-

505 3863 771 3929 ctabant;
803 3864 895 3932 qui
929 3872 985 3918 et
1016 3864 1217 3933 librum
1247 3863 1702 3933 conscripserunt
1757 3865 1848 3919 cui
1882 3863 2071 3921 titulus

502 3941 639 4004 erat
660 3931 982 4004 Martyrium
1014 3931 1326 3990 Novatiani.
1362 3931 1486 3988 Sed
1506 3932 1651 3988 hunc
1682 3935 1893 4004 librum
1916 3950 2071 3991 mett-

503 4003 787 4074 daciisac
814 4003 1028 4059 fabulis
1078 4004 1342 4061 refertum
1390 4003 1716 4074 jampridem
1766 4003 2072 4059 confutavit

505 4073 771 4144 Eulogius
825 4074 1117 4144 episcopus
1174 4073 1582 4131 Alexandrinus
1631 4075 1685 4128 in
1729 4076 1868 4130 libro
1916 4083 2074 4130 sexto

504 4153 699 4199 contra
730 4144 1084 4215 Novatianos.
1118 4146 1278 4215 cujus
1305 4154 1563 4214 excerpta
1589 4145 1865 4200 habentur
1894 4145 1949 4199 in
1984 4144 2075 4215 Bie

508 4214 1009 4286 bliothecaPhotii.
1059 4214 1332 4271 Caeterum
1370 4215 1426 4270 in
1476 4216 1616 4271 actis
1651 4215 1760 4272 illis
1806 4214 2073 4286 martyrii

504 4284 820 4358 Novatiani.
863 4287 1575 4358 non‘martyriumpassus
1610 4300 1730 4358 esse
1788 4284 2077 4358 dicebatur

506 4355 868 4419 Novatianus,
902 4354 998 4411 sed
1054 4354 1269 4412 tantum
1304 4354 1464 4411 fidem
1513 4355 1718 4411 Christi
1762 4355 2073 4412 confessus.

508 4425 588 4479 Ex
618 4435 743 4479 octo
767 4426 922 4499 enim
964 4427 1302 4499 presbyteris
1336 4424 1596 4499 Ecclesiae
1628 4424 1923 4499 Bomanae,
1983 4427 2087 4496 qui

507 4502 667 4566 erant
699 4496 801 4550 sub
816 4494 1146 4566 Macedonio
1164 4498 1421 4566 episcopo
1449 4497 1602 4566 urbis
1628 4494 1834 4560 Romae,
1869 4494 2075 4566 septem

406 4604 417 4626 ,
507 4564 730 4633 quidem
776 4565 937 4619 idolis
984 4564 1511 4620 sacrificasse’dicit
1564 4574 1759 4620 auctor
1822 4564 2077 4620 Actorum

2182 3301 2454 3359 incertum
2478 3301 2738 3365 est,’cum
2770 3302 2957 3358 Graeca
2988 3301 3107 3368 ejus
3137 3302 3237 3357 hac
3268 3303 3320 3355 in
3353 3310 3504 3368 parte
3534 3303 3763 3358 deside—

2180 3380 2393 3429 rentur.
2426 3372 2644 3442 Langus
2687 3380 2890 3436 tamen,
2931 3371 3307 3442 quifit-tecum
3332 3370 3621 3441 Nicephori
3656 3388 3765 3428 co-

2179 3444 2357 3499 dicem
2389 3440 2628 3504 viderat,
2659 3442 2734 3495 ita
2769 3440 2970 3497 vertiti
3015 3440 3120 3507 Qui
3146 3458 3263 3496 vero
3289 3442 3402 3510 ejus
3433 3444 3649 3496 nomine
3696 3444 3763 3499 in

2185 3514 2425 3585 Phrygia
2454 3524 2752 3585 censentur,
2776 3512 2842 3585 ab
2873 3513 3133 3585 institutis
3156 3521 3206 3566 et
3228 3514 3590 3585 communione
3611 3513 3762 3583 ejus,

2184 3581 2433 3639 cum'sibi
2474 3585 2603 3650 ipsis
2653 3581 2981 3651 indulgentes
3027 3582 3451 3652 degenerassent,
3492 3582 3589 3637 hoc
3627 3581 3767 3637 tem;-

2182 3671 2306 3725 pore
2348 3652 2598 3723 paschale
2626 3669 2827 3725 quoque
2863 3652 3054 3725 festum
3091 3662 3387 3706 mutarunt.
3425 3652 3499 3725 De
3530 3654 3765 3723 reliquis

2185 3721 2582 3795 interpretibus
2624 3724 2756 3795 nuihil
2780 3721 2928 3795 dico,
2962 3724 3017 3795 in
3050 3738 3284 3795 quorum
3317 3723 3573 3795 versione
3620 3721 3767 3790 nihil

2185 3795 2304 3851 sani
2335 3792 2597 3865 reperies.
2633 3792 2744 3861 Ego
2779 3793 2960 3865 locum
3004 3792 3107 3847 levi
3142 3793 3448 3865 mutatione
3481 3794 3555 3846 ita
3592 3797 3769 3850 resti-

2178 3862 2438 3920 tuendum
2478 3872 2646 3932 puto:
2681 3864 2789 3935 Καὶ
2842 3862 2958 3935 τὴν
2996 3863 3278 3935 κοινῳνίαν
3310 3862 3500 3935 τούτου
3543 3880 3768 3935 συγχωο

2178 3933 2879 4007 ρηθείσανᾼέκτρεᾼπόμενοι,
2902 3932 2962 3987 id
2999 3944 3104 4007 est,
3239 3948 3356 4007 vero
3394 3934 3485 4004 qui
3509 3932 3764 4007 expill'ius

2178 4002 2386 4059 nomine
2434 4002 2733 4067 Novatiani
2764 4002 3018 4057 dicuntur
3050 4006 3107 4057 in
3148 4002 3415 4074 Phrygia,
3439 4004 3770 4070 permissam

2177 4075 2306 4142 ipsis
2341 4074 2761 4129 communionem
2793 4090 2911 4126 cunt
2948 4074 3164 4143 reliquis
3197 4072 3488 4128 catholicis
3523 4076 3576 4127 in
3602 4076 3768 4143 [esti-

2178 4146 2345 4199 vitate
2371 4143 2595 4198 Pascha!
2625 4151 2955 4210 aversantes,
2992 4146 3133 4197 circa
3176 4144 3286 4198 lucc
3329 4156 3566 4212 tempora
3609 4145 3767 4212 diem

2180 4214 2374 4283 festum
2436 4212 2656 4283 Pascha:
2709 4209 3084 4268 immutarunt.
3140 4214 3286 4268 Nihil
3347 4209 3619 4283 apertius'
3653 4217 3765 4271 hoc

2186 4300 2375 4341 sensu.
2414 4284 2553 4338 Ante
2587 4282 2833 4339 Valentis
2881 4290 3131 4354 tempora
3166 4282 3453 4355 Novatiani
3489 4284 3766 4355 in7Phry-

2186 4357 2271 4426 gia
2327 4355 2520 4411 eodem
2552 4364 2941 4426 tempore‘quo
2988 4355 3185 4422 reliqui
3220 4354 3491 4426 Catholici
3545 4354 3766 4410 Pascha

2184 4422 2623 4481 celebraverunt.
2658 4422 2869 4478 Exinde
2913 4439 3045 4479 vero
3080 4425 3524 4480 communionem
3566 4440 3632 4479 ac
3668 4440 3771 4480 so-

2185 4497 2440 4551 cietatem
2472 4494 2882 4550 Catholicorum
2910 4494 3104 4565 inhac
3131 4494 3293 4565 etiam
3308 4504 3475 4565 parte
3506 4495 3768 4565 refugere

2186 4573 2503 4636 coeperunt.
2559 4565 2751 4630 Porro,
2799 4564 2935 4636 etsi‘
2970 4563 3239 4633 judicium
3278 4562 3548 4636 Socratis
3603 4562 3770 4622 valde

511 4625 783 4706 tina_cum
815 4633 1156 4706 Macedonio,
1190 4635 1366 4706 solum
1402 4648 1532 4687 vero
1559 4633 1839 4706 Novatum
1859 4639 2079 4706 egregio
2114 4625 2156 4680 D
2182 4625 2376 4706 pro-ho,
2415 4634 2515 4706 qui
2559 4625 2786 4706 causam
2843 4625 3024 4706 reddit
3070 4634 3427 4706 quamobrem
3484 4636 3769 4704 praecipue

510 4699 880 4772 confessionis
925 4704 1188 4772 martyrio
1220 4701 1569 4771 perfunctum
1616 4718 1761 4758 esse.
1801 4699 1937 4758 Cum
1968 4699 2080 4761 No-

511 4771 735 4843 \‘atiano
765 4779 947 4843 autem
977 4771 1090 4828 tres
1122 4772 1435 4843 episcopos,
1468 4772 1618 4843 solos
1670 4772 1883 4843 ferepex
1920 4772 2073 4831 Occi-

512 4841 695 4897 dentis
743 4841 993 4912 partibus
1018 4881 1032 4904 ,
1068 4841 1403 4912 martyrium
1438 4841 1665 4912 dixisse
1690 4883 1704 4906 ,
1761 4841 2075 4899 Marcellum

514 4911 730 4966 scilicet
757 4917 812 4965 et
837 4910 1210 4982 Alexandrum
1227 4910 1497 4982 Aquileiae
1521 4913 1831 4982 episcopos,
1854 4920 1907 4968 et
1935 4914 2074 4980 Aga-

515 4980 1201 5053 ntemnonemAepiscopum
1232 4980 1615 5053 Purtttensem,
1648 4980 1730 5040 vel
1761 4984 1942 5053 potius
1982 4985 2074 5039 Ti-

514 5052 817 5124 burtinum.
851 5048 1109 5124 Quippos‘t
1147 5052 1294 5124 illam
1326 5052 1725 5109 confessionem
1751 5048 2075 5124 7'separatim

514 5121 796 5187 degentes,
823 5131 876 5176 et
900 5121 1162 5178 collectas
1210 5122 1549 5179 celebrantes
1578 5139 1699 5177 cum
1749 5121 2072 5189 Novatiano,

514 5192 956 5263 communionem
989 5208 1178 5248 eorum
1209 5193 1490 5260 fugiebant
1517 5193 1609 5263 qui
1632 5194 2076 5250 sacrificaverant

516 5262 701 5317 idolis.
725 5261 802 5333 Ac
820 5262 983 5332 paulo
1009 5269 1130 5333 post
1156 5278 1354 5333 manus
1377 5261 1719 5333 imponentes
1748 5263 2073 5329 Novatiano.

515 5347 641 5389 eum
678 5330 1182 5401 episc‘opum’urbis
1216 5330 1401 5389 Roma:
1432 5330 1775 5390 ordinarunt.

589 5401 892 5475 (97)](ατὰ
919 5401 1034 5470 τὴν
1063 5403 1383 5475 κοινωνίαν
1409 5405 1624 5461 τούτου
1653 5405 2075 5475 συνεχώρήθη-

517 5489 658 5547 grav.
695 5473 792 5527 llic
831 5475 986 5547 locus
1019 5473 1215 5528 mirum
1246 5475 1310 5547 _in
1352 5475 1589 5547 modum,
1628 5473 1919 5547 corruptus
1968 5473 2070 5531 est.

518 5544 630 5615 Nec
665 5559 880 5615 recens
938 5545 1041 5598 hoc
1094 5544 1376 5615 mendum,
1431 5545 1527 5601 sed
1571 5546 1684 5613 jam
1739 5544 2073 5615 temporibus

518 5612 807 5686 l-lpiphanii
837 5614 1161 5686 Scholastici
1202 5622 1458 5686 corrupta
1501 5612 1660 5669 erant
1699 5612 2068 5686 exemplaria;

519 5685 600 5734 εἰς
634 5683 777 5756 σιμοὶ
817 5687 975 5740 vertit
1011 5681 1384 5756 Epiphaniusi
1418 5686 1489 5739 Ili
1526 5701 1643 5739 vero
1671 5689 1760 5756 qui
1789 5681 1939 5740 ex'eo
1976 5681 2070 5741 uo-

520 5762 637 5801 men
671 5750 986 5825 habuerunt,
1014 5750 1224 5829 ejusque
1249 5755 1393 5826 [uere
1436 5750 1740 5828 participes,
1775 5765 1881 5815 etc.
1914 5756 2070 5815 Nice-

2180 4703 2443 4776 Phryges‘
2474 4703 2837 4776 Novatianam
2890 4705 3143 4776 haeresim
3196 4705 3431 4776 amplexi
3483 4703 3615 4767 sint,
3650 4703 3768 4760 alia

2185 4772 2365 4831 tamen
2398 4775 2538 4829 ratio
2568 4775 2689 4843 ejus
2721 4774 2797 4828 rei
2846 4772 3034 4830 afferri
3070 4783 3267 4843 potest.
3291 4772 3555 4830 Novatus
3586 4777 3766 4841 enim,

2186 4861 2279 4901 seu
2311 4846 2495 4915 potius
2543 4844 2903 4907 Noratianus,
2948 4860 3018 4915 ex
3070 4844 3344 4914 Phrygum
3392 4856 3551 4914 gente
3599 4857 3768 4902 ortus

2185 4914 2356 4970 fuisse
2375 4916 2600 4978 dicitur,
2646 4924 2703 4968 ut
2732 4914 2927 4970 scribit
2947 4914 3350 4983 Philostorgius
3370 4915 3422 4968 in
3448 4916 3587 4969 libro
3618 4931 3716 4969 vm
3747 4936 3761 4970 :

2183 4987 2291 5040 Kal.
2317 4986 2408 5039 τὸν
2440 4986 2687 5040 Ναυάτον
2729 4987 2792 5039 ἐκ
2822 4985 2991 5067 φυλῆς
3031 4983 3305 5107 ὁρμᾶσθαι
3345 4984 3453 5039 τῶν
3506 4985 3764 5055 Φρυγῶν,

2183 5055 2363 5107 Onare
2414 5071 2524 5107 non
2554 5056 2753 5107 mirum
2788 5063 2873 5107 est
2914 5071 2960 5107 ει
3006 5071 3095 5107 mu
3124 5063 3210 5107 tos
3253 5071 3311 5107 tn
3359 5071 3423 5107 ea
3479 5058 3764 5107 nrovincia

2183 5055 2363 5120 Quare
2414 5071 2524 5127 non
2554 5056 2753 5127 mirum
2788 5063 2873 5111 est
2914 5055 2960 5110 si
3006 5055 3210 5109 multos
3253 5055 3311 5109 in
3359 5071 3423 5111 ea
3478 5058 3768 5127 provincia

2183 5126 2461 5195 dogmatis
2493 5126 2577 5181 sui
2608 5126 2800 5179 habuit
2828 5132 3154 5180 sectatores.

2254 5193 2366 5266 ('98)
2402 5199 2496 5260 Τις
2531 5195 2687 5263 ἀνὴρ
2716 5196 2995 5260 παλαιός.
3022 5193 3287 5266 Suspicor
3321 5194 3468 5251 hunc
3497 5211 3620 5252 esse
3647 5196 3769 5252 Au-

2184 5265 2455 5337 xanonem
2486 5266 2644 5319 illum
2696 5267 3022 5337 lottgzrvum,
3073 5265 3451 5337 presbyterum
3501 5267 3769 5323 Ecclesiae

2183 5336 2637 5399 Novatianorum,
2671 5335 2830 5405 cujus
2862 5337 3179 5391 testimonio
3209 5336 3383 5390 utitur
3414 5335 3669 5393 Socrates
3702 5340 3768 5395 in

2186 5407 2281 5462 lib.
2321 5422 2359 5470 ι,
2400 5421 2521 5476 cap.
2558 5406 2626 5460 l0
2670 5414 2723 5461 et
2750 5408 2834 5462 l5.
2863 5406 3132 5476 Caeterum
3157 5420 3264 5459 non
3296 5407 3598 5462 omittenda
3630 5418 3767 5462 sunt

2184 5477 2288 5531 hoc
2318 5477 2437 5532 loco
2464 5476 2755 5547 Nicephori
2787 5477 2953 5547 verba
2998 5476 3064 5531 de
3112 5475 3341 5533 Socrate
3367 5487 3555 5532 nostro
3581 5494 3594 5529 :
3629 5481 3769 5532 Ha'c

2177 5548 2279 5600 sibi
2301 5546 2609 5602 renuntiata
2638 5564 2751 5602 esse
2789 5546 3064 5613 Socrates,
3098 5546 3187 5617 qui
3235 5548 3330 5602 hoc
3375 5548 3490 5602 loco
3522 5565 3623 5601 non
3658 5548 3763 5600 ab-

2177 5618 2389 5673 horrere
2428 5636 2482 5673 se
2509 5635 2542 5672 α
2577 5617 3000 5687 Novatiangrum
3048 5617 3306 5671 institutis
3340 5618 3519 5686 palam
3557 5633 3669 5686 pra:
3701 5634 3766 5671 se

2173 5687 2296 5753 fert,
2350 5707 2379 5741 τι
2419 5706 2539 5760 sene
2564 5689 2792 5760 quodam
2845 5688 3050 5755 scribit,
3100 5699 3205 5743 etc.
3244 5687 3358 5759 Ego
3415 5696 3600 5744 tamen
3643 5702 3763 5744 non

2175 5761 2451 5815 assentior
2479 5758 2804 5830 Nicephoro.
