4070 6204
327 281 435 338 5H

1295 294 1620 351 HISTORIA
1658 296 2209 359 ECCIJESIASTICA.
2249 335 2318 345 —
2370 305 2497 360 LIB.
2538 303 2627 360 IV.
3477 305 3584 365 849

332 396 438 448 ὕπὸ
477 396 687 490 τούτων
735 399 843 469 γὰρ
882 402 915 471 ἡ
963 402 1319 460 Ναυατιανῶν
1362 407 1632 479 θρησκεία
1684 409 1880 480 μάλιστ

1987 414 2190 474 Judaei
2230 433 2418 490 azyma
2460 418 2821 481 celebrarent,
2846 427 2898 474 et
2939 432 3045 476 una
3083 434 3211 478 cum
3241 422 3352 479 illis
3381 422 3583 479 festum

324 487 690 563 ωνονίζεται.
718 491 902 545 Ταῦτα
935 494 1034 565 μὲν
1061 490 1154 549 οὖν
1180 495 1356 561 οὕτως
1399 498 1520 552 τότε
1544 500 1762 568 ἐγένετο
1781 518 1793 532 '
1829 501 1878 556 δι

2017 509 2273 578 paschale
2298 487 2703 566 celebraretur.
2766 508 2894 567 Haec
2935 511 3067 566 mihi
3112 515 3424 571 renuntiata
3458 523 3586 572 sunt

512 579 569 674 δε
588 582 784 674 μικρόν
811 581 1034 656 ὕστερον
1061 587 1203 659 καὶὴ
1222 589 1581 644 Ναυατιανῶν
1616 592 1883 663 Ἐκκλησίι

2016 612 2045 652 a
2068 598 2303 668 quodam
2335 615 2465 656 sene
2504 601 2600 672 qui
2637 616 2697 658 se
2749 601 3058 674 presbyteri
3088 602 3257 658 lilium
3287 619 3411 661 esse
3434 605 3587 663 dice-

320 669 393 722 δι’
441 671 659 764 ἐκείνην
682 672 782 744 τὴν
816 674 1053 740 σύνοδον,
1093 678 1170 743 ὡς
1213 681 1352 733 κατὰ
1398 681 1582 753 χώραν
1624 683 1862 754 ἐροῦμεν

2011 689 2125 756 bat,
2139 699 2193 745 et
2216 669 2543 761 supradictae
2564 669 2777 764 synodo
2796 708 2905 747 una
2919 669 3050 748 cum
3075 702 3229 764 patre
3246 695 3582 752 interfuisse.

322 760 575 830 μετιτέον
591 780 649 816 τε
677 765 926 819 ἐντεῦθεν
940 808 955 831 ,
988 769 1083 821 ἐπὶ
1098 769 1167 822 τὰ
1188 771 1309 824 κατ’
1331 772 1491 827 αὐτὸν
1522 773 1612 827 τὸν
1632 772 1823 844 χρόνον
1845 776 1883 828 ἐς

2009 778 2108 833 Cui
2137 760 2315 835 tamen
2351 783 2560 854 synodo
2591 760 2691 837 nec
2722 782 2968 854 Agelius,
2988 760 3419 839 Novatianorum
3442 786 3585 855 apud

319 854 441 916 τοῖς
478 853 755 925 ἑσπερίοις
774 858 1040 929 γενόμενα
1072 860 1311 933 μέρεσιν.

2010 853 2540 943 Constantinopolim
2571 853 2866 944 episcopus
2886 913 2901 939 ,
2936 888 3037 929 nec
3056 872 3336 931 Maximus
3355 853 3582 940 Nicaea,

319 963 428 1002 nec
474 948 810 1008 Nicomediae
845 963 939 1008 aut
988 955 1197 1012 ϐοιυωί
1230 956 1529 1013 adfuerunt
1573 959 1815 1032 episcopi
1839 1002 1856 1028 ,
1892 962 2025 1019 licet
2055 966 2126 1020 ab
2168 966 2256 1023 his
2288 969 2561 1038 praecipue
2592 977 2812 1040 regatur
2843 968 3091 1025 Ecclesia
3126 969 3581 1027 Novatianorum.

316 1042 390 1098 Et
432 1044 549 1100 haec
615 1046 836 1118 quidem
899 1059 1033 1107 tunc
1070 1055 1331 1123 temporis
1370 1063 1526 1125 gesta
1590 1066 1723 1112 sunt
1788 1059 1856 1114 ad
1895 1061 2041 1119 hunc
2080 1063 2324 1120 modum.
2372 1065 2480 1121 Sed
2514 1066 2679 1137 paulo
2710 1076 2833 1137 post
2868 1066 3298 1123 Novatianorum
3339 1066 3583 1123 Ecclesia

314 1149 547 1235 propter
576 1139 735 1196 istam
758 1145 1037 1235 synodum
1064 1147 1204 1204 duas
1229 1149 1285 1203 in
1312 1158 1495 1221 partes
1517 1149 1690 1207 divisa
1720 1162 1824 1217 est,
1848 1156 1930 1211 uti
1956 1172 2059 1215 suo
2090 1158 2212 1217 loco
2241 1159 2511 1219 dicemus.
2541 1159 2699 1218 Nunc
2731 1169 3076 1219 transeamus
3105 1162 3173 1218 ad
3212 1177 3276 1219 ea
3315 1178 3444 1234 quae
3484 1174 3586 1235 per

314 1227 466 1283 idem
499 1236 711 1301 tempus
756 1233 808 1287 in
841 1231 1152 1299 Occidentis
1186 1240 1435 1307 partibus
1468 1240 1839 1312 contigerunt.

890 1344 1149 1399 ΚΕΦΑΛ.
1189 1345 1318 1401 ΚΘ’.

2586 1355 2740 1411 CAP.
2791 1354 2986 1411 XXIX.

311 1452 465 1521 Περὶ
510 1452 791 1521 Δαμάσου
818 1455 927 1509 τοῦ
968 1455 1217 1525 Ῥώμης,
1244 1458 1342 1512 καὶ
1375 1461 1698 1530 Οὑρσίνου,
1734 1461 1883 1529 ὅπως

388 1523 464 1574 δι’
502 1523 724 1574 αὐτοὺο
737 1524 1006 1574 ταοιινῆι-
1029 1528 1128 1574 καὶ
1164 1527 1437 1574 (ruituram
1464 1531 1535 1574 ἐν
1574 1531 1765 1574 Ῥιῖυιιη
1801 1549 1883 1574 me.

2001 1462 2079 1518 De
2105 1462 2336 1519 Damaso
2356 1464 2595 1519 Romano
2615 1468 2874 1535 episcopo,
2894 1476 2943 1520 et
2971 1464 3163 1521 Ursino
3181 1483 3201 1530 ς
3220 1476 3273 1520 et
3286 1467 3572 1549 quomodo,

2070 1534 2324 1574 nodin'rmp
2361 1534 2538 1574 anm
2566 1547 2776 1574 nrnnur
2807 1537 2929 1574 illnc
2961 1537 3103 1574 [ιη-1η
3165 1538 3384 1574 "low-mi
3414 1540 3572 1574 int»-

426 1527 464 1574 ι’
502 1527 1535 1606 αὐτοὺςζαραχῆςῃκαὶχγτάσεωςἓν
1574 1531 1765 1602 Ῥώμῃ
1801 1527 1883 1602 re?

2068 1534 2324 1606 seditione
2355 1534 2538 1591 Romae
2565 1527 2929 1606 propter'illos
2957 1537 3125 1606 facta,
3164 1527 3384 1605 plurimi
3414 1527 3580 1592 inter;

388 1592 667 1661 νομόν-ης,
694 1592 1110 1663 φόνοςπολὺς
1130 1596 1654 1668 ἐπηκολούθησεν.
1680 1592 1699 1602 ’
1733 1592 1759 1600 ”
1808 1592 1821 1602 ’

2070 1604 2197 1674 fecti
2218 1615 2362 1660 sunt.

391 1704 500 1759 Τοῦ
538 1708 648 1779 γὰρ
704 1708 972 1778 βασιλέως
1017 1710 1466 1767 Οὐαλεντινιανοῦ
1542 1713 1758 1786 ἡσύχως
1815 1714 1883 1768 δι-

2072 1717 2208 1773 Cum
2231 1719 2533 1790 imperator
2548 1719 2966 1776 Valentinianus
2991 1720 3047 1773 in
3072 1734 3285 1776 summa
3311 1719 3579 1789 tranquil-

308 1796 562 1867 ἄγοντος,
591 1800 687 1853 καὶ
713 1801 971 1872 οὐδεμίαν
993 1802 1311 1869 σκύλλοντος
1335 1805 1566 1875 αἵρεσιν,
1591 1806 1847 1877 Δάμασος
1866 1817 1883 1846 ι

2002 1808 2155 1865 litate
2197 1810 2456 1881 degeret,
2501 1811 2640 1865 nulli
2685 1819 2849 1867 sectae
2881 1826 2945 1865 ac
2975 1811 3226 1881 religioni
3268 1810 3575 1865 molestiam

310 1891 459 1961 μετά
507 1892 760 1963 Λιόέριον
789 1894 888 1966 τὴν
917 1896 1017 1966 τῆς
1053 1899 1363 1968 ἐπισκοπῆς
1404 1899 1704 1972 ἱερωσύνην
1737 1902 1796 1955 ὲν
1821 1904 1883 1974 τῇ

1994 1902 2290 1968 exhibens,
2320 1903 2510 1959 Roma:
2538 1902 2809 1959 Damasus
2827 1913 2954 1989 post
2975 1902 3255 1959 Liberium
3286 1904 3576 1972 episcopa-

319 1982 517 2055 Ῥώμῃ
545 1984 760 2052 ἐδέξατο
783 2000 798 2014 ⁶
828 1988 914 2057 ἐφ’
943 1982 1004 2042 οὗ
1053 1990 1249 2061 συνέϐη
1284 1990 1396 2062 (99)
1424 1990 1767 2063 ταραχθῆναι
1793 1994 1883 2064 τὴκ

1996 2004 2084 2051 tus
2108 1996 2660 2075 “administrationem
2706 1982 2970 2067 suscepit.
3001 1996 3117 2052 Sub
3158 2011 3269 2067 quo
3313 1994 3577 2050 Romanae

306 2075 376 2127 ὲν
416 2075 606 2148 Ῥώμῃ
648 2079 998 2153 Ἐκκλησίαν,
1029 2081 1120 2135 διὰ
1156 2081 1414 2154 τοιαύτην
1459 2083 1660 2139 αἰτίαν·
1693 2087 1893 2155 Ούρσῐ-

307 2167 407 2231 νός
430 2168 460 2207 δ
505 2185 591 2231 τις
621 2170 719 2239 τῆς
748 2171 918 2241 αὐτῆς
964 2171 1290 2244 Ἐκκλησίας
1317 2174 1585 2238 διάκονος,
1610 2176 1896 2247 ὑπόψηφος

309 2257 576 2327 γέγονεν,
615 2260 778 2330 ἡνίκα
812 2263 845 2332 ή
885 2262 1112 2334 ὲπιλογὴ
1152 2263 1248 2317 τοῦ
1304 2264 1604 2319 ἐπισκόπου
1657 2267 1889 2335 ἐγίνετο.

326 2349 485 2402 Ἐπεὶ
512 2344 606 2403 οὖν
628 2351 930 2423 προεκρίθη
962 2353 1236 2423 Δάμασος,
1262 2353 1336 2425 μὴ
1361 2354 1542 2426 φέρων
1572 2358 1600 2409 ὁ
1633 2357 1894 2427 Ούρσῖνος

313 2438 416 2511 τὴν
466 2440 566 2510 τῆς
625 2440 839 2505 ἐλπίδος
888 2444 1211 2514 ἀποτυχίαν,
1264 2446 1645 2515 παρασυνάξαι
1681 2447 1770 2518 ,(1)
1824 2449 1890 2518 τῇ

322 2531 625 2604 Ἐκκλησία
675 2535 976 2589 ἐσπούδασε
1001 2553 1015 2567 ο
1079 2538 1173 2590 καὶ
1210 2536 1386 2591 πείθει
1430 2538 1587 2603 τινὰς
1644 2516 1892 2609 ἀσήμους

308 2623 665 2689 ἐπισκόπους,
693 2626 750 2680 ἐν
786 2626 1126 2698 παραϐύστῳ
1162 2629 1537 2699 χειροτονῆσαι
1566 2630 1750 2683 αὐτόν.
1780 2631 1890 2684 Καὶ

308 2720 695 2787 χειροτονεῖται
736 2719 836 2772 οὐκ
889 2721 947 2773 ὲν
980 2721 1285 2793 ἐκκλησίᾳ,
1317 2721 1433 2776 ἀλλ’
1478 2723 1535 2774 ὲν
1586 2722 1892 2795 ἀποκρύφῳ

309 2808 464 2879 τόπῳ
508 2810 611 2879 τῆς
658 2810 965 2883 βασιλικῆς,
1010 2813 1113 2884 τῆς
1158 2813 1594 2885 ἐπικαλουμένης
1648 2815 1889 2885 Σικινης.

312 2900 517 2954 Τούτου
558 2901 621 2971 δὴ
649 2903 963 2973 γενομένου,
1003 2904 1238 2975 διχόνοια
1275 2906 1366 2959 τὸν
1401 2906 1530 2961 λαὸν
1563 2907 1887 2979 ἐκράτησεν.

324 2992 676 3058 Ἐστασίαζον
702 2991 797 3049 οὖν
826 2997 963 3067 πρὸς
994 2998 1239 3062 ἑαυτοὺς,
1285 3000 1346 3051 ού
1378 2999 1467 3053 διά
1498 3016 1619 3053 τινα
1643 2998 1826 3053 πίστιν
1853 2998 1887 3070 ἦ

310 3082 548 3152 αἵρεσιν,
580 3083 717 3137 ἀλλὰ
749 3085 878 3156 περὶ
903 3085 998 3139 τοῦ
1027 3087 1188 3158 μόνον
1207 3088 1291 3152 τίς
1317 3088 1522 3157 ὀφείλει
1546 3087 1640 3142 τοῦ
1666 3078 1890 3143 ὲπισκοέ

1996 2086 2254 2143 Ecclesiae
2282 2088 2462 2159 gravis
2497 2095 2617 2143 orta
2645 2095 2731 2143 est
2765 2088 3129 2159 perturbatio,
3163 2085 3482 2157 hujusmodi
3505 2099 3575 2140 ex

1992 2194 2196 2235 causa:
2226 2179 2463 2235 Ursinus
2480 2178 2703 2249 quidam
2726 2178 2973 2248 ejusdem
3000 2177 3257 2234 Ecclesia:
3280 2177 3577 2244 diaconus,

1995 2283 2120 2321 cum
2173 2266 2242 2322 de
2291 2267 2543 2338 eligendo
2589 2267 2851 2337 episcopo
2900 2276 3194 2339 ageretur,
3242 2267 3388 2322 inter
3435 2267 3575 2322 alios

1995 2356 2311 2412 nominatus
2332 2356 2532 2412 fuerat.
2553 2355 2656 2421 Qui
2682 2371 2808 2411 cum
2838 2355 3127 2413 Damasum
3159 2356 3262 2412 sibi
3286 2356 3572 2426 praelatum

1992 2445 2243 2512 videret,
2297 2460 2440 2514 aegre
2488 2443 2671 2500 ferens
2722 2444 2870 2514 quod
2921 2460 3019 2514 spe
3076 2460 3177 2501 sua
3228 2446 3571 2509 excidisset,

2002 2551 2250 2592 seorsum
2282 2536 2351 2590 ab
2379 2535 2612 2591 ecclesia
2644 2544 2950 2591 conventus
2996 2552 3156 2605 agere
3190 2538 3469 2603 instituit;
3510 2543 3568 2591 et

1991 2628 2245 2682 obscuris
2273 2626 2605 2697 quibusdam
2658 2627 2937 2698 episcopis
2982 2629 3258 2698 persuasit
3298 2637 3358 2683 ut
3391 2629 3571 2696 ipsum

1992 2721 2049 2775 in
2085 2720 2300 2775 occulto
2330 2720 2670 2775 ordinarent.
2697 2720 2995 2775 Ordinatus
3029 2729 3114 2775 est
3137 2720 3342 2790 itaque,
3369 2735 3478 2773 non
3514 2720 3571 2774 in

1991 2811 2259 2876 ecclesia,
2308 2810 2405 2865 sed
2448 2810 2505 2864 in
2536 2817 2753 2865 secreto
2782 2812 2902 2865 loco
2942 2810 3185 2866 basilicae
3213 2825 3335 2880 qua:
3371 2808 3569 2863 Sicinii

1990 2911 2239 2958 vocatur.
2263 2900 2421 2969 Quod
2444 2902 2647 2958 factum
2675 2902 2970 2955 maximam
2994 2903 3397 2958 dissensionem
3428 2901 3574 2955 inter

1992 2997 2143 3052 cives
2190 2995 2475 3051 excitavit.
2521 2992 2682 3064 252
2724 2992 3073 3049 Dissidebant
3110 3000 3291 3047 autem
3340 3006 3451 3047 non
3499 2991 3574 3046 ob

1992 3088 2153 3142 ﬁdem
2176 3127 2191 3153 ,
2233 3094 2326 3141 aut
2354 3093 2578 3156 propter
2608 3086 2845 3154 aliquam
2889 3083 3142 3139 haeresim
3167 3123 3182 3147 ,
3226 3084 3321 3138 sed
3361 3083 3428 3138 de
3466 3082 3573 3137 hoc

309 3169 476 3223 πικοῦ
515 3171 704 3243 θρόνου
732 3175 1009 3247 ἐγκρατὴς
1035 3178 1312 3246 γενέσθαι.
1355 3180 1635 3234 Ἐντεῦθεν
1668 3180 1724 3234 δὲ
1757 3198 1883 3252 συμ-

1993 3186 2206 3234 tantum
2230 3217 2247 3242 ,
2286 3185 2408 3233 uter
2441 3177 2660 3231 illorum
2690 3176 3057 3246 epiSCOpalem
3095 3174 3281 3230 sedem
3319 3174 3573 3230 obtinere

308 3261 585 3331 πληγάδες
604 3265 713 3317 τῶν
733 3265 908 3336 ὄχλων
938 3269 1178 3336 ἐγίνοντο
1191 3271 1206 3301 λ
1228 3271 1369 3325 ὥστε
1389 3272 1484 3324 καὶ
1500 3273 1565 3325 ὲκ
1588 3273 1689 3342 τῆς
1711 3289 1887 3344 παρα-

307 3355 505 3426 τριὸἦς
526 3357 753 3421 πολλοὺς
779 3360 1091 3424 ἀποθανεῖν,
1113 3363 1206 3415 καὶ
1226 3362 1318 3416 διὰ
1346 3364 1506 3417 τοῦτο
1528 3363 1757 3428 πολλοὺς
1774 3364 1889 3418 λαῖ-

305 3445 439 3509 κούς
467 3463 526 3498 τε
559 3449 652 3501 καὶ
684 3450 979 3521 κληρικοὺς
1016 3453 1122 3507 ὑπὸ
1148 3454 1242 3507 τοῦ
1274 3455 1397 3509 τότε
1429 3456 1673 3527 ἐπάρχου
1708 3456 1885 3521 Μαξι-

309 3535 466 3609 μίνου
508 3538 584 3611 (2)
612 3543 1015 3616 τιμωρηθῆναι,
1052 3546 1149 3600 καὶ
1176 3545 1320 3600 οὔτω
1352 3547 1445 3601 τὸν
1473 3548 1595 3601 τότε
1625 3548 1887 3619 Οὑρσῖνον

1985 3271 2230 3327 deberet.
2268 3268 2407 3323 Hinc
2450 3268 2641 3324 crebra
2676 3268 2935 3336 utrinque
2970 3266 3147 3337 jurgia
3185 3274 3241 3323 et
3280 3265 3571 3323 conﬂictus

1986 3362 2133 3433 vulgi
2157 3361 2436 3425 exstitere,
2469 3362 2604 3416 adeo
2632 3372 2692 3415 ut
2721 3375 2787 3414 ex
2814 3373 2876 3414 ea
2909 3360 3322 3415 concertatione
3345 3359 3571 3430 plurimi

1991 3455 2326 3510 interierint.
2370 3452 2545 3519 Quam
2587 3456 2659 3509 ob
2690 3467 2911 3507 causam
2951 3453 3142 3517 multi,
3184 3463 3297 3507 tum
3343 3452 3567 3518 clerici,

1942 3582 1945 3585 ι
1994 3550 2110 3600 tum
2149 3544 2311 3610 laici,
2345 3559 2375 3599 a
2410 3543 2706 3599 Maximino
2732 3551 2863 3599 tunc
2895 3542 3158 3614 prmlecto
3184 3543 3340 3600 urbis
3362 3543 3570 3615 suppli-

1032 3749 1067 3765 ι
1506 3723 1776 3780 VALESII
1812 3721 2361 3781 ANNOTATIONES.

379 3812 497 3907 i9?)
535 3814 669 3907 ﬁeri.
688 3810 760 3907 οὲ
809 3796 1077 3907 σννέσηέ.
1115 3817 1489 3907 δοιὲδθηάβξπὶ
1534 3817 1761 3907 9Ξ¹ἱ¹¹ί¹¹9
1791 3827 1885 3907 3:"

304 3884 393 3953 ἐφ’
421 3884 508 3946 οὗ,
535 3896 594 3938 ut
625 3886 823 3958 legitur
855 3889 910 3942 in
959 3888 1150 3945 codice
1175 3887 1496 3944 Florentino
1533 3895 1588 3942 et
1612 3887 1755 3957 apud
1788 3886 1884 3941 Ni-

303 3954 628 4021 cephorum.

381 4025 459 4095 (l)
492 4026 942 4098 Παρασυνὰξαι.
972 4026 1205 4083 Verbum
1232 4028 1454 4098 elegans
1478 4026 1546 4080 ad
1571 4026 1884 4097 signiﬁcan-

302 4096 406 4169 dos
434 4104 747 4169 conventus
784 4097 1281 4169 schismatieorum,
1312 4096 1427 4169 qui
1448 4096 1882 4169 altare'conlra-

307 4166 452 4219 rium
485 4165 649 4218 altari
673 4168 884 4237 erigere
914 4165 1197 4223 dicuntur.
1221 4165 1361 4222 Hine
1397 4167 1679 4237 derivatur
1711 4183 1881 4237 παρα-

301 4237 624 4307 σδναοςωγή.
663 4236 836 4304 geuus
869 4238 1184 4295 scliismatis
1241 4238 1309 4293 de.
1356 4253 1467 4307 quo
1501 4236 1747 4306 loquitur
1778 4236 1878 4289 Ba-

301 4306 473 4362 silius
512 4305 569 4359 in
602 4305 845 4362 Eoistola
884 4309 1150 4362 canonica
1204 4308 1272 4362 ad
1313 4306 1757 4362 Amphilochium
1811 4308 1878 4362 de

301 4314 473 4387 stltus
513 4314 569 4359 in
602 4314 845 4376 Epistola
884 4314 1150 4363 canonica
1204 4314 1272 4362 ad
1313 4314 1757 4428 Amphilochium
1811 4314 1879 4362 de

302 4377 585 4445 baptismo
637 4377 1038 4432 haereticorum.
1087 4376 1264 4433 Verba
1294 4376 1419 4432 Basi
1444 4377 1480 4430 ii
1543 4376 1659 4431 haec
1709 4387 1879 4432 sunt:

301 4446 790 4519 Παρασυναγωγάς
810 4447 993 4519 δὲτὰς
1019 4446 1440 4519 παρασυνάξεις,
1468 4446 1566 4519 τὰς
1592 4447 1743 4519 παρὰ
1775 4446 1884 4519 τῶν

301 4464 790 4516 ιιαρασυναγωγας
810 4464 868 4500 οε
895 4464 993 4510 τας
1019 4464 1440 4519 παρασυναςεις,
1468 4464 1566 4510 τας
1592 4464 1669 4501 πα
1709 4464 1743 4500 α
1775 4464 1884 4499 των

298 4515 690 4596 ἀνυπευθύνων
724 4517 1109 4596 πρεσϐυτέρων
1152 4518 1245 4596 καὶ
1285 4516 1620 4583 ἐπισκόπων,
1653 4464 1705 4588 ἥρ
1734 4516 1884 4588 παρὰ

298 4586 420 4658 τῶν
449 4586 792 4658 ἀπαιδεύτων
818 4586 964 4639 λαῶν
991 4586 1302 4658 γινομένας.

1988 3818 2158 3876 ειίειε.
2194 3815 2286 3884 qui
2315 3814 2382 3869 de
2417 3814 2606 3871 Ursini
2644 3813 2945 3871 schismate
2987 3814 3219 3884 loquens
3265 3813 3339 3868 ita
3380 3815 3517 3872 dicit
3548 3837 3563 3875 :

1992 3887 2127 3952 Qua:
2162 3902 2244 3939 res
2280 3886 2511 3947 factione
2544 3885 2833 3940 Maximini
2861 3885 3100 3954 praefecti
3122 3924 3137 3948 ,
3166 3885 3291 3939 sa’vi
3314 3885 3565 3953 hominis,

1990 3957 2059 4011 ad
2090 3954 2343 4010 invidiam
2378 3955 2499 4010 boni
2532 3966 2580 4011 et
2613 3958 2908 4011 innocentis
2947 3972 3095 4009 versa
3129 3966 3209 4009 est
3254 3959 3565 4024 sacerdotis,

1990 4029 2068 4081 ita
2088 4037 2142 4079 ut
2171 4043 2334 4079 causa
2367 4025 2436 4079 ad
2466 4027 2774 4081 clericorum
2798 4042 2959 4095 usque
2978 4035 3239 4079 tormenta
3258 4024 3561 4083 duceretur.

1990 4097 2068 4166 Eo
2097 4095 2319 4166 quidem
2351 4110 2499 4166 anno
2529 4113 2639 4165 quo
2661 4096 2898 4152 Ursinus
2935 4110 3109 4166 suum
3137 4095 3565 4166 schismacon-

1987 4163 2160 4231 ﬂavit,
2207 4180 2317 4219 non
2362 4163 2735 4229 Maximinus,
2778 4166 2872 4221 sed
2926 4163 3219 4233 Juventius
3274 4163 3566 4233 praefectus

1987 4237 2110 4291 urbi
2153 4234 2276 4299 fuit,
2318 4244 2380 4288 ut
2438 4244 2673 4290 testatur
2722 4235 3047 4288 Ammianus
3100 4232 3454 4288 Marcellinus
3509 4236 3564 4289 in

1990 4307 2087 4360 lib.
2121 4321 2296 4359 xxv".
2333 4305 2437 4359 Sed
2475 4321 2598 4358 cum
2632 4307 2736 4359 hoc
2765 4304 3003 4358 scliisma
3028 4304 3229 4357 multos
3261 4317 3435 4359 annos
3467 4305 3567 4359 du-

1992 4377 2221 4437 raverit,
2256 4375 2370 4444 fieri
2406 4383 2585 4444 potest
2613 4384 2671 4430 ut
2698 4374 3033 4429 Maximinus
3066 4373 3359 4444 praefectus
3391 4388 3563 4428 anno-

1991 4461 2074 4517 nae
2103 4444 2170 4499 de
2190 4442 2381 4499 eodem
2407 4442 2989 4517 negotioucognoverit
3008 4483 3022 4504 .
3054 4442 3108 4499 et
3136 4443 3566 4517 nonnulloscle-

1992 4516 2235 4570 ricorum
2270 4512 2562 4570 tormentis
2598 4512 2861 4571 all‘ecérit.
2899 4512 3024 4568 Fuit
3048 4521 3228 4568 autem
3263 4514 3350 4567 hic
3392 4515 3565 4570 Maxi-

1992 4588 2175 4639 minus
2227 4583 2523 4653 prtel'ectus
2557 4600 2789 4640 annonzu
2841 4600 2987 4638 anno
3041 4584 3276 4654 septimo
3322 4582 3563 4641 Valenti-

370 4653 627 4727 (sigma
648 4658 753 4711 τοῦ
777 4659 909 4712 τότε
936 4653 1210 4727 ὑπάρχου
1241 4656 1599 4726 Μαειμίνου.
1633 4654 1880 4727 Sumpsit

1988 4656 2159 4727 niani,
2192 4662 2251 4727 ut
2296 4654 2493 4727 scribit
2534 4655 2900 4727 Hieronymus
2930 4655 2985 4708 in
3039 4653 3323 4712 Chronico.
3366 4656 3438 4714 De
3466 4672 3563 4713 eo-

295 4724 414 4780 haac
457 4723 717 4782 Socrates
753 4742 820 4782 ex
852 4723 1230 4784 [tutiuililnu
1307 4723 1562 4782 Historiis
1609 4723 1878 4783 Eccleéia-

1984 4725 2108 4781 dem
2135 4715 2322 4780 multa"
2343 4724 2503 4780 habet
2537 4715 2912 4782 Marcellinus.

1753 4905 2136 4963 VARIORUM.

366 5034 392 5061 δ
435 5019 740 5087 Δάμασος.
779 5019 1070 5085 Damasus,
1118 5023 1340 5077 Antonii
1370 5022 1660 5088 cuiusdam
1704 5021 1872 5086 ﬁlius,

292 5098 463 5160 gente
516 5090 1054 5162 Ilispanus,_patria
1104 5110 1170 5147 ex
1228 5093 1448 5147 Mantua
1505 5093 1871 5162 Carpetanus,

290 5177 460 5231 quiem
491 5160 677 5215 tamen
717 5161 808 5214 alii
847 5160 1340 5226 Tarraconensem,
1368 5164 1458 5216 alii
1489 5179 1552 5216 ex
1596 5160 1877 5216 Lusitanis

290 5230 643 5294 llaeditanum
687 5232 859 5285 fuisse
889 5234 1118 5288 volunt:
1156 5232 1420 5288 Ecclesia:
1471 5231 1732 5285 Romanae
1780 5232 1885 5288 sub

294 5299 523 5356 Liberio
550 5302 844 5361 diaconus.
893 5302 1095 5358 deinde
1138 5304 1446 5373 presbyter,
1494 5302 1883 5373 deniqueepj-

294 5386 505 5439 scapus
526 5386 674 5425 anno
702 5373 805 5427 566
828 5374 845 5443 (
869 5372 1046 5426 scribe
1075 5389 1197 5443 cum
1232 5371 1396 5443 Pagio
1421 5381 1486 5443 e_t_
1510 5371 1690 5426 Vales.
1741 5371 1879 5443 567)

295 5443 664 5503 constitutus,
717 5441 844 5496 alia
881 5442 1101 5496 interim
1152 5441 1392 5497 factione
1445 5441 1711 5496 Ursinum
1761 5441 1879 5496 sive

296 5509 620 5581 Ursicinum
658 5512 954 5566 diaconum
989 5511 1175 5566 Romae
1211 5513 1532 5581 episcopum
1559 5512 1870 5581 ordinante.

295 5580 491 5652 Magna
566 5582 832 5650 utrinque
875 5583 1230 5638 contentione
1273 5595 1326 5638 et
1378 5580 1580 5652 multo
1611 5580 1874 5649 sanguine

298 5651 537 5705 res’acta
566 5661 692 5717 est;
726 5652 866 5706 adeo
898 5659 958 5703 ut
992 5667 1100 5706 uno
1129 5652 1236 5715 die,
1287 5660 1513 5706 notante.
1555 5651 1867 5714 Ammiano,

300 5719 393 5776 lib.
425 5738 601 5792 xxvii,
635 5724 787 5781 cives
808 5736 1024 5777 cxxxvn
1062 5722 1231 5778 occisi
1273 5731 1420 5780 sunt.
1467 5720 1622 5778 Victo
1651 5720 1867 5779 demum

1983 5019 2280 5091 fugatoque
2299 5018 2572 5082 Ursicino,
2597 5018 2864 5091 Damasus
2888 5019 3075 5076 sedem
3097 5022 3340 5091 quietam
3362 5023 3560 5079 tenuit.

1983 5090 2146 5159 (Guil.
2177 5089 2338 5150 Cave.
2370 5090 2437 5143 ad
2455 5104 2600 5159 iann.
2632 5089 2780 5157 566.)

2054 5160 2081 5199 ιι
2113 5159 2423 5231 Οὺρσῖνος,
2453 5158 2530 5213 Ita
2560 5161 2612 5212 in
2645 5160 2838 5214 codice
2868 5158 3056 5231 Regio,
3080 5160 3382 5231 Valent._ct
3405 5161 3561 5216 Coll).

1986 5230 2328 5300 nominatur.
2376 5228 2566 5298 Neque
2599 5231 2759 5284 aliter
2808 5246 2931 5285 eum
2954 5228 3264 5300 'appellaut
3300 5229 3562 5299 llierony-

1987 5308 2207 5372 musci
2247 5299 2973 5372 cassiodorus.HAgceduut
3020 5299 3564 5372 epistol-.e__concil_ii
3656 5348 3657 5351 η

1981 5367 2355 5434 Aquileiensis
2386 5377 2439 5422 et
2474 5370 2694 5424 concilii
2747 5367 2978 5424 Romani
3014 5367 3204 5425 a'Jac.
3263 5367 3571 5434 Sirinundo

1984 5432 2168 5505 editae,
2204 5440 2257 5493 in
2299 5439 2500 5508 quibus
2529 5439 2764 5495 Ursinus
2798 5440 3022 5504 dicitur,
3054 5449 3115 5494 ut
3164 5444 3217 5490 et
3256 5432 3398 5500 apud
3450 5433 3573 5508 Ibu-

1980 5508 2169 5564 Iinum.
2221 5505 2482 5570 Valesius,
2511 5508 2637 5564 Νοι.
2660 5511 2714 5563 in
2738 5511 3009 5564 Ammian.
3035 5510 3127 5563 lib.
3148 5516 3312 5571 xxvn_.
3337 5505 3569 5571 080-},

1978 5579 2069 5648 ubi
2098 5580 2260 5634 etiam
2289 5579 2418 5648 legit
2447 5564 2778 5648 :Ursinusu
2810 5579 3044 5635 Doctiss.
3078 5582 3255 5648 tamen
3271 5564 3421 5616 dom.
3468 5564 3585 5633 Ιὶὶλ

1976 5645 2099 5716 Pi".
2140 5640 2377 5716 δανειιᾷ
2414 5657 2467 5706 et
2501 5649 2699 5723 Pagius
2738 5646 3013 5705 Ursicinus
3046 5640 3271 5700 malunt.
3612 5648 3617 5652 ν
