4070 6204
324 248 445 308 5ιό

929 359 1179 414 ΚΕΦΑΛ.
1209 356 1334 413 AA'.

555 449 695 518 Περὶ
721 449 832 518 τῆς
859 445 1146 517 τελευτῆς
1182 448 1710 504 οὺαλεντινιανοῦ.

405 542 566 599 Μετά
584 542 643 596 δὲ
665 541 841 597 ταῦτα
860 542 890 593 ὁ
917 540 1192 613 βασιλεὺς,
1216 540 1587 612 Σαυροματῶν
1607 538 1923 608 ἐπεξελθόν-

329 652 441 688 των
489 635 559 704 τῇ
614 631 906 702 Ῥωμαίων
956 632 1122 704 ἀρχῇ,
1163 631 1250 683 ἐπ’
1296 632 1492 695 αὐτοὺς
1539 630 1734 702 ὲχὼρει
1780 628 1919 702 μετὰ

329 724 599 794 πλείστης
657 722 1038 795 παρασκευῆς.
1096 720 1317 790 Ταύτην
1372 721 1473 775 οὐκ
1530 721 1766 792 ἧνεγκαν
1819 720 1919 792 τὴν

330 815 697 886 παρασκευὴν
742 814 1077 876 ἀκούσαντες
1134 813 1186 866 οἱ
1252 811 1552 883 βάρϐαρον
1600 812 1737 867 ἀλλά
1790 829 1923 885 πρε-

331 908 704 977 σϐευσάμενοι
730 906 868 977 πρὸς
905 903 1091 969 αὑτὸν,
1123 903 1349 975 ᾐτοῦντο
1392 903 1486 957 ἐπὶ
1513 902 1810 974 συνθήκαις
1843 905 1921 957 εί-

330 1003 508 1073 ρήνης
554 1001 763 1071 τυχεῖν.
800 998 925 1053 Τῶν
970 996 1260 1069 πρέσϐεων
1306 996 1364 1049 δὲ
1404 995 1775 1061 εἰσελθόντων,
1824 1000 1919 1051 καὶ

327 1093 616 1164 φανέντων
640 1092 741 1144 οὐκ
755 1090 1130 1161 ἁξιοπρεπῶν,
1152 1087 1439 1159 ἠρώτησεν
1465 1088 1514 1140 εί
1535 1088 1767 1142 τοιοῦτοι
1788 1088 1920 1143 Σαυ-

330 1186 573 1259 ρομάται
598 1184 801 1247 πάντες
850 1182 1009 1237 εἰσιν.
1062 1179 1544 1252 ’Δποκριναμένων
1569 1180 1627 1234 δὲ
1647 1181 1757 1235 τῶν
1784 1181 1919 1252 πρέ-

331 1278 532 1340 σϐεων,
567 1278 693 1339 τοὺς
717 1275 974 1347 ἀρίστους
996 1272 1368 1345 Σαυροματῶν
1391 1273 1548 1343 ἥκειν
1570 1271 1706 1343 πρὸς
1730 1273 1915 1340 αὐτὸν,

328 1369 639 1440 πληροῦται
684 1364 860 1438 θυμοῦ
910 1365 1396 1430 Οὑαλεντινιανδς,
1444 1367 1539 1420 κα)⁸
1586 1366 1730 1436 μέγα
1778 1366 1917 1436 βοῶν

329 1463 517 1530 Eis-{5'
552 1460 741 1523 κακῶς
779 1458 1045 1527 πράττειν
1086 1457 1190 1527 τὴν
1234 1457 1521 1527 Ῥωμαίων
1552 1457 1727 1529 ἀρχὴν
1762 1474 1917 1528 περι-

326 1553 599 1608 ελθοῦσαν
619 1553 699 1614 εἰς
710 1550 900 1613 αὑτὸν,
926 1549 1060 1602 ὅπου
1082 1546 1297 1601 τοιοῦτο
1314 1547 1473 1616 γένος
1490 1547 1600 1603 τῶν
1620 1547 1915 1621 βαρϐάρων

327 1644 551 1706 εὐτελὲς
588 1642 690 1696 οὐκ
722 1641 915 1711 ἀγαπᾷ
961 1639 1092 1711 παρ’
1138 1637 1319 1709 ἐαυτῷ
1351 1643 1536 1710 μένειν
1565 1638 1872 1709 σωζόμενον
1897 1679 1912 1704 ,

329 1736 450 1790 ἀλλ’
483 1699 622 1788 ὅπλα
653 1699 925 1804 clpa-irai...
957 1699 1058 1785 καί
1098 1699 1386 1801 Ῥωμαίων
1418 1731 1578 1801 ὄρους
1609 1699 1792 1797 πατεῖ,
1822 1699 1914 1785 καί
1948 1699 1988 1754 Β

328 1830 415 1891 εἰς
468 1826 703 1897 πόλεμον
757 1822 1108 1894 θρασύνεται.
1149 1823 1263 1876 Καὶ
1301 1820 1556 1876 τοσοῦτον
1595 1823 1654 1877 ὲν
1699 1825 1767 1894 τῇ
1814 1822 1911 1894 βοῇ

323 1916 711 1989 διασπαράξας
743 1915 934 1985 ἔτυχεν
958 1912 1329 1978 ἑαυτὸν,ῶστε
1358 1914 1540 1967 πᾶσαν
1563 1913 1664 1985 μὲν
1694 1915 1917 1968 ἀναστο·

332 2011 591 2082 μωθῆναι
632 2008 803 2079 φλέϐα
827 2047 843 2073 ,
883 2006 1063 2061 πᾶσάν
1109 2023 1171 2059 τε
1210 2004 1480 2077 ἀρτηρίαν
1528 2004 1910 2076 διαρραγῆναι.

326 2105 448 2158 Καὶ
473 2102 642 2166 οὕτως
668 2102 898 2172 αἵματος
931 2098 1263 2163 ἐκδοθέντος,
1288 2097 1519 2168 τελευτᾷ
1539 2095 1567 2136 ἀ
1592 2098 1649 2149 ὲν
1669 2095 1914 2168 φρουρίῳ

324 2189 379 2265 ᾧ
409 2193 769 2266 προσωνυμία
794 2191 1100 2263 Βεργιτίων
1122 2231 1138 2256 ,
1183 2189 1324 2261 μετά
1345 2188 1447 2262 τὴν
1476 2188 1745 2242 ὑπατείαν
1776 2189 1915 2259 Γρα-

327 2289 522 2346 τιανοῦ
553 2288 615 2341 τὸ
647 2286 832 2359 τρίτον
860 2286 955 2339 καὶ
991 2282 1259 2337 Ἐκοιτίου
1279 2321 1295 2347 ,
1327 2282 1457 2354 περὶ
1475 2281 1575 2354 τὴν
1597 2280 1916 2335 ἑπτακαιδεο

331 2380 511 2449 κάτην
538 2377 631 2431 τοῦ
658 2375 977 2447 Νοεμϐρίου
1005 2385 1030 2414 ο
1065 2372 1237 2445 μηνός
1256 2388 1271 2403 ’
1305 2371 1478 2444 ζήσας
1510 2371 1605 2441 ἔτη
1625 2370 1722 2435 νδν,
1761 2369 1916 2441 βασι-

328 2471 530 2533 λεύσας
558 2469 654 2540 ἔτη
683 2465 946 2538 δεκατρία
986 2463 1033 2521 ί.
1070 2463 1511 2535 Τελευτήσαντος
1545 2457 1640 2516 οὖν
1675 2460 1914 2516 Οὐαλεν-

326 2561 571 2618 τινιανοῢ
595 2599 613 2626 ,
666 2560 718 2614 οἱ
761 2558 903 2613 κατὰ
953 2556 1051 2629 τὴν
1109 2554 1342 2610 Ἰταλίαν
1390 2553 1727 2626 στρατιῶται
1776 2554 1912 2625 ἕκτῃ

324 2654 518 2727 ἡμέρᾳ
567 2651 706 2723 μετά
737 2650 837 2722 τὴν
865 2648 1147 2720 τελευτὴν.
1179 2646 1271 2701 τὸν
1301 2644 1594 2718 ὁμώνυμον
1632 2645 1710 2719 τῷ
1745 2646 1915 2717 πατρὶ

340 2741 797 2799 Οὐαλεντινιανὸν
839 2743 864 2783 ⁸
896 2742 1026 2795 νέαν
1056 2741 1263 2809 ἄγοντα
1299 2738 1497 2811 κομιδῇ
1541 2740 1641 2810 τὴν
1673 2739 1911 2809 ἡλικίαν,

1320 245 1648 304 HISTORIA
1684 243 2238 303 ECCLESIASTICA.
2277 276 2350 288 —
2386 246 2515 302 LIB.
2555 240 2651 303 IV.
2716 310 2719 313 ν

1949 361 1999 418 A

3502 253 3610 313 546

2640 352 2795 414 CAP.
2835 354 3026 415 XXXI.

2472 450 2553 505 De
2582 453 2731 507 obitu
2765 446 3152 507 Valentiniani.

2093 538 2291 597 Postea
2332 556 2461 597 vero
2497 556 2622 597 cum
2651 542 2918 599 Sarmata:
2959 541 3014 595 in
3057 541 3431 602 Romanorum
3468 547 3607 608 lines

2023 629 2404 688 incursionem
2450 631 2736 698 fecissent,
2778 635 3084 706 imperator
3120 648 3248 689 cum
3289 636 3606 708 ingentibus

2023 722 2200 792 copiis
2238 731 2430 777 contra
2471 738 2568 779 eos
2616 723 3024 794 expeditionem
3076 723 3267 778 movit.
3318 724 3490 795 Cujus
3526 727 3606 783 rei

2022 815 2222 870 nuntio
2275 816 2455 870 territi
2507 816 2752 880 barbari,
2810 818 2985 872 missa
3033 815 3102 871 ad
3148 831 3273 872 eum
3329 818 3607 889 legatione

2020 918 2213 974 pacem
2265 905 2372 961 sub
2421 906 2835 963 conditionibus
2884 909 3256 978 postularunt.
3306 907 3494 981 Legati
3549 912 3605 968 in

2026 996 2420 1051 consistorium
2450 997 2774 1060 introducti,
2810 1014 2935 1054 cum
2977 1000 3294 1070 imperatori
3333 1003 3469 1059 viles
3503 1004 3597 1058 ad-

2024 1087 2250 1142 nzodum
2282 1088 2598 1160 abjectique
2642 1089 2984 1158 viderentur,
3026 1093 3345 1150 sciscitatus
3385 1103 3471 1151 est
3502 1096 3604 1149 im-

2022 1188 2244 1248 perator
2303 1189 2493 1236 utrum
2543 1196 2737 1238 omnes
2780 1180 3044 1238 Sarmata:
3073 1192 3260 1240 essent
3307 1185 3598 1255 ejusmodi.

2017 1270 2271 1342 Cumque
2305 1274 2728 1344 respondissent
2770 1275 2955 1345 legati,
2996 1276 3166 1332 totius
3212 1279 3393 1346 gentis
3444 1277 3601 1333 nobi-

2018 1364 2260 1420 lissimos
2327 1366 2395 1419 ad
2461 1365 2645 1436 ipsum
2705 1367 2961 1431 venisse,
3029 1366 3442 1424 Valentinianus
3517 1371 3600 1423 ira

2016 1455 2316 1511 excanduit
2350 1473 2365 1511 :
2398 1471 2701 1529 vocemque
2747 1459 2914 1513 altius
2959 1459 3238 1524 attollens,
3273 1459 3417 1515 malo
3459 1474 3599 1530 quo-

2016 1551 2141 1606 dam
2191 1551 2304 1607 fato
2344 1552 2651 1624 principem
2686 1568 2746 1609 se
2779 1551 2982 1607 factum
3024 1568 3149 1609 esse
3190 1554 3331 1609 dixit
3378 1554 3600 1624 imperii

2019 1641 2285 1708 Romani,
2338 1644 2562 1715 quando
2616 1644 2933 1713 bujusmodi
2991 1643 3356 1699 barbarorum
3423 1660 3595 1716 gens,

2022 1734 2161 1789 adeo
2200 1736 2321 1791 vilis
2361 1745 2415 1792 et
2467 1745 2801 1806 contempta,
2853 1737 2972 1792 suis
3010 1753 3071 1794 se
3119 1738 3323 1794 ﬁnibus
3371 1740 3599 1796 minime

2021 1826 2351 1890 contineret,
2388 1840 2489 1881 nec
2512 1828 2650 1882 satis
2678 1828 2903 1884 haberet
2937 1830 3173 1884 salutem
3206 1845 3362 1885 suam
3394 1830 3447 1884 in
3478 1838 3598 1887 tuto

2020 1917 2320 1982 collocare,
2375 1918 2470 1973 sed
2508 1918 2655 1973 ultro
2686 1933 2842 1973 arma
2867 1931 3108 1990 caperet,
3142 1932 3195 1976 et
3224 1922 3598 1977 Romanorum

2020 2008 2160 2064 fines
2207 2009 2479 2076 calcaret,
2530 2019 2585 2066 et
2640 2010 2712 2065 ad
2763 2010 2966 2066 bellum
3020 2028 3198 2083 usque
3248 2012 3597 2069 inferendum

2020 2108 2426 2173 prorumperet.
2463 2103 2641 2172 Atque
2671 2102 2724 2156 in
2753 2110 2966 2157 tantum
3003 2107 3298 2175 semetipse
3331 2104 3600 2161 distendit

2018 2192 2401 2260 vociferando,
2426 2204 2485 2248 ut
2536 2203 2591 2250 et
2621 2210 2789 2251 venas
2831 2210 3026 2251 omnes
3058 2197 3320 2266 aperiret,
3364 2205 3420 2252 et
3455 2206 3599 2252 arte-

2018 2286 2137 2341 rias
2194 2278 2591 2355 disrumpereti
2648 2283 2729 2339 Ad
2785 2285 2934 2340 hunc
2999 2288 3223 2341 modum
3272 2293 3599 2358 erumpente

2021 2378 2308 2449 sanguinis
2336 2378 2496 2448 copia
2526 2378 2737 2433 interiit
2778 2377 2833 2432 in
2866 2379 3099 2434 castello
3127 2379 3448 2451 Brigitione,
3474 2389 3601 2451 post

2019 2471 2371 2526 consulatum
2407 2468 2653 2522 Gratiani
2678 2469 2901 2524 tertium
2949 2476 3004 2525 et
3044 2468 3274 2540 Equitii,
3316 2471 3408 2527 die
3434 2472 3600 2541 quin-

2021 2562 2295 2618 todecimo
2320 2559 2598 2615 Kalendas
2636 2559 2979 2625 Decembris,
3019 2575 3143 2616 cum
3173 2562 3407 2618 vixisset
3438 2562 3600 2618 annis

2020 2662 2264 2725 quatuor
2289 2658 2343 2707 et
2365 2651 2792 2721 quinquaginta,
2839 2651 3169 2722 imperasset
3205 2659 3386 2707 autem
3425 2651 3605 2708 trede-

2021 2747 2152 2801 cim.
2200 2744 2420 2799 Mortuo
2474 2743 2663 2814 itaque
2711 2742 3118 2808 Valentiniano,
3160 2744 3363 2800 milites
3395 2744 3488 2814 qui
3542 2743 3600 2799 in

328 2834 559 2908 βασιλέα
576 2833 952 2905 ἀνηγόρευσαν
967 2834 1024 2886 ὲν
1040 2832 1272 2905 ’Δκίνκῳ
1288 2809 1441 2887 πόλει
1452 2809 1551 2902 τῆς
1566 2830 1791 2895 Ἰταλίας
1808 2829 1909 2902 (4).

2021 2836 2177 2891 Italia
2202 2841 2389 2902 erant,
2419 2809 2588 2889 sexto.
2608 2839 2736 2905 post
2766 2839 2999 2888 mortem
3036 2832 3160 2904 ejus
3194 2831 3306 2899 die,
3343 2809 3516 2888 Illi—um
3547 2832 3600 2888 ei

1532 2970 1809 3029 VALESII
1844 2972 2405 3033 ANNOTATIONES.

410 3060 482 3134 μ)
528 3061 624 3137 Ἐν
671 3061 928 3137 ’ᾼᾳςίνκῳ
977 3063 1168 3137 πῖςλςςενιΔ
1203 3062 1641 3137 τῆςχἾταλίαςζ
1701 3064 1913 3137 Duplex

325 3132 509 3197 error,
535 3134 677 3187 alter
718 3134 1094 3198 librariorum,
1120 3134 1258 3188 alter
1308 3132 1575 3190 Socratis.
1609 3134 1714 3190 Sed
1755 3132 1911 3193 erro-

325 3219 446 3259 rem
483 3204 700 3272 quidem
743 3204 1093 3257 librariorum
1146 3203 1308 3273 facile
1353 3206 1685 3260 sustulimus
1710 3221 1775 3261 ex
1810 3224 1911 3263 au—

327 3274 591 3330 etoritale
629 3273 887 3328 codicum
932 3282 1252 3329 nostrorum
1294 3273 1597 3330 Florentini
1648 3290 1714 3331 ac
1759 3277 1919 3332 Sfor-

2022 3050 2182 3125 tiani.
2216 3066 2465 3122 Socratis
2493 3081 2626 3121 vero
2659 3078 2902 3121 errorem
2955 3063 3044 3119 hic
3088 3072 3315 3122 notasse
3345 3061 3597 3129 suiliciet,

2021 3140 2115 3210 qui
2140 3139 2423 3221 _Acincum
2463 3136 2653 3193 urbem
2693 3136 2865 3193 Italia:
2902 3143 3084 3203 vocat,
3123 3149 3246 3207 quas
3292 3133 3400 3191 fuit
3449 3132 3591 3190 Pan-

2022 3225 2224 3265 nonnae.

1777 3437 2153 3495 VARIORUM.

327 3536 385 3583 et
417 3535 648 3598 matrem
679 3526 897 3581 viduam
924 3540 1029 3598 una
1051 3540 1175 3580 cum
1198 3541 1390 3598 sorore
1417 3527 1648 3598 ejusque
1679 3531 1900 3593 comite,

324 3597 572 3667 episcopi
605 3612 825 3668 manum
870 3597 1211 3668 osculantem
1235 3597 1469 3668 videret,
1512 3599 1628 3668 ipse
1669 3600 1736 3654 iis
1766 3600 1902 3653 dex-

2012 3531 2230 3599 {unctus
2271 3529 2707 3599 Valentinianus“
2732 3529 2911 3584 senior
2953 3545 3024 3583 xv
3073 3528 3229 3599 Kal.“
3255 3528 3495 3582 Decemb.
3542 3529 3599 3586 in

2009 3597 2230 3654 castello
2284 3599 2594 3669 Virgilione.
2664 3597 2731 3651 Et
2771 3599 2989 3669 levatus
3052 3608 3133 3653 est
3190 3597 3597 3669 Valentinianus

329 3666 476 3723 tram
523 3667 742 3740 obtulit,
775 3667 972 3740 lepide
1032 3666 1226 3740 dicens
1255 3705 1271 3730 ,
1321 3667 1423 3722 sibi
1467 3666 1635 3740 id'ab
1675 3671 1743 3724 iis
1782 3669 1902 3737 ﬁeri
2000 3671 2191 3740 junior
2223 3666 3132 3740 Aug.'ﬁliusuAug.‘Valentiniani
3169 3668 3234 3721 ab
3276 3670 3511 3723 exercitu
3542 3672 3597 3724 in

329 3748 591 3806 oportere,
644 3738 916 3807 siquidem
968 3737 1291 3805 episcopum
1349 3754 1408 3791 se
1460 3737 1707 3793 futurum
1778 3755 1901 3794 esse
2001 3737 2283 3804 tribunali,
2312 3737 2416 3793 die
2463 3756 2495 3794 x
2546 3737 2691 3792 Kal.’
2727 3738 2968 3793 Decemb.
3014 3741 3066 3792 in
3113 3740 3325 3793 civitate
3376 3740 3595 3807 Acinco,

330 3805 695 3862 memorabat.
725 3805 886 3861 Omni
925 3807 1274 3877 saecularium
1331 3807 1639 3877 litterarum
1698 3824 1899 3877 genere

332 3878 657 3947 perpolitus,
685 3892 882 3931 causas
908 3877 961 3929 in
988 3875 1265 3947 auditorio
1292 3876 1633 3944 praefectura:
1660 3875 1901 3947 praetorii

330 3943 483 4001 tanta
509 3947 821 4016 eloquentia
851 3946 980 4015 egit,
1013 3954 1071 3999 ut
1100 3943 1313 4000 Probus
1343 3948 1584 4015 praetorii
1614 3943 1903 4015 praefectus

327 4034 455 4072 eum
488 4018 593 4072 sibi
651 4018 1030 4071 consiliarium
1064 4017 1342 4079 asciverit,
1393 4032 1519 4071 mox
1551 4023 1717 4071 etiam
1768 4017 1904 4071 insi—

326 4087 460 4157 gnia
491 4087 807 4157 c_onsularia
838 4086 1192 4157 ei‘detulerit,
1219 4086 1532 4157 commissis
1559 4088 1734 4157 ipsius
1771 4087 1905 4156 regi-

328 4155 468 4210 mini
511 4155 733 4225 Liguria
760 4166 811 4211 et
847 4155 1068 4227 (limina
1107 4156 1427 4227 provinciis,
1479 4155 1642 4227 eique
1680 4155 1903 4224 prolici-

327 4228 509 4297 scenti
548 4227 803 4280 mandata
832 4225 983 4281 dedit
1011 4225 1344 4297 hisverbis:
1381 4225 1670 4297 Vade,'age
1710 4236 1903 4297 nonut

321 4296 514 4367 iudex,
553 4296 643 4350 sed
672 4306 726 4349 ut
756 4297 1048 4365 episcopus.
1076 4294 1421 4367 Provinciam
1450 4294 1758 4367 ingreSsus,
1790 4296 1902 4352 Me-

327 4365 538 4421 diolani
568 4368 708 4422 lares
734 4368 872 4429 lixit,
903 4367 1079 4421 donec
1100 4379 1247 4420 anno
1272 4365 1400 4427 574,
1430 4365 1652 4421 mortuo
1678 4368 1901 4420 Auxen-

327 4438 408 4489 tio
437 4436 686 4504 ejusdem
737 4437 886 4492 urbis
919 4438 1308 4507 episcopoaet
1356 4435 1428 4507 de
1456 4438 1605 4507 novi
1651 4437 1897 4507 episcopi
1934 4438 1977 4493 D
2005 4436 2139 4489 anni
2187 4436 2313 4501 575,
2356 4451 2383 4488 a

324 4508 598 4561 electione
641 4508 844 4561 acriter
870 4505 1359 4567 contendentibus,
1412 4505 1541 4561 hinc
1571 4505 1898 4569 Catholicis,

326 4577 459 4631 inde
487 4577 714 4631 Arianis
738 4617 753 4643 ,
810 4590 938 4630 cum
991 4591 1081 4631 res
1105 4576 1219 4645 jam
1248 4576 1303 4629 in
1364 4591 1596 4630 nervum
1636 4584 1902 4645 eruptura

326 4658 495 4707 esset,
547 4646 705 4701 adest
747 4646 1093 4710 Ambrosius,
1142 4653 1201 4699 ut
1250 4646 1581 4700 auctoritate
1628 4662 1728 4702 sua
1780 4646 1901 4714 paci

326 4717 577 4799 publicae.
593 4716 909 4799 consuleret
937 4733 961 4799 ;Δ
981 4730 1105 4799 cum
1137 4714 1322 4799 subito
1351 4731 1453 4770 vox
1479 4718 1640 4797 quasi
1676 4715 1902 4799 infantis

326 4783 378 4840 in
412 4786 618 4855 populo
648 4787 831 4841 audita
881 4794 989 4848 est,
1040 4785 1381 4838 Ambrosium
1414 4783 1732 4853 episcopum.
1770 4783 1902 4839 Voci

322 4860 727 4919 acclamarunt,
745 4857 1086 4924 calculisque
1114 4856 1233 4926 suis
1262 4857 1639 4926 approbarunt
1662 4855 1902 4926 episcopi

322 4936 379 4980 et
405 4927 657 4996 papulas
680 4933 946 4982 astantes.
977 4923 1146 4996 (Guil.
1165 4923 1422 4996 (λινε,ἐά
1446 4942 1577 4996 ann.
1610 4923 1905 4996 574.)Vide

323 4994 579 5058 solum”
606 4995 705 5053 lib.
736 5012 815 5061 vi,
839 5011 964 5065 cap.
981 4994 1073 5063 24;
1101 4994 1452 5058 Theodorit.,
1483 4995 1656 5059 Hist.,
1692 4994 1788 5050 lib.
1828 5010 1901 5060 Iv,

323 5083 373 5135 e.
405 5066 482 5131 6;
515 5065 722 5131 Ituiin.,
748 5067 845 5120 lib.
882 5064 945 5132 ii,
986 5082 1036 5121 c.
1072 5067 1160 5131 II;
1185 5065 1457 5135 praecipue
1495 5080 1625 5121 vero
1661 5064 1902 5135 Paulina

337 5134 444 5189 Vit.
492 5134 562 5188 D.
623 5136 914 5190 Ambrosii.
968 5134 1202 5192 Doctiss.
1238 5134 1369 5189 Ant.
1408 5135 1535 5206 Pagi
1590 5144 1646 5190 et
1692 5135 1771 5189 Du
1806 5134 1903 5206 [fin

318 5205 681 5259 Ambrosium
721 5207 1041 5261 existimant
1070 5214 1258 5260 natum
1290 5205 1462 5261 fuisse
1492 5204 1632 5260 ann.
1669 5207 1796 5261 3w.
1830 5204 1905 5259 De

320 5276 600 5346 Auxentio
632 5278 758 5331 vide
793 5291 989 5346 supra,
1022 5277 1119 5330 lib.
1150 5293 1213 5338 ιι,
1244 5291 1367 5346 cap.
1396 5275 1487 5346 37.

390 5344 418 5385 δ
471 5347 582 5400 Καὶ
652 5346 843 5412 οὕτως
864 5341 881 5346 ’
902 5346 1151 5415 αἵματος
1210 5341 1581 5415 ἐκδοθέντος
1630 5341 1902 5415 τελευτᾷ,

321 5413 525 5470 Eadem
555 5415 672 5472 fere
700 5419 770 5472 de
805 5413 975 5470 causa
1015 5424 1071 5472 et
1115 5416 1277 5471 modo
1314 5416 1509 5471 mortis
1538 5413 1905 5470 Valentiniani

319 5486 547 5611 irgdunt
578 5487 931 5555 Ammianus,
983 5486 1082 5543 lib.
1120 5502 1252 5551 xxx,
1284 5501 1405 5556 cap.
1437 5485 1492 5551 6,
1521 5494 1578 5542 et
1628 5484 1902 5551 Zosimus,

342 5572 360 5609 ι
402 5595 420 5609 .
454 5573 524 5611 iv.

342 5572 420 5611 ω.
454 5573 524 5611 ιν.

394 5637 419 5665 α
457 5627 599 5696 Περὶ
652 5626 770 5696 τὴν
824 5626 1340 5694 ἑπτακαιδεκάτην
1391 5625 1498 5681 τοῦ
1557 5624 1902 5695 Νοεμϐριου.

326 5694 615 5755 Idatiusin
647 5694 838 5753 Fastis
869 5697 941 5753 ad
980 5712 1188 5755 annum
1228 5697 1333 5755 575
1361 5696 1477 5755 haec
1504 5694 1713 5755 habet:
1747 5696 1905 5754 Diem

2010 3811 2135 3864 aliis
2170 3810 2443 3880 Aquinco,
2478 3825 2643 3880 quam
2674 3810 2963 3866 Cluverius
3002 3808 3210 3862 Budam
3255 3825 3379 3864 esse
3426 3818 3592 3864 antu.

2011 3890 2122 3933 mat
2157 3877 2269 3951 (alii
2298 3877 2460 3947 Cepol
2491 3877 2558 3933 ad
2589 3877 3319 3951 Danubium)._._Ammianus,
3345 3880 3439 3933 lib.
3466 3895 3594 3945 xxx,

2007 3963 2131 4019 cap.
2166 3947 2240 4012 '6,
2293 3951 2371 4003 ait
2421 3958 2701 4002 mortuum
2763 3947 2909 4019 esse
2956 3947 3397 4019 Valentinianum
3453 3965 3592 4003 anno

2004 4018 2181 4073 aetatis
2216 4019 2643 4090 quinquagesimo
2683 4018 2891 4090 quinto,
2920 4019 3128 4087 imperii
3171 4018 3343 4090 minus
3382 4026 3592 4090 centum

2007 4090 2118 4143 dies
2175 4087 2403 4143 secundo
2433 4087 2481 4141 et
2516 4088 2739 4142 decimo.
2772 4087 2848 4142 Ex
2877 4104 2990 4157 quo
3024 4090 3195 4157 liquet
3241 4087 3593 4157 Ammianum

2006 4159 2369 4214 emortualem
2402 4157 2547 4212 diem
2584 4173 2693 4212 non
2725 4153 3039 4220 excludere,
3069 4153 3191 4212 scil.
3221 4170 3333 4208 xvu
3360 4153 3595 4210 Novem—

2011 4228 2159 4296 bris;
2193 4237 2449 4296 recteque
2482 4225 2791 4287 Socratem,
2820 4229 2915 4282 lib.
2945 4243 3017 4289 iv,
3044 4241 3166 4294 cap.
3189 4225 3245 4296 1,
3269 4224 3590 4296 scripsisse,

2010 4292 2461 4352 Valentinianum
2509 4296 2598 4350 die
2638 4295 2902 4365 vigesima
2952 4292 3143 4365 quinta
3188 4292 3592 4365 Februariidi-

2007 4375 2157 4421 ctum
2182 4382 2305 4420 esse
2328 4362 2756 4431 imperatorem;
2790 4380 2915 4417 cum
2949 4362 2985 4418 εἰ
3007 4365 3095 4418 die
3126 4378 3237 4417 xvu
3263 4362 3588 4421 Novembris

2461 4450 2568 4489 xxv
2608 4433 2896 4489 Februarii
2952 4435 3080 4488 anni
3130 4435 3430 4493 sequentis,
3470 4435 3590 4491 dies

2004 4516 2225 4560 centum
2279 4514 2662 4569 numerentur,
2708 4504 2797 4559 die
2843 4521 2973 4568 xxv,
3014 4517 3124 4573 quo
3171 4503 3590 4561 Valentinianus

2003 4576 2238 4639 electus,
2264 4574 2493 4630 excluso
2532 4593 2546 4628 :
2590 4589 2830 4644 sequens
2869 4572 3044 4644 enim:
3068 4588 3249 4629 annus
3282 4572 3593 4631 bissextilis

2003 4645 2127 4717 fuit.
2163 4644 2314 4716 (Ant.
2344 4645 2494 4715 Pagi,
2519 4644 2588 4699 ad
2606 4643 2751 4717 ann.
2774 4644 2901 4717 575,
2932 4660 3001 4717 n._
3025 4643 3127 4717 2.)_
3222 4712 3237 4717 _

2083 4713 2104 4754 τ
2159 4712 2548 4780 Βασιλεύσας
2595 4715 2699 4783 ἐτη
2760 4714 3061 4783 δεκατρία.
3089 4712 3237 4767 'lmo'
3271 4727 3389 4783 non,
3441 4720 3589 4770 totos

2004 4799 2180 4841 annos
2210 4786 2529 4850 duodecim,
2551 4794 2609 4839 ut
2632 4782 2781 4839 recte
2810 4784 3086 4849 Zosimus,
3113 4784 3207 4837 lib.
3244 4799 3334 4846 iv;
3362 4782 3589 4839 deerant

2003 4856 2150 4910 enim
2184 4866 2297 4911 tres
2339 4871 2561 4911 menses
2595 4862 2649 4911 et
2680 4856 2889 4923 aliquot
2920 4856 3039 4909 dies
3071 4874 3085 4908 :
3128 4854 3419 4921 imperium
3464 4855 3590 4909 scil.

2005 4927 2329 4996 auspicatus
2377 4935 2463 4996 est
2511 4924 2930 4996 Valentinianus
2989 4923 3411 4996 Febr.__?5_ann.
3456 4923 3582 4990 564,

2005 4992 2262 5052 mortuus
2292 5005 2377 5052 est
2405 4994 2671 5050 Novemb.
2710 4995 2776 5049 17
2809 5011 2938 5049 ann.
2976 4995 3103 5049 575.
3135 4992 3224 5048 W.
3264 4994 3491 5048 Lowrn.

2081 5067 2106 5107 ε
2162 5066 2275 5121 Τὸν
2331 5066 2647 5136 ὁμώνυμον
2696 5064 2776 5130 τῷ
2830 5066 3007 5133 πατρὶ
3059 5065 3587 5136 Οὐααζεντινιᾳνόν.

2005 5133 2176 5205 Quem
2236 5133 2373 5190 tunc
2427 5133 2777 5205 quadrimum
2845 5142 3151 5205 memorant
3205 5133 3582 5205 Marcellinus,

2005 5204 2198 5261 Victor
2228 5206 2281 5260 in
2319 5203 2582 5275 Epitome,
2617 5214 2670 5259 et
2701 5204 2949 5275 Zonaras
2980 5224 2994 5259 :
3030 5204 3284 5275 Zosimus
3316 5211 3467 5259 certe
3494 5203 3587 5275 vix

2006 5272 2625 5352 quinquenneinjuisse
2654 5277 2809 5331 dicit.
2836 5273 3039 5352 Verum
3071 5274 3291 5352 quidem
3342 5272 3586 5352 estgplu-

2006 5345 2097 5403 res
2124 5345 2299 5402 annos
2332 5347 2380 5400 ei
2426 5346 2720 5401 Baronium
2763 5345 3088 5407 attribuere,
3125 5346 3272 5414 quod
3306 5345 3591 5414 existimet

2005 5431 2134 5473 eum
2179 5431 2304 5473 esse
2334 5414 2789 5472 Valentinianum
2840 5417 2997 5471 illum
3053 5408 3158 5484 qui'
3193 5427 3340 5467 anno
3362 5408 3485 5484 3:66
3524 5410 3592 5470 in

2008 5488 2186 5542 lucem
2234 5485 2476 5558 prodiit,
2525 5488 2731 5557 quique
2778 5501 2901 5558 non
2950 5479 3123 5558 multo
3171 5489 3316 5552 post.
3362 5479 3598 5558 νίειρτθ

2007 5546 2252 5628 collega:
2269 5546 2629 5628 consulatum,
2642 5546 2844 5628 'gessit.
2868 5556 2965 5628 At
2985 5546 3599 5628 huncAéi-rorem‘refu-

2008 5615 2318 5700 tavitvllnt.
2369 5625 2636 5700 Pagitad
2656 5615 2815 5700 Ἄρη.
2846 5625 2995 5700 Δὃθϐ,
3029 5641 3087 5700 n._
3128 5618 3185 5700 ﬁ.
3210 5615 3605 5700 ,οεξςέηάηίῇίίιιο

2012 5686 2478 5759 Valentinianum"
2498 5686 2655 5758 illum
2702 5686 3003 5752 Dominicae
3044 5698 3098 5748 et
3128 5686 3373 5743 Valentis
3408 5686 3603 5754 litium
