4070 6204
408 222 510 279 557

1856 207 2194 268 SOCRATIS

3544 209 3657 265 Sis

409 329 794 403 cognominem
849 322 1289 381 Valentinianum
1350 321 1645 377 admodum
1710 336 1975 392 puerum,

2088 323 2193 376 Καὶ
2233 320 2423 374 τούτου
2464 319 2901 388 διαγγελθέντος,
2940 320 3280 389 ἠγανάκτουν
3306 321 3356 374 oi
3380 319 3655 391 βασιλεῖς,

410 428 796 495 imperatorem
827 417 990 489 254
1018 416 1407 471 renuntiarunt
1452 416 1505 469 in
1561 413 1761 485 oppido
1810 412 1979 469 Italia:

407 516 631 571 Acinco.
680 510 837 578 Quod
888 510 980 563 ubi
1028 506 1340 561 nuntiatum
1398 516 1483 561 est
1529 504 1976 575 imperatoribus,

415 622 560 678 aegre
595 604 843 660 tulerunt
884 600 1068 664 ambo,
1105 613 1219 654 non
1257 597 1404 668 quod
1432 595 1847 651 Valentinianus
1887 596 1979 665 ju-

408 700 555 763 nior,
593 694 686 765 qui
737 691 967 745 alterius
997 689 1188 754 frater,
1230 688 1460 743 alterius
1503 701 1675 756 nepos
1715 701 1780 741 ex
1811 685 1981 740 fratre

406 795 548 849 erat,
599 787 899 853 imperator
951 778 1129 835 factus
1178 777 1419 833 fuisset:
1452 776 1545 832 sed
1592 775 1739 846 quod
1785 776 1980 830 incon-

406 879 552 934 sulto
584 884 820 943 utroque
851 871 1199 925 renuntiatus
1248 868 1465 934 fuisset,
1496 882 1658 937 quem
1691 866 1794 935 ipsi
1824 873 1982 920 erant

406 966 802 1024 renuntiaturi.
847 962 1084 1033 Uterque
1116 970 1300 1016 tamen
1330 960 1560 1030 imperio
1597 958 1722 1028 ejus
1746 972 1980 1013 consen-

407 1060 498 1114 sit.
534 1060 614 1112 Ad
645 1058 792 1112 hunc
824 1057 991 1125 igitur
1019 1053 1239 1108 modum
1273 1049 1895 1120 Valentinianusjunior
1925 1049 1981 1103 in

406 1151 592 1205 locum
629 1148 805 1219 patris
836 1150 921 1202 sui
950 1156 1038 1201 est
1085 1146 1440 1214 subrogatus.
1475 1141 1772 1197 Sciendum
1814 1155 1981 1211 porro

407 1246 528 1301 est,
579 1237 726 1290 hunc
760 1234 1205 1288 Valentinianum
1250 1240 1436 1285 natum
1489 1244 1614 1286 esse
1656 1245 1724 1284 ex
1767 1228 1980 1284 Justina

408 1326 691 1396 Augusta,
745 1339 914 1394 quam
972 1322 1389 1379 Valentinianus
1433 1320 1620 1376 senior
1685 1319 1980 1390 superstite

410 1418 593 1471 adhuc
624 1416 827 1470 Severa
864 1414 1049 1485 priore
1072 1413 1326 1483 conjuge,
1356 1413 1514 1466 duxit
1554 1411 1649 1466 tali
1677 1411 1744 1466 de
1773 1426 1977 1466 causa:

406 1506 599 1563 Justus
652 1514 807 1577 pater
852 1504 1083 1560 Iustinae
1133 1505 1224 1575 qui
1275 1504 1589 1560 Constantii
1642 1503 1982 1573 temporibus

409 1598 668 1653 Picenum
709 1596 1048 1665 provinciam
1087 1595 1518 1657 administrarat,
1562 1592 1720 1649 visus
1750 1600 1835 1647 est
1873 1593 1979 1648 sibi

2080 413 2178 484 οὐχ
2207 413 2290 465 ὅτι
2325 412 2518 480 γέγονε
2555 410 2653 464 τοῦ
2685 412 2783 483 μὲν
2813 411 3075 480 ἀδελφὸς,
3119 410 3213 465 τοῦ
3243 411 3300 465 δὲ
3337 410 3661 482 ἀδελφιδοῦς

2082 504 2362 575 βασιλεύς·
2394 503 2508 557 ἀλλ’
2538 504 2621 557 ὅτι
2663 503 2813 575 παρὰ
2838 501 3062 574 γνώμην
3102 502 3428 574 ἀμφοτέρων
3457 504 3664 574 ἐχειρο-

2082 595 2304 666 τονήθη,
2329 594 2388 647 ὃν
2425 594 2580 647 αὐτοὶ
2607 596 2937 664 χειροτονεῖν
2970 588 3212 663 ἔμελλον.
3250 592 3441 664 Ὅμως
3469 594 3525 647 δὲ
3551 597 3664 665 ἁμ-

2081 687 2297 756 φότεροι
2327 685 2607 756 σύμψηφοι
2624 686 2724 756 τῆς
2746 684 3021 755 βασιλείας
3039 684 3308 752 ἐγένοντο.
3332 685 3443 738 Καὶ
3465 684 3664 738 τοῦτον

2079 777 2171 830 τὸν
2201 777 2401 846 τρόπον
2423 779 2451 830 ὁ
2476 777 2595 840 νέος
2618 774 3059 838 Οὐαλεντινιανδς
3081 774 3270 846 ἱδρύθη
3288 775 3469 837 εἰςτὸν
3492 777 3665 828 τόπον

2082 868 2176 922 τοῦ
2213 869 2343 921 ἰδίου
2374 868 2603 939 πατρός.
2645 867 2839 921 ’ἰστέον
2876 867 2933 921 δὲ
2965 868 3047 921 ὅτι
3074 867 3507 937 Οὐαλεντινιανῷ
3537 868 3666 935 ὲγε-

2080 959 2228 1027 γόνει
2252 953 2409 1023 οὗτος
2440 957 2500 1022 ἐξ
2540 958 2851 1030 Ἰουστίνης,
2886 958 2954 1029 ἢν
2983 958 3262 1028 ὲπέγημεν
3288 956 3467 1026 ζώσης
3493 958 3667 1012 αὐτοῦ

2080 1051 2179 1121 τῆς
2208 1050 2479 1122 προτέρας
2510 1049 2768 1117 γυναικὸς
2800 1050 3045 1119 Σευήρας
3063 1087 3078 1113 ,
3107 1050 3176 1102 δι’
3206 1049 3387 1102 αἰτίαν
3424 1050 3659 1103 τοιάνδε’

2093 1142 2323 1205 Ἰοῦστος
2348 1144 2378 1195 ὁ
2422 1141 2714 1213 Ἰουστίνης
2730 1142 2931 1212 πατὴρ,
2955 1142 3053 1212 τῆς
3078 1141 3207 1212 περὶ
3239 1140 3458 1194 Πικίνον
3486 1142 3667 1211 ἐπαρ-

2080 1233 2203 1305 χίας
2232 1234 2332 1305 ῆδη
2359 1233 2622 1304 πρότερον
2653 1233 2744 1285 ἐπὶ
2778 1232 2884 1285 τῶν
2917 1233 3297 1285 Κωνσταντίου
3327 1233 3531 1303 χρόνων
3564 1216 3679 1303 ap;

2080 1342 2192 1395 χων
2234 1323 2513 1388 καθεστὼς
2537 1363 2551 1389 ,
2585 1322 2694 1376 ἴδεν
2719 1323 2850 1395 ὄναρ
2870 1362 2885 1388 ,
2913 1323 2988 1386 ὡς
3019 1325 3084 1376 ὲκ
3115 1322 3213 1376 τοῦ
3240 1320 3414 1387 δεξιοῦ
3461 1322 3669 1395 μέρους

2081 1415 2373 1485 ἁλουργίδα
2408 1415 2694 1487 βασιλικὴν
2735 1414 3035 1483 ἀπεκύησε.
3081 1415 3154 1467 Τὸ
3175 1415 3230 1468 δὲ
3264 1414 3397 1486 ὄναρ
3424 1417 3504 1477 είς
3532 1416 3668 1468 πολ-

2081 1506 2205 1570 λοὺς
2240 1505 2430 1576 λεχθὲν
2459 1544 2475 1571 ,
2507 1508 2634 1578 ἥκει
2666 1508 2759 1560 καὶ
2791 1508 2867 1571 είς
2908 1505 3009 1569 τὰς
3052 1507 3221 1568 ἀκοὰς
3253 1506 3661 1562 Κωνσταντίου.

2095 1596 2151 1648 '0
2182 1596 2240 1649 δὲ
2272 1594 2562 1666 συμϐαλὼν
2592 1597 2655 1649 τὸ
2685 1595 2837 1667 ὅναρ,
2874 1596 2950 1659 ὡς
2987 1595 3253 1665 βασιλέως
3288 1595 3346 1659 ἐξ
3373 1595 3539 1648 αὑτοῦ
3571 1613 3667 1649 τε·

408 1690 466 1744 in
501 1688 713 1743 somnis
761 1687 1101 1755 imperialem
1153 1700 1453 1755 purpuram
1488 1698 1520 1737 a
1568 1683 1766 1739 dextro
1810 1682 1981 1738 latere

2088 1686 2445 1758 χθησομένου,
2472 1685 2696 1756 πέμψας
2712 1688 2925 1758 ἀναιρεῖ
2942 1686 3035 1739 τὸν
3069 1685 3302 1740 Ἰοῦστον
3326 1703 3341 1717 ·
3363 1689 3395 1757 ἡ
3416 1687 3472 1739 δὲ
3490 1685 3667 1739 αὐτοῦ

407 1795 621 1851 parere.
667 1779 723 1833 Id
776 1779 1053 1835 somnium
1087 1793 1211 1833 cum
1264 1777 1389 1831 aliis
1437 1776 1627 1830 multis
1666 1775 1979 1844 evulgatum

2088 1776 2329 1845 θυγάτηρ
2360 1776 2620 1829 Ἰουστίνα
2639 1777 3103 1846 ἁπορφανισθεῖσα
3121 1775 3217 1829 τοῦ
3240 1777 3443 1848 πατρὸς
3456 1776 3668 1846 ἔμεινε,

409 1872 632 1936 fuisset,
678 1871 897 1924 tandem
946 1870 1013 1924 ad
1063 1883 1228 1923 aures
1259 1867 1503 1936 pervenit
1544 1865 1879 1921 Constantii.
1930 1863 1980 1921 ls

2088 1867 2353 1940 παρθένος
2383 1863 2517 1921 οὖσα
2552 1868 2606 1924 ³.
2652 1868 2843 1940 Χρόνῳ
2870 1869 2928 1922 δὲ
2974 1868 3198 1941 ὕστερον
3225 1871 3292 1941 τῇ
3327 1872 3538 1941 γαμετῇ
3566 1868 3669 1923 τοῦ

409 1961 608 2018 somnii
644 1959 1105 2031 significationem
1137 1958 1464 2028 conjiciens,
1495 1956 1740 2012 futurum
1769 1955 1983 2011 scilicet

410 2062 473 2107 ut
519 2069 585 2108 ex
615 2051 772 2107 Justo
817 2053 1112 2121 imperator
1149 2057 1495 2117 nasceretur,
1546 2049 1720 2104 misso
1748 2062 1980 2119 percus-

411 2160 539 2202 sore
597 2143 875 2199 hominem
924 2142 1223 2198 interfecit.
1276 2142 1495 2197 Justina
1542 2141 1713 2212 igitur
1757 2146 1983 2211 parente

411 2235 626 2298 orbata,
658 2234 811 2304 virgo
850 2234 943 2288 diu
986 2232 1309 2304 permansit.
1339 2230 1644 2301 Progressu
1679 2244 1808 2284 vero
1839 2236 1978 2283 tem-

411 2326 593 2397 poris,
649 2324 866 2381 Severte
922 2322 1301 2378 Valentiniani
1361 2320 1710 2392 imperatoris
1762 2319 1983 2391 conjugi

412 2420 756 2475 innotescere
782 2416 972 2488 cmpit,
1000 2425 1056 2473 et
1090 2416 1408 2486 frequenter
1434 2430 1561 2469 cum
1587 2413 1835 2483 Augusta
1864 2427 1985 2467 ver-

411 2509 669 2565 sabatur.
731 2508 981 2579 Cumque
1040 2508 1308 2564 crevisset
1360 2506 1748 2572 familiaritas,
1819 2505 1985 2561 simul

409 2599 578 2655 etiam
606 2613 733 2653 cum
763 2614 825 2655 ea
854 2599 1163 2655 lavabatur.
1204 2598 1406 2654 Severa
1440 2598 1627 2668 itaque
1666 2613 1791 2653 cum
1820 2596 1985 2652 Justi-

412 2706 540 2747 nam
579 2706 765 2746 secum
797 2692 1072 2747 lavantem
1107 2692 1359 2756 vidisset,
1405 2690 1679 2745 admirata
1708 2696 1793 2745 est
1824 2689 1985 2760 virgi-

414 2785 500 2840 nis
534 2785 1025 2853 pulchritudinem,
1065 2791 1120 2839 et
1150 2784 1468 2854 imperatori
1493 2781 1562 2837 de
1590 2796 1654 2836 ea
1695 2782 1983 2835 renuntia-

412 2877 491 2930 vit
523 2895 536 2930 :
565 2876 708 2930 Justi
751 2874 916 2928 filiam
948 2875 1211 2943 virginem
1245 2888 1370 2928 esse
1412 2872 1606 2926 dicens
1654 2876 1811 2923 tanta
1861 2883 1986 2923 cor-

413 2966 566 3036 poris
612 2972 902 3020 venustate
957 2963 1262 3032 pra-ditam,
1313 2971 1375 3017 ut
1423 2963 1541 3032 ipsa
1596 2960 1725 3015 licet
1764 2959 1981 3025 mulier,

2084 1960 2348 2031 βασιλέως
2375 1958 2818 2015 Ούαλεντινιανοῢ
2864 1960 3080 2032 Σευήρα
3122 1961 3373 2031 γνωρίμη
3401 1960 3672 2015 καθίσταο

2079 2070 2190 2120 ται,
2226 2055 2321 2108 καὶ
2350 2057 2591 2124 συνεχεῖς
2631 2055 2866 2108 ἐποιεῖτο
2890 2054 3027 2126 πρὸς
3068 2054 3170 2126 τὴν
3210 2054 3532 2125 βασίλισσαν
3561 2056 3668 2120 τὰς

2084 2145 2390 2216 συντυχίας.
2441 2145 2595 2199 Ἐπεὶ
2620 2146 2679 2200 δὲ
2716 2145 3019 2218 ἐκρατύνθη
3053 2148 3087 2216 ή
3121 2146 3407 2217 συνήθεια,
3440 2147 3540 2218 ἤδη
3568 2148 3668 2200 καὶ

2099 2235 2412 2290 συνελούετο
2437 2237 2598 2309 αὐτῇ.
2645 2237 2734 2301 Ὠς
2762 2231 2856 2290 οὖν
2900 2236 3007 2290 ῐδεν
3031 2239 3200 2309 αὐτὴν
3231 2237 3528 2309 λουομένην
3559 2239 3666 2309 τὴν

2095 2329 2388 2382 Ἰουστίναν
2425 2330 2459 2399 ἠ
2488 2328 2724 2400 Σευήρα,
2755 2328 2970 2400 ἠράσθη
3005 2328 3099 2383 τοῦ
3133 2329 3361 2394 κάλλους
3384 2332 3483 2400 τῆς
3520 2346 3669 2400 παρ-

2084 2419 2261 2474 θένου.
2296 2419 2408 2474 Καὶ
2434 2419 2572 2491 πρὸς
2590 2420 2682 2473 τὸν
2716 2418 2939 2489 βασιλέα
2973 2419 3173 2493 διεξῄει
3199 2416 3328 2491 περὶ
3362 2419 3553 2487 αὐτῆς,
3583 2418 3669 2484 ὡς

2082 2510 2255 2574 οὕτως
2295 2510 2380 2582 εἴη
2413 2510 2724 2581 θαυμαστὸν
2756 2511 2956 2581 ἔχουσα
2997 2512 3193 2575 κάλλος
3229 2514 3262 2582 ἡ
3313 2509 3580 2581 παρθένος
3628 2511 3668 2579 ἠ

2082 2601 2175 2653 τοῦ
2214 2600 2448 2655 Ἰούστου
2476 2600 2742 2673 θυγάτηρ,
2773 2601 2848 2666 ὡς
2877 2602 2973 2655 καὶ
3001 2602 3192 2673 αὐτὴν,
3221 2602 3402 2655 καίτοι
3428 2604 3669 2669 γυναῖκα

2083 2685 2268 2758 οὖσαν,
2304 2691 2604 2762 ἐρασθῆναι
2627 2690 2728 2760 τῆς
2759 2692 3064 2762 εὐμορφίας
3104 2692 3297 2763 αὐτῆς.
3336 2692 3395 2744 Ὀ
3421 2691 3478 2744 δὲ
3506 2691 3671 2760 βασι-

2082 2783 2209 2842 λεὺς
2243 2780 2678 2852 ταμιευσάμενος
2715 2781 2805 2835 τὸν
2837 2783 2936 2853 τῆς
2961 2782 3217 2851 γυναικὸς
3248 2783 3424 2851 λόγον.
3453 2783 3671 2852 ἀγαγέ-

2086 2872 2210 2926 σθαι
2242 2873 2340 2944 τὴν
2386 2873 2677 2927 ἰουστὶναν
2717 2873 3112 2941 ἐϐουλεύσατο,
3165 2874 3240 2947 μὴ
3286 2872 3528 2928 ἐκϐαλὼν
3564 2873 3671 2945 τὴν

2084 2965 2352 3035 Σευήραν,
2384 2958 2477 3032 ἀφ⁸
2496 2960 2565 3037 ἦς
2596 2965 2746 3035 αὐτῷ
2773 2966 3071 3036 Γρατιανὸς
3099 2966 3365 3036 ἐγεγόνει,
3389 2965 3448 3020 ὃν
3469 2967 3673 3038 μικρὸν

411 3022 534 3125 ejus
564 3055 739 3109 forma
771 3022 1135 3110 nihilominus
1170 3062 1330 3124 capta
1368 3022 1463 3108 sit:
1506 3051 1804 3121 imperator
1829 3067 1978 3119 vero,

2088 3022 2396 3128 ἔμπροσθεν
2430 3022 2791 3128 ἀνηγορεύξει
2820 3022 3080 3127 ’βασιλέῷ
3113 3022 3295 3128 Ρξόμον
3330 3022 3422 3113 οὖν

414 3146 573 3215 cujus
637 3144 823 3199 animo
890 3144 1111 3215 penitus
1175 3143 1379 3199 infixus
1439 3142 1674 3197 haeserat
1735 3141 1987 3213 conjugis

2097 3145 2293 3216 ρεύσας
2336 3144 2411 3215 (ὅ)
2432 3183 2448 3210 ,
2494 3146 2732 3216 δημοσίᾳ
2763 3148 3053 3219 προτίθησι
3097 3149 3239 3203 κατὰ
3274 3150 3457 3215 πόλεις
3479 3190 3492 3216 ,
3520 3151 3673 3207 ὥστε

1614 3320 1886 3377 VALESII
1923 3324 2479 3386 ANNOTATIONES.

484 3413 564 3483 (5)
603 3415 802 3482 Νόμον
833 3409 948 3468 οὖν
969 3411 1405 3481 ὑπαγορεύσας.
1430 3410 1607 3480 Hujus
1632 3413 1761 3482 legis
1791 3413 1986 3469 Valen-

416 3482 612 3554 tiniani
647 3486 797 3537 nulla
827 3499 1055 3554 usquam
1078 3485 1152 3554 itit
1188 3485 1416 3554 mentio.
1451 3482 1573 3554 Sed,
1601 3497 1701 3535 nec
1742 3484 1985 3537 Ammia-

418 3570 522 3608 nus
571 3551 943 3617 Marcellinus,
995 3553 1089 3619 qni
1148 3568 1238 3607 res
1306 3551 1672 3606 Valentiniani
1731 3562 1987 3609 accurate

415 3626 884 3690 commemoravit,
922 3623 1087 3692 hujus
1120 3623 1256 3693 legis
1298 3623 1547 3677 meminit
1570 3623 1627 3677 in
1657 3624 1774 3677 suis
1801 3624 1981 3680 libris.

2091 3419 2253 3496 Certe
2298 3421 2615 3496 hujusmodi
2658 3424 2745 3479 lex
2795 3440 3138 3496 nequaquam
3192 3428 3484 3482 convenire
3527 3426 3671 3481 mihi

2091 3490 2742 3567 videturValentiniano,
2773 3490 3009 3567 principi
3048 3498 3192 3553 serio
3232 3507 3287 3552 et
3325 3497 3669 3552 Christiano.

2093 3555 2595 3640 :l‘otanigiturnhaec
2618 3555 2864 3640 narratio
2898 3555 2971 3623 de
2996 3566 3228 3624 Justina:
3258 3569 3515 3640 conjugio
3560 3568 3673 3621 du-

2093 3627 2199 3683 bia:
2226 3627 2351 3686 ﬁdei
2383 3631 2515 3685 mihi
2546 3633 2781 3690 videtur.

1855 3808 2236 3865 VARIORUM.

418 3898 614 3962 fuisse,
646 3906 700 3952 et
738 3896 842 3950 hoc
885 3902 1159 3966 tempore,
1186 3906 1245 3950 ut
1296 3894 1534 3961 videtur,
1569 3896 1682 3966 jam
1731 3899 1980 3956 obiisse:

417 3967 860 4024 Valentinianum
889 3982 1041 4028 vero,
1073 3965 1163 4035 qui
1193 3965 1582 4035 Valentiniano
1618 3970 1820 4023 seniori
1861 3985 1986 4025 suc-

417 4041 609 4101 cessit,
635 4039 802 4090 lilium
827 4036 998 4091 fuisse
1019 4035 1261 4103 ejusdem
1287 4034 1654 4091 Valentiniani
1680 4055 1746 4092 ex
1771 4038 1986 4093 Justina

418 4108 661 4166 secunda
706 4108 828 4176 ejus
858 4121 1072 4177 iuxere.
1132 4103 1269 4177 Vide
1310 4107 1496 4177 eumd.
1545 4107 1695 4177 Pagi,
1745 4109 1814 4163 ad
1855 4124 1985 4163 ann.

417 4180 547 4241 375.
574 4195 629 4231 ιι.
655 4178 710 4237 5.
742 4175 798 4231 et
832 4176 1012 4247 Vales.
1050 4175 1380 4247 inASocratis
1404 4177 1498 4232 lib.
1535 4175 1770 4247 tiu—cap.
1802 4180 1890 4234 10.

489 4252 518 4290 h
556 4247 858 4316 Παρθένος
885 4242 1061 4301 οὖσα.
1095 4244 1231 4301 Tota
1268 4247 1381 4301 haec
1413 4248 1481 4302 de
1507 4242 1990 4303 Justina'narratio

2093 3905 2338 3973 contagio
2395 3907 2732 3961 conscientia:
2780 3908 3009 3962 violatus
3055 3909 3289 3966 obscena
3335 3911 3469 3965 nihil
3522 3914 3672 3967 ince-

2093 3983 2231 4051 stum
2267 3989 2291 4051 :_
2325 3976 2559 4051 hancque
2599 3980 2661 4029 ab
2693 3994 2910 4051 causam
2947 3990 3198 4051 tanquam
3229 3983 3535 4051 retinaculis
3569 3999 3669 4051 pe-

2096 4043 2379 4119 tulantiam
2409 4043 2648 4119 frenarat
2678 4050 2815 4102 aulw
2848 4043 3062 4119 regalis,
3089 4058 3194 4104 etc.
3225 4050 3349 4106 "me
3384 4052 3449 4104 ad
3495 4043 3669 4109 ﬁnem

2094 4110 2235 4187 Vita:
2263 4110 2437 4183 ipsius
2469 4117 2812 4173 Ammianus.
2839 4110 3066 4187 Appello
3103 4135 3253 4175 nunc
3288 4132 3498 4176 rectum
3533 4139 3673 4177 eru-

2095 4182 2341 4257 ditorum
2396 4189 2642 4257 omnium
2696 4182 3004 4257 sanum'q'ue
3050 4189 3320 4255 judicium
3372 4210 3385 4245 :
3445 4192 3672 4247 Potuis-

2098 4263 2302 4328 sentne-
2330 4255 2442 4328 haec
2475 4256 2543 4310 de
2581 4255 3194 4327 Christiano—principe
3231 4274 3260 4312 a
3294 4262 3671 4328 seriptorihus

422 4315 1117 4395 Valcsio__susp_ecta2_f_idei_
1143 4327 1264 4395 est,
1292 4316 1724 4395 necimmerito.
1745 4319 1991 4373 Rationi-
2025 4340 2067 4394 ι)
2100 4325 2152 4375 in
2172 4323 2543 4395 gliristianam
2573 4328 2891 4395 religionem
2918 4315 3153 4385 infensis
3184 4315 3319 4383 adeo
3349 4315 3668 4395 pra'dicari:
3712 4352 3717 4363 ο

421 4393 523 4460 lius
562 4404 592 4441 a
641 4385 857 4460 Valesio
901 4385 1153 4460 adductis
1206 4388 1299 4460 illa
1350 4390 1515 4460 etiam
1564 4389 1726 4460 adjici
1785 4399 1985 4460 potest,

417 4458 688 4512 Justitiam
720 4457 859 4510 hanc
886 4472 993 4508 non
1018 4455 1188 4510 fuisse
1226 4456 1517 4524 virginem,
1548 4455 1643 4512 sed
1683 4455 1987 4524 Magnentio

422 4502 857 4595 ῐὶιῖεὶἦὶἰὶῖρὶῖῖιὶζ
887 4502 1983 4593 '.'.:.',3.'.‘.‘.'.::1e:.ie”'iag'i'aat“wvt“iz;:.l¥;;

422 4543 655 4646 tyranno
690 4543 841 4595 prius
896 4543 1139 4593 nuptam,
1178 4543 1316 4580 teste
1359 4543 1599 4580 LUSImO.
1643 4543 1721 4582 w.
1760 4543 1983 4584 Low'ru.

421 4590 916 4669 [aroniustotam
976 4595 1341 4669 narrationem
1396 4596 1671 4660 exsibilat,
1724 4608 1987 4669 tanquatu

419 4665 621 4718 anilem
658 4664 933 4726 fabellam,
957 4662 1027 4714 ob
1058 4664 1156 4713 has
1187 4664 1429 4717 rationes
1463 4679 1479 4717 :

489 4734 544 4788 1.
582 4750 603 4785 t
640 4731 817 4794 Unde,
847 4746 1055 4798 quaeso,
1096 4731 1330 4794 Socrati,
1368 4730 1641 4787 Justinam
1674 4736 1846 4791 fuisse
1876 4736 1984 4791 vir-

419 4804 620 4874 ginem,
660 4816 785 4855 cum
829 4815 947 4853 eam
997 4798 1417 4875 Valentinianus
1452 4805 1661 4875 accepit
1709 4808 1762 4858 in
1792 4807 1985 4875 conju-

421 4870 759 4946 gem,‘qu_am
804 4878 1023 4946 constat
1071 4885 1297 4946 uxorem
1326 4870 1523 4946 fuisse
1557 4870 1851 4946 Illagnantii
1897 4870 1984 4946 ty-

422 4939 905 5015 ranni?‘Testatur
951 4940 1003 4993 id
1053 4939 1275 5015 quidem
1324 4941 1466 5015 inter
1510 4939 1677 5010 hujus
1719 4939 1985 5015 temporis

418 5014 718 5086 scriptores
740 5009 1020 5086 Zosimus,
1050 5011 1149 5086 lib.
1170 5025 1256 5086 liv,
1281 5012 1375 5086 qui
1398 5022 1551 5068 certe
1575 5009 1685 5083 quo
1721 5009 1984 5086 non'pre-

418 5087 498 5137 tio
542 5080 991 5154 redemisset._ut
1048 5081 1104 5134 in
1163 5080 1537 5154 Christianum
1593 5080 1981 5154 imperato—rem

420 5154 701 5225 proxitne__
730 5149 1112 5225 succedentem
1139 5221 1148 5225 _
1172 5160 1296 5225 post
1348 5150 1654 5225 .lulianum,
1676 5149 1688 5154 ’
1710 5171 1871 5225 quem
1927 5156 1983 5210 in

421 5221 608 5277 odium
643 5221 972 5294 Christiana:
999 5221 1280 5294 religionis
1305 5222 1440 5276 adeo
1472 5221 1742 5294 celebrat,
1768 5226 1983 5294 potuis-

420 5304 505 5349 set
544 5301 756 5347 tantuiu
804 5291 1021 5344 facinus
1050 5293 1434 5364 exprobrare?
1469 5293 1531 5347 Et
1561 5295 1689 5364 quid
1732 5291 1983 5352 dicemus

419 5366 487 5418 de
515 5364 826 5427 Ammiano,
858 5376 1016 5427 teque
1049 5361 1257 5435 gentili,
1289 5371 1344 5416 et
1379 5363 1433 5414 in
1455 5361 1806 5435 Christianos
1829 5370 1981 5435 priu-

418 5436 572 5504 eipes
604 5448 794 5504 parum
829 5445 1007 5500 atque,
1044 5432 1136 5499 qui
1173 5439 1355 5486 tamen
1390 5433 1526 5504 nihil
1563 5437 1702 5491 adeo
1740 5432 1983 5491 celebrat

421 5502 490 5557 in'
512 5502 891 5557 Valentiniano
921 5510 1103 5570 atque
1130 5503 1499 5570 commendat,
1535 5520 1602 5560 ae
1640 5507 1983 5561 castitatem?

421 5574 526 5647 ξοδ
568 5574 922 5647 ejushverba
980 5569 1281 5647 reddamus
1329 5588 1396 5626 ex
1429 5574 1522 5629 lib.
1568 5591 1699 5647 an,
1741 5591 1863 5647 cap.
1896 5575 1977 5647 9:

418 5642 579 5697 Omni
622 5642 895 5710 pudicitia:
936 5642 1081 5703 cultu
1134 5640 1281 5699 domi
1325 5651 1503 5699 castus
1531 5654 1591 5719 et
1632 5640 1981 5717 [orig-nullo

2097 4395 2143 4448 si
2171 4391 2595 4467 Valentinianus
2638 4391 2837 4467 fuisset
2874 4399 3106 4467 publica
3169 4400 3265 4454 illa
3314 4391 3666 4454 obscenitate
3714 4422 3715 4425 η

2094 4464 2358 4534 pollutus,
2387 4480 2549 4534 quam
2574 4465 2778 4520 scimus
2807 4483 2837 4520 a
2871 4464 3243 4522 Romanorum
3277 4483 3460 4523 rerum
3489 4470 3673 4524 histo-

2094 4535 2227 4588 rieis
2254 4533 2589 4610 iubarbaris
2611 4551 2736 4590 esse
2764 4538 3024 4604 derisam,
3053 4547 3108 4592 et
3139 4539 3190 4592 in
3227 4539 3475 4610 Romano
3498 4541 3677 4610 impc-

2092 4612 2278 4680 ratore
2313 4604 2365 4680 id
2400 4614 3011 4680 tentante_magnopere
3043 4609 3448 4680 improbatam?

2159 4674 2381 4750 2.-(_Al
2429 4674 2707 4750 quomodo
2766 4674 3305 4750 non'magis’iidem
3360 4678 3676 4750 scriptores

2090 4742 2298 4797 ethnici
2345 4742 2661 4817 pudendum
2709 4749 2893 4802 scelus
2939 4742 3074 4803 voce
3112 4750 3387 4817 praeconis
3427 4742 3494 4802 in‘
3521 4761 3633 4800 una

2091 4826 2310 4893 quaque
2335 4814 2558 4893 civitate
2583 4812 2814 4893 Romani
2840 4817 3058 4893 imperii
3097 4812 3493 4893 proclarnatuni
3529 4817 3681 4870 fuis-

2092 4889 2216 4953 sent
2277 4885 2566 4937 invcctivis
2618 4885 2963 4953 gravissimis
3023 4885 3317 4942 inSectati?
3369 4902 3493 4942 cum
3553 4901 3675 4940 nou

2091 4952 2267 5026 solum
2319 4953 2385 5026 ἰὰΔ
2425 4952 2893 5026 minimehfecisse
2938 4958 3300 5026 reperiantur,
3332 4957 3426 5013 sed
3472 4966 3674 5010 contra

2091 5022 2276 5097 potius
2338 5022 2595 5076 virtutem
2645 5024 2796 5097 illam
2854 5022 3013 5080 domi
3068 5028 3315 5097 forisque
3369 5027 3672 5097 lucentem,

2093 5091 2943 5165 perspicuam_con_spicuamque
2968 5091 3239 5152 omnibus
3258 5096 3481 5154 factam.
3510 5095 3675 5149 nulla

2089 5160 2361 5234 valentem
2400 5160 2894 5233 edundi—caligine,
2925 5169 3231 5221 castitatem
3273 5169 3411 5221 tanti
3453 5168 3675 5234 princi-

2090 5231 2177 5300 pis
2210 5238 2365 5285 tanto
2394 5234 2672 5301 praaeonio
2700 5231 2953 5300 eﬂerant,
2985 5246 3194 5307 quanto
3227 5240 3401 5291 sciam
3432 5231 3531 5290 nec
3561 5251 3676 5289 au-

2092 5309 2177 5373 tea
2204 5315 2313 5373 nec
2353 5311 2544 5371 postea
2580 5319 2912 5373 quemquam
2947 5321 3015 5361 eo
3046 5308 3267 5361 nomine
3317 5309 3387 5359 ab
3427 5308 3507 5361 eis
3540 5319 3678 5360 esse

2091 5370 2552 5446 laudatum,_cum
2591 5370 2810 5446 alioqui
2858 5377 2905 5430 si
2944 5378 3075 5431 talia
3118 5385 3512 5446 perpetrasset,
3546 5385 3677 5428 tur-

2090 5441 2214 5564 pior
2247 5442 2421 5523 videri
2450 5441 3054 5512 potuisset'Commodo
3078 5441 3134 5502 et
3164 5441 3535 5515 lleliogabalo.
3570 5446 3679 5513 qui

2112 5518 2220 5563 lcet
2260 5514 2645 5564 Imnurissimi.
2678 5529 2961 5564 nunauam
3004 5524 3187 5564 tamen
3237 5516 3550 5564 huiusmodi
3584 5518 3677 5564 ln-

2112 5511 2220 5591 icet
2260 5511 2645 5591 impurissimi,
2678 5524 3190 5591 nuu‘quamtamen
3237 5511 3550 5591 liuj'usmodi

2088 5582 2716 5655 einuspertentassent.
2768 5582 2849 5655 Et
2895 5586 3117 5655 quidem
3177 5587 3524 5641 honestiores
3574 5586 3682 5640 illo

2088 5646 2415 5719 Valerianus
2439 5662 2493 5713 et
2520 5651 2806 5713 Gallienus
2839 5646 3225 5727 imperatores,
3259 5657 3349 5712 uui
3381 5657 3497 5713 suis
3530 5656 3683 5727 tegi-
