4070 6204
260 264 368 319 557
1220 257 1560 325 HISTORIA
1597 256 2153 313 ECCLESIASTICA.
2182 287 2251 298 —
2288 257 2419 315 ΜΒ,
2463 259 2549 316 ιν.
3427 268 3535 326 553

266 395 391 450 μον.
440 376 628 431 Ταῦτα
673 375 1007 440 ἀκούσαντες
1049 376 1102 429 oi
1175 375 1465 447 Ῥωμαίων
1516 375 1843 457 στρατηγοὶ,

1949 373 2078 430 ditis
2101 412 2118 439 ,
2156 374 2534 431 Romanorum
2563 376 2737 434 duces
2776 377 3040 449 praeclare
3071 392 3261 438 secum
3298 383 3386 457 agi
3413 387 3535 443 exi-

266 467 554 539 ἀγαπητὸν
578 467 857 539 ἡγήσαντο
879 466 974 520 ἐπὶ
996 465 1272 531 τοιαύταις
1301 466 1597 538 συνθήκαις
1627 467 1843 537 εἰρήνην

1951 466 2265 531 stimantes,
2299 467 2345 522 si
2370 481 2474 539 pax
2507 467 2821 537 hujusmodi
2853 469 3267 531 conditionibus
3289 475 3538 534 ﬁrmare-

269 557 623 631 ποιήσασθαι·
653 558 818 623 εὐθύς
842 575 902 612 τε
930 559 1006 623 ὡς
1029 552 1175 629 εἶχον
1203 558 1494 612 ἐπέταττον
1519 556 1677 611 τοῦτο
1700 558 1851 626 γενέ-

266 651 416 704 σθαι.
446 651 559 705 Καὶ
588 649 912 720 συλληφθεὶς
936 651 965 705 ό
984 650 1212 721 Μωσῆς,
1239 651 1305 703 ἐκ
1332 650 1431 720 τῆς
1455 651 1662 720 ἐρήμου
1687 649 1851 719 ἧγετο

262 745 345 806 είς
369 741 471 813 τὴν
502 740 932 814 ’Λλεξάνδρειαν,
951 742 1069 794 ἐκεῖ
1089 741 1191 810 τὴν
1215 741 1518 812 ἱερωσύνην
1535 738 1846 808 δεξάμενος.

276 834 432 886 Ἐπεὶ
470 833 530 887 δέ
572 834 710 904 πρὸς
744 832 837 887 τὸν
876 831 1184 905 κρατοῦντα
1227 831 1351 885 τότε
1389 830 1498 885 τῶν
1543 830 1849 902 ἐκκλησιῶν

263 923 497 979 Λούκιον
525 923 667 994 ἢχθη
707 933 755 988 P,
797 923 898 994 τὴν
933 921 1269 993 χειροτονίαν
1298 921 1582 990 ἀπέφυγε,
1616 919 1848 974 τοιαῦτα

264 1015 437 1069 εἰπὼν
466 1015 604 1086 πρὸς
629 1015 882 1068 Λούκιον·
927 1012 1070 1082 Ἐγὼ
1096 1013 1196 1084 μὲν
1219 1012 1456 1083 ἐμαυτὸν
1477 1010 1718 1084 ἡγοῦμαι
1748 1013 1849 1082 τῆς

263 1106 564 1178 ἱερωσύνης
584 1104 823 1172 ἀνάξιον.
860 1105 928 1159 El
957 1104 1016 1159 δὲ
1053 1103 1323 1159 λυσιτελεῖ
1355 1102 1514 1156 τοῦτο
1546 1103 1659 1167 τοῖς
1675 1102 1848 1173 δημο-

264 1198 400 1261 σίοις
421 1197 760 1268 πράγμασιν,
782 1195 885 1247 οὐκ
910 1193 1159 1265 ἐπιθήσει
1183 1210 1273 1263 μοι
1286 1196 1446 1264 χεῖρα
1471 1192 1722 1254 Λούκιος.
1744 1192 1849 1245 Πε-

265 1288 550 1360 πλήρωται
581 1287 694 1359 γὰρ
718 1283 886 1339 αὐτοῦ
921 1286 1171 1356 αἱμάτων
1204 1286 1239 1354 ἡ
1276 1284 1447 1349 δεξιά.
1489 1283 1597 1338 Τοῦ
1628 1282 1691 1337 δὲ
1719 1285 1849 1337 Δου-

263 1382 382 1433 κίου
408 1379 657 1447 λέγοντος
692 1380 767 1450 μὴ
806 1378 921 1433 δεῖν
955 1378 1223 1449 ὑϐρίζειν,
1248 1376 1384 1430 ἀλλὰ
1411 1377 1679 1448 πρότερον
1707 1394 1846 1447 μαν-

263 1471 450 1526 θάνειν
504 1472 633 1541 παρ’
680 1470 847 1523 αὑτοῦ
891 1470 991 1539 τῆς
1042 1468 1342 1539 θρησκείας
1386 1468 1454 1522 τὰ
1496 1467 1777 1536 δόγματα,
1819 1467 1848 1519 ὁ

263 1562 493 1631 Μωσῆς*
547 1561 684 1614 Ἀλλ’
707 1562 768 1614 ού
793 1561 1079 1632 δογμάτων
1100 1559 1278 1627 λόγος,
1310 1559 1436 1629 ἔφη,
1468 1558 1560 1611 νῦν
1587 1550 1844 1628 ζητεῖται,

260 1653 379 1707 ἀλλ’
416 1654 472 1707 αί
504 1653 733 1725 πράξεις
759 1670 854 1705 σου
879 1654 937 1706 αἱ
961 1652 1101 1706 κατὰ
1128 1652 1239 1705 τῶν
1259 1650 1507 1721 ἀδελφῶν
1531 1650 1845 1721 γενόμεναι,

1953 564 2064 620 tur,
2083 558 2269 613 statim
2279 559 2435 613 nulla
2455 574 2608 615 mora
2629 560 2980 630 interposita,
2993 560 3047 616 id
3065 563 3211 632 quod
3224 566 3535 634 petebatur,

1951 648 2069 702 ﬁeri
2117 647 2434 717 jusserunt.
2493 648 2674 706 Moses
2718 650 2907 722 itaque
2947 653 3421 723 comprehensus,
3466 673 3536 714 ex

1948 739 2249 795 solitudine
2291 740 2348 795 in
2383 739 2572 797 urbem
2602 740 2995 798 Alexandriam
3042 745 3400 817 perducitur,
3438 748 3538 804 ho-

1949 843 2141 884 norem
2195 831 2490 886 sacerdotii
2534 832 2647 888 illic
2677 845 3062 905 suscepturus.
3104 836 3397 914 Exhibitus
3434 853 3536 894 au-

1949 929 2058 976 tem
2094 923 2259 978 Lucio
2289 925 2382 994 qui
2417 932 2532 979 tum
2580 926 2846 982 ecclesias
2875 928 3194 995 obtinebat,
3231 930 3538 985 ordinatio-

1948 1029 2072 1069 nem
2088 1014 2428 1082 detrectans,
2458 1017 2533 1071 ita
2559 1016 2793 1073 Lucium
2826 1018 3101 1075 allocutus
3123 1029 3245 1076 est:
3271 1020 3534 1091 Equidem

1948 1106 2262 1167 sacerdotio
2302 1108 2587 1179 indignum
2635 1124 2721 1164 me
2765 1125 2891 1166 esse
2932 1112 3214 1181 proﬁteor.
3244 1111 3447 1168 Verum
3482 1113 3534 1171 si

1949 1195 2263 1265 reipublicae
2285 1197 2591 1254 necessitas
2609 1199 2715 1254 hoc
2738 1203 3001 1269 postulat,
3021 1217 3302 1272 nunquam
3325 1202 3535 1261 Lucius

1952 1287 2083 1340 mihi
2119 1301 2343 1342 nianum
2383 1289 2651 1357 imponet.
2688 1288 2822 1359 Ejus
2851 1293 2995 1347 enim
3040 1292 3232 1347 dextra
3263 1295 3535 1367 sanguine

1950 1379 2131 1433 adhuc
2158 1380 2349 1435 stillat.
2381 1380 2633 1451 Cumque
2660 1381 2868 1439 Lucius
2900 1384 3113 1440 diceret
3144 1379 3530 1445 absu‘nendum

1953 1483 2075 1524 esse
2103 1484 2136 1523 a
2167 1470 2437 1526 conviciis
2460 1511 2475 1536 ,
2516 1473 2715 1529 decere
2748 1476 2930 1544 potius
2961 1484 3021 1529 ut
3052 1490 3120 1531 ex
3149 1477 3272 1546 ipso
3295 1477 3534 1535 disceret

1950 1561 2239 1639 religionis
2288 1561 2570 1631 dogmata,
2606 1572 2718 1619 tum
2763 1564 2982 1622 Moses:
3019 1566 3087 1620 At
3118 1581 3231 1636 non
3260 1567 3372 1638 jam
3397 1609 3411 1635 ,
3447 1570 3534 1625 in-

1949 1654 2073 1722 quit
2095 1691 2110 1716 ,
2152 1653 2298 1709 ratio
2326 1654 2565 1725 exigitur
2584 1655 2924 1727 dogmatum.
2964 1656 3100 1718 Nam
3132 1658 3380 1715 facinora
3405 1676 3532 1732 qua:

262 1739 640 1813 ἐξελέγχουσιν
672 1743 748 1807 ὠς
777 1743 1124 1814 χριστιανικά
1154 1741 1297 1813 ἔχεις
1340 1742 1606 1812 δόγματα.
1653 1741 1712 1794 Ὀ
1741 1739 1843 1812 γὰρ

1950 1744 2221 1801 adversus
2254 1744 2454 1801 fratres
2481 1750 2836 1817 perpetrasti,
2870 1749 3008 1804 satis
3036 1750 3338 1805 ostendunt
3364 1767 3529 1821 quam

261 1834 571 1905 χριστιανὸς
603 1834 664 1889 ού
716 1833 977 1905 πλήσσει,
1010 1836 1071 1888 ού
1113 1834 1378 1906 λοιδορεῖ,
1410 1832 1532 1887 οὐδὲ
1573 1834 1838 1904 μάχεται·

259 1919 449 1981 δοῦλον
477 1929 586 1999 γὰρ
611 1927 819 1999 Κυρίου
851 1927 913 1980 ού
936 1926 1017 1979 δεῖ
1051 1926 1343 1997 μάχεσθαι.
1385 1924 1487 1980 Σοῦ
1524 1925 1582 1978 δὲ
1605 1924 1676 1978 τά
1700 1924 1839 1996 ἔργα

263 2024 364 2095 βοᾷ
402 2024 491 2077 διά
532 2024 640 2079 τῶν
688 2023 1047 2095 πεμφθέντων
1081 2025 1161 2087 είς
1197 2023 1433 2094 ὲξορίαν,
1485 2023 1580 2077 καὶ
1630 2024 1840 2094 θηρίοις

261 2114 745 2186 παραϐληθέντων,
776 2116 874 2169 καὶ
900 2115 1034 2185 πυρὶ
1066 2114 1496 2183 παραδοθέντων.
1525 2115 1762 2179 Μείζονα
1783 2115 1841 2170 δὲ

260 2211 375 2279 ἔχει
398 2208 500 2281 τὴν
524 2207 801 2273 ἀπόδειξιν
823 2207 892 2261 τά
910 2208 1023 2271 τοῖς
1039 2206 1338 2277 ὀφθαλμοῖς
1364 2205 1638 2278 ὁρώμενα,
1664 2206 1697 2278 ἢ
1719 2208 1841 2270 ταῖς

262 2304 455 2365 ἀκοαῖς
480 2300 889 2372 λαμϐανόμενα.
920 2298 1108 2353 Ταῦτα
1136 2299 1229 2352 καὶ
1265 2298 1334 2352 τά
1362 2298 1587 2353 τοιαῦτα
1617 2298 1845 2369 λέγοντα

262 2393 358 2447 τὸν
385 2392 612 2463 Μωσῆν,
634 2392 850 2462 ἀπῆγον
873 2391 924 2447 οἱ
956 2390 1250 2462 ἐπιτήδειοι
1276 2391 1411 2462 πρὸς
1442 2390 1505 2444 τὸ
1529 2390 1673 2462 ὅρος,
1696 2393 1845 2455 ὅπως

261 2481 331 2537 ἂν
350 2481 447 2552 τὴν
465 2478 800 2552 χειροτονίαν
822 2478 975 2551 παρὰ
991 2477 1101 2531 τῶν
1128 2479 1209 2542 εἰς
1233 2478 1447 2549 ἐξορίαν
1469 2480 1844 2551 τυγχανόντων

252 2575 499 2647 δέξηται.
536 2575 725 2639 Οὕτως
753 2569 848 2630 οὖν
877 2575 1000 2629 τότε
1029 2572 1125 2628 τοῦ
1156 2572 1398 2639 Μωσέως
1438 2575 1844 2647 χειροτονηθέν-

258 2686 372 2734 τος,
399 2670 431 2722 ό
466 2666 801 2740 Σαρακηνῶν
827 2664 1058 2737 ἐσϐέσθη
1096 2664 1352 2735 πόλεμος⁸
1381 2661 1495 2735 εἶχέ
1515 2682 1575 2718 τε
1610 2664 1703 2719 τοῦ
1729 2664 1841 2720 λοι-

259 2759 367 2815 ποῦ
392 2761 430 2831 ἠ
454 2758 644 2813 Haut:
667 2757 806 2828 πρὸς
846 2755 1150 2827 Ῥωμαίους
1178 2756 1426 2828 εἰρήνην,
1459 2755 1533 2820 ὡς
1562 2756 1658 2810 καὶ
1681 2756 1841 2826 θυγα.

259 2854 396 2925 τέρα
431 2852 603 2922 αὐτῆς
642 2849 728 2921 τῷ
775 2848 1124 2921 στρατηλάτῃ
1174 2850 1547 2920 κατεγγυῆσαι
1593 2848 1835 2921 Βίκτορι.

264 2944 452 2999 Ταῦτα
478 2943 608 3015 περὶ
639 2941 993 3013 Σαρακηνῶν.

825 3212 1075 3265 ΚΕΦΛΛ.
1130 3212 1255 3265 ΛΖ’.

270 3307 370 3373 Ὠς
395 3305 901 3376 ἀναχωρήσαντος
946 3304 1283 3376 Οὐάλεντος
1311 3305 1430 3360 ἀπὸ
1465 3305 1839 3376 Ἀντιοχείας,

330 3380 385 3430 οι
408 3378 479 3430 ἐν
506 3373 904 3444 τῇίἊνατολῇ
935 3373 1351 3442 θαρσήσαντες
1372 3373 1682 3442 ὀρθόδοεόὶ
1695 3415 1710 3438 ,
1742 3376 1842 3431 καὶ

342 3447 612 3515 μάλιστα
633 3447 703 3515 ἐν
745 3445 1201 3515 Ἀλεξανδρείᾳ,
1230 3445 1338 3515 τὸν
1379 3445 1639 3499 Λούκιον
1655 3446 1841 3513 ,ἐκϐα-

341 3512 579 3583 πάντες,
613 3512 789 3583 αὖθις
821 3514 903 3581 τῷ
922 3514 1122 3582 Πέτρῳ
1147 3514 1254 3580 τὰς
1284 3514 1617 3581 ἐκκλησίας
1653 3512 1842 3584 παραυ

336 3585 654 3650 δεδώκασι,
684 3585 995 3655 γράμμασι
1009 3584 1290 3653 Δαμάσου
1310 3584 1418 3639 τοῦ
1460 3585 1687 3654 Ῥώμης
1714 3587 1843 3639 ἐπι-

334 3658 577 3712 σκόπου
608 3654 1104 3725 κατωχυρωμένῳ.

335 3748 494 3802 Κατά
527 3748 583 3801 δὲ
610 3747 701 3801 τὸν
730 3748 920 3819 καιρὸν
949 3744 1157 3810 τοῦτον,
1182 3744 1277 3799 τοῦ
1318 3743 1580 3816 βασιλέως
1608 3745 1843 3801 Οὐάλεν-

254 3855 350 3902 τος
378 3839 445 3891 ἐκ
469 3839 570 3907 τῆς
620 3835 948 3905 ’Δντιοχείας
986 3835 1441 3905 ἀναχωρήσαντος
1473 3843 1523 3898 (ι,
1571 3835 1844 3907 ἀνερρών-

258 3947 422 3984 νυντο
450 3932 499 3984 oi
536 3927 813 3998 πανταχοῦ
837 3928 1206 3998 ἐλαυνόμενοι,
1233 3926 1331 3981 καὶ
1363 3927 1600 3998 μάλιστα
1625 3929 1677 3982 oi
1701 3928 1844 3985 κατὰ

249 4024 355 4094 τὴν
430 4021 859 4091 Ἀλεξάνδρειαν.
915 4019 1126 4090 Πέτρου
1175 4036 1236 4073 τε
1293 4018 1681 4085 ἐπανελθόντος
1726 4019 1842 4091 (12)

249 4114 362 4167 ἀπὸ
382 4113 487 4183 τῆς
528 4110 747 4183 Ῥώμης
772 4109 909 4180 μετά
928 4108 1268 4180 γραμμάτων
1289 4109 1543 4181 Δαμάσου
1579 4109 1675 4163 τοῦ
1714 4109 1841 4164 Ῥώ-

249 4222 364 4276 μης
392 4201 717 4267 ἐπισκόπου,
744 4200 1107 4271 βεϐαιούντων
1133 4199 1234 4269 τὴν
1272 4199 1366 4253 τοῦ
1402 4201 1690 4271 όμοουσίου
1750 4201 1844 4255 πί-

249 4313 378 4349 στιν
418 4295 516 4347 καὶ
552 4294 654 4363 τὴν
679 4292 775 4345 τοῦ
806 4293 1014 4360 Πέτρου
1041 4292 1376 4346 κατάστασιν
1400 4305 1417 4324 δ
1447 4291 1843 4365 ἀναθαρρήσας

246 4385 344 4443 οὖν
381 4390 413 4439 ὁ
440 4385 595 4450 λαὸς,
635 4383 727 4436 τὸν
781 4382 881 4453 μὲν
912 4381 1141 4436 Λούκιον
1192 4381 1591 4447 ἐξελαύνουσιν*
1632 4384 1847 4438 ἀντεισ-

247 4481 453 4550 ἀγουσι
477 4478 538 4532 δέ
579 4476 672 4529 τὸν
702 4474 931 4545 Πέτρον.
996 4474 1157 4528 ’Δλλά
1196 4474 1427 4539 Λούκιος
1453 4474 1552 4547 μὲν
1585 4475 1662 4540 ὡς
1698 4470 1844 4548 εἶχεν

245 4573 344 4626 ἐπὶ
374 4573 477 4642 τὴν
498 4572 923 4627 Κωνσταντίνου
944 4571 1098 4627 πόλιν
1120 4570 1332 4627 ἔπλεεν.
1356 4571 1562 4643 Πέτρος
1585 4571 1642 4625 δέ
1665 4571 1844 4641 ὀλίγον

245 4664 504 4727 ἐπιϐιοὺς
544 4665 739 4735 χρόνον
766 4664 996 4735 τελευτᾷ
1019 4704 1034 4729 ,
1064 4662 1310 4735 διάδοχον
1339 4661 1653 4717 καταλιπὼν
1677 4662 1845 4734 Τιμὸ-

244 4755 373 4811 θεον
402 4755 635 4825 ἀδελφὸν
664 4752 883 4812 ἑαυτοῦ.

1866 3208 1914 3271 C

1867 4782 1914 4837 D

1944 1834 2259 1891 Christiana
2292 1838 2500 1892 habeas
2525 1834 2807 1908 dogmata.
2843 1839 3197 1896 Christianus
3229 1843 3376 1897 enim
3417 1859 3527 1901 non

1945 1929 2223 1996 percutit,
2272 1944 2382 1983 non
2420 1931 2802 1996 conviciatnr,
2849 1947 2960 1985 non
3007 1941 3215 2004 pugnat
3252 1949 3267 1986 :
3321 1934 3531 2006 quippe

1943 2033 2164 2074 servum
2211 2018 2305 2074 Dei
2332 2035 2578 2092 pugnare
2609 2036 2717 2077 non
2763 2022 2942 2078 decet.
2976 2024 3045 2077 At
3070 2032 3164 2080 tua
3193 2024 3366 2091 facta,
3400 2037 3530 2082 tan-

1944 2124 2110 2180 quam
2138 2124 2272 2165 voce
2302 2112 2507 2166 emissa
2536 2113 2778 2167 clamant
2800 2128 2896 2183 per
2924 2128 3027 2170 eos
3051 2118 3146 2186 qui
3176 2117 3235 2171 in
3264 2117 3526 2174 exsilium

1947 2201 2145 2267 missi,
2178 2201 2273 2272 qui
2316 2202 2509 2258 bestiis
2549 2203 2737 2257 traditi
2765 2244 2780 2271 ,
2812 2205 2906 2273 qui
2940 2205 3196 2262 incendio
3216 2209 3530 2279 consumpti

1948 2302 2101 2349 sunt.
2144 2292 2224 2347 Ea
2274 2308 2442 2364 porro
2488 2309 2613 2366 quae
2651 2294 2829 2351 oculis
2867 2296 3325 2367 conspiciuntur,
3365 2297 3529 2369 longe

1951 2384 2077 2455 plus
2102 2385 2286 2441 valent
2316 2385 2386 2440 ad
2415 2385 2862 2442 convincendum
2885 2425 2902 2451 ,
2935 2402 3104 2458 quam
3130 2403 3195 2444 ea
3223 2403 3344 2460 qua
3368 2388 3529 2444 audi-

1946 2478 2099 2531 tione
2129 2476 2500 2547 accipiuntur.
2533 2476 2661 2533 Haec
2703 2488 2761 2534 et
2801 2477 3117 2549 huiusmodi
3142 2494 3268 2536 cum
3298 2481 3533 2538 dixisset

1947 2565 2165 2633 Moses,
2195 2567 2495 2623 necessarii
2531 2582 2656 2623 eum
2686 2568 2759 2623 ad
2798 2576 3044 2624 montem
3084 2570 3429 2641 perducunt,
3468 2578 3531 2628 ut

1947 2659 2018 2714 ab
2046 2659 2116 2714 iis
2151 2659 2248 2729 qui
2292 2659 2410 2714 illic
2446 2659 2795 2727 exsulabant,
2832 2659 3189 2715 ordinaretur
3215 2662 3528 2733 episcopus.

1945 2751 2026 2806 Ad
2049 2752 2200 2807 hunc
2221 2752 2387 2823 igitur
2403 2751 2785 2809 modumMose
2804 2759 2938 2808 tunc
2952 2761 3304 2820 consecrato,
3324 2754 3529 2811 bellum

1948 2844 2352 2899 Saracenorum
2377 2843 2615 2913 sopitum
2634 2852 2737 2899 est.
2755 2843 2835 2898 Ac
2850 2841 3116 2913 deinceps
3132 2840 3313 2897 Maria
3336 2857 3529 2913 pacem

1942 2950 2069 2990 cum
2100 2933 2366 2990 Romanis
2393 2933 2658 2999 servavit,
2688 2934 2828 2990 adeo
2855 2943 2915 2989 ut
2937 2932 3104 2989 ﬁliam
3132 2948 3289 2990 suam
3316 2932 3523 2992 Victori

1946 3025 2212 3096 magistro
2231 3025 2471 3080 militum
2502 3024 2887 3097 desponderet.
2910 3024 3091 3097 Atque
3116 3025 3233 3081 hac
3256 3027 3326 3082 de
3357 3025 3527 3083 Sara-

1947 3118 2100 3174 cenis
2126 3117 2244 3173 sint
2272 3116 2443 3172 dicta.

2453 3205 2609 3262 CAP.
2652 3205 2799 3262 XXX
2814 3206 2928 3262 VII.

1951 3296 2228 3363 Quomodo
2255 3309 2373 3366 post
2415 3298 2753 3366 imperatoris
2788 3300 3082 3354 discessum
3103 3340 3118 3363 ,
3155 3299 3435 3356 orthodoxi
3471 3302 3527 3356 in

2019 3367 2351 3441 0rien_te,_et
2380 3369 2610 3441 maxime
2641 3368 2782 3437 apud
2811 3370 3221 3441 Alexandriam,
3245 3373 3526 3441 resumptis

2017 3438 2210 3509 animis
2238 3436 2481 3509 Lucium
2520 3436 2783 3507 ejeceruut
2809 3479 2825 3501 ,
2870 3449 2919 3493 et
2966 3438 3145 3509 Petro!
3177 3442 3264 3509 qui
3301 3436 3527 3496 Damasi

2017 3506 2248 3577 Romani
2270 3506 2758 3577 ponti/icislitteris
2781 3510 3018 3562 munitus
3053 3506 3284 3563 redierat
3307 3549 3321 3575 ,
3360 3513 3528 3567 ecclo-

2020 3579 2131 3632 sias
2157 3576 2524 3632 reddiderunt.

2014 3730 2120 3788 Per
2169 3731 2315 3788 idem
2354 3739 2573 3804 tempus
2611 3747 2739 3788 cum
2794 3733 3085 3789 Antiochia
3142 3734 3344 3793 Valens
3389 3736 3524 3809 imp.

1942 3824 2318 3892 discessisset,
2344 3834 2612 3897 quotquot
2645 3829 2851 3899 ubique
2889 3830 3332 3899 persecutionem
3367 3833 3523 3903 passi

1942 3930 2120 3984 erant,
2155 3934 2485 3990 magnopere
2513 3919 2719 3975 animis
2752 3920 3065 3976 conﬁrmati
3092 3932 3252 3988 sunt,
3288 3938 3354 3980 ac
3382 3939 3525 3994 pra:-

1942 4009 2105 4080 cipue
2155 4010 2538 4065 Alexandrini.
2589 4010 2756 4081 259
2795 4010 3010 4083 Quippe
3044 4022 3176 4068 tunc
3217 4030 3412 4071 recens
3453 4017 3526 4072 ab

1949 4100 2085 4157 urbe
2100 4099 2275 4157 Roma
2292 4117 2548 4158 reversus
2565 4112 2686 4156 erat
2711 4101 2907 4159 Petrus
2929 4118 3055 4158 cum
3085 4104 3286 4160 litteris
3302 4104 3522 4162 Damasi

1945 4192 2194 4262 episcopi
2236 4192 2505 4257 Romani,
2554 4193 2761 4262 quibus
2801 4193 2893 4250 ille
2926 4200 2985 4248 et
3028 4194 3524 4252 consubstantialls

1946 4282 2145 4347 ﬁdem,
2189 4293 2244 4339 et
2286 4283 2435 4339 Petri
2480 4284 2884 4340 ordinationem
2923 4284 3307 4340 conﬁrmabat.
3334 4285 3525 4358 Itaque

1946 4374 2202 4446 populus,
2240 4382 2520 4446 resumpta
2556 4373 2790 4439 ﬁducia,
2830 4372 3061 4430 Lucium
3093 4374 3311 4446 quidem
3338 4386 3525 4433 extur-

1945 4466 2061 4531 bat,
2081 4464 2301 4521 Petrum
2326 4480 2457 4520 vero
2481 4465 2534 4519 in
2558 4465 2679 4535 ejus
2703 4465 2884 4521 locum
2907 4466 3217 4524 substituit.
3240 4466 3523 4525 EtLucius

1939 4555 2160 4629 quidem
2192 4556 2379 4612 statim
2414 4570 2717 4612 conscenso
2739 4557 2956 4626 navigio
2986 4558 3523 4630 Constantinopolim

1942 4649 2207 4721 perrexit.
2221 4646 2418 4704 Petrus
2439 4663 2571 4704 vero,
2590 4661 2715 4703 cum
2745 4649 2949 4721 exiguo
2973 4659 3218 4720 tempore
3237 4658 3522 4722 superstes

1943 4739 2175 4806 fuisset,
2207 4755 2275 4794 ex
2306 4738 2408 4793 hac
2437 4739 2550 4794 vita
2588 4738 2877 4810 migravit,
2897 4737 3249 4797 Timotheum
3292 4740 3518 4801 fratrem

1940 4832 2087 4888 sedis
2112 4846 2225 4886 sua!
2257 4843 2643 4887 successorem
2677 4830 3024 4902 relinquens.

1463 4944 1553 5001 VA
1561 4943 1741 5001 LESII
1776 4943 2220 5004 ANNOTATION
2226 4941 2330 4999 ES.

320 5047 439 5119 (l2)
467 5045 698 5119 Πέτρρυ
722 5041 1268 5119 “ﬁngar-8.106399
1295 5109 1308 5119 .
1334 5038 1697 5119 scribendum
1749 5048 1837 5119 est

247 5109 465 5191 Πέτρου
477 5109 601 5170 τότέ
619 5112 1023 5177 ἐπανελθόντος,
1038 5120 1092 5167 et
1107 5109 1345 5168 tollenda
1358 5110 1535 5165 ﬁnalis
1545 5111 1848 5177 distinctio,

1943 5057 2066 5112 quae
2099 5048 2229 5095 ante
2287 5039 2401 5112 haec
2425 5037 2872 5112 _vcrba_apposit_a
2905 5044 3012 5094 est.
3049 5035 3293 5111 Eamque
3322 5040 3519 5099 lectio-

1957 5107 2081 5168 nem
2103 5118 2325 5167 secutus
2353 5107 2563 5164 videtur
2589 5107 2947 5178 Epiphanius.

1709 5225 2088 5283 VARIORUM.

320 5337 350 5377 ν
394 5324 555 5393 Πρὸς
573 5322 834 5378 Λούκιον
850 5319 1029 5390 ἤχθη.
1048 5318 1258 5393 Lucius
1283 5316 1379 5393 hic
1405 5315 1638 5393 Georgio
1686 5316 1837 5373 sedis

250 5388 646 5452 Alexandrinae
694 5388 965 5455 invasor’i,
1016 5390 1083 5445 ab
1106 5388 1331 5443 Arianis
1363 5388 1693 5456 subrogatus
1726 5393 1837 5452 est,

252 5478 313 5521 ut
339 5468 595 5522 scribunt
618 5462 902 5525 Socrates,
929 5459 1026 5516 lib.
1063 5475 1147 5526 ιιι,
1190 5473 1312 5529 cap.
1348 5459 1484 5529 t._et
1517 5456 1835 5529 Sozomen.,

255 5540 352 5593 lib.
386 5554 440 5601 v,
469 5551 594 5606 cap.
623 5537 692 5606 7.,
707 5533 785 5587 Ea
814 5525 1328 5606 subrog:i_ti0_ani}o
1361 5526 1650 5606 573Lpgst
1669 5525 1838 5606 AtlLa:

254 5611 397 5663 nasii
425 5593 639 5681 obitum
670 5604 838 5681 facta.
864 5593 1191 5681 (A.nt'._i"agi,
1221 5599 1450 5681 ad'ann:
1481 5593 1609 5658 36a.
1640 5611 1695 5681 ιι..
1731 5593 1840 5681 l3.)

324 5688 355 5731 ς
380 5676 721 5742 Οὐάλεντος
753 5674 825 5727 ἐκ
867 5664 982 5741 τῆς
1028 5664 1383 5739 Ἁνὶιοχειας
1410 5664 1839 5736 ἁναχωρήσανὲ

1940 5332 2063 5381 τος.
2084 5313 2182 5370 Diu
2203 5312 2404 5370 Valens
2430 5311 2739 5368 Antiochiae
2763 5323 3007 5370 moratus
3022 5321 3130 5379 est,
3149 5320 3211 5369 ut
3232 5315 3522 5373 insinuant

1943 5384 2218 5448 Zosimus,
2281 5384 2376 5438 lib.
2425 5399 2502 5445 tv,
2555 5398 2610 5452 p.
2660 5383 2797 5450 747;
2845 5384 3194 5446 Ammianus,
3224 5386 3318 5439 lib.
3364 5401 3517 5448 xxxt.

1942 5471 2062 5525 cap.
2087 5456 2173 5508 ll.
2208 5453 2467 5525 Socrates
2497 5451 2894 5525 etisozonien”
2910 5455 2978 5508 ab
3000 5469 3148 5508 anno
3168 5468 3366 5522 nempe
3386 5453 3520 5525 572,

1946 5522 2173 5579 ιιιιάιιιι.
2210 5524 2335 5579 577.
2368 5522 2483 5594 Nisi
2494 5522 2658 5594 quod
2689 5523 2819 5578 dum
2846 5523 2960 5594 illic
3001 5531 3329 5594 moraretur,
3354 5522 3522 5594 modo

1923 5596 2269 5660 .Czesaream,
2297 5593 2457 5648 modo
2488 5588 2775 5657 Edessam,
2805 5593 2968 5647 modo
3000 5591 3056 5645 in
3097 5590 3248 5660 alias,
3272 5588 3524 5660 Orientis
3642 5652 3651 5658 ,

1949 5667 2109 5721 urbes
2138 5658 2261 5721 sese
2272 5665 2585 5723 contulerit.
2614 5663 2765 5735 (Ant.
2794 5661 3028 5733 Pagi,ad
3050 5672 3181 5716 ann.
3200 5658 3328 5728 577,
3358 5675 3412 5716 ιι.
3433 5658 3524 5721 2.)
