4040 6216
495 268 629 326 ⁸1231

1948 272 2290 331 SOZOMENI

3621 278 3771 333 1252

498 382 691 439 animi.
750 381 858 438 Sed
911 399 975 440 ex
1011 385 1196 446 .animi
1261 385 1533 444 institutis
1589 386 1766 442 forma
1825 390 2079 458 corporis

2188 389 2360 461 ψυχῆς
2390 388 2816 462 ἐπιτηδεύμασιν
2841 391 3279 458 ἀπεικονίζεσθαι
3306 391 3366 446 τὸ
3392 391 3484 446 τοῦ
3508 392 3769 464 σώματος

498 476 834 546 exprimitur
863 495 876 531 :
912 486 966 532 et
998 482 1387 552 unusquisque
1417 481 1731 550 cujusmodi
1760 481 1960 538 studiis
1989 483 2083 538 de-

497 566 646 624 ditus
677 575 794 634 est,
827 567 1146 637 huiusmodi
1169 571 1334 624 etiam
1361 581 1589 641 apparet
1611 587 1678 626 eo
1702 579 1947 642 tempore
1970 587 2082 641 quo

499 660 551 713 in
577 659 778 714 studiis
812 658 925 713 illis
966 667 1242 714 versatur.
1278 660 1346 713 Et
1375 661 1501 716 huic
1523 661 1744 732 quidem
1771 663 2080 730 sententiae,

500 751 545 805 si
581 750 709 820 quis
742 759 934 806 exacte
975 765 1094 806 rem?
1131 751 1488 823 expenderit,
1532 769 1728 820 nemo,
1761 762 1821 808 ut
1861 755 2079 824 Opinor,

498 839 864 895 contradicet.
897 840 1166 895 Cancrum
1199 842 1352 896 aiunt
1381 842 1742 898 Athanasium
1780 845 2080 914 impulsum

498 931 683 986 divina
718 932 960 996 visione,
997 947 1120 1003 qua:
1153 932 1334 1004 ipsum
1390 934 1492 988 hac
1538 935 1755 990 ratione
1793 943 2078 991 servatum

499 1025 569 1079 iri
621 1031 947 1089 monuerat,
1004 1023 1072 1078 ad
1123 1039 1242 1079 eam
1291 1025 1558 1096 virginem
1607 1027 1945 1100 confugisse.
2001 1031 2080 1084 Ac

498 1115 635 1170 mihi
682 1115 901 1186 quidem
947 1115 1002 1168 in
1048 1115 1129 1169 rei
1175 1115 1346 1171 totius
1393 1119 1600 1172 exitum
1645 1117 1913 1183 intuenti,
1966 1118 2080 1173 haec

499 1222 609 1263 non
645 1208 854 1276 absque
886 1205 982 1261 Dei
1018 1214 1155 1262 nutu
1184 1208 1444 1263 videntur
1484 1223 1607 1264 esse
1639 1208 1946 1279 disposita:
1984 1209 2078 1265 sed

499 1306 560 1353 ut
600 1298 898 1370 propinqui
936 1297 1226 1354 Athanasii
1272 1299 1478 1354 nullam
1527 1301 1866 1356 sustinerent
1911 1302 2080 1357 mole-

500 1392 660 1446 stiam
687 1431 703 1457 ,
737 1389 783 1445 si
817 1390 943 1458 quis
973 1403 1070 1444 eos
1103 1391 1376 1456 scrutari,
1408 1400 1460 1446 et
1502 1392 1719 1448 curiose
1763 1391 1832 1447 de
1873 1392 1965 1446 illo
1996 1393 2080 1446 iu-

499 1481 723 1552 quirere
751 1481 1052 1544 voluisset,
1105 1489 1200 1536 aut
1231 1482 1424 1552 jurare
1469 1483 1634 1538 etiam
1674 1484 2032 1554 compulisset
2063 1503 2075 1540 :

500 1580 553 1626 et
584 1579 645 1626 ut
681 1572 798 1642 ipse
841 1572 1092 1628 occultus
1136 1573 1377 1628 latitaret
1420 1573 1564 1644 apud
1610 1589 1731 1629 eam
1775 1573 2076 1645 virginem,

499 1681 620 1736 qua:
647 1665 718 1720 ob
752 1665 940 1720 formae
970 1665 1191 1736 quidem
1226 1673 1566 1722 venustatem
1602 1683 1714 1722 non
1749 1668 1966 1723 sinebat
2019 1674 2079 1722 ut

2186 476 2318 551 ἦθος
2352 495 2366 510 ’
2415 483 2635 536 καὶτὸν
2680 484 2842 537 αὐτὸν
2895 484 3042 548 ὅπως
3093 485 3160 539 ἂν
3211 484 3354 558 τύχῃ
3405 485 3767 556 ἐπιτηδεύων.

2187 572 2422 626 τοιοῦτον
2477 573 2572 628 καὶ
2611 574 2981 644 διαφαίνεσθαι
3006 615 3022 640 ,
3072 575 3191 629 καθ’
3235 576 3294 630 ὃν
3341 576 3406 628 ἂν
3452 576 3771 646 ἐπιτηδεύει

2189 664 2379 736 καιρόν
2399 679 2414 694 ’
2464 666 2560 719 καὶ
2583 665 2755 735 τούτῳ
2783 666 2880 736 μὲν
2907 665 2983 736 τῷ
3023 665 3165 736 λόγῳ
3199 666 3252 719 εἴ
3279 684 3364 730 τις
3404 667 3646 738 ἀκριϐῶς
3675 667 3772 731 ἐξ·

2187 751 2430 806 ετάσειεν
2449 793 2462 818 ,
2500 751 2675 815 οὐδεὶς
2701 749 2851 822 οἶμαι
2883 754 3114 823 ἀντερεῖ.
3153 753 3467 808 Ἀθανασιον
3493 756 3549 808 δὲ
3579 757 3769 823 λόγος,

2186 841 2329 897 κατὰ
2358 843 2506 897 Θείαν
2545 843 2666 913 ὄψιν
2703 844 2801 897 ὡδὶ
2831 844 3172 915 ύποθεμένην
3216 845 3364 916 αύτῷ
3394 845 3768 916 σωθήσεσθαι,

2186 934 2324 1006 πρὸς
2379 933 2586 1006 ταύτην
2629 934 2727 1006 τὴν
2777 935 3043 1007 παρθένον
3094 939 3451 1005 καταφυγεῖν.
3510 937 3619 990 Καί
3670 954 3771 1006 μοι

2183 1025 2330 1079 δοκεῖ
2381 1024 2514 1098 πρὸς
2546 1025 2646 1098 τὴν
2680 1026 2947 1080 ἀπόϐασιν
2980 1025 3209 1096 ὁρῶντι,
3259 1028 3360 1080 οὐκ
3394 1028 3541 1080 ἀθεεὶ
3585 1028 3770 1082 ταῦτα

2185 1116 2602 1187 οίκονομηθῆναι
2625 1133 2640 1148 ο
2673 1116 2785 1170 ἀλλ’
2815 1116 2958 1170 ὥστε
3003 1119 3096 1170 καὶ
3130 1120 3257 1182 τοὺς
3281 1119 3604 1172 Ἀθανασίου
3648 1123 3772 1174 ἑπι-

2183 1185 2436 1280 τηδείους
2467 1185 2544 1280 μὴ
2600 1208 2746 1279 ἐχειν
2791 1209 3129 1280 πράγματα,
3161 1209 3215 1262 εῐ
3242 1228 3327 1274 τις
3376 1211 3570 1274 αὐτοὺς
3599 1185 3798 1286 ειυολι›-¹ἲ

2185 1304 2519 1374 πραγμονεῖν
2578 1303 2706 1373 περὶ
2743 1302 2906 1355 αὐτοῦ
2960 1303 3398 1374 ἐπιχειρήσειεν,
3448 1304 3481 1374 ἦ
3527 1293 3806 1373 ὀμνύναι“

2185 1394 2438 1447 ἐϐιάσατο
2457 1409 2470 1424 ·
2502 1393 2596 1446 καὶ
2628 1393 2788 1447 αὑτὸν
2833 1393 3104 1449 διαλαθεῖν
3143 1394 3292 1465 παρὰ
3320 1395 3492 1466 ταύτῃ
3521 1395 3770 1463 κρυπτό-

2188 1501 2346 1555 μενον
2368 1524 2382 1548 ,
2410 1485 2444 1554 ἢ
2489 1483 2566 1554 τῷ
2600 1483 2698 1555 μὲν
2727 1482 2910 1536 κάλλει
2936 1523 2950 1548 ,
2981 1485 3042 1536 ού
3092 1482 3388 1555 συνεχώρει
3419 1484 3771 1537 ὑπονοεῖσθαι

2185 1576 2370 1630 ἐνθάδε
2411 1575 2616 1645 διάγειν
2663 1575 2752 1629 τὸν
2793 1576 2961 1647 ἱερέα.
2993 1577 3070 1628 Δι’
3096 1576 3345 1647 ἀνδρείαν
3379 1576 3434 1629 δὲ
3464 1575 3630 1628 αὑτὸν
3659 1577 3771 1628 im-

2185 1663 2434 1730 εδέξατο,
2469 1665 2564 1718 καὶ
2604 1663 2694 1717 διὰ
2726 1664 2988 1735 φρόνησιν
3019 1664 3303 1717 ἀπέσωσεν
3327 1680 3342 1694 ο
3378 1664 3470 1717 ἐπὶ
3503 1663 3769 1718 τοσοῦτον

500 1759 624 1828 quis
673 1757 1016 1814 sacerdotem
1073 1757 1185 1814 illic
1235 1758 1434 1828 degere
1488 1760 1905 1828 suSpicaretur;
1965 1759 2077 1829 prae

2188 1754 2477 1824 πιστοτάτη
2527 1753 2700 1824 φύλαξ
2750 1754 2844 1806 καὶ
2896 1753 3142 1817 διάκονος
3177 1753 3440 1806 σπουδαία
3463 1755 3767 1824 γενομένη,

500 1848 672 1902 animi
705 1855 887 1903 autem
917 1847 1237 1904 fortitudine
1267 1864 1390 1903 eum
1427 1850 1676 1918 excepit,
1707 1858 1761 1904 et
1789 1849 2077 1919 prudentia

2188 1847 2248 1912 ὓς
2297 1847 2461 1911 πόδας
2503 1845 2668 1900 αὑτοῦ
2705 1846 2946 1911 νίπτειν,
2993 1847 3086 1900 καὶ
3132 1847 3200 1899 τὰ
3246 1846 3372 1917 περὶ
3415 1846 3621 1919 τροφὴν
3667 1847 3773 1898 καῖ⁵

498 1954 601 1995 sua
635 1939 896 1996 servavit.
944 1936 1133 2006 Usque
1181 1937 1316 1993 adeo
1365 1937 1468 1992 fida
1513 1946 1743 2005 custos,
1786 1949 1838 1994 et
1888 1938 2077 1995 sedula

2188 1938 2221 1990 τ’
2253 1937 2386 1992 ἄλλα
2419 1937 2594 1991 πάντα
2614 1976 2629 1998 ,
2656 1936 2748 1989 καὶ
2774 1937 2872 1989 ὅσα
2904 1937 3062 2005 φύσις
3093 1935 3383 2007 ὑπομένειν
3415 1936 3660 2006 βιάζεται
3705 1937 3771 1988 tv

501 2033 622 2102 ejus
670 2031 957 2096 ministra,
994 2036 1054 2084 ut
1101 2037 1157 2085 et
1204 2029 1370 2100 pedes
1401 2031 1452 2084 ei
1491 2030 1730 2096 lavaret,
1780 2038 1834 2086 et
1878 2045 1966 2086 res
2012 2030 2080 2085 ad

2188 2031 2298 2092 ταῖς
2327 2025 2782 2095 κατεπειγούσαις
2814 2026 3024 2096 χρείαις
3042 2065 3056 2090 ,
3093 2025 3260 2097 μόνην
3301 2025 3468 2096 αὐτὴν
3494 2025 3771 2078 διακονεῖ-

503 2129 707 2181 victum
741 2123 1119 2191 necessarias,
1164 2137 1228 2178 ac
1267 2122 1477 2193 reliqua
1507 2123 1711 2187 omnia,
1744 2136 2084 2194 quaecunque

2188 2119 2305 2172 σθαι
2323 2135 2338 2150 ο
2368 2118 2590 2188 προσέτι
2617 2117 2673 2171 δὲ
2700 2118 2795 2171 καὶ
2827 2117 3040 2187 βίϐλους
3070 2110 3145 2172 ὧν
3172 2118 3342 2171 ἐδεῖτο
3361 2159 3375 2184 ,
3425 2118 3555 2189 παρ’
3581 2117 3766 2170 ἄλλων

503 2229 708 2275 natura:
740 2217 1045 2275 necessitas
1075 2217 1277 2289 exigit,
1311 2217 1404 2271 ubi
1448 2231 1587 2288 opus
1614 2223 1794 2281 esset,
1830 2217 1946 2272 sola
1989 2230 2085 2287 per

2188 2206 2444 2279 κομίζειν.
2475 2205 2583 2260 Καὶ
2628 2205 2722 2258 ἐπὶ
2769 2203 2951 2275 πολλῷ
2979 2204 3154 2274 χρόνῳ
3199 2204 3312 2276 (77)
3349 2202 3552 2256 τούτων
3608 2218 3768 2270 γενο-

502 2328 562 2369 se
597 2312 980 2368 ministraret:
1013 2311 1186 2366 libros
1216 2317 1481 2380 praeterea
1513 2310 1716 2380 quibus
1746 2309 1836 2366 ille
1869 2308 2080 2379 indige-

507 2404 639 2470 bat,
673 2403 744 2458 ab
779 2403 902 2460 aliis
945 2401 1321 2458 commodatos
1368 2400 1589 2457 all‘erret
1623 2419 1638 2456 :
1689 2409 1745 2456 et
1773 2397 2082 2472 longissimi

2192 2299 2366 2372 μένων
2384 2337 2399 2364 ,
2435 2297 2638 2369 μηδένα
2663 2295 2771 2350 τῶν
2807 2294 3202 2350 κατοικούντων
3234 2294 3334 2365 τὴν
3369 2291 3767 2363 ’Δλεξανδρέων

2188 2391 2346 2446 πόλιν
2373 2388 2585 2460 μαθεῖν.

502 2493 766 2564 temporis
797 2493 980 2561 spatio
1023 2507 1133 2563 quo
1171 2493 1288 2549 haec
1320 2493 1674 2564 gerebantur,
1710 2507 1872 2549 nemo
1902 2499 2089 2547 tamen
2123 2501 2188 2544 ex
2223 2479 2614 2539 Alexandrinis
2646 2478 2863 2536 civibus
2892 2493 3006 2534 rem
3039 2483 3420 2550 cognosceret.

1035 2609 1200 2680 139
1236 2608 1388 2664 CAP.
1440 2607 1556 2664 vn.

507 2703 582 2758 De
613 2702 752 2759 aede
785 2712 833 2758 et
870 2702 1134 2756 trnctione
1169 2701 1383 2770 Georgii
1415 2701 1772 2756 Alexandrini
1805 2699 2079 2770 episcopi,

573 2774 636 2828 ob
666 2791 728 2828 ea
759 2788 878 2844 qua:
915 2773 974 2844 in
1012 2772 1203 2844 templo
1245 2767 1460 2844 Mithrae
1491 2767 1842 2836 acciderant;
1872 2779 1920 2826 et
1956 2767 2084 2838 quid

574 2860 639 2898 ea
671 2843 735 2898 de
769 2838 824 2898 re
859 2838 1130 2910 scripserit
1159 2838 1438 2895 Julianus.

565 2991 646 3045 Et
700 2992 1036 3049 Athanasius
1077 2990 1296 3063 quidem
1338 2992 1440 3046 hoc
1483 2992 1647 3047 modo
1688 3000 1976 3056 servatus,
2022 3003 2085 3044 ac
2113 2997 2155 3056 ο

509 3091 708 3152 praeter
735 3081 978 3137 omnium
1010 3081 1472 3152 exspectationem
1505 3081 1560 3135 in
1586 3081 1832 3136 Ecclesia
1863 3095 2090 3151 conspe-

511 3181 671 3237 ctus,
720 3171 995 3225 undenam
1047 3169 1346 3240 prodiisset
1403 3170 1785 3240 ignorabatur.
1847 3170 2088 3240 Populus

510 3272 694 3320 autem
727 3261 1138 3318 Alexandrinus
1165 3261 1379 3332 ingenti
1410 3261 1612 3333 gaudio
1647 3263 1927 3318 exsultans
1949 3303 1963 3326 ,
1997 3278 2088 3319 ec-

508 3355 708 3412 clesias
737 3356 785 3410 ei
820 3351 1066 3408 tradidit.
1099 3353 1285 3408 Ariani
1319 3353 1487 3424 igitur
1521 3353 1774 3410 ecclesiis
1820 3353 1994 3424 pulsi,
2032 3355 2087 3409 in

507 3448 739 3520 privatis
764 3445 973 3502 aedibus
999 3452 1306 3502 conventus
1339 3460 1474 3500 suos
1502 3447 1796 3514 separatim
1825 3455 2085 3517 egerunt,

508 3555 632 3595 cum
681 3538 913 3594 Lucium
954 3537 1248 3608 quemdam
1271 3576 1286 3604 ,
1327 3535 1546 3608 Georgii
1581 3537 1700 3592 loco
1722 3575 1736 3602 ,
1765 3537 2084 3610 episcopum

508 3639 673 3688 secta:
701 3644 811 3685 suae
844 3629 1283 3684 constituissent.
1318 3625 1436 3682 Jam
1463 3628 1610 3684 enim
1631 3628 1898 3702 Georgius
1916 3629 2088 3684 inter-

508 3731 727 3793 emptus
762 3719 961 3775 fuerat.
1009 3718 1146 3774 Nam
1191 3719 1356 3774 simul
1402 3727 1566 3790 atque
1597 3722 1956 3792 magistratus
1989 3736 2088 3792 pa-

511 3813 615 3865 lam
651 3809 948 3872 fecissent,
983 3806 1368 3862 Constantium
1399 3810 1616 3878 quidem
1651 3817 1962 3879 mortuum,
1990 3809 2089 3866 Ju-

511 3904 719 3957 lianum
749 3914 882 3956 vero
923 3898 991 3954 ad
1023 3898 1315 3969 imperium
1349 3908 1596 3955 evectum
1651 3915 1774 3956 esse
1795 3940 1809 3966 ,
1849 3901 2089 3958 Alexan-

513 3994 805 4050 drinorum
827 3989 1124 4063 gentilium
1171 3989 1366 4060 vulgus
1415 3990 1738 4046 seditionem
1772 3994 2086 4050 commovit.

510 4087 946 4155 Clamantcsque
977 4081 1252 4146 universi,
1274 4089 1327 4136 et
1348 4081 1612 4136 conviciis
1641 4098 1766 4138 eum
1799 4083 2086 4140 incessen-

510 4191 621 4246 tes,
654 4178 923 4247 impetum
951 4174 1008 4230 in
1050 4188 1176 4230 eum
1214 4171 1498 4234 fecerunt,
1551 4173 1698 4229 velut
1740 4173 1970 4244 jainjam
2003 4174 2088 4229 in-

511 4267 824 4326 terfecturi.
873 4265 1076 4324 Verum
1127 4265 1335 4336 impetu
1391 4265 1576 4322 statim
1633 4281 1918 4339 represso.
1971 4276 2085 4324 tum

2790 2597 3040 2652 ΚΕΦΑΛ.
3093 2599 3166 2651 Z'.

2192 2691 2335 2761 Περὶ
2363 2691 2471 2759 τῆς
2493 2689 2854 2761 ἀναιρέσεως
2891 2689 2992 2761 καὶ
3022 2688 3126 2761 τοῦ
3152 2687 3433 2761 θριάμϐου
3469 2689 3767 2761 Γεωργίου

2262 2757 2370 2815 ἑοῦ
2413 2757 2888 2828 Ἀλεξανδρείας,
2911 2759 3009 2814 διὰ
3046 2757 3117 2812 τὰ
3156 2758 3225 2812 ἐν
3256 2757 3336 2824 τῷ
3365 2757 3764 2828 Μιθρίῳίοέυμ-

2262 2830 2448 2885 ϐάντα
2471 2848 2486 2863 ·
2532 2829 2631 2884 καὶ
2675 2825 2768 2900 οἵᾳ
2822 2830 3085 2900 ἔγραψεν
3117 2829 3441 2896 Ἰουλιανὸς
3476 2825 3618 2899 ’περὶ
3655 2825 3767 2896 τῆς

2262 2902 2541 2967 τοιαύτης
2577 2899 2936 2965 ὑποθέσεως.

2275 2995 2333 3048 '0
2368 2993 2467 3065 μὲν
2493 2989 2586 3046 οὖν
2627 2991 2942 3055 Ἀθανάσιος
2977 2983 3078 3045 ὦδε
3105 2989 3386 3056 διασωθεὶς
3407 3029 3422 3054 ,
3444 2990 3541 3045 xui.
3563 2991 3766 3060 ἀπροσ-

2192 3085 2436 3154 δοκήτως
2464 3085 2520 3138 tv
2549 3087 2615 3155 τῇ
2650 3083 2945 3156 Ἐκκλησία
2969 3083 3160 3153 φανεὶς
3178 3123 3193 3147 ,
3217 3083 3324 3136 οὐδ’
3348 3081 3472 3137 ὅθεν
3499 3081 3764 3154 προῆλθεν

2193 3173 2522 3243 ἐγινώσκετο
2540 3190 2552 3204 ·
2584 3173 2887 3246 περιχαρὴς
2913 3173 2969 3226 δὲ
2996 3170 3286 3241 γενόμενος
3312 3172 3342 3224 ὁ
3366 3169 3478 3223 τῶν
3510 3168 3762 3233 ’Δλεξανς

2190 3263 2361 3336 δρέων
2438 3263 2566 3328 λαὸς
2598 3304 2613 3329 ,
2675 3264 2774 3327 τὰς
2842 3262 3135 3334 ἐκκλησίας
3205 3261 3356 3332 αὐτῷ
3428 3261 3762 3331 παρέδωκεν.

2191 3355 2578 3428 Ἐκὸληθέντες
2595 3355 2652 3408 δὲ
2671 3356 2722 3409 οἱ
2744 3355 2810 3410 τὰ
2837 3354 3045 3426 Ἀρείου
3075 3353 3396 3427 φρονοῦντες
3415 3393 3431 3417 ,
3455 3353 3515 3406 tv
3543 3351 3764 3407 ἰδιωτῶν

2190 3447 2389 3510 οἰκίαις
2456 3446 2578 3500 καθ’
2636 3446 2860 3510 ἑαυτοὺς
2925 3444 3318 3517 ἐκκλησίαζον,
3366 3445 3598 3498 Λούκιον
3646 3443 3766 3498 ἀντὶ

2190 3538 2464 3610 Γεωργίου
2485 3579 2498 3602 ,
2531 3538 2632 3609 τῆς
2665 3537 2846 3594 αὐτῶν
2896 3536 3158 3608 αἱρέσεως
3200 3537 3497 3590 ἐπίσκοπον
3528 3535 3764 3608 προϐαλ-

2191 3627 2427 3700 λόμενοι.
2473 3627 2744 3699 Γεώργιος
2792 3627 2850 3680 δὲ
2893 3626 3082 3698 ἔτυχεν
3128 3626 3230 3698 ἤδη
3285 3625 3622 3698 ἀναιρεθείςθ
3650 3627 3766 3697 ἅμα

2191 3719 2299 3791 γὰρ
2326 3718 2560 3789 δημοσίᾳ
2601 3717 2758 3788 δῆλον
2781 3717 3043 3789 ἐποίησαν
3071 3717 3121 3770 oi
3163 3718 3420 3788 ἄρχονπες
3450 3716 3766 3788 τετελευτη-

2191 3811 2344 3866 κέναι
2366 3809 2742 3864 Κωνστάντιον
2765 3848 2780 3874 ,
2821 3808 3195 3882 αὐτοκράτορα
3216 3808 3272 3862 δὲ
3310 3806 3594 3863 ἰουλιανδν
3630 3803 3765 3862 εῖναι

2191 3901 2479 3957 ἐστασίασε
2505 3901 2565 3956 τὸ
2608 3900 2916 3972 Ἑλληνικὸν
2959 3901 3162 3972 πλῆθος
3199 3899 3307 3954 τῶν
3347 3899 3760 3970 Ἀλεξανδρέων.

2190 3992 2538 4064 Κεκραγότες
2560 4009 2620 4045 τε
2649 3991 2743 4045 καὶ
2766 3989 3164 4062 λοιδορούμενοι
3188 3990 3452 4063 ὥρμησαν
3473 3990 3562 4042 ἐπ’
3582 3989 3763 4052 αὑτὸν,

2189 4084 2264 4148 ὼς
2309 4084 2650 4156 παραχρῆμα
2696 4083 3083 4154 ἀναιρήσοντες
3109 4097 3123 4113 °
3169 4081 3537 4146 ἀνακοπέντες
3579 4081 3638 4134 δὲ
3670 4083 3766 4150 τῆς

2191 4175 2507 4246 παραυτίκα
2528 4175 2716 4247 -ὀρμῆς
2741 4215 2758 4240 ,
2785 4175 2906 4228 τότε
2938 4174 3037 4246 μὲν
3075 4175 3238 4230 αὐτὸν
3271 4176 3329 4229 tv
3351 4175 3571 4245 δεσμοῖς
3598 4169 3762 4244 εἶχον.
3858 4180 3864 4186 “

2190 4268 2305 4322 Οὐκ
2360 4269 2440 4331 είς
2498 4267 2718 4340 μακρὰν
2763 4267 2820 4321 δὲ
2875 4265 3316 4338 καταδραμόντες
3367 4264 3535 4319 ἔωθεν
3581 4267 3662 4329 εἰς
3705 4261 3766 4316 τὸ

1701 4445 1972 4502 νΑιΕδιι
1998 4444 2546 4503 ANNOTATIONES.

581 4559 832 4636 (77)‘Kai
854 4563 951 4618 ἐπὶ
979 4560 1766 4636 1:01.15;xpdrqt._guicunque
1799 4561 1963 4636 huius
1996 4575 2090 4614 ca-
2124 4560 2166 4616 D
2196 4571 2281 4618 est
2304 4560 2689 4636 Constantius.
2723 4560 2992 4636 Caeterum
3020 4559 3380 4636 Athanasium
3416 4559 3761 4636 apud__istam

512 4630 640 4703 pitis
668 4630 888 4689 titulum
910 4630 1239 4704 composuit,
1282 4632 1400 4704 sive
1428 4630 1768 4700 Nicephorus
1797 4630 2083 4704 Gallistus2

513 4701 625 4758 sive
653 4707 776 4772 quis
831 4704 993 4764 alius,
1037 4701 1412 4772 Athanasium
1466 4707 1675 4772 septem
1714 4701 1893 4772 _annis
1941 4701 2085 4772 apud

2193 4647 2406 4686 sacram
2440 4631 2703 4702 virginem
2743 4631 3208 4702 tandiuglatuisse
3239 4630 3327 4684 vix
3370 4629 3630 4702 credibile
3655 4641 3759 4685 est.

2189 4701 2475 4756 Assentier
2528 4698 2710 4771 potius
2739 4699 3002 4771 Gregorio
3031 4698 3396 4771 Nazianzcno,
3427 4699 3518 4768 qui
3556 4702 3762 4771 inora-

514 4765 731 4826 sacra'm
783 4773 1051 4841 virginem
1092 4771 1340 4825 latitasse
1369 4765 1584 4841 scribit.
1624 4767 1732 4823 Sed
1774 4771 1819 4823 si
1867 4765 1993 4825 renf
2018 4770 2083 4824 ad
2188 4765 2937 4841 tioneﬁliait'Athanasiu‘m,
2972 4778 3095 4841 post
3128 4765 3516 4841 ingressum’et
3544 4769 3764 4841 ordina-

512 4848 738 4896 cxactus
759 4838 1003 4895 calculos
1020 4854 1279 4894 revocare
1297 4838 1653 4905 voluerimus,
1670 4854 1762 4894 sex
1783 4848 1991 4894 tantum
2007 4841 2081 4904 ι’,

513 4924 718 4979 eosque
754 4925 864 4964 non
906 4910 1368 4979 integrosrannos
1405 4921 1529 4979 eum
1579 4908 1811 4964 latuisse
1839 4908 2084 4978 reperie-

514 4977 641 5035 mus
673 4997 686 5032 :
737 4979 806 5034 ab
840 4977 1045 5033 octavo
1071 4977 1284 5034 scilicet
1329 4978 1619 5032 consulatu
1659 4977 1989 5041 Constantii,
2014 4979 2082 5032 ad

514 5049 860 5106 consulatum
887 5045 1053 5102 Tauri
1082 5057 1138 5102 et
1180 5047 1460 5114 Florentii,
1493 5062 1603 5115 quo
1649 5063 1792 5103 anno
1833 5057 2083 5104 mortuus

2189 4843 2392 4911 tionem
2415 4840 2661 4911 Georgii,
2682 4840 2958 4911 recepisse
2975 4838 3124 4911 sein
3145 4838 3374 4911 Algypti
3397 4840 3759 4911 propriasqterja.

2188 4910 2374 4979 ibique
2405 4907 2633 4965 latuisse
2669 4907 2944 4981 usquead
2981 4907 3352 4981 principatum
3390 4907 3620 4981 {ulian_i.
3664 4909 3762 4981 St)-

2192 4977 2404 5035 zomeni
2439 4989 2618 5034 tamen
2669 4977 3042 5036 narrationem
3071 4977 3360 5034 conﬁrmat
3399 4977 3678 5036 Palladius
3710 4978 3761 5032 in

2192 5048 2474 5114 Lausiaca,
2504 5064 2624 5120 cap.
2657 5049 2776 5104 155.

1963 5227 2355 5286 VARIORUM.

589 5353 640 5389 ι’
668 5343 1004 5414 Athanasius
1034 5341 1416 5414 Alexandriam
1451 5344 1598 5414 circa
1627 5357 1868 5398 mensem
1903 5343 2090 5414 Augu-

518 5428 661 5475 stum
710 5415 838 5470 anui
896 5412 1003 5468 362
1052 5410 1367 5466 adventavit
1420 5431 1433 5466 :
1486 5411 1716 5475 ideoque
1763 5427 1952 5467 verum
1996 5410 2092 5468 'est

517 5503 640 5544 eum
677 5501 773 5556 per
818 5494 1023 5553 septem
1063 5496 1250 5556 annos
1282 5481 1586 5556 delituisse.
1628 5481 1712 5536 llli
1744 5489 1926 5556 tamen
1960 5483 2090 5538 anni

518 5551 793 5626 utrimque
843 5551 1560 5626 incomipletiAnumerandi‘
1608 5558 1772 5626 sunt,
1821 5553 1889 5607 ab
1949 5565 2094 5607 anno

518 5626 644 5690 356,
677 5621 745 5680 a'd
778 5639 980 5679 annum
1012 5623 1135 5679 562.
1169 5621 1270 5689 Qui
1308 5621 1562 5692 loquendi
1598 5622 1815 5688 modus,
1854 5630 1910 5677 ut
1952 5637 2095 5692 seepe

519 5695 672 5760 alibi,
707 5695 922 5766 decepit
953 5693 1248 5754 \‘alesium.
1281 5693 1551 5766 Antiquos
1585 5692 1944 5764 iucomplctos
1977 5693 2096 5774 plc-~

2189 5361 2419 5422 rumque
2449 5359 2573 5422 _pro
2622 5344 2850 5414 integris
2915 5358 3244 5422 numerare,
3299 5343 3450 5399 mille
3502 5342 3764 5422 exemplis

2191 5413 2379 5486 liquet.
2440 5413 2755 5486 rl‘raaterea,
2805 5422 2888 5469 est
2937 5413 3026 5470 hic
3081 5424 3308 5470 octavus
3367 5413 3765 5486 persecutionis

2190 5482 2572 5541 Athanasianat
2630 5498 2989 5555 aunus,qu:e
3044 5492 3224 5555 coepta
3270 5482 3380 5555 est
3423 5491 3554 5555 ante
3603 5482 3764 5555 linem

2192 5555 2316 5626 Maii
2348 5557 2476 5611 anni
2502 5555 2627 5621 555,
2652 5569 2681 5626 a
2697 5553 3149 5626 concitionempe
3167 5553 3580 5612 Mediolauensi.
3613 5554 3764 5626 (Aut.
3841 5560 3854 5573 '

2191 5625 2345 5699 Pagi,
2381 5627 2447 5681 ad
2484 5640 2615 5680 ann.
2649 5622 2774 5692 562,
2808 5638 2863 5679 n.
2900 5624 3012 5695 14.)
