4040 6216
411 235 552 293 1253

1347 234 1669 292 HISTORIA
1708 216 2257 326 ECCLESIASTICA.
2298 268 2366 280 —
2407 238 2538 296 LlB.
2594 223 2659 294 v‘.

3514 221 3672 292 test

405 356 784 428 δεσμωτήριον
808 396 823 422 ,
854 356 1169 430 ἀναιροῦσιν
1217 358 1381 413 αὐτόν
1405 377 1418 390 ο
1451 361 1547 414 καὶ
1597 361 1826 432 καμήλῳ
1869 361 1966 415 ἐπιι

2092 361 2313 432 quidem
2360 376 2484 417 eum
2535 360 2592 415 in
2633 358 2850 414 vincula
2895 356 3269 428 coniecerunt.
3312 353 3484 412 Paulo
3530 360 3656 425 post

403 448 610 511 θέντες,
635 446 1096 520 διημερεύσαντὲς
1124 466 1184 502 τε
1217 451 1276 503 έν
1293 453 1415 515 ταῖς
1441 453 1562 506 κατ’
1582 452 1746 506 αὑτοῦ
1773 451 1982 524 ὕϐρεσι,

404 539 533 610 περὶ
572 538 754 609 δείλην
787 538 949 608 ὀψίαν
994 540 1128 609 πυρὶ
1159 541 1503 612 παρέδωκαν.
1534 543 1649 597 Οὐκ
1689 543 1868 612 ἀγνοῶ
1905 543 1982 610 δὲ,

402 628 479 692 ὡς
502 630 552 683 οί
578 630 686 684 ἀπὸ
717 629 819 700 τῆς
848 630 1056 702 Ἀρείου
1081 631 1377 702 αἱρέσεως,
1399 633 1525 688 τάδε
1547 633 1766 702 λέγουσι
1792 633 1985 688 παθεῖν

404 723 496 776 τὸν
526 722 799 794 Γεώργιον
831 724 967 794 πρὸς
995 724 1104 778 τῶν
1137 725 1229 779 τοῦ
1259 725 1580 780 Ἀθανασίου
1610 725 1979 779 σπουδαστῶν.

415 813 560 882 Ἐγὼ
597 813 654 867 δὲ
692 814 804 867 τῶν
845 814 1206 886 Ἑλληνιστῶν
1241 817 1485 889 ἠγοῦμαι
1517 817 1718 889 μᾶλλον
1754 814 1895 872 εἶναι
1923 817 1984 870 τὸ

402 904 588 976 δρᾶμα
621 921 636 937 ο
671 905 1022 976 λογιζόμενος
1062 909 1138 973 ὡς
1166 909 1383 980 μείζους
1433 902 1580 963 οὗτοι
1622 911 1716 963 καὶ
1764 909 1983 973 πλείους

405 995 662 1067 ἀφορμὰς
696 997 894 1067 μίσους
920 999 1056 1070 πρὸς
1084 1000 1253 1053 αὑτὸν·
1279 995 1423 1070 εῐχον
1446 1037 1462 1066 ,
1494 1000 1590 1055 καὶ
1615 1001 1849 1071 μάλιστα
1884 1000 1980 1074 τὴν

404 1088 533 1158 περὶ
560 1087 629 1142 τά
677 1087 840 1151 ξόανα
871 1089 965 1143 καὶ
994 1089 1122 1154 τοὺς
1162 1093 1324 1156 ναοὺς
1365 1091 1524 1163 ὕϐριν
1545 1131 1559 1154 ,
1593 1092 1688 1146 καὶ
1727 1093 1827 1164 τὴν
1870 1092 1980 1148 τῶν

404 1179 606 1234 θυσιῶν
637 1180 748 1251 (78)
780 1181 875 1236 καὶ
911 1183 1156 1254 πατρίων
1187 1184 1443 1240 κώλυσιν.
1489 1186 1765 1240 Ἐπέτεινε
1796 1186 1854 1240 δὲ
1879 1186 1980 1256 τὴν

401 1271 542 1342 πρὸς
577 1269 739 1324 αὐτὸν
778 1272 1074 1343 ἀπέχθειαν
1097 1313 1113 1338 ,
1141 1275 1235 1330 καὶ
1261 1277 1294 1347 ή
1329 1277 1388 1330 ὲν
1417 1277 1533 1340 τοῖς
1572 1275 1865 1347 βασιλείοις
1890 1277 1984 1331 δύ-

402 1379 598 1432 ναμιςο
631 1362 725 1416 καὶ
773 1357 862 1417 οἷα
909 1365 1056 1435 φιλεῖ
1083 1365 1256 1438 δῆμος
1310 1367 1449 1438 πρὸς
1488 1369 1617 1432 τοὺς
1662 1370 1719 1423 έν
1753 1368 1977 1439 δυνάμει

401 1454 653 1524 πάσχειν,
689 1454 792 1508 οὐκ
834 1454 1061 1510 ἀνεκτὸν
1105 1456 1354 1528 ἡγοῦντο.
1385 1457 1530 1530 Πρὸς
1561 1458 1618 1513 δὲ
1639 1459 1851 1523 τούτοις
1882 1458 1978 1512 καὶ

398 1543 601 1598 τοιόνδε
631 1543 756 1598 τότε
791 1545 990 1617 συνέϐη
1034 1547 1162 1618 περὶ
1185 1547 1248 1600 τὸ
1281 1547 1612 1619 καλούμενον
1638 1549 1769 1620 παρ’
1793 1549 1976 1612 αὐτοῖς

398 1634 630 1707 ὓῙίθριον
649 1653 664 1668 ⁸
693 1633 884 1690 τοῦτον
921 1637 1032 1710 γὰρ
1057 1637 1147 1692 τὸν
1179 1638 1343 1692 τόπον
1371 1641 1577 1711 ἔρημον
1611 1640 1778 1695 πάλαι
1822 1639 1976 1709 γενό-

401 1743 563 1796 μενον
590 1769 605 1794 ,
659 1727 972 1798 ἐδωρήσατο
1023 1730 1402 1794 Κωνστάντιος
1447 1733 1513 1802 τῇ
1581 1730 1974 1804 ’Δλεξανδρέων

411 1819 731 1892 Ἐκκλησία.
772 1821 1044 1894 Γεωργίου
1097 1822 1156 1875 δὲ
1212 1824 1294 1886 εις
1345 1823 1648 1895 ἐπισκοπὴν
1681 1824 1974 1896 εὐκτηρίου

396 1909 546 1964 οἴκου
582 1911 692 1982 (79)
739 1911 1200 1982 ἀνακαθαίροντος
1223 1953 1238 1979 ,
1287 1915 1477 1970 ἄδυτον
1520 1915 1758 1987 ἀνεφάνη
1778 1932 1795 1948 ·
1845 1917 1903 1969 ἐν
1929 1910 1975 1985 ᾧ

397 2001 558 2069 ξόανα
591 2003 688 2073 μὲν
714 2004 846 2068 ῐσως
883 2005 978 2059 καὶ
1002 2005 1212 2076 ὄργανά
1240 2025 1362 2061 τινα
1401 2007 1599 2080 εὑρέθη
1637 2008 1749 2062 τῶν
1785 2007 1973 2063 ἐνθάδε

395 2093 515 2146 τότε
547 2093 825 2164 μυοῠντων
863 2096 895 2166 ἢ
920 2097 1278 2168 τελουμένων,
1305 2098 1342 2153 ἀ
1365 2101 1478 2162 τοῖς
1505 2099 1672 2170 δρῶσι
1700 2097 1890 2169 γέλοιά
1910 2117 1971 2153 τε

397 2186 490 2239 καὶ
529 2185 652 2250 ξένα
702 2187 896 2244 ἐδόκει.
946 2188 1193 2260 Δημοσία
1245 2188 1304 2242 δὲ
1356 2188 1532 2244 ταῦτα
1589 2189 1884 2261 προθέντες
1919 2191 1969 2244 οἱ

397 2277 744 2347 Χριστιανοὶ,
776 2277 1092 2347 ἐπόμπευον
1121 2277 1550 2342 ὲπιτωθάξοντες
1583 2281 1697 2343 τοῖς
1726 2279 1969 2349 Ἐλληνι-

397 2369 567 2431 σταῖς.
592 2366 659 2422 Ol
688 2367 766 2433 δὲ,
803 2367 1002 2438 πλῆθος
1026 2371 1106 2432 είς
1131 2370 1294 2422 ταυτὸ
1316 2370 1666 2438 συλλεγέντες
1689 2409 1705 2433 ,
1738 2371 1971 2441 ἐπῆλθον

396 2461 511 2522 τοῖς
553 2461 900 2531 Χριστιανοῖς
932 2476 946 2491 ·
994 2461 1043 2514 οἱ
1100 2461 1199 2532 μὲν
1234 2461 1442 2529 ξίφεσιν
1494 2461 1528 2532 ἢ
1563 2460 1764 2526 λίθοιςο
1819 2461 1871 2514 οί
1910 2462 1970 2515 δὲ

394 2549 564 2619 έτέρῳ
620 2567 698 2621 τῳ
755 2551 832 2615 ὠς
885 2551 1075 2624 ἔτυχεν
1134 2553 1490 2624 ὁπλισάμενοι
1527 2569 1542 2586 ο
1593 2553 1688 2606 καὶ
1741 2553 1970 2617 πολλοὺς

393 2641 677 2705 ἀνελόντες
699 2681 716 2708 ,
740 2643 866 2708 τοὺς
896 2642 952 2696 δὲ
986 2643 1080 2698 καὶ
1111 2643 1525 2716 σταυρώσαντες
1564 2647 1652 2716 ἐφ’
1687 2646 1842 2718 ὕϐρει
1868 2647 1995 2727 τῆς⁸

395 2727 691 2800 θρησκείας
712 2771 728 2796 ,
754 2732 1093 2802 τραυματίας
1129 2735 1254 2797 τοὺς
1281 2733 1566 2798 πλείστους
1601 2735 1963 2806 κατέστησαν.

407 2817 500 2871 Ἐκ
537 2818 594 2872 δὲ
635 2819 823 2874 τούτου
850 2861 866 2885 ,
919 2821 1239 2893 Χριστιανοὶ
1275 2822 1372 2892 μὲν
1424 2824 1484 2877 τὸ
1522 2824 1723 2895 ἀρχθὲν
1781 2824 1963 2895 ἔργον,

392 2909 578 2974 ἀτελὲς
602 2910 960 2978 ἐγκατέλιπον
979 2929 994 2943 ·
1021 2913 1070 2965 οἱ
1098 2912 1156 2965 δὲ
1192 2911 1530 2984 Ἑλληνισταὶ
1555 2955 1569 2980 ,
1603 2915 1966 2986 ἐπιλαϐούσης

388 3001 487 3070 τῆς
546 3001 835 3058 Ἰουλιανοῦ
891 3002 1165 3074 βασιλείας
1186 3043 1201 3070 ,
1256 3003 1348 3057 τδν
1398 3003 1672 3075 Γεὼργιον
1728 3006 1958 3060 ἀνεῖλον.
1989 3031 2032 3088 c

389 3091 676 3162 Μαρτυρεῖ
696 3091 754 3146 δὲ
791 3092 886 3146 καὶ
929 3092 1185 3164 βασιλεὺς
1217 3093 1379 3157 αὐτὸς
1419 3092 1566 3148 τοῦθ’
1598 3093 1768 3159 οὕτως
1795 3095 1959 3166 ἔχειν.

391 3182 566 3254 Ὅπερ
598 3185 698 3238 οὐκ
727 3184 794 3239 ἀν
823 3185 1206 3257 ὡμολόγησεν,
1241 3186 1290 3239 εί
1329 3186 1403 3258 μὴ
1447 3187 1551 3240 ὑπὸ
1575 3187 1676 3257 τῆς
1707 3188 1962 3259 ἀληθείας

387 3271 611 3344 ἐϐιάσθη
647 3288 662 3304 ο
701 3274 860 3346 ἤθελε
913 3275 1059 3348 γὰρ,
1094 3271 1249 3348 οἶμαι
1271 3316 1287 3341 ,
1320 3277 1682 3349 Χριστιανοὺς
1721 3278 1963 3349 οἰουσδή-

389 3379 518 3416 ποτε
541 3364 653 3435 (80)
676 3405 693 3431 ,
726 3365 759 3436 ἢ
793 3366 1057 3437 Ἕλληνας
1093 3362 1234 3421 εῖναι
1260 3368 1387 3432 τοὺς
1422 3368 1696 3439 Γεωργίου
1742 3369 1958 3437 φονέας.

399 3453 540 3507 Ἀλλ’
571 3457 723 3525 ὅμως
779 3457 877 3511 οὐκ
904 3458 1260 3530 ἀπεκρύψατο
1281 3473 1297 3488 ο
1345 3457 1596 3528 φαίνεται
1645 3458 1773 3527 γοῦν
1802 3461 1860 3513 ὲν
1891 3461 1957 3530 τῇ

385 3546 514 3616 περὶ
540 3546 729 3601 τούτου
763 3548 894 3620 πρὸς
941 3549 1323 3619 Ἀλεξανδρέας
1371 3549 1628 3622 ἐπιστολῇ
1680 3551 1835 3615 δόξας
1863 3569 1960 3622 χα-

384 3635 677 3690 λεπαίνειν.
719 3637 895 3710 Μέχρι
942 3638 999 3692 δὲ
1051 3640 1394 3710 γραμμάτων
1447 3640 1606 3711 μόνον
1653 3641 1956 3712 ἐμέμψατο,

384 3725 478 3780 καὶ
495 3725 594 3798 τὴν
615 3727 884 3799 τιμωρίαν
916 3728 1326 3802 συνεχώρησεν’
1353 3732 1510 3794 αἰδοῖ,
1544 3733 1697 3803 φησὶ,
1727 3735 1793 3804 τῇ
1822 3734 1959 3804 πρὸς

382 3816 629 3888 Σάραπιν
651 3817 743 3872 τὸν
787 3819 966 3875 αὐτῶν
1007 3820 1324 3892 πολιοῦχον,
1353 3822 1446 3875 καὶ
1488 3823 1835 3894 Ἀλέξανδρον
1866 3824 1958 3878 τὸν

381 3905 626 3978 οἰκιστὴν
650 3946 666 3972 ,
714 3909 808 3962 καὶ
855 3909 1138 3965 Ἰουλιανὺν
1199 3912 1292 3965 τὸν
1325 3913 1490 3966 αὐτοῦ
1534 3915 1703 3980 θεῖον,
1755 3916 1814 3978 ὃς
1853 3917 1959 3991 πρὸ

381 3995 572 4051 τούτου
597 3998 875 4067 Αίγύπτου
899 4001 991 4054 καὶ
1013 4002 1114 4070 τῆς
1150 4003 1555 4076 Ἀλεξανδρείας
1576 4007 1746 4078 αὐτῆς
1767 4003 1953 4079 ἦρξεν·

381 4089 522 4160 ἀνὴρ
573 4090 630 4155 ἐς
676 4091 745 4146 τά
776 4093 1010 4164 μάλιστα
1044 4095 1383 4168 Ἐλληνισμῷ
1428 4099 1634 4172 χαίρων
1657 4141 1671 4165 ,
1705 4102 1796 4156 καὶ
1832 4104 1958 4167 τοὺς

380 4178 739 4249 Χριστιανοὺς
765 4182 1056 4254 ὑπερφυῶς
1093 4186 1289 4256 μισῶν,
1325 4187 1400 4248 ὡς
1437 4189 1499 4242 τό
1528 4206 1594 4258 γε
1621 4194 1740 4246 κατ’
1771 4195 1954 4260 αὐτὸν,

381 4267 700 4357 ὑπεναντίον
724 4271 824 4340 τῆς
861 4273 959 4327 τοῦ
990 4277 1317 4347 κρατοῦντος
1346 4277 1571 4350 γνώμης
1593 4320 1607 4345 ,
1634 4283 1728 4337 καὶ
1763 4285 1957 4357 μέχρις

379 4353 611 4424 αἵματος
639 4358 826 4423 κακῶς
852 4360 1041 4415 παθεῖν
1078 4364 1202 4428 τοὺς
1238 4366 1616 4437 Χριστιανούς.

456 4504 471 4534 ¹
509 4501 689 4573 Socr.,
711 4507 809 4565 llb.
842 4525 925 4577 tu,
961 4524 1011 4566 c.
1051 4511 1106 4564 2.
1144 4515 1164 4545 ²
1194 4511 1355 4581 lbid.,
1381 4529 1431 4570 c.
1465 4515 1519 4571 5.

2089 469 2252 520 vero,
2288 454 2466 524 prima
2509 451 2633 508 luce
2671 450 2740 506 ad
2784 464 3063 504 carcerem
3098 447 3488 512 decurrentes,
3521 460 3650 502 eum

2088 545 2407 610 trucidant;
2439 555 2492 600 et
2520 543 2730 599 camelo
2757 541 3109 612 impositum,
3155 554 3282 594 cum
3331 553 3429 608 per
3474 546 3652 592 totum

2085 635 2232 691 diem
2277 635 2633 690 contumeliis
2674 634 3019 696 atl'ecissent,
3055 630 3275 686 tandem
3307 630 3412 685 sub
3464 644 3656 698 vespe-

2086 737 2210 776 rum
2237 722 2495 778 incendio
2520 729 3005 792 consumpserunt.
3040 721 3150 776 Nec
3191 720 3385 790 ignoro
3411 717 3652 776 Arianos

2084 809 2303 879 quidem
2346 809 2618 865 afﬁrmare
2677 809 2971 881 Georgium
3009 811 3114 866 ista
3169 824 3392 879 passum
3427 823 3551 864 esse
3584 807 3652 863 ab

2085 899 2371 954 Athanasii
2399 898 2732 956 fautoribus.
2787 900 2899 971 Ego
2945 914 3073 954 vero
3116 899 3219 954 hoc
3271 899 3484 954 facinus
3523 913 3652 968 geu-

2083 988 2260 1043 tilium
2295 987 2468 1046 fuisse
2508 989 2693 1060 potius
2722 990 3014 1056 existimo;
3059 989 3420 1065 considerans
3462 988 3653 1044 videli-

2081 1089 2167 1135 cet
2209 1094 2306 1136 eos
2335 1081 2524 1150 plures
2581 1090 2634 1137 et
2664 1083 2948 1153 graviores
2986 1081 3098 1138 odii
3141 1095 3345 1138 causas
3391 1080 3458 1135 in
3497 1080 3660 1135 illum.

2082 1171 2378 1236 habuisse,
2410 1172 2684 1242 prmeipue
2727 1173 2798 1228 ob
2826 1172 3200 1228 contumelias.
3222 1171 3442 1241 templis
3475 1186 3538 1226 ac
3572 1171 3652 1227 si-

2079 1261 2344 1316 mulacris
2379 1262 2562 1318 illatas
2587 1301 2602 1328 ,
2633 1270 2690 1318 et
2720 1263 2790 1317 ob
2819 1261 3091 1318 sacriﬁcia
3139 1276 3204 1316 ac
3250 1262 3460 1332 patrios
3508 1261 3652 1316 ritus

2078 1351 2404 1420 prohibitos.
2444 1350 2547 1408 Sed
2579 1359 2635 1408 et
2667 1353 2966 1408 auctoritas
3000 1366 3112 1423 qua
3155 1352 3396 1424 pollebat
3441 1354 3496 1407 in
3544 1353 3650 1406 im-

2077 1444 2354 1510 peratoris
2385 1443 2591 1513 palatio
2613 1484 2628 1508 ,
2661 1443 2847 1499 odium
2875 1444 3076 1500 civium
3109 1444 3165 1499 in
3196 1443 3351 1499 illum
3378 1453 3604 1500 auxerat
3631 1461 3649 1499 :

2076 1541 2266 1603 atque,
2293 1542 2352 1588 ut
2381 1533 2734 1608 soletvulgus
2760 1535 2945 1592 animo
2970 1537 3226 1592 allectum
3255 1551 3379 1592 esse
3395 1551 3524 1606 erga
3551 1551 3649 1606 po-

2076 1625 2388 1692 tentiores,
2435 1641 2560 1683 eum
2615 1628 3017 1684 intolerabilem
3070 1628 3180 1685 sibi
3235 1627 3647 1684 existimabant.

2004 1701 2048 1762 Β
2074 1713 2367 1770 Acciderat
2395 1724 2659 1786 praeterea
2684 1718 2970 1789 quidpiam
3000 1717 3055 1773 in
3081 1719 3202 1773 loco
3224 1733 3386 1789 quem
3411 1717 3647 1773 Alexan-

2074 1803 2220 1860 drini
2254 1805 2532 1862 Mithrium
2570 1817 2769 1864 vocant
2804 1809 2840 1865 ¹.
2881 1807 3040 1865 Hunc
3081 1809 3228 1864 enim
3277 1809 3485 1874 locum,-
3521 1825 3658 1864 cum.

2070 1897 2183 1966 jam
2215 1898 2432 1968 pridem
2463 1899 2720 1956 desertus
2769 1907 2952 1965 esset,
3003 1897 3507 1956 Alexandrinorum
3549 1898 3649 1953 Ec-

2072 1991 2256 2046 clesia:
2306 1991 2672 2048 Constantius
2722 1993 3044 2048 donaverat.
3082 1992 3192 2048 Sed
3225 2006 3351 2046 cum
3378 1990 3648 2061 Georgius

2073 2081 2141 2136 ad
2165 2083 2550 2139 exstruendam
2575 2083 2686 2138 illic
2702 2082 2990 2138 ecclesiam
3006 2097 3130 2137 eum
3155 2088 3492 2152 repurgaret,
3515 2080 3648 2152 ady-

2073 2180 2187 2228 tum
2219 2173 2494 2243 quoddam
2525 2173 2821 2244 apparuit:
2862 2172 2919 2228 in
2961 2187 3070 2242 quo
3111 2172 3408 2227 simulacra
3455 2172 3648 2227 nescio

2071 2281 2226 2336 quin,
2254 2274 2308 2321 et
2338 2266 2706 2321 instrumenta
2735 2276 2953 2335 reperta
2981 2273 3146 2330 sunt,
3175 2279 3367 2321 eorum
3397 2265 3491 2336 qui
3517 2275 3648 2320 tunc

2073 2357 2341 2427 temporis
2389 2371 2554 2412 sacra
2595 2356 2884 2413 tradebant
2914 2365 2971 2414 et
3001 2357 3365 2428 accipiebant.
3409 2356 3485 2411 Ea
3516 2372 3648 2412 vero

2069 2449 2308 2505 ridicula
2341 2449 2638 2504 admodum
2667 2464 2733 2505 ac
2761 2451 3050 2520 peregrina
3083 2450 3464 2519 spectantibus
3511 2460 3644 2506 sunt

2068 2541 2208 2596 visa.
2241 2539 2373 2608 Quae
2403 2541 2706 2599 Christiani
2739 2542 2957 2611 publice
2989 2549 3362 2612 proponentes
3384 2578 3399 2604 ,
3446 2541 3642 2595 tradu-

2067 2647 2196 2688 cere
2227 2642 2557 2703 cmperunt,
2591 2631 2881 2688 irridendo
2909 2647 3171 2704 paganos.
3201 2633 3271 2686 At
3299 2633 3378 2686 illi
3412 2647 3643 2688 numero

2067 2724 2455 2794 quamplurimi
2476 2760 2493 2790 ,
2527 2723 2581 2778 in
2620 2738 2789 2778 unum
2817 2723 3172 2794 congregati,
3209 2724 3266 2778 in
3294 2722 3643 2780 Christianos

2066 2817 2284 2872 irruunt
2311 2832 2326 2882 ;
2356 2830 2488 2886 pars
2513 2816 2712 2887 gladiis
2732 2822 2790 2872 et
2819 2815 3092 2885 lapidibus
3119 2831 3133 2867 :
3163 2809 3292 2885 pars
3318 2815 3478 2870 obvio
3503 2830 3641 2885 quo-

2065 2923 2172 2977 que
2202 2909 2310 2963 telo
2339 2908 2563 2963 armati.
2595 2906 2894 2976 Multisque
2925 2905 3230 2962 interiectis
3255 2945 3270 2973 ,
3305 2906 3638 2976 quibusdam

2065 2999 2230 3054 etiam
2259 2998 2324 3052 ad
2350 2998 2636 3068 religionis
2664 3005 2869 3054 nostra:
2890 2998 3281 3054 contumeliam
3308 2999 3456 3054 cruci
3485 2999 3637 3054 sufﬁ-

2064 3089 2169 3151 xis,
2197 3088 2471 3158 plurimos
2497 3088 2819 3145 vulneratos
2848 3089 3209 3159 reliquerunt.
3239 3087 3389 3144 Hanc
3417 3089 3486 3144 ob
3514 3104 3641 3145 cau-

2063 3195 2181 3236 sam
2212 3179 2518 3236 Christiaui
2559 3179 2783 3251 quidem
2827 3195 2968 3252 opus
3009 3179 3160 3250 quod
3208 3181 3637 3246 inchoaveram,

2063 3272 2445 3343 imperfectum
2496 3274 2798 3329 dimisere:
2845 3273 3005 3342 190
3049 3272 3279 3343 gentiles
3326 3288 3491 3337 vero,
3543 3273 3640 3329 Juv

2060 3365 2210 3419 liano
2261 3364 2550 3435 imperium
2607 3366 2868 3429 ineunte,
2921 3362 3216 3433 Georgium
3270 3363 3636 3421 trucidarunt.

2060 3454 2225 3526 quue
2276 3457 2352 3510 ita
2403 3471 2466 3512 se
2507 3456 2716 3512 habere
2757 3457 2876 3525 ipse
2907 3454 3208 3524 imperator
3245 3462 3500 3510 testatur.
3532 3456 3635 3522 Qui

2059 3547 2313 3619 profecto
2347 3561 2630 3617 nunquam
2669 3546 2722 3601 id
2755 3545 3048 3600 confessus
3076 3551 3251 3608 esset,
3290 3545 3398 3601 nisi
3433 3545 3636 3602 veritas

2061 3641 2180 3709 ipsa
2232 3653 2356 3694 eum
2415 3637 2706 3708 adegisset.
2753 3636 3033 3692 Maluisset
3075 3639 3259 3703 enim,
3309 3644 3368 3692 ut
3415 3636 3632 3707 Opinor,

2058 3729 2407 3786 Christianos
2437 3736 2533 3784 aut
2561 3743 2925 3800 quoscunque
2957 3729 3133 3796 alios,
3164 3728 3389 3800 Georgii
3414 3728 3638 3785 interfe-

2059 3828 2243 3878 ctores
2272 3836 2398 3878 esse
2421 3861 2436 3889 ,
2484 3836 2648 3890 quam
2693 3835 2958 3893 paganos.
2996 3820 3102 3877 Sed
3139 3831 3319 3878 tamen
3349 3823 3634 3878 veritatem

2059 3915 2139 3970 rei
2168 3928 2282 3970 non
2312 3913 2511 3970 celavit
2542 3916 2584 3968 '.
2618 3912 2682 3967 Et
2715 3914 2770 3968 in
2809 3915 3044 3984 epistola
3086 3915 3307 3985 quidem
3349 3928 3514 3983 quam
3563 3913 3632 3966 ad

2059 4006 2464 4062 Alexandrinos
2492 4020 2556 4060 ea
2589 4009 2655 4060 de
2686 4021 2745 4061 re
2776 4007 3030 4076 scripsit,
3064 4006 3221 4060 visus
3260 4012 3346 4060 est
3387 4005 3632 4075 graviter

2058 4114 2407 4156 succensere.
2438 4096 2642 4152 Verum
2678 4099 2879 4152 litteris
2926 4097 3191 4151 duntaxat
3230 4110 3327 4151 eos
3373 4095 3631 4164 objurga-

2057 4187 2156 4243 vit.
2187 4187 2412 4242 Pmnam
2443 4201 2578 4241 vero
2609 4187 2859 4250 remisit,
2895 4188 2949 4240 in
2985 4187 3248 4256 gratiam,
3284 4192 3345 4240 ut
3373 4185 3489 4255 ipse
3520 4185 3638 4249 ait,

2061 4278 2346 4349 Serapidis
2374 4279 2627 4350 pra’sidis
2653 4293 2844 4335 eorum
2877 4278 3033 4334 urbis
3051 4319 3065 4342 ,
3091 4286 3146 4334 et
3175 4277 3468 4333 Alexandri
3499 4292 3632 4333 con-

1983 4364 2028 4418 Β
2057 4370 2295 4440 ditoris,
2328 4378 2384 4427 et
2411 4369 2618 4428 Iuliani
2648 4371 2907 4442 avunculi
2942 4371 3065 4436 sui,
3111 4370 3203 4447 qui
3239 4377 3398 4426 antea
3436 4369 3630 4441 praefe~

1577 4650 1846 4708 VALESII
1877 4651 2432 4712 ANNOTATIONES.

708 4734 822 4819 (llr
841 4736 970 4819 τῶκ
983 4742 1230 4819 oboedir.
1257 4744 1542 4819 Assentior
1557 4746 1950 4819 Christophor-

377 4815 515 4885 σε)ηο
541 4803 850 4885 et__S_avili_o_.
882 4812 974 4885 qui
1004 4812 1204 4885 θυσιῶν
1259 4815 1642 4880 emendarunt,
1694 4803 1821 4874 licet
1857 4803 1946 4876 re-

376 4870 746 4952 clamantibus
791 4870 966 4952 libris.
980 4949 992 4952 _
1008 4883 1186 4952 Certe
1252 4870 1515 4942 orationis
1531 4870 1538 4871 ί
1564 4870 1760 4944 series
1776 4870 1948 4945 aliter

377 4940 543 5026 scribi
577 4958 684 4998 non
717 4947 1318 5026 patitu_r_._Nicephorus
1352 4940 1534 5026 tamen
1565 4940 1764 5012 οὐσιῶν
1793 4940 1946 5026 legit,

377 5009 1251 5102 fg:nggmmpublicationetn
1291 5009 1321 5078 a
1360 5009 1947 5102 Soaomenoiiinte'll’iigi

375 5083 729 5170 ςξῖξῑξξηιξιῖὶῑο
756 5083 848 5170 Sic
870 5090 1017 5170 enim
1049 5092 1195 5170 nunc
1218 5092 1504 5150 Sozomeni
1529 5083 1950 5170 locumexpre's;

374 5150 777 5240 ξιξ-ειῖςωλύογτι
797 5157 1019 5240 ἐκείνων
1039 5162 1105 5240 τά
1121 5162 1345 5240 πάτρια,
1372 5150 1719 5240 κατασπῶντί
1737 5150 1948 5235 3631—621;

373 5217 598 5305 ξξείνων
627 5222 908 5305 ν.εὼς,-καὶ
928 5229 1026 5294 τάς
1047 5217 1323 5305 οὐσίας’δη
1831 5217 1944 5296 ifaéc':

371 5285 663 5411 tPllgp‘ephori
685 5285 1256 5370 conjecturarprorsu's
1271 5285 1521 5360 absurda
1534 5285 1806 5364 'éséé'éii'i.
1816 5285 1942 5364 {iii

702 5431 1048 5516 ἐπισξερπςὴν
1071 5441 1388 5516 ερκτηρζου
1417 5443 1942 5516 οξκοῳΛιηριοοιοτ

373 5497 814 5584 emenda-tionem
838 5497 1322 5584 (ιιιηίέιοριιοηεόηί
1353 5521 1407 5566 et
1439 5497 1785 5584 Saviliirquri
1823 5497 1940 5571 ἑέτὶί

373 5568 572 5690 omnis?
605 5569 787 5640 legunt
811 5589 909 5643 pro
938 5568 1261 5652 ἐπισκοπὴν,
1287 5591 1449 5655 atque
1471 5584 1541 5638 ita
1570 5568 1941 5660 legisse—vidc-

375 5644 464 5690 tur
544 5641 852 5690 tcenlmrus.

375 5644 464 5690 tur
495 5641 852 5710 Nic-ephorus.
931 5714 933 5717 ι

2125 4752 2238 4820 (80)
2263 4753 2656 4822 Χριστιανοὺς
2685 4754 3101 4822 οἱουσδήποτε.
3122 4753 3278 4812 llunc
3302 4756 3482 4812 locum
3523 4757 3622 4811 ali-

2049 4829 2131 4894 ter
2161 4822 2512 4894 scribendum
2540 4825 2750 4892 putavit
2779 4825 3141 4894 Nicepltorus.
3173 4826 3262 4881 Sic
3285 4827 3430 4882 enim
3456 4825 3626 4894 habet

2050 4892 2123 4967 in_
2144 4907 2268 4967 ca_p.
2295 4891 2328 4946 6
2366 4892 2463 4967 lib.
2497 4891 2569 4947 xi:
2604 4895 2714 4967 Καὶ
2733 4896 2840 4967 γὰρ
2877 4891 3060 4967 ᾑρεῖτο
3093 4897 3454 4967 Χριστιανοῦς
3482 4893 3622 4950 εἶναι

2048 4962 2174 5042 τοὺς
2193 4962 2464 5042 Γεωργίου
2505 4963 2718 5042 φονέας,
2774 4962 3092 5042 οἵους
3140 4962 3357 5037 δήποτε.
3405 4964 3623 5042 Langus

2051 5038 2258 5096 tamen,
2316 5033 2587 5104 interpres
2615 5033 2942 5104 Nicephori,
2988 5033 3314 5104 scripturam
3369 5033 3620 5090 codicum

2050 5110 2364 5156 nostrorum
2393 5102 2545 5170 sequi
2583 5102 2794 5158 maluit.
2829 5103 2920 5159 Sic
2950 5102 3323 5161 enim—vertit:
3357 5105 3622 5160 Christia-

2048 5187 2142 5226 nos
2199 5180 2359 5233 certe,
2417 5173 2800 5243 quglescunque
2853 5175 2973 5229 illos
3019 5173 3250 5239 tandem,
3310 5174 3618 5243 Georgicum

2050 5243 2232 5305 ca’dis,
2271 5240 2436 5313 quam
2465 5240 2966 5313 ercos,'auctores
2995 5244 3158 5312 fuisse
3203 5240 3467 5313 maluiset.
3505 5241 3619 5313 Ubi

2051 5327 2152 5366 vox
2207 5311 2810 5384 illa,_qualescunque,
2866 5311 3132 5384 designat,
3166 5321 3280 5384 tam
3334 5311 3616 5384 hmreticos

2047 5397 2210 5449 quam
2263 5380 2619 5438 orthddoxos.
2666 5380 2854 5440 Posset
2895 5380 3059 5438 etiam
3096 5383 3210 5436 ,ltic
3267 5382 3418 5434 locus
3460 5380 3617 5433 aliter

2048 5453 2346 5511 emendari.
2415 5453 2615 5508 inserta
2674 5453 2936 5522 particula
2997 5453 3097 5522 hoc
3139 5449 3616 5522 lllOdOiXptp’ttd-

2047 5523 2168 5584 νοὺς
2209 5523 2248 5593 ἢ,
2293 5523 2438 5593 οἴους
2497 5524 2558 5593 δή
2613 5519 2760 5588 ποτε,
2811 5533 2954 5593 etc”
3010 5521 3064 5575 id
3111 5526 3228 5593 c_s__l,
3285 5519 3615 5593 Chrisljpnos

2048 5601 2137 5714 apt
2172 5587 2557 5663 qualescunque
2583 5587 2754 5659 alios,
2803 5591 3018 5648 Judzcos
3069 5589 3278 5645 scilicet
3324 5599 3416 5644 aut
3447 5587 3612 5645 Mani~

2048 5676 2071 5714 c
2095 5676 2242 5714 taeos.

2044 5676 2242 5717 “18305.
