4040 6216
468 209 602 265 ιεδε
1727 257 1730 260 .
1950 217 2046 276 so:

2146 217 2294 274 ilENl
3581 224 3732 278 1236

467 339 588 386 ctus
653 329 835 384 fuerat
884 329 1106 404 Egypti
1162 339 1328 406 atque
1370 335 1736 394 Alexandriae.
1799 335 1898 392 Vir
1947 341 2236 411 gentilium
2269 339 2649 412 superstitioni
2688 356 2857 412 supra
2891 342 3118 398 modum
3174 342 3458 408 addictus,
3530 351 3586 398 et
3628 341 3728 412 qui

466 423 810 481 Christianos
840 428 1174 496 gravissimo
1222 428 1349 484 odio
1387 431 1867 500 prosequebatur:
1907 434 2046 489 adeo
2087 443 2168 501 ut,
2210 443 2476 505 quantum
2511 437 2730 507 quidem
2776 437 2990 509 in-ipso
3058 448 3208 506 erat,
3246 447 3439 496 contra
3493 439 3733 510 impera.-

465 516 602 572 toris
633 517 961 573 sententiam
994 520 1306 591 persecutio
1341 521 1792 578 Christianorum
1837 524 1902 580 ad
1950 526 2152 582 caedem
2185 543 2364 598 usque
2397 530 2754 599 processerit-

1087 611 1240 667 CAP.
1287 611 1421 669 Vill.
2077 631 2114 669 Α
2744 625 2788 669 Κ
2800 622 2992 669 ΕΦᾹΛ-
3032 623 3094 669 H'

1087 622 1240 667 CAP.
1293 622 1421 669 Vill.

468 698 837 786 Del/tectiora
872 719 1424 786 sacrorumlvagorum
1449 707 1661 762 custode
1680 708 2042 786 Antiochensis

2744 622 2992 678 ΚΕΦΑΛ.
3030 623 3113 678 H'.

2147 713 2309 786 ΠερὶΔ
2334 713 2637 786 Θεοδώρου
2667 715 2774 769 τοῦ
2812 717 3282 786 ρ’κευοςούλακος
3312 715 3688 786 Ἀντιοχείας
3713 737 3728 751 ·

540 770 793 844 Ecclesia)
818 788 836 826 :
864 782 919 844 et
939 773 1201 844 quomodo
1232 773 1489 830 Julianus
1517 777 1808 832 avunculus
1831 775 2042 832 Iuliani

533 841 840 909 Apostatw,
872 841 1121 898 ob'sacra
1154 861 1281 899 vasa
1312 846 1540 916 violata,
1569 863 1602 900 a
1631 849 1890 902 vermibus
1921 865 2043 903 cor-

533 927 621 965 1'08
627 927 685 964 ιιι
715 923 794 966 est
801 952 816 966 .

535 1002 639 1069 Qui
689 1018 814 1057 cum
865 1010 999 1058 tunc
1065 1005 1331 1077 temporis
1364 1007 1754 1064 Antiochensis
1783 1006 2044 1065 Ecclesiae

467 1093 695 1149 donaria
717 1132 733 1158 ,
762 1108 886 1164 quae
914 1094 1150 1165 plurima
1180 1105 1337 1152 erant
1361 1112 1426 1155 ac
1451 1099 1890 1168 pretiosissima,
1920 1100 2042 1156 ade-

466 1184 657 1240 misset
674 1224 690 1250 ,
720 1193 775 1240 et
795 1185 850 1238 in
876 1184 1227 1255 imperatoris
1245 1188 1502 1242 aerarium
1528 1188 1820 1245 transferri
1848 1204 2044 1245 curas-

465 1285 578 1344 set,
611 1290 912 1348 sacrasque
945 1278 1087 1334 aedes
1121 1279 1337 1335 occludi
1372 1279 1667 1349 iussisset,
1703 1295 1894 1337 omnes
1929 1291 2042 1337 sta-

465 1369 563 1422 tim
613 1367 806 1422 clerici
851 1368 1133 1439 aufugisse
1181 1368 1460 1425 dicuntur.
1509 1368 1673 1425 Solus
1716 1369 2041 1428 Theodorus

464 1458 754 1531 presbyter
786 1461 1052 1515 remansit
1082 1461 1135 1514 in
1171 1461 1417 1517 civitate.
1461 1460 1634 1527 Quem
1686 1461 1809 1528 ille,
1851 1471 2042 1532 utpote

463 1565 749 1606 sacrorum
783 1565 1040 1607 vasorum
1073 1552 1358 1609 custodem
1380 1596 1394 1621 ,
1429 1554 1522 1624 qui
1557 1567 1750 1609 eorum
1785 1555 2038 1610 notitiam

464 1641 689 1699 tradere
699 1642 923 1713 valeret,
937 1645 1392 1716 comprehensum
1419 1644 1740 1716 gravissime
1752 1646 2036 1702 cruciavit.

465 1733 721 1804 Cumque
750 1735 898 1790 inter
939 1744 1211 1792 tormenta
1253 1736 1381 1792 forti
1408 1737 1596 1793 animo
1620 1738 2038 1809 respondisset,

465 1833 522 1880 et
550 1825 608 1880 in
635 1824 968 1883 Christianae
1013 1825 1140 1882 fidei
1187 1826 1542 1885 confessione
1592 1829 1918 1898 enituisset,
1969 1830 2040 1886 ad

465 1924 779 1973 extremum
809 1916 994 1988 gladio
1021 1931 1147 2016 eum
1170 1919 1490 1975 obtruncari
1514 1919 1706 1990 jussit.
1738 1922 2039 1992 Postquam
2072 1959 2115 2016 Β

465 2023 605 2064 vero
642 2021 807 2064 sacra
849 2021 987 2065 vasa
1013 2007 1371 2079 diripuisset,
1414 2010 1682 2082 proiectis
1709 2011 1822 2068 illis
1862 2012 1919 2068 in
1947 2027 2042 2069 so-

463 2104 588 2159 lum
615 2105 784 2174 erepit
816 2103 1093 2160 illudere:
1141 2112 1195 2160 et
1237 2104 1403 2175 impia
1450 2105 1720 2163 adversus
1760 2105 2041 2162 Christum

463 2209 567 2265 pro
595 2195 765 2250 animi
798 2195 886 2252 sui
913 2195 1144 2251 libidine
1168 2195 1422 2262 locutus,
1455 2197 1602 2253 sedit
1635 2212 1806 2268 super
1841 2197 1955 2262 illa,
1988 2206 2045 2253 et

466 2287 864 2344 contumeliam
891 2288 1264 2360 exaggeravit.
1309 2287 1430 2355 Quo
1471 2287 1647 2356 facto,
1694 2289 1881 2346 statim
1923 2289 2045 2359 ejus

465 2379 762 2451 genitalia,
794 2387 852 2436 et
878 2379 1089 2435 circum
1120 2381 1299 2451 posita
1332 2381 1399 2438 ad
1444 2391 1663 2438 meatus
1695 2381 2046 2439 necessarios

466 2472 588 2527 loca
608 2511 624 2536 ,
657 2478 1118 2543 cornupta.sunt:
1152 2483 1206 2529 et
1228 2487 1360 2529 caro
1388 2473 1601 2528 illarum
1629 2473 1868 2544 partium
1893 2487 2048 2528 com-

466 2571 828 2636 putrescens,
878 2564 936 2620 in
971 2580 1187 2622 vermes
1238 2565 1472 2621 ebulliit.
1529 2564 1750 2622 Morbus
1807 2565 2048 2634 denique

466 2657 616 2712 omni
649 2657 989 2713 medicorum
1030 2666 1146 2713 arte
1187 2657 1444 2728 superior
1486 2656 1632 2712 fuit:
1669 2656 1888 2712 tametsi
1937 2669 2048 2725 pra

414 2775 421 2781 -
466 2751 821 2822 imperatoris
842 2752 1151 2806 reverentia
1175 2764 1239 2817 ac
1266 2757 1414 2804 metu
1437 2788 1450 2814 ,
1471 2748 1657 2803 omnia
1678 2747 2046 2802 medicamen-

468 2851 646 2898 torum
681 2841 834 2912 191
865 2855 1066 2912 genera
1096 2841 1308 2911 experti
1338 2848 1526 2898 essent
1546 2880 1562 2904 ,
1591 2847 1647 2894 et
1679 2837 1940 2908 pretiosis
1982 2851 2049 2891 ac

2215 782 2318 857 καί
2362 784 2442 850 ὡς
2480 782 2600 857 τῶν
2640 783 2880 840 σκευῶν
2911 782 3089 854 χάριν
3117 785 3451 852 Ἰουλιανὸς
3495 782 3729 857 δ’θεῖὸς

2213 851 2322 908 τοῦ
2349 853 2691 923 παραϐάτου
2714 851 3216 925 σκωλήᾶιόόρωτος
3245 851 3505 926 ἐγένετο.

2213 1009 2443 1076 Λέγεται
2468 1009 2596 1078 γοῦν
2632 1009 3020 1074 σπουδάζοντος
3049 1009 3212 1064 αὑτοῦ
3237 1010 3361 1063 τότε
3398 1011 3728 1080 ἀφελέσθαι,

2144 1103 2237 1156 καὶ
2261 1102 2342 1165 είς
2367 1104 2495 1166 τοὺς
2529 1102 2792 1186 βασιλέως
2826 1102 3156 1175 μεταθέσθαι
3199 1103 3506 1176 θησαυροὺς
3527 1147 3542 1170 ,
3571 1108 3732 1160 πλεῖ-

2145 1213 2244 1249 στα
2287 1195 2415 1250 ὄντα
2444 1195 2538 1250 καὶ
2576 1191 2877 1265 τιμιώτατα
2900 1197 2970 1250 τὰ
3018 1195 3343 1267 ἀναθήματα
3374 1197 3474 1268 τῆς
3515 1200 3731 1253 Ἀντιο-

2143 1286 2283 1356 χέων
2311 1285 2642 1356 ἐκκλησίας,
2694 1287 2788 1341 καὶ
2835 1287 2959 1350 τοὺς
3003 1287 3325 1358 εύκτηρίους
3364 1287 3563 1350 τόπους
3594 1289 3732 1342 ἁπο-

2143 1379 2375 1444 κλεῖσαι,
2398 1382 2586 1448 φυγεῖν
2614 1379 2711 1449 μὲν
2743 1378 2950 1441 πάντας
2971 1379 3098 1442 τοὺς
3118 1377 3440 1450 κληρικούς·
3475 1381 3635 1450 μόνον
3665 1380 3733 1434 δὲ

2142 1467 2417 1538 Θεόδωρον
2465 1467 2558 1522 τὸν
2594 1466 2962 1538 πρεσϐύτερον
3008 1476 3037 1516 1
3079 1468 3153 1539 μὴ
3209 1469 3567 1540 ὑποχωρῆσαι
3620 1471 3732 1540 τῆς

2143 1560 2350 1623 πόλεως
2374 1576 2388 1590 ·
2419 1559 2479 1613 ὃν
2525 1560 2601 1622 ὼς
2631 1559 2846 1628 φύλακα
2872 1559 2980 1612 τῶν
3013 1559 3313 1630 κειμηλίων
3331 1599 3347 1624 ,
3378 1560 3478 1630 τὴν
3510 1561 3731 1615 τούτων

2142 1652 2344 1722 γνῶσιν
2376 1651 2757 1722 καταμηνύσαι
2799 1650 3095 1720 δυνάμενον
3119 1690 3135 1716 ,
3177 1650 3458 1705 συλλαϐὼν
3483 1691 3500 1716 ,
3527 1653 3733 1716 δεινῶς

2140 1743 2370 1816 ᾐκίσατο
2386 1760 2400 1775 ο
2435 1743 2530 1798 καὶ
2571 1743 2632 1797 τὸ
2658 1742 2967 1798 τελευταῖον
2993 1741 3345 1814 ἀναιρεθῆναι
3373 1745 3519 1812 ξίφει
3545 1761 3735 1816 προσ-

2141 1835 2299 1902 ἐταξε
2325 1876 2339 1900 ,
2369 1835 2518 1908 παρὰ
2543 1837 2725 1890 πᾶσαν
2762 1835 2996 1905 βάσανον
3031 1835 3294 1906 ἀνδρείως
3341 1837 3733 1908 ἀποκρινάμε-

2140 1945 2230 1982 νον
2255 1968 2272 1993 ,
2319 1928 2414 1982 καὶ
2465 1928 2524 1981 ἐν
2565 1929 2690 1991 ταῖς
2740 1926 2881 1998 ὑπὲρ
2934 1925 3032 1980 τοῦ
3086 1926 3357 1999 δόγματος
3406 1927 3734 1998 ὁμολογίαις

2143 2017 2569 2090 ηὐδοκιμηκότα.
2611 2015 2765 2071 Ἐπεὶ
2819 2016 2877 2071 δέ
2929 2017 2999 2072 τὰ
3045 2017 3168 2089 ἱερὰ
3223 2017 3392 2088 σκεύη
3438 2019 3724 2088 ἐληῖσατο,

2145 2108 2515 2180 περιστρέψας
2549 2108 2690 2164 αὐτὰ
2724 2107 2884 2163 -κατὰ
2926 2107 3022 2162 τοῦ
3058 2108 3289 2179 ἐδάφους
3315 2152 3330 2176 ,
3379 2108 3726 2163 ἐπετώθασε.

2143 2201 2254 2256 Καὶ
2301 2200 2700 2272 βλασφημήσας
2751 2199 2854 2254 ὅσα
2900 2215 2966 2268 γε
3016 2199 3278 2271 ⁴ιλσούλετο
3327 2201 3421 2256 τὸν
3457 2199 3724 2272 Χριστὸν,

2144 2289 2396 2344 ἐκάθισεν
2428 2291 2512 2342 ἐπ’
2544 2290 2726 2343 αὐτῶν
2746 2331 2760 2355 ,
2795 2289 2891 2343 καὶ
2917 2289 3018 2358 τὴν
3048 2287 3578 2361 ὓϐρινέπηύξησεν.
3608 2290 3726 2344 Δύο

2143 2382 2271 2438 τίκα
2297 2382 2354 2437 δί
2389 2382 2451 2437 τὸ
2479 2382 2677 2437 αίδοῖον
2725 2382 2820 2437 καὶ
2865 2383 2993 2447 τοὺς
3025 2383 3168 2453 ἀμφὶ
3201 2381 3361 2437 τοῦτο
3391 2381 3725 2450 ἀναγκαίους

2147 2474 2348 2545 πόρους
2375 2473 2640 2546 διεφθάρη
2667 2488 2680 2504 ·
2716 2472 3117 2528 κατασαπεῖσαί
3154 2490 3215 2526 τε
3250 2474 3307 2526 αἱ
3333 2473 3461 2544 τῇδε
3495 2474 3722 2544 σάρκες,

2147 2568 2226 2630 είς
2247 2565 2536 2638 σκώληκας
2567 2564 2863 2636 μετέϐαλον
2887 2605 2902 2629 ,
2931 2565 3026 2619 καὶ
3077 2564 3139 2618 τὸ
3175 2563 3348 2628 πάθος
3375 2565 3600 2636 ἐκράτει
3621 2567 3724 2636 τῆς

2146 2659 2255 2714 τῶν
2298 2657 2500 2729 ἰατρῶν
2545 2658 2772 2728 τέχνης·
2808 2657 2902 2711 καὶ
2959 2655 3146 2727 μέντοι
3202 2659 3270 2727 τῇ
3321 2654 3457 2726 πρὸς
3495 2654 3724 2725 βασιλέα

2145 2748 2284 2803 αἰδοῖ
2313 2750 2409 2803 καὶ
2459 2748 2604 2812 δέει,
2640 2747 2727 2804 διὰ
2757 2746 3114 2802 παντοδαπῶν
3165 2745 3475 2818 φαρμάκων
3525 2745 3725 2816 πείρας

2147 2841 2520 2912 ἐληλύθεισαν.
2549 2838 2884 2909 Πολυτίμους
2916 2855 2976 2891 τε
3001 2838 3093 2891 καὶ
3123 2836 3374 2899 πλείονας
3403 2836 3587 2907 ὄρνεις
3610 2834 3719 2904 (81)

467 2933 764 3004 pinguibus
799 2933 995 2987 avibus
1024 2931 1323 2986 immolatis
1344 2969 1359 2995 ,
1394 2931 1608 3000 adipem
1640 2943 1830 2984 earum
1860 2934 2048 2996 putre-
2088 2924 2101 2936 “

467 3023 631 3080 factis
671 3023 927 3092 corporis
970 3023 1224 3093 partibus
1265 3021 1695 3092 imposuissent,
1735 3027 1789 3075 et
1833 3032 2046 3074 vermes

2146 3021 2500 3086 ἐπέπλαττον,
2529 3023 2622 3075 καὶ
2651 3023 2731 3084 είς
2753 3021 2851 3090 τὴν
2881 3021 3201 3090 ἐπιφάνειαν
3227 3019 3581 3084 ἐξεκαλοῦντο
3600 3019 3722 3082 τοὺς

467 3116 537 3170 ad
565 3113 918 3184 superficiem
951 3114 1095 3168 cutis
1123 3112 1466 3168 elicuissent.
1514 3110 1660 3165 Nihil
1705 3121 1885 3166 tamen
1918 3124 2046 3180 pro-

2149 3113 2454 3183 σκώληκας.
2487 3112 2638 3165 -Ἀλλ’
2675 3111 2826 3166 οὐδὲν
2859 3112 3020 3182 ήνυον
3055 3125 3069 3140 ⁸
3105 3113 3162 3164 ὲν
3207 3109 3358 3180 βάθει
3399 3109 3508 3180 γὰρ
3555 3125 3723 3162 κατα-

468 3208 634 3262 licere
649 3205 962 3260 valuerunt.
987 3203 1122 3258 Nam
1144 3217 1358 3259 vermes
1378 3201 1433 3256 in
1460 3201 1734 3273 profundo
1752 3200 1954 3266 abditi,
1979 3202 2046 3257 ad

2149 3204 2545 3275 κρυπτόμενοι,
2575 3203 2712 3275 πρὸς
2744 3203 2843 3266 τὰς
2891 3202 3068 3266 ζώσας
3119 3201 3327 3270 σάρκας
3366 3195 3557 3269 εἷρπον
3583 3238 3598 3262 ,
3630 3198 3723 3250 καὶ

468 3300 712 3369 integras
743 3295 925 3352 adhuc
957 3312 1154 3352 carnes
1194 3297 1597 3368 proserpebant
1623 3312 1639 3350 :
1683 3310 1786 3350 nec
1817 3309 1846 3348 a
1877 3294 2042 3364 depa-

2146 3298 2248 3360 ἕως
2272 3297 2396 3350 ὅτου
2421 3295 2580 3349 αὐτὸν
2608 3295 2838 3362 ἀνεῖλον,
2860 3295 2920 3347 ού
2942 3293 3180 3348 διέλιπον
3201 3291 3496 3362 κείροντες.
3520 3289 3727 3342 Ἐδόκει

468 3387 676 3445 scendo
739 3397 1056 3454 cessarunt,
1106 3389 1430 3460 priusquam
1491 3387 1672 3457 ipsum
1729 3395 2039 3442 necassent.

2147 3387 2205 3440 δὲ
2259 3385 2401 3439 κατὰ
2458 3385 2752 3455 θεομηνίαν
2802 3384 3026 3456 τοιαύτῃ
3076 3382 3387 3454 χρήσασθαι
3446 3381 3721 3450 συμφορᾷ.

468 3480 622 3538 llanc
650 3495 816 3552 porro
845 3481 1217 3537 calamitatem
1246 3480 1520 3537 invectam
1549 3479 1600 3535 ei
1645 3477 1820 3534 fuisse
1842 3477 2046 3534 divini-

2148 3476 2354 3530 Καθότι
2384 3476 2478 3531 καὶ
2523 3477 2552 3529 ὁ
2595 3475 2706 3529 τῶν
2751 3473 3044 3546 βασιλικῶν
3073 3472 3331 3543 ταμιείων
3377 3470 3554 3542 φύλαξ
3588 3470 3720 3540 (85),

2149 2931 2364 2995 θύοντες
2389 2973 2403 2997 ,
2437 2933 2506 2986 τὰ
2554 2930 2758 2984 τούτων
2789 2928 2919 3001 λίπη
2959 2929 3070 3000 (82)
3099 2930 3168 2981 τά
3212 2927 3532 2998 διεφθορότα
3559 2927 3722 2998 μόρια

1654 3629 1928 3689 VALESll
1962 3628 2525 3686 ANNOTATIONES.

538 3731 655 3802 (8f)
692 3731 1069 3802 Πολυτίμους
1099 3747 1163 3802 τε
1192 3730 1291 3784 καὶ
1326 3729 1620 3802 πλείονας
1662 3727 1878 3802 optgere.
1917 3724 2035 3802 Non

467 3795 671 3870 dubito
701 3799 834 3870 quin
865 3795 1242 3870 scribendum,
1292 3801 1364 3855 sit
1394 3799 1488 3870 καὶ
1523 3798 1711 3870 πίονας
1739 3797 1950 3870 ὄρνεις,
1981 3795 2037 3849 id

469 3883 572 3938 est,
621 3867 1153 3942 pinkues_av_iculas,
1195 3867 1654 3938 quemadmodum
1692 3868 1744 3942 in
1787 3867 2039 3942 versione

423 3969 431 3978 -
469 3934 589 3997 mea
623 3934 899 4010 expressi.
929 3934 1550 4010 ConjeetuEam‘meaul
1583 3935 1871 4010 confirmat
1913 3934 2041 4002 Epi-

471 4004 715 4081 phanius
740 4004 1152 4081 Scholasticus,
1203 4008 1298 4078 qui
1337 4008 1484 4081 hunc
1517 4004 1810 4081 quotneni
1856 4005 2038 4081 locum

469 4074 545 4136 ita
577 4083 737 4138 vertit
763 4099 776 4135 :
811 4074 1240 4150 Conﬁciebantur
1268 4079 1410 4150 enim
1447 4074 1754 4150 omnimodis
1785 4076 2044 4142 pretiosa-

468 4168 566 4219 que
606 4145 958 4206 medicamina
984 4165 1050 4204 ea:
1095 4147 1373 4220 pinguibus
1405 4145 1727 4220 volatilibus,
1747 4153 1835 4220 __ut_
1863 4160 2042 4198 eorum

468 4216 782 4305 pinguedine
833 4216 1105 4305 corrupte
1141 4216 1411 4305 etlputria
1453 4217 1699 4298 membra.
1740 4216 2040 4305 (inirentur.

471 4285 614 4348 idem
666 4293 831 4346 etiam
881 4285 1634 4360 conﬁrmatCltrysostomus
1687 4287 1741 4342 in
1791 4285 2046 4342 Oratione

469 4371 657 4417 contra
682 4361 933 4416 Gentiles.

2144 3725 2301 3796 quasi
2355 3734 2482 3780 ante
2536 3723 2952 3796 translationem
3000 3720 3359 3791 reliquiarum
3417 3719 3598 3774 sancti
3628 3718 3724 3773 Ba-

2143 3793 2282 3863 bylze
2315 3809 2378 3850 ea
2431 3809 2580 3849 mors
2636 3793 3001 3863 contigisset;
3048 3807 3173 3846 cum
3206 3800 3388 3863 tamen
3421 3801 3723 3863 annopost

2145 3859 2294 3920 illam
2374 3859 2812 3918 translationem‘
2848 3862 3152 3926 acciderit,
3229 3859 3450 3914 Juliano
3514 3860 3726 3914 scilicet

2145 3941 2404 4006 quartum
2431 3942 2483 3987 et
2515 3933 2764 4006 Salustio
2789 3947 2970 4006 coss,
3009 3939 3069 3986 ut
3100 3937 3319 4006 constat
3350 3939 3465 3984 tum
3507 3931 3728 4006 eriem-

2146 3997 2330 4060 miano
2360 4003 2673 4058 Marcellino
2700 4003 2754 4057 in
2789 4002 2884 4057 lib.
2915 4018 3075 4066 xxiii,
3107 4000 3285 4065 initio,
3313 4006 3428 4054 tum
3454 4015 3520 4053 ex
3545 3997 3726 4054 Theo~

2145 4075 2328 4128 dorito
2383 4075 2441 4127 in
2498 4074 2592 4126 lib.
2637 4089 2698 4127 ιιι
2759 4071 2901 4126 Hist.
2955 4072 3139 4127 eccles.
3203 4069 3337 4123 Nam
3393 4069 3725 4124 Ammianus

2145 4143 2494 4198 Marcellinus
2522 4151 2752 4197 mortem
2781 4140 2980 4198 Felicis
3010 4156 3074 4196 ac
3094 4140 3298 4194 .luliani
3332 4138 3506 4193 refert
3534 4139 3722 4192 statim

2145 4220 2269 4284 post
2300 4213 2648 4284 consulatum
2680 4211 2886 4284 .luliani
2943 4220 2997 4266 et
3045 4210 3313 4284 Salustii,
3356 4209 3420 4284 id
3461 4216 3549 4264 est
3579 4222 3726 4284 anno

2144 4277 2353 4339 Christi
2377 4283 2500 4338 565.
2524 4282 2896 4337 Tlieodoritus
2923 4298 3053 4337 vero
3075 4283 3292 4335 illorum
3320 4279 3530 4333 obitum
3560 4277 3728 4332 refert

2147 4364 2271 4422 post
2331 4353 2691 4422 reliquiarum
2750 4353 2926 4406 sancti
2996 4351 3212 4422 Bahylaz
3276 4349 3722 4422 translationem.

539 4431 650 4502 (82)
693 4433 770 4486 Τὰ
800 4433 1051 4502 Δτούτωιξῇ
1081 4429 1252 4502 λίπῃ.
1294 4429 1629 4502 Epiphanius
1665 4423 2042 4502 §cholasticus

2146 4417 2327 4502 Quare
2357 4417 2684 4502 emendandi
2723 4431 2850 4502 sunt
2875 4417 3392 4502 Auttales'Baroitii,
3430 4419 3527 4502 qui
3558 4417 3727 4488 Chry-

471 4495 672 4572 legisse
728 4499 942 4572 videtur
983 4500 1063 4572 τῷ
1103 4495 1312 4552 τούτων
1340 4495 1496 4572 λίπει
1551 4496 1619 4548 τά
1659 4495 2040 4572 ,διεφθαρμένα

513 4564 640 4640 ὅρια
687 4564 1064 4640 ἐπέπλαττον)
1109 4576 1170 4640 ut
1212 4582 1282 4640 es
1314 4568 1587 4640 versione
1621 4564 1745 4640 ejus
1787 4564 2037 4640 apparet.

513 4588 640 4640 ορια
687 4588 1025 4623 επεπΑαττον
1049 4609 1064 4634 ,
1109 4588 1170 4623 Ill.
1212 4588 1280 4622 ex
1314 4588 1566 4622 versrone
1621 4588 1745 4632 eius
1788 4588 2037 4633 apparet.

470 4588 664 4694 Fosset
685 4639 849 4694 etiam
877 4640 1072 4706 scribi,
1097 4637 1169 4691 τὰ
1189 4636 1398 4706 τούτων
1422 4636 1553 4704 λίπη
1572 4635 1664 4686 ἐπὶ
1687 4633 1754 4706 τὰ
1782 4633 2040 4706 διεφθαρτ

474 4707 644 4782 μένοι2
692 4716 828 4775 etc.,
863 4703 1324 4782 quemadmodum
1342 4705 1595 4782 _§a_vili_us
1648 4703 1712 4757 ad
1752 4703 2040 4782 oram_sui

469 4773 680 4831 codicis
707 4773 1009 4832 annotavit.
1040 4776 1098 4832 In
1131 4775 1323 4830 codice
1342 4774 1644 4828 Fuketiano
1670 4788 1769 4842 pro
1794 4773 2043 4842 διεφθαρ·

474 4844 613 4916 μένα
651 4849 916 4916 scriptum
955 4855 1040 4901 est
1079 4843 1422 4916 διεφθορότα.
1449 4845 1722 4916 Caeterum
1767 4843 1836 4897 de
1867 4850 2042 4916 morte

471 4913 637 4983 hujus
665 4913 870 4969 Juli'ani
923 4916 1050 4971 vide
1099 4913 1494 4969 Theodoritum
1552 4914 1606 4968 in
1657 4913 1755 4968 lib.
1794 4928 1854 4966 ιιι
1897 4915 2042 4968 Hist.

471 4986 680 5052 ποίεε..
713 4995 769 5040 et
798 4983 1062 5040 Joannem
1093 4985 1382 5055 Chrysost.
1417 4984 1471 5055 in
1517 4984 1765 5055 oratione
1793 4983 1828 5037 2
1857 4994 2049 5055 contra

473 5055 703 5110 Gentiles
727 5096 742 5122 ,
795 5055 862 5110 de
897 5064 1091 5112 sancto
1124 5053 1326 5124 Babyla
1349 5092 1364 5115 ,
1403 5053 1493 5109 ubi
1535 5055 1600 5109 de
1633 5053 1800 5123 hujus
1830 5053 2050 5124 comitis

474 5126 615 5180 fmda
663 5132 839 5180 morte
877 5125 1123 5196 quaedam
1155 5122 1343 5178 narrat
1386 5126 1521 5196 satis
1581 5122 1884 5180 recondita.
1942 5122 2050 5196 sed

472 5196 860 5267 corrigendum
897 5193 1007 5267 :est_
1033 5194 1210 5267 obiter
1251 5194 1428 5267 sancti
1486 5197 1670 5267 Patris
1713 5193 2052 5267 μνημονικὸν

475 5263 717 5340 σφάλμα,
748 5265 842 5338 qui
880 5264 950 5320 de
981 5264 1184 5320 Juliani
1211 5263 1436 5320 comitis
1459 5275 1635 5322 morte
1663 5263 1738 5319 ita
1778 5263 2047 5336 loquitur,

2146 4501 2484 4615 Eustomuarg2
2514 4491 2892 4555 ἀϐασανίστως
2941 4500 3201 4556 secutus,
3244 4488 3295 4543 id
3346 4488 3535 4544 retulit
3577 4501 3724 4542 anno

2206 4575 2351 4615 H‘ISU
2451 4573 2468 4590 ⁸⁵
2493 4605 2503 4615 .

2145 4563 2351 4617 Christi
2380 4562 2503 4617 362.

2219 4633 2330 4702 (83)
2387 4633 2438 4702 '0
2487 4631 2605 4685 τῶν
2638 4629 3006 4702 νβασιλικῶν
3056 4629 3353 4702 ταμιείων-
3393 4626 3719 4702 προεστώς.

2146 4699 2383 4757 Felicem
2420 4701 2675 4772 intelligit
2727 4703 2980 4755 comitem
3024 4714 3309 4772 sacrarum
3342 4699 3719 4772 largitionum.

2147 4773 2230 4829 vel
2287 4769 2620 4842 Helpidium'
2662 4772 2916 4827 comitem
2969 4784 3158 4842 rerum
3207 4769 3544 4842 privatarum
3596 4784 3611 4819 :
3661 4769 3723 4842 de

2147 4836 2421 4914 quorum:
2434 4841 2737 4914 foedissimo
2770 4842 2958 4914 _exit_u_
2984 4838 3189 4914 scribit
3207 4836 3610 4914 '_Theodoritus
3631 4836 3716 4914 __iu

2146 4907 2242 4970 lib.
2275 4929 2336 4968 ιιι
2373 4912 2631 4966 Historia:
2670 4911 2854 4966 ποίεε.
2903 4909 3056 4973 Vide,
3083 4910 3130 4963 si
3185 4908 3387 4977 placet,
3418 4921 3542 4974 qua:
3592 4907 3722 4959 olim

2146 4985 2328 5038 notavi
2358 4983 2426 5054 ad
2471 4983 2670 5038 librum
2712 4997 2850 5036 um
2893 4976 3518 5054 Ammiani’Ma‘reellini
3546 5016 3564 5042 ,
3615 4991 3720 5054 non

2148 5054 2338 5123 procul
2368 5053 2438 5106 ab
2467 5054 2664 5107 initio:
2701 5068 2767 5106 ex
2808 5065 2917 5122 quo
2963 5049 3233 5123 discimus
3272 5046 3720 5123 Felice_m__comi-

2146 5115 2255 5180 iem
2305 5137 2585 5178 sacrarum
2635 5115 2993 5192 largitionum
3042 5119 3212 5190 paulo
3262 5126 3390 5173 ante
3439 5115 3717 5171 Julianum

2147 5193 2403 5250 comitem
2441 5191 2684 5248 Orientis
2711 5191 2936 5248 obiisse.

1894 5423 2275 5480 VARIOBUM.

543 5531 571 5568 γ
612 5523 912 5590 Θεόδωρον
965 5522 1070 5575 τὸν
1142 5524 1564 5590 πρεσϐύτερον.
1626 5519 1815 5575 Passio
1850 5517 2046 5590 ihnjus

474 5587 742 5658 Theodori
799 5587 961 5658 (alias
1023 5591 1364 5658 Thcodoriti)
1412 5587 1708 5647 etiarratnr
1757 5607 1785 5642 a
1834 5589 2043 5644 Themi.

477 5657 730 5715 Kuiimrt.
770 5657 886 5717 Act.
925 5672 1107 5732 iram,
1145 5678 1269 5733 pag.
1303 5663 1428 5729 658,
1460 5666 1550 5732 qui
1593 5677 1712 5718 cam
1753 5660 2046 5732 descripsit

2152 5533 2216 5572 ex
2279 5518 2313 5570 5
2351 5515 2511 5570 codd.
2564 5531 2722 5581 mss.,
2788 5525 2840 5568 et
2895 5522 3042 5568 tomo
3093 5521 3290 5582 quarto
3350 5512 3722 5582 Analeetoruut

2151 5587 2378 5643 Joannis
2418 5580 2732 5650 Mabillnnii,
2786 5599 2904 5653 pag.
2975 5580 3260 5637 121‘ch
3297 5592 3475 5636 autem
3528 5580 3724 5653 (inquit

2156 5657 2503 5712 Mabillonius
2559 5657 2624 5710 ad
2672 5657 2875 5710 calcem
2942 5654 3298 5723 narrationis)
3351 5652 3722 5707 auctoritatem
