4040 6216
353 316 492 374 1237

1328 312 1651 371 HISTORIA
1689 313 2248 372 ECCLESIASTICA.
2292 348 2360 360 -—
2397 318 2525 374 LIB.
2575 317 2636 374 V.

3454 319 3591 374 ιεδε

352 429 450 482 καὶ
475 425 628 484 ἄλλοι
668 427 811 491 τινὲς
835 425 947 480 τῶν
973 427 1030 480 ἐν
1067 425 1176 488 τοῖς
1203 424 1494 495 βασιλείοις
1534 426 1722 500 ἄρχειν
1750 428 1932 482 ἐπιτεο

2043 434 2154 495 Lus,
2187 429 2376 485 cuncti
2410 430 2818 486 existimarunt.
2849 429 2988 482 Nam
3031 435 3088 482 et
3132 443 3318 484 comes
3362 428 3609 498 largitio-

352 521 690 595 τραμμένων
713 561 730 588 ,
766 520 1205 590 νεανιευσάμενοι
1255 519 1395 574 κατὰ
1442 519 1542 590 τῆς
1582 520 1929 591 Ἐκκλησίας,

355 613 675 684 παραδόξως
703 613 797 666 καὶ
823 610 1073 674 ἐλεεινῶς
1103 610 1194 665 τδν
1227 609 1341 682 βίον
1373 610 1692 676 κατέλυσαν,
1723 611 1800 675 ὡς
1828 613 1932 666 ὑπὸ

355 702 505 767 θείας
538 701 708 774 ὀργῆς
734 698 1240 763 καταδικασθέντες.

964 873 1215 933 ΚΕΦΑΛ.
1245 874 1322 931 Θ’.

356 969 493 1038 Περὶ
520 967 628 1022 τοῦ
642 966 972 1038 μαρτιφίου
998 965 1117 1021 τῶν
1141 967 1681 1038 ἁγίωνιξὺσεόίου,
1703 971 1934 1026 Νεστά-

534 1034 663 1101 6ου,
695 1036 794 1091 καί
823 1035 1134 1103 Ζήνωνος,
1169 1034 1240 1090 ἐν
1269 1034 1426 1106 Γάζῃ
1455 1035 1530 1106 τῇ
1562 1041 1755 1094 πόλει.

440 1128 594 1181 Ἐπεὶ
625 1127 681 1181 δὲ
705 1129 783 1191 είς
803 1126 962 1181 τοῦτο
990 1125 1271 1198 προήχθην
1299 1126 1458 1196 λόγου
1474 1168 1490 1192 ,
1516 1130 1610 1182 καὶ
1635 1130 1736 1202 τὴν
1764 1132 1934 1203 Γεωρ⁶

359 1218 479 1288 γίου
509 1218 605 1273 καὶ
636 1217 910 1289 Θεοδώρου
949 1217 1062 1288 (84)
1095 1218 1375 1289 ἀναίρεσιν
1399 1215 1676 1290 διεξῆλθον
1695 1260 1710 1287 ,
1743 1222 1932 1293 καιρὸν

358 1310 503 1380 ἔχειν
535 1307 676 1362 δοκῶ
700 1308 1029 1378 ποιήσασθαι
1055 1308 1278 1379 μνήμην
1298 1307 1582 1375 Εὐσεϐίου,
1609 1311 1705 1364 καὶ
1725 1311 1933 1367 Νεστά-

359 1403 490 1463 ϐου,
534 1400 630 1454 καὶ
679 1400 935 1470 Ζήνωνος.
977 1398 1088 1452 τῶν
1141 1397 1424 1469 ἀδελφῶν*
1452 1399 1546 1465 οὒς
1595 1402 1735 1456 κατὰ
1777 1403 1936 1458 τοῦτο

362 1491 536 1563 μισῶν
581 1493 608 1545 ὀ
654 1491 762 1544 τῶν
808 1489 1056 1553 Γαζαίων
1097 1489 1300 1561 δῆμος,
1335 1491 1473 1545 οίκοι
1526 1493 1936 1564 κρυπτομένους

361 1583 715 1638 συνελάϐοντο
734 1623 750 1649 ,
778 1581 869 1635 καὶ
895 1581 1256 1654 δεσμωτηρίῳ
1290 1582 1360 1637 τὰ
1386 1584 1580 1655 πρῶτα
1606 1585 1932 1656 παρέδοσαν,

361 1674 454 1730 καὶ
481 1673 884 1745 ἐμαστίγωσαν.
930 1673 1159 1726 Ἔπειτα
1193 1674 1540 1739 συνελθόντες
1567 1677 1642 1740 εἰς
1683 1676 1930 1749 θέατρον,

2034 535 2167 575 num
2203 534 2489 576 sacrarum
2513 561 2527 588 ,
2564 527 2620 577 et
2651 520 2744 576 alii
2772 519 2995 590 quidam
3023 517 3255 574 summis
3303 519 3356 572 in
3405 518 3609 587 palatio

2033 610 2394 682 dignitatibus
2446 613 2701 684 praediti,
2755 628 2880 669 cum
2932 611 3244 682 petulanter
3301 610 3610 666 illusissent

2033 701 2321 770 Ecclesiae,
2357 704 2645 774 insperato
2676 718 2741 760 ac
2769 703 3070 760 miserabili
3105 701 3257 757 exitu
3286 701 3610 772 perierunt,

2033 799 2296 864 tanquam
2327 791 2671 866 indignantis
2703 793 2798 851 Dei
2827 793 3100 851 sententia
3127 789 3506 850 condemnati.

2679 883 2836 940 CAP.
2879 883 2973 941 IX.

2037 975 2112 1032 De
2132 977 2391 1048 martyrio
2413 985 2720 1048 sanctorum
2751 975 2986 1048 Eusebii.
3017 975 3264 1043 Nestabi,
3289 987 3338 1034 et
3362 978 3612 1048 Zenonis,

2571 1048 2626 1100 in
2666 1047 2876 1101 ciuitate
2911 1046 3078 1102 Gaza.

2106 1133 2212 1192 Sed
2251 1136 2511 1207 quoniam
2554 1136 2623 1191 ad
2655 1135 2800 1193 hunc
2847 1151 3156 1193 sermonem
3191 1138 3532 1204 devenimus,
3561 1147 3615 1196 et

2032 1225 2255 1300 Georgii
2281 1243 2346 1284 ac
2369 1227 2644 1284 Theodori
2669 1228 2873 1286 caedem
2895 1229 3010 1300 jam
3039 1231 3610 1296 commemoravimus,

2032 1327 2408 1390 opportunum
2442 1334 2591 1375 nunc
2641 1319 2858 1376 videtur
2903 1329 2962 1374 ut
3006 1319 3252 1385 Eusebii,
3287 1319 3534 1390 Nestabi,
3560 1330 3615 1378 et

2034 1407 2274 1466 Zenonis
2305 1410 2540 1466 fratrum
2573 1413 2906 1469 mentionem
2937 1412 3225 1470 faciamus.
3267 1412 3419 1479 Quos
3445 1428 3618 1484 popu-

2034 1498 2122 1554 lus
2172 1499 2492 1556 Gazteorum
2549 1499 2676 1555 odio
2731 1515 3108 1572 prosequens,
3161 1511 3294 1558 tunc
3354 1509 3614 1571 temporis

2033 1588 2180 1644 domi
2214 1590 2434 1647 abditos
2478 1591 2920 1662 comprehendit.
2977 1591 3058 1648 Ac
3103 1593 3339 1669 primum
3393 1592 3616 1662 quidem

2035 1677 2095 1733 in
2147 1693 2428 1737 carcerem
2478 1695 2575 1737 eos
2629 1681 2895 1750 coniecit,
2951 1687 3008 1736 et
3056 1680 3244 1754 flagris
3287 1682 3616 1739 verberavit.

359 1765 587 1818 πλεῖστα
637 1763 816 1818 αὑτῶν
850 1763 1218 1836 κατεϐόησαν,
1241 1765 1316 1830 ὡς
1343 1767 1839 1838 κακουργησάντων
1866 1770 1934 1824 τὰ

2043 1769 2241 1827 Deinde
2270 1786 2463 1827 omnes
2499 1771 2555 1826 in
2589 1771 2863 1828 theatrum
2895 1773 3326 1837 convenientes,
3351 1772 3618 1828 adversus

361 1856 502 1928 ἱερά,
531 1856 624 1910 καὶ
648 1856 741 1910 ἐπὶ
774 1853 1092 1927 καθαιρέσει
1120 1856 1212 1910 καὶ
1245 1855 1400 1926 ὕϐρει
1425 1857 1519 1912 τοῦ
1551 1857 1929 1930 Ἑλληνισμοῦ,

358 1947 437 2018 τῷ
483 1946 807 2019 παρελθόντι
859 1946 1038 2017 χρόνῳ
1085 1947 1582 2019 ἁποχρησαμένων.
1633 1951 1720 2004 Ἐν
1752 1951 1808 2005 δὲ
1855 1951 1933 2023 τῷ

360 2037 722 2108 κεκραγέναι,
755 2037 853 2091 καὶ⁸
889 2037 1252 2110 παροτρύνειν
1285 2037 1545 2109 ἀλλήλους
1568 2039 1650 2104 είς
1690 2041 1781 2094 τὸν
1814 2044 1930 2095 κατ’

359 2129 539 2184 αὐτῶν
565 2128 726 2198 φόνον
745 2168 760 2194 ,
790 2127 1202 2202 ἐνεπλήσθησαν
1231 2127 1426 2200 θυμοῦ.
1450 2129 1562 2183 Καὶ
1592 2132 1935 2203 παρακελευ-

362 2222 587 2292 σάμενοι
638 2220 886 2288 ἑαυτοῖς,
929 2214 1019 2276 οἷά
1069 2236 1137 2291 γε
1187 2219 1360 2292 δῆμος
1403 2223 1707 2289 στασιάζων
1749 2225 1930 2294 εἴωθε,

361 2313 701 2385 κατέδραμον
755 2313 837 2376 είς
889 2311 950 2366 τὸ
993 2311 1366 2385 δεσμωτήριον
1384 2329 1401 2346 ο
1437 2315 1534 2369 καὶ
1576 2317 1936 2387 ἐξαγαγόντες

360 2402 558 2466 αὐτοὺς
579 2442 596 2468 ,
634 2399 894 2472 ὠμότατα
949 2399 1304 2473 διεχρήσαντο
1327 2416 1342 2432 ·
1394 2402 1472 2473 πῆ
1526 2403 1627 2475 μὲν
1673 2409 1932 2478 πρηνεῖς,

363 2493 439 2563 πῆ
467 2494 521 2548 δὲ
551 2493 776 2556 ὑπτίους
801 2492 1055 2556 ἕλκοντες
1079 2533 1094 2559 ,
1128 2492 1224 2547 καὶ
1243 2491 1322 2565 τῷ
1349 2493 1536 2566 ἐδάφει
1565 2499 1937 2569 προσρηγνύν-

358 2603 453 2649 τες
474 2602 488 2616 ·
520 2585 613 2639 καὶ
649 2586 697 2639 εί
729 2584 916 2658 ἔτυχον
950 2583 1200 2650 παίοντες
1223 2623 1240 2651 ,
1290 2585 1340 2638 oi
1391 2585 1492 2656 μὲν
1524 2587 1692 2652 λίθοις
1715 2604 1731 2621 ⁶
1778 2591 1827 2643 οί
1877 2589 1936 2644 δὲ

363 2675 539 2740 ξύλοις
561 2691 577 2706 ·
601 2675 748 2729 ἄλλοι
776 2675 834 2730 δέ
871 2674 1048 2739 ἄλλοις
1072 2674 1184 2729 τισὶ
1215 2676 1330 2739 τοῖς
1361 2675 1728 2748 ἐπιτυχοῦσιν.
1767 2678 1936 2734 Ἐπυ-

363 2767 537 2839 θόμην
564 2766 611 2822 δ’
643 2761 709 2822 αῦ
741 2767 818 2832 ὡς
851 2766 944 2821 καὶ
968 2768 1228 2838 γυναῖκες
1256 2769 1322 2822 ἐκ
1345 2767 1453 2822 τῶν
1496 2769 1659 2825 ίστῶν
1687 2770 1936 2840 ἐξελθοῦ-

369 2877 480 2923 σαι,
515 2861 635 2924 ταϊς
659 2859 906 2932 κερκίσιν
935 2859 1134 2924 αὐτοὺς
1153 2859 1516 2918 κατεκέντουν
1536 2879 1551 2894 ο
1584 2862 1680 2918 καὶ
1714 2862 1824 2917 τῶν
1849 2864 1936 2918 ἐπ’

367 2951 572 3024 ἀγορᾶς
595 2952 870 3024 μαγείρων
897 2991 912 3018 ,
937 2954 986 3007 οί
1022 2951 1142 3022 μὲν,
1172 2951 1324 3006 ῦδατι
1355 2952 1542 3026 θερμῷ
1562 2954 1940 3025 καχλάζοντας

364 3042 497 3106 τοὺς
538 3040 768 3112 λέϐητας
815 3039 1212 3112 ἐξαρπάζοντες
1241 3039 1348 3093 τῶν
1387 3041 1764 3112 χυτροπόδων,
1809 3061 1943 3097 κατ-

2039 1876 2136 1916 eos
2171 1862 2458 1918 vociferati
2491 1869 2644 1926 sunt,
2683 1863 2832 1933 quod
2884 1863 3087 1934 templa
3125 1864 3373 1935 ipsorum
3416 1865 3620 1920 violas-

2040 1961 2182 2017 sent,
2229 1959 2284 2010 et
2327 1953 2682 2024 superiorum
2721 1960 3034 2024 temporum
3086 1955 3498 2026 opportunitate
3551 1955 3621 2010 ad

2039 2040 2381 2097 eversionem
2428 2049 2484 2096 et
2531 2042 2920 2097 contumeliam
2958 2042 3290 2099 Graecanicae
3337 2044 3622 2114 religionis

2041 2131 2200 2187 abusi
2228 2139 2441 2188 essent.
2463 2129 2720 2204 Dumque
2740 2133 2815 2188 ita
2844 2133 3242 2202 vociferantur,
3260 2145 3315 2192 et
3336 2135 3391 2191 in
3417 2136 3621 2192 caedem

2041 2220 2261 2276 illorum
2296 2235 2420 2278 sese
2454 2228 2647 2279 mutuo
2675 2221 2942 2293 incitant,
2980 2224 3222 2282 furorem
3263 2225 3465 2282 animis
3489 2241 3622 2283 con-

2039 2317 2327 2383 ceperunt.
2351 2310 2552 2382 Atque,
2583 2320 2643 2368 ut
2659 2313 2857 2386 vulgus
2885 2313 3212 2372 seditiosum
3243 2316 3404 2384 solet,
3425 2324 3626 2374 semet-

2041 2406 2192 2475 ipsos
2215 2403 2511 2470 cohortati,
2549 2404 2618 2460 ad
2647 2418 2930 2461 carcerem
2962 2417 3331 2477 properarunt
3363 2425 3379 2464 :
3418 2421 3626 2478 eosque

2042 2491 2171 2548 inde
2194 2493 2459 2558 eductos,
2488 2492 2876 2550 crudelissimo
2921 2494 3120 2549 mortis
3147 2510 3346 2566 genere
3394 2495 3625 2552 interfe»

2041 2590 2272 2650 cerunt;
2307 2598 2457 2640 nunc
2487 2599 2728 2654 pronos,
2778 2599 2929 2640 nunc
2972 2585 3201 2658 supinos
3230 2586 3532 2650 trahentes,
3571 2597 3626 2643 et

2043 2673 2358 2744 pavimento
2406 2673 2739 2741 allidentes;
2772 2683 2822 2730 et
2856 2689 2957 2746 pro
3006 2675 3261 2743 arbitrio,
3299 2676 3392 2730 alii
3423 2675 3623 2748 lapidi-

2041 2763 2167 2830 bus,
2195 2763 2289 2818 alii
2333 2762 2597 2829 fustibus,
2629 2771 2684 2820 et
2731 2751 3000 2836 cujusque
3049 2766 3200 2822 modi
3245 2767 3369 2822 telis
3407 2782 3530 2838 qua:
3557 2765 3627 2821 ad

2043 2867 2266 2908 manum
2291 2862 2501 2918 essent,
2530 2869 2627 2912 eos
2655 2855 2950 2914 caedentes.
2977 2855 3180 2912 Audivi
3213 2857 3377 2912 etiam
3430 2859 3627 2914 mulie-

2043 2959 2134 3000 res
2160 2945 2354 3001 relicta
2385 2946 2494 3002 tela
2517 2961 2585 3003 ex
2616 2947 2779 3003 domo
2814 2962 3140 3020 progressas
3168 2949 3337 3005 radiis
3367 2948 3492 3006 illos
3525 2965 3627 3019 pu-

2046 3036 2308 3108 pugisse:
2345 3044 2398 3093 et
2429 3053 2592 3094 cocos
2616 3038 2712 3109 qui
2759 3039 2816 3093 in
2863 3037 2984 3095 foro
3026 3049 3210 3107 erant,
3252 3041 3451 3110 partim
3490 3040 3628 3098 ollas

368 3131 522 3202 ἑχεον
543 3148 558 3164 ο
582 3132 632 3185 οἱ
658 3106 739 3196 δὲ,
769 3106 883 3195 τοῖς
914 3106 1217 3194 ὀϐελίσκοις
1247 3106 1543 3201 διέπειρον.
1585 3132 1736 3185 Ἐπεὶ
1752 3106 1816 3185 δὲ
1843 3134 1938 3186 αὐ-

2044 3106 2190 3198 aqua
2224 3127 2459 3184 ferventi
2496 3106 2816 3195 bullientes,
2849 3129 2987 3186 focis
3020 3106 3300 3202 abreptas,
3321 3131 3402 3187 eis
3435 3147 3629 3201 super-

366 3221 493 3284 τοδς
514 3218 905 3292 διεσπάραξαν,
939 3219 1034 3274 καὶ
1057 3218 1158 3283 τὰς
1185 3217 1428 3288 κεφαλὰς
1454 3219 1685 3275 ἔθλασαν
1703 3262 1718 3288 ,
1747 3221 1823 3288 ὼς
1847 3224 1940 3278 καὶ¹

366 3312 458 3366 τὸν
487 3310 787 3381 ἐγκέφαλον
827 3310 1005 3382 χαμαὶ
1041 3312 1156 3381 ῥεῖν
1176 3349 1192 3376 ,
1222 3311 1428 3382 ἤγαγον
1474 3313 1580 3383 πρὸ
1605 3312 1700 3367 τοῦ
1727 3314 1938 3381 ἄστεος,

369 3399 405 3476 ᾗ
434 3402 503 3456 τὰ
550 3402 962 3474 ἀποθνήσκοντα
994 3401 1100 3457 τῶν
1145 3403 1356 3474 ἀλόγων
1392 3404 1547 3468 ζώων
1574 3405 1787 3476 ῥίπτειν
1814 3403 1942 3459 εἰώ-

369 3493 534 3546 θεσαν
571 3508 586 3524 ·
633 3493 729 3546 καὶ
783 3491 894 3565 πῦρ
963 3493 1307 3564 ἀνάψαντες,
1360 3494 1600 3551 ἔκαυσαν
1651 3496 1833 3550 αὐτῶν
1873 3496 1944 3550 τὰ

371 3581 598 3653 σώματα
615 3599 629 3613 ο
660 3583 755 3637 καὶ
781 3582 850 3638 τὰ
878 3584 1291 3654 περιλειφθέντα
1333 3585 1442 3640 τῶν
1470 3586 1672 3641 ὀστέων
1690 3629 1705 3651 ,
1732 3588 1832 3641 ὅσα
1867 3587 1943 3658 μὴ

370 3673 432 3726 τὸ
457 3673 564 3744 πῦρ
593 3672 1052 3744 ἐδαπάνησε,τοῖς
1082 3675 1437 3747 ἐρριμμένοις
1464 3675 1651 3730 αὐτόθι
1677 3677 1943 3748 καμήλων

367 3779 428 3816 τε
460 3764 553 3816 καὶ
589 3764 726 3818 δνων
761 3764 966 3829 ὀστέοις
1002 3764 1265 3836 ἀνέμιξαν
1289 3807 1304 3833 ,
1333 3763 1474 3820 ὥστε
1506 3765 1580 3838 μὴ
1617 3765 1806 3838 ῥᾳδίαν
1842 3765 1943 3820 αὒ-

370 3852 478 3907 τῶν
503 3849 639 3908 εῖναι
667 3853 766 3926 τὴν
795 3853 1042 3926 εὕρεσιν⁹
1068 3853 1227 3909 ἔλαθέ
1259 3871 1322 3923 γε
1357 3857 1464 3927 μὴν
1494 3856 1595 3910 οὐκ
1639 3857 1733 3911 ἐπὶ
1761 3855 1894 3910 πολύ
1925 3873 1940 3888 ·

371 3945 510 4015 γυνὴ
543 3943 653 4016 γάρ
685 3961 770 4008 τις
801 3944 1131 4015 Χριστιανὴ,
1163 3946 1264 3999 οὐκ
1301 3947 1408 4000 ἀπὸ
1437 3944 1616 4017 Γάζης
1638 3942 1792 4011 οὖσα,
1829 3947 1943 4002 ἀλλ’

372 4034 563 4089 ἐνθάδε
616 4036 714 4107 τὴν
750 4035 968 4108 οἴκησιν
1013 4036 1211 4109 ἔχουσα
1238 4077 1254 4103 ,
1297 4037 1442 4091 κατὰ
1489 4036 1644 4093 θείαν
1693 4037 1946 4105 σύνταξιν

372 4126 660 4194 ἀνελέξατο
703 4127 876 4182 ταῦτα
926 4129 1140 4200 νύκτωρ
1172 4145 1188 4161 ⁸
1234 4129 1328 4182 καὶ
1383 4128 1693 4200 ἐμϐαλοῦσα
1745 4129 1944 4202 χύτρα,

372 4219 580 4290 Ζήνωνι
600 4219 678 4291 τῷ
705 4220 886 4274 αὐτῶν
909 4218 1114 4292 ἀνεψιῷ
1133 4220 1420 4290 φυλάττειν
1447 4220 1667 4276 ἔδωκεν.
1689 4214 1815 4275 Ὧδε
1839 4221 1948 4294 γὰρ

373 4313 433 4364 ἐν
474 4313 586 4375 τοῖς
615 4312 844 4384 ὀνείροις
874 4311 1102 4384 ἔχρησεν
1145 4313 1174 4366 ὀ
1212 4311 1346 4376 Θεὸς
1367 4350 1384 4376 ,
1419 4311 1638 4366 καὶτὸν
1675 4311 1844 4384 ἄνδρα
1879 4315 1947 4384 τῇ

374 4404 592 4471 γυναικί⁸
616 4405 995 4476 κατεμήνυσεν
1015 4446 1030 4472 ,
1131 4404 1308 4473 διάγοι
1329 4416 1347 4436 ο
1378 4404 1474 4458 καὶ
1505 4403 1636 4475 πρὶν
1693 4403 1818 4459 ἰδεῖν
1845 4405 1946 4458 ἐπ-

2047 3219 2286 3288 fudisse;
2314 3220 2511 3292 partim
2532 3220 2775 3276 verubus
2799 3235 2895 3276 eos
2925 3221 3293 3277 transflxisse.
3321 3220 3628 3292 Postquam

2051 3311 2210 3381 192
2236 3326 2331 3367 eos
2363 3310 2782 3377 dilacerassent,
2820 3320 2877 3367 et
2905 3311 3085 3383 capita
3132 3327 3324 3368 eorum
3372 3312 3448 3366 ita
3496 3327 3630 3367 con-

2048 3403 2346 3474 fregissent
2397 3411 2458 3458 ut
2508 3404 2797 3459 cerebrum
2845 3403 2998 3458 humi
3029 3403 3301 3470 efﬂueret,
3349 3418 3446 3460 eos
3475 3411 3629 3460 extra

2048 3493 2328 3549 civitatem
2394 3497 2722 3560 traxerunt',
2783 3493 2850 3548 ad
2914 3494 3097 3549 locum
3186 3511 3294 3565 quo
3345 3496 3626 3566 jumento-

2047 3599 2171 3639 rum
2195 3582 2465 3639 cadavera
2511 3583 2706 3654 projici
2751 3584 3027 3641 solebant.
3081 3585 3160 3641 lbi
3205 3600 3437 3642 accenso
3472 3601 3627 3658 rogo,

2049 3689 2286 3745 corpora
2313 3689 2502 3730 eorum
2533 3665 2962 3732 concremarunt
2999 3697 3013 3733 :
3051 3687 3107 3734 et
3135 3693 3256 3749 quae
3304 3686 3632 3749 supererant

2050 3781 2201 3833 ossa,
2236 3781 2362 3838 qua!
2412 3765 2626 3822 scilicet
2657 3766 2803 3836 ignis
2834 3768 3063 3825 minime
3097 3770 3505 3842 absumpserat,
3534 3785 3629 3826 ca-

2049 3859 2321 3914 melorum
2359 3857 2755 3929 asinorumque
2799 3859 3024 3916 ossibus
3076 3861 3190 3918 illic
3225 3867 3432 3917 temere
3461 3860 3630 3932 disje-

2052 3953 2159 4008 ctis
2194 3951 2662 4023 permiscuerunt,
2689 3967 2757 4007 ne
2782 3950 2945 4008 facile
2985 3953 3217 4024 reperiri
3244 3960 3489 4023 possent.
3523 3951 3630 4006 Sed

2058 4051 2244 4099 tamen
2279 4059 2389 4099 non
2420 4043 2698 4099 latuerunt
2739 4042 2855 4102 diu.
2893 4044 3104 4100 Etenim
3157 4044 3352 4098 mulier
3382 4041 3630 4113 quaedam

2053 4133 2393 4201 Christiana,
2421 4151 2529 4191 non
2558 4135 2650 4189 illa
2673 4135 2892 4205 quidem
2926 4135 3158 4190 oriunda
3193 4149 3259 4190 ex
3294 4133 3432 4188 urbe
3460 4131 3628 4197 Gaza.

2056 4225 2153 4283 sed
2197 4241 2319 4297 quas
2372 4225 2486 4281 illic
2534 4226 2880 4282 domicilium
2934 4226 3159 4291 fixerat,
3221 4224 3331 4281 Deo
3379 4223 3628 4296 iubente,

2056 4322 2223 4370 noctu
2279 4329 2345 4370 ea
2402 4313 2620 4386 collegit
2651 4331 2668 4371 :
2704 4321 2759 4370 et
2796 4315 2850 4370 in
2886 4315 3051 4371 ollam
3103 4315 3385 4384 conjecta,
3424 4314 3631 4369 Zenoni

2057 4421 2246 4463 eorum
2273 4403 2610 4461 consobrino
2638 4405 3002 4463 custodienda
3043 4405 3287 4462 tradidit.
3342 4404 3435 4460 Sic
3483 4405 3630 4460 enim

376 4491 568 4559 έδειξε,
596 4473 786 4548 καθότι
806 4473 1091 4564 άγνωστοξ
1111 4490 1180 4566 ἦν
1209 4495 1370 4565 αὐτῇ,
1393 4494 1488 4548 καὶ
1511 4473 1836 4564 προσφάτως
1855 4493 1938 4547 τοῐ

2057 4498 2196 4554 Deus
2224 4497 2280 4552 in
2332 4497 2542 4554 somnis
2587 4507 2940 4569 praeceperat,
2969 4506 3023 4554 et
3069 4499 3250 4554 locum
3285 4497 3379 4553 ubi
3409 4497 3496 4553 vir
3528 4497 3633 4552 iste

375 4583 617 4654 διωγμοῦ
651 4585 1010 4656 κεκινημένου
1033 4623 1050 4648 ,
1082 4583 1404 4655 ἐκρύπτετο.
1454 4583 1622 4638 Ἐπεὶ-
1644 4585 1738 4638 καὶ
1785 4584 1948 4648 αὐτὸς

376 4673 500 4726 τότε
557 4675 758 4746 μικροῦ
806 4674 1131 4748 συλληφθεὶς
1179 4675 1332 4748 παρὰ
1379 4677 1488 4730 τῶν
1534 4675 1814 4740 Γαζαίων,
1858 4675 1952 4729 ἁν-

2055 4590 2296 4658 (Ιεκοτει,
2340 4588 2557 4644 mulieri
2608 4590 2968 4670 indicaverat.
3003 4591 3081 4646 Ac
3122 4589 3443 4662 priusquam
3476 4587 3631 4642 illum

2054 4679 2308 4743 vidisset,
2337 4679 2388 4734 ei
2418 4679 2758 4737 ostenderat.
2799 4679 2934 4735 Erat
2964 4681 3108 4737 enim
3149 4682 3367 4752 ignotus
3395 4679 3630 4743 mulieri.

375 4766 575 4840 ῃρέθη·
613 4767 1009 4847 άσχολουμένου
1038 4768 1094 4824 δὲ
1122 4768 1220 4823 τοῦ
1251 4767 1490 4841 πλήθους
1518 4769 1648 4839 περὶ
1667 4766 1759 4822 τὸν
1793 4767 1938 4837 φόνοι

2057 4780 2112 4827 et
2149 4771 2222 4826 ob
2288 4785 2480 4828 recens
2551 4772 2847 4831 excita-tam
2897 4773 3334 4846 persecutionem
3383 4770 3633 4828 occultus

1539 4947 1817 5006 VALESII
1849 4947 2404 5008 ANNOTATIONES.

453 5066 568 5136 (84)
607 5067 902 5140 Γεωρτίου
935 5066 1033 5120 καί
1061 5064 1444 5140 βεοδωρίτοτξ.
1477 5065 1535 5120 In
1554 5062 1938 5140 codic__e_Ful_te-

2057 5067 2193 5140 ritus
2241 5074 2422 5140 tamen
2475 5077 2701 5140 vocat_ur
2733 5070 2803 5124 ab
2843 5067 3147 5140 Epiphanio
3190 5066 3536 5140 scholastica
3575 5065 3631 5140 iu

381 5133 558 5208 tiauo,
585 5143 696 5208 tam
729 5133 822 5208 hic
847 5136 1115 5208 quamiin
1151 5133 1422 5204 superiori
1461 5138 1659 5208 capite,
1693 5133 1948 5188 Theodo-
2057 5137 2196 5208 libro
2225 5152 2277 5190 vt
2316 5138 2576 5193 Historia:
2615 5133 2961 5208 Tripartitie,
3018 5149 3072 5195 et
3121 5153 3152 5192 a
3213 5136 3525 5208 Nicephoro
3576 5135 3628 5186 in

380 5222 478 5289 rus
505 5205 710 5287 dicitur
756 5203 1948 5289 hicIpresbyter,inquemndulianuicomes
2057 5206 2149 5261 lib.
2184 5222 2238 5260 ιι..

381 5275 626 5331 Orientis
665 5271 914 5333 interﬁci
936 5271 1106 5346 jussit
1132 5275 1204 5331 ob
1234 5271 1391 5331 ﬁdem
1425 5275 1656 5331 Christi.
1694 5271 1949 5329 Theodo-

1825 5445 2218 5504 VARIORUM.

382 5561 574 5616 habent
630 5577 695 5617 ea:
764 5561 993 5618 Joannis
1052 5560 1416 5629 Chrysostomi
1469 5559 1707 5629 oratione
1763 5567 1951 5612 contra
2061 5553 3318 5629 b_atur)etiuTlteodoritumpresbyterunuejus
3341 5543 3628 5629 custodem,

384 5614 596 5703 ςείιὶξέ,
620 5614 1036 5703 ὗιᾳιιατιίιιίίσηὶ
1060 5614 1298 5703 bri-entia
1333 5629 1566 5703 prefect}
1593 5627 1864 5703 infestatio
1897 5631 1948 5682 in
2062 5614 2394 5694 describitur,
2461 5629 2717 5696 simulque
2747 5614 2978 5679 caelestis
3015 5621 3076 5674 de
3117 5614 3336 5674 Iuliano
3380 5614 3625 5671 ι’ἰιιάάελέιι

386 5697 722 5758 υοιηίηίσιιιιι
758 5718 977 5758 aureum
1003 5702 1101 5773 (sic
1146 5697 1467 5757 Antiocheua
1520 5697 1756 5754 Ecclesia
1803 5713 1954 5753 voca-
