4040 6216
403 297 536 355 1241

1028 411 1275 466 ΚΕΦΑΛ.
1302 414 1361 468 ι’.

404 505 541 574 Περὶ
590 505 697 560 τοῦ
746 506 917 575 ἁγίου
953 506 1318 575 Ἱλαρίωγοςί,
1352 505 1451 560 καὶ
1494 504 1615 559 τῶν
1663 505 1733 558 ἐν
1775 505 1972 575 Ἠλίου

473 577 642 629 πόλει
669 574 996 643 παρθένιον,
1025 575 1142 630 ὑπὸ
1179 574 1348 628 συῶν
1378 575 1804 642 ἀναιρεθεισῶν
1827 614 1844 636 ,
1875 574 1974 628 καὶ

475 646 606 712 περὶ
646 645 751 698 τοῦ
785 645 962 708 ξένου
1005 645 1332 713 μαρτυρίου
1373 645 1615 714 Μάρκου
1651 644 1760 698 τοῦ
1821 647 1973 714 Ἀρε-

476 715 737 768 θουσίων
759 715 1120 768 ἐπισκόπου.

485 805 574 858 Ἐν
600 805 775 873 τούτῳ
796 806 852 858 δὲ
875 806 970 859 καὶ
1007 806 1250 876 ἰλαρίων
1281 805 1510 876 μοναχὸς
1551 805 1976 874 ἐπιζητούμενος

405 896 558 968 παρὰ
584 897 692 950 τῶν
717 897 964 960 Γαζαίων
993 897 1137 967 (85),
1169 897 1367 966 ἔφυγεν
1397 898 1475 960 εἰς
1504 895 1770 949 Σικελίαν.
1806 895 1976 949 Ἔνθα

405 989 467 1058 δὴ
495 986 628 1054 ξύλα
656 987 927 1056 συλλέγων
973 988 1037 1040 ἐκ
1086 986 1196 1039 τῶν
1249 987 1468 1056 ἐρήμων
1515 985 1689 1056 ὀρῶν,
1743 985 1835 1038 καὶ
1884 986 1976 1038 ἐπὶ

405 1079 570 1150 ὤμων
603 1078 820 1148 φέρων,
853 1080 912 1132 ἐν
962 1081 1030 1149 τῇ
1071 1077 1223 1131 πόλει
1255 1077 1528 1130 διεπώλει·
1560 1079 1655 1132 καὶ
1695 1077 1818 1130 ὅσον
1850 1079 1978 1130 ἀπο-

408 1171 527 1242 ζῇνν
566 1169 739 1240 τούτῳ
765 1169 843 1240 τῷ
870 1169 1057 1240 τρόπῳ
1083 1170 1182 1240 τὴν
1214 1169 1533 1240 καθημὲραν
1555 1168 1758 1240 τροφὴν
1793 1167 1976 1239 ἐπορί-

409 1266 552 1327 ζετο.
600 1261 1020 1333 Καταμηνυθεὶς
1065 1261 1124 1315 δὲ
1186 1263 1332 1325 ὅστις
1376 1263 1460 1332 εῐη
1519 1263 1613 1314 καὶ
1666 1257 1816 1325 οἷος,
1873 1261 1979 1315 ὑπὸ

407 1351 766 1422 δαιμονῶντος
791 1351 981 1422 ἀνδρὸς
997 1350 1108 1420 (86)
1128 1352 1237 1405 τῶν
1263 1353 1568 1422 ἐπισήμων,
1600 1350 1692 1404 τοῦ
1720 1351 1979 1421 δαιμονᾷν

409 1441 568 1495 αὐτὸν
616 1439 964 1506 ἀπαλλάξας,
1001 1435 1163 1510 ἦλθεν
1223 1441 1304 1503 είς
1366 1439 1693 1510 Δαλματίαν.
1732 1437 1981 1509 Μέγιστά

408 1550 467 1586 τε
497 1532 591 1586 καὶ
619 1530 896 1602 παράδοξα
939 1532 1035 1586 σὺν
1063 1531 1184 1603 Θείᾳ
1216 1531 1445 1603 δυνάμει
1479 1531 1753 1586 κάνταῦθα
1785 1547 1982 1602 κατορ-

411 1624 622 1691 Θώσας,
665 1623 738 1686 ὡς
769 1622 862 1677 καὶ
893 1622 991 1692 τὴν
1022 1623 1296 1678 θάλασσαν
1333 1623 1466 1694 εὐχῇ
1494 1623 1686 1693 στῆσαι
1715 1621 1828 1691 (87)
1861 1633 1888 1662 ιι
1921 1619 1981 1684 ἐξ

1353 294 1684 352 HISTORIA
1725 292 2280 352 ECCLESIASTICA.
2309 326 2377 335 —
2411 294 2540 352 LIB.
2583 295 2647 352 ν.

1999 419 2053 476 Α

3502 301 3645 357 1242

2727 413 2879 470 CAP.
2913 412 2981 468 X.

2075 509 2154 563 De
2203 517 2387 564 sancto
2425 507 2719 572 Hilarione,
2764 518 2813 579 e_t
2857 509 2921 579 de
2963 507 3247 579 virginibus
3295 507 3565 579 Heliopoli
3611 528 3646 564 a

2146 580 2329 650 suibus
2373 580 2715 650 interemptis.
2767 577 2852 650 Et!
2883 577 2946 630 de
2994 577 3334 650 atrocissima
3383 577 3644 650 martyrio

2148 648 2320 702 Marci
2350 649 2746 702 Aretltusiorum
2775 648 3025 716 episcopi.

2145 801 2250 857 Per
2291 801 2436 859 idem
2477 811 2691 872 tempus
2740 801 2946 856 Hilario
2993 817 3212 871 quoque
3261 803 3566 858 monachus
3614 818 3646 858 ιι

2076 893 2284 948 Gazteis
2321 893 2606 962 quaesitus,
2641 894 2698 947 in
2733 893 2973 947 Siciliam
3013 909 3072 949 se
3102 894 3328 962 recepit.
3380 894 3457 948 lbi
3501 895 3646 964 ligna

2075 1001 2142 1040 ex
2175 985 2408 1040 desertis
2438 985 2719 1048 montibus
2747 986 3036 1056 colligens,
3067 992 3121 1040 et
3160 985 3404 1039 humeris
3435 986 3552 1040 suis
3593 986 3647 1039 in

2077 1077 2268 1131 urbem
2293 1083 2522 1146 portans
2550 1077 2854 1131 vendebat:
2884 1092 3060 1146 eoque
3099 1085 3256 1145 pacto
3285 1084 3549 1145 quantum
3582 1077 3649 1132 ad

2076 1167 2242 1220 vitam
2298 1165 2523 1230 sullicit,
2558 1168 2938 1237 quotidianum
2989 1169 3092 1223 sibi
3145 1169 3372 1238 parabat
3423 1169 3652 1224 alimen-

2076 1264 2213 1311 tum.
2246 1255 2491 1311 Tandem
2527 1273 2655 1312 vero
2689 1258 2942 1327 quisnam
2989 1265 3042 1312 et
3075 1259 3257 1326 qualis
3303 1265 3469 1322 esset,
3510 1257 3653 1311 indi-

2079 1356 2237 1403 catus
2261 1363 2288 1402 a
2316 1349 2434 1403 viro
2465 1348 2635 1404 nobili
2664 1350 2756 1418 qui
2781 1363 2808 1402 a
2833 1347 3104 1402 daemonio
3132 1349 3466 1412 vexabatur,
3503 1356 3653 1418 post-

2079 1453 2242 1507 quam
2274 1453 2398 1491 eum
2437 1438 2723 1492 immundo
2756 1439 2950 1508 spiritu
2996 1438 3306 1502 liberasset,
3346 1437 3562 1506 trajecit
3595 1438 3652 1491 in

2081 1527 2423 1580 Dalmatiam.
2458 1526 2522 1580 Et
2551 1541 2677 1581 cum
2705 1527 2816 1581 illic
2843 1543 3062 1597 quoque
3087 1528 3272 1582 divina
3308 1527 3514 1582 virtute
3545 1543 3654 1582 ma-

2080 1620 2227 1673 xima
2267 1619 2533 1673 miracula
2571 1627 2964 1689 perpetrasset,
3010 1619 3146 1674 adeo
3173 1629 3231 1674 ut
3264 1635 3412 1674 mare
3448 1620 3651 1689 ipsum,

411 1717 818 1784 ὑπονοστήσεως
861 1714 1148 1768 ἐπικλύσαι
1189 1715 1286 1785 τὴν
1320 1714 1490 1784 ξηρὰν
1518 1713 1979 1784 κατατρέχουσαν,

2087 1711 2230 1782 quod
2255 1719 2389 1766 aestu
2417 1711 2652 1780 quodam
2672 1714 2837 1767 terris
2869 1711 3656 1782 superfundebattu',oratione

414 1806 573 1860 πάλιν
624 1805 776 1859 ἐνθεν
824 1805 1184 1876 ἀνεχώρησεν.
1236 1805 1309 1858 Ού
1369 1804 1478 1873 γὰρ
1529 1803 1864 1873 καταθύμιον
1911 1799 1981 1873 ἦν

411 1893 590 1965 αὐτῷ,
616 1894 909 1965 διατρίϐειν
941 1894 1095 1966 παρὰ
1133 1896 1246 1957 τοῖς
1269 1892 1613 1948 ἐπαινοῦσινο
1653 1893 1768 1947 ἀλλ’
1798 1895 1856 1946 ἐν
1901 1893 1982 1965 τῷ

410 1987 535 2050 τοὺς
565 1987 763 2050 τόπους
791 1987 1060 2058 ἀμείϐειν,
1097 1985 1427 2040 ἐσπούδασεν
1460 1985 1656 2056 ἄδηλος
1680 1981 1817 2038 εἷναι
1843 2025 1858 2051 ,
1887 1985 1983 2039 καὶ

410 2077 508 2148 τὴν
574 2077 882 2148 κρατοῦσαν
945 2077 1088 2149 περ»
1134 2076 1299 2129 αὐτοῦ
1368 2075 1526 2140 δόξαν
1580 2075 1814 2130 διαλύειν
1863 2078 1986 2140 ταῖς

413 2170 633 2237 συχναῖς
667 2169 1038 2239 μετοικήσεσι.
1069 2167 1142 2221 Τὸ
1184 2167 1246 2238 δὴ
1291 2166 1600 2219 τελευταῖον
1654 2166 1984 2234 παραπλέων

412 2259 511 2330 τὴν
543 2260 800 2330 Κύπρον,
855 2260 1094 2331 κατῆρεν
1151 2261 1229 2323 εἰς
1289 2259 1494 2328 Πάφον.
1540 2259 1881 2330 Προτραπείς
1924 2277 1985 2313 τε

416 2352 566 2422 παρά
611 2351 706 2405 τοῦ
756 2351 878 2404 τότε
923 2350 1188 2422 Κυπρίων
1230 2350 1564 2414 ἐπισκόπου,
1595 2351 1849 2421 ἠγάπησε
1886 2353 1984 2423 τὴν

417 2443 600 2498 ἐνθάδε
637 2443 918 2514 διατριϐὴν
944 2481 958 2505 ,
1006 2443 1098 2496 καὶ
1142 2441 1272 2511 περὶ
1302 2441 1584 2512 Χάρϐυριν
1609 2441 1720 2512 (88)
1743 2483 1756 2506 ,
1789 2443 1986 2514 χωρίον

415 2531 587 2596 οὕτως
617 2531 1084 2602 ἐπονομαζόμενον
1104 2569 1119 2595 ,
1151 2531 1480 2600 ἐφιλοσόφει.
1511 2530 1618 2584 Τοῦ
1653 2532 1752 2601 μὲν
1780 2527 1873 2586 οὖν
1907 2533 1984 2603 μὴ

421 2624 764 2694 μαρτυρῆσαι
792 2621 1084 2693 τὸντᾶνδρα
1114 2621 1319 2683 τοῦτον,
1349 2623 1518 2674 αῑτιον
1548 2624 1580 2692 ἡ
1617 2623 1760 2692 φυγή
1785 2639 1798 2652 ·
1821 2622 1987 2693 ἔφυγε

418 2709 475 2764 δὲ
497 2753 511 2776 ,
544 2712 732 2767 καθότι
772 2710 1103 2784 πρόσταγμά
1152 2714 1298 2765 ἐστιν
1328 2713 1510 2782 ἱερὸν,
1543 2713 1616 2783 μὴ
1669 2715 1987 2784 περιμένειν

416 2803 542 2864 τοὺς
562 2799 853 2865 διώκοντας
871 2819 885 2832 ·
921 2802 1050 2864 εἰ.δέ
1071 2800 1322 2872 ληφθείεν
1350 2801 1685 2872 διωκόμενοι,
1710 2803 1987 2874 ἀνδρείους

419 2888 694 2959 γενέσθαι,
724 2891 818 2943 καὶ
840 2890 1119 2961 κρείττους
1147 2891 1247 2959 τῆς
1267 2889 1376 2943 τῶν
1395 2891 1694 2945 διωκόντων
1719 2893 1984 2964 ἀνάγκης.

420 2980 496 3033 Οὐ
527 2980 702 3050 παρὰ,
726 2979 906 3050 μόνοις
948 2978 1002 3032 δὲ
1032 2978 1282 3042 Γαζαίοις
1334 2979 1428 3032 καὶ
1472 2979 1878 3052 Ἀλεξανδρεῦσι
1917 2985 1987 3038 τά

2085 1816 2184 1856 sua
2234 1802 2662 1865 constrinxerit,
2711 1802 2838 1857 inde
2885 1817 3082 1856 rursus
3127 1801 3414 1856 abscessit.
3470 1795 3656 1868 Neque

2083 1895 2228 1949 enim
2273 1893 2578 1962 jucundum
2629 1893 2708 1946 illi
2763 1901 2883 1948 erat
2945 1892 3089 1962 apud
3149 1907 3244 1946 eos
3300 1891 3504 1944 morari
3559 1889 3655 1959 qui

2083 1985 2262 2054 ipsum
2299 1983 2615 2040 laudarent:
2649 1983 2744 2038 sed
2774 1984 2894 2037 loca
2937 1982 3353 2046 commutando,
3387 1982 3657 2036 obscurus

2083 2091 2228 2141 esse,
2259 2084 2314 2132 et
2361 2075 2565 2130 famam
2603 2091 2727 2146 quas
2765 2075 2840 2131 de
2880 2075 3000 2144 ipso
3045 2075 3398 2144 vulgabatur,
3444 2071 3658 2126 crebris

2084 2170 2506 2242 migrationibus
2527 2170 2779 2225 studebat
2811 2168 3054 2224 abolere.
3081 2161 3158 2221 Ad
3191 2173 3658 2228 extremum,eum

2085 2262 2322 2332 Cyprum
2355 2261 2859 2332 praeternavigaret,
2889 2260 3099 2330 appulit
3141 2256 3414 2328 Paphum.
3458 2254 3660 2309 Invita-

2084 2360 2286 2422 tusque
2331 2352 2400 2406 ab
2446 2366 2514 2407 eo
2556 2351 2651 2420 qui
2687 2359 2818 2406 tunc
2867 2351 3133 2420 temporis
3179 2349 3504 2420 Cypriorum
3542 2353 3660 2401 erat

2085 2445 2417 2513 episcopus,
2470 2441 2630 2513 195
2678 2441 2752 2495 ibi
2791 2441 2992 2510 degere
3028 2440 3324 2495 constituit
3351 2479 3367 2504 ,
3411 2449 3464 2493 et
3501 2437 3659 2507 juxta

2085 2534 2263 2589 locum
2295 2533 2392 2602 qui
2420 2531 2725 2587 Charburis
2749 2531 2979 2596 dicitur,
3008 2530 3430 2601 philos0phatus
3459 2535 3564 2583 est.
3595 2525 3660 2580 Et

2085 2625 2213 2695 fuga
2257 2625 2476 2691 quidem
2527 2623 2745 2679 obstitit
2789 2624 3086 2693 quominus
3139 2621 3230 2675 hic
3263 2621 3346 2674 vir
3395 2619 3660 2690 martyrio

2087 2715 2523 2786 perfungeretur.
2571 2713 2785 2769 Idcirco
2814 2723 2996 2769 autem
3038 2713 3197 2784 fugit,
3227 2713 3356 2784 quia
3386 2711 3482 2766 Dei
3522 2727 3661 2782 prae-

2087 2815 2300 2876 ceptum
2331 2814 2416 2862 est
2458 2822 2528 2862 ne
2571 2817 2956 2876 persecutores
3005 2813 3425 2876 exspectemus,
3455 2805 3551 2860 sed
3600 2811 3660 2858 ιιι

2087 2899 2137 2953 si
2183 2898 2566 2967 comprehensi
2619 2898 2902 2960 fuerimus,
2960 2896 3089 2951 forti
3141 2897 3330 2951 animo
3360 2897 3556 2957 simus,
3607 2902 3661 2949 et

2088 2998 2507 3059 persecuturum
2559 2988 2876 3042 violentiam
2923 3003 3269 3058 superemus.
3317 2986 3492 3041 Porro
3543 2985 3662 3040 haec

420 3070 684 3140 εἰρημένα
721 3070 861 3123 κατά
887 3069 995 3122 τῶν
1014 3069 1352 3141 Χριστιανῶν
1380 3070 1670 3142 ἐτολμήθη.
1706 3075 1987 3132 Φαίνονται

2090 3095 2212 3149 quae
2241 3095 2407 3150 supra
2441 3078 2873 3134 commemoravi
2905 3077 3173 3134 adversus
3198 3077 3550 3132 Christianos
3577 3075 3662 3129 fa-

418 3160 475 3212 δὲ
507 3159 727 3224 τούτους
752 3159 1032 3230 ὠμότητος
1076 3160 1349 3231 ὑπερϐολῇ
1385 3163 1759 3232 νενικηκότες,
1802 3167 1850 3218 οἱ
1885 3167 1986 3238 τὴν

421 3249 557 3320 πρὸς
604 3248 682 3320 τῷ
731 3248 949 3320 Λιϐάνῳ
985 3247 1326 3303 Ἡλιούπολιν
1350 3289 1366 3317 ,
1395 3250 1488 3304 καὶ⁵
1520 3249 1618 3322 τὴν
1660 3252 1986 3323 Ἀρέθουσαν

2089 3167 2314 3231 cinora,
2360 3181 2468 3220 non
2514 3165 2658 3236 apud
2701 3166 2850 3220 solos
2897 3165 3121 3222 Gazaaos
3165 3173 3219 3222 et
3265 3165 3662 3220 Alexandrinos

2092 3265 2300 3312 tentata
2331 3266 2483 3312 sunt.
2516 3257 2623 3313 Sed
2649 3257 2742 3328 qui
2777 3256 3097 3328 Heliopolim
3125 3257 3194 3313 ad
3231 3265 3474 3313 montem
3505 3257 3662 3313 Liba-

1589 3425 1858 3483 VALESII
1879 3429 2431 3490 ANNO'I‘ATIONES.

494 3519 608 3590 (85)
651 3521 1130 3590 Ἐπιζητούμενος
1160 3520 1320 3587 παρὰ
1365 3519 1482 3573 τῶν
1530 3519 1809 3578 Γαζαίων.
1845 3523 1988 3577 Idem

424 3587 1035 3662 scribitHierqnymus
1088 3592 1142 3644 in
1163 3591 1310 3662 _l’ita
1362 3590 1684 3651 Hilarionis,
1725 3605 1845 3662 cap.
1898 3593 1990 3657 28,

423 3663 510 3716 his
544 3661 727 3716 verbis
760 3679 773 3714 :
819 3659 951 3714 Urbs
979 3662 1116 3719 enim
1148 3659 1316 3723 Gaza,
1345 3669 1643 3728 postquam,
1672 3659 1904 3727 profecto
1931 3662 1994 3716 de

427 3731 724 3785 Palwstina
767 3730 1063 3798 Hilarione,
1087 3730 1338 3783 Julianus
1380 3731 1435 3783 in
1479 3729 1756 3798 imperium
1787 3747 1996 3784 succes-

423 3811 588 3864 serat,
629 3800 896 3854 destructo
937 3797 1256 3854 monasterio
1284 3799 1421 3868 ejus,
1458 3797 1698 3867 precibus
1731 3803 1995 3868 ad.impe-

425 3881 654 3924 ratorem
677 3869 838 3932 datis,
873 3880 922 3924 et
954 3869 1250 3924 Hilarionis
1277 3881 1325 3923 et
1365 3868 1612 3937 Hesychii
1649 3879 1868 3923 mortem
1891 3872 1992 3922 im-

422 3949 747 4006 petraverat:
783 3941 1034 4008 amboque
1068 3951 1121 3993 ut
1153 3952 1532 4008 qua'rerentur,
1561 3946 1668 3990 toto
1709 3940 1831 3993 orbe
1849 3939 1982 4008 scri-

424 4022 569 4078 ptum
602 4017 735 4062 erat.
766 4008 871 4063 Sed
919 4007 1064 4078 quod
1113 4007 1397 4076 subjungit
1451 4007 1810 4078 Sozomenus,
1845 4007 1995 4062 Hila-

424 4076 635 4148 rionem
672 4079 816 4133 hunc
863 4076 1068 4148 fugisse
1117 4080 1179 4148 in,
1227 4078 1490 4148 Siciliam,
1543 4076 1739 4130 falsum
1789 4089 1898 4142 est,
1945 4080 1992 4133 si

431 4147 759 4218 l-lieronymo
787 4147 1086 4204 credimus.
1137 4147 1271 4201 Nam
1324 4147 1570 4218 Hilarion
1601 4161 1689 4218 _eo
1749 4156 1995 4218 tempore

426 4219 566 4287 lugit
598 4215 784 4273 Oasim
813 4237 827 4272 :
879 4218 972 4287 ubi
1020 4219 1146 4272 anni
1178 4219 1355 4286 spatio
1386 4217 1508 4286 plus
1537 4215 1726 4287 minus
1770 4215 1992 4287 mansit,

424 4285 525 4342 nec
567 4287 671 4340 nisi
721 4298 842 4355 post
877 4286 1078 4340 Juliani
1115 4285 1464 4352 imperatoris
1497 4285 1730 4355 obitum,
1763 4285 1997 4340 Joviano

428 4354 1048 4426 imperium’obtinente,
1083 4357 1138 4410 in
1181 4357 1426 4411 Siciliam
1457 4354 1758 4422 navigavit,
1792 4364 1853 4409 ut
1894 4357 1999 4412 ibi-

426 4426 549 4496 dem
581 4427 740 4496 docet
762 4425 1148 4496 Hieronymus.

502 4495 614 4563 (86)
654 4495 799 4548 Ὑπὸ
833 4493 1233 4564 δαιμονῶντος
1256 4494 1494 4562 ἀνδρός.
1545 4495 1910 4564 Hieronymus
1944 4493 1999 4548 in

441 4564 561 4617 Vita
609 4563 940 4630 Hilarionis,
984 4581 1104 4634 cap.
1154 4567 1254 4619 ὄις
1311 4564 1588 4634 Scutarius
1633 4563 1869 4631 quidam,
1915 4565 1999 4618 in-

427 4634 564 4697 quit,
599 4650 717 4686 cum
767 4635 821 4687 in
861 4633 1082 4688 basilica
1119 4634 1180 4688 Β.
1217 4634 1364 4687 Petri
1411 4633 1592 4687 Romae
1642 4643 1994 4701 torqueretur,

427 4705 676 4758 clamavit
701 4705 754 4757 in
783 4720 842 4759 eo
875 4705 1177 4759 immundus
1217 4704 1434 4772 spiritus
1459 4720 1471 4759 :
1501 4705 1635 4758 Ante
1657 4716 1854 4771 paucos
1885 4703 1997 4756 dies

2089 3527 2333 3582 Siciliam
2381 3530 2648 3596 ingressus
2686 3533 2764 3580 est
2819 3523 3068 3578 Hilarion
3117 3539 3296 3578 servus
3340 3523 3573 3596 Christi,
3613 3533 3663 3578 et

2087 3614 2238 3651 nemo
2260 3614 2376 3650 eum
2410 3594 2574 3659 novit,
2622 3605 2670 3650 et
2703 3603 2852 3662 putat
2890 3611 2944 3648 se
2969 3610 3081 3648 esse
3117 3604 3394 3649 secretum.
3427 3594 3540 3664 Ego
3571 3610 3664 3646 ua-

2088 3667 2212 3719 dum
2237 3676 2284 3718 et
2316 3667 2538 3733 prodam
2572 3667 2744 3728 illum,
2776 3671 2884 3718 etc.

2162 3736 2276 3802 (87)
2311 3731 2430 3802 Τὴν
2456 3737 2779 3790 θάλασσαν
2813 3731 2965 3800 εὐχῇ
2990 3731 3234 3802 στῆσαι.
3263 3733 3338 3789 De
3368 3733 3469 3787 hoc
3498 3735 3664 3790 mira-

2090 3801 2216 3860 culo
2249 3801 2391 3874 quod
2429 3806 2488 3861 Β.
2526 3806 2770 3859 Hilarion
2803 3801 2944 3871 apud
2992 3801 3338 3874 Epidaurum
3378 3813 3660 3874 perpetra-

2093 3877 2190 3937 vit.
2223 3873 2490 3932 videndus
2523 3885 2606 3930 est
2636 3875 3000 3943 Hieronymus
3045 3873 3111 3943 in
3143 3874 3266 3941 ejus
3299 3873 3442 3926 Vita.
3475 3873 3527 3925 Id
3565 3886 3666 3924 au-

2095 3955 2202 4000 tem
2240 3945 2441 3999 factum
2470 3955 2554 4001 est
2582 3941 2962 3999 Valentiniano
2993 3952 3045 3996 et
3071 3941 3294 3996 Valente
3315 3955 3658 4002 coss.;anno

2095 4016 2302 4072 Christi
2336 4017 2463 4079 565,
2518 4025 2574 4070 ut
2626 4031 2692 4069 ex
2739 4012 3070 4080 llierouymo
3104 4009 3666 4082 colligiturzhb‘cribit

2094 4087 2241 4156 enim
2293 4077 2660 4156 Hiordnymus
2731 4083 2834 4135 hoc
2883 4077 3208 4156 miraculum
3238 4077 3664 4156 'abnllilarioue

2097 4155 2300 4209 factum
2353 4171 2474 4210 esse
2504 4147 2593 4209 'eo
2639 4161 2880 4220 tempore
2933 4164 3042 4217 quo
3079 4148 3439 4220 ingensilla
3491 4147 3664 4220 maris

2098 4225 2383 4278 inundatio
2397 4224 2644 4292 contigit,
2672 4215 2835 4292 paulo
2867 4215 2988 4288 post
3003 4215 3211 4273 obituin
3235 4217 3465 4292 Ju_l_ia_ni.
3491 4215 3666 4270 Porro

2101 4294 2385 4346 inundatio
2419 4294 2510 4345 illa
2547 4288 2748 4362 accidit
2785 4301 3249 4362 eouannomquem
3275 4288 3504 4362 αἰδῇ-ιιι
3531 4299 3665 4362 cpn-

2103 4371 2212 4417 stat
2240 4379 2306 4416 ex
2343 4363 2629 4414 Ammiano
2659 4357 2996 4418 Marcellino,
3029 4354 3179 4411 ét’ex
3211 4355 3391 4411 Fastis
3419 4354 3599 4409 ldatii.

2030 4427 2074 4482 Ι)
2172 4432 2284 4502 (88)
2327 4428 2812 4502 ΠερὶλΧὰρϐυριγ.
2866 4424 3146 4502 ln_codic_e
3181 4423 3664 4502 Fuketiano__scri-

2104 4492 2254 4572 ptum
2302 4492 2730 4572 Ψιῖςόιρκῐιρινἒ
2752 4495 2910 4572 Apud
2940 4493 3300 4572 Hicepliprum
3324 4509 3458 4572 vero
3477 4492 3666 4572 _Xa_tpti-

2103 4563 2246 4641 ϐριν.
2311 4563 2646 4639 Epiphanius
2699 4563 3072 4622 Scli‘olasticus
3126 4563 3421 4637 Carybdim
3477 4563 3662 4630 habet,

2105 4648 2380 4711 corrupte,
2414 4650 2473 4694 ut
2506 4647 2749 4709 apparet.

1847 4876 2234 4933 VARIORUM.

497 5012 522 5042 ι
567 5000 662 5065 Ὠς
691 4998 787 5051 καὶ
815 4995 928 5064 τὴν
948 4995 1268 5049 θάλασσαν
1294 4996 1446 5064 εὐχῇ
1474 4996 1716 5063 στῆσαι.
1749 4993 1826 5065 Ea
1854 5004 1986 5048 tem-

428 5064 649 5137 pestate,
696 5078 851 5122 terra:
892 5075 1036 5119 motu
1071 5066 1229 5137 totius
1271 5067 1434 5132 orbis,
1481 5068 1568 5137 qui
1614 5073 1730 5137 post
1776 5064 1987 5118 Juliani

429 5126 649 5193 mortem
683 5137 895 5200 accidit,
942 5136 1115 5188 maria
1153 5151 1358 5202 egressa
1390 5126 1526 5189 suni'
1557 5126 1805 5188 terminos
1840 5151 1986 5198 suos,

349 5257 358 5260 _
428 5219 477 5263 et
519 5210 672 5290 quasi
717 5222 929 5290 rursum
968 5204 1108 5290 Deus
1146 5205 1404 5284 diluvium
1449 5206 1762 5290 minaretur,
1809 5204 1885 5256 vel
1934 5205 1990 5258 in

431 5274 702 5346 antiquum
741 5277 901 5330 chaos
939 5274 1166 5328 redirent
1196 5275 1395 5346 omnia,
1426 5291 1580 5346 naues
1614 5274 1684 5337 ad
1721 5283 1990 5346 prterupta

429 5350 493 5402 de
524 5342 686 5401 latere
727 5346 982 5399 montium
1013 5345 1382 5412 pependerunt.
1419 5343 1572 5407 Quod
1599 5361 1716 5396 cum
1765 5342 1996 5396 uiderent

434 5417 807 5484 Epidauritani
831 5413 1333 5484 [rementesiﬂuctus
1372 5422 1421 5467 et
1450 5415 1717 5465 undarum
1754 5413 1914 5484 moles
1947 5424 1996 5466 et

432 5481 630 5540 montes
646 5481 910 5555 gurgitum
936 5483 1200 5537 littoribus
1223 5483 1429 5555 inferri,
1454 5494 1707 5555 verentes,
1725 5481 1862 5555 quod
1874 5483 1993 5548 jam

430 5551 664 5610 evenisse
696 5551 997 5619 cernebant,
1022 5571 1084 5608 ne
1113 5553 1359 5621 oppidum
1386 5553 1624 5620 funditus
1663 5551 1994 5621 subvertere-

435 5636 542 5687 tur,
580 5625 800 5695 ingressi
829 5635 949 5678 sunt
983 5624 1051 5676 ad
1084 5619 1255 5676 senem
1299 5619 1680 5692 [Illilarionem]
1708 5639 1726 5695 ;_
1763 5622 1994 5695 et_quasi

437 5698 506 5750 ad
535 5693 777 5764 pra‘lium
806 5695 1213 5765 proﬁciscentes,
1243 5702 1523 5762 posuerunt
1563 5708 1679 5747 eum
1710 5693 1764 5746 in
1798 5693 1990 5746 littore.

2092 4995 2197 5060 Qui
2237 5009 2353 5047 cum
2386 4992 2489 5046 tria
2524 4990 2696 5060 crucis
2728 4989 2878 5060 signa
2931 4985 3268 5060 pinrisset‘in
3311 4982 3519 5060 sabulo,
3553 4999 3668 5037 ma-

2093 5053 2292 5133 nusque
2311 5071 2496 5133 contra
2519 5053 3116 5133 tenderetfincredibile
3149 5055 3292 5106 dictu
3315 5063 3392 5106 est
3415 5053 3469 5106 in
3499 5069 3668 5133 quan-

2095 5131 2215 5187 tant
2235 5131 2568 5186 altitudinem
2606 5131 2955 5184 intumescens
2996 5141 3138 5178 mare
3186 5133 3308 5176 ante
3350 5139 3470 5176 eum
3507 5131 3668 5176 stete-

2097 5205 2197 5267 rit;
2245 5219 2306 5255 ac
2342 5200 2432 5253 diu
2468 5201 2712 5270 fremens,
2748 5206 2798 5251 et
2835 5195 2990 5270 quasi
3025 5195 3092 5247 ad
3123 5191 3653 5270 obicenhindignoans.

2097 5258 2360 5341 paulatim
2397 5258 2811 5341 in'semetipsum
2847 5258 3122 5341 'relapsusn
3154 5272 3251 5341 est.
3289 5259 3406 5341 Ηυξ
3432 5258 3668 5341 Epidau-

2100 5333 2191 5397 rus
2235 5351 2284 5395 et
2333 5342 2501 5394 omnis
2546 5333 2826 5411 illa-regio
2871 5351 3033 5411 usque
3062 5333 3666 5411 Icadio-prwdieat,_nta-

2101 5422 2304 5476 tresque
2325 5413 2512 5464 docent
2541 5410 2726 5462 liberos
2744 5402 2882 5460 'suos
2907 5402 2973 5459 ad
3017 5402 3318 5478 memoriam
3346 5402 3400 5450 in
3428 5406 3665 5478 posteros

2100 5465 2583 5535 transmittendum.
2624 5478 2991 5547 Hieronymus
3036 5473 3090 5547 i_n
3144 5467 3462 5547 l’itarsancti
3509 5465 3667 5519 Hila-

2098 5553 2282 5616 rionis,
2330 5551 2463 5605 edit.
2519 5543 2865 5621 Benedic-tiu.
2916 5543 2990 5596 De
3039 5543 3143 5621 hoc
3185 5546 3371 5621 tantem
3405 5545 3665 5621 tremule

2095 5608 2280 5678 ἰω-ηεξ
2311 5627 2365 5675 et
2409 5619 2579 5676 maris
2611 5614 2999 5676 exundatione,
3033 5609 3155 5664 vide
3185 5608 3364 5671 Socr.,
3405 5608 3543 5666 libro
3589 5621 3666 5671 ιν,

2098 5706 2219 5763 cap.
2256 5691 2308 5745 ’5.
