  <div class='ocr_page' id='page_1' title='image "/cluster/home/n/w/nwhite01/storage/ocr_20150623/67/hvd.32044020707378/627.png"; bbox 0 0 4040 6216; ppageno 0'>
   <div class='ocr_carea' id='block_1_1' title="bbox 413 317 552 374">
    <p class='ocr_par' dir='ltr' id='par_1_1' title="bbox 413 317 552 374">
     <span class='ocr_line' id='line_1_1' title="bbox 413 317 552 374; baseline -0.007 0"><span class='ocrx_word' id='word_1_1' title='bbox 413 317 552 374; x_wconf 62' lang='grc'><strong>1⁸245</strong></span> 
     </span>
    </p>
   </div>
   <div class='ocr_carea' id='block_1_2' title="bbox 1864 319 2203 379">
    <p class='ocr_par' dir='ltr' id='par_1_2' title="bbox 1864 319 2203 379">
     <span class='ocr_line' id='line_1_2' title="bbox 1864 319 2203 379; baseline -0.009 0"><span class='ocrx_word' id='word_1_2' title='bbox 1864 319 2203 379; x_wconf 81' lang='lat' dir='ltr'><strong>SOZOMENI</strong></span> 
     </span>
    </p>
   </div>
   <div class='ocr_carea' id='block_1_3' title="bbox 3533 323 3671 382">
    <p class='ocr_par' dir='ltr' id='par_1_3' title="bbox 3533 323 3671 382">
     <span class='ocr_line' id='line_1_3' title="bbox 3533 323 3671 382; baseline 0.022 -3"><span class='ocrx_word' id='word_1_3' title='bbox 3533 323 3671 382; x_wconf 63' lang='lat'><strong>12“</strong></span> 
     </span>
    </p>
   </div>
   <div class='ocr_carea' id='block_1_4' title="bbox 411 428 1992 507">
    <p class='ocr_par' dir='ltr' id='par_1_4' title="bbox 411 429 1986 507">
     <span class='ocr_line' id='line_1_4' title="bbox 411 429 1986 507; baseline -0.001 -20"><span class='ocrx_word' id='word_1_4' title='bbox 411 445 540 488; x_wconf 81' lang='lat' dir='ltr'><strong>nutu</strong></span> <span class='ocrx_word' id='word_1_5' title='bbox 572 429 759 494; x_wconf 90' lang='lat' dir='ltr'><strong>sitam,</strong></span> <span class='ocrx_word' id='word_1_6' title='bbox 789 436 843 482; x_wconf 89' lang='lat' dir='ltr'><strong>et</strong></span> <span class='ocrx_word' id='word_1_7' title='bbox 871 429 964 499; x_wconf 86' lang='lat' dir='ltr'><strong>qui</strong></span> <span class='ocrx_word' id='word_1_8' title='bbox 990 429 1320 488; x_wconf 80' lang='lat' dir='ltr'><strong>Arethusam</strong></span> <span class='ocrx_word' id='word_1_9' title='bbox 1355 431 1526 507; x_wconf 73' lang='lat' dir='ltr'><strong>Syria:</strong></span> <span class='ocrx_word' id='word_1_10' title='bbox 1553 433 1824 499; x_wconf 88' lang='lat' dir='ltr'><strong>incolunt,</strong></span> <span class='ocrx_word' id='word_1_11' title='bbox 1850 434 1986 488; x_wconf 89' lang='lat' dir='ltr'><strong>istos</strong></span> 
     </span>
    </p>
   </div>
   <div class='ocr_carea' id='block_1_5' title="bbox 2094 428 3675 507">
    <p class='ocr_par' dir='ltr' id='par_1_5' title="bbox 2094 428 3675 503">
     <span class='ocr_line' id='line_1_5' title="bbox 2094 428 3675 503; baseline 0.002 -19"><span class='ocrx_word' id='word_1_12' title='bbox 2094 433 2188 502; x_wconf 85' lang='grc' dir='ltr'><strong>τῆς</strong></span> <span class='ocrx_word' id='word_1_13' title='bbox 2219 429 2415 502; x_wconf 80' lang='grc' dir='ltr'><strong>Συρίας</strong></span> <span class='ocrx_word' id='word_1_14' title='bbox 2452 429 2744 495; x_wconf 82' lang='grc' dir='ltr'><strong>οἰκοῦντες.</strong></span> <span class='ocrx_word' id='word_1_15' title='bbox 2784 428 2848 486; x_wconf 78' lang='lat' dir='ltr'><strong>Ol</strong></span> <span class='ocrx_word' id='word_1_16' title='bbox 2897 429 2998 501; x_wconf 78' lang='grc' dir='ltr'>μὲν</span> <span class='ocrx_word' id='word_1_17' title='bbox 3041 431 3153 503; x_wconf 83' lang='grc' dir='ltr'><strong>γὰρ</strong></span> <span class='ocrx_word' id='word_1_18' title='bbox 3177 470 3193 498; x_wconf 86' lang='grc'><strong>,</strong></span> <span class='ocrx_word' id='word_1_19' title='bbox 3227 431 3459 488; x_wconf 78' lang='grc' dir='ltr'>ἄπιστον</span> <span class='ocrx_word' id='word_1_20' title='bbox 3488 434 3545 487; x_wconf 78' lang='grc' dir='ltr'>δὲ</span> <span class='ocrx_word' id='word_1_21' title='bbox 3578 435 3675 487; x_wconf 73' lang='grc' dir='ltr'>καὶ</span> 
     </span>
    </p>
   </div>
   <div class='ocr_carea' id='block_1_6' title="bbox 408 519 1988 596">
    <p class='ocr_par' dir='ltr' id='par_1_6' title="bbox 408 519 1988 596">
     <span class='ocr_line' id='line_1_6' title="bbox 408 519 1988 596; baseline 0.001 -18"><span class='ocrx_word' id='word_1_22' title='bbox 408 522 738 596; x_wconf 83' lang='lat' dir='ltr'><strong>crudelitate</strong></span> <span class='ocrx_word' id='word_1_23' title='bbox 769 519 932 592; x_wconf 89' lang='lat' dir='ltr'><strong>longe</strong></span> <span class='ocrx_word' id='word_1_24' title='bbox 958 526 1305 595; x_wconf 82' lang='lat' dir='ltr'><strong>supergressi</strong></span> <span class='ocrx_word' id='word_1_25' title='bbox 1337 524 1511 582; x_wconf 88' lang='lat' dir='ltr'><strong>fuisse</strong></span> <span class='ocrx_word' id='word_1_26' title='bbox 1543 526 1820 583; x_wconf 87' lang='lat' dir='ltr'><strong>videntur.</strong></span> <span class='ocrx_word' id='word_1_27' title='bbox 1852 525 1988 581; x_wconf 86' lang='lat' dir='ltr'><strong>Nam</strong></span> 
     </span>
    </p>
   </div>
   <div class='ocr_carea' id='block_1_7' title="bbox 357 611 1986 684">
    <p class='ocr_par' dir='ltr' id='par_1_7' title="bbox 357 611 1986 684">
     <span class='ocr_line' id='line_1_7' title="bbox 357 611 1986 684; baseline 0.003 -17"><span class='ocrx_word' id='word_1_28' title='bbox 357 631 361 636; x_wconf 62' lang='lat'><strong>‘</strong></span> <span class='ocrx_word' id='word_1_29' title='bbox 408 613 485 668; x_wconf 87' lang='lat' dir='ltr'><strong>illi</strong></span> <span class='ocrx_word' id='word_1_30' title='bbox 545 611 792 682; x_wconf 85' lang='lat' dir='ltr'><strong>quidem,</strong></span> <span class='ocrx_word' id='word_1_31' title='bbox 827 614 972 684; x_wconf 90' lang='lat' dir='ltr'><strong>quod</strong></span> <span class='ocrx_word' id='word_1_32' title='bbox 1013 613 1259 684; x_wconf 91' lang='lat' dir='ltr'><strong>profecto</strong></span> <span class='ocrx_word' id='word_1_33' title='bbox 1300 617 1623 673; x_wconf 83' lang='lat' dir='ltr'><strong>incredibile</strong></span> <span class='ocrx_word' id='word_1_34' title='bbox 1671 625 1843 681; x_wconf 80' lang='lat' dir='ltr'><strong>esset,</strong></span> <span class='ocrx_word' id='word_1_35' title='bbox 1877 617 1986 673; x_wconf 89' lang='lat' dir='ltr'><strong>nisi</strong></span> 
     </span>
    </p>
   </div>
   <div class='ocr_carea' id='block_1_8' title="bbox 407 705 1990 778">
    <p class='ocr_par' dir='ltr' id='par_1_8' title="bbox 407 705 1990 778">
     <span class='ocr_line' id='line_1_8' title="bbox 407 705 1990 778; baseline 0.004 -21"><span class='ocrx_word' id='word_1_36' title='bbox 407 705 630 775; x_wconf 84' lang='lat' dir='ltr'><strong>quidam</strong></span> <span class='ocrx_word' id='word_1_37' title='bbox 668 718 858 760; x_wconf 87' lang='lat' dir='ltr'><strong>eorum</strong></span> <span class='ocrx_word' id='word_1_38' title='bbox 895 706 989 776; x_wconf 87' lang='lat' dir='ltr'><strong>qui</strong></span> <span class='ocrx_word' id='word_1_39' title='bbox 1021 713 1154 762; x_wconf 87' lang='lat' dir='ltr'><strong>tunc</strong></span> <span class='ocrx_word' id='word_1_40' title='bbox 1178 708 1443 778; x_wconf 88' lang='lat' dir='ltr'><strong>temporis</strong></span> <span class='ocrx_word' id='word_1_41' title='bbox 1487 709 1695 770; x_wconf 80' lang='lat' dir='ltr'><strong>vixere,</strong></span> <span class='ocrx_word' id='word_1_42' title='bbox 1735 709 1791 765; x_wconf 90' lang='lat' dir='ltr'><strong>id</strong></span> <span class='ocrx_word' id='word_1_43' title='bbox 1836 724 1990 764; x_wconf 89' lang='lat' dir='ltr'><strong>com-</strong></span> 
     </span>
    </p>
   </div>
   <div class='ocr_carea' id='block_1_9' title="bbox 410 796 1989 882">
    <p class='ocr_par' dir='ltr' id='par_1_9' title="bbox 410 796 1989 882">
     <span class='ocr_line' id='line_1_9' title="bbox 410 796 1989 882; baseline 0.006 -35"><span class='ocrx_word' id='word_1_44' title='bbox 410 803 834 861; x_wconf 86' lang='lat' dir='ltr'><strong>memorassent,</strong></span> <span class='ocrx_word' id='word_1_45' title='bbox 868 805 1118 854; x_wconf 89' lang='lat' dir='ltr'><strong>sacratas</strong></span> <span class='ocrx_word' id='word_1_46' title='bbox 1162 796 1275 854; x_wconf 87' lang='lat' dir='ltr'><strong>Deo</strong></span> <span class='ocrx_word' id='word_1_47' title='bbox 1301 799 1565 870; x_wconf 73' lang='lat' dir='ltr'><strong>virgines,</strong></span> <span class='ocrx_word' id='word_1_48' title='bbox 1597 799 1798 872; x_wconf 87' lang='lat' dir='ltr'><strong>quibus</strong></span> <span class='ocrx_word' id='word_1_49' title='bbox 1832 801 1989 882; x_wconf 76' lang='lat' dir='ltr'><strong>inso-</strong></span> 
     </span>
    </p>
   </div>
   <div class='ocr_carea' id='block_1_10' title="bbox 409 886 1988 962">
    <p class='ocr_par' dir='ltr' id='par_1_10' title="bbox 409 886 1988 962">
     <span class='ocr_line' id='line_1_10' title="bbox 409 886 1988 962; baseline 0.004 -23"><span class='ocrx_word' id='word_1_50' title='bbox 409 886 529 940; x_wconf 83' lang='lat' dir='ltr'><strong>lens</strong></span> <span class='ocrx_word' id='word_1_51' title='bbox 563 895 686 941; x_wconf 90' lang='lat' dir='ltr'><strong>erat</strong></span> <span class='ocrx_word' id='word_1_52' title='bbox 716 902 745 940; x_wconf 91' lang='lat' dir='ltr'><strong>a</strong></span> <span class='ocrx_word' id='word_1_53' title='bbox 790 889 993 959; x_wconf 92' lang='lat' dir='ltr'><strong>populo</strong></span> <span class='ocrx_word' id='word_1_54' title='bbox 1040 889 1312 962; x_wconf 84' lang='lat' dir='ltr'><strong>conspici,</strong></span> <span class='ocrx_word' id='word_1_55' title='bbox 1348 893 1594 950; x_wconf 77' lang='lat' dir='ltr'><strong>vestibus</strong></span> <span class='ocrx_word' id='word_1_56' title='bbox 1643 892 1902 958; x_wconf 87' lang='lat' dir='ltr'><strong>nudatas,</strong></span> <span class='ocrx_word' id='word_1_57' title='bbox 1932 892 1988 948; x_wconf 88' lang='lat' dir='ltr'><strong>in</strong></span> 
     </span>
    </p>
   </div>
   <div class='ocr_carea' id='block_1_11' title="bbox 409 977 1992 1052">
    <p class='ocr_par' dir='ltr' id='par_1_11' title="bbox 409 977 1992 1052">
     <span class='ocr_line' id='line_1_11' title="bbox 409 977 1992 1052; baseline 0.004 -20"><span class='ocrx_word' id='word_1_58' title='bbox 409 977 632 1047; x_wconf 90' lang='lat' dir='ltr'><strong>publico</strong></span> <span class='ocrx_word' id='word_1_59' title='bbox 683 987 831 1037; x_wconf 88' lang='lat' dir='ltr'><strong>stare</strong></span> <span class='ocrx_word' id='word_1_60' title='bbox 887 990 1226 1052; x_wconf 86' lang='lat' dir='ltr'><strong>coegerunt,</strong></span> <span class='ocrx_word' id='word_1_61' title='bbox 1276 984 1341 1039; x_wconf 90' lang='lat' dir='ltr'><strong>ad</strong></span> <span class='ocrx_word' id='word_1_62' title='bbox 1394 998 1688 1041; x_wconf 88' lang='lat' dir='ltr'><strong>commune</strong></span> <span class='ocrx_word' id='word_1_63' title='bbox 1740 984 1992 1041; x_wconf 89' lang='lat' dir='ltr'><strong>omnium</strong></span> 
     </span>
    </p>
   </div>
   <div class='ocr_carea' id='block_1_12' title="bbox 411 1073 1992 1146">
    <p class='ocr_par' dir='ltr' id='par_1_12' title="bbox 411 1073 1992 1146">
     <span class='ocr_line' id='line_1_12' title="bbox 411 1073 1992 1146; baseline 0.005 -21"><span class='ocrx_word' id='word_1_64' title='bbox 411 1073 789 1140; x_wconf 75' lang='lat' dir='ltr'><strong>spectaculum</strong></span> <span class='ocrx_word' id='word_1_65' title='bbox 840 1087 905 1128; x_wconf 90' lang='lat' dir='ltr'><strong>ac</strong></span> <span class='ocrx_word' id='word_1_66' title='bbox 949 1073 1268 1130; x_wconf 85' lang='lat' dir='ltr'><strong>ludibrium.</strong></span> <span class='ocrx_word' id='word_1_67' title='bbox 1319 1074 1566 1146; x_wconf 87' lang='lat' dir='ltr'><strong>Cumque</strong></span> <span class='ocrx_word' id='word_1_68' title='bbox 1605 1076 1754 1132; x_wconf 89' lang='lat' dir='ltr'><strong>omni</strong></span> <span class='ocrx_word' id='word_1_69' title='bbox 1796 1085 1992 1132; x_wconf 89' lang='lat' dir='ltr'><strong>contu-</strong></span> 
     </span>
    </p>
   </div>
   <div class='ocr_carea' id='block_1_13' title="bbox 413 1165 1993 1237">
    <p class='ocr_par' dir='ltr' id='par_1_13' title="bbox 413 1165 1993 1237">
     <span class='ocr_line' id='line_1_13' title="bbox 413 1165 1993 1237; baseline 0.004 -20"><span class='ocrx_word' id='word_1_70' title='bbox 413 1165 588 1218; x_wconf 72' lang='lat' dir='ltr'><strong>meliae</strong></span> <span class='ocrx_word' id='word_1_71' title='bbox 616 1179 817 1236; x_wconf 79' lang='lat' dir='ltr'><strong>genere</strong></span> <span class='ocrx_word' id='word_1_72' title='bbox 847 1180 944 1221; x_wconf 89' lang='lat' dir='ltr'><strong>eas</strong></span> <span class='ocrx_word' id='word_1_73' title='bbox 993 1167 1148 1237; x_wconf 82' lang='lat' dir='ltr'><strong>prius</strong></span> <span class='ocrx_word' id='word_1_74' title='bbox 1179 1167 1513 1234; x_wconf 80' lang='lat' dir='ltr'><strong>aﬂ‘ecissent,</strong></span> <span class='ocrx_word' id='word_1_75' title='bbox 1545 1169 1768 1226; x_wconf 87' lang='lat' dir='ltr'><strong>tandem</strong></span> <span class='ocrx_word' id='word_1_76' title='bbox 1811 1169 1993 1225; x_wconf 86' lang='lat' dir='ltr'><strong>decal-</strong></span> 
     </span>
    </p>
   </div>
   <div class='ocr_carea' id='block_1_14' title="bbox 413 1256 1992 1325">
    <p class='ocr_par' dir='ltr' id='par_1_14' title="bbox 413 1256 1992 1325">
     <span class='ocr_line' id='line_1_14' title="bbox 413 1256 1992 1325; baseline 0.004 -18"><span class='ocrx_word' id='word_1_77' title='bbox 413 1263 652 1310; x_wconf 88' lang='lat' dir='ltr'><strong>varunt:</strong></span> <span class='ocrx_word' id='word_1_78' title='bbox 695 1263 752 1310; x_wconf 90' lang='lat' dir='ltr'><strong>et</strong></span> <span class='ocrx_word' id='word_1_79' title='bbox 801 1256 1014 1312; x_wconf 87' lang='lat' dir='ltr'><strong>medias</strong></span> <span class='ocrx_word' id='word_1_80' title='bbox 1043 1257 1408 1325; x_wconf 89' lang='lat' dir='ltr'><strong>dissecantes,</strong></span> <span class='ocrx_word' id='word_1_81' title='bbox 1446 1259 1514 1315; x_wconf 90' lang='lat' dir='ltr'><strong>ad</strong></span> <span class='ocrx_word' id='word_1_82' title='bbox 1557 1260 1769 1315; x_wconf 81' lang='lat' dir='ltr'><strong>viscera</strong></span> <span class='ocrx_word' id='word_1_83' title='bbox 1802 1274 1992 1315; x_wconf 90' lang='lat' dir='ltr'><strong>earum</strong></span> 
     </span>
    </p>
   </div>
   <div class='ocr_carea' id='block_1_15' title="bbox 413 1343 1994 1416">
    <p class='ocr_par' dir='ltr' id='par_1_15' title="bbox 413 1343 1994 1416">
     <span class='ocr_line' id='line_1_15' title="bbox 413 1343 1994 1416; baseline 0.004 -18"><span class='ocrx_word' id='word_1_84' title='bbox 413 1343 732 1399; x_wconf 81' lang='lat' dir='ltr'><strong>devoranda</strong></span> <span class='ocrx_word' id='word_1_85' title='bbox 757 1358 957 1414; x_wconf 88' lang='lat' dir='ltr'><strong>porcos</strong></span> <span class='ocrx_word' id='word_1_86' title='bbox 989 1356 1398 1416; x_wconf 86' lang='lat' dir='ltr'><strong>provocarunt;</strong></span> <span class='ocrx_word' id='word_1_87' title='bbox 1439 1349 1564 1405; x_wconf 91' lang='lat' dir='ltr'><strong>cibo</strong></span> <span class='ocrx_word' id='word_1_88' title='bbox 1592 1349 1704 1406; x_wconf 88' lang='lat' dir='ltr'><strong>illis</strong></span> <span class='ocrx_word' id='word_1_89' title='bbox 1727 1359 1994 1406; x_wconf 87' lang='lat' dir='ltr'><strong>consueto</strong></span> 
     </span>
    </p>
   </div>
   <div class='ocr_carea' id='block_1_16' title="bbox 414 1433 1994 1511">
    <p class='ocr_par' dir='ltr' id='par_1_16' title="bbox 414 1433 1994 1511">
     <span class='ocr_line' id='line_1_16' title="bbox 414 1433 1994 1511; baseline 0.003 -21"><span class='ocrx_word' id='word_1_90' title='bbox 414 1433 762 1503; x_wconf 85' lang='lat' dir='ltr'><strong>superficiem</strong></span> <span class='ocrx_word' id='word_1_91' title='bbox 804 1436 1079 1492; x_wconf 76' lang='lat' dir='ltr'><strong>viscerum</strong></span> <span class='ocrx_word' id='word_1_92' title='bbox 1122 1437 1198 1492; x_wconf 85' lang='lat' dir='ltr'><strong>ita</strong></span> <span class='ocrx_word' id='word_1_93' title='bbox 1239 1439 1574 1508; x_wconf 86' lang='lat' dir='ltr'><strong>operientes,</strong></span> <span class='ocrx_word' id='word_1_94' title='bbox 1607 1447 1667 1495; x_wconf 91' lang='lat' dir='ltr'><strong>ut</strong></span> <span class='ocrx_word' id='word_1_95' title='bbox 1697 1439 1848 1511; x_wconf 85' lang='lat' dir='ltr'><strong>porci</strong></span> <span class='ocrx_word' id='word_1_96' title='bbox 1886 1454 1994 1495; x_wconf 91' lang='lat' dir='ltr'><strong>non</strong></span> 
     </span>
    </p>
   </div>
   <div class='ocr_carea' id='block_1_17' title="bbox 415 1523 1993 1600">
    <p class='ocr_par' dir='ltr' id='par_1_17' title="bbox 415 1523 1993 1600">
     <span class='ocr_line' id='line_1_17' title="bbox 415 1523 1993 1600; baseline 0.004 -21"><span class='ocrx_word' id='word_1_97' title='bbox 415 1523 574 1580; x_wconf 81' lang='lat' dir='ltr'><strong>facile</strong></span> <span class='ocrx_word' id='word_1_98' title='bbox 610 1526 1072 1593; x_wconf 82' lang='lat' dir='ltr'><strong>internoscerent,</strong></span> <span class='ocrx_word' id='word_1_99' title='bbox 1099 1527 1196 1584; x_wconf 89' lang='lat' dir='ltr'><strong>sed</strong></span> <span class='ocrx_word' id='word_1_100' title='bbox 1227 1537 1558 1585; x_wconf 89' lang='lat' dir='ltr'><strong>consuetum</strong></span> <span class='ocrx_word' id='word_1_101' title='bbox 1586 1530 1770 1586; x_wconf 89' lang='lat' dir='ltr'><strong>cibum</strong></span> <span class='ocrx_word' id='word_1_102' title='bbox 1825 1545 1993 1600; x_wconf 84' lang='lat' dir='ltr'><strong>appe-</strong></span> 
     </span>
    </p>
   </div>
   <div class='ocr_carea' id='block_1_18' title="bbox 415 1619 1996 1693">
    <p class='ocr_par' dir='ltr' id='par_1_18' title="bbox 415 1619 1996 1693">
     <span class='ocr_line' id='line_1_18' title="bbox 415 1619 1996 1693; baseline 0.005 -23"><span class='ocrx_word' id='word_1_103' title='bbox 415 1623 616 1680; x_wconf 88' lang='lat' dir='ltr'><strong>tentes,</strong></span> <span class='ocrx_word' id='word_1_104' title='bbox 647 1620 964 1676; x_wconf 89' lang='lat' dir='ltr'><strong>necessario</strong></span> <span class='ocrx_word' id='word_1_105' title='bbox 991 1619 1262 1676; x_wconf 85' lang='lat' dir='ltr'><strong>humanas</strong></span> <span class='ocrx_word' id='word_1_106' title='bbox 1289 1621 1458 1676; x_wconf 89' lang='lat' dir='ltr'><strong>etiam</strong></span> <span class='ocrx_word' id='word_1_107' title='bbox 1490 1637 1689 1678; x_wconf 86' lang='lat' dir='ltr'><strong>carnes</strong></span> <span class='ocrx_word' id='word_1_108' title='bbox 1715 1621 1996 1693; x_wconf 84' lang='lat' dir='ltr'><strong>discerpe-</strong></span> 
     </span>
    </p>
   </div>
   <div class='ocr_carea' id='block_1_19' title="bbox 2091 520 3677 595">
    <p class='ocr_par' dir='ltr' id='par_1_19' title="bbox 2091 520 3677 595">
     <span class='ocr_line' id='line_1_19' title="bbox 2091 520 3677 595; baseline 0.003 -21"><span class='ocrx_word' id='word_1_109' title='bbox 2091 521 2293 591; x_wconf 83' lang='grc' dir='ltr'>λέγειν,</span> <span class='ocrx_word' id='word_1_110' title='bbox 2313 522 2361 574; x_wconf 81' lang='lat' dir='ltr'><strong>si</strong></span> <span class='ocrx_word' id='word_1_111' title='bbox 2393 522 2465 594; x_wconf 89' lang='grc' dir='ltr'><strong>μή</strong></span> <span class='ocrx_word' id='word_1_112' title='bbox 2490 537 2633 586; x_wconf 88' lang='grc' dir='ltr'>τινες</span> <span class='ocrx_word' id='word_1_113' title='bbox 2658 520 2768 575; x_wconf 83' lang='grc' dir='ltr'><strong>τῶν</strong></span> <span class='ocrx_word' id='word_1_114' title='bbox 2794 521 2912 576; x_wconf 86' lang='grc' dir='ltr'>κατ’</span> <span class='ocrx_word' id='word_1_115' title='bbox 2944 523 3123 576; x_wconf 84' lang='grc' dir='ltr'>ἐκεῖνο</span> <span class='ocrx_word' id='word_1_116' title='bbox 3145 523 3340 595; x_wconf 81' lang='grc' dir='ltr'><strong>καιροῦ</strong></span> <span class='ocrx_word' id='word_1_117' title='bbox 3371 525 3677 594; x_wconf 78' lang='grc' dir='ltr'><strong>γεγονότων</strong></span> 
     </span>
    </p>
   </div>
   <div class='ocr_carea' id='block_1_20' title="bbox 2092 612 3680 689">
    <p class='ocr_par' dir='ltr' id='par_1_20' title="bbox 2092 612 3680 689">
     <span class='ocr_line' id='line_1_20' title="bbox 2092 612 3680 689; baseline 0.003 -22"><span class='ocrx_word' id='word_1_118' title='bbox 2092 613 2457 684; x_wconf 73' lang='grc' dir='ltr'>ὰνήγγειλανο</span> <span class='ocrx_word' id='word_1_119' title='bbox 2488 612 2786 686; x_wconf 83' lang='grc' dir='ltr'>παρθένους</span> <span class='ocrx_word' id='word_1_120' title='bbox 2836 613 2986 685; x_wconf 82' lang='grc' dir='ltr'>ἱερὰς</span> <span class='ocrx_word' id='word_1_121' title='bbox 3031 615 3220 688; x_wconf 83' lang='grc' dir='ltr'><strong>ἀήθεις</strong></span> <span class='ocrx_word' id='word_1_122' title='bbox 3259 617 3489 688; x_wconf 81' lang='grc' dir='ltr'>δρᾶσθαι</span> <span class='ocrx_word' id='word_1_123' title='bbox 3523 617 3680 689; x_wconf 73' lang='grc' dir='ltr'>παρὰ</span> 
     </span>
    </p>
   </div>
   <div class='ocr_carea' id='block_1_21' title="bbox 2093 705 3678 780">
    <p class='ocr_par' dir='ltr' id='par_1_21' title="bbox 2093 705 3678 780">
     <span class='ocr_line' id='line_1_21' title="bbox 2093 705 3678 780; baseline 0.003 -23"><span class='ocrx_word' id='word_1_124' title='bbox 2093 705 2362 776; x_wconf 75' lang='grc' dir='ltr'><strong>πλήθους,</strong></span> <span class='ocrx_word' id='word_1_125' title='bbox 2388 705 2623 777; x_wconf 75' lang='grc' dir='ltr'>δημοσία</span> <span class='ocrx_word' id='word_1_126' title='bbox 2665 705 2876 777; x_wconf 74' lang='grc' dir='ltr'>γυμνὰς</span> <span class='ocrx_word' id='word_1_127' title='bbox 2913 706 3140 774; x_wconf 87' lang='grc' dir='ltr'>ἐσθῆτος</span> <span class='ocrx_word' id='word_1_128' title='bbox 3177 709 3432 763; x_wconf 72' lang='grc' dir='ltr'><strong>ἵστασθαι</strong></span> <span class='ocrx_word' id='word_1_129' title='bbox 3465 727 3678 780; x_wconf 84' lang='grc' dir='ltr'>κατην-</span> 
     </span>
    </p>
   </div>
   <div class='ocr_carea' id='block_1_22' title="bbox 2092 795 3681 870">
    <p class='ocr_par' dir='ltr' id='par_1_22' title="bbox 2092 795 3681 870">
     <span class='ocr_line' id='line_1_22' title="bbox 2092 795 3681 870; baseline 0.002 -20"><span class='ocrx_word' id='word_1_130' title='bbox 2092 795 2360 866; x_wconf 77' lang='grc' dir='ltr'>αγκασαν,</span> <span class='ocrx_word' id='word_1_131' title='bbox 2386 797 2465 860; x_wconf 76' lang='grc' dir='ltr'>εἰς</span> <span class='ocrx_word' id='word_1_132' title='bbox 2503 795 2677 852; x_wconf 81' lang='grc' dir='ltr'>κοινὸν</span> <span class='ocrx_word' id='word_1_133' title='bbox 2708 796 2816 850; x_wconf 85' lang='grc' dir='ltr'><strong>τῶν</strong></span> <span class='ocrx_word' id='word_1_134' title='bbox 2847 797 3193 868; x_wconf 83' lang='grc' dir='ltr'><strong>βουλομένων</strong></span> <span class='ocrx_word' id='word_1_135' title='bbox 3228 797 3459 870; x_wconf 83' lang='grc' dir='ltr'>θέατρόν</span> <span class='ocrx_word' id='word_1_136' title='bbox 3486 816 3548 853; x_wconf 89' lang='grc' dir='ltr'><strong>τε</strong></span> <span class='ocrx_word' id='word_1_137' title='bbox 3576 800 3681 853; x_wconf 73' lang='grc' dir='ltr'><strong>καὶ</strong></span> 
     </span>
    </p>
   </div>
   <div class='ocr_carea' id='block_1_23' title="bbox 2094 883 3681 965">
    <p class='ocr_par' dir='ltr' id='par_1_23' title="bbox 2094 883 3681 965">
     <span class='ocr_line' id='line_1_23' title="bbox 2094 883 3681 965; baseline 0.004 -26"><span class='ocrx_word' id='word_1_138' title='bbox 2094 884 2254 956; x_wconf 74' lang='grc' dir='ltr'>ὓϐριν</span> <span class='ocrx_word' id='word_1_139' title='bbox 2276 903 2288 916; x_wconf 93' lang='grc'><strong>·</strong></span> <span class='ocrx_word' id='word_1_140' title='bbox 2325 887 2829 958; x_wconf 83' lang='grc' dir='ltr'>ἐμπαροινήσαντες</span> <span class='ocrx_word' id='word_1_141' title='bbox 2871 887 2928 941; x_wconf 85' lang='grc' dir='ltr'><strong>δέ</strong></span> <span class='ocrx_word' id='word_1_142' title='bbox 2976 888 3244 960; x_wconf 83' lang='grc' dir='ltr'>πρότερον</span> <span class='ocrx_word' id='word_1_143' title='bbox 3363 891 3540 945; x_wconf 87' lang='grc' dir='ltr'>ἐδόκει</span> <span class='ocrx_word' id='word_1_144' title='bbox 3562 929 3578 956; x_wconf 85' lang='grc'><strong>,</strong></span> <span class='ocrx_word' id='word_1_145' title='bbox 3612 891 3681 944; x_wconf 72' lang='grc' dir='ltr'><strong>τὸ</strong></span> 
     </span>
    </p>
   </div>
   <div class='ocr_carea' id='block_1_24' title="bbox 2089 977 3680 1054">
    <p class='ocr_par' dir='ltr' id='par_1_24' title="bbox 2089 977 3680 1054">
     <span class='ocr_line' id='line_1_24' title="bbox 2089 977 3680 1054; baseline 0.004 -23"><span class='ocrx_word' id='word_1_146' title='bbox 2089 977 2399 1032; x_wconf 86' lang='grc' dir='ltr'>τελευταῖον</span> <span class='ocrx_word' id='word_1_147' title='bbox 2448 977 2728 1050; x_wconf 81' lang='grc' dir='ltr'>ἀνέκειρον</span> <span class='ocrx_word' id='word_1_148' title='bbox 2777 979 2946 1044; x_wconf 83' lang='grc' dir='ltr'>αὑτάς</span> <span class='ocrx_word' id='word_1_149' title='bbox 2972 979 3086 1051; x_wconf 87' lang='lat'><strong>(89)</strong></span> <span class='ocrx_word' id='word_1_150' title='bbox 3113 997 3126 1012; x_wconf 78' lang='lat'><strong>‘</strong></span> <span class='ocrx_word' id='word_1_151' title='bbox 3165 982 3260 1035; x_wconf 81' lang='grc' dir='ltr'>καὶ</span> <span class='ocrx_word' id='word_1_152' title='bbox 3302 982 3428 1054; x_wconf 87' lang='grc' dir='ltr'>διχῆ</span> <span class='ocrx_word' id='word_1_153' title='bbox 3475 985 3680 1039; x_wconf 78' lang='grc' dir='ltr'>ἀνατε-</span> 
     </span>
    </p>
   </div>
   <div class='ocr_carea' id='block_1_25' title="bbox 2095 1066 3682 1144">
    <p class='ocr_par' dir='ltr' id='par_1_25' title="bbox 2095 1066 3682 1144">
     <span class='ocr_line' id='line_1_25' title="bbox 2095 1066 3682 1144; baseline 0.005 -23"><span class='ocrx_word' id='word_1_154' title='bbox 2095 1068 2286 1140; x_wconf 87' lang='grc' dir='ltr'>μόντες</span> <span class='ocrx_word' id='word_1_155' title='bbox 2302 1108 2318 1134; x_wconf 86' lang='grc'><strong>,</strong></span> <span class='ocrx_word' id='word_1_156' title='bbox 2347 1067 2440 1122; x_wconf 74' lang='grc' dir='ltr'>ἐπὶ</span> <span class='ocrx_word' id='word_1_157' title='bbox 2468 1067 2567 1139; x_wconf 85' lang='grc' dir='ltr'>τὴν</span> <span class='ocrx_word' id='word_1_158' title='bbox 2597 1066 2803 1140; x_wconf 83' lang='grc' dir='ltr'>βρῶσιν</span> <span class='ocrx_word' id='word_1_159' title='bbox 2825 1069 2936 1125; x_wconf 86' lang='grc' dir='ltr'>τῶν</span> <span class='ocrx_word' id='word_1_160' title='bbox 2955 1071 3206 1140; x_wconf 82' lang='grc' dir='ltr'>ἐγκάτων</span> <span class='ocrx_word' id='word_1_161' title='bbox 3231 1073 3682 1144; x_wconf 86' lang='grc' dir='ltr'>προσεκαλοῦντο</span> 
     </span>
    </p>
   </div>
   <div class='ocr_carea' id='block_1_26' title="bbox 2091 1158 3683 1236">
    <p class='ocr_par' dir='ltr' id='par_1_26' title="bbox 2091 1158 3683 1236">
     <span class='ocr_line' id='line_1_26' title="bbox 2091 1158 3683 1236; baseline 0.006 -25"><span class='ocrx_word' id='word_1_162' title='bbox 2091 1159 2218 1222; x_wconf 76' lang='grc' dir='ltr'>τοὺς</span> <span class='ocrx_word' id='word_1_163' title='bbox 2264 1158 2477 1231; x_wconf 78' lang='grc' dir='ltr'><strong>χοίρους</strong></span> <span class='ocrx_word' id='word_1_164' title='bbox 2501 1197 2517 1224; x_wconf 90' lang='grc'><strong>,</strong></span> <span class='ocrx_word' id='word_1_165' title='bbox 2555 1158 2772 1230; x_wconf 84' lang='grc' dir='ltr'><strong>συνήθει</strong></span> <span class='ocrx_word' id='word_1_166' title='bbox 2807 1160 3020 1224; x_wconf 79' lang='grc' dir='ltr'><strong>τούτοις</strong></span> <span class='ocrx_word' id='word_1_167' title='bbox 3065 1165 3241 1235; x_wconf 77' lang='grc' dir='ltr'>τροφῇ</span> <span class='ocrx_word' id='word_1_168' title='bbox 3291 1164 3562 1236; x_wconf 75' lang='grc' dir='ltr'><strong>ἐπιπολῆς</strong></span> <span class='ocrx_word' id='word_1_169' title='bbox 3602 1166 3683 1222; x_wconf 78' lang='grc' dir='ltr'>τὰ</span> 
     </span>
    </p>
   </div>
   <div class='ocr_carea' id='block_1_27' title="bbox 2095 1245 3682 1324">
    <p class='ocr_par' dir='ltr' id='par_1_27' title="bbox 2095 1245 3682 1324">
     <span class='ocr_line' id='line_1_27' title="bbox 2095 1245 3682 1324; baseline 0.006 -24"><span class='ocrx_word' id='word_1_170' title='bbox 2095 1247 2378 1318; x_wconf 81' lang='grc' dir='ltr'>σπλάγχνα</span> <span class='ocrx_word' id='word_1_171' title='bbox 2429 1245 2803 1316; x_wconf 80' lang='grc' dir='ltr'><strong>καλύψαντες,</strong></span> <span class='ocrx_word' id='word_1_172' title='bbox 2847 1247 2991 1304; x_wconf 85' lang='grc' dir='ltr'>ὥστε</span> <span class='ocrx_word' id='word_1_173' title='bbox 3054 1251 3131 1322; x_wconf 79' lang='grc' dir='ltr'>μὴ</span> <span class='ocrx_word' id='word_1_174' title='bbox 3183 1252 3383 1324; x_wconf 71' lang='grc' dir='ltr'>ῥαδίως</span> <span class='ocrx_word' id='word_1_175' title='bbox 3434 1257 3565 1319; x_wconf 77' lang='grc' dir='ltr'>τοὺς</span> <span class='ocrx_word' id='word_1_176' title='bbox 3607 1249 3682 1320; x_wconf 79' lang='grc' dir='ltr'><strong>ὗς</strong></span> 
     </span>
    </p>
   </div>
   <div class='ocr_carea' id='block_1_28' title="bbox 2091 1335 3681 1415">
    <p class='ocr_par' dir='ltr' id='par_1_28' title="bbox 2091 1335 3681 1415">
     <span class='ocr_line' id='line_1_28' title="bbox 2091 1335 3681 1415; baseline 0.014 -29"><span class='ocrx_word' id='word_1_177' title='bbox 2091 1335 2422 1408; x_wconf 81' lang='grc' dir='ltr'><strong>διακρίνειν,</strong></span> <span class='ocrx_word' id='word_1_178' title='bbox 2456 1335 2571 1389; x_wconf 79' lang='grc' dir='ltr'>ἀλλ’</span> <span class='ocrx_word' id='word_1_179' title='bbox 2608 1335 2669 1400; x_wconf 82' lang='grc' dir='ltr'>ἐξ</span> <span class='ocrx_word' id='word_1_180' title='bbox 2717 1337 2964 1409; x_wconf 81' lang='grc' dir='ltr'><strong>ἀνάγκης</strong></span> <span class='ocrx_word' id='word_1_181' title='bbox 3012 1339 3115 1410; x_wconf 82' lang='grc' dir='ltr'>τῆς</span> <span class='ocrx_word' id='word_1_182' title='bbox 3149 1341 3414 1412; x_wconf 82' lang='grc' dir='ltr'><strong>συνήθους</strong></span> <span class='ocrx_word' id='word_1_183' title='bbox 3464 1346 3681 1415; x_wconf 81' lang='grc' dir='ltr'>τροφῆς</span> 
     </span>
    </p>
   </div>
   <div class='ocr_carea' id='block_1_29' title="bbox 2093 1428 3681 1502">
    <p class='ocr_par' dir='ltr' id='par_1_29' title="bbox 2093 1428 3681 1502">
     <span class='ocr_line' id='line_1_29' title="bbox 2093 1428 3681 1502; baseline 0.004 -22"><span class='ocrx_word' id='word_1_184' title='bbox 2093 1428 2449 1498; x_wconf 77' lang='grc' dir='ltr'><strong>ὀρεγομένους</strong></span> <span class='ocrx_word' id='word_1_185' title='bbox 2473 1467 2489 1493; x_wconf 89' lang='grc'><strong>,</strong></span> <span class='ocrx_word' id='word_1_186' title='bbox 2519 1429 2614 1484; x_wconf 74' lang='grc' dir='ltr'>καὶ</span> <span class='ocrx_word' id='word_1_187' title='bbox 2639 1429 2708 1483; x_wconf 83' lang='grc' dir='ltr'>τὰ</span> <span class='ocrx_word' id='word_1_188' title='bbox 2739 1428 3011 1502; x_wconf 75' lang='grc' dir='ltr'>ἀνδρόμεα</span> <span class='ocrx_word' id='word_1_189' title='bbox 3031 1430 3169 1501; x_wconf 84' lang='grc' dir='ltr'>κρέα</span> <span class='ocrx_word' id='word_1_190' title='bbox 3191 1432 3548 1502; x_wconf 78' lang='grc' dir='ltr'>σπαράττειν.</span> <span class='ocrx_word' id='word_1_191' title='bbox 3585 1435 3681 1499; x_wconf 79' lang='grc' dir='ltr'>Ὧς</span> 
     </span>
    </p>
   </div>
   <div class='ocr_carea' id='block_1_30' title="bbox 2093 1518 3682 1596">
    <p class='ocr_par' dir='ltr' id='par_1_30' title="bbox 2093 1518 3682 1596">
     <span class='ocr_line' id='line_1_30' title="bbox 2093 1518 3682 1596; baseline 0.004 -25"><span class='ocrx_word' id='word_1_192' title='bbox 2093 1518 2149 1571; x_wconf 80' lang='grc' dir='ltr'>δὲ</span> <span class='ocrx_word' id='word_1_193' title='bbox 2174 1518 2486 1588; x_wconf 75' lang='grc' dir='ltr'>συμϐάλλω,</span> <span class='ocrx_word' id='word_1_194' title='bbox 2513 1521 2592 1584; x_wconf 78' lang='grc' dir='ltr'>εἰς</span> <span class='ocrx_word' id='word_1_195' title='bbox 2620 1520 2887 1591; x_wconf 79' lang='grc' dir='ltr'><strong>τοσαύτην</strong></span> <span class='ocrx_word' id='word_1_196' title='bbox 2907 1521 3167 1595; x_wconf 80' lang='grc' dir='ltr'>ὠμότητα</span> <span class='ocrx_word' id='word_1_197' title='bbox 3192 1524 3335 1578; x_wconf 74' lang='grc' dir='ltr'>κατὰ</span> <span class='ocrx_word' id='word_1_198' title='bbox 3365 1523 3476 1578; x_wconf 84' lang='grc' dir='ltr'><strong>τῶν</strong></span> <span class='ocrx_word' id='word_1_199' title='bbox 3508 1524 3682 1596; x_wconf 79' lang='grc' dir='ltr'>ιερῶν</span> 
     </span>
    </p>
   </div>
   <div class='ocr_carea' id='block_1_31' title="bbox 2095 1609 3682 1686">
    <p class='ocr_par' dir='ltr' id='par_1_31' title="bbox 2095 1609 3682 1686">
     <span class='ocr_line' id='line_1_31' title="bbox 2095 1609 3682 1686; baseline 0.005 -24"><span class='ocrx_word' id='word_1_200' title='bbox 2095 1609 2380 1682; x_wconf 80' lang='grc' dir='ltr'>παρθένων</span> <span class='ocrx_word' id='word_1_201' title='bbox 2432 1612 2712 1683; x_wconf 81' lang='grc' dir='ltr'>προήγαγε</span> <span class='ocrx_word' id='word_1_202' title='bbox 2759 1612 2887 1676; x_wconf 79' lang='grc' dir='ltr'>τοὺς</span> <span class='ocrx_word' id='word_1_203' title='bbox 2927 1611 3364 1681; x_wconf 79' lang='grc' dir='ltr'>Ἦλιουπολίτας,</span> <span class='ocrx_word' id='word_1_204' title='bbox 3413 1614 3476 1668; x_wconf 82' lang='grc' dir='ltr'><strong>τὸ</strong></span> <span class='ocrx_word' id='word_1_205' title='bbox 3507 1615 3682 1686; x_wconf 76' lang='grc' dir='ltr'>λυθῆο</span> 
     </span>
    </p>
   </div>
   <div class='ocr_carea' id='block_1_32' title="bbox 415 1696 1992 1780">
    <p class='ocr_par' dir='ltr' id='par_1_32' title="bbox 415 1696 1992 1780">
     <span class='ocr_line' id='line_1_32' title="bbox 415 1696 1992 1780; baseline 0.005 -19"><span class='ocrx_word' id='word_1_206' title='bbox 415 1716 558 1762; x_wconf 88' lang='lat' dir='ltr'><strong>rent.</strong></span> <span class='ocrx_word' id='word_1_207' title='bbox 609 1706 787 1764; x_wconf 90' lang='lat' dir='ltr'><strong>Porro</strong></span> <span class='ocrx_word' id='word_1_208' title='bbox 834 1708 1174 1780; x_wconf 68' lang='lat' dir='ltr'><strong>Heliopolitae</strong></span> <span class='ocrx_word' id='word_1_209' title='bbox 1214 1696 1280 1764; x_wconf 77' lang='lat' dir='ltr'><strong>ad</strong></span> <span class='ocrx_word' id='word_1_210' title='bbox 1326 1710 1469 1768; x_wconf 86' lang='lat' dir='ltr'><strong>hanc</strong></span> <span class='ocrx_word' id='word_1_211' title='bbox 1503 1710 1768 1770; x_wconf 89' lang='lat' dir='ltr'><strong>adversus</strong></span> <span class='ocrx_word' id='word_1_212' title='bbox 1805 1727 1992 1770; x_wconf 85' lang='lat' dir='ltr'><strong>sacras</strong></span> 
     </span>
    </p>
   </div>
   <div class='ocr_carea' id='block_1_33' title="bbox 2094 1696 3682 1780">
    <p class='ocr_par' dir='ltr' id='par_1_33' title="bbox 2097 1698 3682 1780">
     <span class='ocr_line' id='line_1_33' title="bbox 2097 1698 3682 1780; baseline 0.005 -27"><span class='ocrx_word' id='word_1_213' title='bbox 2097 1718 2186 1753; x_wconf 88' lang='grc' dir='ltr'>ναι.</span> <span class='ocrx_word' id='word_1_214' title='bbox 2215 1701 2267 1766; x_wconf 72' lang='grc' dir='ltr'><strong>ι),</strong></span> <span class='ocrx_word' id='word_1_215' title='bbox 2327 1699 2462 1755; x_wconf 74' lang='grc' dir='ltr'>καθὸ</span> <span class='ocrx_word' id='word_1_216' title='bbox 2509 1702 2736 1772; x_wconf 80' lang='grc' dir='ltr'>πάτριον</span> <span class='ocrx_word' id='word_1_217' title='bbox 2782 1698 2852 1774; x_wconf 79' lang='grc' dir='ltr'>ἦν</span> <span class='ocrx_word' id='word_1_218' title='bbox 2903 1703 3088 1766; x_wconf 84' lang='grc' dir='ltr'>αὐτοῖς</span> <span class='ocrx_word' id='word_1_219' title='bbox 3141 1704 3440 1776; x_wconf 83' lang='grc' dir='ltr'>πρότερον,</span> <span class='ocrx_word' id='word_1_220' title='bbox 3474 1707 3682 1780; x_wconf 74' lang='grc' dir='ltr'>ἐκπορ-</span> 
     </span>
    </p>
   </div>
   <div class='ocr_carea' id='block_1_34' title="bbox 414 1797 1994 1870">
    <p class='ocr_par' dir='ltr' id='par_1_34' title="bbox 414 1797 1994 1870">
     <span class='ocr_line' id='line_1_34' title="bbox 414 1797 1994 1870; baseline 0.006 -20"><span class='ocrx_word' id='word_1_221' title='bbox 414 1798 654 1869; x_wconf 84' lang='lat' dir='ltr'><strong>virgines</strong></span> <span class='ocrx_word' id='word_1_222' title='bbox 704 1797 1088 1855; x_wconf 84' lang='lat' dir='ltr'><strong>crudelitatem</strong></span> <span class='ocrx_word' id='word_1_223' title='bbox 1141 1811 1522 1870; x_wconf 86' lang='lat' dir='ltr'><strong>proruperunt</strong></span> <span class='ocrx_word' id='word_1_224' title='bbox 1564 1801 1710 1858; x_wconf 90' lang='lat' dir='ltr'><strong>banc</strong></span> <span class='ocrx_word' id='word_1_225' title='bbox 1754 1802 1826 1858; x_wconf 89' lang='lat' dir='ltr'><strong>ob</strong></span> <span class='ocrx_word' id='word_1_226' title='bbox 1857 1817 1994 1858; x_wconf 84' lang='lat' dir='ltr'><strong>cau-</strong></span> 
     </span>
    </p>
   </div>
   <div class='ocr_carea' id='block_1_35' title="bbox 413 1891 1995 1966">
    <p class='ocr_par' dir='ltr' id='par_1_35' title="bbox 413 1891 1995 1966">
     <span class='ocr_line' id='line_1_35' title="bbox 413 1891 1995 1966; baseline 0.004 -21"><span class='ocrx_word' id='word_1_227' title='bbox 413 1904 556 1955; x_wconf 85' lang='lat' dir='ltr'><strong>sam,</strong></span> <span class='ocrx_word' id='word_1_228' title='bbox 590 1897 650 1944; x_wconf 90' lang='lat' dir='ltr'><strong>ut</strong></span> <span class='ocrx_word' id='word_1_229' title='bbox 693 1891 949 1961; x_wconf 88' lang='lat' dir='ltr'><strong>equidem</strong></span> <span class='ocrx_word' id='word_1_230' title='bbox 985 1892 1246 1962; x_wconf 74' lang='lat' dir='ltr'><strong>coniicio,</strong></span> <span class='ocrx_word' id='word_1_231' title='bbox 1291 1893 1440 1964; x_wconf 89' lang='lat' dir='ltr'><strong>quod</strong></span> <span class='ocrx_word' id='word_1_232' title='bbox 1503 1894 1854 1950; x_wconf 88' lang='lat' dir='ltr'><strong>interdictum</strong></span> <span class='ocrx_word' id='word_1_233' title='bbox 1889 1895 1995 1966; x_wconf 83' lang='lat' dir='ltr'><strong>ipsi</strong></span> 
     </span>
    </p>
   </div>
   <div class='ocr_carea' id='block_1_36' title="bbox 414 1979 1996 2057">
    <p class='ocr_par' dir='ltr' id='par_1_36' title="bbox 414 1979 1996 2057">
     <span class='ocr_line' id='line_1_36' title="bbox 414 1979 1996 2057; baseline 0.004 -23"><span class='ocrx_word' id='word_1_234' title='bbox 414 1979 592 2036; x_wconf 89' lang='lat' dir='ltr'><strong>fuerat</strong></span> <span class='ocrx_word' id='word_1_235' title='bbox 617 1997 686 2037; x_wconf 87' lang='lat' dir='ltr'><strong>ne</strong></span> <span class='ocrx_word' id='word_1_236' title='bbox 731 1981 892 2051; x_wconf 82' lang='lat' dir='ltr'><strong>juxta</strong></span> <span class='ocrx_word' id='word_1_237' title='bbox 932 1998 1140 2041; x_wconf 88' lang='lat' dir='ltr'><strong>morem</strong></span> <span class='ocrx_word' id='word_1_238' title='bbox 1191 1984 1431 2055; x_wconf 88' lang='lat' dir='ltr'><strong>patrium</strong></span> <span class='ocrx_word' id='word_1_239' title='bbox 1461 1985 1702 2057; x_wconf 73' lang='lat' dir='ltr'><strong>virgines</strong></span> <span class='ocrx_word' id='word_1_240' title='bbox 1733 2000 1863 2042; x_wconf 86' lang='lat' dir='ltr'><strong>suas</strong></span> <span class='ocrx_word' id='word_1_241' title='bbox 1894 1987 1996 2041; x_wconf 60' lang='lat' dir='ltr'><strong>ob.</strong></span> 
     </span>
    </p>
   </div>
   <div class='ocr_carea' id='block_1_37' title="bbox 410 2072 1993 2146">
    <p class='ocr_par' dir='ltr' id='par_1_37' title="bbox 410 2072 1993 2146">
     <span class='ocr_line' id='line_1_37' title="bbox 410 2072 1993 2146; baseline 0.003 -20"><span class='ocrx_word' id='word_1_242' title='bbox 410 2072 501 2127; x_wconf 85' lang='lat' dir='ltr'><strong>vio</strong></span> <span class='ocrx_word' id='word_1_243' title='bbox 553 2072 755 2143; x_wconf 87' lang='lat' dir='ltr'><strong>cuique</strong></span> <span class='ocrx_word' id='word_1_244' title='bbox 809 2073 1139 2144; x_wconf 87' lang='lat' dir='ltr'><strong>stuprandas</strong></span> <span class='ocrx_word' id='word_1_245' title='bbox 1193 2081 1596 2144; x_wconf 81' lang='lat' dir='ltr'><strong>exponerent,</strong></span> <span class='ocrx_word' id='word_1_246' title='bbox 1664 2074 1993 2146; x_wconf 83' lang='lat' dir='ltr'><strong>priusquam</strong></span> 
     </span>
    </p>
   </div>
   <div class='ocr_carea' id='block_1_38' title="bbox 410 2163 1992 2236">
    <p class='ocr_par' dir='ltr' id='par_1_38' title="bbox 410 2163 1992 2236">
     <span class='ocr_line' id='line_1_38' title="bbox 410 2163 1992 2236; baseline 0.001 -17"><span class='ocrx_word' id='word_1_247' title='bbox 410 2163 636 2235; x_wconf 87' lang='lat' dir='ltr'><strong>sponsis</strong></span> <span class='ocrx_word' id='word_1_248' title='bbox 684 2163 943 2236; x_wconf 71' lang='lat' dir='ltr'><strong>legitimis</strong></span> <span class='ocrx_word' id='word_1_249' title='bbox 976 2163 1366 2234; x_wconf 77' lang='lat' dir='ltr'><strong>iungerentur.</strong></span> <span class='ocrx_word' id='word_1_250' title='bbox 1424 2164 1640 2222; x_wconf 86' lang='lat' dir='ltr'><strong>Etenim</strong></span> <span class='ocrx_word' id='word_1_251' title='bbox 1671 2164 1992 2224; x_wconf 82' lang='lat' dir='ltr'><strong>Constanti-</strong></span> 
     </span>
    </p>
   </div>
   <div class='ocr_carea' id='block_1_39' title="bbox 412 2253 1992 2330">
    <p class='ocr_par' dir='ltr' id='par_1_39' title="bbox 412 2253 1992 2330">
     <span class='ocr_line' id='line_1_39' title="bbox 412 2253 1992 2330; baseline 0.001 -18"><span class='ocrx_word' id='word_1_252' title='bbox 412 2271 542 2319; x_wconf 89' lang='lat' dir='ltr'><strong>nus,</strong></span> <span class='ocrx_word' id='word_1_253' title='bbox 585 2253 873 2314; x_wconf 86' lang='lat' dir='ltr'><strong>destructo</strong></span> <span class='ocrx_word' id='word_1_254' title='bbox 914 2255 1058 2323; x_wconf 82' lang='lat' dir='ltr'><strong>apud</strong></span> <span class='ocrx_word' id='word_1_255' title='bbox 1105 2253 1468 2328; x_wconf 72' lang='lat' dir='ltr'><strong>Heliopolitas</strong></span> <span class='ocrx_word' id='word_1_256' title='bbox 1495 2256 1730 2315; x_wconf 82' lang='lat' dir='ltr'><strong>Veneris</strong></span> <span class='ocrx_word' id='word_1_257' title='bbox 1769 2257 1992 2330; x_wconf 85' lang='lat' dir='ltr'><strong>templo,</strong></span> 
     </span>
    </p>
   </div>
   <div class='ocr_carea' id='block_1_40' title="bbox 411 2344 1994 2419">
    <p class='ocr_par' dir='ltr' id='par_1_40' title="bbox 411 2344 1994 2419">
     <span class='ocr_line' id='line_1_40' title="bbox 411 2344 1994 2419; baseline 0.001 -19"><span class='ocrx_word' id='word_1_258' title='bbox 411 2346 654 2417; x_wconf 89' lang='lat' dir='ltr'><strong>primum</strong></span> <span class='ocrx_word' id='word_1_259' title='bbox 685 2344 800 2400; x_wconf 87' lang='lat' dir='ltr'><strong>illic</strong></span> <span class='ocrx_word' id='word_1_260' title='bbox 836 2345 1130 2403; x_wconf 86' lang='lat' dir='ltr'><strong>ecclesiam</strong></span> <span class='ocrx_word' id='word_1_261' title='bbox 1167 2345 1573 2416; x_wconf 64' lang='lat' dir='ltr'><strong>aedificaverat;</strong></span> <span class='ocrx_word' id='word_1_262' title='bbox 1620 2354 1679 2404; x_wconf 89' lang='lat' dir='ltr'><strong>et</strong></span> <span class='ocrx_word' id='word_1_263' title='bbox 1720 2347 1840 2419; x_wconf 88' lang='lat' dir='ltr'><strong>lege</strong></span> <span class='ocrx_word' id='word_1_264' title='bbox 1883 2347 1994 2402; x_wconf 88' lang='lat' dir='ltr'><strong>lata</strong></span> 
     </span>
    </p>
   </div>
   <div class='ocr_carea' id='block_1_41' title="bbox 413 2435 1999 2511">
    <p class='ocr_par' dir='ltr' id='par_1_41' title="bbox 413 2435 1999 2511">
     <span class='ocr_line' id='line_1_41' title="bbox 413 2435 1999 2511; baseline 0.002 -21"><span class='ocrx_word' id='word_1_265' title='bbox 413 2435 770 2508; x_wconf 83' lang='lat' dir='ltr'><strong>prohibuerat</strong></span> <span class='ocrx_word' id='word_1_266' title='bbox 820 2452 890 2494; x_wconf 90' lang='lat' dir='ltr'><strong>ne</strong></span> <span class='ocrx_word' id='word_1_267' title='bbox 929 2446 1195 2496; x_wconf 85' lang='lat' dir='ltr'><strong>consueta</strong></span> <span class='ocrx_word' id='word_1_268' title='bbox 1227 2447 1420 2510; x_wconf 83' lang='lat' dir='ltr'><strong>stupra</strong></span> <span class='ocrx_word' id='word_1_269' title='bbox 1465 2439 1521 2495; x_wconf 90' lang='lat' dir='ltr'><strong>in</strong></span> <span class='ocrx_word' id='word_1_270' title='bbox 1561 2446 1848 2511; x_wconf 88' lang='lat' dir='ltr'><strong>posterum</strong></span> <span class='ocrx_word' id='word_1_271' title='bbox 1879 2453 1999 2509; x_wconf 84' lang='lat' dir='ltr'><strong>per-</strong></span> 
     </span>
    </p>
   </div>
   <div class='ocr_carea' id='block_1_42' title="bbox 413 2528 1993 2602">
    <p class='ocr_par' dir='ltr' id='par_1_42' title="bbox 413 2528 1993 2602">
     <span class='ocr_line' id='line_1_42' title="bbox 413 2528 1993 2602; baseline 0.003 -20"><span class='ocrx_word' id='word_1_272' title='bbox 413 2535 697 2600; x_wconf 89' lang='lat' dir='ltr'><strong>petrarent</strong></span> <span class='ocrx_word' id='word_1_273' title='bbox 729 2529 768 2584; x_wconf 78' lang='grc' dir='ltr'><strong>ί.</strong></span> <span class='ocrx_word' id='word_1_274' title='bbox 799 2528 1085 2586; x_wconf 84' lang='lat' dir='ltr'><strong>Arethusii</strong></span> <span class='ocrx_word' id='word_1_275' title='bbox 1109 2545 1243 2587; x_wconf 89' lang='lat' dir='ltr'><strong>vero</strong></span> <span class='ocrx_word' id='word_1_276' title='bbox 1292 2529 1562 2596; x_wconf 80' lang='lat' dir='ltr'><strong>Marcum,</strong></span> <span class='ocrx_word' id='word_1_277' title='bbox 1609 2528 1704 2602; x_wconf 88' lang='lat' dir='ltr'><strong>qui</strong></span> <span class='ocrx_word' id='word_1_278' title='bbox 1750 2529 1993 2601; x_wconf 86' lang='lat' dir='ltr'><strong>ipsorum</strong></span> 
     </span>
    </p>
   </div>
   <div class='ocr_carea' id='block_1_43' title="bbox 412 2619 1997 2691">
    <p class='ocr_par' dir='ltr' id='par_1_43' title="bbox 412 2619 1997 2691">
     <span class='ocr_line' id='line_1_43' title="bbox 412 2619 1997 2691; baseline 0.001 -15"><span class='ocrx_word' id='word_1_279' title='bbox 412 2619 707 2691; x_wconf 84' lang='lat' dir='ltr'><strong>episcopus</strong></span> <span class='ocrx_word' id='word_1_280' title='bbox 737 2619 933 2687; x_wconf 89' lang='lat' dir='ltr'><strong>fuerat,</strong></span> <span class='ocrx_word' id='word_1_281' title='bbox 963 2635 1151 2678; x_wconf 89' lang='lat' dir='ltr'><strong>senem</strong></span> <span class='ocrx_word' id='word_1_282' title='bbox 1177 2620 1501 2685; x_wconf 85' lang='lat' dir='ltr'><strong>admodum,</strong></span> <span class='ocrx_word' id='word_1_283' title='bbox 1526 2635 1629 2678; x_wconf 90' lang='lat' dir='ltr'><strong>nec</strong></span> <span class='ocrx_word' id='word_1_284' title='bbox 1659 2619 1770 2677; x_wconf 76' lang='lat' dir='ltr'><strong>vita</strong></span> <span class='ocrx_word' id='word_1_285' title='bbox 1811 2621 1997 2677; x_wconf 76' lang='lat' dir='ltr'><strong>minus</strong></span> 
     </span>
    </p>
   </div>
   <div class='ocr_carea' id='block_1_44' title="bbox 412 2712 1993 2785">
    <p class='ocr_par' dir='ltr' id='par_1_44' title="bbox 412 2712 1993 2785">
     <span class='ocr_line' id='line_1_44' title="bbox 412 2712 1993 2785; baseline 0.003 -19"><span class='ocrx_word' id='word_1_286' title='bbox 412 2727 575 2782; x_wconf 85' lang='lat' dir='ltr'><strong>quam</strong></span> <span class='ocrx_word' id='word_1_287' title='bbox 597 2712 802 2770; x_wconf 84' lang='lat' dir='ltr'><strong>canitie</strong></span> <span class='ocrx_word' id='word_1_288' title='bbox 829 2712 1539 2779; x_wconf 87' lang='lat' dir='ltr'><strong>venerandum,miserabili</strong></span> <span class='ocrx_word' id='word_1_289' title='bbox 1570 2713 1764 2770; x_wconf 87' lang='lat' dir='ltr'><strong>mortis</strong></span> <span class='ocrx_word' id='word_1_290' title='bbox 1785 2727 1993 2785; x_wconf 85' lang='lat' dir='ltr'><strong>genere</strong></span> 
     </span>
    </p>
   </div>
   <div class='ocr_carea' id='block_1_45' title="bbox 415 2804 1987 2877">
    <p class='ocr_par' dir='ltr' id='par_1_45' title="bbox 415 2804 1987 2877">
     <span class='ocr_line' id='line_1_45' title="bbox 415 2804 1987 2877; baseline 0.001 -17"><span class='ocrx_word' id='word_1_291' title='bbox 415 2804 830 2863; x_wconf 90' lang='lat' dir='ltr'><strong>interemerunt.</strong></span> <span class='ocrx_word' id='word_1_292' title='bbox 847 2805 948 2862; x_wconf 86' lang='lat' dir='ltr'><strong>Cui</strong></span> <span class='ocrx_word' id='word_1_293' title='bbox 966 2805 1186 2876; x_wconf 90' lang='lat' dir='ltr'><strong>quidem</strong></span> <span class='ocrx_word' id='word_1_294' title='bbox 1200 2804 1315 2876; x_wconf 80' lang='lat' dir='ltr'><strong>jam</strong></span> <span class='ocrx_word' id='word_1_295' title='bbox 1343 2805 1555 2877; x_wconf 90' lang='lat' dir='ltr'><strong>pridem</strong></span> <span class='ocrx_word' id='word_1_296' title='bbox 1582 2805 1785 2862; x_wconf 83' lang='lat' dir='ltr'><strong>infensi</strong></span> <span class='ocrx_word' id='word_1_297' title='bbox 1801 2813 1987 2862; x_wconf 86' lang='lat' dir='ltr'><strong>erant.</strong></span> 
     </span>
    </p>
   </div>
   <div class='ocr_carea' id='block_1_46' title="bbox 416 2896 1993 2969">
    <p class='ocr_par' dir='ltr' id='par_1_46' title="bbox 416 2896 1993 2969">
     <span class='ocr_line' id='line_1_46' title="bbox 416 2896 1993 2969; baseline 0 -17"><span class='ocrx_word' id='word_1_298' title='bbox 416 2897 553 2952; x_wconf 87' lang='lat' dir='ltr'><strong>Nam</strong></span> <span class='ocrx_word' id='word_1_299' title='bbox 581 2907 842 2969; x_wconf 78' lang='lat' dir='ltr'><strong>regnante</strong></span> <span class='ocrx_word' id='word_1_300' title='bbox 874 2897 1224 2963; x_wconf 87' lang='lat' dir='ltr'><strong>Constantio,</strong></span> <span class='ocrx_word' id='word_1_301' title='bbox 1258 2897 1312 2952; x_wconf 92' lang='lat' dir='ltr'><strong>in</strong></span> <span class='ocrx_word' id='word_1_302' title='bbox 1345 2897 1701 2954; x_wconf 86' lang='lat' dir='ltr'><strong>traducendis</strong></span> <span class='ocrx_word' id='word_1_303' title='bbox 1731 2897 1802 2954; x_wconf 82' lang='lat' dir='ltr'><strong>ad</strong></span> <span class='ocrx_word' id='word_1_304' title='bbox 1828 2896 1993 2953; x_wconf 86' lang='lat' dir='ltr'><strong>Chri-</strong></span> 
     </span>
    </p>
   </div>
   <div class='ocr_carea' id='block_1_47' title="bbox 412 2990 1994 3062">
    <p class='ocr_par' dir='ltr' id='par_1_47' title="bbox 412 2990 1994 3062">
     <span class='ocr_line' id='line_1_47' title="bbox 412 2990 1994 3062; baseline -0.003 -16"><span class='ocrx_word' id='word_1_305' title='bbox 412 2991 651 3046; x_wconf 83' lang='lat' dir='ltr'><strong>stianam</strong></span> <span class='ocrx_word' id='word_1_306' title='bbox 691 2991 1012 3061; x_wconf 90' lang='lat' dir='ltr'><strong>religionem</strong></span> <span class='ocrx_word' id='word_1_307' title='bbox 1055 2990 1354 3062; x_wconf 85' lang='lat' dir='ltr'><strong>gentilibus</strong></span> <span class='ocrx_word' id='word_1_308' title='bbox 1382 2991 1651 3045; x_wconf 81' lang='lat' dir='ltr'><strong>acriorem</strong></span> <span class='ocrx_word' id='word_1_309' title='bbox 1696 3004 1757 3046; x_wconf 89' lang='lat' dir='ltr'><strong>se</strong></span> <span class='ocrx_word' id='word_1_310' title='bbox 1807 2996 1994 3045; x_wconf 86' lang='lat' dir='ltr'><strong>osten-</strong></span> 
     </span>
    </p>
   </div>
   <div class='ocr_carea' id='block_1_48' title="bbox 411 3079 2060 3176">
    <p class='ocr_par' dir='ltr' id='par_1_48' title="bbox 411 3079 2060 3176">
     <span class='ocr_line' id='line_1_48' title="bbox 411 3079 2060 3176; baseline 0 -43"><span class='ocrx_word' id='word_1_311' title='bbox 411 3079 594 3143; x_wconf 82' lang='lat' dir='ltr'><strong>derat,</strong></span> <span class='ocrx_word' id='word_1_312' title='bbox 627 3095 791 3150; x_wconf 85' lang='lat' dir='ltr'><strong>quatn</strong></span> <span class='ocrx_word' id='word_1_313' title='bbox 822 3094 947 3136; x_wconf 84' lang='lat' dir='ltr'><strong>esse</strong></span> <span class='ocrx_word' id='word_1_314' title='bbox 975 3081 1153 3137; x_wconf 88' lang='lat' dir='ltr'><strong>solent</strong></span> <span class='ocrx_word' id='word_1_315' title='bbox 1186 3081 1220 3135; x_wconf 92' lang='lat' dir='ltr'><strong>ii</strong></span> <span class='ocrx_word' id='word_1_316' title='bbox 1255 3082 1351 3152; x_wconf 85' lang='lat' dir='ltr'><strong>qui</strong></span> <span class='ocrx_word' id='word_1_317' title='bbox 1399 3081 1581 3136; x_wconf 82' lang='lat' dir='ltr'><strong>verbis</strong></span> <span class='ocrx_word' id='word_1_318' title='bbox 1615 3079 1848 3135; x_wconf 87' lang='lat' dir='ltr'><strong>suadent</strong></span> <span class='ocrx_word' id='word_1_319' title='bbox 1875 3121 1890 3146; x_wconf 97' lang='lat'><strong>,</strong></span> <span class='ocrx_word' id='word_1_320' title='bbox 1935 3087 1991 3135; x_wconf 91' lang='lat' dir='ltr'><strong>et</strong></span> <span class='ocrx_word' id='word_1_321' title='bbox 2017 3118 2060 3176; x_wconf 64' lang='grc' dir='ltr'><em>ο</em></span> 
     </span>
    </p>
   </div>
   <div class='ocr_carea' id='block_1_49' title="bbox 413 3168 1989 3239">
    <p class='ocr_par' dir='ltr' id='par_1_49' title="bbox 413 3168 1989 3239">
     <span class='ocr_line' id='line_1_49' title="bbox 413 3168 1989 3239; baseline 0.002 -17"><span class='ocrx_word' id='word_1_322' title='bbox 413 3168 828 3222; x_wconf 82' lang='lat' dir='ltr'><strong>sanctissimum</strong></span> <span class='ocrx_word' id='word_1_323' title='bbox 878 3169 1020 3239; x_wconf 88' lang='lat' dir='ltr'><strong>apud</strong></span> <span class='ocrx_word' id='word_1_324' title='bbox 1069 3170 1220 3239; x_wconf 89' lang='lat' dir='ltr'><strong>ipsos</strong></span> <span class='ocrx_word' id='word_1_325' title='bbox 1271 3184 1336 3226; x_wconf 91' lang='lat' dir='ltr'><strong>ac</strong></span> <span class='ocrx_word' id='word_1_326' title='bbox 1383 3169 1989 3239; x_wconf 79' lang='lat' dir='ltr'><strong>magnificentissimum</strong></span> 
     </span>
    </p>
   </div>
   <div class='ocr_carea' id='block_1_50' title="bbox 415 3257 1993 3331">
    <p class='ocr_par' dir='ltr' id='par_1_50' title="bbox 415 3257 1993 3331">
     <span class='ocr_line' id='line_1_50' title="bbox 415 3257 1993 3331; baseline 0.004 -20"><span class='ocrx_word' id='word_1_327' title='bbox 415 3257 678 3327; x_wconf 87' lang='lat' dir='ltr'><strong>templum</strong></span> <span class='ocrx_word' id='word_1_328' title='bbox 714 3257 1077 3314; x_wconf 78' lang='lat' dir='ltr'><strong>destruxerat.</strong></span> <span class='ocrx_word' id='word_1_329' title='bbox 1120 3258 1319 3316; x_wconf 87' lang='lat' dir='ltr'><strong>Postea</strong></span> <span class='ocrx_word' id='word_1_330' title='bbox 1365 3275 1498 3316; x_wconf 86' lang='lat' dir='ltr'><strong>vero</strong></span> <span class='ocrx_word' id='word_1_331' title='bbox 1526 3261 1758 3331; x_wconf 87' lang='lat' dir='ltr'><strong>imperio</strong></span> <span class='ocrx_word' id='word_1_332' title='bbox 1790 3260 1858 3316; x_wconf 90' lang='lat' dir='ltr'><strong>ad</strong></span> <span class='ocrx_word' id='word_1_333' title='bbox 1895 3259 1993 3317; x_wconf 87' lang='lat' dir='ltr'><strong>Ju-</strong></span> 
     </span>
    </p>
   </div>
   <div class='ocr_carea' id='block_1_51' title="bbox 418 3349 1996 3424">
    <p class='ocr_par' dir='ltr' id='par_1_51' title="bbox 418 3349 1996 3424">
     <span class='ocr_line' id='line_1_51' title="bbox 418 3349 1996 3424; baseline 0.003 -21"><span class='ocrx_word' id='word_1_334' title='bbox 418 3350 622 3404; x_wconf 89' lang='lat' dir='ltr'><strong>lianum</strong></span> <span class='ocrx_word' id='word_1_335' title='bbox 653 3349 1220 3416; x_wconf 75' lang='lat' dir='ltr'><strong>translato,‘cernens</strong></span> <span class='ocrx_word' id='word_1_336' title='bbox 1255 3352 1514 3424; x_wconf 86' lang='lat' dir='ltr'><strong>pepulum</strong></span> <span class='ocrx_word' id='word_1_337' title='bbox 1550 3352 1605 3407; x_wconf 92' lang='lat' dir='ltr'><strong>in</strong></span> <span class='ocrx_word' id='word_1_338' title='bbox 1645 3368 1706 3409; x_wconf 90' lang='lat' dir='ltr'><strong>se</strong></span> <span class='ocrx_word' id='word_1_339' title='bbox 1749 3354 1996 3409; x_wconf 86' lang='lat' dir='ltr'><strong>concita-</strong></span> 
     </span>
    </p>
   </div>
   <div class='ocr_carea' id='block_1_52' title="bbox 419 3440 1992 3511">
    <p class='ocr_par' dir='ltr' id='par_1_52' title="bbox 419 3440 1992 3511">
     <span class='ocr_line' id='line_1_52' title="bbox 419 3440 1992 3511; baseline 0.005 -20"><span class='ocrx_word' id='word_1_340' title='bbox 419 3447 533 3492; x_wconf 90' lang='lat' dir='ltr'><strong>tum</strong></span> <span class='ocrx_word' id='word_1_341' title='bbox 559 3478 574 3503; x_wconf 92' lang='lat'><strong>,</strong></span> <span class='ocrx_word' id='word_1_342' title='bbox 619 3440 895 3510; x_wconf 86' lang='lat' dir='ltr'><strong>simulque</strong></span> <span class='ocrx_word' id='word_1_343' title='bbox 952 3440 1303 3511; x_wconf 88' lang='lat' dir='ltr'><strong>imperatoris</strong></span> <span class='ocrx_word' id='word_1_344' title='bbox 1346 3440 1532 3498; x_wconf 88' lang='lat' dir='ltr'><strong>edicto</strong></span> <span class='ocrx_word' id='word_1_345' title='bbox 1567 3444 1992 3508; x_wconf 87' lang='lat' dir='ltr'><strong>condemnatus,</strong></span> 
     </span>
    </p>
   </div>
   <div class='ocr_carea' id='block_1_53' title="bbox 412 3530 1996 3602">
    <p class='ocr_par' dir='ltr' id='par_1_53' title="bbox 412 3530 1996 3602">
     <span class='ocr_line' id='line_1_53' title="bbox 412 3530 1996 3602; baseline 0.005 -19"><span class='ocrx_word' id='word_1_346' title='bbox 412 3538 479 3583; x_wconf 82' lang='grc' dir='ltr'><strong>ιιι</strong></span> <span class='ocrx_word' id='word_1_347' title='bbox 522 3538 616 3584; x_wconf 86' lang='lat' dir='ltr'><strong>aut</strong></span> <span class='ocrx_word' id='word_1_348' title='bbox 656 3530 892 3600; x_wconf 89' lang='lat' dir='ltr'><strong>pretium</strong></span> <span class='ocrx_word' id='word_1_349' title='bbox 940 3531 1136 3601; x_wconf 86' lang='lat' dir='ltr'><strong>quanti</strong></span> <span class='ocrx_word' id='word_1_350' title='bbox 1188 3532 1450 3602; x_wconf 89' lang='lat' dir='ltr'><strong>templum</strong></span> <span class='ocrx_word' id='word_1_351' title='bbox 1493 3533 1825 3590; x_wconf 64' lang='lat' dir='ltr'><strong>aestimatum</strong></span> <span class='ocrx_word' id='word_1_352' title='bbox 1856 3533 1996 3591; x_wconf 81' lang='lat' dir='ltr'><strong>fuis-</strong></span> 
     </span>
    </p>
   </div>
   <div class='ocr_carea' id='block_1_54' title="bbox 408 3621 1996 3691">
    <p class='ocr_par' dir='ltr' id='par_1_54' title="bbox 408 3621 1996 3691">
     <span class='ocr_line' id='line_1_54' title="bbox 408 3621 1996 3691; baseline 0.006 -18"><span class='ocrx_word' id='word_1_353' title='bbox 408 3630 501 3674; x_wconf 86' lang='lat' dir='ltr'><strong>set</strong></span> <span class='ocrx_word' id='word_1_354' title='bbox 532 3621 887 3690; x_wconf 80' lang='lat' dir='ltr'><strong>persolveret,</strong></span> <span class='ocrx_word' id='word_1_355' title='bbox 940 3629 1035 3676; x_wconf 89' lang='lat' dir='ltr'><strong>aut</strong></span> <span class='ocrx_word' id='word_1_356' title='bbox 1084 3622 1218 3678; x_wconf 92' lang='lat' dir='ltr'><strong>illud</strong></span> <span class='ocrx_word' id='word_1_357' title='bbox 1253 3629 1632 3691; x_wconf 86' lang='lat' dir='ltr'><strong>restauraret,</strong></span> <span class='ocrx_word' id='word_1_358' title='bbox 1683 3641 1812 3682; x_wconf 83' lang='lat' dir='ltr'><strong>cum</strong></span> <span class='ocrx_word' id='word_1_359' title='bbox 1854 3640 1996 3682; x_wconf 89' lang='lat' dir='ltr'><strong>neu-</strong></span> 
     </span>
    </p>
   </div>
   <div class='ocr_carea' id='block_1_55' title="bbox 408 3708 1996 3788">
    <p class='ocr_par' dir='ltr' id='par_1_55' title="bbox 408 3708 1996 3788">
     <span class='ocr_line' id='line_1_55' title="bbox 408 3708 1996 3788; baseline 0.009 -32"><span class='ocrx_word' id='word_1_360' title='bbox 408 3715 563 3760; x_wconf 90' lang='lat' dir='ltr'><strong>.trum</strong></span> <span class='ocrx_word' id='word_1_361' title='bbox 602 3708 799 3762; x_wconf 84' lang='lat' dir='ltr'><strong>borum</strong></span> <span class='ocrx_word' id='word_1_362' title='bbox 855 3723 884 3762; x_wconf 90' lang='lat' dir='ltr'><strong>a</strong></span> <span class='ocrx_word' id='word_1_363' title='bbox 923 3725 983 3765; x_wconf 91' lang='lat' dir='ltr'><strong>se</strong></span> <span class='ocrx_word' id='word_1_364' title='bbox 1029 3709 1144 3765; x_wconf 82' lang='lat' dir='ltr'><strong>fieri</strong></span> <span class='ocrx_word' id='word_1_365' title='bbox 1186 3727 1348 3782; x_wconf 91' lang='lat' dir='ltr'><strong>posse</strong></span> <span class='ocrx_word' id='word_1_366' title='bbox 1380 3713 1866 3779; x_wconf 85' lang='lat' dir='ltr'><strong>animadverteret,</strong></span> <span class='ocrx_word' id='word_1_367' title='bbox 1898 3730 1996 3788; x_wconf 84' lang='lat' dir='ltr'><strong>po-</strong></span> 
     </span>
    </p>
   </div>
   <div class='ocr_carea' id='block_1_56' title="bbox 417 3797 1990 3871">
    <p class='ocr_par' dir='ltr' id='par_1_56' title="bbox 417 3797 1990 3871">
     <span class='ocr_line' id='line_1_56' title="bbox 417 3797 1990 3871; baseline 0.008 -20"><span class='ocrx_word' id='word_1_368' title='bbox 417 3797 620 3852; x_wconf 87' lang='lat' dir='ltr'><strong>sterius</strong></span> <span class='ocrx_word' id='word_1_369' title='bbox 647 3805 829 3853; x_wconf 90' lang='lat' dir='ltr'><strong>autem</strong></span> <span class='ocrx_word' id='word_1_370' title='bbox 860 3798 996 3853; x_wconf 92' lang='lat' dir='ltr'><strong>illud</strong></span> <span class='ocrx_word' id='word_1_371' title='bbox 1040 3800 1197 3856; x_wconf 81' lang='lat' dir='ltr'><strong>nefas</strong></span> <span class='ocrx_word' id='word_1_372' title='bbox 1242 3817 1366 3857; x_wconf 90' lang='lat' dir='ltr'><strong>esse</strong></span> <span class='ocrx_word' id='word_1_373' title='bbox 1395 3802 1606 3859; x_wconf 89' lang='lat' dir='ltr'><strong>homini</strong></span> <span class='ocrx_word' id='word_1_374' title='bbox 1651 3805 1990 3871; x_wconf 81' lang='lat' dir='ltr'><strong>Christiano,</strong></span> 
     </span>
    </p>
   </div>
   <div class='ocr_carea' id='block_1_57' title="bbox 406 3884 1990 3963">
    <p class='ocr_par' dir='ltr' id='par_1_57' title="bbox 406 3884 1990 3963">
     <span class='ocr_line' id='line_1_57' title="bbox 406 3884 1990 3963; baseline 0.006 -23"><span class='ocrx_word' id='word_1_375' title='bbox 406 3884 621 3940; x_wconf 64' lang='lat' dir='ltr'><strong>:nedum</strong></span> <span class='ocrx_word' id='word_1_376' title='bbox 651 3886 952 3955; x_wconf 88' lang='lat' dir='ltr'><strong>sacerdoti;</strong></span> <span class='ocrx_word' id='word_1_377' title='bbox 991 3888 1228 3959; x_wconf 88' lang='lat' dir='ltr'><strong>primum</strong></span> <span class='ocrx_word' id='word_1_378' title='bbox 1261 3890 1484 3958; x_wconf 88' lang='lat' dir='ltr'><strong>quidem</strong></span> <span class='ocrx_word' id='word_1_379' title='bbox 1517 3891 1700 3963; x_wconf 84' lang='lat' dir='ltr'><strong>fugam</strong></span> <span class='ocrx_word' id='word_1_380' title='bbox 1735 3893 1990 3963; x_wconf 90' lang='lat' dir='ltr'><strong>arripuit.</strong></span> 
     </span>
    </p>
   </div>
   <div class='ocr_carea' id='block_1_58' title="bbox 493 4059 1788 4142">
    <p class='ocr_par' dir='ltr' id='par_1_58' title="bbox 493 4059 1788 4142">
     <span class='ocr_line' id='line_1_58' title="bbox 493 4059 1788 4142; baseline 0.009 -26"><span class='ocrx_word' id='word_1_381' title='bbox 493 4063 510 4095; x_wconf 78' lang='grc' dir='ltr'>ί</span> <span class='ocrx_word' id='word_1_382' title='bbox 541 4059 765 4132; x_wconf 85' lang='lat' dir='ltr'><strong>Euseb.,</strong></span> <span class='ocrx_word' id='word_1_383' title='bbox 793 4062 902 4122; x_wconf 75' lang='lat' dir='ltr'><strong>Vit.</strong></span> <span class='ocrx_word' id='word_1_384' title='bbox 928 4063 1138 4136; x_wconf 81' lang='lat' dir='ltr'><strong>Comt.,</strong></span> <span class='ocrx_word' id='word_1_385' title='bbox 1166 4065 1264 4124; x_wconf 91' lang='lat' dir='ltr'><strong>lib.</strong></span> <span class='ocrx_word' id='word_1_386' title='bbox 1299 4083 1383 4139; x_wconf 84' lang='grc' dir='ltr'><strong>ιιι,</strong></span> <span class='ocrx_word' id='word_1_387' title='bbox 1415 4082 1538 4142; x_wconf 91' lang='lat' dir='ltr'><strong>cap.</strong></span> <span class='ocrx_word' id='word_1_388' title='bbox 1573 4069 1665 4137; x_wconf 83' lang='lat'><strong>56,</strong></span> <span class='ocrx_word' id='word_1_389' title='bbox 1697 4072 1788 4128; x_wconf 83' lang='lat'><strong>59.</strong></span> 
     </span>
    </p>
   </div>
   <div class='ocr_carea' id='block_1_59' title="bbox 2096 1791 3680 1871">
    <p class='ocr_par' dir='ltr' id='par_1_59' title="bbox 2096 1791 3680 1871">
     <span class='ocr_line' id='line_1_59' title="bbox 2096 1791 3680 1871; baseline 0.004 -25"><span class='ocrx_word' id='word_1_390' title='bbox 2096 1791 2348 1847; x_wconf 84' lang='grc' dir='ltr'>νεύεσθαι</span> <span class='ocrx_word' id='word_1_391' title='bbox 2377 1791 2528 1864; x_wconf 79' lang='grc' dir='ltr'>παρὰ</span> <span class='ocrx_word' id='word_1_392' title='bbox 2557 1792 2653 1846; x_wconf 80' lang='grc' dir='ltr'><strong>τοῦ</strong></span> <span class='ocrx_word' id='word_1_393' title='bbox 2681 1793 3073 1866; x_wconf 86' lang='grc' dir='ltr'>προστυχόντος</span> <span class='ocrx_word' id='word_1_394' title='bbox 3119 1794 3220 1859; x_wconf 80' lang='grc' dir='ltr'>τὰς</span> <span class='ocrx_word' id='word_1_395' title='bbox 3254 1797 3441 1851; x_wconf 81' lang='grc' dir='ltr'>ἐνθάδε</span> <span class='ocrx_word' id='word_1_396' title='bbox 3469 1798 3680 1871; x_wconf 57' lang='grc' dir='ltr'>παρθέν-</span> 
     </span>
    </p>
   </div>
   <div class='ocr_carea' id='block_1_60' title="bbox 2094 1883 3680 1959">
    <p class='ocr_par' dir='ltr' id='par_1_60' title="bbox 2094 1883 3680 1959">
     <span class='ocr_line' id='line_1_60' title="bbox 2094 1883 3680 1959; baseline 0.004 -19"><span class='ocrx_word' id='word_1_397' title='bbox 2094 1901 2219 1948; x_wconf 90' lang='grc' dir='ltr'>νους</span> <span class='ocrx_word' id='word_1_398' title='bbox 2241 1923 2258 1948; x_wconf 87' lang='grc'><strong>,</strong></span> <span class='ocrx_word' id='word_1_399' title='bbox 2293 1883 2424 1956; x_wconf 74' lang='grc' dir='ltr'>πρὶν</span> <span class='ocrx_word' id='word_1_400' title='bbox 2463 1885 2576 1948; x_wconf 91' lang='grc' dir='ltr'>τοῖς</span> <span class='ocrx_word' id='word_1_401' title='bbox 2622 1885 2930 1956; x_wconf 85' lang='grc' dir='ltr'>μνηστῆρσι</span> <span class='ocrx_word' id='word_1_402' title='bbox 2973 1885 3243 1942; x_wconf 83' lang='grc' dir='ltr'>συνελθεῖν</span> <span class='ocrx_word' id='word_1_403' title='bbox 3273 1889 3354 1951; x_wconf 75' lang='grc' dir='ltr'>εἰς</span> <span class='ocrx_word' id='word_1_404' title='bbox 3382 1888 3582 1959; x_wconf 80' lang='grc' dir='ltr'>γάμον.</span> <span class='ocrx_word' id='word_1_405' title='bbox 3614 1891 3680 1946; x_wconf 91' lang='grc' dir='ltr'>Ὁ</span> 
     </span>
    </p>
   </div>
   <div class='ocr_carea' id='block_1_61' title="bbox 2093 1973 3680 2054">
    <p class='ocr_par' dir='ltr' id='par_1_61' title="bbox 2093 1973 3680 2054">
     <span class='ocr_line' id='line_1_61' title="bbox 2093 1973 3680 2054; baseline 0.006 -28"><span class='ocrx_word' id='word_1_406' title='bbox 2093 1973 2203 2045; x_wconf 83' lang='grc' dir='ltr'>γὰρ</span> <span class='ocrx_word' id='word_1_407' title='bbox 2236 1975 2644 2038; x_wconf 84' lang='grc' dir='ltr'>Κωνσταντῖνος</span> <span class='ocrx_word' id='word_1_408' title='bbox 2672 1973 2916 2030; x_wconf 86' lang='grc' dir='ltr'>καθελὼν</span> <span class='ocrx_word' id='word_1_409' title='bbox 2962 1976 3052 2031; x_wconf 81' lang='grc' dir='ltr'>τὸν</span> <span class='ocrx_word' id='word_1_410' title='bbox 3087 1978 3146 2031; x_wconf 90' lang='grc' dir='ltr'><strong>ἐν</strong></span> <span class='ocrx_word' id='word_1_411' title='bbox 3183 1978 3518 2035; x_wconf 79' lang='grc' dir='ltr'>Ἡλιουπόλει</span> <span class='ocrx_word' id='word_1_412' title='bbox 3573 1983 3680 2054; x_wconf 86' lang='grc' dir='ltr'><strong>τῆς</strong></span> 
     </span>
    </p>
   </div>
   <div class='ocr_carea' id='block_1_62' title="bbox 2107 2063 3681 2144">
    <p class='ocr_par' dir='ltr' id='par_1_62' title="bbox 2107 2063 3681 2144">
     <span class='ocr_line' id='line_1_62' title="bbox 2107 2063 3681 2144; baseline 0.007 -27"><span class='ocrx_word' id='word_1_413' title='bbox 2107 2063 2426 2135; x_wconf 78' lang='grc' dir='ltr'>Ἀφροδίτης</span> <span class='ocrx_word' id='word_1_414' title='bbox 2450 2063 2608 2132; x_wconf 85' lang='grc' dir='ltr'>νεὼν,</span> <span class='ocrx_word' id='word_1_415' title='bbox 2624 2066 2748 2120; x_wconf 83' lang='grc' dir='ltr'>τότε</span> <span class='ocrx_word' id='word_1_416' title='bbox 2772 2066 2994 2139; x_wconf 72' lang='grc' dir='ltr'>πρῶτον,</span> <span class='ocrx_word' id='word_1_417' title='bbox 3014 2068 3147 2140; x_wconf 81' lang='grc' dir='ltr'>παρ’</span> <span class='ocrx_word' id='word_1_418' title='bbox 3166 2069 3350 2135; x_wconf 80' lang='grc' dir='ltr'>αὐτοῖς</span> <span class='ocrx_word' id='word_1_419' title='bbox 3375 2071 3681 2144; x_wconf 75' lang='grc' dir='ltr'>ἐκκλησίαν</span> 
     </span>
    </p>
   </div>
   <div class='ocr_carea' id='block_1_63' title="bbox 2095 2150 3680 2231">
    <p class='ocr_par' dir='ltr' id='par_1_63' title="bbox 2095 2150 3680 2231">
     <span class='ocr_line' id='line_1_63' title="bbox 2095 2150 3680 2231; baseline 0.009 -27"><span class='ocrx_word' id='word_1_420' title='bbox 2095 2150 2380 2222; x_wconf 75' lang='grc' dir='ltr'>ἐδείματο,</span> <span class='ocrx_word' id='word_1_421' title='bbox 2416 2153 2510 2207; x_wconf 77' lang='grc' dir='ltr'>καὶ</span> <span class='ocrx_word' id='word_1_422' title='bbox 2539 2153 2691 2227; x_wconf 82' lang='grc' dir='ltr'>νόμῳ</span> <span class='ocrx_word' id='word_1_423' title='bbox 2738 2154 3032 2211; x_wconf 79' lang='grc' dir='ltr'>διεκώλυσε</span> <span class='ocrx_word' id='word_1_424' title='bbox 3068 2157 3170 2223; x_wconf 78' lang='grc' dir='ltr'>τὰς</span> <span class='ocrx_word' id='word_1_425' title='bbox 3202 2159 3460 2231; x_wconf 78' lang='grc' dir='ltr'>συνήθεις</span> <span class='ocrx_word' id='word_1_426' title='bbox 3497 2165 3680 2218; x_wconf 73' lang='grc' dir='ltr'>ποιεῖν</span> 
     </span>
    </p>
   </div>
   <div class='ocr_carea' id='block_1_64' title="bbox 2094 2242 3678 2323">
    <p class='ocr_par' dir='ltr' id='par_1_64' title="bbox 2094 2242 3678 2323">
     <span class='ocr_line' id='line_1_64' title="bbox 2094 2242 3678 2323; baseline 0.008 -29"><span class='ocrx_word' id='word_1_427' title='bbox 2094 2242 2374 2312; x_wconf 83' lang='grc' dir='ltr'>πορνείας.</span> <span class='ocrx_word' id='word_1_428' title='bbox 2419 2243 2751 2316; x_wconf 81' lang='grc' dir='ltr'>’Δρεθούσιοι</span> <span class='ocrx_word' id='word_1_429' title='bbox 2790 2245 2848 2300; x_wconf 84' lang='grc' dir='ltr'><strong>δέ</strong></span> <span class='ocrx_word' id='word_1_430' title='bbox 2896 2247 3123 2319; x_wconf 79' lang='grc' dir='ltr'>Μάρκον</span> <span class='ocrx_word' id='word_1_431' title='bbox 3168 2259 3193 2287; x_wconf 79' lang='grc' dir='ltr'><strong><em>ο</em></strong></span> <span class='ocrx_word' id='word_1_432' title='bbox 3242 2249 3336 2305; x_wconf 78' lang='grc' dir='ltr'>τὸν</span> <span class='ocrx_word' id='word_1_433' title='bbox 3379 2251 3678 2323; x_wconf 81' lang='grc' dir='ltr'>γενόμενον</span> 
     </span>
    </p>
   </div>
   <div class='ocr_carea' id='block_1_65' title="bbox 2093 2334 3676 2418">
    <p class='ocr_par' dir='ltr' id='par_1_65' title="bbox 2093 2334 3676 2418">
     <span class='ocr_line' id='line_1_65' title="bbox 2093 2334 3676 2418; baseline 0.007 -30"><span class='ocrx_word' id='word_1_434' title='bbox 2093 2334 2277 2390; x_wconf 79' lang='grc' dir='ltr'>αὐτῶν</span> <span class='ocrx_word' id='word_1_435' title='bbox 2303 2335 2602 2392; x_wconf 80' lang='grc' dir='ltr'>ἐπίσκοπον</span> <span class='ocrx_word' id='word_1_436' title='bbox 2621 2377 2640 2403; x_wconf 87' lang='grc'><strong>,</strong></span> <span class='ocrx_word' id='word_1_437' title='bbox 2671 2337 2939 2411; x_wconf 80' lang='grc' dir='ltr'>γηραλέον</span> <span class='ocrx_word' id='word_1_438' title='bbox 2980 2338 3109 2394; x_wconf 75' lang='grc' dir='ltr'>ὄντα</span> <span class='ocrx_word' id='word_1_439' title='bbox 3127 2379 3144 2408; x_wconf 92' lang='grc'><strong>,</strong></span> <span class='ocrx_word' id='word_1_440' title='bbox 3168 2341 3329 2415; x_wconf 73' lang='grc' dir='ltr'>πολιᾷ</span> <span class='ocrx_word' id='word_1_441' title='bbox 3361 2361 3422 2398; x_wconf 87' lang='grc' dir='ltr'><strong>τε</strong></span> <span class='ocrx_word' id='word_1_442' title='bbox 3449 2344 3544 2400; x_wconf 80' lang='grc' dir='ltr'>καὶ</span> <span class='ocrx_word' id='word_1_443' title='bbox 3569 2345 3676 2418; x_wconf 77' lang='grc' dir='ltr'><strong>βίῳ</strong></span> 
     </span>
    </p>
   </div>
   <div class='ocr_carea' id='block_1_66' title="bbox 2093 2427 3667 2511">
    <p class='ocr_par' dir='ltr' id='par_1_66' title="bbox 2093 2427 3667 2511">
     <span class='ocr_line' id='line_1_66' title="bbox 2093 2427 3667 2511; baseline 0.006 -31"><span class='ocrx_word' id='word_1_444' title='bbox 2093 2427 2392 2500; x_wconf 73' lang='grc' dir='ltr'>αἰδέσιμον,</span> <span class='ocrx_word' id='word_1_445' title='bbox 2417 2429 2662 2492; x_wconf 84' lang='grc' dir='ltr'>ἐλεεινῶς</span> <span class='ocrx_word' id='word_1_446' title='bbox 2687 2430 3042 2504; x_wconf 73' lang='grc' dir='ltr'>διεχρήσαντο</span> <span class='ocrx_word' id='word_1_447' title='bbox 3059 2445 3077 2462; x_wconf 87' lang='grc'>⁶</span> <span class='ocrx_word' id='word_1_448' title='bbox 3109 2434 3298 2490; x_wconf 85' lang='grc' dir='ltr'>τοῦτον</span> <span class='ocrx_word' id='word_1_449' title='bbox 3321 2435 3382 2491; x_wconf 76' lang='grc' dir='ltr'><strong>δέ</strong></span> <span class='ocrx_word' id='word_1_450' title='bbox 3401 2435 3498 2491; x_wconf 79' lang='grc' dir='ltr'>καὶ</span> <span class='ocrx_word' id='word_1_451' title='bbox 3528 2438 3667 2511; x_wconf 79' lang='grc' dir='ltr'>πρόο</span> 
     </span>
    </p>
   </div>
   <div class='ocr_carea' id='block_1_67' title="bbox 2092 2517 3674 2600">
    <p class='ocr_par' dir='ltr' id='par_1_67' title="bbox 2092 2517 3674 2600">
     <span class='ocr_line' id='line_1_67' title="bbox 2092 2517 3674 2600; baseline 0.007 -27"><span class='ocrx_word' id='word_1_452' title='bbox 2092 2536 2252 2592; x_wconf 82' lang='grc' dir='ltr'>τερον</span> <span class='ocrx_word' id='word_1_453' title='bbox 2304 2521 2363 2575; x_wconf 89' lang='grc' dir='ltr'><strong>ἐν</strong></span> <span class='ocrx_word' id='word_1_454' title='bbox 2419 2522 2555 2594; x_wconf 74' lang='grc' dir='ltr'>ὀργῇ</span> <span class='ocrx_word' id='word_1_455' title='bbox 2610 2517 2778 2595; x_wconf 73' lang='grc' dir='ltr'>εἶχον.</span> <span class='ocrx_word' id='word_1_456' title='bbox 2828 2524 3244 2597; x_wconf 80' lang='grc' dir='ltr'>Προθυμότερον</span> <span class='ocrx_word' id='word_1_457' title='bbox 3292 2526 3405 2600; x_wconf 82' lang='grc' dir='ltr'><strong>γὰρ</strong></span> <span class='ocrx_word' id='word_1_458' title='bbox 3455 2528 3489 2600; x_wconf 78' lang='grc' dir='ltr'>ἢ</span> <span class='ocrx_word' id='word_1_459' title='bbox 3531 2530 3674 2584; x_wconf 82' lang='grc' dir='ltr'>κατὰ</span> 
     </span>
    </p>
   </div>
   <div class='ocr_carea' id='block_1_68' title="bbox 2091 2611 3674 2693">
    <p class='ocr_par' dir='ltr' id='par_1_68' title="bbox 2091 2611 3674 2693">
     <span class='ocr_line' id='line_1_68' title="bbox 2091 2611 3674 2693; baseline 0.008 -29"><span class='ocrx_word' id='word_1_460' title='bbox 2091 2611 2285 2679; x_wconf 85' lang='grc' dir='ltr'>πειθῶ,</span> <span class='ocrx_word' id='word_1_461' title='bbox 2312 2613 2692 2668; x_wconf 77' lang='grc' dir='ltr'>Κωνσταντιου</span> <span class='ocrx_word' id='word_1_462' title='bbox 2718 2615 3093 2686; x_wconf 83' lang='grc' dir='ltr'>βασιλεύοντος</span> <span class='ocrx_word' id='word_1_463' title='bbox 3114 2657 3134 2684; x_wconf 87' lang='grc'><strong>,</strong></span> <span class='ocrx_word' id='word_1_464' title='bbox 3158 2619 3288 2684; x_wconf 72' lang='grc' dir='ltr'>τοὺς</span> <span class='ocrx_word' id='word_1_465' title='bbox 3324 2619 3674 2693; x_wconf 68' lang='grc' dir='ltr'>Ἑλληνιστάς</span> 
     </span>
    </p>
   </div>
   <div class='ocr_carea' id='block_1_69' title="bbox 2091 2703 3673 2783">
    <p class='ocr_par' dir='ltr' id='par_1_69' title="bbox 2091 2703 3673 2783">
     <span class='ocr_line' id='line_1_69' title="bbox 2091 2703 3673 2783; baseline 0.006 -27"><span class='ocrx_word' id='word_1_466' title='bbox 2091 2704 2171 2766; x_wconf 75' lang='grc' dir='ltr'><strong>εἰς</strong></span> <span class='ocrx_word' id='word_1_467' title='bbox 2200 2703 2624 2777; x_wconf 81' lang='grc' dir='ltr'>Χριστιανισμδν</span> <span class='ocrx_word' id='word_1_468' title='bbox 2678 2706 2923 2778; x_wconf 86' lang='grc' dir='ltr'>ἐπανῆγε</span> <span class='ocrx_word' id='word_1_469' title='bbox 2948 2749 2964 2773; x_wconf 84' lang='grc'><strong>,</strong></span> <span class='ocrx_word' id='word_1_470' title='bbox 3009 2710 3106 2764; x_wconf 82' lang='grc' dir='ltr'>καὶ</span> <span class='ocrx_word' id='word_1_471' title='bbox 3159 2709 3253 2765; x_wconf 78' lang='grc' dir='ltr'><strong>τὸν</strong></span> <span class='ocrx_word' id='word_1_472' title='bbox 3305 2713 3437 2783; x_wconf 79' lang='grc' dir='ltr'>παρ’</span> <span class='ocrx_word' id='word_1_473' title='bbox 3487 2712 3673 2777; x_wconf 81' lang='grc' dir='ltr'>αὐτοῖς</span> 
     </span>
    </p>
   </div>
   <div class='ocr_carea' id='block_1_70' title="bbox 2095 2793 3671 2863">
    <p class='ocr_par' dir='ltr' id='par_1_70' title="bbox 2095 2793 3671 2863">
     <span class='ocr_line' id='line_1_70' title="bbox 2095 2793 3671 2863; baseline 0.006 -18"><span class='ocrx_word' id='word_1_474' title='bbox 2095 2793 2422 2863; x_wconf 83' lang='grc' dir='ltr'>σεμνότατον</span> <span class='ocrx_word' id='word_1_475' title='bbox 2449 2795 2545 2850; x_wconf 78' lang='grc' dir='ltr'>καὶ</span> <span class='ocrx_word' id='word_1_476' title='bbox 2570 2796 3023 2854; x_wconf 70' lang='grc' dir='ltr'>πολυτελέστατον</span> <span class='ocrx_word' id='word_1_477' title='bbox 3047 2798 3175 2855; x_wconf 77' lang='grc' dir='ltr'>ναὸν</span> <span class='ocrx_word' id='word_1_478' title='bbox 3201 2800 3470 2859; x_wconf 83' lang='grc' dir='ltr'>καθεῖλεν.</span> <span class='ocrx_word' id='word_1_479' title='bbox 3517 2803 3671 2856; x_wconf 76' lang='grc' dir='ltr'>Ἐπεὶ</span> 
     </span>
    </p>
   </div>
   <div class='ocr_carea' id='block_1_71' title="bbox 2091 2884 3672 2963">
    <p class='ocr_par' dir='ltr' id='par_1_71' title="bbox 2091 2884 3672 2963">
     <span class='ocr_line' id='line_1_71' title="bbox 2091 2884 3672 2963; baseline 0.006 -26"><span class='ocrx_word' id='word_1_480' title='bbox 2091 2884 2149 2938; x_wconf 83' lang='grc' dir='ltr'>δὲ</span> <span class='ocrx_word' id='word_1_481' title='bbox 2178 2885 2475 2955; x_wconf 81' lang='grc' dir='ltr'>μετέπεσεν</span> <span class='ocrx_word' id='word_1_482' title='bbox 2506 2887 2588 2952; x_wconf 80' lang='grc' dir='ltr'><strong>εις</strong></span> <span class='ocrx_word' id='word_1_483' title='bbox 2620 2888 2903 2944; x_wconf 71' lang='grc' dir='ltr'>Ἰουλιανόν</span> <span class='ocrx_word' id='word_1_484' title='bbox 2927 2891 2962 2961; x_wconf 75' lang='grc' dir='ltr'>ἡ</span> <span class='ocrx_word' id='word_1_485' title='bbox 2991 2891 3156 2963; x_wconf 74' lang='grc' dir='ltr'>ἁρχὴ,</span> <span class='ocrx_word' id='word_1_486' title='bbox 3175 2893 3534 2963; x_wconf 82' lang='grc' dir='ltr'>κεκινημένον</span> <span class='ocrx_word' id='word_1_487' title='bbox 3572 2895 3672 2946; x_wconf 82' lang='grc' dir='ltr'>ἐπ’</span> 
     </span>
    </p>
   </div>
   <div class='ocr_carea' id='block_1_72' title="bbox 2091 2974 3670 3052">
    <p class='ocr_par' dir='ltr' id='par_1_72' title="bbox 2091 2974 3670 3052">
     <span class='ocr_line' id='line_1_72' title="bbox 2091 2974 3670 3052; baseline 0.005 -25"><span class='ocrx_word' id='word_1_488' title='bbox 2091 2974 2256 3030; x_wconf 81' lang='grc' dir='ltr'>αὑτὸν</span> <span class='ocrx_word' id='word_1_489' title='bbox 2284 2975 2377 3030; x_wconf 80' lang='grc' dir='ltr'>τὸν</span> <span class='ocrx_word' id='word_1_490' title='bbox 2407 2976 2578 3048; x_wconf 83' lang='grc' dir='ltr'>δῆμον</span> <span class='ocrx_word' id='word_1_491' title='bbox 2609 2977 2774 3050; x_wconf 85' lang='grc' dir='ltr'>δρῶν,</span> <span class='ocrx_word' id='word_1_492' title='bbox 2808 2978 2927 3050; x_wconf 71' lang='grc' dir='ltr'>ἅμα</span> <span class='ocrx_word' id='word_1_493' title='bbox 2950 2978 3007 3034; x_wconf 83' lang='grc' dir='ltr'><strong>δέ</strong></span> <span class='ocrx_word' id='word_1_494' title='bbox 3037 2980 3131 3034; x_wconf 70' lang='grc' dir='ltr'><strong>καὶ</strong></span> <span class='ocrx_word' id='word_1_495' title='bbox 3173 2980 3314 3035; x_wconf 81' lang='grc' dir='ltr'>κατὰ</span> <span class='ocrx_word' id='word_1_496' title='bbox 3341 2980 3670 3052; x_wconf 82' lang='grc' dir='ltr'>πρόσταγμα</span> 
     </span>
    </p>
   </div>
   <div class='ocr_carea' id='block_1_73' title="bbox 2095 3067 3670 3143">
    <p class='ocr_par' dir='ltr' id='par_1_73' title="bbox 2095 3067 3670 3143">
     <span class='ocr_line' id='line_1_73' title="bbox 2095 3067 3670 3143; baseline 0.002 -21"><span class='ocrx_word' id='word_1_497' title='bbox 2095 3067 2358 3140; x_wconf 83' lang='grc' dir='ltr'>βασιλέως</span> <span class='ocrx_word' id='word_1_498' title='bbox 2383 3069 2800 3134; x_wconf 79' lang='grc' dir='ltr'>καταδικασθεὶς</span> <span class='ocrx_word' id='word_1_499' title='bbox 2824 3109 2840 3134; x_wconf 86' lang='grc'><strong>,</strong></span> <span class='ocrx_word' id='word_1_500' title='bbox 2867 3069 2901 3142; x_wconf 74' lang='grc' dir='ltr'>ἢ</span> <span class='ocrx_word' id='word_1_501' title='bbox 2923 3071 3022 3142; x_wconf 87' lang='grc' dir='ltr'>τὴν</span> <span class='ocrx_word' id='word_1_502' title='bbox 3050 3071 3380 3143; x_wconf 76' lang='grc' dir='ltr'>ἀποτίμησιν</span> <span class='ocrx_word' id='word_1_503' title='bbox 3412 3071 3508 3125; x_wconf 83' lang='grc' dir='ltr'><strong>τοῦ</strong></span> <span class='ocrx_word' id='word_1_504' title='bbox 3540 3070 3670 3125; x_wconf 81' lang='grc' dir='ltr'>ναοῦ</span> 
     </span>
    </p>
   </div>
   <div class='ocr_carea' id='block_1_74' title="bbox 2092 3159 3668 3233">
    <p class='ocr_par' dir='ltr' id='par_1_74' title="bbox 2092 3159 3668 3233">
     <span class='ocr_line' id='line_1_74' title="bbox 2092 3159 3668 3233; baseline 0.003 -21"><span class='ocrx_word' id='word_1_505' title='bbox 2092 3159 2308 3213; x_wconf 71' lang='grc' dir='ltr'>ἐκτῖσαι</span> <span class='ocrx_word' id='word_1_506' title='bbox 2332 3201 2346 3225; x_wconf 84' lang='grc'><strong>,</strong></span> <span class='ocrx_word' id='word_1_507' title='bbox 2391 3160 2425 3232; x_wconf 79' lang='grc' dir='ltr'><strong>ή</strong></span> <span class='ocrx_word' id='word_1_508' title='bbox 2476 3160 2668 3215; x_wconf 83' lang='grc' dir='ltr'>τοῦτον</span> <span class='ocrx_word' id='word_1_509' title='bbox 2722 3161 3174 3233; x_wconf 80' lang='grc' dir='ltr'>ἀνοικοδομῆσαι·</span> <span class='ocrx_word' id='word_1_510' title='bbox 3207 3161 3566 3232; x_wconf 80' lang='grc' dir='ltr'>λογισάμενος</span> <span class='ocrx_word' id='word_1_511' title='bbox 3593 3162 3668 3225; x_wconf 81' lang='grc' dir='ltr'>ὡς</span> 
     </span>
    </p>
   </div>
   <div class='ocr_carea' id='block_1_75' title="bbox 2091 3251 3668 3327">
    <p class='ocr_par' dir='ltr' id='par_1_75' title="bbox 2091 3251 3668 3327">
     <span class='ocr_line' id='line_1_75' title="bbox 2091 3251 3668 3327; baseline 0.001 -20"><span class='ocrx_word' id='word_1_512' title='bbox 2091 3252 2351 3307; x_wconf 87' lang='grc' dir='ltr'>ἀδύνατον</span> <span class='ocrx_word' id='word_1_513' title='bbox 2402 3251 2661 3324; x_wconf 78' lang='grc' dir='ltr'>ἑκάτερον</span> <span class='ocrx_word' id='word_1_514' title='bbox 2685 3293 2701 3319; x_wconf 87' lang='grc'><strong>,</strong></span> <span class='ocrx_word' id='word_1_515' title='bbox 2735 3254 3048 3327; x_wconf 83' lang='grc' dir='ltr'>Χριστιανῷ</span> <span class='ocrx_word' id='word_1_516' title='bbox 3095 3254 3152 3309; x_wconf 79' lang='grc' dir='ltr'>δὲ</span> <span class='ocrx_word' id='word_1_517' title='bbox 3201 3254 3378 3320; x_wconf 71' lang='grc' dir='ltr'>ἄλλως</span> <span class='ocrx_word' id='word_1_518' title='bbox 3412 3255 3668 3326; x_wconf 75' lang='grc' dir='ltr'>ἀθέμιτον</span> 
     </span>
    </p>
   </div>
   <div class='ocr_carea' id='block_1_76' title="bbox 2091 3341 3665 3418">
    <p class='ocr_par' dir='ltr' id='par_1_76' title="bbox 2091 3341 3665 3418">
     <span class='ocr_line' id='line_1_76' title="bbox 2091 3341 3665 3418; baseline 0.003 -23"><span class='ocrx_word' id='word_1_519' title='bbox 2091 3342 2152 3396; x_wconf 72' lang='grc' dir='ltr'>τὸ</span> <span class='ocrx_word' id='word_1_520' title='bbox 2199 3341 2482 3415; x_wconf 86' lang='grc' dir='ltr'>δεύτερον,</span> <span class='ocrx_word' id='word_1_521' title='bbox 2526 3346 2657 3416; x_wconf 83' lang='grc' dir='ltr'>μήτι</span> <span class='ocrx_word' id='word_1_522' title='bbox 2704 3363 2769 3414; x_wconf 89' lang='grc' dir='ltr'><strong>γε</strong></span> <span class='ocrx_word' id='word_1_523' title='bbox 2824 3345 2889 3416; x_wconf 82' lang='grc' dir='ltr'>δὴ</span> <span class='ocrx_word' id='word_1_524' title='bbox 2926 3348 3094 3417; x_wconf 78' lang='grc' dir='ltr'>ἱερεῖ,</span> <span class='ocrx_word' id='word_1_525' title='bbox 3135 3345 3303 3416; x_wconf 76' lang='grc' dir='ltr'>ἔφυγε</span> <span class='ocrx_word' id='word_1_526' title='bbox 3337 3345 3408 3400; x_wconf 79' lang='grc' dir='ltr'>τὰ</span> <span class='ocrx_word' id='word_1_527' title='bbox 3453 3346 3665 3418; x_wconf 84' lang='grc' dir='ltr'>πρῶτα.</span> 
     </span>
    </p>
   </div>
   <div class='ocr_carea' id='block_1_77' title="bbox 2092 3433 3669 3508">
    <p class='ocr_par' dir='ltr' id='par_1_77' title="bbox 2092 3433 3669 3508">
     <span class='ocr_line' id='line_1_77' title="bbox 2092 3433 3669 3508; baseline 0.002 -19"><span class='ocrx_word' id='word_1_528' title='bbox 2092 3433 2295 3489; x_wconf 86' lang='grc' dir='ltr'>Μαθὼν</span> <span class='ocrx_word' id='word_1_529' title='bbox 2323 3433 2381 3488; x_wconf 82' lang='grc' dir='ltr'>δὲ</span> <span class='ocrx_word' id='word_1_530' title='bbox 2411 3435 2481 3488; x_wconf 84' lang='grc' dir='ltr'>δι’</span> <span class='ocrx_word' id='word_1_531' title='bbox 2503 3435 2666 3490; x_wconf 82' lang='grc' dir='ltr'>αὐτὸν</span> <span class='ocrx_word' id='word_1_532' title='bbox 2695 3436 3023 3491; x_wconf 86' lang='grc' dir='ltr'>κινδυνεύειν</span> <span class='ocrx_word' id='word_1_533' title='bbox 3064 3437 3291 3501; x_wconf 76' lang='grc' dir='ltr'>πολλοὺς</span> <span class='ocrx_word' id='word_1_534' title='bbox 3315 3438 3463 3508; x_wconf 83' lang='grc'>(90),</span> <span class='ocrx_word' id='word_1_535' title='bbox 3511 3436 3669 3492; x_wconf 79' lang='grc' dir='ltr'>ἑλκυ-</span> 
     </span>
    </p>
   </div>
   <div class='ocr_carea' id='block_1_78' title="bbox 2099 3526 3668 3601">
    <p class='ocr_par' dir='ltr' id='par_1_78' title="bbox 2099 3526 3668 3601">
     <span class='ocr_line' id='line_1_78' title="bbox 2099 3526 3668 3601; baseline 0.001 -21"><span class='ocrx_word' id='word_1_536' title='bbox 2099 3526 2320 3598; x_wconf 75' lang='grc' dir='ltr'>σμάτων</span> <span class='ocrx_word' id='word_1_537' title='bbox 2355 3545 2416 3581; x_wconf 88' lang='grc' dir='ltr'><strong>τε</strong></span> <span class='ocrx_word' id='word_1_538' title='bbox 2445 3527 2541 3581; x_wconf 81' lang='grc' dir='ltr'>καὶ</span> <span class='ocrx_word' id='word_1_539' title='bbox 2564 3527 2926 3601; x_wconf 81' lang='grc' dir='ltr'>δικαστηρίων</span> <span class='ocrx_word' id='word_1_540' title='bbox 2955 3529 3050 3583; x_wconf 77' lang='grc' dir='ltr'>καὶ</span> <span class='ocrx_word' id='word_1_541' title='bbox 3089 3527 3197 3582; x_wconf 81' lang='grc' dir='ltr'>τῶν</span> <span class='ocrx_word' id='word_1_542' title='bbox 3227 3529 3285 3582; x_wconf 85' lang='grc' dir='ltr'><strong>ἐν</strong></span> <span class='ocrx_word' id='word_1_543' title='bbox 3312 3527 3524 3593; x_wconf 89' lang='grc' dir='ltr'>τούτοις</span> <span class='ocrx_word' id='word_1_544' title='bbox 3547 3545 3668 3582; x_wconf 80' lang='grc' dir='ltr'>πειο</span> 
     </span>
    </p>
   </div>
   <div class='ocr_carea' id='block_1_79' title="bbox 2099 3619 3672 3694">
    <p class='ocr_par' dir='ltr' id='par_1_79' title="bbox 2099 3619 3672 3694">
     <span class='ocr_line' id='line_1_79' title="bbox 2099 3619 3672 3694; baseline 0.002 -20"><span class='ocrx_word' id='word_1_545' title='bbox 2099 3619 2296 3691; x_wconf 72' lang='grc' dir='ltr'>ρᾶσθαι</span> <span class='ocrx_word' id='word_1_546' title='bbox 2319 3619 2504 3674; x_wconf 87' lang='grc' dir='ltr'>δεινῶν</span> <span class='ocrx_word' id='word_1_547' title='bbox 2525 3663 2538 3685; x_wconf 91' lang='grc'><strong>,</strong></span> <span class='ocrx_word' id='word_1_548' title='bbox 2568 3620 2868 3692; x_wconf 74' lang='grc' dir='ltr'>ἐπανῆλθεν</span> <span class='ocrx_word' id='word_1_549' title='bbox 2894 3620 3003 3676; x_wconf 78' lang='grc' dir='ltr'><strong>ἀπὸ</strong></span> <span class='ocrx_word' id='word_1_550' title='bbox 3041 3621 3142 3692; x_wconf 88' lang='grc' dir='ltr'><strong>τῆς</strong></span> <span class='ocrx_word' id='word_1_551' title='bbox 3169 3623 3348 3694; x_wconf 80' lang='grc' dir='ltr'>φυγῆς</span> <span class='ocrx_word' id='word_1_552' title='bbox 3372 3661 3388 3686; x_wconf 92' lang='grc'><strong>,</strong></span> <span class='ocrx_word' id='word_1_553' title='bbox 3431 3621 3528 3675; x_wconf 78' lang='grc' dir='ltr'>καὶ</span> <span class='ocrx_word' id='word_1_554' title='bbox 3555 3621 3672 3677; x_wconf 84' lang='grc' dir='ltr'>ἐθε-</span> 
     </span>
    </p>
   </div>
   <div class='ocr_carea' id='block_1_80' title="bbox 2097 3711 3673 3784">
    <p class='ocr_par' dir='ltr' id='par_1_80' title="bbox 2097 3711 3673 3784">
     <span class='ocr_line' id='line_1_80' title="bbox 2097 3711 3673 3784; baseline 0.001 -19"><span class='ocrx_word' id='word_1_555' title='bbox 2097 3711 2287 3784; x_wconf 81' lang='grc' dir='ltr'>λοντὴς</span> <span class='ocrx_word' id='word_1_556' title='bbox 2314 3713 2343 3766; x_wconf 85' lang='grc' dir='ltr'><strong>ὅ</strong></span> <span class='ocrx_word' id='word_1_557' title='bbox 2390 3730 2442 3766; x_wconf 91' lang='grc' dir='ltr'>τι</span> <span class='ocrx_word' id='word_1_558' title='bbox 2491 3712 2762 3784; x_wconf 85' lang='grc' dir='ltr'>βούλοιντο</span> <span class='ocrx_word' id='word_1_559' title='bbox 2790 3711 2951 3766; x_wconf 79' lang='grc' dir='ltr'>αὑτὸν</span> <span class='ocrx_word' id='word_1_560' title='bbox 2989 3711 3121 3784; x_wconf 78' lang='grc' dir='ltr'>δρᾷν</span> <span class='ocrx_word' id='word_1_561' title='bbox 3147 3711 3224 3783; x_wconf 87' lang='grc' dir='ltr'>τῷ</span> <span class='ocrx_word' id='word_1_562' title='bbox 3265 3711 3460 3784; x_wconf 86' lang='grc' dir='ltr'>πλήθει</span> <span class='ocrx_word' id='word_1_563' title='bbox 3506 3729 3673 3784; x_wconf 81' lang='grc' dir='ltr'>προσ-</span> 
     </span>
    </p>
   </div>
   <div class='ocr_carea' id='block_1_81' title="bbox 2097 3795 3673 3875">
    <p class='ocr_par' dir='ltr' id='par_1_81' title="bbox 2097 3795 3673 3875">
     <span class='ocr_line' id='line_1_81' title="bbox 2097 3795 3673 3875; baseline -0.002 -17"><span class='ocrx_word' id='word_1_564' title='bbox 2097 3805 2324 3874; x_wconf 85' lang='grc' dir='ltr'>ήγαγεν.</span> <span class='ocrx_word' id='word_1_565' title='bbox 2350 3804 2413 3858; x_wconf 85' lang='lat' dir='ltr'><strong>Oi</strong></span> <span class='ocrx_word' id='word_1_566' title='bbox 2452 3803 2510 3857; x_wconf 84' lang='grc' dir='ltr'><strong>δέ</strong></span> <span class='ocrx_word' id='word_1_567' title='bbox 2537 3843 2553 3869; x_wconf 91' lang='grc'><strong>,</strong></span> <span class='ocrx_word' id='word_1_568' title='bbox 2587 3803 2648 3870; x_wconf 80' lang='grc' dir='ltr'>ἐξ</span> <span class='ocrx_word' id='word_1_569' title='bbox 2675 3795 2751 3858; x_wconf 83' lang='grc' dir='ltr'>ὧν</span> <span class='ocrx_word' id='word_1_570' title='bbox 2794 3802 2901 3857; x_wconf 70' lang='grc' dir='ltr'>ἔδει</span> <span class='ocrx_word' id='word_1_571' title='bbox 2947 3801 3111 3857; x_wconf 77' lang='grc' dir='ltr'>πλέον</span> <span class='ocrx_word' id='word_1_572' title='bbox 3138 3803 3377 3875; x_wconf 77' lang='grc' dir='ltr'>ἐπαινεῖν</span> <span class='ocrx_word' id='word_1_573' title='bbox 3407 3801 3572 3858; x_wconf 78' lang='grc' dir='ltr'>αὐτὸν</span> <span class='ocrx_word' id='word_1_574' title='bbox 3597 3800 3673 3866; x_wconf 80' lang='grc' dir='ltr'><strong>ὡς</strong></span> 
     </span>
    </p>
   </div>
   <div class='ocr_carea' id='block_1_82' title="bbox 2100 3891 3675 3967">
    <p class='ocr_par' dir='ltr' id='par_1_82' title="bbox 2100 3891 3675 3967">
     <span class='ocr_line' id='line_1_82' title="bbox 2100 3891 3675 3967; baseline -0.001 -19"><span class='ocrx_word' id='word_1_575' title='bbox 2100 3893 2373 3967; x_wconf 76' lang='grc' dir='ltr'>φιλοσόφῳ</span> <span class='ocrx_word' id='word_1_576' title='bbox 2416 3895 2739 3967; x_wconf 86' lang='grc' dir='ltr'>πρέπουσαν</span> <span class='ocrx_word' id='word_1_577' title='bbox 2782 3893 2984 3966; x_wconf 79' lang='grc' dir='ltr'>πρᾶξιν</span> <span class='ocrx_word' id='word_1_578' title='bbox 3027 3891 3471 3965; x_wconf 79' lang='grc' dir='ltr'>ἐπιδειξάμενον,</span> <span class='ocrx_word' id='word_1_579' title='bbox 3505 3891 3675 3965; x_wconf 60' lang='grc' dir='ltr'><strong>ὕδωρ·</strong></span> 
     </span>
    </p>
   </div>
   <div class='ocr_carea' id='block_1_83' title="bbox 1583 4221 2440 4284">
    <p class='ocr_par' dir='ltr' id='par_1_83' title="bbox 1583 4221 2440 4284">
     <span class='ocr_line' id='line_1_83' title="bbox 1583 4221 2440 4284; baseline -0.005 -2"><span class='ocrx_word' id='word_1_580' title='bbox 1583 4225 1848 4283; x_wconf 78' lang='lat' dir='ltr'><strong>VALESII</strong></span> <span class='ocrx_word' id='word_1_581' title='bbox 1885 4221 2329 4284; x_wconf 69' lang='grc' dir='ltr'><strong>ΑΝΝΟΤΑΤΙΟΝ</strong></span> <span class='ocrx_word' id='word_1_582' title='bbox 2337 4222 2440 4278; x_wconf 83' lang='lat' dir='ltr'><strong>ES.</strong></span> 
     </span>
    </p>
   </div>
   <div class='ocr_carea' id='block_1_84' title="bbox 491 4377 1992 4454">
    <p class='ocr_par' dir='ltr' id='par_1_84' title="bbox 491 4377 1992 4454">
     <span class='ocr_line' id='line_1_84' title="bbox 491 4377 1992 4454; baseline 0.003 -19"><span class='ocrx_word' id='word_1_583' title='bbox 491 4378 602 4454; x_wconf 64' lang='lat'><strong>(89)</strong></span> <span class='ocrx_word' id='word_1_584' title='bbox 645 4377 1222 4454; x_wconf 50' lang='lat' dir='ltr'><strong>Etréxetpornﬁtde.</strong></span> <span class='ocrx_word' id='word_1_585' title='bbox 1279 4379 1426 4454; x_wconf 82' lang='lat' dir='ltr'><strong>idem</strong></span> <span class='ocrx_word' id='word_1_586' title='bbox 1471 4383 1645 4454; x_wconf 78' lang='lat' dir='ltr'><strong>refert</strong></span> <span class='ocrx_word' id='word_1_587' title='bbox 1693 4382 1992 4454; x_wconf 83' lang='lat' dir='ltr'><strong>Gregorius</strong></span> 
     </span>
    </p>
   </div>
   <div class='ocr_carea' id='block_1_85' title="bbox 418 4448 1987 4520">
    <p class='ocr_par' dir='ltr' id='par_1_85' title="bbox 418 4448 1987 4520">
     <span class='ocr_line' id='line_1_85' title="bbox 418 4448 1987 4520; baseline 0.004 -18"><span class='ocrx_word' id='word_1_588' title='bbox 418 4448 797 4520; x_wconf 38' lang='lat' dir='ltr'><strong>NaZia&#39;ttaettus</strong></span> <span class='ocrx_word' id='word_1_589' title='bbox 827 4450 881 4503; x_wconf 93' lang='lat' dir='ltr'><strong>in</strong></span> <span class='ocrx_word' id='word_1_590' title='bbox 909 4449 1090 4518; x_wconf 89' lang='lat' dir='ltr'><strong>priore</strong></span> <span class='ocrx_word' id='word_1_591' title='bbox 1124 4448 1388 4506; x_wconf 80' lang='lat' dir='ltr'><strong>Invectiva</strong></span> <span class='ocrx_word' id='word_1_592' title='bbox 1411 4451 1662 4508; x_wconf 78' lang='lat' dir='ltr'><strong>adversus</strong></span> <span class='ocrx_word' id='word_1_593' title='bbox 1687 4448 1987 4520; x_wconf 59' lang='lat' dir='ltr'><strong>lulianum,</strong></span> 
     </span>
    </p>
   </div>
   <div class='ocr_carea' id='block_1_86' title="bbox 421 4518 1990 4592">
    <p class='ocr_par' dir='ltr' id='par_1_86' title="bbox 421 4518 1990 4592">
     <span class='ocr_line' id='line_1_86' title="bbox 421 4518 1990 4592; baseline 0.006 -21"><span class='ocrx_word' id='word_1_594' title='bbox 421 4533 546 4588; x_wconf 86' lang='lat' dir='ltr'><strong>pag.</strong></span> <span class='ocrx_word' id='word_1_595' title='bbox 585 4519 674 4592; x_wconf 87' lang='lat'><strong>8_7,</strong></span> <span class='ocrx_word' id='word_1_596' title='bbox 705 4518 804 4592; x_wconf 72' lang='lat' dir='ltr'><strong>ubi</strong></span> <span class='ocrx_word' id='word_1_597' title='bbox 818 4521 1020 4592; x_wconf 81' lang='lat' dir='ltr'><strong>eodem</strong></span> <span class='ocrx_word' id='word_1_598' title='bbox 1044 4520 1229 4592; x_wconf 8' lang='lat' dir='ltr'><strong>_verbog</strong></span> <span class='ocrx_word' id='word_1_599' title='bbox 1250 4524 1433 4592; x_wconf 81' lang='lat' dir='ltr'><strong>utitur</strong></span> <span class='ocrx_word' id='word_1_600' title='bbox 1456 4539 1565 4592; x_wconf 90' lang='lat' dir='ltr'><strong>quo</strong></span> <span class='ocrx_word' id='word_1_601' title='bbox 1597 4523 1685 4577; x_wconf 90' lang='lat' dir='ltr'><strong>hic</strong></span> <span class='ocrx_word' id='word_1_602' title='bbox 1729 4518 1990 4580; x_wconf 56' lang='lat' dir='ltr'><strong>Sozome-l</strong></span> 
     </span>
    </p>
   </div>
   <div class='ocr_carea' id='block_1_87' title="bbox 418 4586 1985 4663">
    <p class='ocr_par' dir='ltr' id='par_1_87' title="bbox 418 4586 1985 4663">
     <span class='ocr_line' id='line_1_87' title="bbox 418 4586 1985 4663; baseline 0.007 -25"><span class='ocrx_word' id='word_1_603' title='bbox 418 4586 547 4663; x_wconf 66' lang='lat' dir='ltr'><strong>nus.</strong></span> <span class='ocrx_word' id='word_1_604' title='bbox 602 4587 677 4663; x_wconf 89' lang='lat' dir='ltr'><strong>Et_</strong></span> <span class='ocrx_word' id='word_1_605' title='bbox 707 4586 900 4663; x_wconf 82' lang='lat' dir='ltr'><strong>Billius</strong></span> <span class='ocrx_word' id='word_1_606' title='bbox 931 4589 1150 4658; x_wconf 89' lang='lat' dir='ltr'><strong>quidem</strong></span> <span class='ocrx_word' id='word_1_607' title='bbox 1182 4589 1266 4642; x_wconf 91' lang='lat' dir='ltr'><strong>vir</strong></span> <span class='ocrx_word' id='word_1_608' title='bbox 1293 4586 1671 4663; x_wconf 78' lang='lat' dir='ltr'><strong>doctissimus.</strong></span> <span class='ocrx_word' id='word_1_609' title='bbox 1721 4597 1813 4663; x_wconf 90' lang='lat' dir='ltr'><strong>qui</strong></span> <span class='ocrx_word' id='word_1_610' title='bbox 1847 4594 1985 4649; x_wconf 85' lang='lat' dir='ltr'><strong>Gre-</strong></span> 
     </span>
    </p>
   </div>
   <div class='ocr_carea' id='block_1_88' title="bbox 2099 4380 3667 4452">
    <p class='ocr_par' dir='ltr' id='par_1_88' title="bbox 2099 4380 3667 4452">
     <span class='ocr_line' id='line_1_88' title="bbox 2099 4380 3667 4452; baseline 0 -14"><span class='ocrx_word' id='word_1_611' title='bbox 2099 4383 2292 4447; x_wconf 88' lang='lat' dir='ltr'><strong>fuisse,</strong></span> <span class='ocrx_word' id='word_1_612' title='bbox 2334 4389 2394 4437; x_wconf 90' lang='lat' dir='ltr'><strong>ut</strong></span> <span class='ocrx_word' id='word_1_613' title='bbox 2429 4389 2664 4452; x_wconf 89' lang='lat' dir='ltr'><strong>_constat</strong></span> <span class='ocrx_word' id='word_1_614' title='bbox 2714 4396 2782 4438; x_wconf 79' lang='lat' dir='ltr'><strong>ex</strong></span> <span class='ocrx_word' id='word_1_615' title='bbox 2833 4381 3069 4452; x_wconf 89' lang='lat' dir='ltr'><strong>concilio</strong></span> <span class='ocrx_word' id='word_1_616' title='bbox 3114 4380 3440 4452; x_wconf 80' lang='lat' dir='ltr'><strong>Gangrensi.</strong></span> <span class='ocrx_word' id='word_1_617' title='bbox 3488 4381 3667 4452; x_wconf 18' lang='lat' dir='ltr'><strong>ildqtte</strong></span> 
     </span>
    </p>
   </div>
   <div class='ocr_carea' id='block_1_89' title="bbox 2097 4450 3660 4522">
    <p class='ocr_par' dir='ltr' id='par_1_89' title="bbox 2097 4450 3660 4522">
     <span class='ocr_line' id='line_1_89' title="bbox 2097 4450 3660 4522; baseline -0.002 -14"><span class='ocrx_word' id='word_1_618' title='bbox 2097 4454 2260 4509; x_wconf 89' lang='lat' dir='ltr'><strong>etiam</strong></span> <span class='ocrx_word' id='word_1_619' title='bbox 2309 4453 2363 4506; x_wconf 93' lang='lat' dir='ltr'><strong>in</strong></span> <span class='ocrx_word' id='word_1_620' title='bbox 2414 4450 2586 4522; x_wconf 80' lang='lat' dir='ltr'><strong>Gallia</strong></span> <span class='ocrx_word' id='word_1_621' title='bbox 2643 4451 2905 4522; x_wconf 87' lang='lat' dir='ltr'><strong>usitatum</strong></span> <span class='ocrx_word' id='word_1_622' title='bbox 2941 4451 3042 4506; x_wconf 86' lang='lat' dir='ltr'><strong>fuit</strong></span> <span class='ocrx_word' id='word_1_623' title='bbox 3087 4450 3423 4522; x_wconf 79' lang='lat' dir='ltr'><strong>temperibus</strong></span> <span class='ocrx_word' id='word_1_624' title='bbox 3474 4450 3660 4522; x_wconf 72' lang='lat' dir='ltr'><strong>Caroli</strong></span> 
     </span>
    </p>
   </div>
   <div class='ocr_carea' id='block_1_90' title="bbox 2097 4521 3663 4590">
    <p class='ocr_par' dir='ltr' id='par_1_90' title="bbox 2097 4521 3663 4590">
     <span class='ocr_line' id='line_1_90' title="bbox 2097 4521 3663 4590; baseline -0.002 -13"><span class='ocrx_word' id='word_1_625' title='bbox 2097 4523 2272 4588; x_wconf 85' lang='lat' dir='ltr'><strong>Calvi,</strong></span> <span class='ocrx_word' id='word_1_626' title='bbox 2308 4529 2369 4576; x_wconf 89' lang='lat' dir='ltr'><strong>ut</strong></span> <span class='ocrx_word' id='word_1_627' title='bbox 2413 4521 2572 4576; x_wconf 89' lang='lat' dir='ltr'><strong>docet</strong></span> <span class='ocrx_word' id='word_1_628' title='bbox 2619 4537 2796 4577; x_wconf 89' lang='lat' dir='ltr'><strong>canon</strong></span> <span class='ocrx_word' id='word_1_629' title='bbox 2828 4521 2858 4574; x_wconf 89' lang='lat'><strong>7</strong></span> <span class='ocrx_word' id='word_1_630' title='bbox 2888 4522 3106 4576; x_wconf 92' lang='lat' dir='ltr'><strong>concilii</strong></span> <span class='ocrx_word' id='word_1_631' title='bbox 3142 4521 3213 4575; x_wconf 42' lang='lat' dir='ltr'><strong>in’</strong></span> <span class='ocrx_word' id='word_1_632' title='bbox 3233 4535 3400 4576; x_wconf 91' lang='lat' dir='ltr'><strong>verno</strong></span> <span class='ocrx_word' id='word_1_633' title='bbox 3437 4521 3663 4590; x_wconf 89' lang='lat' dir='ltr'><strong>palatio.</strong></span> 
     </span>
    </p>
   </div>
   <div class='ocr_carea' id='block_1_91' title="bbox 2097 4590 3669 4662">
    <p class='ocr_par' dir='ltr' id='par_1_91' title="bbox 2097 4590 3669 4662">
     <span class='ocr_line' id='line_1_91' title="bbox 2097 4590 3669 4662; baseline -0.001 -16"><span class='ocrx_word' id='word_1_634' title='bbox 2097 4591 2262 4662; x_wconf 85' lang='lat' dir='ltr'><strong>Plura</strong></span> <span class='ocrx_word' id='word_1_635' title='bbox 2288 4592 2410 4647; x_wconf 87' lang='lat' dir='ltr'><strong>vide</strong></span> <span class='ocrx_word' id='word_1_636' title='bbox 2450 4593 2593 4661; x_wconf 89' lang='lat' dir='ltr'><strong>apud</strong></span> <span class='ocrx_word' id='word_1_637' title='bbox 2624 4591 3283 4662; x_wconf 37' lang='lat' dir='ltr'><strong>ﬂugonemnMenardum</strong></span> <span class='ocrx_word' id='word_1_638' title='bbox 3321 4591 3374 4644; x_wconf 93' lang='lat' dir='ltr'><strong>in</strong></span> <span class='ocrx_word' id='word_1_639' title='bbox 3406 4591 3572 4662; x_wconf 89' lang='lat' dir='ltr'><strong>_notis</strong></span> <span class='ocrx_word' id='word_1_640' title='bbox 3601 4590 3669 4645; x_wconf 88' lang='lat' dir='ltr'><strong>ad</strong></span> 
     </span>
    </p>
   </div>
   <div class='ocr_carea' id='block_1_92' title="bbox 419 4656 3669 4732">
    <p class='ocr_par' dir='ltr' id='par_1_92' title="bbox 419 4656 3669 4732">
     <span class='ocr_line' id='line_1_92' title="bbox 419 4656 3669 4732; baseline 0.002 -24"><span class='ocrx_word' id='word_1_641' title='bbox 419 4657 630 4732; x_wconf 29' lang='lat' dir='ltr'><strong>g‘orium</strong></span> <span class='ocrx_word' id='word_1_642' title='bbox 656 4656 1270 4732; x_wconf 27' lang='lat' dir='ltr'><strong>Latine‘int‘erpretatus</strong></span> <span class='ocrx_word' id='word_1_643' title='bbox 1298 4668 1402 4725; x_wconf 89' lang='lat' dir='ltr'><strong>est,</strong></span> <span class='ocrx_word' id='word_1_644' title='bbox 1433 4661 1596 4732; x_wconf 81' lang='lat' dir='ltr'><strong>vertit</strong></span> <span class='ocrx_word' id='word_1_645' title='bbox 1625 4656 1981 4729; x_wconf 69' lang='lat' dir='ltr'><strong>praicindere.</strong></span> <span class='ocrx_word' id='word_1_646' title='bbox 2016 4664 2058 4720; x_wconf 90' lang='lat' dir='ltr'><strong>D</strong></span> <span class='ocrx_word' id='word_1_647' title='bbox 2091 4656 2582 4732; x_wconf 63' lang='lat' dir='ltr'><strong>Sacramentari&#39;um</strong></span> <span class='ocrx_word' id='word_1_648' title='bbox 2611 4656 2860 4732; x_wconf 73' lang='lat' dir='ltr'><strong>Gregorii</strong></span> <span class='ocrx_word' id='word_1_649' title='bbox 2903 4660 3102 4732; x_wconf 79' lang='lat' dir='ltr'><strong>Magni.</strong></span> <span class='ocrx_word' id='word_1_650' title='bbox 3140 4659 3328 4716; x_wconf 85' lang='lat' dir='ltr'><strong>Potest</strong></span> <span class='ocrx_word' id='word_1_651' title='bbox 3348 4659 3513 4716; x_wconf 86' lang='lat' dir='ltr'><strong>etiam</strong></span> <span class='ocrx_word' id='word_1_652' title='bbox 3541 4675 3669 4714; x_wconf 86' lang='lat' dir='ltr'><strong>ver-</strong></span> 
     </span>
    </p>
   </div>
   <div class='ocr_carea' id='block_1_93' title="bbox 419 4725 1982 4800">
    <p class='ocr_par' dir='ltr' id='par_1_93' title="bbox 419 4725 1982 4800">
     <span class='ocr_line' id='line_1_93' title="bbox 419 4725 1982 4800; baseline 0.006 -24"><span class='ocrx_word' id='word_1_653' title='bbox 419 4725 574 4800; x_wconf 71' lang='lat' dir='ltr'><strong>Quod</strong></span> <span class='ocrx_word' id='word_1_654' title='bbox 609 4741 718 4800; x_wconf 81' lang='lat' dir='ltr'><strong>non</strong></span> <span class='ocrx_word' id='word_1_655' title='bbox 753 4727 945 4800; x_wconf 68' lang='lat' dir='ltr'><strong>probo,</strong></span> <span class='ocrx_word' id='word_1_656' title='bbox 975 4725 1315 4800; x_wconf 78' lang='lat' dir='ltr'><strong>Nicephorus</strong></span> <span class='ocrx_word' id='word_1_657' title='bbox 1345 4744 1499 4800; x_wconf 80' lang='lat' dir='ltr'><strong>vero,</strong></span> <span class='ocrx_word' id='word_1_658' title='bbox 1549 4730 1603 4783; x_wconf 91' lang='lat' dir='ltr'><strong>in</strong></span> <span class='ocrx_word' id='word_1_659' title='bbox 1625 4725 1814 4800; x_wconf 83' lang='lat' dir='ltr'><strong>capite</strong></span> <span class='ocrx_word' id='word_1_660' title='bbox 1846 4733 1879 4787; x_wconf 91' lang='lat'><strong>9</strong></span> <span class='ocrx_word' id='word_1_661' title='bbox 1913 4733 1982 4785; x_wconf 90' lang='lat' dir='ltr'><strong>li-</strong></span> 
     </span>
    </p>
   </div>
   <div class='ocr_carea' id='block_1_94' title="bbox 2086 4731 3278 4812">
    <p class='ocr_par' dir='ltr' id='par_1_94' title="bbox 2086 4731 3278 4812">
     <span class='ocr_line' id='line_1_94' title="bbox 2086 4731 3278 4812; baseline -0.001 -26"><span class='ocrx_word' id='word_1_662' title='bbox 2086 4733 2214 4786; x_wconf 89' lang='lat' dir='ltr'><strong>bum</strong></span> <span class='ocrx_word' id='word_1_663' title='bbox 2264 4731 2574 4812; x_wconf 64' lang='grc' dir='ltr'>ἁνακείρειν</span> <span class='ocrx_word' id='word_1_664' title='bbox 2607 4731 2792 4812; x_wconf 44' lang='lat' dir='ltr'><strong>sumi.</strong></span> <span class='ocrx_word' id='word_1_665' title='bbox 2813 4746 2917 4812; x_wconf 74' lang='lat' dir='ltr'><strong>pro</strong></span> <span class='ocrx_word' id='word_1_666' title='bbox 2943 4731 3278 4812; x_wconf 81' lang='lat' dir='ltr'><strong>_deglubere,</strong></span> 
     </span>
    </p>
   </div>
   <div class='ocr_carea' id='block_1_95' title="bbox 3369 4743 3669 4785">
    <p class='ocr_par' dir='ltr' id='par_1_95' title="bbox 3369 4743 3669 4785">
     <span class='ocr_line' id='line_1_95' title="bbox 3369 4743 3669 4785; baseline -0.003 -2"><span class='ocrx_word' id='word_1_667' title='bbox 3369 4743 3440 4784; x_wconf 89' lang='lat' dir='ltr'><strong>uo</strong></span> <span class='ocrx_word' id='word_1_668' title='bbox 3497 4743 3669 4785; x_wconf 85' lang='lat' dir='ltr'><strong>sensu</strong></span> 
     </span>
    </p>
   </div>
   <div class='ocr_carea' id='block_1_96' title="bbox 420 4793 3398 4872">
    <p class='ocr_par' dir='ltr' id='par_1_96' title="bbox 420 4793 3398 4872">
     <span class='ocr_line' id='line_1_96' title="bbox 420 4793 3398 4872; baseline 0.003 -28"><span class='ocrx_word' id='word_1_669' title='bbox 420 4793 502 4872; x_wconf 77' lang='lat' dir='ltr'><strong>bri</strong></span> <span class='ocrx_word' id='word_1_670' title='bbox 534 4809 597 4872; x_wconf 43' lang='grc' dir='ltr'><strong>ιλ</strong></span> <span class='ocrx_word' id='word_1_671' title='bbox 617 4793 769 4872; x_wconf 77' lang='lat' dir='ltr'><strong>hunc</strong></span> <span class='ocrx_word' id='word_1_672' title='bbox 789 4794 1078 4872; x_wconf 58' lang='lat' dir='ltr'><strong>Sosomeni</strong></span> <span class='ocrx_word' id='word_1_673' title='bbox 1111 4793 1307 4849; x_wconf 57' lang='lat' dir='ltr'><strong>&#39;locum</strong></span> <span class='ocrx_word' id='word_1_674' title='bbox 1337 4797 1457 4872; x_wconf 90' lang='lat' dir='ltr'><strong>_ita_</strong></span> <span class='ocrx_word' id='word_1_675' title='bbox 1479 4793 1782 4872; x_wconf 79' lang='lat' dir='ltr'><strong>expressit:</strong></span> <span class='ocrx_word' id='word_1_676' title='bbox 1812 4801 1980 4872; x_wconf 81' lang='grc' dir='ltr'>Τέλος</span> <span class='ocrx_word' id='word_1_677' title='bbox 2085 4809 2386 4872; x_wconf 87' lang='lat' dir='ltr'><strong>usurpatur</strong></span> <span class='ocrx_word' id='word_1_678' title='bbox 2417 4793 2718 4855; x_wconf 65' lang='lat' dir='ltr'><strong>a&#39;Maximo</strong></span> <span class='ocrx_word' id='word_1_679' title='bbox 2737 4793 2915 4872; x_wconf 19' lang='lat' dir='ltr'><strong>‘Ty&#39;rio</strong></span> <span class='ocrx_word' id='word_1_680' title='bbox 2943 4801 2998 4854; x_wconf 93' lang='lat' dir='ltr'><strong>in</strong></span> <span class='ocrx_word' id='word_1_681' title='bbox 3027 4793 3282 4872; x_wconf 69' lang='lat' dir='ltr'><strong>sermone</strong></span> <span class='ocrx_word' id='word_1_682' title='bbox 3309 4793 3398 4872; x_wconf 67' lang='lat' dir='ltr'><strong>4Q.</strong></span> 
     </span>
    </p>
   </div>
   <div class='ocr_carea' id='block_1_97' title="bbox 419 4860 1977 4940">
    <p class='ocr_par' dir='ltr' id='par_1_97' title="bbox 419 4860 1977 4940">
     <span class='ocr_line' id='line_1_97' title="bbox 419 4860 1977 4940; baseline 0.005 -26"><span class='ocrx_word' id='word_1_683' title='bbox 419 4860 663 4940; x_wconf 52' lang='grc' dir='ltr'>ξάτῳθεν</span> <span class='ocrx_word' id='word_1_684' title='bbox 693 4864 1210 4940; x_wconf 33' lang='grc' dir='ltr'>ἀνακείρμουσιηῃυω</span> <span class='ocrx_word' id='word_1_685' title='bbox 1239 4867 1403 4920; x_wconf 89' lang='lat' dir='ltr'><strong>verba</strong></span> <span class='ocrx_word' id='word_1_686' title='bbox 1437 4860 1654 4940; x_wconf 74' lang='lat' dir='ltr'><strong>Latigus</strong></span> <span class='ocrx_word' id='word_1_687' title='bbox 1685 4869 1759 4923; x_wconf 88' lang='lat' dir='ltr'><strong>ita</strong></span> <span class='ocrx_word' id='word_1_688' title='bbox 1780 4860 1977 4925; x_wconf 61' lang='lat' dir='ltr'><strong>vertit}</strong></span> 
     </span>
    </p>
   </div>
   <div class='ocr_carea' id='block_1_98' title="bbox 421 4928 1985 5003">
    <p class='ocr_par' dir='ltr' id='par_1_98' title="bbox 421 4928 1985 5003">
     <span class='ocr_line' id='line_1_98' title="bbox 421 4928 1985 5003; baseline 0.007 -21"><span class='ocrx_word' id='word_1_689' title='bbox 421 4928 709 5003; x_wconf 56' lang='grc' dir='ltr'><strong>ζζοιιιιᾎειηοΔ</strong></span> <span class='ocrx_word' id='word_1_690' title='bbox 742 4928 1178 5003; x_wconf 35' lang='lat' dir='ltr'><strong>abitiferiorib‘us</strong></span> <span class='ocrx_word' id='word_1_691' title='bbox 1210 4950 1300 4988; x_wconf 83' lang='lat' dir='ltr'><strong>eas</strong></span> <span class='ocrx_word' id='word_1_692' title='bbox 1339 4928 1582 5003; x_wconf 55' lang='lat' dir='ltr'><strong>partibus</strong></span> <span class='ocrx_word' id='word_1_693' title='bbox 1624 4941 1985 4994; x_wconf 78' lang='lat' dir='ltr'><strong>tetenderunt.</strong></span> 
     </span>
    </p>
   </div>
   <div class='ocr_carea' id='block_1_99' title="bbox 415 4998 1980 5069">
    <p class='ocr_par' dir='ltr' id='par_1_99' title="bbox 415 4998 1980 5069">
     <span class='ocr_line' id='line_1_99' title="bbox 415 4998 1980 5069; baseline 0.008 -17"><span class='ocrx_word' id='word_1_694' title='bbox 415 4998 534 5069; x_wconf 73' lang='lat' dir='ltr'><strong>Ego</strong></span> <span class='ocrx_word' id='word_1_695' title='bbox 559 4998 990 5055; x_wconf 36' lang='lat' dir='ltr'><strong>decalvation‘em</strong></span> <span class='ocrx_word' id='word_1_696' title='bbox 1023 5003 1126 5057; x_wconf 88' lang='lat' dir='ltr'><strong>hoc</strong></span> <span class='ocrx_word' id='word_1_697' title='bbox 1155 5005 1322 5059; x_wconf 89' lang='lat' dir='ltr'><strong>verbo</strong></span> <span class='ocrx_word' id='word_1_698' title='bbox 1339 4998 1579 5069; x_wconf 75' lang='lat' dir='ltr'><strong>intelligi</strong></span> <span class='ocrx_word' id='word_1_699' title='bbox 1613 5009 1938 5065; x_wconf 83' lang='lat' dir='ltr'><strong>crediderim</strong></span> <span class='ocrx_word' id='word_1_700' title='bbox 1965 5027 1980 5065; x_wconf 89' lang='lat'><strong>:</strong></span> 
     </span>
    </p>
   </div>
   <div class='ocr_carea' id='block_1_100' title="bbox 415 5069 1984 5146">
    <p class='ocr_par' dir='ltr' id='par_1_100' title="bbox 415 5069 1984 5146">
     <span class='ocr_line' id='line_1_100' title="bbox 415 5069 1984 5146; baseline 0.009 -27"><span class='ocrx_word' id='word_1_701' title='bbox 415 5069 567 5146; x_wconf 53' lang='lat' dir='ltr'><strong>quod</strong></span> <span class='ocrx_word' id='word_1_702' title='bbox 595 5069 1020 5146; x_wconf 73' lang='lat' dir='ltr'><strong>ignominiosum</strong></span> <span class='ocrx_word' id='word_1_703' title='bbox 1048 5075 1302 5144; x_wconf 89' lang='lat' dir='ltr'><strong>supplicii</strong></span> <span class='ocrx_word' id='word_1_704' title='bbox 1333 5091 1507 5146; x_wconf 87' lang='lat' dir='ltr'><strong>genus</strong></span> <span class='ocrx_word' id='word_1_705' title='bbox 1528 5069 1706 5134; x_wconf 76' lang='lat' dir='ltr'><strong>fuisse</strong></span> <span class='ocrx_word' id='word_1_706' title='bbox 1749 5087 1984 5136; x_wconf 89' lang='lat' dir='ltr'><strong>constat.</strong></span> 
     </span>
    </p>
   </div>
   <div class='ocr_carea' id='block_1_101' title="bbox 413 5138 1988 5218">
    <p class='ocr_par' dir='ltr' id='par_1_101' title="bbox 413 5138 1988 5218">
     <span class='ocr_line' id='line_1_101' title="bbox 413 5138 1988 5218; baseline 0.008 -24"><span class='ocrx_word' id='word_1_707' title='bbox 413 5138 592 5196; x_wconf 74' lang='lat' dir='ltr'><strong>Porro</strong></span> <span class='ocrx_word' id='word_1_708' title='bbox 624 5138 912 5197; x_wconf 80' lang='lat' dir='ltr'><strong>sciendum</strong></span> <span class='ocrx_word' id='word_1_709' title='bbox 944 5151 1030 5198; x_wconf 89' lang='lat' dir='ltr'><strong>est</strong></span> <span class='ocrx_word' id='word_1_710' title='bbox 1061 5138 1252 5201; x_wconf 76' lang='lat' dir='ltr'><strong>sacras</strong></span> <span class='ocrx_word' id='word_1_711' title='bbox 1290 5138 1535 5218; x_wconf 63' lang='lat' dir='ltr'><strong>virgines</strong></span> <span class='ocrx_word' id='word_1_712' title='bbox 1576 5149 1706 5204; x_wconf 91' lang='lat' dir='ltr'><strong>olim</strong></span> <span class='ocrx_word' id='word_1_713' title='bbox 1739 5149 1988 5206; x_wconf 86' lang='lat' dir='ltr'><strong>intonsas</strong></span> 
     </span>
    </p>
   </div>
   <div class='ocr_carea' id='block_1_102' title="bbox 2155 4867 3667 4940">
    <p class='ocr_par' dir='ltr' id='par_1_102' title="bbox 2155 4867 3667 4940">
     <span class='ocr_line' id='line_1_102' title="bbox 2155 4867 3667 4940; baseline -0.002 -13"><span class='ocrx_word' id='word_1_714' title='bbox 2155 4867 2270 4940; x_wconf 76' lang='lat'><strong>(90)</strong></span> <span class='ocrx_word' id='word_1_715' title='bbox 2312 4871 2391 4923; x_wconf 84' lang='grc' dir='ltr'><strong>Δι’</strong></span> <span class='ocrx_word' id='word_1_716' title='bbox 2412 4872 2600 4925; x_wconf 80' lang='grc' dir='ltr'><strong>αὐτὸν</strong></span> <span class='ocrx_word' id='word_1_717' title='bbox 2624 4867 3006 4925; x_wconf 44' lang='grc' dir='ltr'>κινδυνεύειν</span> <span class='ocrx_word' id='word_1_718' title='bbox 3037 4871 3329 4940; x_wconf 70' lang='grc' dir='ltr'>πολλούς.</span> <span class='ocrx_word' id='word_1_719' title='bbox 3353 4868 3488 4923; x_wconf 85' lang='lat' dir='ltr'><strong>Post</strong></span> <span class='ocrx_word' id='word_1_720' title='bbox 3520 4867 3667 4924; x_wconf 89' lang='lat' dir='ltr'><strong>banc</strong></span> 
     </span>
    </p>
   </div>
   <div class='ocr_carea' id='block_1_103' title="bbox 2085 4939 3670 5009">
    <p class='ocr_par' dir='ltr' id='par_1_103' title="bbox 2085 4939 3670 5009">
     <span class='ocr_line' id='line_1_103' title="bbox 2085 4939 3670 5009; baseline -0.001 -15"><span class='ocrx_word' id='word_1_721' title='bbox 2085 4956 2277 4996; x_wconf 90' lang='lat' dir='ltr'><strong>vocem</strong></span> <span class='ocrx_word' id='word_1_722' title='bbox 2319 4941 2372 4993; x_wconf 91' lang='lat' dir='ltr'><strong>in</strong></span> <span class='ocrx_word' id='word_1_723' title='bbox 2403 4941 2570 4994; x_wconf 89' lang='lat' dir='ltr'><strong>editis</strong></span> <span class='ocrx_word' id='word_1_724' title='bbox 2600 4940 2819 5009; x_wconf 89' lang='lat' dir='ltr'><strong>quidem</strong></span> <span class='ocrx_word' id='word_1_725' title='bbox 2854 4946 2909 4995; x_wconf 86' lang='lat' dir='ltr'><strong>et</strong></span> <span class='ocrx_word' id='word_1_726' title='bbox 2937 4941 3159 5009; x_wconf 89' lang='lat' dir='ltr'><strong>scriptis</strong></span> <span class='ocrx_word' id='word_1_727' title='bbox 3191 4939 3482 4995; x_wconf 91' lang='lat' dir='ltr'><strong>codicibus</strong></span> <span class='ocrx_word' id='word_1_728' title='bbox 3518 4940 3670 4992; x_wconf 86' lang='lat' dir='ltr'><strong>nulla</strong></span> 
     </span>
    </p>
   </div>
   <div class='ocr_carea' id='block_1_104' title="bbox 2087 5009 3671 5080">
    <p class='ocr_par' dir='ltr' id='par_1_104' title="bbox 2087 5009 3671 5080">
     <span class='ocr_line' id='line_1_104' title="bbox 2087 5009 3671 5080; baseline -0.001 -14"><span class='ocrx_word' id='word_1_729' title='bbox 2087 5019 2171 5066; x_wconf 79' lang='lat' dir='ltr'><strong>est</strong></span> <span class='ocrx_word' id='word_1_730' title='bbox 2206 5009 2510 5065; x_wconf 88' lang='lat' dir='ltr'><strong>distinctio.</strong></span> <span class='ocrx_word' id='word_1_731' title='bbox 2545 5009 2611 5063; x_wconf 84' lang='lat' dir='ltr'><strong>Et</strong></span> <span class='ocrx_word' id='word_1_732' title='bbox 2642 5009 3187 5080; x_wconf 70' lang='lat' dir='ltr'><strong>Glu&#39;istopltorsonus</strong></span> <span class='ocrx_word' id='word_1_733' title='bbox 3221 5011 3451 5065; x_wconf 86' lang='lat' dir='ltr'><strong>verbum</strong></span> <span class='ocrx_word' id='word_1_734' title='bbox 3476 5011 3671 5080; x_wconf 72' lang='grc' dir='ltr'>πειρᾶο</span> 
     </span>
    </p>
   </div>
   <div class='ocr_carea' id='block_1_105' title="bbox 2090 5079 3668 5150">
    <p class='ocr_par' dir='ltr' id='par_1_105' title="bbox 2090 5079 3668 5150">
     <span class='ocr_line' id='line_1_105' title="bbox 2090 5079 3668 5150; baseline 0 -17"><span class='ocrx_word' id='word_1_735' title='bbox 2090 5080 2216 5134; x_wconf 86' lang='grc' dir='ltr'>σθαι</span> <span class='ocrx_word' id='word_1_736' title='bbox 2251 5081 2442 5150; x_wconf 84' lang='lat' dir='ltr'><strong>retulit</strong></span> <span class='ocrx_word' id='word_1_737' title='bbox 2483 5080 2552 5134; x_wconf 90' lang='lat' dir='ltr'><strong>ad</strong></span> <span class='ocrx_word' id='word_1_738' title='bbox 2581 5079 3082 5150; x_wconf 31' lang='grc' dir='ltr'>κινδυνεύεινχΕεο</span> <span class='ocrx_word' id='word_1_739' title='bbox 3119 5089 3301 5135; x_wconf 90' lang='lat' dir='ltr'><strong>tamen</strong></span> <span class='ocrx_word' id='word_1_740' title='bbox 3333 5087 3668 5150; x_wconf 69' lang='lat' dir='ltr'><strong>postvocem</strong></span> 
     </span>
    </p>
   </div>
   <div class='ocr_carea' id='block_1_106' title="bbox 2091 5147 3667 5220">
    <p class='ocr_par' dir='ltr' id='par_1_106' title="bbox 2091 5147 3667 5220">
     <span class='ocr_line' id='line_1_106' title="bbox 2091 5147 3667 5220; baseline 0.001 -18"><span class='ocrx_word' id='word_1_741' title='bbox 2091 5149 2322 5213; x_wconf 85' lang='grc' dir='ltr'>πολλούς</span> <span class='ocrx_word' id='word_1_742' title='bbox 2361 5150 2777 5207; x_wconf 86' lang='lat' dir='ltr'><strong>distinctionem</strong></span> <span class='ocrx_word' id='word_1_743' title='bbox 2836 5147 3039 5206; x_wconf 64' lang='lat' dir='ltr'><strong>malim&#39;</strong></span> <span class='ocrx_word' id='word_1_744' title='bbox 3079 5147 3379 5220; x_wconf 85' lang='lat' dir='ltr'><strong>apponere.</strong></span> <span class='ocrx_word' id='word_1_745' title='bbox 3432 5147 3491 5203; x_wconf 73' lang='grc' dir='ltr'><strong>ιιι</strong></span> <span class='ocrx_word' id='word_1_746' title='bbox 3522 5151 3667 5206; x_wconf 85' lang='lat' dir='ltr'><strong>enim</strong></span> 
     </span>
    </p>
   </div>
   <div class='ocr_carea' id='block_1_107' title="bbox 1859 5299 2252 5361">
    <p class='ocr_par' dir='ltr' id='par_1_107' title="bbox 1859 5299 2252 5361">
     <span class='ocr_line' id='line_1_107' title="bbox 1859 5299 2252 5361; baseline 0.008 -5"><span class='ocrx_word' id='word_1_747' title='bbox 1859 5299 2252 5361; x_wconf 77' lang='lat' dir='ltr'><strong>VARIORUM.</strong></span> 
     </span>
    </p>
   </div>
   <div class='ocr_carea' id='block_1_108' title="bbox 489 5455 1802 5531">
    <p class='ocr_par' dir='ltr' id='par_1_108' title="bbox 489 5455 1802 5531">
     <span class='ocr_line' id='line_1_108' title="bbox 489 5455 1802 5531; baseline 0.001 -18"><span class='ocrx_word' id='word_1_748' title='bbox 489 5459 526 5499; x_wconf 62' lang='grc' dir='ltr'><strong>τι</strong></span> <span class='ocrx_word' id='word_1_749' title='bbox 562 5456 852 5531; x_wconf 68' lang='grc' dir='ltr'><strong>Λυθῆνᾳι.</strong></span> <span class='ocrx_word' id='word_1_750' title='bbox 885 5455 1207 5531; x_wconf 69' lang='lat' dir='ltr'><strong>Stephanus</strong></span> <span class='ocrx_word' id='word_1_751' title='bbox 1229 5458 1360 5528; x_wconf 77' lang='lat' dir='ltr'><strong>legit</strong></span> <span class='ocrx_word' id='word_1_752' title='bbox 1385 5457 1802 5531; x_wconf 47' lang='lat' dir='ltr'><strong>tbjwlpﬂﬁvat.</strong></span> 
     </span>
    </p>
   </div>
   <div class='ocr_carea' id='block_1_109' title="bbox 497 5525 1997 5598">
    <p class='ocr_par' dir='ltr' id='par_1_109' title="bbox 497 5525 1997 5598">
     <span class='ocr_line' id='line_1_109' title="bbox 497 5525 1997 5598; baseline 0.001 -18"><span class='ocrx_word' id='word_1_753' title='bbox 497 5539 521 5567; x_wconf 71' lang='grc' dir='ltr'><strong>ε</strong></span> <span class='ocrx_word' id='word_1_754' title='bbox 586 5525 938 5598; x_wconf 75' lang='grc' dir='ltr'>ᾎρεθούσιοι</span> <span class='ocrx_word' id='word_1_755' title='bbox 987 5525 1061 5580; x_wconf 73' lang='grc' dir='ltr'>δὲ</span> <span class='ocrx_word' id='word_1_756' title='bbox 1113 5525 1376 5597; x_wconf 77' lang='grc' dir='ltr'><strong>Μάρκον.</strong></span> <span class='ocrx_word' id='word_1_757' title='bbox 1440 5525 1702 5598; x_wconf 79' lang='lat' dir='ltr'><strong>Displicet</strong></span> <span class='ocrx_word' id='word_1_758' title='bbox 1767 5528 1997 5598; x_wconf 88' lang='lat' dir='ltr'><strong>(inquit</strong></span> 
     </span>
    </p>
   </div>
   <div class='ocr_carea' id='block_1_110' title="bbox 422 5596 1998 5669">
    <p class='ocr_par' dir='ltr' id='par_1_110' title="bbox 422 5596 1998 5669">
     <span class='ocr_line' id='line_1_110' title="bbox 422 5596 1998 5669; baseline 0.003 -19"><span class='ocrx_word' id='word_1_759' title='bbox 422 5596 644 5669; x_wconf 61' lang='lat' dir='ltr'><strong>Tlncod.</strong></span> <span class='ocrx_word' id='word_1_760' title='bbox 681 5597 951 5667; x_wconf 79' lang='lat' dir='ltr'><strong>Ruinart)</strong></span> <span class='ocrx_word' id='word_1_761' title='bbox 997 5599 1144 5669; x_wconf 79' lang='lat' dir='ltr'><strong>quod</strong></span> <span class='ocrx_word' id='word_1_762' title='bbox 1190 5596 1518 5669; x_wconf 82' lang='lat' dir='ltr'><strong>Arianorum</strong></span> <span class='ocrx_word' id='word_1_763' title='bbox 1540 5596 1642 5654; x_wconf 79' lang='lat' dir='ltr'><strong>aut</strong></span> <span class='ocrx_word' id='word_1_764' title='bbox 1685 5596 1824 5669; x_wconf 88' lang='lat' dir='ltr'><strong>parti</strong></span> <span class='ocrx_word' id='word_1_765' title='bbox 1859 5596 1998 5654; x_wconf 79' lang='lat' dir='ltr'><strong>fave-</strong></span> 
     </span>
    </p>
   </div>
   <div class='ocr_carea' id='block_1_111' title="bbox 427 5667 1993 5739">
    <p class='ocr_par' dir='ltr' id='par_1_111' title="bbox 427 5667 1993 5739">
     <span class='ocr_line' id='line_1_111' title="bbox 427 5667 1993 5739; baseline 0.003 -19"><span class='ocrx_word' id='word_1_766' title='bbox 427 5667 526 5739; x_wconf 74' lang='lat' dir='ltr'><strong>rit,</strong></span> <span class='ocrx_word' id='word_1_767' title='bbox 557 5676 645 5739; x_wconf 82' lang='lat' dir='ltr'><strong>aut</strong></span> <span class='ocrx_word' id='word_1_768' title='bbox 668 5681 809 5739; x_wconf 64' lang='lat' dir='ltr'><strong>sane</strong></span> <span class='ocrx_word' id='word_1_769' title='bbox 839 5669 980 5724; x_wconf 90' lang='lat' dir='ltr'><strong>inter</strong></span> <span class='ocrx_word' id='word_1_770' title='bbox 1009 5667 1380 5724; x_wconf 88' lang='lat' dir='ltr'><strong>Semiarianos</strong></span> <span class='ocrx_word' id='word_1_771' title='bbox 1411 5667 1576 5724; x_wconf 87' lang='lat' dir='ltr'><strong>fuerit</strong></span> <span class='ocrx_word' id='word_1_772' title='bbox 1614 5667 1758 5724; x_wconf 76' lang='lat' dir='ltr'><strong>unus</strong></span> <span class='ocrx_word' id='word_1_773' title='bbox 1798 5685 1830 5724; x_wconf 91' lang='lat' dir='ltr'><strong>e</strong></span> <span class='ocrx_word' id='word_1_774' title='bbox 1861 5684 1993 5739; x_wconf 74' lang='lat' dir='ltr'><strong>pra:-</strong></span> 
     </span>
    </p>
   </div>
   <div class='ocr_carea' id='block_1_112' title="bbox 423 5735 1997 5811">
    <p class='ocr_par' dir='ltr' id='par_1_112' title="bbox 423 5735 1997 5811">
     <span class='ocr_line' id='line_1_112' title="bbox 423 5735 1997 5811; baseline 0.005 -24"><span class='ocrx_word' id='word_1_775' title='bbox 423 5735 629 5805; x_wconf 70' lang='lat' dir='ltr'><strong>«eipuis.</strong></span> <span class='ocrx_word' id='word_1_776' title='bbox 668 5735 865 5792; x_wconf 80' lang='lat' dir='ltr'><strong>Verum</strong></span> <span class='ocrx_word' id='word_1_777' title='bbox 911 5753 1022 5794; x_wconf 90' lang='lat' dir='ltr'><strong>non</strong></span> <span class='ocrx_word' id='word_1_778' title='bbox 1068 5739 1246 5797; x_wconf 89' lang='lat' dir='ltr'><strong>solum</strong></span> <span class='ocrx_word' id='word_1_779' title='bbox 1299 5754 1328 5794; x_wconf 92' lang='lat' dir='ltr'><strong>a</strong></span> <span class='ocrx_word' id='word_1_780' title='bbox 1375 5739 1708 5797; x_wconf 82' lang='lat' dir='ltr'><strong>Theodorito</strong></span> <span class='ocrx_word' id='word_1_781' title='bbox 1739 5735 1997 5811; x_wconf 77' lang='lat' dir='ltr'><strong>episcopo</strong></span> 
     </span>
    </p>
   </div>
   <div class='ocr_carea' id='block_1_113' title="bbox 2103 5460 3665 5542">
    <p class='ocr_par' dir='ltr' id='par_1_113' title="bbox 2103 5460 3665 5542">
     <span class='ocr_line' id='line_1_113' title="bbox 2103 5460 3665 5542; baseline -0.003 -24"><span class='ocrx_word' id='word_1_782' title='bbox 2103 5462 2378 5542; x_wconf 76' lang='lat' dir='ltr'><strong>catbolico</strong></span> <span class='ocrx_word' id='word_1_783' title='bbox 2399 5461 2695 5542; x_wconf 26' lang='lat' dir='ltr'><strong>_lauidatur,</strong></span> <span class='ocrx_word' id='word_1_784' title='bbox 2730 5463 2878 5542; x_wconf 69' lang='lat' dir='ltr'><strong>H_ist.</strong></span> <span class='ocrx_word' id='word_1_785' title='bbox 2929 5462 3025 5519; x_wconf 88' lang='lat' dir='ltr'><strong>lib.</strong></span> <span class='ocrx_word' id='word_1_786' title='bbox 3055 5477 3152 5542; x_wconf 74' lang='grc' dir='ltr'><strong>⁵ιιι,</strong></span> <span class='ocrx_word' id='word_1_787' title='bbox 3187 5475 3310 5542; x_wconf 81' lang='lat' dir='ltr'><strong>cap.</strong></span> <span class='ocrx_word' id='word_1_788' title='bbox 3350 5460 3404 5524; x_wconf 85' lang='grc'>7,</span> <span class='ocrx_word' id='word_1_789' title='bbox 3439 5460 3665 5542; x_wconf 81' lang='lat' dir='ltr'><strong>aliisque</strong></span> 
     </span>
    </p>
   </div>
   <div class='ocr_carea' id='block_1_114' title="bbox 2103 5532 3664 5611">
    <p class='ocr_par' dir='ltr' id='par_1_114' title="bbox 2103 5532 3664 5611">
     <span class='ocr_line' id='line_1_114' title="bbox 2103 5532 3664 5611; baseline -0.003 -25"><span class='ocrx_word' id='word_1_790' title='bbox 2103 5533 2345 5604; x_wconf 61' lang='lat' dir='ltr'><strong>probatae</strong></span> <span class='ocrx_word' id='word_1_791' title='bbox 2395 5533 2519 5611; x_wconf 80' lang='lat' dir='ltr'><strong>fidei</strong></span> <span class='ocrx_word' id='word_1_792' title='bbox 2568 5532 2932 5611; x_wconf 65' lang='lat' dir='ltr'><strong>auctoribus;</strong></span> <span class='ocrx_word' id='word_1_793' title='bbox 2976 5532 3664 5611; x_wconf 70' lang='lat' dir='ltr'><strong>sedpraetereaencomia-</strong></span> 
     </span>
    </p>
   </div>
   <div class='ocr_carea' id='block_1_115' title="bbox 2105 5597 3660 5673">
    <p class='ocr_par' dir='ltr' id='par_1_115' title="bbox 2105 5597 3660 5673">
     <span class='ocr_line' id='line_1_115' title="bbox 2105 5597 3660 5673; baseline -0.003 -17"><span class='ocrx_word' id='word_1_794' title='bbox 2105 5597 2226 5673; x_wconf 76' lang='lat' dir='ltr'><strong>sten</strong></span> <span class='ocrx_word' id='word_1_795' title='bbox 2277 5603 2556 5673; x_wconf 84' lang='lat' dir='ltr'><strong>egregium</strong></span> <span class='ocrx_word' id='word_1_796' title='bbox 2613 5603 2804 5673; x_wconf 82' lang='lat' dir='ltr'><strong>habuit</strong></span> <span class='ocrx_word' id='word_1_797' title='bbox 2863 5597 3206 5673; x_wconf 58' lang='lat' dir='ltr'><strong>Gregorium</strong></span> <span class='ocrx_word' id='word_1_798' title='bbox 3243 5597 3660 5673; x_wconf 61' lang='lat' dir='ltr'><strong>Nazianzcnum,</strong></span> 
     </span>
    </p>
   </div>
   <div class='ocr_carea' id='block_1_116' title="bbox 2107 5669 3578 5744">
    <p class='ocr_par' dir='ltr' id='par_1_116' title="bbox 2107 5669 3578 5744">
     <span class='ocr_line' id='line_1_116' title="bbox 2107 5669 3578 5744; baseline -0.002 -16"><span class='ocrx_word' id='word_1_799' title='bbox 2107 5669 2371 5729; x_wconf 61' lang='lat' dir='ltr'><strong>Invectiéa</strong></span> <span class='ocrx_word' id='word_1_800' title='bbox 2400 5669 2573 5744; x_wconf 63' lang='lat' dir='ltr'><strong>prima</strong></span> <span class='ocrx_word' id='word_1_801' title='bbox 2598 5674 2651 5730; x_wconf 82' lang='lat' dir='ltr'><strong>in</strong></span> <span class='ocrx_word' id='word_1_802' title='bbox 2680 5669 3128 5730; x_wconf 55' lang='lat' dir='ltr'><strong>JulianumCAct.</strong></span> <span class='ocrx_word' id='word_1_803' title='bbox 3157 5669 3342 5735; x_wconf 67' lang='grc' dir='ltr'><strong>Μαι-ι..</strong></span> <span class='ocrx_word' id='word_1_804' title='bbox 3373 5685 3426 5742; x_wconf 89' lang='lat' dir='ltr'><strong>p.</strong></span> <span class='ocrx_word' id='word_1_805' title='bbox 3456 5669 3578 5725; x_wconf 70' lang='grc'><strong>647.</strong></span> 
     </span>
    </p>
   </div>
  </div>
