4040 6216
384 312 522 370 KNS
1377 309 1705 366 HISTORIA
1745 307 1979 367 ECCLE!

2037 306 2384 364 ASTICA.-—
2406 305 2532 362 LIB.
2578 305 2617 361 ν
2635 342 2650 358 .
3497 303 3632 362 1246

376 420 754 494 πεφρονῆσθαι
799 420 1161 494 νομίσαντες,
1217 424 1328 487 πᾶς
1368 423 1397 476 ὁ
1447 423 1617 494 δῆμος
1667 422 1758 475 ἐπ’
1793 423 1954 477 αὑτὸν

2063 418 2221 490 195
2257 417 2363 474 Sed
2403 419 2494 473 ubi
2529 415 2730 472 multos
2763 430 2861 472 sua
2905 430 3070 472 causa
3112 417 3410 487 periclitari
3455 428 3635 488 rapta-

375 513 624 584 ἐχώρησε
644 527 658 540 ’
690 511 783 564 καὶ
815 511 902 566 διὰ
938 512 1046 567 τῶν
1077 511 1283 583 ἀγυιῶν
1313 511 1514 578 εἷλκον,
1543 513 1810 579 ὠθοῦντες
1860 514 1956 568 καὶ

2061 513 2239 580 rique,
2261 521 2313 566 et
2337 509 2544 580 judicia
2568 523 2632 564 ac
2657 517 2928 563 tormenta
2947 507 3131 563 subire
3157 511 3448 576 comperit,
3474 511 3635 565 rediit

375 605 676 665 τίλλοντες,
713 603 806 655 καὶ
902 602 1058 674 ἔτυχε
1087 604 1196 658 τῶν
1240 603 1418 675 μελῶν
1443 643 1459 668 ,
1509 605 1735 670 ἕκαστος
1767 607 1958 660 παίον-

2057 614 2123 653 ex
2142 598 2289 669 fuga,
2311 613 2477 669 seque
2495 611 2595 653 sua
2618 605 2814 668 sponte
2829 587 3029 653 obtulit
3053 596 3411 663 multitudini,
3431 606 3489 652 ut
3503 613 3635 670 quo-

375 712 497 760 τες’
539 693 904 758 ἐσπουδάζετο
929 694 987 748 δὲ
1034 696 1094 749 τὸ
1118 696 1302 768 δρᾶμα
1345 693 1570 768 ἀνδράσι
1601 697 1693 748 καὶ
1721 697 1954 764 γυναιξὶ,

2057 705 2277 759 cunque
2292 689 2586 760 placuisset
2607 689 2768 743 modo
2791 689 2845 744 in
2865 689 3046 760 ipsum
3072 688 3348 756 saevirent.
3375 688 3453 742 Illi
3479 704 3631 753 vero,

379 785 471 841 καὶ
511 783 660 855 πάσῃ
715 783 902 855 ἡλικίᾳ
926 824 940 846 ,
984 785 1124 854 μετά
1169 785 1480 858 προθυμίας
1517 786 1609 840 καὶ
1641 783 1843 856 ὀργῆςο
1880 785 1956 848 ὼς

2057 781 2149 852 qui
2181 781 2458 836 hominem
2487 779 2709 836 laudare
2731 779 3059 846 debuerant,
3079 788 3268 850 utpote
3291 779 3386 850 qui
3409 779 3635 848 dignum

378 876 471 928 καὶ
525 873 808 944 σπαρτίοις
850 873 1068 939 λεπτοῖς
1117 874 1186 928 τὰ
1234 869 1351 929 ὦτα
1406 874 1573 930 αὑτοῦ
1632 875 1906 946 διατεμεῖν
1937 887 1954 904 ⁸

2057 872 2388 944 phil050pho
2423 871 2638 928 facinus
2660 871 2946 936 edidisset,
2977 880 3194 945 spretos
3226 887 3286 927 se
3317 874 3500 943 potius
3531 872 3635 928 hoc

379 967 567 1030 παῖδες
635 965 692 1018 δὲ
744 967 825 1030 είς
883 966 1238 1031 διδασκάλους
1305 966 1596 1036 φοιτῶντες
1623 1005 1638 1029 ,
1709 965 1956 1034 παίγνιον

2058 966 2210 1020 facto
2245 965 2649 1029 existimantes,
2695 965 2938 1022 universi
2986 965 3129 1018 facto
3180 964 3388 1032 impetu
3422 963 3476 1016 in
3509 977 3636 1017 eum

379 1057 662 1110 ἐποιοῦντο
707 1056 770 1110 τὸ
825 1059 1098 1128 πρᾶγμα·
1150 1059 1244 1113 καὶ
1297 1059 1718 1130 μετεωρίζοντες
1768 1057 1952 1123 αὐτὸν,

2057 1056 2382 1122 irruerunt;
2424 1066 2477 1113 et
2525 1072 2620 1128 per
2648 1058 2884 1127 compita
2917 1070 3043 1111 eum
3074 1053 3379 1119 trahentes,
3416 1054 3639 1124 pulsare

379 1149 473 1202 καὶ
521 1147 659 1218 πρὸς
714 1147 905 1202 ἐαυτὸν
966 1149 1277 1214 κυλίοντες,
1329 1149 1680 1220 ἀντέπεμπόν
1742 1167 1802 1202 τε
1860 1149 1956 1205 καὶ

2058 1162 2122 1203 ac
2157 1149 2418 1204 vellicare
2452 1158 2762 1220 cmperunt,
2791 1164 2913 1221 quae
2944 1148 3180 1219 quisque
3209 1147 3371 1202 vellet
3393 1146 3638 1202 membra

379 1240 700 1309 ἀνεδέχοντο
727 1241 845 1302 ταῖς
875 1239 1104 1309 γραφίσι
1124 1279 1138 1303 ,
1173 1241 1268 1294 καὶ
1305 1239 1541 1309 ἀφειδῶς
1575 1240 1952 1295 κατεκέντουν.

2057 1238 2340 1298 ferientes.
2377 1241 2489 1297 Nec
2519 1243 2621 1297 viri
2653 1242 2854 1307 solum,
2893 1242 2989 1297 sed
3019 1249 3076 1296 et
3110 1240 3344 1304 feminae,
3372 1248 3428 1294 et
3459 1239 3638 1293 omnis

390 1333 544 1384 Ἐπεὶ
589 1331 645 1384 δὲ
696 1331 840 1383 ἆπαν
889 1331 951 1384 τὸ
1006 1331 1166 1402 σῶμα
1211 1332 1556 1402 τραυματίας
1589 1331 1840 1400 ἐγένετο,
1877 1331 1956 1385 ἔτι

2056 1334 2371 1403 promiscue
2402 1342 2555 1399 aetas,
2587 1336 2755 1389 alacri
2784 1335 2966 1390 animo
2996 1341 3051 1388 et
3085 1334 3167 1388 ira
3205 1332 3484 1397 succensi,
3518 1345 3637 1394 cer-

375 1424 431 1477 δέ
463 1424 610 1492 ὅμως
633 1422 874 1487 ἐνέπνεε,
905 1421 1079 1492 μέλιτι
1114 1423 1210 1476 καὶ
1239 1425 1393 1494 γάρῳ
1421 1422 1738 1492 ἀλείψαντες
1770 1423 1954 1488 αὑτὸν,

2056 1427 2210 1479 tatim
2253 1427 2382 1482 huic
2430 1427 2584 1497 operi
2628 1425 3064 1481 incumbebant:
3117 1424 3255 1478 adeo
3285 1432 3344 1477 ut
3381 1421 3637 1478 tenuibus

378 1515 470 1568 καὶ
511 1515 757 1588 σαργάνῃ
780 1515 1146 1584 ἐμϐαλόντες,
1177 1516 1397 1584 πλέγμα
1435 1516 1488 1568 δὲ
1524 1514 1683 1569 τοῦτο
1719 1515 1956 1584 ὁλόσχοι-

2057 1515 2319 1572 funiculis
2361 1533 2526 1573 aures
2572 1518 2694 1587 ejus
2725 1516 3086 1572 absciderint.
3122 1514 3231 1570 Sed
3269 1523 3323 1570 et
3357 1515 3512 1584 pueri
3543 1514 3636 1583 qui

377 1620 488 1666 νον,
519 1605 598 1666 είς
629 1601 764 1671 ὕψος
790 1597 952 1674 ἦραν,
1008 1603 1200 1658 Ἦνίκα
1232 1603 1289 1656 δέ
1319 1603 1541 1673 λέγεται
1577 1604 1687 1674 (91)
1731 1603 1956 1672 σφηκῶν

2057 1608 2278 1664 scholas
2328 1607 2771 1680 frequentabant,
2813 1607 3088 1663 ludicrum
3134 1623 3203 1662 ex
3236 1622 3304 1662 eo
3354 1599 3637 1664 fecerunt:

380 1693 474 1746 καὶ
514 1691 786 1763 μελισσῶν
841 1692 1224 1763 ἐφιπταμένων
1259 1692 1406 1763 αύτῷ
1463 1695 1556 1748 καὶ
1602 1695 1700 1756 τὰς
1747 1695 1956 1766 σάρκας

2058 1714 2296 1770 cumque
2342 1702 2397 1756 in
2451 1702 2686 1757 sublime
2722 1701 3006 1766 tollentes,
3039 1708 3093 1756 et
3125 1701 3180 1754 in
3211 1715 3271 1754 se
3309 1699 3488 1769 ipsum
3525 1697 3632 1751 vol-

379 1781 816 1848 κατεσθιουσῶν,
854 1783 990 1850 πρὸς
1028 1784 1153 1844 τοὺς
1194 1783 1569 1854 Ἀρεθουσίους
1616 1785 1828 1848 εἰπεῖν,
1878 1785 1955 1848 ὡς

2058 1767 2268 1854 ventes.
2303 1790 2590 1862 iactabant
2616 1791 2683 1846 ad
2715 1807 2775 1846 se
2804 1791 3040 1847 invicem
3079 1797 3243 1861 atque
3268 1767 3638 1859 excipiebant,

378 1877 539 1940 αὐτὸς
567 1873 769 1946 ὑψηλὸς
797 1873 883 1945 εἴη
903 1890 917 1904 ·
953 1875 1080 1938 τοὺς
1117 1874 1173 1928 δὲ
1196 1875 1488 1938 ταπεινοὺς
1515 1877 1618 1948 ὁρᾷ
1653 1875 1747 1930 καὶ
1779 1878 1956 1947 χαμαὶ

2058 1879 2206 1936 stilis
2235 1895 2362 1935 eum
2393 1881 2658 1936 atrociter
2683 1879 3044 1953 conligentcs.
3077 1881 3326 1950 Cumque
3351 1879 3468 1948 jam
3525 1885 3637 1934 toto

375 1966 742 2040 ἐρχομένους,
775 1965 870 2020 καὶ
924 1964 1066 2019 κατὰ
1121 1965 1277 2021 τοῦτο
1334 1966 1513 2038 ἐαυτῷ
1560 1985 1620 2022 τε
1679 1967 1957 2032 κάκείνοις

2056 1984 2290 2040 corpore
2318 1971 2665 2037 vulneratus,
2692 1970 2874 2027 adhuc
2903 1979 3087 2026 tamen
3110 1971 3366 2040 spiraret,
3401 1969 3560 2026 melle
3585 1979 3635 2026 et

376 2057 705 2128 συμϐάλλειν
753 2056 974 2111 ἔσεσθαι
1023 2057 1094 2112 τὰ
1124 2059 1264 2138 μετά
1293 2058 1488 2114 ταῦτα.
1535 2059 1709 2128 Λόγος
1760 2059 1818 2113 δὲ
1861 2058 1954 2114 τὸν

2055 2059 2360 2130 liquamine
2410 2069 2761 2131 perunctum,
2809 2070 2863 2118 et
2907 2062 2961 2117 in
3008 2063 3313 2132 sportulam
3357 2078 3422 2119 es
3454 2061 3637 2132 juncis

374 2148 492 2200 τότε
528 2146 776 2218 ὕπαρχον
809 2147 957 2217 (9‘2),
1007 2149 1350 2223 Ἐλληνιστὴν
1379 2149 1480 2223 μὲν
1512 2152 1570 2216 ἐς
1603 2152 1673 2207 τά
1717 2150 1954 2222 μάλιστα

2053 2157 2260 2207 textam
2290 2151 2626 2222 conjectum,
2662 2153 2955 2210 sublimem
2989 2153 3330 2210 extulerunt.
3362 2153 3485 2220 Quo
3513 2154 3636 2224 qui-

373 2236 536 2300 δντα,
562 2239 806 2306 γενναῖον
855 2238 913 2291 δὲ
966 2238 1030 2292 τὸ
1065 2234 1230 2310 ἦθος,
1271 2238 1348 2304 ὡς
1380 2241 1474 2295 καὶ
1499 2241 1665 2294 εἰσέτι
1709 2240 1807 2296 νῦν
1852 2241 1951 2312 τὴν

2053 2240 2178 2296 dem
2208 2250 2472 2313 tempore,
2502 2257 2630 2298 cum
2661 2258 2793 2315 apes
2824 2252 2880 2300 et
2922 2258 3104 2314 vespae
3133 2244 3202 2299 ad
3236 2257 3362 2300 eum
3415 2243 3636 2299 advola-

377 2329 506 2399 rrepl.
539 2329 705 2383 αὑτοῦ
733 2329 891 2395 δόξαν
923 2333 1145 2404 κρατεῖν
1167 2371 1184 2398 ,
1217 2331 1574 2404 θαυμάσαντα
1602 2333 1830 2405 Μάρκον
1848 2333 1951 2404 τῆς

2053 2339 2201 2398 rent,
2231 2346 2544 2404 carnesque
2576 2334 2702 2406 ejus
2733 2334 3050 2402 crederent,
3084 2336 3400 2392 Arethusiis
3431 2335 3636 2393 dixisse

373 2419 723 2490 ἐγκρατείας,
757 2422 1168 2494 παρῤησιάσθαι
1216 2422 1355 2493 πρὸς
1403 2422 1494 2477 τὸν
1547 2421 1811 2494 βασιλέα,
1855 2424 1953 2478 καὶ

2053 2421 2254 2488 fertur,
2303 2439 2363 2480 se
2389 2423 2612 2494 quidem
2651 2424 2948 2481 sublimem
2985 2440 3110 2484 esse
3133 2468 3151 2494 ,
3204 2426 3354 2497 ipsos
3378 2441 3512 2483 vero
3544 2426 3635 2483 ab-

376 2506 741 2578 μέμψασθαι,
799 2509 875 2574 ὡς
933 2510 1161 2575 εἰκότως
1227 2510 1491 2582 αἰσχύνην
1539 2509 1950 2582 ὀφλισκάνουσι,

2048 2511 2228 2582 jectos
2262 2511 2532 2585 humique
2564 2523 2819 2584 repentes
2849 2513 2918 2569 ab
2950 2530 3011 2571 se
3035 2516 3317 2587 conspici:
3355 2525 3524 2589 atque
3572 2531 3637 2573 es

373 2599 774 2668 κεκρατημένοι
831 2600 961 2671 παρ’
1007 2599 1124 2664 ἐνὸς
1171 2599 1459 2671 γέροντος,
1507 2601 1646 2672 πρὸς
1682 2601 1951 2667 τοσαύτας

2050 2619 2117 2661 eo
2149 2605 2432 2676 conjicere
2481 2622 2542 2664 se
2594 2620 2846 2676 quaenam
2897 2606 3005 2661 sibi
3051 2616 3107 2663 et
3143 2606 3280 2678 ipsis
3315 2621 3438 2663 sors
3485 2606 3637 2666 brevi

377 2685 642 2756 βασάνους
682 2689 942 2760 ἀνδρείως
986 2692 1430 2762 ἀντιταξαμένου.
1468 2692 1577 2747 Καὶ
1621 2692 1950 2748 κινδυνεύειν

2049 2705 2316 2752 eventura
2342 2707 2511 2754 esset.
2546 2697 2717 2752 Aiunt
2747 2698 2910 2752 etiam
2938 2711 3062 2753 eum
3092 2699 3186 2769 qui
3219 2707 3348 2754 tunc
3377 2697 3641 2767 temporis

373 2775 568 2840 αὐτοὺς
602 2778 845 2846 γελοίους
881 2776 1057 2834 εῖναι·
1114 2781 1485 2852 ἐνδοξοτέρους
1537 2781 1593 2834 δέ
1638 2781 1730 2846 οὒς
1778 2782 1950 2838 ταῦτα

2051 2790 2342 2860 prtefectus
2374 2800 2494 2846 erat
2524 2790 2765 2861 praetorii
2793 2829 2808 2854 ,
2859 2791 3146 2862 gentilium
3177 2791 3399 2862 quidem
3445 2801 3642 2860 super-

375 2864 598 2936 δρῶσιν.
629 2868 688 2921 '0
717 2869 816 2940 μὲν
849 2865 942 2924 οὖν
973 2871 1276 2943 μακάριος,
1303 2873 1396 2926 ἐπὶ
1414 2871 1666 2927 τοσοῦτον
1690 2874 1950 2941 γενναίως

2051 2881 2262 2936 stitioni
2305 2880 2600 2937 admodum
2653 2880 2924 2946 deditum,
2965 2880 3216 2936 moribus
3266 2886 3452 2934 tamen
3479 2877 3645 2936 ‘adeo

375 2956 511 3028 πρὸς
547 2959 636 3010 τὸν
687 2960 1042 3031 Ἀρεθουσίων
1070 2963 1237 3033 θυμὸν
1280 2963 1374 3018 καὶ
1416 2963 1516 3027 τάς
1543 2964 1740 3026 πολλάς
1784 2965 1951 3042 βασά-

2049 2969 2336 3038 eximium,
2364 2978 2424 3024 ut
2459 2971 2526 3026 ad
2564 2969 2669 3026 hoc
2693 2985 2872 3041 usque
2899 2977 3118 3040 tempus
3149 2967 3296 3024 fama
3335 2969 3487 3023 illius
3514 2982 3642 3039 per-

377 3060 497 3109 νους
525 3048 804 3121 ἀντέσχεν,
829 3051 903 3116 ὡς
931 3053 1024 3107 καὶ
1055 3053 1190 3123 πρὸς
1229 3052 1408 3109 αὐτῶν
1443 3054 1794 3127 ἐπαινεθῆναι
1838 3057 1947 3112 τῶν

2052 3071 2290 3128 severet,
2327 3063 2494 3118 Marci
2529 3063 2861 3118 admiratum
2900 3062 3291 3127 constantiam,
3322 3061 3497 3116 libere
3550 3075 3632 3116 re-

384 3137 762 3208 Ἑλληνιστῶν.
1970 3137 1979 3163 ¹

2045 3154 2406 3224 prehendisse
2439 3155 2864 3227 imperatorem:
2919 3170 3046 3210 cum
3079 3154 3286 3210 diceret
3319 3154 3474 3224 ipsos
3509 3169 3632 3224 pro-

375 3227 471 3284 bro
518 3242 572 3287 et
629 3233 925 3304 ignominia
988 3236 1182 3292 merito
1240 3236 1417 3304 affici,
1460 3239 1555 3309 qui
1596 3254 1626 3294 a
1695 3256 1827 3296 sene
1885 3250 1965 3298 tot
2017 3254 2316 3320 tantosque
2363 3251 2646 3307 cruciatus
2694 3249 2911 3305 fortiter
2960 3264 3222 3321 perpesso
3257 3249 3390 3305 victi
3429 3259 3638 3305 essent.

374 3323 790 3399 Periculumque
835 3346 958 3386 esse
1006 3347 1074 3388 ne
1118 3329 1224 3402 ipsi
1270 3331 1492 3402 quidem
1539 3333 1761 3388 ridiculi
1803 3338 2138 3407 evaderent,
2184 3343 2220 3400 ii
2271 3360 2399 3399 vero
2431 3359 2572 3414 quos
2617 3344 2692 3397 ita
2733 3351 3068 3408 tractarent,
3127 3342 3462 3398 illustriores
3511 3341 3635 3398 red-

373 3419 651 3475 derentur.
705 3421 922 3478 Marcus
976 3422 1142 3493 igitur
1186 3423 1607 3480 Arethusiorum
1661 3427 1838 3484 furori
1891 3446 1956 3488 ac
1994 3435 2392 3506 multiplicibus
2422 3436 2717 3492 tormentis
2743 3442 2893 3490 tanta
2927 3433 3100 3490 animi
3168 3434 3492 3490 fortitudine
3547 3445 3633 3488 re-

373 3513 533 3581 stitit,
568 3523 626 3568 ut
657 3515 724 3570 ab
773 3516 907 3588 ipsis
952 3516 1117 3570 etiam
1163 3516 1464 3587 gentilibus
1495 3533 1562 3573 eo
1607 3521 1834 3578 nomine
1878 3526 1952 3581 sit
1984 3527 2264 3583 laudatus.

965 3607 1216 3662 ΚΕΦΑΛ.
1255 3606 1364 3676 lA'._

2607 3614 2768 3685 196
2812 3611 2965 3668 CAP.
3001 3611 3071 3665 XI

370 3698 510 3772 Περὶ
548 3684 920 3772 Μακεδονίου
939 3741 955 3765 ,
991 3699 1365 3772 Θεοδούλου,
1392 3702 1724 3769 Γρατιανοῦ
1744 3745 1758 3766 ,
1797 3709 1949 3762 Βου-

2053 3708 2134 3763 De
2164 3705 2502 3768 Macedonio,
2553 3684 2844 3768 Tlreodalo,
2890 3705 3172 3772 Gratiano,
3219 3703 3492 3768 Busiride,
3530 3705 3631 3760 Ba-

441 3769 710 3848 ᾳίριδος,
762 3771 1084 3848 ρασιλεξίου
1133 3769 1232 3822 καὶ
1293 3770 1649 3848 Εὐψυχίου,
1710 3773 1831 3828 τῶν
1879 3777 1950 3831 έν

2125 3777 2248 3832 silio
2296 3786 2345 3831 et
2389 3774 2710 3846 Eupsyclzio,
2767 3777 2857 3847 qui
2906 3785 3028 3831 tunc
3075 3769 3332 3848 martyrio
3374 3778 3633 3846 perfuncti

439 3840 693 3905 ἐκείνοις
721 3838 844 3904 τοῖς
875 3840 1117 3907 χρόνοις
1148 3839 1686 3908 μαρτυρησάντων.
2127 3857 2269 3902 sunt.

451 3932 540 3984 Ἐν
566 3929 622 3983 δὲ
648 3929 726 4001 τῷ
751 3930 894 3993 τότε,
927 3929 1023 3984 καὶ
1053 3929 1384 3993 Μακεδόνιος
1403 3968 1418 3994 ,
1445 3931 1733 3996 Θεόδουλός
1759 3953 1818 3988 τε
1852 3939 1946 3991 καὶ

2127 3944 2330 4000 Eodem
2367 3952 2613 4014 tempore
2649 3942 3015 4009 Macedonius,
3043 3941 3358 3998 Theodnlus
3374 3952 3429 3998 et
3451 3943 3634 3997 Tatia-

370 4021 632 4083 Τατιανὸς
663 4022 712 4074 oi
753 4019 1001 4090 Φρύγες,
1045 4020 1306 4092 ἀνδρείως
1345 4021 1754 4095 ἐμαρτύρησαν.
1793 4026 1946 4083 Ἐπεὶ

2056 4047 2184 4099 nus,
2203 4034 2460 4107 Phryges,
2499 4033 2624 4090 forti
2663 4033 2852 4090 animo
2880 4033 3199 4104 martyrium
3217 4031 3564 4102 pertulerunt
3592 4033 3630 4090 ί.

444 4208 459 4237 ¹
496 4205 676 4278 Socr.,
713 4208 808 4267 lib.
846 4223 929 4280 ιιι,
960 4225 1013 4267 c.
1043 4212 1136 4268 i5.

1567 4368 1837 4424 VALESII
1871 4367 2322 4426 ANNOTATION
2327 4367 2432 4426 ES.

371 4544 874 4620 con_cinn_i_us_mihi
920 4547 1137 4602 videtur
1164 4555 1218 4603 et
1249 4549 1574 4620 elegantius.
1608 4549 1768 4605 Certe
1806 4549 1942 4604 Gre-
2050 4549 2370 4603 beatissime
2420 4547 2688 4602 memoria:
2732 4545 3018 4620 Marcum,
3067 4561 3154 4599 cui
3203 4561 3390 4620 graues
3431 4560 3638 4620 semper

367 4614 558 4734 glorius
591 4613 990 4682 Nazianzenus,
1023 4620 1075 4672 in
1130 4620 1314 4688 priore
1335 4613 1636 4675 'lnvectiva
1687 4620 1941 4675 adversus
1975 4632 2020 4688 ι)
2049 4621 2279 4688 injurias
2304 4621 2582 4690 irrogavit,
2611 4627 2720 4673 etc.
2750 4617 3074 4691 Quzc'verba
3098 4613 3336 4670 nonnisi
3360 4615 3427 4669 de
3450 4614 3638 4670 Marco

410 4683 648 4734 uliamtm
670 4727 684 4734 -
723 4701 841 4734 nan-
871 4686 970 4734 88-
1013 4689 1151 4734 hanc
1180 4689 1587 4734 distinminnmn
1625 4690 1936 4734 mnfirnmt-
2051 4690 2344 4734 Arptlmgin
2368 4689 2602 4734 intelligi
2627 4695 2879 4734 nossnnl-
2904 4702 3089 4734 mrem-
3117 4693 3304 4734 utpote
3327 4693 3632 4734 mortuum-

410 4683 648 4760 alianum
670 4727 684 4750 ,
712 4701 841 4760 pag.
871 4686 970 4760 ἓξ.
1013 4683 1151 4760 hanc
1180 4689 1587 4746 distinctiOnem
1625 4690 1936 4744 confirmat.
1975 4683 2010 4688 ⁷
2048 4683 2344 4760 Arethusia
2368 4683 2602 4760 intelligi
2626 4684 3632 4760 possunt,'qtient,_utpo_te_mortuum,

371 4751 639 4831 δίεχε-πίω
675 4751 751 4831 ait
887 4755 1068 4831 Marco
1092 4758 1385 4831 Arethusio
1418 4776 1430 4812 :
1475 4761 1629 4814 Ἐπεὶ
1661 4761 1718 4814 δὲ
1743 4760 1940 4831 ᾔσθετο
2056 4759 2386 4831 beatissima:
2417 4751 3030 4831 mem'or'iaeappellant.
3065 4751 3206 4811 Huic
3245 4756 3415 4831 igitur
3448 4755 3633 4831 βίοι-(ιο

370 4823 581 4900 πολλῶν
624 4824 736 4900 Δμὲν
789 4825 855 4900 δι’
884 4827 1047 4900 αὐτὸν
1093 4829 1434 4900 ἑλκομένων,
1491 4832 1586 4884 καὶ
1615 4823 1938 4900 ἀγομένων,

2048 4830 2196 4893 alter.
2225 4829 2444 4886 Marcus
2484 4823 2782 4900 successit;
2808 4823 3190 4900 ipserquoque
3238 4823 3629 4900 sémiarianus,

369 4893 581 4970 πολλῶν
603 4894 676 4970 Δδὲ
707 4897 836 4970 περὶξ
877 4897 1056 4970 ψυχῆς
1078 4893 1428 4970 γτρεχόντων,
1463 4911 1569 4956 etc.
1604 4893 1768 4955 Vides
1818 4893 1943 4970 post

2047 4899 2141 4968 qui
2167 4901 2344 4955 eidem
2396 4893 2959 4970 pseudo-Sardic'ensi
2989 4893 3224 4970 'sytiodo
3275 4897 3629 4970 subscripsit,

369 4960 553 5042 fugam
601 4960 1091 5042 Marci'Arethusii
1130 4960 1609 5042 iniiltos‘tractos,
1644 4960 1848 5042 multos
1882 4972 1940 5026 in
2046 4960 2112 5042 ac
2143 4978 2329 5042 postea
2357 4960 2560 5027 Juliani
2602 4971 2948 5040 temporibus
2980 4960 3222 5037 gloriosa
3273 4960 3633 5024 confessione

365 5031 631 5108 jtulicium
663 5046 886 5092 vocatos
914 5035 1104 5103 fuisse,
1133 5053 1199 5092 eo
1221 5039 1367 5108 quod
1398 5031 1637 5095 Marcum
1660 5041 1942 5098 occultare
2045 5031 2328 5097 inclaruit.

367 5101 752 5181 crederentur,
785 5109 988 5181 multos
1016 5101 1199 5181 etiam,
1227 5101 1528 5181 periculum
1579 5111 1776 5180 capitis
1803 5115 1938 5181 sub-
2117 5113 2229 5179 (9|)
2281 5113 2484 5168 Ἡνίκα
2537 5111 2608 5165 δὲ
2649 5112 2914 5181 λέγεται,
2966 5108 3110 5166 Leve
3149 5117 3266 5174 est,
3317 5107 3412 5181 sed
3447 5115 3628 5160 tamen

368 5171 520 5250 iisse.
573 5171 690 5226 Non
741 5176 909 5250 igitur
956 5179 1133 5250 solum
1187 5171 1567 5250 ἐκινδύνευσαν
1621 5171 1938 5250 πειρᾶσθαι,

2046 5171 2155 5236 non
2181 5171 2667 5242 dissimulandum,
2707 5171 2852 5250 quod
2887 5180 3065 5234 dicam
3119 5171 3468 5250 scribendum
3505 5189 3632 5229 esse

366 5239 1206 5327 itecldre.veralérrsipdfiqaav.
1256 5247 1430 5327 Porro
1494 5251 1641 5327 hunc
1695 5239 1938 5327 Μαι-συσὶ

2043 5252 2108 5327 qh
2147 5252 2367 5327 Ρτοδὲ,
2392 5252 2538 5327 quod
2570 5239 2856 5327 confirmat
2894 5249 3627 5327 (ἶτεεοτίιιβ-Νξξὶερῑεημεέ

365 5310 716 5394 Ατοιζιιιείυψ
747 5310 1022 5394 diversum
1059 5310 1192 5394 esse
1221 5319 1540 5394 existimo_a
1586 5317 1941 5394 MarcoAAre-
2045 5310 2304 5394 Occ'urrit
2343 5310 2443 5394 hic
2485 5337 2640 5394 error
2688 5310 3034 5394 frequenter':
3053 5322 3108 5375 in
3162 5321 3264 5394 his
3283 5315 3458 5394 libris.
3518 5311 3640 5368 Sed:

364 5378 698 5462 thltsio,_qui
732 5399 858 5438 cum
887 5386 1712 5462 Arianissemperconjunctae
1758 5391 1941 5446 fuerat
2046 5392 2198 5447 illum
2234 5392 2426 5462 lectori
2461 5392 2710 5462 studioso
2747 5378 3552 5462 corrigendumrelinquimus.

365 5449 474 5534 iam
502 5449 635 5534 inde
657 5468 685 5506 a
720 5456 1062 5534 temporibus
1089 5449 1459 5534 Constantini.
1484 5449 1598 5514 'liic
1625 5462 1773 5534 enim
1795 5476 1940 5534 mor-
2118 5463 2228 5532 (92)
2254 5461 2396 5534 ΔΤρν
2448 5461 2580 5534 τοτε
2622 5449 3254 5534 ὕπαρχονζλδοιιιειίυήω
3309 5449 3638 5534 prgefe‘ctutu

365 5530 619 5602 ﬁnisest
663 5532 792 5579 ante
836 5527 1134 5602 concilium
1170 5529 1530 5602 Sardiceuse,
1581 5530 1833 5602 utdidici
1871 5547 1937 5588 ex
2047 5527 2617 5602 praetoriointelligit,
2646 5527 2826 5586 virum
2867 5530 2951 5586 sui
2977 5528 3241 5602 temporis
3275 5527 3635 5602 sapientissi—

366 5587 608 5667 Epistola
687 5594 946 5674 synodica
990 5594 1372 5674 _0r_ient_alium
1448 5587 1593 5674 apud
1654 5599 1936 5674 Sardicam
2047 5587 2195 5674 inuiti
2236 5601 2374 5674 _:_de
2421 5587 2547 5674 quo"
2569 5587 2690 5674 vide
2745 5617 2884 5674 quae
2919 5587 3105 5674 notavi
3157 5597 3223 5674 ad
3269 5587 3642 5674 nummarium:

361 5661 783 5741 ιξγὶδςουοτιιιὶι,
841 5665 931 5720 ubi
973 5666 1040 5721 de
1081 5667 1248 5741 ilosio
1295 5670 1367 5723 ita
1408 5661 1660 5725 scribunt
1701 5688 1714 5722 :
1753 5669 1855 5726 Sed
1888 5679 1938 5724 et
2046 5661 2453 5727 Marcellinum:
2481 5661 2840 5726 Eumdcm'in
2872 5670 2974 5741 hac
3007 5668 3235 5741 historia
3269 5662 3451 5741 laudat
3480 5661 3638 5717 Grc»

423 5736 591 5786 asiam
633 5745 845 5802 propter
898 5737 1259 5806 supradicta»:
1315 5757 1566 5810 causata,
1630 5751 1676 5796 et
1726 5751 1938 5811 propter
2047 5743 2235 5814 gorius
2267 5741 2669 5810 Nazianzenus,
2703 5741 2796 5799 scd
2831 5739 2999 5795 tacito
3029 5736 3149 5808 ejus
3179 5737 3420 5794 nomine.
