4040 6216
397 260 538 319 1247

1869 263 2210 322 SOZOMENI

3517 258 3648 313 1248

398 377 530 431 Nam
586 393 710 432 cum
769 377 936 441 Mero,
994 394 1115 451 qua:
1166 381 1298 436 urbs
1346 391 1429 438 est
1473 381 1740 454 Phrygiae,
1791 394 1973 440 rector

2093 386 2182 457 {rip
2220 387 2278 439 ἐν
2307 383 2484 456 Μίσῳ,
2509 381 2661 445 πόλις
2688 379 2748 435 δὲ
2778 379 2872 452 ηδε
2894 376 3124 452 Φρυγῶν
3148 376 3263 449 (95)
3290 416 3308 443 ,
3341 374 3435 429 τὸν
3466 375 3649 432 ἐνθάδε

401 468 699 540 provincia;
733 471 992 538 templum
1027 473 1353 541 aperuisset,
1393 482 1447 529 et
1479 473 1743 529 diuturno
1770 475 1878 530 situ
1909 491 1973 532 ac

399 561 658 616 sordibus
691 561 968 632 oppletum
1007 573 1379 633 repurgasset,
1415 566 1492 620 illi
1519 575 1680 621 noctu
1713 566 1972 638 ingressi,

400 653 694 706 simulacra
728 653 1127 708 contriveruut.
1161 655 1408 726 Cumque
1447 657 1541 712 alii
1577 665 1836 728 tanquam
1876 659 1976 713 hu-

397 742 488 811 jus
529 742 794 798 facinoris
829 751 1082 800 auctores
1115 748 1521 817 comprehensi,
1555 755 1608 803 et
1646 764 1836 818 pmnas
1861 753 1976 819 jam

402 834 585 888 daturi
615 842 823 897 essent,
844 851 964 890 sese
989 835 1096 905 ipsi
1117 836 1450 892 indicarunt.
1470 837 1607 893 Cum
1634 847 1814 894 autem
1841 841 1977 910 ipsis

405 923 592 978 liceret
615 924 799 979 illazsis
828 925 1001 989 abire,
1022 926 1068 980 si
1103 927 1264 980 modo
1292 927 1400 982 diis
1431 927 1745 984 sacrificare
1772 930 1977 984 voluis-

404 1021 528 1068 sent
554 1055 568 1079 ,
616 1023 904 1084 postquam
954 1032 1156 1086 praeses
1193 1018 1328 1083 ipsis
1359 1019 1690 1088 persuadere
1725 1035 1833 1074 non
1880 1035 1978 1092 po-

403 1106 508 1160 tuit
562 1113 621 1159 ut
677 1107 759 1161 vel
809 1107 913 1161 hoc
958 1123 1068 1162 uno
1121 1109 1514 1165 satisfactionis
1559 1125 1756 1179 genere
1799 1111 1979 1166 scelus

403 1212 563 1251 suum
592 1197 887 1263 diluerent,
924 1199 1112 1253 multis
1147 1215 1242 1268 eos
1279 1200 1453 1256 modis
1484 1201 1842 1257 excruciavit.
1895 1201 1978 1256 Ad

402 1297 710 1343 extremum
743 1305 874 1344 vero
908 1291 1194 1346 craticulis
1217 1291 1498 1362 imposuit,
1532 1293 1825 1363 ignemque
1851 1293 1981 1348 sub-

400 1380 554 1448 jecit.
589 1381 674 1434 llll
707 1382 836 1436 dum
872 1391 1254 1438 cremarentur
1283 1402 1295 1438 :
1335 1383 1394 1439 Si
1427 1400 1622 1442 carnes
1655 1400 1832 1450 assas,
1867 1385 1980 1440 aie-

405 1473 559 1536 bant,
599 1473 973 1544 concupiscis,
1011 1489 1045 1529 ο
1076 1475 1330 1542 Amachi,
1365 1475 1419 1530 id
1443 1477 1588 1531 enim
1626 1491 1828 1531 nomen
1863 1483 1983 1530 erat

405 1562 678 1632 praesidis,
723 1565 952 1618 alterum
992 1564 1153 1620 nobis
1203 1565 1348 1621 latus
1401 1566 1469 1621 ad
1520 1566 1698 1638 ignem
1737 1567 1981 1633 obverte,

408 1670 476 1710 ne
503 1655 750 1725 gustanti
784 1655 882 1710 tibi
920 1657 1177 1712 insuaves
1205 1657 1514 1724 videamur,
1543 1659 1588 1715 si
1626 1660 1880 1715 semiassi
1909 1658 1986 1715 si-

409 1762 553 1802 mus.
600 1746 667 1800 Et
703 1747 759 1801 bi
800 1748 1021 1817 quidem
1057 1763 1181 1803 cum
1216 1750 1283 1804 ad
1331 1750 1478 1806 hunc
1513 1751 1734 1806 modum
1767 1750 1988 1806 fortiter

407 1835 828 1904 perstitissent,
892 1837 947 1890 in
994 1839 1283 1894 tormentis
1340 1840 1577 1894 animam
1637 1840 1985 1895 exhalarunt.

410 1924 579 1978 Aiunt
609 1934 895 1995 praeterea,
936 1928 1167 1998 Ancyrae
1217 1929 1272 1984 in
1301 1929 1513 1986 Galatia
1567 1931 1806 1986 Busirim
1859 1931 1988 1986 forti

409 2029 473 2069 ac
502 2031 772 2086 generosa
810 2016 1160 2072 confessione
1210 2019 1335 2074 fidei
1386 2030 1590 2077 nostra:
1636 2023 1986 2085 inclaruisse.

409 2105 513 2173 Qui
554 2121 678 2160 cum
715 2114 882 2182 esset,
932 2121 996 2162 eo
1042 2109 1263 2178 quidem
1313 2118 1579 2182 tempore,
1610 2129 1677 2168 ex
1711 2123 1862 2168 secta
1895 2129 1990 2169 eo-

413 2210 535 2250 rum
563 2196 657 2265 qui
695 2175 990 2252 Encratitae
1010 2175 1300 2265 dicuntur,
1333 2175 1768 2274 comprehensus
1797 2211 1884 2260 est
1932 2214 1993 2259 ut

411 2289 719 2344 caederetur
745 2305 774 2343 a
807 2289 1038 2360 praeside
1073 2289 1223 2347 illius
1252 2293 1567 2364 provinciae,
1587 2310 1653 2350 eo
1685 2295 1832 2367 quod
1856 2310 1992 2368 gen-

411 2377 602 2434 tilibus
635 2379 973 2435 insultasset.
993 2379 1285 2437 Admotum
1316 2382 1479 2452 igitur
1505 2386 1760 2454 equuleo,
1787 2400 1994 2455 praeses

411 2471 700 2527 sublimem
734 2472 850 2528 tolli
896 2474 1171 2545 priecepit.
1224 2475 1294 2529 At
1321 2475 1558 2543 Busiris,
1613 2478 1874 2535 manibus
1925 2477 1995 2532 ad

411 2571 577 2633 caput
621 2563 878 2629 sublatis,
928 2566 1097 2621 latera
1151 2564 1401 2623 nudavit.
1452 2567 1707 2640 Dixitque
1749 2569 1993 2642 prazsidi,

412 2671 523 2710 non
555 2670 682 2712 esse
715 2671 855 2727 opus
903 2663 964 2712 ut
1005 2658 1230 2714 lictores
1261 2659 1440 2730 ipsum
1493 2660 1547 2715 in
1579 2663 1872 2732 equuleum
1919 2661 1998 2717 le-

414 2746 598 2801 vando
649 2761 714 2802 ac
768 2760 957 2818 postea
989 2748 1334 2818 deponendo,
1376 2750 1580 2808 frustra
1615 2753 1996 2824 fatigarentur.

413 2835 487 2892 Se
513 2838 660 2892 enim
689 2839 903 2909 absque
933 2839 1039 2893 hoc
1071 2841 1379 2896 ministerio
1403 2842 1572 2898 latera
1605 2857 1725 2908 sua,
1754 2845 1998 2913 quandiu

412 2927 601 2992 vellet,
631 2929 938 2983 tortoribus
965 2929 1105 2984 ultro
1132 2931 1512 2999 praebiturum.
1531 2931 1852 2989 Admiratus
1885 2935 2002 3004 pol-

2077 475 2211 530 νεὼν
2239 475 2442 545 ἡνέῳξε
2465 513 2482 538 ,
2517 472 2611 526 καὶ
2641 470 2744 524 ὑπὸ
2774 470 2979 542 χρόνων
3012 467 3288 540 ρυποῦντα
3325 465 3653 537 ἐξεκάθηρεν

2073 568 2104 620 ό
2141 566 2234 620 τοῦ
2277 567 2463 630 ἔθνους
2485 565 2785 636 ἡγούμενος
2810 603 2825 628 ,
2860 562 3076 630 νύκτωρ
3109 557 3516 621 ἐπεισελθόντες
3540 599 3554 622 ,
3585 558 3654 611 τὰ

2076 656 2366 726 ἀγάλματα
2408 653 2761 723 συνέτριψαν.
2811 652 2901 714 Ὠς
2953 649 3143 702 αἰτίων
3184 648 3242 701 δὲ
3287 646 3494 701 τούτων
3528 646 3653 698 συλ-

2075 747 2387 816 ληφθέντων
2425 745 2598 800 ἀλλων
2629 743 2722 797 καὶ
2744 740 3102 811 τιμωρεῖσθαι
3133 735 3438 808 μελλόντων
3460 779 3475 804 ,
3515 737 3656 804 σφᾶς

2077 839 2272 901 αὐτοὺς
2294 838 2698 908 κατεμήνυσαν.
2738 834 2884 898 Ἑξὺν
2909 833 2965 887 δὲ
2987 833 3039 885 εἴ
3067 849 3130 900 γε
3163 831 3314 885 θύειν
3343 829 3655 900 ἠνέσχοντο,

2081 928 2246 998 μηδὲν
2284 927 2500 992 παθεῖν,
2534 927 2608 990 ὡς
2637 927 2695 979 ἐν
2723 924 2896 994 τούτῳ
2927 925 3072 994 μόνῳ
3100 921 3486 989 ἀπολογεῖσθαι
3518 920 3659 991 ὑπὲρ

2077 1019 2186 1072 τῶν
2218 1018 2622 1090 ἡμαρτημένων
2662 1019 2691 1070 ό
2719 1016 2902 1088 ἄρχων
2929 1016 3029 1068 οὐκ
3060 1014 3242 1067 ἔπειθε
3262 1054 3276 1078 ,
3311 1013 3529 1075 πολλοῖς
3561 1012 3661 1063 αύ-

2079 1110 2205 1174 τοὺς
2232 1109 2460 1181 ῂκίσατο
2503 1109 2757 1180 τρόποιςο
2796 1106 3104 1159 τελευταῖον
3136 1103 3194 1157 δέ
3240 1102 3502 1174 ἐσχάραις
3538 1103 3662 1153 ἐπι-

2081 1202 2214 1269 θεὶς,
2246 1203 2358 1273 πῦρ
2385 1200 2626 1271 ὑφῆψεν*
2655 1201 2703 1253 οί
2723 1199 2803 1262 δέ,
2830 1198 3130 1265 καιόμενοι,
3162 1196 3226 1248 El
3253 1194 3430 1266 κρεῶν
3454 1193 3661 1254 ὀπτῶν,

2081 1292 2308 1362 ἔφασαν,
2335 1291 2642 1362 ἐπιθυμεῖς,
2671 1283 2718 1343 ὦ
2755 1289 2980 1360 Ἀμάχιε
3005 1287 3146 1358 (9-5),
3171 1285 3330 1340 τοῦτο
3354 1284 3464 1355 γὰρ
3491 1283 3666 1354 ϐνομα

2081 1378 2149 1453 ἦν
2180 1383 2259 1454 τῷ
2287 1383 2526 1452 ἄρχοντι,
2558 1380 2654 1435 καὶ
2691 1380 2783 1434 ἐπὶ
2811 1380 2908 1442 τὰς
2935 1379 3128 1450 ἐτέρας
3167 1376 3408 1448 πλευρὰς
3436 1374 3574 1446 πρὸς
3603 1376 3667 1428 τὸ

2085 1473 2197 1545 πῦρ
2236 1475 2383 1545 ἡμᾶς
2427 1473 2688 1544 στρέψον,
2723 1471 2812 1526 ἵνα
2840 1471 2913 1542 μή
2950 1487 3033 1523 σοι
3068 1469 3350 1539 γενομένῳ
3405 1470 3669 1541 ἡμίοπτοι

2085 1566 2396 1637 γενόμενοι,
2425 1565 2606 1634 ἀηδεῖς
2640 1561 2980 1633 φαινώμεθα.
3024 1561 3136 1615 Καὶ
3163 1561 3212 1612 oi.
3249 1560 3346 1631 μὲν
3382 1552 3485 1613 ὧδε
3535 1577 3667 1628 γεν-

2087 1656 2251 1719 ναίως
2281 1654 2650 1723 διαγενόμενοι
2673 1694 2688 1720 ,
2728 1654 2786 1705 ἐν
2822 1652 2940 1714 ταῖς
2968 1649 3259 1721 τιμωρίαις
3289 1649 3378 1703 τὸν
3409 1649 3525 1720 βίον
3563 1651 3674 1703 ἀτις⁸

2087 1748 2292 1802 έθεντο.
2323 1745 2462 1800 Φασὶ
2489 1746 2546 1799 δὲ
2571 1745 2662 1798 καὶ
2701 1744 2955 1814 Βούσιριν
2982 1746 3041 1797 ἐν
3086 1742 3331 1813 Ἀγκύρᾳ
3359 1744 3459 1813 τῆς
3487 1741 3675 1796 Γαλα-

2087 1839 2208 1902 τίας
2233 1836 2495 1909 λαμπράν
2525 1836 2618 1890 καὶ
2639 1834 3022 1907 ἀνδρειοτάτην
3050 1833 3340 1903 ὁμολογίαν
3371 1834 3673 1904 ὑπομεῖναι

2086 1926 2176 1980 διὰ
2206 1925 2306 1998 τὴν
2341 1925 2658 1996 θρησκείαν.
2696 1925 2790 1978 ⁸ον
2819 1923 2917 1993 τῆς
2955 1921 3223 1992 αἱρέσεως
3255 1921 3384 1975 ὅντα
3411 1924 3532 1976 τότε
3561 1922 3676 1976 τῶν

2090 2015 2439 2086 καλουμένων
2485 2013 2859 2086 Ἐγκρατιτῶν
2885 2053 2900 2078 ,
2955 2013 3235 2068 συλλαϐὼν
3285 2017 3314 2068 ό
3355 2015 3450 2068 τοῦ
3483 2016 3676 2079 ἔθνους

2088 2107 2306 2179 ἄρχων,
2339 2106 2414 2170 ὼς
2463 2107 2913 2178 νεανιευσάμενον
2960 2105 3101 2160 κατά
3149 2107 3259 2160 τῶν
3308 2106 3675 2177 Ἑλληνιστῶν

2088 2195 2395 2260 αἰκίζεσθαι
2424 2195 2705 2265 ἠϐούλετο.
2742 2197 2852 2251 Καὶ
2890 2195 3125 2268 δημοσίᾳ.
3169 2197 3500 2269 προαγαγὼν
3532 2199 3674 2270 πρὸς

2090 2289 2152 2344 τὸ
2181 2289 2600 2360 βασανιπήριον
2629 2287 2805 2356 ξύλον,
2833 2289 3151 2362 αἰωρεῖσθαι
3184 2292 3572 2362 προσέταττεν.
3609 2293 3674 2348 ’0

2091 2379 2150 2434 δὲ
2199 2379 2452 2449 Βούσιρις
2494 2379 2744 2450 ἀνασχὼν
2791 2380 2870 2434 τὼ
2913 2384 3064 2453 χεῖρε
3096 2383 3234 2454 πρὸς
3262 2383 3363 2453 τὴν
3405 2383 3671 2454 κεφαλὴν,

2095 2473 2379 2544 ἐγύμνωσε
2427 2473 2526 2536 τὰς
2571 2473 2810 2543 πλευράς
2833 2488 2848 2504 ·
2897 2475 2989 2527 καὶ
3023 2475 3100 2544 μὴ
3137 2474 3314 2545 μάτην
3346 2476 3548 2546 χρῆναι
3579 2492 3676 2528 πο-

2096 2567 2206 2620 νεῖν
2238 2564 2365 2629 τοῦς
2391 2563 2618 2635 δημίους
2642 2564 2779 2636 πρὸς
2805 2562 2898 2617 τὸν
2927 2564 3164 2636 ἄρχοντα
3193 2565 3297 2638 ἔφη
3324 2607 3340 2629 ,
3372 2567 3676 2635 ἀνάγοντας

2097 2653 2260 2708 αὑτὸν
2291 2654 2387 2707 ἐπὶ
2415 2654 2475 2707 τό
2500 2653 2676 2719 ξύλον,
2697 2653 2793 2707 καὶ
2823 2654 2984 2709 πάλιν
3009 2655 3367 2725 κατάγοντας.
3409 2657 3677 2728 Ἐτοίμως

2097 2745 2208 2816 γὰρ
2237 2744 2333 2799 καὶ
2365 2743 2486 2815 δίχα
2506 2743 2695 2797 τούτου
2725 2745 2810 2814 ἐφ’
2841 2745 2963 2799 ὅσον
2993 2745 3260 2816 βούλεται,
3293 2746 3551 2817 παρέξειν
3578 2748 3677 2812 τὰς

2099 2835 2341 2907 πλευρὰς
2362 2838 2474 2899 τοῖς
2501 2835 2872 2906 βασανισταῖς.
2892 2837 3190 2909 Θαυμάσας
3218 2838 3275 2891 δὲ
3304 2839 3406 2910 τὴν
3442 2839 3677 2910 ὑπόσχε-

2102 2942 2186 2978 σιν
2228 2927 2256 2978 ό
2289 2925 2471 2996 ἄρχων
2493 2965 2508 2989 ,
2547 2924 2748 2994 μᾶλλον
2775 2928 2842 2997 τῇ
2881 2927 3047 2998 πείρᾳ
3081 2928 3420 2998 κατεπλάγη.
3458 2929 3678 2993 Δίκιζό-

415 3015 773 3070 licitationem
821 3031 1049 3084 praeses,
1088 3017 1260 3086 ipsius
1294 3020 1372 3071 rei
1415 3019 1793 3088 experimento
1827 3021 1993 3090 magis

2108 3032 2266 3087 μενος
2316 3018 2428 3086 γὰρ
2469 3017 2590 3079 ταῖς
2626 3015 2772 3082 ὄνυξι
2805 3017 2904 3079 τὰς
2953 3017 3190 3089 πλευρὰς
3242 3018 3433 3090 μέχρις
3464 3020 3554 3074 ὅτε
3601 3019 3676 3091 τῷ

413 3107 757 3177 stupefactus
788 3118 893 3163 est.
921 3107 1055 3162 Nam
1089 3124 1217 3164 cum
1251 3112 1423 3164 latera
1455 3112 1574 3179 ejus
1604 3111 1850 3181 quandiu
1874 3113 1992 3183 pla-

416 3198 534 3252 cuit
579 3197 828 3267 praesidi,
874 3199 1152 3269 unguibus
1186 3199 1383 3257 ferreis
1438 3201 1840 3268 lacerarentur,
1875 3219 1996 3258 ma-

417 3289 583 3344 nibus
613 3305 781 3360 supra
815 3300 980 3360 caput
1012 3290 1192 3358 elatis,
1230 3292 1421 3362 plagas
1453 3291 1624 3347 alacri
1661 3295 1844 3350 animo
1878 3311 2000 3352 sus-

419 3380 599 3437 tinens
625 3381 1015 3451 perseveravit.
1057 3380 1190 3438 Post
1229 3383 1346 3438 haec
1367 3383 1653 3454 coniectus
1677 3385 1732 3440 in
1757 3385 1998 3450 vincula,

424 3473 568 3528 haud
615 3473 788 3527 multo
841 3481 966 3544 post
1002 3473 1267 3529 liberatus
1297 3481 1403 3539 est,
1445 3489 1571 3528 cum
1612 3490 1762 3531 mors
1795 3473 2001 3531 Juliani

422 3564 678 3618 nuntiata
707 3572 881 3632 esset;
911 3572 966 3619 et
995 3565 1062 3620 ad
1094 3565 1464 3645 principatum
1511 3581 1684 3637 usque
1709 3567 2004 3624 Theodosii

422 3663 708 3723 superstes
743 3655 878 3710 fuit:
912 3655 1288 3728 damnataque
1324 3659 1509 3728 priore
1559 3660 1782 3724 haeresi,
1814 3660 1882 3716 ad
1909 3675 2004 3716 ca-

421 3745 686 3799 tholicam
729 3744 1034 3801 Ecclesiam
1085 3763 1146 3803 se
1198 3751 1456 3805 contulit.
1509 3752 1713 3824 Eodem
1756 3760 2006 3824 tempore

424 3836 690 3906 martyrio
719 3836 886 3891 vitam
922 3837 1136 3893 (iniisse
1167 3839 1430 3894 dicuntur
1463 3841 1721 3904 Basilius,
1750 3842 2003 3914 Ancyra-

423 3940 509 3982 ηε
543 3925 803 3981 Ecclesiae
834 3927 1211 3998 presbyter,et
1241 3927 1606 3999 Eupsychius,
1641 3929 2005 3986 Caesariensis

422 4017 739 4090 Cappadox,
757 4018 926 4074 nobili
949 4035 1146 4090 genere
1165 4030 1341 4081 ortus.
1367 4019 1462 4089 qui
1481 4034 1674 4076 recens
1695 4021 1852 4092 197
1868 4036 2008 4076 uxo-

425 4128 540 4168 rem
583 4113 836 4178 duxerat,
872 4120 927 4169 et
961 4113 1144 4168 adhuc
1174 4114 1333 4184 quasi
1365 4129 1601 4184 sponsus
1625 4123 1765 4170 erat.
1799 4116 1866 4170 Et
1898 4115 2010 4170 Eu-

428 4204 688 4275 psychius
724 4204 970 4277 quidem,
1014 4187 1281 4277 quantum
1335 4207 1658 4274 conjectura
1717 4222 2006 4278 assequor,

429 4305 654 4369 propter
678 4299 936 4376 templum
967 4297 1126 4355 Genii
1155 4299 1359 4369 publici
1393 4299 1723 4356 interfectus
1745 4309 1866 4358 est:
1898 4314 2010 4371 quo

429 4395 566 4447 tunc
612 4390 881 4462 temporis
932 4389 1261 4457 destructo,
1319 4391 1564 4448 universi
1618 4391 2007 4459 Caesarienses,

2100 3107 2319 3178 ἄρχοντι
2351 3107 2562 3172 ἐδόκει,
2596 3107 2986 3180 διεκαρτέρησε
3016 3109 3094 3163 τὼ
3127 3111 3276 3181 χεῖρε
3305 3111 3550 3180 ἀνέχων,
3584 3113 3677 3166 καὶ

2098 3196 2195 3258 τὰς
2243 3195 2460 3264 πληγὰς
2504 3196 2800 3267 προθύμως
2851 3198 3162 3270 δεχόμενος.
3227 3201 3316 3254 Ἑν
3365 3201 3588 3273 δεσμοῖς
3619 3201 3676 3254 δέ

2102 3286 2240 3356 μετὰ
2275 3285 2448 3340 ταῦτα
2475 3287 2800 3358 γενόμενος,
2836 3289 3023 3361 ἀνείθη
3061 3291 3162 3345 οὐκ
3189 3293 3271 3356 είς
3289 3291 3532 3364 ’μακρὰν
3573 3295 3673 3361 ἀγ-

2047 3459 2050 3462 .
2098 3377 2381 3448 γελθέντος
2400 3379 2707 3452 ἀνῃρῆσθαι
2746 3381 3030 3436 Ἰουλιανόν
3054 3399 3069 3414 ⁸
3099 3384 3194 3437 καὶ
3224 3385 3388 3456 μέχρι
3413 3388 3514 3457 τῆς
3545 3386 3674 3438 Θεο-

2099 3469 2278 3524 δοσίου
2338 3469 2615 3541 βασιλείας
2670 3472 2875 3527 ἐπεϐίω
2910 3489 2925 3504 ·
2974 3473 3070 3527 καὶ
3125 3475 3261 3546 πρὸς
3305 3476 3406 3546 τὴν
3447 3476 3675 3530 καθόλου

2114 3559 2442 3630 Ἐκκλησίαν
2479 3561 2734 3630 μετέθετο
2759 3602 2774 3628 ,
2822 3565 3126 3631 καταγνοὺς
3154 3564 3257 3633 τῆς
3290 3566 3564 3637 προτέρας
3596 3566 3678 3619 al-

2107 3651 2323 3723 ρέσεως.
2351 3653 2522 3720 Λόγος
2567 3653 2624 3705 δὲ
2667 3653 2809 3706 κατά
2838 3653 3026 3710 τοῦτον
3057 3654 3148 3708 τὸν
3180 3655 3368 3725 χρόνον
3406 3656 3676 3730 μαρτυρίᾳ

2101 3744 2192 3798 τὸν
2220 3744 2332 3814 βίον
2364 3744 2642 3816 μετελθεῖν
2665 3785 2679 3809 ,
2718 3745 2998 3800 Βασίλειον
3026 3745 3395 3817 πρεσϐύτερον
3431 3746 3456 3785 δ
3493 3747 3593 3816 τῆς
3622 3748 3679 3798 ἐν

2117 3836 2361 3908 Ἀγκύρᾳ
2418 3837 2744 3906 Ἐκκλησίας
2769 3877 2784 3902 ,
2841 3838 2934 3891 καὶ
2990 3837 3260 3908 Εὑψύχιον
3313 3849 3337 3878 ε
3392 3837 3680 3907 Καισαρέα

2104 3929 2482 4001 Καππαδόκην
2538 3929 2645 3982 τῶν
2701 3928 3042 4000 εὐπατριδῶν
3066 3970 3082 3996 ,
3148 3929 3374 3998 ἔναγχος
3435 3929 3682 3999 γαμετὴν

2106 4022 2402 4093 ἀγόμενον,
2433 4020 2527 4074 καὶ
2569 4016 2681 4074 οἷον
2709 4019 2789 4072 ἔτι
2825 4021 3057 4090 νυμφίον
3095 4021 3240 4074 ὄντα.
3277 4021 3580 4091 Συμϐάλλω
3604 4020 3682 4082 δέ,

2105 4113 2196 4168 τὸν
2240 4112 2338 4184 μὲν
2363 4111 2631 4182 Εὺψύχιον
2671 4111 3023 4182 ἀναιρεθῆναι
3050 4112 3137 4165 διὰ
3167 4111 3259 4164 τὸν
3286 4112 3414 4164 ναὸν
3441 4113 3544 4182 τῆς
3573 4110 3684 4164 Τύ-

2105 4223 2208 4279 χης
2231 4246 2246 4270 ,
2292 4205 2376 4274 ἐφ’
2429 4199 2474 4274 ᾧ
2503 4204 2622 4258 τότε
2648 4202 3053 4275 καθαιρεθέντι,
3085 4203 3160 4267 ὡς
3190 4205 3248 4256 ἐν
3291 4204 3405 4267 τοῖς
3446 4201 3684 4274 πρόσθεν

2107 4300 2344 4372 εῐρηται,
2375 4301 2528 4371 κοινῇ
2572 4297 2774 4363 πάντες
2826 4300 3123 4369 Καισαρεῖς
3159 4297 3260 4368 τῆς
3284 4296 3379 4351 τοῦ
3417 4296 3686 4367 βασιλέως

2109 4388 2280 4462 ὀργῆς
2301 4389 2691 4461 ἐπειράθησαν.
2728 4389 2792 4442 Ol
2821 4387 2877 4442 δὲ
2907 4389 3006 4460 τῆς
3048 4386 3418 4459 καθαιρέσεως
3455 4387 3687 4458 αὐτουρ-

1617 4586 1890 4644 VALESII
1929 4583 2490 4646 ANNOTATIONES.

523 4704 614 4769 9'5)
655 4704 760 4758 Ἐν
785 4704 994 4768 Μύσῳ,
1039 4704 1216 4768 πόλις
1259 4701 1367 4768 ἣδε
1413 4701 1680 4770 Φρυγῶν.
1723 4701 1782 4756 1η
1813 4701 1993 4757 codice

2109 4700 2188 4756 De
2217 4700 2558 4770 "langoribus,
2595 4715 2718 4770 cap.
2748 4701 2771 4754 l
2803 4707 2857 4754 et
2888 4701 2940 4755 ι.

431 4770 732 4828 Fuketiano
779 4774 1039 4841 scriptum
1090 4782 1174 4827 est
1234 4770 1424 4842 Μύρῳ.
1485 4771 1595 4842 Sed
1648 4787 1758 4842 non
1805 4772 2002 4826 dubito

433 4845 564 4911 quin
613 4842 975 4912 scribendum,
1011 4843 1080 4896 sit
1125 4841 1828 4912 Mﬁptp,quemadmodum
1874 4843 2004 4910 legit

434 4909 775 4982 Epiphanius
817 4909 1383 4982 Scholasticus.'Fuit
1430 4911 1545 4982 haec
1579 4913 1712 4965 urbs
1753 4909 2004 4982 Phrygiae

435 4980 715 5052 salutaris,
742 4996 862 5050 qua:
896 4980 1003 5033 alio
1032 4983 1251 5052 nomine
1281 4981 1593 5052 Comopolis
1623 4981 1768 5036 dicta
1795 4980 1922 5052 est,
1941 4987 2004 5034 ut

434 5054 596 5109 docet
633 5049 1028 5108 Constantinus
1075 5049 1628 5124 Porphyrogen‘netus
1683 5053 1738 5107 in
1800 5051 1940 5108 libro
1985 5067 2002 5104 ι

2179 4770 2294 4839 (94)
2332 4767 2408 4826 Ὦ
2429 4769 2627 4840 μάχιε.
2660 4769 2715 4824 In
2743 4771 2933 4823 codice
2959 4768 3262 4840 Fuketiano
3303 4769 3573 4840 scriptum
3602 4778 3690 4828 est

2107 4835 2152 4894 ὦ
2179 4835 2472 4911 Ἂμάχιμέ,
2503 4835 2912 4912 ὁὸντυριθίρτο,
2926 4840 3150 4912 ἀμάχιε.
3186 4839 3278 4912 Sic
3307 4835 3454 4895 enim
3486 4842 3688 4912 impius

2109 4912 2198 4981 ille
2242 4909 2446 4981 praeses
2473 4917 2720 4981 ‘vocatur
2762 4911 2818 4981 in
2859 4909 3159 4981 MenOIOgio
3199 4909 3507 4966 Graecorum
3533 4909 3690 4980 {die

2109 4978 2436 5036 duodecimo
2468 4978 2826 5049 Septembris.

1875 5224 2254 5283 VARIORUM.

511 5340 541 5379 ἀ
599 5340 922 5395 Βασίλειον
973 5340 1398 5412 πρεςϐύτεροτ.
1435 5371 1504 5412 7——
1537 5337 1715 5408 Hujus
1770 5341 1993 5412 martyri

2121 5340 2309 5410 gorius
2357 5337 3025 5412 Nazianzenlls,‘_epistola
3165 5334 3542 5412 ᾼά-ρᾳεὶιέ-ιξηι
3566 5333 3686 5412 lfa-

443 5403 1056 5487 actahahenturuapud
1091 5403 1300 5466 Theod.
1347 5409 1597 5487 Ruinart,
1624 5403 1755 5479 pag.
1792 5403 2018 5487 650_,:c_x
2116 5403 2274 5487 quam
2321 5425 2344 5487 :_
2378 5416 2433 5464 et
2485 5410 2602 5487 ipse
2656 5403 2919 5487 Basilius,
2985 5406 3216 5487 cpistgla
3249 5405 3420 5487 291‘,"
3447 5403 3689 5487 Pgntica:

449 5481 640 5535 Martio
670 5474 1026 5534 Bollandiano
1051 5489 1330 5549 excerpta,
1361 5490 1414 5534 et
1439 5481 1506 5535 ad
1529 5474 1776 5535 Graecum
1809 5481 2018 5535 codicis
2116 5474 2378 5534 dicecesis
2433 5474 2724 5548 episcopos
2774 5478 2970 5549 invitat
2998 5474 3065 5531 ad
3122 5476 3444 5549 Eupsycbii,
3487 5474 3686 5540 Damae,

451 5550 699 5604 Vaticani
732 5549 950 5604 collata.
987 5549 1201 5606 Colitur
1234 5550 1471 5607 Basilius
1510 5566 1540 5605 a
1571 5550 1780 5606 Graecis
1825 5558 1879 5606 et
1913 5549 2018 5604 La-

450 5621 583 5672 tinis
616 5619 704 5673 die
723 5619 795 5672 ‘22
824 5619 1023 5672 Martii.

529 5699 553 5726 ο
589 5689 920 5759 Εὐψύχιον.
965 5687 1258 5763 Eupsychii
1302 5692 1558 5764 martyris
1598 5692 1842 5749 meminit
1887 5689 2019 5747 Grc-

2121 5547 2556 5618 czeterorumque
2637 5547 2953 5618 eorumdent
3039 5547 3316 5618 socior_um
3368 5555 3688 5618 _m_artyruu1

2126 5613 2519 5690 celebritatem.
2546 5618 2756 5690 Colitur
2776 5617 2866 5675 die
2892 5618 2925 5674 9
2945 5617 3168 5690 Aprilis.
3195 5615 3406 5672 Theod.
3424 5613 3681 5684 Βυιιὶιλιιτ,

2125 5687 2242 5742 Act.
2279 5695 2458 5755 mart.,
2487 5703 2608 5759 pag.
2644 5689 2768 5743 656.
