4040 6216
400 275 547 340 1949

1298 277 1624 334 HISTORIA
1650 271 2206 331 ECCLESIASTICA.
2237 303 2305 313 —
2346 271 2476 327 LIB.
2516 271 2578 326 V.

3500 277 3643 336 1250

399 399 506 468 γοὶ,
533 395 688 467 δίκην
719 394 936 450 ἔδοσαν·
962 395 1011 447 οἱ
1040 393 1140 463 μὲν
1168 391 1416 455 θάνατον,
1444 396 1494 447 ol
1519 394 1574 448 δὲ
1605 394 1704 465 τὴν
1735 391 1966 464 πατρίδα

2077 388 2214 444 sicut
2253 397 2412 443 antea
2461 386 2754 443 retulimus
2786 388 2829 450 ί,
2866 386 2920 441 in
2969 386 3235 458 principis
3291 387 3650 446 oﬂ'eusionem

401 488 624 558 φεύγειν
678 484 1168 548 καταδικασθέντες
1193 501 1206 514 °
1244 487 1272 538 ό
1315 485 1371 538 δὲ
1409 485 1686 548 Βασίλειος
1737 485 1864 555 περὶ
1911 484 1972 536 τὸ

397 578 574 648 δόγμα
607 576 893 640 σπουδαῖος
925 573 1194 644 γεγονὼς,
1234 575 1319 645 ἐφ’
1349 577 1473 629 ὅσον
1507 576 1606 647 μὲν
1642 571 1780 647 ἦρχε
1815 577 1969 628 Κων-

401 667 679 731 στάντιος,
719 668 832 728 τοῖς
873 663 945 717 τὰ
1009 663 1217 735 Ἀρείου
1252 665 1540 736 φρονοῦσιν
1591 665 1928 734 ἀντέπραττε
1953 675 1967 690 ·

400 760 494 814 καὶ
519 758 605 812 διὰ
628 756 784 811 τοῦτο
812 755 976 827 ψήφῳ
1005 756 1112 808 τῶν
1149 755 1292 826 ἀμφὶ
1311 757 1402 810 τὸν
1425 756 1672 821 Εύδόξιον
1695 756 1805 825 (95)
1835 757 1973 809 ἐκω-

397 851 534 921 λύθη
581 848 983 920 ἐκκλησιάζειν.
1029 849 1182 903 Ἐπεὶ
1233 849 1290 903 δὲ
1336 849 1619 911 Ἰουλιανὸς
1668 849 1827 919 μόνος
1875 848 1973 921 τὴν

400 942 574 1015 ἀρχὴν
601 941 828 1004 διεῖπεν,
857 941 886 992 ὁ
906 938 1181 1001 Βασίλειος
1210 937 1438 1009 περιιὼν
1467 939 1592 1002 τοὺς
1612 940 1974 1009 Χριστιανοὺς

398 1031 635 1104 δημοσίᾳ
663 1030 756 1083 καὶ
804 1028 1118 1098 περιφανῶς
1165 1027 1538 1098 προύτρέπετο
1562 1068 1577 1093 ,
1606 1029 1715 1082 τῶν
1758 1032 1973 1084 οἰκείων

402 1121 620 1193 ἔχεσθαι
651 1119 956 1191 δογμάτων.
981 1118 1073 1170 καὶ¹
1099 1117 1173 1187 μὴ
1208 1119 1318 1180 τοῖς
1351 1117 1617 1188 Ἑλλήνων
1643 1116 1846 1187 θύμασι
1879 1119 1974 1172 καὶ

407 1213 659 1274 σπονδαῖς
693 1210 1001 1281 μιαίνεσθαι
1021 1225 1036 1240 ο
1081 1209 1197 1262 ἀντ’
1245 1209 1459 1273 οὐδενὸς
1504 1209 1562 1263 δὲ
1595 1210 1841 1280 ἡγεῖσθαι
1873 1211 1973 1275 τὰς

403 1303 693 1374 γινομένας
741 1302 821 1364 είς
865 1300 1062 1363 αὐτοὺς
1107 1298 1259 1368 παρά
1307 1299 1399 1352 τοῦ
1454 1299 1720 1370 βασιλέως
1767 1301 1970 1371 τιμὰς,

405 1395 773 1466 προσκαίρους
827 1391 1024 1454 ναύτας
1077 1391 1510 1462 ἀποφαινόμενος
1548 1391 1640 1444 ἐπὶ
1675 1392 1850 1463 μισθῷ
1892 1392 1973 1445 δι-

400 1484 629 1556 ηνεκοῦς
659 1482 933 1546 ἀπωλείας
959 1499 974 1514 '
1009 1483 1184 1537 ταῦτα
1214 1483 1550 1546 σπουδάζων,
1580 1486 1638 1538 ὲν
1667 1484 1890 1555 ὑπονοίᾳ
1914 1501 1972 1538 τε

403 1576 496 1628 καὶ
533 1574 681 1644 μίσει
710 1572 860 1644 παρά
888 1576 1001 1636 τοῖς
1037 1572 1408 1644 Ἑλληνισταῖς
1429 1573 1524 1639 ὢν,
1550 1574 1782 1647 δημοσῖᾳ
1815 1575 1971 1629 θύον-

403 1679 500 1725 τας
535 1661 657 1715 ίδὼν
687 1661 816 1733 ἔστη
845 1679 857 1691 ·
885 1661 979 1715 καὶ
1012 1661 1155 1732 μέγα
1173 1661 1511 1732 ἀνοιμώξας,
1541 1662 1744 1733 ηὔξατο
1771 1665 1971 1736 μηδένα

2071 487 2363 535 venerunt.
2402 479 2504 545 Qui
2555 493 2682 532 vero
2733 477 2995 547 templum
3041 477 3175 531 illud
3227 479 3345 534 suis
3392 482 3649 536 manibus

2072 570 2476 636 subverterant,
2511 584 2704 640 poenas
2731 568 2967 623 dedere:
3011 568 3103 622 alii
3140 578 3338 633 morte,
3374 571 3463 624 alii
3498 577 3647 627 exsi-

2075 659 2152 716 lio
2180 661 2415 716 multati.
2445 661 2682 716 Basilius
2710 674 2842 715 vero
2871 660 3201 714 Christianae
3231 659 3358 714 lidei
3390 661 3649 720 defensor

2073 754 2402 818 acerrimus,
2433 755 2676 824 quandiu
2711 753 2932 824 quidem
2963 753 3325 810 Constantius
3357 754 3647 823 imperium

2073 844 2336 911 obtinuit,
2376 843 2679 900 fortissime
2724 846 3003 901 restiterat
3055 845 3313 910 Arianis;
3365 856 3531 915 atque
3579 847 3649 902 ob

2071 940 2216 996 hanc
2259 955 2481 996 causam
2513 940 2815 994 Eudoxiani
2838 979 2853 1003 ,
2899 956 2969 995 ne
3000 941 3213 1011 plebem
3245 941 3566 1010 colligeret,
3597 941 3648 995 ei

2073 1033 2498 1088 interdixerunt.
2531 1032 2632 1087 Ubi
2659 1047 2789 1088 vero
2822 1032 3076 1088 Julianus
3106 1033 3260 1088 solus
3294 1033 3528 1102 imperio
3560 1049 3652 1102 po.

2072 1122 2206 1177 titus
2239 1131 2342 1188 est,
2373 1123 2653 1193 regionem
2702 1125 3040 1178 circumiens
3073 1122 3328 1186 Basilius,
3377 1123 3649 1178 Christia-

2072 1229 2173 1269 nos
2206 1215 2384 1284 palam
2438 1229 2502 1268 ac
2532 1215 2752 1284 publice
2790 1215 3116 1270 hortabatur
3147 1224 3206 1268 ut
3229 1213 3497 1269 doctrina:
3536 1231 3651 1270 sum

2071 1304 2338 1358 tenaciter
2383 1303 2744 1369 adhaarerent,
2776 1320 2877 1360 nec
2921 1305 3201 1374 gentilium
3242 1304 3535 1360 sacrificiis
3582 1320 3650 1360 ac

2075 1393 2437 1451 libationibus
2466 1411 2588 1452 sese
2622 1396 2958 1467 polluerent;
2982 1411 3118 1452 neve
3143 1395 3380 1452 honores
3410 1397 3549 1466 ipsis
3579 1398 3651 1453 ab

2072 1485 2403 1557 imperatore
2435 1488 2646 1543 delatos
2697 1488 2878 1559 magni
2926 1487 3190 1551 facerent,
3223 1501 3366 1556 quos
3398 1501 3650 1541 momen-

2070 1583 2259 1633 taneos
2303 1593 2424 1634 esse
2453 1578 2800 1644 ostendebat,
2843 1579 2938 1634 sed
2991 1571 3256 1649 perpetuo
3283 1578 3458 1632 exitio
3489 1593 3646 1632 com-

2071 1669 2408 1737 pensandos.
2455 1667 2554 1724 llis
2598 1669 2764 1724 rebus
2811 1669 3077 1732 intentus,
3123 1679 3287 1738 atque
3313 1668 3521 1723 idcirco
3555 1683 3650 1722 su-

403 1753 728 1824 Χριστιανὺν
778 1753 877 1822 τῆς
920 1752 1174 1823 τοιαύτης
1236 1752 1560 1824 πειραθῆναι
1605 1754 1830 1824 πλάνης.
1879 1756 1972 1809 Ἐκ

2077 1768 2299 1829 spectus
2345 1768 2401 1814 et
2447 1760 2659 1818 invisus
2708 1762 3030 1830 gentilibus,
3063 1775 3189 1814 cum
3226 1758 3521 1828 aliquando
3550 1774 3652 1814 eos

401 1845 590 1899 τούτου
641 1845 698 1897 δὲ
749 1845 1107 1914 συλληφθεὶς,
1152 1845 1420 1917 παρεδόθη
1458 1845 1536 1916 τῷ
1564 1847 1849 1919 ἡγουμένῳ
1875 1848 1969 1902 τοῦ

403 1935 590 2000 ἔθνους
619 1953 632 1965 ·
682 1936 777 1989 καὶ
835 1934 1035 1999 πολλὰς
1103 1935 1368 2006 βασάνους
1422 1937 1721 2007 ὑπομείνας
1753 1976 1769 2001 ,
1819 1939 1971 2010 παρά

403 2029 579 2082 πάντα
624 2028 714 2081 τὸν
755 2027 940 2095 ἀγῶνα
969 2025 1229 2097 ἀνδρείως
1256 2026 1353 2096 τὴν
1389 2027 1692 2098 μαρτυρίαν
1727 2027 1967 2098 διήνυσε.

403 2120 512 2172 Καὶ
554 2119 623 2173 τά
667 2119 766 2190 μὲν
797 2113 899 2172 ὧδε
941 2120 989 2171 εί
1041 2118 1134 2172 καλ⁸
1179 2119 1330 2188 παρὰ
1379 2119 1606 2189 γνώμην
1647 2117 1726 2190 τῷ
1762 2116 1971 2187 βασιλεῖ

405 2209 582 2280 ἀπέϐη
603 2227 616 2240 ο
647 2211 746 2263 οὐκ
786 2210 1032 2278 ἀγεννεῖς
1052 2250 1066 2274 ,
1115 2209 1235 2264 οὐδὲ
1265 2210 1478 2278 ὀλίγους
1525 2210 1841 2281 μάρτυρας,
1875 2209 1970 2263 καὶ

403 2301 494 2354 ἐπὶ
521 2301 619 2370 τῆς
652 2301 814 2354 αὑτοῦ
845 2301 1141 2372 ἡγεμονίας
1181 2300 1428 2366 ἀπέδειξε
1471 2299 1831 2371 γεγενῆσθαι·
1869 2317 1968 2354 σα-

404 2392 627 2463 φηνείας
670 2392 728 2445 δὲ
775 2392 935 2464 χάριν
981 2391 1302 2460 συναγαγὼν
1330 2392 1535 2455 πάντας
1581 2389 1720 2461 ὁμοῦ
1760 2390 1973 2461 διεξῆλ-

405 2483 525 2548 θον,
557 2485 608 2538 εί
639 2485 734 2538 καὶ
765 2484 1016 2555 διάφορος
1162 2486 1191 2537 ὁ
1221 2484 1412 2555 καιρὸς
1436 2483 1536 2554 τῆς
1566 2481 1796 2536 ἑκάστου
1829 2499 1973 2554 μαρ-

405 2574 597 2609 ...ηιμ

402 2574 617 2647 τυρίας.

2078 1851 2302 1920 publice
2335 1851 2717 1908 sacrificantes
2745 1852 2994 1913 vidisset,
3017 1851 3296 1924 constitit:
3329 1861 3384 1905 et
3410 1850 3650 1919 graviter

2077 1941 2470 2010 ingemiscens,
2519 1941 2689 1996 Deum
2721 1951 2976 2010 precatus
3003 1949 3088 1995 est
3117 1956 3184 1994 ne
3215 1940 3340 2009 quis
3375 1940 3648 1994 Christia-

2076 2046 2271 2086 norum
2295 2031 2570 2102 ejusmodi
2595 2046 2785 2086 errore
2807 2038 3119 2100 caperetur.
3149 2029 3305 2083 lianc
3333 2030 3405 2084 ob
3420 2044 3647 2084 causam

2074 2125 2530 2194 comprehensus,
2565 2124 2787 2194 praesidi
2823 2123 3120 2192 provincia:
3155 2122 3404 2177 oll‘ertnr.
3449 2122 3650 2176 Multa-

2074 2231 2186 2287 que
2233 2217 2290 2272 in
2345 2226 2461 2272 toto
2510 2217 2814 2272 certamine
2859 2230 3152 2286 perpessus
3184 2221 3477 2279 tormenta,
3514 2214 3644 2270 forti

2075 2307 2262 2362 animo
2309 2308 2634 2379 martyrium
2681 2308 3104 2362 consummavit.
3157 2306 3223 2359 Et
3265 2306 3382 2361 haec
3426 2305 3648 2375 quidem

2078 2396 2205 2451 licet
2240 2404 2439 2466 praeter
2482 2397 2816 2452 voluntatem
2852 2397 3124 2466 principis
3173 2395 3496 2460 acciderint,
3536 2409 3649 2449 non

2076 2502 2283 2557 paucos
2317 2495 2502 2542 tamen
2529 2503 2631 2543 nec
2661 2489 2932 2544 obscuros
2962 2495 3253 2558 martyres,
3283 2486 3404 2555 ejus
3429 2500 3649 2556 quoque

2082 2578 2420 2649 temporibus
2458 2580 2741 2634 exstitisse
2769 2587 3095 2649 coarguunt.
3126 2577 3396 2633 Cancrum
3424 2576 3650 2646 majoris

406 2668 813 2740 perspicuitatis
861 2682 1050 2736 causa,
1083 2681 1275 2724 omnes
1325 2666 1489 2723 simul
1527 2665 1790 2724 collectos
1821 2676 2273 2742 commemoravi,
2291 2676 2514 2732 tametsi
2570 2673 2802 2732 diversis
2850 2672 3191 2745 temporibus
3241 2670 3446 2742 singuli
3501 2685 3654 2727 mar-

408 2765 608 2838 tyrium
640 2763 989 2836 pertulerint.

986 2877 1242 2932 ΚΕΦΑΛ.
1276 2877 1378 2930 IB’.

2347 2889 2376 2908 "
2738 2875 2892 2931 CAP.
2917 2874 3027 2931 XII.

409 2969 544 3038 Περὶ
590 2969 954 3036 Λουκίςρερος
1008 2967 1109 3038 καὶ
1161 2964 1490 3038 Εὐσεϐίου,
1721 2962 1976 3038 δυτικῷν

2081 2965 2158 3020 De
2175 2964 2416 3034 Lucifero
2435 2974 2484 3038 et
2507 2963 2757 3038 Eusebio,
2782 2963 3081 3020 Occidentis
3108 2963 3339 3032 partium
3361 2963 3617 3038 episcopis
3631 2981 3651 3028 ,-

475 3032 860 3094 ἓπισκόπώνῖ
899 3032 995 3090 καί
1037 3037 1118 3102 ὠς
1165 3035 1452 3099 Εὐσέϐιος
1492 3032 1614 3087 σὺν
1654 3034 1974 3103 Ἀθανασίῳ

2143 3044 2193 3090 et
2220 3032 2478 3103 quomodo
2515 3035 2772 3088 Eusebius
2814 3051 2920 3087 una
2961 3050 3080 3087 cum
3125 3049 3317 3102 magna
3356 3033 3651 3087 Athanasio

474 3109 556 3174 τῷ
579 3109 824 3176 μεγάλῳ
851 3106 950 3160 καὶ
973 3105 1210 3170 λοιποῖς
1227 3105 1579 3169 ἐπισκόποις
1597 3104 1669 3176 er
1688 3102 1972 3176 Ἀλεξαγ.

473 3171 640 3247 ὀρείᾳ
667 3171 934 3231 σύνοδον
955 3177 1436 3247 συνεκρότησαν,
1461 3171 1839 3247 κυρώσαντες
1859 3172 1976 3247 ’τῂῖ

473 3242 544 3302 ἐκ
562 3242 777 3314 Nimia
798 3247 1006 3299 πίστιν
1029 3285 1044 3307 ,
1075 3242 1173 3298 καὶ
1208 3242 1469 3312 ὀμοςρυὲς
1511 3243 1691 3314 [largi
1737 3242 1833 3314 καί
1870 3242 1976 3308 Υὶῷ

475 3317 542 3372 τὸ
572 3317 812 3386 Πνεῦμα
845 3313 912 3368 τὸ
961 3314 1130 3386 ἄτιον
1176 3314 1540 3386 ὁρισάμενοι,
1573 3313 1670 3366 καί
1698 3313 1831 3382 περὶ
1873 3314 1976 3368 οὐ·

475 3388 618 3454 σίας
641 3383 739 3440 καὶ
766 3385 1160 3449 ὑποστάσεως
1198 3383 1554 3437 ἐθέσπισαν.

475 3474 634 3534 Μετὰ
682 3479 737 3532 δὲ
793 3478 892 3548 τὴν
935 3474 1254 3530 ’Δθανασίου
1311 3473 1577 3536 κάθοδον,
1625 3471 1901 3544 Λουκίφερ
1949 3472 1979 3541 δ

409 3569 711 3643 Καράλλων
764 3570 862 3640 τῆς
900 3567 1187 3640 Σαρδονίιις
1231 3565 1563 3629 ἐπίσκοπος,
1591 3563 1687 3617 καὶ
1721 3563 1977 3626 Εὐσέϐιος

405 3664 433 3716 ὁ
465 3661 780 3733 Βερκέλλων
823 3659 931 3713 τῶν
979 3661 1036 3712 ὲν
1087 3657 1284 3730 Ἰταλίᾳ
1320 3657 1535 3712 Λιϐύων
1561 3698 1576 3722 ,
1609 3658 1675 3711 ὲκ
1711 3657 1818 3712 τῶν
1865 3657 1980 3712 άνω

409 3749 602 3821 Θηϐῶν
657 3747 975 3819 ἐπανῆλθον.
1037 3747 1254 3801 Ἐνθάδε
1301 3746 1410 3818 γάρ
1459 3747 1552 3800 ἐπὶ
1597 3747 1978 3800 Κωνσταντίου

408 3839 671 3911 διηνεκῶς
702 3839 922 3910 φεύγειν
956 3838 1428 3910 προσετάχθησαν.
1459 3838 1582 3891 Ἐπὶ
1612 3837 1895 3908 διορθώσει
1921 3853 1980 3891 τε

410 3932 518 3986 τῶν
572 3929 1040 4002 ὲκκλησιαστικῶν
1091 3930 1434 4001 πραγμάτων
1459 3971 1474 3995 ,
1528 3932 1681 4001 κοινῇ
1740 3930 1980 4000 συνθήκῃ

412 4023 671 4087 Εὐσέϐιος
722 4022 820 4094 μὲν
859 4016 994 4094 ἧκεν
1045 4023 1125 4085 είς
1185 4020 1593 4092 Ἀλεξάνδρειαν
1618 4059 1633 4085 ,
1685 4021 1834 4084 ὅπως
1884 4021 1982 4074 σὺν

425 4113 726 4184 Ἀθανασίῳ
760 4113 976 4167 σύνοδον
1021 4112 1252 4186 ἀθροίσῃ
1305 4113 1402 4167 ἐπὶ
1452 4111 1738 4182 βεϐαιώσει
1771 4111 1878 4166 τῶν
1923 4112 1982 4165 ὲν

416 4207 462 4261 Ν
469 4206 619 4277 ικαίᾳ
651 4203 937 4269 δοξάντων.
965 4202 1242 4272 Λουκίφερ
1275 4201 1332 4255 δὲ
1363 4201 1606 4257 διάκονον
1631 4200 1709 4272 τῷ
1739 4199 1983 4271 Εὐσεϐίῳ

416 4295 842 4360 συναποστείλας
885 4293 932 4359 ί,
958 4293 1018 4358 ὂς
1047 4293 1162 4347 ἀντ’
1188 4291 1354 4347 αὐτοῦ
1378 4293 1627 4365 παρέστη
1653 4294 1720 4364 τῇ
1757 4291 1979 4362 συνόδῳ,

487 4471 504 4503 ’
534 4472 666 4542 Cap.
693 4471 747 4525 4.
816 4472 837 4502 ⁸
865 4468 1048 4534 Socr.,
1083 4467 1179 4524 lib.
1215 4481 1298 4531 ιιι,
1329 4481 1380 4522 c.
1407 4464 1461 4528 5,
1496 4464 1550 4518 9.

2143 3116 2192 3160 et
2217 3106 2429 3174 reliquis
2453 3107 2704 3174 episcopis
2728 3103 2984 3173 synodum
3001 3103 3342 3156 Alexandria:
3366 3119 3650 3174 congrega-

2146 3177 2240 3241 vit,
2262 3170 2438 3243 in'qua
2462 3170 2591 3244 ﬁdes
2617 3173 2668 3228 Ν
2674 3170 3183 3244 ιεαξηαᾼεοηβνπιαια
3196 3181 3304 3244 est,
3321 3184 3370 3225 et
3393 3170 3652 3238 Spiritum

2145 3241 2389 3300 sanctum
2423 3241 2658 3314 ejusdem
2697 3260 2817 3297 cum
2847 3241 3010 3297 Patre
3036 3254 3084 3297 et
3117 3241 3256 3314 Filio
3299 3251 3504 3314 natura;
3541 3259 3655 3314 esse

2145 3311 2504 3382 decretumst
2533 3313 2598 3368 de
2625 3313 2927 3370 substantia
2963 3323 3117 3383 atque
3159 3312 3430 3382 hypostasi
3465 3311 3654 3382 deﬁni-

2149 3394 2260 3439 tum
2287 3393 2384 3440 est.

2147 3473 2279 3530 Post
2327 3474 2564 3529 reditum
2602 3473 2912 3540 Athanasii,
2943 3471 3166 3527 Lucifer
3199 3471 3411 3526 Caralis
3435 3471 3490 3526 in
3520 3471 3652 3525 Sar-

2078 3567 2228 3622 dinia
2270 3565 2600 3636 episcopus,
2650 3572 2705 3618 et
2755 3564 3025 3618 Eusebius
3076 3562 3483 3629 Vercellarum,
3532 3577 3653 3632 qua:

2078 3656 2277 3710 civitas
2308 3662 2393 3709 est
2417 3652 2653 3724 Liguria:
2687 3653 2742 3706 in
2776 3652 2949 3717 Italia,
2975 3667 3040 3706 ex
3063 3651 3347 3721 superiore
3376 3651 3654 3706 Thebaide

2078 3742 2288 3799 reversi
2319 3751 2449 3798 sunt
2489 3747 2532 3799 ².
2575 3742 2688 3797 Illic
2734 3742 2880 3797 enim
2919 3751 3182 3813 perpetuo
3223 3742 3474 3798 exsulare
3511 3743 3653 3812 jussi

2081 3835 2302 3891 fuerant
2347 3845 2612 3907 regnante
2644 3833 2998 3903 Constantio;
3043 3849 3108 3890 ac
3157 3833 3224 3890 de
3266 3834 3654 3890 ecclesiasticis

2081 3928 2247 3984 rebus
2270 3927 2630 3984 restituendis
2666 3929 2804 3982 inito
2842 3928 2988 3983 inter
3014 3943 3073 3982 se
3101 3927 3356 3994 consilio,
3382 3925 3654 3981 Eusebius

2080 4021 2300 4092 quidem
2335 4021 2717 4078 Alexandriam
2750 4020 2917 4086 venit,
2953 4030 3012 4074 ut
3046 4020 3157 4074 illic
3192 4035 3298 4074 una
3327 4033 3451 4074 cum
3481 4017 3651 4071 Atha-

2081 4113 2238 4170 nasio
2271 4112 2339 4168 ad
2369 4113 2798 4170 confirmandam
2829 4111 3061 4166 Niczenaa
3097 4110 3288 4182 synodi
3323 4107 3650 4164 sententiam

2082 4204 2375 4260 concilium
2397 4212 2772 4272 congregaret.
2791 4201 3013 4257 Lucifer
3041 4216 3192 4265 vero,
3214 4214 3336 4253 cum
3363 4198 3652 4252 diaconum

2083 4307 2192 4348 una
2222 4307 2346 4348 cum
2390 4291 2553 4363 198
2580 4291 2812 4347 Eusebio
2858 4288 3120 4353 misisset,
3152 4288 3245 4358 qui
3286 4286 3497 4360 synodo
3538 4286 3656 4341 vice

1614 4634 1886 4695 VALESII
1923 4631 2475 4690 ANNOTATIONES.

489 4761 601 4834 (95)
639 4759 828 4828 Ψήφῳ
853 4757 974 4834 τῶν
1009 4756 1160 4826 ἀμφὶ
1194 4755 1312 4834 τὼς-
1341 4751 1655 4834 Εὐδόξιον.
1703 4748 1976 4834 ῌιιάοιίιιιι

2092 4747 2237 4802 enim
2284 4747 2613 4817 interpretor
2651 4745 3302 4834 νοοοιιιρκκλησιάζειν..
3493 4747 3656 4834 $029-

418 4818 769 4900 eo‘teinpore
795 4818 1109 4899 episcopus
1130 4833 1247 4900 erat
1273 4820 1850 4900 Constantinopoleos,
1881 4818 1984 4900 sub

419 4902 583 4971 cujus
618 4891 1005 4971 iurisdictione
1047 4905 1167 4971 erat
1208 4892 1440 4948 Galatia.
1474 4891 1613 4971 _l\’on
1657 4891 1856 4971 mirum
1904 4896 1989 4970 est

419 4959 687 5048 itaque-si
728 4967 1139 5048 Basiliumtqui
1183 4973 1304 5020 erat
1338 4961 1633 5048 presbyter
1655 4959 1887 5048 saevive
1912 4959 1987 5048 ¹ιιι

421 5028 630 5099 Galatia
654 5081 670 5108 ,
706 5041 917 5109 plebem
951 5028 1206 5106 colligere
1234 5028 1527 5105 prohibuit
1559 5028 1862 5085 Eudoxius.
1910 5028 1988 5083 Ita

2088 4832 2282 4888 mentis
2304 4833 2422 4871 eam
2458 4831 2641 4872 vocem
2667 4818 2835 4873 sumit
2862 4818 2914 4871 in
2941 4817 3063 4888 cap.
3097 4818 3163 4870 15
3194 4818 3360 4887 hujus
3387 4817 3531 4886 libri,
3563 4822 3654 4876 ubi

2087 4887 2471 4960 ἐκκλησιάζειν
2519 4888 2807 4960 distinguit
2847 4903 2876 4942 a
2908 4887 3216 4944 διδάσκειν’
3275 4896 3331 4944 et
3368 4889 3496 4945 alibi
3543 4907 3656 4947 non

2088 4973 2276 5014 semet.

1862 5198 2241 5260 VARIOBUM.

496 5328 520 5370 ί
560 5327 858 5396 Λωκίςοερ
889 5325 958 5379 δὲ
987 5323 1270 5396 διάκονον
1311 5317 1392 5396 τῷ
1424 5315 1696 5396 Εὐοίξϐίιέξ
1721 5327 1988 5396 curario-

421 5383 1051 5474 ﬂsllac._1_\'ou'xt't£epo;
1077 5393 1168 5448 τοῦ
1201 5383 1500 5474 ἐπισκόπου,
1787 5383 1988 5474 νήσου,

421 5457 661 5524 διάκονοὶ
691 5467 805 5530 δύο,
872 5457 1137 5536 Ἐρέννιος
1169 5463 1263 5536 καὶ⁵
1301 5457 1825 5536 “ﬂmmeum”;
1865 5459 1987 5536 sunt

422 5522 733 5607 [Lucifero
780 5522 1045 5607 Sardinia:
1076 5522 1266 5607 instita:
1295 5522 1557 5607 episcopo,
1603 5522 1987 5607 diaconi‘d‘tto,

426 5592 724 5664 heremiius
765 5592 816 5663 et
851 5606 1134 5675 Agapetus,
1185 5592 1365 5675 inquit
1410 5592 1753 5675 Athanasius
1782 5592 1990 5675 admi-

426 5662 762 5746 tiochenscs,
801 5662 872 5748 7p.
897 5662 1048 5732 "7‘16.
1103 5662 1337 5730 Rufinus
1373 5680 1553 5727 tamen
1577 5705 1592 5734 ,
1633 5662 1777 5719 Hist.
1810 5662 1908 5718 lib.
1946 5677 1988 5731 ι,

2090 5329 2210 5396 9³1³·
2233 5313 2323 5396 27,
2354 5329 2477 5396 cf"!!!
2509 5313 2811 5396 Sozpmeno
2834 5316 3127 5396 consentit.
3152 5314 3331 5396 Porro
3361 5311 3651 5396 concilium

2091 5381 2195 5468 hoc
2241 5386 2320 5468 ab.
2352 5385 2672 5468 Athanasio,
2717 5387 3073 5468 plurimisque
3093 5381 3652 5468 episcopis-eslg‘Egv-

2090 5461 2205 5525 pto,
2241 5452 2678 5537 Libya_,_Arabia.
2699 5451 2754 5510 et
2783 5451 3349 5537 ltalia_:c_ongregatisn
3377 5451 3650 5537 habitum,

2090 5520 2361 5580 convenit
2389 5525 2731 5580 Alexandriae
2759 5540 2903 5582 anno
2937 5525 3063 5594 362,
3088 5520 3276 5594 inquit
3309 5521 3456 5580 Guil.
3484 5520 3651 5589 Cave,

2093 5593 2238 5651 Hist.
2272 5596 2378 5652 vol.
2409 5596 2476 5652 II.
2517 5611 2572 5652 D.
2608 5596 2732 5652 I20.

2149 5611 2238 5651 ist.
2272 5611 2378 5652 vel.
2409 5611 2476 5662 ιι,
2517 5611 2572 5668 p.
2608 5611 2732 5652 1:0.
