4040 6216
435 259 564 316 1251

1841 241 2191 305 ΞΟΖΟΜΕΝΙ

3537 245 3682 304 1252

433 370 605 442 ipsius
653 365 931 435 interfuit;
967 364 1313 424 Antiochiam
1366 363 1667 437 profectus,
1699 359 1998 416 Ecelesiam

2113 358 2540 429 παραγενόμενος
2571 359 2650 422 εἰς
2687 357 3035 429 Ἀντιόχειαν,
3064 357 3122 411 ὲν
3161 357 3429 428 ταραχαῖς
3458 357 3557 430 τὴν
3585 363 3679 414 ὲν-

431 463 554 533 ejus
599 462 704 517 loci
753 461 1023 514 turbatam
1071 459 1290 530 reperit.
1327 459 1510 515 Scissa
1560 456 1708 512 enim
1747 459 1867 508 erat
1910 466 2006 524 per

432 554 687 616 Arianos,
706 550 907 620 quibus
925 549 1249 620 praesidebat
1275 549 1530 604 Euzoius.
1551 545 1654 602 Sed
1690 555 1745 601 et
1764 544 2007 599 fautores

432 643 631 699 Meletii
661 643 729 696 ab
760 641 870 695 illis
900 642 995 711 qui
1029 641 1277 696 eamdem
1319 655 1444 695 cum
1478 639 1615 710 ipsis
1649 636 1805 691 fidem
1839 635 2006 706 proli-

435 736 706 798 tehantur,
725 733 1082 790 nihilominus
1099 732 1458 788 dissidebant.
1486 731 1733 800 Cumque
1756 727 2006 782 Meletius

433 825 674 880 nondum
728 825 797 880 ab
843 825 1040 880 exsilio
1096 824 1380 889 rediisset,
1436 823 1658 878 Lucifer
1716 820 2004 875 Paulinum

431 916 749 984 episcopum
790 913 1060 968 ordinavit
1088 915 1127 968 ι.
1155 911 1298 968 Inter
1336 913 1449 968 haec
1490 911 1828 967 diversarum
1871 908 2008 963 civi-

433 1015 607 1060 tatum
657 1005 900 1076 episeOpi
949 1004 1293 1061 Alexandriae
1323 1003 1637 1076 congregati
1676 1002 1840 1057 simul
1883 1014 2008 1054 cum

433 1096 736 1152 Athanasio
791 1105 846 1151 et
906 1095 1182 1163 Eusebio,
1237 1094 1444 1150 Νιρεεηί
1504 1093 1725 1149 concilii
1785 1093 2008 1146 decreta

434 1189 780 1244 conﬁrmant.
827 1188 895 1241 Et
947 1187 1214 1258 Spiritum
1273 1194 1526 1242 sanctum
1573 1184 1720 1238 Patri
1768 1191 1822 1238 et
1870 1181 2010 1236 Filio

434 1279 961 1334 consubstantialem
999 1278 1234 1350 professi
1264 1287 1418 1343 sunt,
1443 1277 1882 1346 Trinitatemque
1909 1288 2010 1328 no-

435 1370 746 1434 minarunt;
776 1378 834 1426 et
864 1371 1140 1427 hominem
1164 1386 1325 1442 quem
1356 1370 1498 1426 Deus
1521 1368 1762 1424 Verbum
1795 1382 2011 1423 assum-

435 1464 565 1532 psit,
587 1479 699 1519 non
721 1464 896 1519 solum
918 1478 1174 1535 corpore,
1200 1463 1294 1519 sed
1314 1464 1478 1517 etiam
1505 1462 1686 1517 anima
1707 1459 2009 1532 perfectum

435 1555 585 1611 credi
621 1555 820 1612 debere
855 1563 1195 1622 statuerunt,
1223 1554 1686 1626 quemadmodum
1717 1554 1881 1610 etiam
1914 1568 2012 1607 an-

2107 448 2232 504 θάδε
2266 450 2558 522 ὲκκλησίαν
2601 451 2933 506 κατέλαϐεν’
2968 449 3213 522 ἐσχίζετο
3263 450 3362 520 μὲν
3410 451 3520 523 γὰρ
3567 459 3682 519 τοῖς

2105 541 2216 597 ἀπὸ
2257 543 2359 612 τῆς
2397 543 2607 616 Ἀρείου
2659 543 2960 614 αἱρέσεως,
2991 536 3068 596 ὧν
3087 544 3273 614 ἡγεῖτο
3300 541 3559 606 Εὐζὼῖος.
3599 547 3685 597 Δι-
3765 588 3778 598 .

2106 635 2362 705 εφέροντο
2411 635 2467 687 δὲ
2491 673 2506 696 ,
2562 634 2636 699 ὡς
2677 634 2909 705 πρόσθεν
2941 633 3154 705 εἴρηται
3179 673 3193 699 ,
3252 633 3348 686 καὶ
3382 634 3519 704 πρὸς
3553 635 3685 697 τοὺς

2109 726 2292 794 σφίσιν
2323 725 2608 797 ὁμοδόξους
2634 728 2680 781 οἱ
2711 725 2969 780 Μελετίου
3005 726 3341 780 σπουδασταί
3359 742 3376 757 ⁶
3420 728 3588 799 μήπω
3623 728 3685 780 δὲ

2107 819 2296 872 τούτου
2344 820 2450 873 ἀπὸ
2487 821 2587 890 τῆς
2629 820 2806 890 φυγῆς
2848 817 3261 883 ἐπανελθόντος,
3308 820 3684 891 ἐχειροτόνησε

2109 909 2371 964 Παυλῖνον
2403 911 2719 964 ἐπίσκοπον.
2764 911 2855 965 Ἐν
2906 908 3081 980 τούτῳ
3116 909 3171 962 δὲ
3221 909 3432 964 πολλῶν
3476 911 3689 964 πόλεων

2108 1003 2394 1056 ἐπίσκοποι
2430 1000 2776 1066 συνελθόντες
2818 1003 2898 1065 είς
2943 1000 3350 1073 Ἀλεξάνδρειαν
3381 1002 3496 1072 ἅμα
3529 1002 3688 1057 Ἀθα-

2110 1093 2276 1163 νασίῳ
2321 1094 2416 1146 καὶ
2445 1093 2690 1164 Εὑσεϐίῳ
2709 1132 2723 1155 ,
2750 1089 2820 1144 τὰ
2845 1090 3139 1161 δεδογμένα
3167 1094 3224 1144 ὲν
3250 1092 3454 1164 Νικαίᾳ
3484 1094 3692 1164 κρατύ-

2109 1200 2310 1237 νουσιν.
2340 1182 2656 1254 Ὁμοούσιόν
2683 1199 2744 1234 τε
2771 1181 2850 1252 τῷ
2873 1183 3045 1251 Πατρὶ
3074 1181 3166 1235 καὶ
3191 1182 3270 1251 τῷ
3300 1181 3414 1252 Υίῷ
3440 1183 3504 1235 τὸ
3533 1184 3688 1252 ἅγιον

2109 1276 2332 1346 Πνεῦμα
2350 1275 2726 1345 ὡμολόγησαν,
2755 1275 2850 1327 καὶ
2876 1274 3081 1344 Τριάδα
3102 1273 3415 1345 ὠνόμασαν·
3442 1276 3505 1328 οὑ
3539 1275 3688 1346 μόνῳ

2108 1382 2167 1418 τε
2201 1364 2443 1434 σώματι,
2479 1364 2614 1418 ἀλλὰ
2660 1365 2753 1418 καὶ
2784 1363 2929 1435 ψυχῇ
2976 1363 3179 1418 τέλειον
3217 1365 3413 1436 χρῆναι
3443 1364 3688 1429 δοξάζειν

2109 1458 2393 1529 ἄνθρωπον
2410 1500 2425 1523 ,
2455 1457 2514 1510 ὃν
2542 1459 2571 1510 ό
2615 1457 2748 1520 Θεὸς
2776 1456 2950 1525 Λόγος
2977 1455 3267 1520 ἀνέλαϐεν,
3303 1459 3688 1529 εἰσηγήσαντο,

2111 1549 2253 1604 καθὰ
2289 1550 2382 1603 καὶ
2433 1551 2543 1612 τοῖς
2594 1549 2761 1602 πάλαι
2811 1548 3320 1619 Ἑκκλησιαστικοῖς
3376 1536 3693 1622 ξριλοσόφοις

437 1646 606 1717 tiquis
639 1645 898 1703 Ecclesiae
941 1647 1285 1718 philosophis
1320 1647 1618 1717 placuerat.
1650 1646 1716 1699 Et
1745 1645 2009 1715 quoniam

2113 1641 2305 1696 ἐδόκει.
2343 1643 2493 1695 Ἐπεὶ
2520 1641 2577 1695 δὲ
2611 1641 2644 1712 ἡ
2672 1641 2798 1712 περὶ
2840 1641 2937 1712 τῆς
2965 1641 3154 1704 οὐσίας
3195 1641 3289 1694 καὶ
3336 1642 3691 1707 ὑποστάσεως

434 1739 672 1809 quaestio
709 1739 777 1794 de
816 1739 1124 1794 substantia
1160 1748 1216 1795 et
1259 1739 1537 1810 hypostasi
1570 1736 1844 1793 Ecclesias
1877 1751 2012 1792 eon-

435 1831 717 1896 turbabat,
745 1831 1068 1901 crebraeque
1095 1832 1164 1886 de
1200 1831 1286 1886 his
1320 1830 1546 1886 vocibus
1572 1830 1704 1883 rixae
1739 1843 1803 1884 ac
1833 1828 2016 1898 dispu-

437 1918 677 1973 tationes
731 1919 1133 1985 movebantur,
1184 1916 1485 1988 prudenter
1536 1917 1826 1972 admodum
1881 1916 2012 1971 mihi

435 2005 695 2060 videntur
749 2005 1098 2072 decrevisse,
1135 2007 1230 2060 ubi
1268 2004 1338 2060 de
1386 2004 1496 2059 Deo
1532 2019 1714 2060 sermo
1758 2011 1865 2070 cst,
1905 2019 2014 2059 non

437 2107 561 2149 esse
583 2093 769 2148 statim
799 2093 886 2147 his
922 2093 1239 2149 nominibus
1272 2092 1559 2158 utendum,
1585 2092 1693 2148 nisi
1726 2092 1851 2162 quis
1875 2091 2016 2148 forte

437 2184 770 2240 sententiam
821 2183 1044 2239 Sabellii
1087 2184 1220 2239 velit
1253 2182 1508 2239 refellere
1539 2201 1554 2239 :
1590 2197 1657 2238 ne
1688 2184 1868 2254 inopia
1900 2198 2016 2238 ver-

437 2278 656 2339 borum,
699 2288 868 2330 unum
907 2273 1264 2345 eamdemque
1312 2289 1431 2328 rem
1477 2273 1654 2329 tribus
1699 2273 2015 2330 nominibus

439 2361 715 2430 appellare
742 2358 1020 2429 videatur;
1055 2361 1152 2417 sed
1182 2369 1241 2417 ut
1283 2375 1729 2432 unumquemque
1765 2375 2014 2418 seorsum

441 2450 710 2522 intelligat
760 2451 1034 2506 trifariam
1091 2451 1467 2523 distinguens.
1514 2451 1579 2506 Et
1627 2451 1743 2508 ham
1792 2452 2015 2523 quidem

439 2543 661 2599 decreta
695 2550 825 2599 sunt
865 2545 936 2599 ab
964 2543 1034 2598 iis
1061 2543 1157 2614 qui
1198 2551 1332 2599 tunc
1375 2545 1642 2616 temporis
1677 2543 2018 2600 Alexandriae

441 2635 496 2689 in
533 2649 704 2690 unum
747 2641 1147 2690 convenerunt.
1180 2633 1339 2705 Apud
1379 2651 1522 2706 quos
1568 2635 1926 2703 Athanasius,
1959 2645 2019 2691 ut

444 2727 583 2796 fugae
629 2738 741 2781 suae
778 2725 1048 2786 rationem
1102 2725 1378 2793 redderet,
1410 2727 1723 2784 orationem
1765 2727 2019 2785 recitavit

441 2831 608 2888 quiem
633 2817 702 2874 de
733 2825 1060 2888 argumento
1099 2816 1193 2870 illo
1222 2817 1654 2887 conscripserat.

1059 2906 1213 2962 CAP.
1249 2906 1388 2962 XIII.

447 2998 520 3051 De
550 2995 780 3071 Paulino
821 2995 1160 3071 ct_Heletio,
1187 2998 1808 3071 episcopisAntiochiar;
1830 3013 1878 3056 et
1909 3019 2011 3071 quo

513 3065 669 3120 modo
703 3068 840 3120 inter
875 3065 1265 3136 Eusebiunrac
1305 3067 1608 3136 Luciferum
1651 3080 1770 3122 orta
1797 3081 1875 3124 est
1902 3065 2012 3126 dis-

513 3135 718 3205 sensio,
745 3144 793 3188 et
823 3137 962 3202 quod
993 3134 1252 3189 Eusebius
1278 3134 1704 3205 atque'ﬂilarius
1738 3137 2014 3196 Nicwnam

514 3202 669 3272 ﬁdem
699 3213 1057 3257 deseruerunt.

515 3291 695 3348 Finito
721 3303 904 3350 autem
934 3292 1192 3362 concilio,
1219 3291 1490 3354 Eusebius
1519 3297 1867 3355 Antiochiam
1899 3315 2018 3373 pro-

445 3386 648 3455 fectus,
667 3389 930 3460 populum
948 3389 1060 3444 illic
1081 3388 1432 3445 dissidentem
1467 3393 1667 3461 reperit
1685 3392 1726 3445 ³.
1750 3391 2017 3451 Fautores

447 3480 595 3536 enim
649 3479 852 3536 Meletii
901 3497 1029 3537 cum
1078 3479 1310 3538 Paulino
1364 3484 1658 3540 convenire
1703 3496 2016 3554 renuentes,

444 3571 744 3638 separatim
796 3570 1058 3627 collectas
1101 3570 1469 3628 celebrabant.
1498 3569 1747 3644 Cumque
1792 3575 2020 3631 moleste

444 3660 613 3717 ferret
666 3661 815 3732 quod
874 3661 1174 3728 Paulinus,
1234 3671 1426 3718 contra
1480 3680 1642 3735 quam
1696 3664 2017 3735 oportebat,

447 3755 656 3824 absque
698 3753 867 3810 totius
914 3754 1100 3824 populi
1149 3769 1425 3810 consensu
1467 3751 1755 3812 ordinatus
1799 3754 2017 3822 fuisset,

2116 1734 2340 1806 ζήτησις
2368 1734 2462 1797 τὰς
2501 1732 2824 1804 Ἐκκλησίας
2848 1733 3109 1804 ἐτάραττε
3131 1771 3146 1796 ,
3194 1735 3287 1786 καὶ
3329 1734 3521 1804 συχναὶ
3559 1737 3692 1806 περὶ

2114 1823 2318 1878 τούτων
2344 1823 2518 1894 ἔριδες
2563 1824 2658 1876 καὶ
2700 1822 2963 1888 διαλέξεις
3006 1818 3182 1894 ἦσαν,
3216 1820 3273 1878 εὖ
3313 1826 3460 1895 μάλα
3505 1827 3690 1896 σοφῶς

2117 1931 2207 1986 μοι
2247 1913 2494 1968 δοκοῦσιν
2537 1913 2746 1985 ὁρίσαι,
2793 1911 2867 1984 μὴ
2910 1913 2967 1980 ἐξ
3011 1913 3187 1987 ἀρχῆς
3223 1915 3383 1977 εὐθὺς
3426 1915 3520 1967 ἐπὶ
3549 1915 3688 1968 Θεοῦ

2114 2006 2324 2070 τούτοις
2365 2005 2598 2077 χρῆσθαι
2633 2008 2746 2068 τοῖς
2795 2003 3056 2074 ὀνόμασι,
3089 2006 3228 2076 πλὴν
3277 2007 3438 2077 ἡνίκα
3475 2025 3561 2071 τις
3589 2008 3693 2078 τὴν

2115 2097 2398 2151 Σαϐελλίου
2433 2096 2589 2162 δόξαν
2617 2097 2898 2152 ἐκϐάλλειν
2938 2094 3202 2168 πειρῷτο·
3233 2096 3321 2150 ἵνα
3373 2097 3448 2168 μὴ
3482 2098 3692 2170 ἀπορία

2114 2189 2390 2260 ὀνομάτων
2413 2230 2429 2255 ,
2456 2189 2652 2244 ταυτὸν
2681 2188 2808 2260 δόξῃ
2840 2205 2922 2253 τις
2953 2189 3100 2260 τρισὶ
3152 2190 3551 2262 προσηγορίαις
3591 2207 3693 2243 κα-

2114 2281 2259 2345 λεῖν,
2305 2281 2421 2334 ἀλλ’
2468 2281 2700 2336 ἕκαστον
2746 2281 2853 2352 ἰδίᾳ
2889 2282 3058 2335 νοοῖτο
3102 2280 3284 2352 τριχῆ.
3331 2281 3442 2335 Καὶ
3486 2280 3558 2334 τὰ
3589 2283 3691 2352 μὲν

2115 2366 2216 2428 ὦδε
2255 2375 2368 2436 τοῖς
2399 2371 2519 2425 τότε
2563 2373 2620 2427 ὲν
2685 2370 3060 2443 Ἀλεξανδρείᾳ
3100 2371 3444 2426 συνελθοῦσιν
3487 2371 3688 2437 ἔδοξεν.

2129 2463 2588 2533 ’Δπολογούμενος
2636 2463 2692 2515 δὲ
2745 2463 2802 2516 ὲν
2833 2461 3041 2524 τούτοις
3087 2461 3400 2525 Ἀθανὰσιος
3434 2463 3564 2532 περὶ
3593 2463 3691 2533 τῆς

2116 2554 2279 2608 αὐτοῦ
2333 2555 2509 2626 φυγῆς
2559 2551 2801 2626 διεξῆλθε
2854 2552 2947 2606 τὸν
2990 2552 3182 2622 λόγον,
3220 2552 3279 2606 ὃν
3317 2554 3447 2625 περὶ
3497 2553 3688 2608 τούτου

2117 2646 2342 2719 ἔγραψε.

2716 2909 2965 2964 ΚΕΦΛΛ.
2996 2907 3096 2964 Il".

2119 3003 2257 3073 Περὶ
2280 3002 2398 3058 τῶν
2420 3002 2490 3057 ὲν
2529 3001 2850 3073 Ἀντιοχείᾳ
2876 2998 3196 3073 ἀρχιερέων
3213 3041 3228 3066 ,
3249 2998 3558 3073 Παυᾷίνου
3589 3000 3686 3073 καί

2183 3069 2474 3128 Μελετίου
2492 3087 2506 3102 °
2534 3071 2630 3125 καὶ
2667 3069 2750 3138 ὠξ
2767 3069 3056 3135 Εὐσέϐιος
3091 3069 3187 3122 καὶ
3214 3070 3514 3138 Λουκίφερ
3540 3070 3690 3137 πρὸς

2186 3145 2497 3209 ἀλλήλους
2527 3139 2935 3209 διηνέχθησαν
2954 3157 2969 3172 ο
3000 3139 3096 3194 καὶ
3128 3139 3211 3206 ὡς
3253 3139 3547 3205 Εὐσέϐιος
3588 3140 3686 3194 καί

2197 3212 2440 3281 Ἰλάριος
2469 3210 2582 3278 τὴν
2609 3211 2679 3266 ἐν
2703 3211 2924 3279 Natale:
2945 3210 3154 3264 πίστιν
3177 3209 3484 3277 ἐκρότουν.

2186 3303 2299 3360 Καὶ
2326 3303 2671 3373 διαλυθείσης
2692 3301 2793 3372 τῆς
2840 3301 3057 3355 συνόδου
3076 3344 3091 3368 ,
3127 3299 3569 3372 παραγενόμενος
3589 3299 3688 3352 Εὐ·

2119 3396 2297 3460 σέϐιος
2333 3397 2414 3460 είς
2457 3393 2821 3466 Ἀντιόχειαν,
2855 3386 3014 3462 εὗρεν
3043 3393 3101 3446 ὲν
3139 3390 3376 3462 διχονοίᾳ
3399 3389 3492 3444 τὸν
3539 3389 3684 3444 λαόν.

2118 3489 2182 3544 Οἱ
2240 3487 2350 3560 γὰρ
2403 3485 2647 3555 Μελετίῳ
2699 3483 2981 3560 χαίροντες
3009 3522 3025 3547 ,
3068 3483 3149 3546 εἰς
3203 3482 3398 3535 ταυτὸν
3451 3481 3686 3536 συνιέναι

2118 3558 2367 3649 Παυλίνιρ
2391 3579 2491 3632 οὐκ
2517 3575 2811 3648 ἠνείχοντο,
2841 3558 2966 3629 ἀλλτ
2986 3574 3093 3645 ἰδίᾳ
3123 3571 3503 3644 ἐκκλησίαζον.
3520 3573 3689 3626 xm-

2118 3671 2237 3736 πῶς
2284 3670 2342 3724 δὲ
2387 3666 2627 3738 ἐνεγκὼν
2647 3706 2662 3732 ,
2708 3665 2791 3721 ὅτι
2842 3666 2918 3738 μὴ
2962 3664 3078 3720 δέον
3135 3664 3288 3737 παρὰ
3326 3663 3425 3736 τὴν
3473 3664 3688 3719 πάντων

2121 3761 2421 3817 συναίνεσιν
2450 3759 2563 3831 (96)
2616 3761 2652 3830 ἡ
2689 3757 2992 3830 χειροτονία
3039 3755 3312 3824 ἐγεγόνει,
3360 3755 3515 3810 οὐδὲν
3544 3757 3602 3821 ἐς
3629 3755 3690 3810 τὸ

445 3844 580 3900 nihil
627 3851 810 3899 tamen
844 3846 1024 3915 palam
1063 3854 1404 3915 conquestus
1445 3853 1530 3900 est
1555 3847 1627 3900 ob
1659 3849 2012 3903 reverentiam

2119 3853 2348 3925 φανερὸν
2370 3849 2688 3922 ὶμέμψατο,
2722 3847 3034 3920 Λουκίφερα
3077 3846 3272 3918 τιμῶν.
3313 3847 3591 3919 Οὐδετέρῳ
3631 3847 3687 3900 δὲ

445 3933 708 3990 Luciferi.
735 3933 843 3990 Sed
864 3949 988 3990 cum
1009 3933 1079 3989 ab
1109 3933 1398 4004 utriusque
1430 3935 1604 4006 partis
1634 3937 2012 3992 communione

2123 3943 2280 4016 μέρει
2304 3942 2640 4011 κοινωνήσας
2662 3978 2678 4002 ,
2701 3936 2970 4008 ὑπέσχετο
2996 3936 3066 3991 τὰ
3101 3937 3372 3991 λυποῦντα
3397 3937 3687 4008 ἑκατέρους

445 4042 508 4085 se
547 4025 931 4092 abstinuisset,
965 4025 1245 4097 pollicitus
1291 4033 1377 4082 est
1409 4025 1826 4082 emendaturum
1870 4043 1929 4084 se
1963 4029 2012 4082 in

2119 4036 2178 4089 ὲν
2229 4033 2430 4102 συνόδῳ
2479 4028 2835 4103 διορθώσεινο
2891 4030 2950 4082 ὲν
3000 4022 3046 4097 ᾧ
3093 4028 3150 4081 δὲ
3195 4026 3254 4081 τὸ
3302 4027 3505 4100 πλῆθος
3555 4028 3685 4099 πρὸς

444 4117 674 4190 synodo,
726 4133 788 4172 ea
838 4117 906 4173 de
953 4117 1156 4189 quibus
1189 4117 1408 4188 utrique
1454 4118 1845 4190 querebantur.
1879 4119 2012 4174 Dum

2118 4124 2368 4195 ὁμόνοιαν
2396 4121 2689 4176 συνάπτειν
2717 4119 3070 4184 ἐσπούδαζεν,
3093 4118 3402 4172 ἐπανελθὼν
3428 4120 3686 4182 Μελέτιος

445 4211 707 4281 populum
741 4209 810 4264 ad
845 4209 1134 4280 pristinam
1163 4209 1519 4265 concordiam
1553 4225 1812 4267 revocare
1852 4226 2012 4267 cona-

2120 4218 2185 4268 ὲκ
2230 4215 2325 4285 τῆς
2371 4214 2698 4286 ὑπερορίας,
2749 4211 3187 4282 κεχωρισμένους
3227 4209 3398 4282 εὑρὼν
3441 4211 3570 4276 τοὺς
3621 4212 3687 4266 τὰ

445 4310 598 4355 retur
645 4299 937 4365 Eusebius,
966 4301 1036 4355 ab
1073 4302 1268 4357 exsilio
1302 4316 1558 4357 reversus
1593 4301 1860 4364 Meletius.
1892 4318 2012 4357 cum

2120 4306 2267 4377 αὑτῷ
2303 4305 2634 4376 φρονοῦντας
2665 4306 2814 4376 (97),
2866 4305 2970 4374 ἰδίᾳ
3005 4305 3103 4356 σὺν
3154 4303 3391 4369 τούτοις,
3437 4303 3545 4368 ἔξω
3589 4305 3686 4374 τῆς
3731 4325 3736 4332 ·

445 4397 746 4445 sectatores
789 4403 1014 4445 suarum
1064 4391 1308 4460 partium
1357 4392 1638 4461 sejunctos
1667 4393 1734 4447 ab
1771 4393 1890 4448 aliis
1917 4391 2012 4447 de-

2121 4397 2324 4460 πόλεως
2354 4397 2710 4468 ὲκκλησίαξεν
2735 4415 2748 4428 ·
2778 4399 2806 4451 ό
2837 4397 2896 4450 δὲ
2919 4396 3210 4464 Παυλῖνος,
3237 4395 3382 4449 ἔνδον
3417 4397 3558 4466 μετὰ
3581 4396 3685 4448 τῶν

445 4479 846 4550 prehendisset,
884 4495 992 4536 una
1024 4496 1147 4535 cum
1192 4483 1303 4537 illis
1334 4497 1582 4539 seorsum
1615 4495 1769 4539 extra
1819 4487 2008 4542 urbem

2119 4491 2332 4543 οἰκείων
2353 4504 2366 4521 ⁸
2398 4492 2569 4561 πρᾷον
2599 4489 2708 4560 γὰρ
2730 4528 2744 4552 ,
2775 4489 2879 4541 ὑπό
2906 4505 2965 4540 τε
3001 4487 3115 4557 βίου
3158 4487 3253 4539 καὶ
3279 4487 3462 4556 γήρως
3489 4486 3685 4539 αἰδοῖον

445 4578 753 4626 conventus
819 4571 1230 4626 ecclesiasticos
1292 4572 1506 4630 habuit.
1561 4573 1825 4633 Paulinus
1887 4595 2012 4635 vero

2113 4583 2244 4638 ὄντα
2268 4625 2285 4649 ,
2317 4584 2492 4654 τιμῶν
2524 4581 2762 4647 Εὐζώῖος
2793 4583 2820 4631 ὁ
2859 4580 2956 4650 τῆς
3016 4579 3224 4650 Ἀρείου
3255 4577 3520 4649 αἱρέσεως
3556 4595 3683 4648 προ-

445 4664 589 4716 intra
644 4662 832 4717 urbem
878 4680 1002 4718 cum
1048 4665 1165 4720 suis
1216 4667 1479 4724 collectas
1529 4670 1846 4728 celebravit.
1879 4671 2012 4728 Nam

2115 4673 2320 4740 εστὼς,
2366 4673 2487 4727 οὕτε
2542 4671 2800 4738 ἐξέϐαλε,
2855 4672 2948 4726 καὶ
2997 4671 3127 4740 μίαν
3190 4667 3338 4738 αὑτῷ
3391 4667 3681 4739 ἐκκλησίαν

443 4766 569 4805 cum
614 4749 763 4805 mitis
799 4762 966 4818 esset,
1003 4763 1057 4809 et
1085 4764 1200 4810 tum
1225 4759 1296 4813 ob
1327 4761 1673 4816 sanctitatem
1725 4764 1868 4830 vitae,
1903 4775 2012 4821 tum

2114 4766 2427 4836 ἀπένειμεν.
2491 4763 2746 4826 Εὐσέϐιος
2803 4764 2857 4816 δὲ
2914 4759 3202 4832 ἀποτυχὼν
3260 4764 3359 4831 τῆς
3425 4760 3680 4830 σπουδῆς,

443 4839 516 4894 ob
544 4847 884 4895 senectutem
925 4845 1288 4914 venerabilis,
1319 4849 1586 4906 reveritus
1620 4867 1743 4906 eum
1777 4853 2012 4914 Euzoius

2114 4856 2448 4927 ὲξεδήμησεν
2491 4856 2838 4926 Ἀντιοχείας.
2877 4853 3234 4924 Ὑϐρισμένος
3265 4853 3320 4905 δὲ
3361 4853 3488 4923 παρ’
3517 4851 3684 4905 α’ὐτοῦ

447 4929 776 4985 Arianorum
821 4933 1138 5005 episcopus,
1163 4953 1271 4992 non
1303 4939 1467 4994 modo
1503 4957 1612 4999 non
1653 4945 1815 5016 ejeeit
1843 4965 1906 5003 ex
1934 4950 2012 5004 ci-

2115 4948 2390 5018 Λουκίφερ
2416 4987 2431 5012 ,
2465 4949 2545 5003 ὅτι
2578 4947 2654 5018 μὴ
2673 4947 2769 5018 τὴν
2799 4945 3065 4999 Παυλίνου
3093 4944 3420 5016 χειροτονίαν
3447 4943 3679 5007 ἐδέξατο,

443 5022 631 5085 vitate,
664 5019 761 5075 sed
799 5035 965 5075 unam
997 5025 1047 5079 ei
1085 5026 1377 5084 ecclesiam
1422 5032 1694 5091 attribuit.
1737 5035 2010 5095 Eusebius

2116 5039 2438 5109 ἐχαλέπαινε
2466 5056 2525 5092 τε
2547 5080 2561 5104 ,
2602 5039 2694 5092 καὶ
2737 5039 3011 5091 κοινωνεῖν
3043 5037 3193 5108 αὐτῷ
3237 5035 3517 5109 διεφέρετο
3540 5054 3552 5066 ·
3592 5037 3681 5090 καὶ

513 5199 528 5231 ¹
562 5197 747 5267 Socr.,
784 5199 878 5256 lib.
899 5215 982 5266 ιιι,
1020 5214 1072 5256 c;
1106 5201 1158 5258 6.
1235 5208 1255 5237 ³
1280 5204 1438 5272 Ibid.,
1478 5207 1532 5265 9.

1632 5359 1905 5417 VALESII
1945 5360 2502 5419 ANNOTATIONES.

508 5505 620 5592 (96)
674 5510 863 5592 Harpe.
898 5509 1012 5578 τὴν
1052 5511 1291 5592 πᾴντων
1348 5514 1622 5592 σύνεσιις.
1684 5518 1908 5592 Rectius
1949 5520 2003 5574 in

2181 5519 2292 5592 (97)
2340 5521 2485 5592 Τοὺς
2532 5520 2605 5576 τὰ
2648 5521 2808 5588 αὐτῷ
2846 5525 3237 5592 φρονοῦντος.
3288 5525 3483 5583 Procul
3515 5529 3679 5585 dubio

437 5579 626 5631 codice
673 5577 976 5636 Fuketiano
1022 5584 1284 5656 scriptum
1318 5596 1402 5642 est
1445 5584 1782 5656 συναίνεσιν,
1839 5591 1894 5645 id
1919 5599 2002 5646 est

2113 5577 2478 5644 sciibc’mtum'
2517 5601 2601 5647 est
2651 5593 2717 5645 τὰ
2772 5577 2956 5648 ὰῡὶὀῦ.
3007 5577 3080 5649 in
3119 5577 3680 5653 'c'blt'ice'r‘ﬁtle'tia'né

435 5658 790 5707 consensum.

2113 5659 2372 5728 scriptum
2399 5667 2479 5715 est
2509 5662 2577 5715 τὰ
2603 5662 2740 5716 αὐτὰ
2770 5664 3116 5735 φρονοῦντας,
3159 5669 3301 5737 quod
3344 5685 3448 5724 non
3488 5669 3674 5734 probo.
