4040 6216
376 266 521 332 1⁸283

1335 258 1665 318 HISTORIA
1701 256 2266 320 ECCLESIASTICA.
2309 288 2379 301 —
2405 256 2536 315 LIB.
2561 255 2628 314 ν.

3483 261 3508 318 I
3518 264 3627 322 254

374 389 452 447 ὡς
486 381 546 447 ἐξ
576 379 754 452 ἔριδος
774 419 789 444 ν
816 378 882 433 τὰ
909 377 1132 445 δόξαντα
1152 377 1218 448 τῇ
1252 375 1454 448 συνόδῳ
1483 377 1540 430 ἐν
1583 374 1948 447 Ἀλεξανδρείᾳ

2059 389 2190 430 vero
2224 388 2349 430 cum
2392 381 2629 431 conatus
2659 373 2765 446 ipsi
2794 387 2906 430 non
2955 374 3303 441 succederet,
3345 376 3635 436 Antiochia

375 473 682 530 διαϐάλλειν
718 470 1012 541 ἐπεχείρει.
1066 471 1131 522 'O
1180 467 1247 539 δὴ
1295 468 1567 541 πρόφασις
1601 467 1814 537 ἐγένετο
1855 468 1954 538 τῆς

377 565 644 638 αἱρέσεως
663 562 773 616 τῶν
791 561 885 614 ἀπ’
917 560 1084 614 αὑτοῦ
1119 559 1468 631 καλουμένων
1489 560 1951 631 Δουκιφεριανῶν.

377 659 441 712 Oi
492 656 598 726 γὰρ
632 654 727 706 ἐπὶ
767 652 974 715 τούτοις
1020 649 1170 721 αὐτῷ
1216 649 1640 722 συναχθόμενοι,
1688 652 1827 718 σφᾶς
1857 650 1956 720 τῆς

392 739 718 811 Ἐκκλησίας
765 737 1088 808 ἀπέσχισαν.
1137 737 1310 802 Αὐτὸς
1361 737 1417 790 δὲ
1462 737 1665 808 καίπερ
1713 738 1817 790 ὑπὸ
1854 737 1956 809 τῆς

377 834 552 903 λύπης
604 830 1015 904 κρατούμενος,
1068 830 1257 902 ἐπειδὴ
1309 829 1397 883 διὰ
1443 829 1536 882 τοῦ
1597 829 1845 883 διακόνου
1895 830 1956 884 δν

379 924 624 993 Εὐσεϐἰῳ
673 921 1124 988 συναπέστειλεν,
1168 921 1522 991 ὡμολόγησεν
1555 921 1810 992 ἐμμεῖναι
1842 925 1956 988 τοῖς

377 1021 434 1071 ἐν
476 1013 854 1085 Ἀλεξανδρείᾳ
886 1014 1038 1084 παρὰ
1077 1013 1178 1083 τῆς
1209 1013 1430 1067 συνόδου
1460 1013 1803 1085 πραχθεῖσιν,
1827 1017 1956 1086 ὁμο-

378 1107 590 1180 φρονῶν
636 1109 703 1177 τῇ
743 1104 972 1158 καθόλου
1019 1104 1354 1175 Ἐκκλησίᾳ,
1403 1106 1483 1168 είς
1511 1105 1804 1176 Σαρδονίαν
1853 1108 1956 1176 ἀφ-

381 1195 806 1260 ίκετο.Εύσέϐιος
835 1193 891 1248 δὲ
913 1195 1056 1248 κατὰ
1072 1193 1168 1264 τὴν
1188 1195 1303 1248 Ἕω
1327 1195 1572 1267 περιϊὼν.
1601 1197 1726 1260 τοὺς
1746 1197 1955 1269 ἠμελη-

379 1289 542 1350 κότας
575 1287 674 1357 τῆς
706 1285 940 1347 πίστεως
967 1283 1373 1355 ἐπηνωρθοῦτο,
1407 1285 1500 1338 καὶ
1604 1287 1708 1358 χρὴ
1737 1291 1956 1359 φρονεῖν

379 1379 654 1432 ἐδίδασκεν
673 1393 686 1408 ⁸
722 1376 910 1429 ἔπειτα
940 1375 1278 1444 σπουδάζων,
1304 1378 1399 1430 καὶ
1434 1377 1723 1451 Ἰλλυριοὺς
1747 1379 1953 1450 διῆλθε,

378 1471 471 1524 καὶ
507 1470 586 1533 εἰς
621 1461 852 1523 Ἰταλίαν
894 1452 1050 1541 ἧκεν.
1092 1468 1260 1522 Ἔνθα
1307 1469 1372 1542 δὴ
1423 1469 1603 1524 ταῦτα
1632 1487 1956 1542 προκατωρ-

379 1560 592 1614 θωκότα
625 1556 923 1613 κατέλαϐεν
965 1557 1192 1631 Ἰλάριον
1213 1599 1228 1624 ,
1262 1559 1321 1623 ὃς
1352 1561 1685 1626 Πυκτάϐων,
1719 1562 1873 1626 πόλις
1896 1562 1955 1616 δὲ

379 1652 470 1722 ἥδε
505 1649 848 1715 ’Δκοιτανίας
869 1689 884 1714 ,
912 1650 1210 1716 ἐπίσκοπος
1235 1646 1303 1724 ἦν
1324 1669 1340 1685 ο
1365 1652 1524 1724 ἔτυχε
1554 1653 1662 1724 γὰρ
1691 1655 1954 1726 πρότερος

2053 464 2316 521 excessit.
2354 465 2420 519 At
2448 465 2690 531 Lucifer,
2717 467 3064 524 contumelia
3093 469 3216 523 loco
3245 470 3452 528 ducens
3484 475 3634 543 quod

2055 556 2325 615 Eusebius
2357 558 2764 616 ordinationem
2803 559 3020 616 Paulini
3051 560 3213 633 199
3255 578 3362 618 non
3411 565 3636 634 probas-

2057 658 2174 716 set,
2221 651 2634 706 communicare
2681 651 2764 705 illi
2814 651 3174 719 detrectavit,
3227 660 3284 709 et
3333 655 3635 714 altercandi

2056 742 2349 804 studio.ea
2379 757 2502 812 qua
2541 742 2884 798 Alexandria
2925 744 2979 798 in
3017 743 3230 816 synodo
3269 745 3492 801 decreta
3522 747 3633 804 fue-

2055 839 2181 886 rant
2223 832 2628 902 rcprehenderc
2659 841 2892 890 conatus
2920 843 3036 902 est;
3065 844 3227 906 atque
3267 851 3331 890 ea
3361 852 3449 893 res
3476 854 3632 894 occa-

2056 923 2266 976 sionem
2300 922 2536 992 prabuit
2577 933 2742 981 secta
2776 924 3012 991 illorum:
3035 926 3128 995 qui
3159 940 3226 981 ex
3261 927 3383 996 ejus
3414 928 3638 985 nomine

2056 1013 2388 1071 Luciferiani
2426 1023 2558 1072 sunt
2605 1017 2888 1087 appellati.
2923 1018 3135 1072 Etenim
3163 1019 3202 1072 ii
3236 1018 3332 1088 qui
3374 1034 3481 1073 una
3511 1035 3638 1074 cum

2055 1106 2150 1160 illo
2178 1106 2251 1161 ob
2285 1121 2378 1163 eas
2408 1121 2498 1164 res
2536 1107 2802 1180 indignati
2847 1116 2995 1174 sunt,
3030 1124 3089 1165 se
3115 1108 3265 1180 ipsos
3293 1109 3362 1164 ab
3389 1109 3635 1165 Ecclesia

2057 1197 2448 1267 praciderunt.
2476 1199 2598 1269 Ipse
2623 1215 2752 1254 vero
2780 1201 3030 1270 quamvis
3059 1201 3376 1255 exulcerato
3405 1215 3639 1270 prorsus

2055 1288 2242 1343 animo
2282 1298 2456 1356 esset,
2491 1299 2673 1346 tamen
2715 1294 2978 1363 quoniam
3019 1307 3114 1362 per
3141 1293 3436 1347 diaconum
3471 1307 3636 1363 quem

2056 1396 2164 1436 una
2198 1395 2324 1436 cum
2375 1381 2613 1438 Eusebio
2654 1383 2904 1448 miserat,
2934 1399 2993 1440 se
3023 1383 3409 1439 Alexandrina
3440 1382 3637 1454 synodi

2056 1473 2197 1528 actis
2245 1486 2645 1530 consensurum
2708 1475 3061 1544 promiserat,
3097 1489 3221 1528 cum
3267 1472 3515 1530 Ecclesia
3551 1486 3641 1529 ca-

2056 1563 2256 1618 tholica
2295 1565 2677 1632 consentiens,
2734 1565 2791 1620 in
2851 1563 3160 1620 Sardiniam
3217 1566 3400 1622 rediit.
3461 1563 3635 1621 Porro

2058 1653 2329 1711 Eusebius
2357 1653 2599 1712 Orientis
2646 1657 2962 1728 provincias
3006 1657 3359 1724 circumiens,
3403 1673 3500 1716 eos
3537 1659 3632 1730 qui

379 1743 441 1796 ἐκ
468 1741 572 1812 τῆς
603 1741 898 1814 ὑπερορίας
939 1723 1288 1807 ἐπανελθὼν,
1326 1723 1558 1810 Ἰταλούς
1587 1723 1645 1798 τε
1683 1723 1776 1800 καὶ
1814 1723 1948 1800 Γάλ-

2060 1744 2118 1800 in
2171 1745 2278 1802 [ide
2330 1723 2761 1819 negligentiores
2811 1747 3031 1804 fuerant
3079 1747 3378 1820 corrigere,
3420 1757 3474 1806 et
3515 1723 3637 1822 qua

378 1833 500 1896 λους
532 1831 747 1898 διδάξας
769 1874 784 1899 ,
833 1835 965 1888 ποῖα
1009 1833 1109 1906 μὲν
1149 1834 1254 1908 χρὴ
1306 1836 1414 1890 τῶν
1463 1835 1749 1907 δογμάτων
1782 1855 1952 1910 προσ-

381 1923 577 1991 ίεσθαι,
611 1927 738 1978 ποτα
767 1924 823 1978 δὲ
850 1924 1072 1995 φεύγειν
1094 1943 1109 1959 ·
1145 1927 1239 1982 καὶ
1271 1927 1381 1999 γὰρ
1399 1928 1462 2000 δὴ
1492 1928 1586 1983 καὶ
1611 1929 1862 2000 ἐλόγιμος
1884 1933 1952 2002 τῇ

387 2017 675 2088 Ῥωμαίων
720 2015 936 2089 γλώττῃ
969 2017 1210 2086 ἐγένετο,
1245 2020 1339 2074 καὶ
1381 2018 1573 2089 λόγους
1614 2020 1949 2093 ἀξιοχρέους,

377 2108 452 2172 ὡς
473 2109 708 2180 εῐρηται,
729 2108 1090 2181 συνέγραψεν,
1105 2110 1562 2182 ἀπομαχομένους
1589 2114 1704 2176 τοῖς
1738 2113 1949 2185 Ἀρείου

377 2202 658 2272 δόγμασιν.
693 2195 824 2256 Ὧδε
853 2200 952 2272 μὲν
995 2201 1219 2272 Ἱλάριος
1253 2197 1407 2266 οὗτος
1436 2203 1530 2257 καὶ
1566 2203 1827 2270 Εὐσέϐιος
1850 2245 1866 2271 ,
1890 2207 1949 2260 ἐν

377 2294 440 2363 τῇ
483 2292 624 2363 πρὸς
672 2291 825 2346 δύσιν
868 2291 1146 2366 ἀρχομένη
1194 2292 1256 2346 τὸ
1297 2292 1476 2364 δόγμα
1505 2293 1606 2365 τῆς
1645 2296 1706 2349 ἐν
1744 2293 1950 2369 Νικαίᾳ

378 2385 592 2438 συνόδου
629 2383 1012 2455 συνεκρότουν.

2057 1835 2334 1894 credenda
2354 1847 2562 1903 essent.
2582 1839 2783 1896 docere
2804 1841 2988 1910 capit.
3011 1839 3114 1896 Per
3138 1838 3415 1911 Illyricum
3438 1841 3639 1898 deinde

2059 1929 2302 1992 transiit,
2343 1929 2520 1984 eidem
2572 1931 2726 2000 operi
2767 1932 3034 1998 intentus,
3064 1939 3121 1986 et
3148 1931 3216 1986 ad
3248 1930 3460 1985 Italiam
3511 1947 3633 2002 per-

2061 2019 2232 2078 venit.
2284 2019 2402 2076 lllic
2451 2020 2720 2077 Hilarium
2772 2021 3150 2088 Pictavorum,
3197 2037 3320 2096 qua
3367 2023 3500 2080 urbs
3551 2033 3638 2080 est

2053 2109 2388 2182 Aquitania,
2439 2113 2764 2184 episcopum
2821 2115 3044 2184 reperit,
3098 2114 3194 2184 qui
3245 2114 3388 2168 idem
3436 2129 3638 2169 munus

2054 2203 2248 2260 sedulo
2297 2215 2425 2262 ante
2475 2204 2656 2276 ipsum
2713 2205 3032 2276 expleverat
3076 2207 3114 2262 ¹.
3155 2205 3316 2261 Prior
3373 2205 3520 2260 enim
3569 2204 3638 2260 ab

2052 2297 2252 2352 exsilio
2293 2297 2555 2363 redierat,
2594 2296 2871 2368 ltalosque
2911 2307 2966 2354 et
3017 2296 3227 2364 Gallos,
3269 2312 3390 2370 qua
3440 2297 3636 2353 admit-

2054 2389 2244 2455 tenda,
2300 2405 2423 2462 qua
2477 2389 2739 2462 fugienda
2791 2399 2979 2446 essent
3010 2391 3292 2463 dogmata,
3347 2391 3632 2447 docuerat.

378 2477 509 2532 Nam
552 2487 609 2534 et
659 2476 854 2534 Latino
912 2493 1166 2535 sermone
1227 2478 1633 2537 disertissimus
1687 2481 1814 2546 fuit,
1862 2489 1919 2537 et
1990 2482 2166 2540 libros
2231 2485 2377 2541 lectu
2437 2483 2798 2554 dignissimos
2851 2485 3116 2541 adversus
3159 2485 3477 2556 opinionem
3513 2480 3633 2536 Arii

377 2569 701 2640 composuit.
745 2569 809 2624 Et
852 2569 1098 2630 Hilarius
1142 2571 1364 2644 quidem
1414 2570 1518 2628 iste
1559 2586 1626 2629 ac
1671 2571 1944 2631 Eusebius
1975 2573 2213 2634 Nicana
2246 2575 2441 2649 synodi
2488 2574 2800 2633 doctrinam
2841 2575 2948 2633 hoc
2992 2575 3154 2632 modo
3218 2575 3276 2632 in
3312 2573 3632 2631 Occidentis

376 2659 625 2732 partibus
655 2670 1035 2718 asserueruut.

960 2791 1216 2847 ΚΕΦΑΛ.
1255 2793 1354 2848 IA'.

378 2926 569 2993 Ὅκως
616 2927 671 2980 ot
709 2925 858 2996 ἀμφὶ
904 2923 1456 2996 Μακεδόνιονίτοῒς.
1484 2925 1619 2994 περὶ
1675 2925 1950 2982 Ἀκάκιον

459 2992 780 3064 ‘Apstaroii;
793 2992 1177 3066 διεφέροντο,
1208 2995 1308 3050 καί
1333 2998 1388 3050 τι
1416 2992 1579 3068 ﬂeas-
1610 2996 1948 3066 ἀπολογού-

443 3083 634 3136 μενοι.

2599 2792 2754 2850 CAP.
2785 2790 2924 2848 XIV.

2057 2927 2335 2998 Quomodo
2367 2925 2745 2984 Hacedoniam’
2774 2929 2839 2983 ab
2870 2927 3158 3002 Aicacianis
3181 2929 3547 3002 dissenserint,
3576 2945 3628 2992 et

2281 3015 2441 3070 quam
2462 3013 2560 3068 pro
2593 3015 2646 3054 se
2678 3001 3076 3054 excusationem
3104 3001 3398 3061 attulerint.

458 3201 549 3255 Ἐν
582 3198 760 3272 τούτῳ
781 3199 838 3255 δὲ
868 3198 922 3254 oi
954 3199 1098 3271 ἀμφὶ
1129 3199 1462 3256 Μακεδόνων
1483 3239 1499 3267 ,
1534 3191 1611 3256 ὧν
1654 3194 1724 3274 ἦν
1768 3199 1948 3254 Ἐλεύ-

2118 3194 2222 3254 Per
2267 3197 2412 3255 idem
2456 3210 2672 3271 tempus
2715 3198 2754 3256 ii
2797 3199 2894 3272 qui
2937 3213 2970 3255 a
3008 3197 3314 3258 Macedonii
3377 3199 3628 3273 partibus

379 3309 529 3360 σιος,
576 3291 673 3346 καὶ
715 3289 1050 3359 Εὐστάθιος,
1106 3291 1202 3346 καὶ
1235 3291 1578 3364 Σωφρόνιος,
1624 3292 1728 3365 ήδη
1771 3294 1852 3358 είς
1888 3293 1951 3348 τὸ

377 3383 651 3456 amavi;
671 3381 1062 3438 Μακεδονιανο)⁵
1087 3382 1372 3437 καλεῖσθαι
1396 3381 1696 3456 ἀρξάμενοι
1712 3421 1729 3447 ,
1755 3385 1832 3450 ὡς
1868 3386 1951 3451 είς

377 3475 508 3530 ῐδιον
547 3472 919 3546 διακριθέντες
958 3473 1245 3546 σύστημα,
1273 3474 1458 3540 ἀδείας
1487 3475 1848 3548 τετυχηκότες
1879 3480 1948 3550 τῇ

376 3565 751 3621 Κωνσταντίου
795 3565 1022 3638 τελευτῇ
1045 3605 1061 3630 ,
1106 3565 1542 3636 συγκαλέσαντες
1576 3567 1706 3631 τοὺς
1755 3568 1816 3622 ἐν
1854 3569 1952 3622 Σε-

373 3657 596 3731 λευκείᾳ
617 3655 924 3729 ὁμόφρονας
941 3655 1126 3720 αὑτοτς
1148 3655 1497 3729 γενομένους,
1523 3657 1775 3723 συνόδους
1795 3659 1949 3725 τινὰς

373 3749 695 3822 ἐποιήσαντο
718 3765 735 3782 ο
767 3747 862 3804 καὶ
915 3750 1045 3812 τοὺς
1089 3747 1234 3819 ἀμφὶ
1284 3747 1562 3817 ’Δκάκιον,
1607 3749 1708 3822 τήν
1749 3765 1809 3803 τε
1857 3749 1950 3819 βε-

372 3838 699 3895 ϐαιωθεῖσαν
727 3839 787 3893 ἐν
834 3838 1112 3911 ’Δριμὴνῳ
1141 3837 1326 3894 πίστιν
1362 3837 1750 3913 ἀπεκήρυξαν·
1781 3843 1851 3912 τῇ
1890 3841 1949 3896 δέ

373 3933 433 3986 ἐν
473 3930 775 4004 Ἀντιοχείᾳ
829 3930 1152 4005 ἐκτεθείσῃ,
1201 3931 1426 4004 ὕστερον
1463 3932 1521 3987 δέ
1555 3933 1614 3987 ἐν
1656 3931 1948 4005 Σελευκείᾳ

373 4022 508 4096 πρὸς
546 4023 727 4078 αὐτῶν
773 4020 1082 4094 κυρωθείσῃ
1107 4060 1124 4086 ,
1171 4023 1602 4096 ἐπεψηφίσαντο.
1657 4023 1947 4093 Ἐγκαλού-

375 4132 526 4186 μενοι
553 4115 610 4169 δέ
650 4115 702 4169 τί
743 4115 940 4187 δήποτε
971 4115 1106 4186 πρὸς
1146 4115 1271 4180 τοὺς
1299 4117 1444 4187 ἀμφὶ
1483 4116 1736 4170 Ἀκάκιον
1760 4117 1947 4187 διαφέ-

372 4224 586 4281 ρονται,
617 4207 882 4280 πρότερον
908 4208 1092 4271 αὐτοῖς
1117 4208 1192 4272 ὡς
1228 4207 1504 4279 όμοδόξοις
1537 4209 1940 4275 κοινωνοῦντες,

371 4301 495 4356 τάδε
539 4300 627 4355 διὰ
661 4299 969 4371 Σωφρονίου
1008 4299 1102 4354 τοῦ
1148 4301 1498 4371 Παφλαγόνος
1541 4302 1898 4373 ἐπεκρίναντο
1925 4319 1942 4335 ο

368 4393 444 4456 ὣς
468 4393 517 4445 oi
537 4391 676 4445 κατὰ
707 4392 805 4462 τὴν
828 4391 998 4456 δύσιν,
1021 4391 1082 4445 τὸ
1107 4391 1390 4464 όμοούσιον
1419 4391 1666 4458 ἐδόξαζον
1688 4411 1700 4422 ·
1741 4394 1943 4457 Ἀἐτιος

367 4481 423 4536 δὲ
452 4484 510 4534 ἐν
539 4485 603 4553 τῇ
633 4481 746 4552 ’Ἑῳ
789 4482 849 4536 τὸ
895 4483 1015 4535 κατ’
1044 4483 1230 4538 οὐσίαν
1267 4483 1538 4554 ἀνόμοιον.
1571 4486 1680 4539 Καὶ
1725 4486 1776 4537 οἱ
1818 4484 1939 4556 μὲν,

2051 3289 2297 3356 stabant,
2328 3291 2474 3347 inter
2506 3306 2648 3362 quos
2681 3289 2938 3349 Eleusius
2977 3301 3099 3348 erat
3122 3299 3176 3348 et
3203 3290 3529 3350 Eustathius
3559 3307 3628 3349 ac

2051 3378 2422 3452 Sophronius,
2449 3381 2545 3452 qui
2589 3381 2703 3453 jam
2749 3381 3126 3439 Macedoniani
3162 3384 3345 3456 palam
3393 3385 3626 3443 vocitari

2049 3481 2352 3544 ceperant,
2398 3481 2594 3545 utpote
2644 3473 2740 3543 qui
2780 3473 3111 3544 peculiarem
3162 3483 3367 3533 sectam
3415 3476 3628 3532 consti-

2048 3573 2302 3633 tuerent;
2325 3563 2636 3621 Constantii
2652 3565 2806 3621 obitu
2825 3565 3103 3623 licentiam
3120 3567 3624 3633 nacti,convocatis

2047 3655 2119 3712 iis
2144 3654 2241 3726 qui
2285 3653 2552 3712 Seleucia
2585 3669 2712 3711 cum
2745 3655 2884 3726 ipsis
2919 3663 3342 3725 consenserant,
3380 3657 3621 3728 synodos

2048 3746 2316 3817 quasdam
2348 3755 2844 3819 congregaverunt,
2877 3755 2932 3804 et
2957 3748 3266 3805 Acacianos
3285 3763 3349 3804 ac
3378 3747 3538 3804 fidem
3567 3747 3624 3805 in

2046 3837 2383 3894 Ariminensi
2414 3837 2658 3894 concilio
2689 3837 2964 3894 firmatam
2998 3840 3460 3897 condemnarunt.
3488 3837 3624 3893 Eam

2047 3943 2180 3985 vero
2214 3943 2336 3999 qua
2360 3929 2668 3986 Antiochia
2695 3931 3062 4004 promulgata,
3089 3937 3147 3987 et
3166 3930 3237 3987 ab
3266 3930 3404 4001 ipsis
3431 3937 3620 4000 postea

2050 4021 2314 4079 Seleucia
2352 4021 2676 4078 conﬁrmata
2710 4021 2911 4089 fuerat,
2938 4023 3182 4079 decretis
3216 4022 3334 4079 suis
3367 4035 3621 4090 compro-

2047 4114 2270 4170 barunt.
2317 4112 2567 4184 Cumque
2607 4114 2694 4170 his
2725 4114 3062 4185 objiceretur
3102 4128 3200 4168 cur
3228 4113 3297 4167 ab
3329 4111 3620 4167 Acacianis

2046 4205 2400 4271 dissiderent,
2429 4206 2762 4275 quibuscum
2796 4215 2978 4272 antea,
3017 4211 3206 4275 utpote
3232 4204 3339 4259 sibi
3381 4218 3621 4258 consen-

2047 4295 2334 4360 tientibus,
2385 4295 2892 4356 communicabant,
2942 4309 3040 4364 per
3089 4291 3456 4363 SOphronium
3515 4289 3621 4344 Pa-

2046 4385 2363 4457 phlagoncm
2416 4384 2531 4440 hac
2575 4385 2986 4455 responderunt
3027 4403 3040 4440 :
3082 4385 3462 4440 Occidentales
3496 4386 3620 4454 qui-

2046 4477 2167 4532 dem
2198 4475 2738 4533 Consubstantialem
2774 4477 3130 4548 probavisse;
3163 4477 3383 4532 Aetium
3408 4493 3538 4532 vero
3563 4477 3620 4533 in

368 4545 617 4638 ἀτάκτως
677 4545 778 4636 τας
836 4573 1139 4639 ἰδιαζούσας
1192 4545 1516 4639 ὑποστασεις
1571 4576 1784 4646 Πατρὸς
1818 4545 1941 4629 ’καί

2050 4569 2286 4624 Orientis
2339 4569 2594 4640 partibus
2640 4545 2969 4626 dissimilem
3018 4569 3198 4641 quoad
3253 4569 3619 4626 substantiam

367 4664 502 4719 Υίοῢ
522 4705 536 4731 ,
569 4664 896 4719 συνέπλεκον
917 4667 998 4730 είς
1026 4665 1254 4736 ἑνότητα
1291 4665 1370 4737 τῷ
1395 4666 1490 4720 τοῦ
1515 4666 1799 4738 όμοουσίου
1823 4666 1942 4720 ὀνό-

369 4771 534 4826 ματιο
563 4757 592 4808 ὁ
629 4754 708 4817 δέ,
746 4755 950 4828 σφόδρα
974 4756 1078 4826 τῆς
1113 4757 1207 4810 τοῦ
1246 4755 1377 4810 Υίοῦ
1425 4756 1560 4828 πρὸς
1604 4757 1695 4811 τὸν
1722 4757 1940 4829 Πατέρα

367 4847 580 4914 φύσεως
608 4847 787 4902 διῖστα
837 4848 935 4920 τὴν
986 4849 1322 4917 οἰκειότηταο
1376 4849 1518 4918 σφᾶς
1559 4849 1615 4902 δὲ
1670 4848 1939 4914 εὐσεϐεῖν,

362 4938 548 5008 ὅμοιον
569 4933 712 4992 εἶναι
747 4937 827 5009 τῷ
863 4938 1041 5010 Πατρὶ
1069 4937 1162 4992 τὸν
1199 4937 1326 4992 Υίὸν
1350 4937 1485 4992 ’καθ’
1515 4938 1811 4993 ὑπόστασιν
1851 4939 1942 4993 λέ-

363 5047 560 5099 γοντας
588 5069 603 5096 ,
634 5031 731 5084 καὶ
770 5030 942 5101 μέσην
989 5031 1194 5102 ἀμφοῖν
1220 5030 1426 5102 ταύτην
1455 5031 1555 5103 τὴν
1598 5031 1716 5086 όδὸν
1752 5031 1938 5086 ἐπιλέ-

363 5118 580 5187 ξασθαι,
606 5119 883 5191 ἐκατέρων
905 5119 1041 5192 πρὸς
1067 5121 1237 5192 ἄκρον
1260 5120 1354 5174 τοῦ
1387 5121 1626 5175 ἐναντίου
1655 5122 1936 5195 χωρησάν-

359 5227 492 5263 των.
526 5211 632 5264 Καὶ
659 5212 708 5264 οἱ
745 5211 843 5282 μὲν
873 5201 975 5265 ὦδε
1005 5209 1388 5270 ἀπολογεῖσθαι
1423 5213 1537 5276 τοίς
1566 5213 1935 5284 μεμφομένοις

361 5301 682 5373 ἐπειρῶντο.

430 5667 445 5697 ³
485 5664 666 5733 Socr.,
697 5661 793 5718 lib.
815 5676 896 5730 ιιι,
921 5675 971 5717 c.
1011 5661 1099 5717 I0.

2044 4659 2376 4716 asseruisse.
2419 4660 2484 4714 Et
2535 4660 2660 4715 illos
2712 4659 2936 4731 quidem
2985 4659 3282 4716 distinctas
3334 4659 3514 4716 Patris
3555 4675 3620 4716 ac

2044 4751 2168 4807 Filii
2199 4766 2463 4823 personas
2493 4750 2995 4809 Consubstantialis
3033 4752 3302 4808 vocabulo
3328 4759 3534 4809 temere
3560 4753 3617 4808 in

2045 4860 2216 4900 unum
2272 4844 2592 4901 coni‘udisse
2631 4865 2644 4900 :
2687 4843 2835 4900 hunc
2879 4861 3011 4902 vero
3058 4854 3267 4901 natura
3313 4845 3438 4900 Filii
3489 4859 3617 4901 cum

2043 4936 2226 4993 Patris
2258 4943 2454 4992 natura
2490 4938 2872 5008 cognationem
2903 4937 3132 4993 nimium
3171 4945 3439 5009 quantum
3476 4937 3618 4992 divi-

2041 5028 2206 5086 sisse.
2241 5026 2312 5082 Se
2343 5041 2476 5083 vero
2508 5028 2595 5098 pie
2623 5026 2829 5094 facere,
2855 5029 2948 5100 qui
2980 5027 3179 5084 Filium
3206 5028 3355 5084 Patri
3379 5027 3616 5084 similem

2043 5118 2343 5175 secundum
2368 5118 2707 5189 bypostasim
2726 5119 2931 5186 dicant,
2957 5131 3010 5176 et
3041 5122 3182 5176 banc
3211 5121 3444 5176 mediam
3477 5120 3618 5174 inter

2045 5213 2310 5276 utrosque
2353 5207 2494 5262 viam
2544 5209 2830 5279 elegerint,
2866 5225 2990 5265 cum
3023 5213 3242 5282 utrique
3289 5211 3507 5265 illorum
3545 5208 3615 5262 ad

2041 5306 2345 5354 extremum
2389 5301 2794 5356 contrariorum
2844 5303 3218 5360 deﬂexissent.
3247 5302 3311 5356 Iit
3354 5301 3445 5356 isti
3490 5300 3614 5369 qui-

2042 5389 2168 5446 dem
2224 5390 2368 5461 apud
2413 5405 2511 5446 eos
2559 5405 2588 5446 a
2637 5392 2838 5462 quibus
2894 5392 3462 5464 reprchcn’debantur,
3511 5388 3616 5450 hac

2039 5481 2253 5538 ratione
2281 5498 2343 5541 se
2372 5498 2609 5558 purgare
2633 5486 2815 5541 conati
2849 5494 3001 5542 sunt.
