4040 6216
372 255 511 316 “57

1274 247 1607 307 HISTORIA
1644 240 2199 305 ECCLESIASTICA.
2237 271 2302 287 -ι
2340 244 2470 300 LIB.
2512 243 2574 298 ν.

3489 247 3626 304 ιεεεε

372 384 582 443 γματος
610 366 718 423 τῶν
748 367 877 439 πρὶν
914 363 1177 437 βασιλέων
1207 365 1323 436 ἅμα
1346 363 1561 434 γυναιξὶ
1604 364 1701 418 καὶ
1731 363 1948 425 οἰκείοις

2065 363 2296 431 itemque
2323 357 2690 424 monetariis;
2721 371 2814 428 qut
2847 372 3074 414 numero
3123 358 3464 418 abundantes
3487 371 3540 416 et
3571 365 3624 415 iu

372 461 476 516 ἀνά
503 459 601 529 τήν
618 457 859 521 Κύζικον
882 456 1168 528 διέτριϐον,
1190 455 1343 521 ἔτους
1366 457 1598 510 ἑκάστου
1622 454 1789 526 ῥητὴν
1816 455 1950 507 ἀπο-

372 549 545 621 φοράν
563 547 645 619 τῷ
660 547 906 619 δημοσίῳ
931 544 1329 612 κατατιθέντες,
1347 547 1395 599 οἱ
1423 547 1520 617 μὲν
1542 544 1949 616 στρατιωτικῶν

372 639 660 712 χλαμύδων
686 677 702 702 ,
741 639 792 692 οἱ
829 638 905 706 δὲ,
938 638 1210 709 νεουργῶν
1236 639 1605 709 νομισμάτων.
1651 637 1804 690 Ἐπεὶ
1839 636 1947 704 γάρ

311 782 318 787 .
372 737 438 787 ἐκ
461 730 661 794 παντὸς
679 729 880 801 τρόπου
897 729 1110 783 δέδοκτο
1130 730 1280 800 αὐτῷ
1304 729 1568 800 συστῆσαι
1602 729 1692 782 τὸν
1723 728 1950 798 Ἑλληνι-

374 821 531 890 σμὺν,
572 818 852 890 βιάζεσθαι
888 819 986 890 μὲν
1016 818 1049 887 ἢ
1079 819 1436 891 τιμωρεῖσθαι
1465 820 1592 881 τοὺς
1621 819 1824 889 δήμους
1873 819 1946 888 μὴ

357 909 627 974 ,θέλοντας
650 907 820 972 θύειν,
860 905 1114 971 ἀϐουλίας
1151 907 1453 978 νενόμικεν.
1505 907 1677 978 Σχολῇ
1727 906 1835 978 γὰρ
1883 908 1949 960 ἂν

373 998 638 1053 τοσούτων
675 999 753 1068 (5)
805 998 924 1052 καθ’
973 999 1211 1070 ἑκάστην
1260 998 1414 1052 πόλιν
1462 1000 1511 1052 oi
1555 999 1813 1070 ἄρχοντες
1859 998 1950 1050 τὸν

374 1091 602 1164 ἀριθμὸν
625 1090 786 1161 μόνον
808 1090 1188 1161 ἐπεγράψαντο
1203 1109 1216 1122 ·
1242 1091 1302 1144 οὐ
1330 1091 1439 1162 μὴν
1459 1091 1580 1146 ούδέ
1601 1091 1838 1146 συνιέναι
1856 1094 1951 1145 καὶ

375 1182 515 1238 κατὰ
546 1181 773 1252 γνώμην
802 1180 1056 1252 εῠχεσθαι
1082 1181 1390 1237 διεκώλυεν.
1431 1183 1586 1254 ’ῌδει
1617 1184 1725 1254 γάρ
1756 1184 1832 1247 ὡς
1858 1185 1952 1237 καὶ

375 1272 591 1341 ἀνάγκη
617 1270 747 1324 ποτέ
780 1270 854 1342 (ι)
880 1271 1250 1344 κατορθωθείη
1287 1273 1355 1326 τὰ
1387 1272 1756 1344 προαιρέσεως
1793 1275 1952 1327 ’ἐκου-

379 1362 500 1425 σίας
531 1363 610 1426 είς
647 1361 908 1417 σύστασιν
944 1362 1192 1434 δεόμενα.
1249 1365 1389 1428 Τοὺς
1430 1363 1488 1418 δὲ
1521 1365 1816 1435 κληρικοὺς
1857 1367 1952 1420 καὶ

375 1453 502 1516 τοὺς
548 1453 894 1524 προεστῶτας
920 1454 1029 1508 τῶν
1079 1454 1434 1527 Ἐκκλησιῶν,
1473 1457 1796 1513 ἀπελαύνειν
1841 1459 1951 1513 τῶν

379 1544 587 1598 πόλεων
613 1543 844 1598 ἔσπευδε
861 1561 882 1575 '°
925 1545 986 1599 τὸ
1035 1546 1132 1616 μὲν
1160 1547 1358 1618 ἀληθὲς
1387 1549 1560 1601 εἰπεῖν
1579 1588 1594 1613 ,
1655 1553 1722 1620 τῇ
1747 1552 1950 1604 τούτων

375 1635 612 1707 ἀπουσίᾳ
668 1637 1185 1708 πραγματευόμενος
1225 1638 1475 1694 διαλῦσαι
1513 1640 1622 1694 τῶν
1663 1642 1810 1696 λαῶν
1851 1642 1950 1706 τὰς

380 1725 662 1790 συνόδουςο
725 1726 867 1780 ὥστε
906 1728 1046 1799 μήτε
1089 1730 1216 1794 τοὺς
1260 1730 1748 1802 ἐκκλησιάζοντας,
1813 1735 1951 1806 μήτε

376 1816 504 1879 τοὺς
545 1816 890 1880 διδάσκοντας
925 1816 1090 1888 ἔχειν,
1147 1820 1284 1890 μήτε
1317 1821 1631 1893 μυστηρίων
1676 1823 1954 1894 μεταλαμ-

378 1906 581 1972 ϐάνειν,
607 1908 702 1960 καὶ
731 1907 811 1977 τῷ
843 1907 1021 1978 πολλῷ
1048 1909 1224 1980 χρόνῳ
1254 1912 1514 1981 ἐμπεσεῖν
1553 1913 1632 1977 είς
1664 1913 1834 1985 λήθην
1853 1915 1955 1984 τῆς

379 1998 582 2062 οἰκείας
608 1998 926 2070 Θρησκείας.
983 2001 1357 2071 Σκεπτόμενος
1385 2001 1442 2055 δὲ
1477 2003 1555 2075 (5)
1588 2005 1664 2068 ὼς
1691 2007 1740 2058 οὶ
1766 2005 1956 2078 κληρι-

379 2091 466 2144 κο).
492 2091 569 2153 είς
601 2090 880 2146 διάστασιν
905 2090 974 2144 τά
998 2091 1180 2164 πλήθη
1211 2093 1456 2162 άγουσιν,
1497 2095 1670 2160 οὕτως
1708 2093 1801 2152 οὖν
1831 2098 1954 2152 οὔτε

383 2186 618 2248 στάσεως
663 2185 982 2256 γενομένης,
1015 2185 1137 2239 οὔτε
1189 2186 1433 2254 γίνεσθαι
1479 2188 1954 2259 προσδοκωμένης,

381 2276 580 2342 ἐξιέναι
624 2275 866 2341 Κυζίκου
905 2277 996 2332 τὸν
1049 2276 1321 2331 Ἐλεύσιον
1364 2281 1458 2332 καὶ⁵
1495 2280 1620 2343 τοὺς
1668 2282 1764 2334 σὺν
1809 2279 1956 2349 αὐτῷ

382 2367 700 2438 προσέταξε.
753 2369 1094 2439 Βοστρηνοὺς
1122 2369 1188 2422 δὲ
1224 2369 1302 2440 (6)
1352 2370 1602 2441 δημοσίῳ
1643 2371 1957 2441 κηρύγματι

385 2459 764 2530 προύτρέψατο
800 2458 986 2526 διῶξαι
1030 2460 1129 2530 τῆς
1177 2457 1356 2514 αὐτῶν
1407 2461 1614 2525 πόλεως
1661 2461 1818 2517 Τίτον
1868 2463 1958 2515 τὸν

381 2551 501 2604 τότε
517 2553 614 2622 τῆς
645 2549 828 2604 ἐνθάδε
873 2550 1198 2622 Ἐκκλησίας
1225 2553 1540 2608 ἐπίσκοπον.
1575 2552 1662 2617 Ὠς
1678 2555 1784 2624 γάρ
1805 2555 1961 2623 ἠπεί-

382 2643 565 2714 λησεν,
626 2642 788 2697 αὑτὸν
830 2642 925 2697 καὶ
947 2644 1071 2707 τοὺς
1104 2644 1395 2714 κληρικοὺς
1442 2648 1498 2699 ἐν
1531 2646 1681 2716 αἰτία
1716 2646 1960 2717 ποιήσειν

382 2735 431 2786 εί
464 2733 752 2787 στασιάσαι
774 2732 836 2786 τὸ
858 2733 1083 2805 πλῆθος,
1106 2735 1310 2805 βιϐλίον
1340 2737 1475 2808 πρὸς
1495 2736 1718 2806 βασιλέα
1737 2737 1963 2808 διεπέμ-

380 2827 520 2895 ψατο
546 2827 588 2878 Τ
592 2828 724 2891 ἶτος,
779 2825 874 2879 καὶ
905 2826 1306 2899 διεμαρτύρατο
1341 2830 1636 2900 ἐφάμιλλον
1677 2831 1776 2902 μὲν
1820 2827 1961 2886 εἶναι

381 2911 460 2982 τῷ
495 2911 790 2984 Ἑλληνικῷ
822 2914 1014 2984 πλήθει
1063 2915 1125 2968 τὸ
1159 2917 1576 2988 Χριστιανικόνο
1632 2921 1860 2991 ἠρεμεῖν
1904 2922 1962 2975 δὲ

2050 453 2190 507 duas
2231 467 2565 509 numerosas
2607 451 2870 508 cohortes
2916 450 3218 517 distributi,
3245 469 3311 508 ex
3356 464 3629 525 praecepto

2051 543 2401 614 superiorum
2441 543 2777 614 principum,
2809 543 3066 614 Cyzicum
3103 557 3227 598 cum
3273 545 3537 601 uxoribus
3565 561 3629 599 ac

2050 635 2374 692 domesticis
2398 637 2745 700 incolebant,
2767 644 2973 692 certam
3006 637 3306 706 quotannis
3321 637 3488 706 201'
3503 653 3633 708 pen-

2051 727 2266 785 sionem
2321 729 2462 784 ﬁsco
2521 729 2858 795 inferentes;
2927 728 3004 783 illi
3043 736 3250 808 vestem
3310 729 3627 794 militarem,

2052 820 2107 874 Iri
2140 834 2399 876 nummos
2432 835 2627 875 recens
2656 834 2843 876 cusos.
2872 818 3006 874 Nam
3050 834 3177 874 cum
3208 819 3493 890 gentilium
3531 836 3631 876 su-

2051 908 2430 979 perstitionem
2464 909 2727 964 omnibus
2757 909 2938 965 modis
2973 909 3226 965 stabilire
3270 908 3628 976 instituisset,

2052 1014 2252 1069 cogere
2303 999 2524 1068 quidem
2560 1015 2626 1055 ac
2661 1001 2932 1072 supplicio
2979 1000 3197 1056 allicere
3240 1001 3492 1057 homines
3537 1005 3628 1073 qui

2051 1089 2368 1145 sacriﬁcare
2395 1090 2623 1158 nollent,
2645 1106 2874 1148 summa;
2897 1091 3282 1162 imprudentiae
3299 1107 3426 1149 esse
3447 1093 3631 1150 existi-

2052 1181 2242 1235 mavit.
2274 1179 2442 1251 Egre
2476 1181 2750 1251 siquidem
2783 1182 2840 1236 in
2883 1181 3118 1252 singulis
3149 1181 3469 1238 civitatibus
3516 1199 3633 1238 ma-

2050 1269 2316 1340 gistratus
2377 1285 2442 1326 ac
2488 1271 2705 1341 judices
2763 1286 2958 1327 eorum
3023 1286 3316 1327 numerum
3371 1272 3511 1328 inire
3569 1288 3634 1328 ac

2052 1360 2369 1417 describere
2431 1364 2765 1431 potuissent.
2827 1360 2934 1417 Sed
2990 1375 3170 1432 neque
3215 1377 3312 1418 eos
3358 1363 3414 1417 in
3457 1379 3630 1418 unum

2052 1451 2352 1508 convenire
2385 1460 2440 1506 et
2470 1467 2569 1522 pro
2601 1452 2836 1509 arbitrio
2870 1467 3060 1523 preces
3103 1451 3286 1509 facere
3325 1453 3628 1523 prohibuit.

2052 1541 2292 1600 Noverat
2335 1545 2536 1615 quippe
2577 1544 2686 1599 vim
2726 1558 2791 1599 ac
2829 1543 3214 1602 necessitatem
3247 1545 3324 1601 nil
3354 1546 3538 1602 valere
3577 1548 3632 1599 in

2054 1636 2124 1692 iis
2166 1637 2334 1692 rebus
2385 1652 2510 1707 quae
2564 1635 2738 1692 libera
2775 1636 3065 1693 voluntate
3123 1652 3266 1708 opus
3319 1636 3526 1692 habent
3574 1644 3635 1691 ut

2055 1729 2385 1786 consistant.
2415 1729 2665 1786 Clericos
2697 1744 2831 1785 vero
2857 1737 2913 1786 et
2939 1728 3315 1786 Ecclesiarum
3353 1730 3634 1785 antistites

2057 1819 2383 1876 civitatibus
2411 1819 2541 1890 ejici
2581 1821 2800 1875 curavit
2819 1839 2841 1876 ι
2876 1835 2935 1876 re
2964 1821 3084 1890 ipsa
3123 1820 3347 1890 quidem
3376 1821 3633 1884 studens,

2057 1919 2119 1965 ut
2166 1911 2402 1967 istorum
2461 1911 2713 1966 absentia
2767 1918 3075 1966 conventus
3125 1911 3303 1981 plebis
3355 1911 3633 1978 aboleret,

2056 2000 2188 2055 dum
2220 2016 2383 2056 nemo
2417 2009 2565 2057 esset
2595 2001 2688 2072 qui
2734 2016 2856 2056 eam
2888 2001 3175 2072 colligeret
3205 2016 3271 2056 ac
3302 2002 3548 2068 doceret,
3578 2015 3634 2059 ct

2042 2093 2150 2161 'qui
2212 2096 2560 2145 sacramenta
2624 2088 3065 2154 administraret,
3108 2089 3190 2143 ita
3239 2099 3298 2145 ut
3338 2105 3634 2163 progressu

2058 2183 2327 2253 temporis
2357 2182 2412 2236 in
2445 2180 2778 2237 oblivionem
2813 2181 3102 2251 religionis
3136 2196 3251 2237 sua:
3277 2182 3635 2252 prolaberen-

2059 2283 2169 2328 tur.
2205 2273 2442 2329 Causam
2491 2287 2624 2328 vero
2663 2271 2811 2326 hanc
2870 2271 3201 2340 przetexens,
3253 2274 3402 2343 quod
3445 2276 3633 2331 clerici

2059 2365 2440 2421 dissensiones
2493 2366 2549 2417 in
2605 2363 2808 2433 populo
2864 2365 3194 2424 excitarent.
3251 2367 3356 2420 hac
3412 2369 3631 2423 ratione

2061 2455 2344 2508 Eleusium
2392 2461 2810 2522 sectatoresque
2853 2453 2978 2522 ejus
3025 2454 3162 2510 urbe
3200 2454 3401 2526 Cyzico
3435 2460 3637 2530 exegit,

2060 2559 2186 2600 cmn
2227 2553 2412 2600 tamen
2442 2559 2546 2599 nec
2576 2543 2778 2601 seditio
2810 2545 2922 2598 ulla
2954 2545 3134 2611 ﬁeret,
3163 2561 3268 2601 nec
3302 2547 3484 2602 futura
3517 2565 3641 2605 esse

2061 2637 2402 2692 crederetur.
2457 2637 2762 2693 Bostrenos
2825 2652 3046 2707 quoque
3101 2638 3358 2695 hortatus
3411 2651 3523 2702 est,
3579 2649 3642 2695 ut

2064 2728 2249 2784 Titum
2292 2730 2414 2800 ejus
2461 2728 2568 2784 loci
2620 2728 2941 2799 episcopum
2988 2728 3097 2784 sub
3139 2729 3324 2800 elogio
3367 2731 3642 2800 praeconis

2064 2823 2352 2893 ejicerent.
2410 2820 2548 2876 Nam
2605 2835 2732 2875 cum
2799 2822 3042 2876 minatus
3095 2829 3244 2876 esset
3305 2822 3523 2891 culpam
3583 2838 3644 2877 se

2065 2931 2283 2973 omnem
2330 2913 2712 2985 coniecturum
2755 2914 2810 2968 in
2855 2915 3009 2968 illum
3040 2913 3180 2969 etin
3213 2913 3450 2968 clericos
3496 2913 3642 2984 ejus,

382 3001 558 3065 τοῦτο,
585 3005 678 3058 καὶ
704 3007 826 3069 ταῖς
858 3006 1024 3060 αὑτοῦ
1054 3009 1442 3078 παραινέσεσιν
1465 3011 1758 3082 ἀγόμενον,
1794 3014 1960 3085 μηδὲν

2065 3010 2113 3064 si
2166 3009 2321 3078 plebs
2373 3009 2704 3064 seditionem
2760 3015 3030 3071 moveret,
3061 3005 3222 3061 Titus
3274 3006 3524 3061 libellum
3575 3007 3643 3060 ad

384 3095 678 3158 στασιῶῖες
727 3097 946 3152 ἐννοεῖν.
1021 3097 1116 3151 Ἐκ
1162 3099 1418 3155 τοιούτων
1462 3101 1519 3155 δὲ
1567 3103 1829 3173 ῥημάτων
1880 3108 1959 3169 εἰς

384 3186 584 3256 ἔχθραν
633 3189 971 3260 καταστῆσαι
1021 3191 1098 3262 τῷ
1147 3192 1391 3264 δημοσίῳ
1447 3196 1540 3248 τὸν
1588 3198 1744 3250 Τίτον
1795 3216 1963 3252 κατα-

385 3278 688 3344 σκευάζων,
734 3279 964 3351 γράφων
996 3283 1320 3355 Βοστρηνοῖς
1360 3285 1605 3340 διέϐαλεν
1655 3291 1840 3352 αὐτὸν,
1889 3291 1964 3355 ώς

383 3373 689 3443 κατήγορον
715 3372 809 3426 τοῦ
839 3373 1076 3445 πλήθους
1115 3377 1497 3448 γεγενημένον’
1539 3375 1627 3433 οἷα
1658 3381 1720 3453 δὴ
1754 3382 1829 3453 μὴ
1858 3384 1965 3436 ἀπὸ

383 3462 610 3534 γνώμης
652 3465 878 3531 οίκείας,
920 3467 1009 3521 διὰ
1046 3467 1103 3520 δὲ
1145 3467 1244 3532 τὰς
1281 3469 1446 3524 αὑτοῦ
1495 3473 1849 3542 παραινέσεις
1890 3474 1965 3546 μὴ

387 3557 777 3622 στασιάζοντας
799 3575 815 3590 ·
844 3560 938 3613 καὶ
964 3559 1041 3622 ὼς
1076 3560 1312 3631 δυσμενῆ
1329 3561 1655 3614 ἀπελαύνειν
1688 3563 1847 3615 αὑτὸν
1867 3564 1964 3627 τῆς

386 3647 616 3714 πόλεως,
669 3650 904 3706 ἀνεκίνει
935 3652 1026 3704 τὸν
1070 3651 1258 3721 δῆμον.
1321 3652 1555 3708 Τοιαῦτα
1588 3653 1643 3706 δέ
1674 3653 1841 3707 πολλά
1872 3657 1966 3708 καὶ

387 3737 650 3809 ἀλλαχόσε
685 3740 956 3812 συμϐῆναι
993 3741 1170 3804 εἰκός·
1218 3742 1286 3796 τά
1317 3742 1437 3812 μὲν,
1472 3743 1609 3796 κατὰ
1639 3744 1966 3814 πρόσταγμα

388 3828 482 3883 τοῦ
514 3829 808 3900 βασιλέωςο
849 3831 920 3885 τὰ
959 3833 1036 3895 δὲ,
1091 3833 1150 3898 ἐξ
1183 3833 1353 3903 ὀργῆς
1382 3835 1475 3888 καὶ
1516 3835 1844 3905 προπετείας
1873 3835 1967 3906 δή-

393 3937 509 3990 μων
533 3937 548 3979 '.
581 3923 667 3992 ἐφ’
692 3919 773 3987 οἷς
806 3922 902 3976 καὶ
928 3923 1100 3987 οὕτως
1127 3923 1204 3993 τῷ
1232 3922 1522 3995 κρατοῦντι
1546 3925 1644 3996 τὴν
1680 3926 1856 3980 αἰτίαν
1882 3944 1966 3990 τις

389 4010 651 4083 ἀναθήσει
679 4013 787 4066 τῶν
831 4014 1209 4085 γεγενημένων
1231 4032 1243 4045 ·
1281 4013 1348 4066 ού
1375 4015 1484 4086 γάρ
1519 4016 1699 4086 ὑπῆγε
1742 4021 1854 4082 τοῖς
1883 4019 1968 4072 νό-

394 4120 518 4172 μοις
545 4105 669 4168 τοὺς
701 4098 804 4158 ὧδε
842 4106 1320 4176 παρανομοῦντας’
1371 4107 1506 4161 ἀλλὰ
1541 4108 1686 4179 μίσει
1713 4108 1790 4180 τῷ
1831 4109 1967 4182 πρὸς

391 4198 494 4268 τὴν
551 4197 882 4269 θρησκείαν,
939 4198 1245 4270 μέμφεσθαι
1304 4198 1480 4268 λόγοις
1539 4200 1731 4266 δοκῶν,
1786 4203 1968 4274 ἔργοις

393 4289 768 4360 προύτρέπετο
805 4292 932 4354 τοὺς
959 4290 1027 4344 τά
1057 4290 1282 4343 τοιαῦτα
1315 4289 1561 4360 δρῶντας
1584 4308 1598 4322 °
1631 4293 1752 4347 ὅθεν
1776 4297 1871 4347 καὶ
1894 4295 1966 4364 μὴ

2069 3102 2374 3171 principem
2410 3100 2598 3165 misit,
2645 3105 2992 3167 testatusque
3026 3106 3112 3152 est
3139 3097 3489 3152 Christianos
3526 3097 3644 3167 ple-

2070 3194 2194 3248 bem
2225 3191 2511 3263 gentilium
2537 3204 2772 3244 numero
2793 3187 3084 3256 adaequare
3107 3206 3120 3243 :
3141 3187 3430 3257 quiescere
3458 3196 3644 3240 tamen

2071 3287 2196 3340 illos
2229 3293 2284 3340 et
2333 3282 2816 3339 cohortationibus
2855 3281 2972 3335 suis
3018 3279 3466 3350 obtemperantes
3509 3279 3645 3333 nihil

2072 3378 2394 3432 seditiosum
2442 3375 2647 3428 moliri.
2674 3373 2755 3427 Ex
2789 3372 2992 3444 quibus
3036 3372 3223 3428 verbis
3271 3371 3458 3426 Titum
3503 3373 3647 3442 plchi

2073 3468 2311 3523 invisum
2359 3465 2594 3520 reddere
2644 3465 2875 3534 cupiens
2930 3465 3258 3532 imperator,
3311 3463 3365 3516 itt
3413 3464 3649 3532 epistola

2073 3572 2238 3626 quam
2271 3555 2495 3623 scripsit
2523 3552 2830 3616 Bostreuis,
2856 3567 2982 3606 eum
3011 3551 3354 3607 insimulavit
3382 3559 3648 3620 tanquam

2072 3648 2533 3705 calumniatorem
2577 3644 2857 3710 civitatis,
2901 3643 3051 3714 quod
3101 3643 3317 3698 dixerat
3366 3643 3490 3697 illos
3539 3659 3649 3698 non

2073 3758 2173 3797 sua
2205 3747 2422 3810 sponte,
2454 3739 2550 3795 sed
2578 3737 2756 3808 ipsius
2785 3737 3005 3791 hortatu
3034 3751 3065 3791 a
3091 3735 3462 3792 seditionibus
3489 3735 3654 3791 absti-

2075 3846 2226 3892 nere,
2254 3829 2580 3901 plebemque
2607 3827 2860 3882 incitavit
2888 3834 2946 3881 ttt
2967 3826 3120 3880 illum
3146 3830 3408 3895 tanquam
3437 3825 3650 3878 hostem

2075 3923 2358 3992 publicum
2407 3934 2438 3975 e
2487 3918 2711 3973 civitate
2761 3932 2862 3972 sua
2915 3916 3276 3986 expellerent.
3322 3911 3651 3980 Huiusmodi

2077 4014 2250 4069 multa
2303 4011 2436 4066 alibi
2491 4023 2713 4080 quoque
2763 4007 3068 4075 contigisse
3130 4018 3264 4059 vero
3317 4001 3499 4056 simile
3542 4011 3652 4067 est,

2076 4103 2274 4174 partim
2324 4117 2388 4156 ex
2424 4098 2774 4169 imperatoris
2812 4095 3090 4157 mandato,
3123 4092 3321 4162 partim
3350 4089 3555 4160 ithpctu
3585 4104 3650 4143 ac

2075 4195 2388 4249 temeritate
2447 4189 2616 4259 vulgi.
2666 4187 2909 4254 Quorum
2970 4183 3217 4239 omnium
3260 4181 3477 4252 culpam
3535 4195 3652 4234 me-

2078 4289 2186 4342 rito
2231 4285 2359 4356 quis
2405 4279 2726 4352 imperatori
2771 4276 3116 4346 ascripserit.
3171 4273 3362 4344 Neque
3405 4271 3551 4328 enim
3583 4286 3652 4326 ex

393 4378 679 4442 διώκοντος
702 4381 891 4446 αὑτοῦ,
942 4381 1081 4435 κατὰ
1110 4381 1292 4446 πόλεις
1315 4383 1408 4436 καὶ
1445 4381 1636 4453 κώμας
1664 4363 1902 4454 ἔφευγον
1923 4363 1962 4438 ol

2078 4385 2256 4453 legum
2301 4376 2624 4449 praescripto
2665 4369 3056 4428 animadvertit
3087 4370 3142 4426 in
3183 4382 3282 4425 eos
3323 4367 3419 4438 qui
3459 4363 3654 4434 hujus-

1595 4541 1864 4597 VALESII
1896 4533 2452 4598 ANNOTATIONES.

466 4695 547 4770 (ὅ)
576 4695 779 4770 Σχολλῇ
806 4695 914 4764 τὰρ
945 4695 1022 4750 ἂν
1050 4698 1371 4770 τοσούτων.
1409 4695 1772 4770 §crlhendttm
1835 4709 1967 4770 puto
2006 4735 2011 4740 -

397 4765 602 4820 τούτων
639 4768 818 4834 potius
869 4781 1034 4837 quam
1065 4767 1356 4823 τοσούτων.
1406 4768 1667 4826 Eumdein
1725 4765 1969 4825 errorem

399 4837 656 4904 superius
696 4837 900 4891 notavi.

472 4905 549 4978 (ᾖ)
588 4907 684 4972 Ὠς
710 4905 945 4977 ἀνάγκη
971 4907 1134 4962 ποτέ.
1162 4907 1450 4963 Assentior
1472 4907 1973 4978 Christophorsouo

399 4985 456 5030 ct
483 4975 710 5048 savilio,
736 4975 1180 5048 qui—particulam
1215 4980 1539 5048 negativam
1576 4975 1830 5048 supplent
1870 4981 1975 5032 hoc

402 5046 588 5120 modo,
618 5047 694 5110 ὡς
715 5047 820 5120 οὐκ
846 5046 1057 5120 ἀνάγκη
1091 5047 1250 5120 ποτέ.
1295 5046 1474 5120 Ἀιῳιο
1530 5047 1607 5102 ita
1641 5046 1770 5120 legit
1822 5048 1979 5104 Nice-

403 5116 610 5186 phorus
633 5125 686 5171 et
715 5116 1055 5186 Epiphanius
1084 5116 1484 5173 Scholastic‘us.

476 5185 551 5256 (5)
587 5185 996 5258 Σκεπτόμενος
1031 5187 1117 5242 δέ.
1153 5187 1537 5258 δοτίὺοηάυιῃ,
1565 5189 1757 5258 procul
1812 5188 1979 5242 dubio

402 5255 916 5327 εδῐγσκηπτόμενος,
959 5257 1419 5327 quemadmodum
1477 5255 1716 5327 Savilius
1767 5259 1821 5312 in
1878 5273 1980 5312 suo

403 5326 596 5380 codice
612 5325 616 5326 ⁷
632 5325 1289 5398 ειηειιᾱαιροιξῡὶειίηευὶι
1314 5328 1458 5383 enim
1486 5326 1822 5384 Sozomenus
1845 5344 1982 5398 prze-

405 5402 614 5466 textum
644 5411 754 5466 quo
778 5396 1034 5452 utebatur
1063 5396 1315 5453 Julianus
1345 5398 1398 5451 in
1436 5398 1705 5466 pellendis
1739 5413 1805 5453 ex
1846 5396 1981 5452 urbe

407 5463 646 5537 clericis,
663 5463 694 5519 ἐι
713 5482 838 5522 vera
858 5481 1032 5537 causa
1048 5482 1170 5537 quae
1191 5467 1342 5521 illum
1368 5463 1511 5537 ad'rid
1528 5467 1844 5537 iaciendum
1867 5470 1981 5536 pcl-

408 5532 574 5607 l_ebat.
603 5534 668 5607 Et
696 5550 879 5591 veram
910 5532 1129 5607 quidem
1159 5551 1380 5591 causam
1411 5536 1486 5590 ait
1518 5536 1709 5601 fuisse,
1740 5544 1796 5590 ut
1824 5532 1979 5606 plebs

409 5601 807 5675 doctoribus-ac
818 5601 1198 5662 sacerdotibus
1213 5607 1756 5675 destituta,paulatim
1778 5601 1983 5661 iu'ohli-

409 5673 628 5731 vionem
657 5676 934 5745 religionis
957 5692 1068 5732 sua:
1093 5675 1458 5731 delaberetur.
1491 5673 1814 5733 Plat-textum
1851 5693 1979 5732 vero

745 5737 1010 5830 hinc...
1054 5770 1151 5830 Gn
1211 5769 1434 5829 LXVII.

2074 4701 2221 4755 hunc
2251 4697 2420 4752 fuisse
2444 4693 2602 4759 dicit,
2633 4690 2776 4762 quod
2811 4686 3228 4762 clericiplebctn
3263 4685 3328 4762 ad
3355 4684 3655 4762 seditiones

2073 4772 2353 4825 concitare
2398 4765 2542 4820 soliti
2579 4755 2785 4818 essent.
2824 4759 2948 4813 Haec
3003 4755 3127 4812 ideo
3167 4755 3346 4809 fusius
3398 4758 3652 4825 exposui.

2076 4843 2207 4912 quia
2233 4841 2561 4906 interpretes
2589 4835 2642 4888 in
2671 4831 2835 4912 hujus
2863 4827 3241 4912 Iocli‘ycrs‘iorte
3273 4826 3431 4895 longe
3451 4841 3493 4912 Aa
3527 4841 3655 4912 vrere:

2078 4894 2428 4968 aberrarunt,
2493 4919 2556 4958 ac
2614 4894 2888 4973 praecipue
2934 4894 3490 4973 Christophorsonus.
3549 4894 3654 4973 Sed

2079 4966 2258 5050 neque
2282 4966 2633 5050 Nicephorus:
2655 4966 2837 5050 veram
2868 4967 3178 5050 hujus.loci
3211 4966 3497 5050 lectionem
3535 4967 3654 5017 ani-

2083 5036 2374 5106 madvertit
2408 5036 2430 5100 ε’
2456 5043 2675 5097 σκοπῶν
2722 5042 2866 5095 enim
2907 5038 3091 5108 posuit
3128 5051 3229 5108 pro
3267 5036 3654 5108 σκεπτόμενος.

2083 5120 2356 5189 lnterpres
2381 5127 2560 5169 tamen
2597 5111 2884 5189 Nicepltori
2903 5107 3093 5189 verum
3116 5107 3279 5177 hujus
3309 5107 3410 5189 loci
3434 5120 3657 5189 sensum

2085 5176 2348 5245 odoratus
2369 5194 2453 5241 est
2484 5203 2497 5238 :
2537 5192 2591 5238 et
2617 5176 2762 5254 quod
2787 5179 3126 5254 Nicephorus
3157 5176 3266 5233 non
3293 5176 3522 5240 viderat,
3543 5176 3659 5242 ipse

2086 5256 2533 5332 interpretatione
2574 5251 3002 5332 suasupplevit.
3199 5317 3236 5332 Δ,
3315 5311 3626 5332 ,μμ--.ηε

2159 5318 2248 5395 (6)’
2266 5324 2651 5395 Βοστρηνοὺς
2679 5322 2764 5377 δέ.
2783 5318 2924 5395 “rec
2952 5318 3274 5375 constitutio
3299 5318 3660 5395 imperatoris

2088 5385 2291 5455 Iuliani
2349 5385 2791 5465 aijostrenses
2848 5385 3458 5465 missa.e1_tstat__hodie
3517 5385 3661 5465 inter

2090 5451 2377 5540 l'I-pi'stolas
2419 5464 2649 5540 Iuliani,
2690 5479 2842 5519 num.
2893 5459 3128 5540 52,__u_bi
3188 5451 3662 5540 {tilia-nusgverlta

2089 5527 2206 5612 ip'sa
2235 5527 2643 5612 refertquibus
2666 5549 2801 5612 usus
2834 5540 2953 5586 crat
2979 5527 3152 5610 .Titus
3207 5527 3518 5578 Bostrensis
3544 5527 3664 5591 cpt-

2090 5599 2293 5680 s'copus
2327 5608 2382 5663 in
2411 5599 2589 5664 libello
2616 5606 2680 5660 ad
2716 5605 2892 5673 ipsum
2921 5599 3110 5654 misso.

3114 5751 3187 5811 40
