4040 6216
427 262 565 316 19.59

1870 254 2212 312 SOZOMENI

3554 259 3696 315 121ἶο

427 378 573 433 modi
617 375 861 431 facinora
894 384 1090 430 contra
1125 373 1273 444 leges
1304 349 1713 428 commisissent
1743 390 1756 428 ε
1789 371 1884 429 sed
1912 388 1997 443 prt

2114 374 2448 446 Χριστιανοί.
2511 375 2726 446 Ταύτης
2753 373 2809 428 δὲ
2837 373 2938 443 τῆς
2983 373 3160 445 φυγῆς
3199 374 3462 446 μετέσχον
3504 371 3694 430 πολλοὶ

425 467 557 524 ndio
598 483 712 539 quo
745 467 1064 536 religionem
1097 472 1352 520 .nostram
1388 465 1849 535 prosequebatur,
1882 480 2006 519 ver-

426 560 513 616 bis
565 559 786 629 quidem
841 556 1245 626 reprehendere
1298 556 1592 612 videbatur
1624 570 1724 611 eos
1766 555 1860 626 qui
1901 555 2003 610 ista

426 650 711 713 fecerant,
744 647 910 702 rebus
952 655 1134 703 tamen
1182 647 1320 718 ipsis
1356 662 1453 703 eos
1499 647 1787 702 incitabat.
1820 645 2005 716 Itaque

425 744 552 798 licet
580 742 670 795 ille
701 741 878 810 palam
906 755 1014 794 non
1044 749 1495 810 persequeretur,
1527 755 1625 809 per
1645 739 1797 793 vicos
1819 747 2001 792 tamen

423 845 477 888 et
531 832 782 886 civitates
833 831 1046 900 passim
1103 829 1409 885 Christiani
1473 829 1777 898 fugiebant.
1833 827 2003 897 tiujus

426 927 564 996 fuga:
590 932 704 977 tum
749 923 841 976 alii
877 939 941 976 ex
980 921 1287 991 majoribus
1320 921 1460 976 meis
1488 928 1782 975 consortes
1827 917 2000 986 fuere,

425 1029 537 1074 tmn
593 1031 729 1070 avus
785 1032 960 1070 lllCllS.
1015 1014 1150 1069 Nam
1207 1029 1331 1070 cum
1389 1022 1544 1084 patre
1595 1011 1782 1084 gentili
1838 1018 2002 1065 natus

421 1115 588 1173 esset,
625 1108 743 1176 ipse
786 1117 967 1160 tamen
1009 1122 1132 1162 cum
1174 1106 1433 1162 universa
1473 1105 1660 1168 domo,
1703 1117 2004 1172 omnesque

422 1197 587 1252 simul
621 1197 714 1266 qui
756 1198 916 1266 202
949 1212 1014 1251 ex
1053 1204 1214 1266 gente
1257 1205 1411 1250 erant
1459 1190 1807 1264 Alapbionis,
1840 1190 2000 1260 primi

422 1290 583 1345 ﬁdem
613 1289 822 1344 Christi
865 1297 1239 1358 susceperunt
1274 1287 1532 1343 llethelia:
1553 1328 1568 1351 ,
1599 1284 1693 1354 qui
1722 1283 1876 1338 vicus
1917 1290 2004 1337 est

421 1384 762 1446 Cazteorum,
792 1381 1087 1435 almndans
1123 1381 1431 1436 incolarum
1469 1376 1843 1439 multitudine,
1867 1384 2004 1428 tem-

421 1473 626 1543 plaque
645 1472 808 1526 habet
829 1481 946 1524 tum
965 1471 1038 1524 ob
1057 1477 1407 1532 vetustatem,
1421 1479 1534 1522 tum
1555 1467 1626 1522 ob
1645 1475 2000 1531 structuram,

421 1564 695 1634 indigenis
755 1561 1104 1628 veneranda;
1163 1561 1447 1631 praecipue
1505 1575 1638 1614 vero
1696 1557 2002 1623 Pantheon,

421 1655 547 1708 colli
583 1654 801 1708 cuidam
836 1669 1000 1707 manu
1034 1652 1203 1717 facto,
1242 1653 1391 1708 velut
1419 1651 1557 1717 arci,
1583 1652 1922 1723 impositum.
1951 1659 2005 1707 et

422 1761 587 1816 supra
653 1747 968 1800 universum
1036 1759 1231 1816 pagunt
1297 1745 1663 1815 undequaque
1725 1744 1996 1800 eminens.

426 1836 576 1892 l.‘nde
602 1838 768 1892 etiam
798 1837 942 1891 hunc
975 1837 1157 1891 locum
1189 1850 1390 1890 nomen
1425 1835 1708 1905 accepisse
1737 1835 1995 1904 conjicio,

419 1938 474 1981 t-t
525 1943 592 1982 ex
653 1927 918 1996 Syrorum
974 1927 1165 1996 lingua
1223 1927 1278 1980 in
1329 1925 1577 1981 Graecam
1633 1939 1995 1989 conversum,

419 2021 644 2071 deorum
695 2015 1036 2072 domicilium
1081 2015 1270 2070 vocari
1319 2015 1391 2072 ob
1440 2015 1576 2070 illud
1619 2014 1806 2069 fanum
1857 2015 1997 2068 Pan-

421 2111 609 2163 theon.
644 2107 818 2162 Porro
868 2105 1110 2161 familias
1162 2120 1356 2162 eorum
1389 2121 1532 2176 quos
1567 2121 1733 2176 supra
1768 2104 1904 2172 dixi,
1929 2106 1994 2159 ad

418 2199 786 2254 Christianam
827 2197 1149 2268 religionem
1197 2211 1499 2253 conversas
1537 2210 1664 2252 esse
1710 2195 1997 2266 perhibent

418 2293 486 2344 ah
543 2287 826 2344 llilarione
877 2287 1172 2342 monacho.
1214 2283 1354 2341 Nam
1402 2300 1528 2342 cum
1580 2285 1854 2356 Alaphion
1905 2285 1997 2341 ille

421 2381 689 2434 ιιςυιηοιιὶο
747 2384 1081 2444 vexaretur,
1140 2376 1338 2449 pagani
1395 2376 1624 2449 quidam
1677 2385 1734 2433 et
1786 2374 1994 2441 Judaei,

421 2471 844 2525 incantamentis
897 2477 951 2524 et
1013 2470 1244 2540 magicis
1314 2468 1646 2540 quibusdam
1707 2468 1995 2523 maleliciis

419 2562 633 2618 diutius
676 2561 786 2628 usi,
830 2561 966 2616 nihil
1020 2560 1394 2631 profecerunt.
1429 2559 1538 2616 Sed
1583 2573 1708 2614 cum
1753 2557 1995 2613 Hilarion

420 2656 540 2709 ~olo
588 2652 680 2708 Dei
729 2653 953 2708 nomine
1005 2652 1262 2709 invocato
1307 2652 1607 2708 daemonem
1662 2651 1996 2722 expulisset,

423 2749 497 2801 illi
539 2746 607 2801 ad
635 2745 1004 2802 Christianam
1035 2746 1356 2817 religionem
1386 2760 1448 2802 se
1473 2744 1904 2800 transtulerunt.
1933 2743 2000 2798 Et

420 2855 556 2894 avus
574 2836 794 2906 quidem
816 2855 970 2894 meus
992 2839 1047 2893 in
1067 2837 1406 2910 exponendis
1427 2837 1606 2894 sacris
1623 2835 1997 2891 voluminibus

2105 465 2215 518 τῶν
2239 465 2390 535 έμῶν
2431 467 2730 536 προγόνων,
2785 467 2877 520 καὶ
2929 468 2958 518 ὁ
3006 465 3137 536 ἐμὸς
3171 467 3412 530 πάππος.
3483 468 3692 523 Καθάτι

2104 557 2308 628 πατρὸς
2345 558 2601 626 Ἕλληνος
2641 557 2746 621 ὢν,
2779 558 2942 621 αὐτός
2984 575 3044 610 τε
3076 558 3292 610 πανοικὶ
3345 558 3440 612 καὶ
3485 561 3535 611 οἱ
3580 561 3693 613 ἀπὸ

2107 649 2200 703 τοῦ
2230 654 2422 717 γένους
2461 649 2809 717 Ἀλαφίωνος,
2847 649 3160 718 Χριστιανοὶ
3195 648 3400 719 πρῶτοι
3438 650 3688 717 ἐγένοντο

2105 743 2162 794 ὲν
2213 740 2444 811 Βηθελίᾳ
2490 738 2652 811 κώμῃ
2694 739 2926 810 Γαζαίᾳ,
2971 737 3382 810 πολυανθρώπῳ
3416 753 3478 793 τε
3519 740 3682 812 οὔσῃ,

2106 832 2198 884 καὶ
2220 830 2338 904 ίερά
2359 830 2560 903 ἐχούσῃ
2583 829 2900 902 ἀρχαιότητι
2923 833 3016 883 καὶ
3037 833 3349 902 κατασκευῇ
3374 832 3549 901 σεμνὰ
3572 835 3686 896 τοῖς

2105 921 2448 975 κατοικοῦσιο
2480 922 2575 975 καὶ
2620 921 2857 991 μάλιστα
2885 920 2947 973 τὸ
2989 921 3246 985 Πάνθεον,
3290 922 3367 984 ὡς
3392 924 3485 975 ἐπὶ
3512 925 3686 996 ἀκρο-

2107 1009 2315 1072 πόλεως
2338 1011 2719 1081 χειροποιήτου
2743 1010 2889 1074 τινος
2921 1009 3087 1078 λόφου
3118 1009 3390 1078 κείμενον.
3422 1013 3516 1064 καὶ
3547 1030 3659 1065 παν

2103 1101 2331 1171 ταχόθεν
2359 1101 2540 1172 πάσης
2560 1104 2658 1171 τῆς
2685 1101 2880 1172 κώμης
2909 1101 3192 1171 ὑπερέχον.
3215 1102 3513 1171 Συμῦάλλω
3541 1104 3596 1158 δὲ
3621 1106 3690 1158 τὸ

2105 1195 2301 1263 χωρίον
2347 1193 2498 1245 ἔνθεν
2547 1193 2732 1262 λαχεῖν
2770 1194 2869 1262 τὴν
2901 1192 3298 1264 προσηγορίαν,
3354 1193 3448 1246 καὶ
3487 1195 3551 1247 ὲκ
3583 1195 3687 1265 τῆς

2106 1284 2290 1356 Σύρων
2321 1285 2502 1353 φωνῆς
2523 1287 2602 1347 εις
2624 1285 2723 1354 τήν
2757 1284 3024 1354 Ἑλλήνων
3057 1284 3512 1354 ἑρμηνευόμενον,
3530 1286 3689 1340 Θεῶν

2103 1377 2416 1446 οἰκητήριον
2450 1375 2829 1444 ὀνομάζεσθαι,
2873 1373 2965 1428 διὰ
2999 1374 3093 1427 τὸν
3136 1375 3232 1428 τοῦ
3257 1375 3494 1429 Πανθέου
3531 1379 3685 1430 ναόν.

2104 1467 2333 1535 Λέγεται
2362 1466 2417 1519 δὲ
2448 1464 2872 1537 Χριστιανισμοῦ
2897 1465 3069 1530 αῐτιος
3102 1465 3353 1533 γενέσθαι
3390 1468 3502 1529 τοῖς
3553 1467 3690 1520 τού-

2105 1574 2213 1610 των
2282 1556 2449 1619 οἴκοις
2485 1556 2726 1627 Ὶλαρίων
2763 1556 2794 1608 ὁ
2841 1555 3107 1625 μοναχός·
3168 1555 3524 1625 δαιμονῶντας
3572 1559 3692 1628 γὰρ

2119 1647 2446 1715 Ἀλαφίωνος
2472 1646 2684 1712 τούτου,
2715 1646 2807 1699 ἐπὶ
2837 1645 2972 1698 πολύ
3008 1662 3156 1710 τινες
3184 1646 3260 1715 (7)
3295 1647 3552 1716 ’Έλληνες
3586 1650 3691 1702 καὶ

2031 1721 2075 1777 Β
2116 1737 2380 1802 Ἰουδαῖοι,
2410 1738 2643 1809 ἐπῳδαῖς
2679 1738 2773 1792 καὶ
2802 1737 3147 1809 περιεργίαις
3176 1739 3286 1791 τισὶ
3315 1741 3687 1811 χρησάμενοι,

2099 1828 2248 1881 οὐδὲν
2276 1829 2464 1900 ἤνυον·
2511 1829 2539 1882 ὁ
2569 1828 2646 1890 δὲ,
2681 1828 2840 1899 μόνον
2873 1828 2935 1882 τὺ
2961 1828 3055 1882 τοῦ
3095 1827 3332 1900 Χριστοῦ
3361 1831 3531 1902 δνομα
3558 1834 3690 1885 ὲπι-

2097 1920 2456 1992 ϐοησὰμενος,
2487 1921 2547 1974 τὸ
2572 1921 2848 1992 δαιμόνιον
2873 1920 3170 1991 ἀπήλασεν,
3195 1924 3274 1987 είς
3297 1923 3392 1992 τὴν
3417 1925 3690 1995 Χριστια-

2097 2013 2204 2067 νῶν
2230 2012 2309 2083 (8)
2352 2012 2720 2083 μετεδάλοντο
2766 2012 3080 2084 θρησκείαν.
3138 2014 3408 2082 Διέπρεπε
3433 2016 3488 2069 δὲ
3519 2017 3551 2068 ὁ
3582 2018 3692 2087 μὲν

2097 2101 2228 2172 ἐμὸς
2249 2101 2472 2165 πάππος
2493 2103 2551 2156 ὲν
2570 2104 2692 2166 ταῖς
2713 2102 3006 2173 ἐξηγήσεσι
3027 2102 3136 2156 τῶν
3151 2104 3313 2175 ἱερῶν
3327 2105 3578 2176 Γραφῶν,
3593 2108 3690 2159 εύ-

2097 2193 2238 2263 φυής
2256 2210 2314 2246 τε
2336 2191 2432 2257 ὢν,
2451 2193 2545 2246 καὶ
2563 2186 2674 2257 οἷος
2688 2193 2890 2262 γνῶναι
2913 2192 2994 2246 δεῖ
3009 2192 3084 2263 (9)
3101 2209 3116 2223 ·
3140 2197 3234 2247 καὶ
3253 2197 3393 2249 κατά
3408 2197 3563 2264 λόγον
3586 2215 3688 2269 με-

2095 2284 2260 2354 τρίως
2276 2284 2532 2354 ἠγμένος,
2553 2285 2628 2348 ὼς
2648 2285 2744 2338 καὶ
2763 2284 3131 2356 ἀριθμητικῆς
3156 2286 3232 2358 μή
3266 2282 3407 2341 εἶναι
3428 2288 3683 2360 ἄμοιρος.

2100 2374 2263 2428 Ὅθεν
2293 2376 2689 2448 κεχαρισμένος
2714 2378 2794 2441 εἰς
2827 2377 2968 2446 ἄγαν
2999 2377 3261 2448 ἐτύγχανε
3298 2382 3410 2444 τοῖς
3447 2381 3554 2434 ἀνὰ
3577 2382 3686 2452 τὴν

2110 2467 2422 2520 Ἀσκάλωνα
2453 2469 2549 2520 καὶ
2576 2467 2776 2533 Γάζαν,
2828 2469 2923 2522 καὶ
2956 2472 3069 2533 τοῖς
3101 2471 3261 2542 πέριξ
3303 2473 3681 2542 Χριστιανοῑς·

2097 2559 2172 2622 ὡς
2211 2559 2660 2630 ἀναγκαίωςμθ)
2699 2563 2766 2632 τῇ
2801 2560 3090 2634 θρησκείᾳ,
3137 2563 3231 2616 καὶ
3279 2564 3348 2618 τὰ
3397 2565 3685 2635 ἀμφίϐολα

2096 2649 2208 2703 τῶν
2270 2651 2430 2722 ίερῶν
2463 2652 2694 2723 Γραφῶν
2735 2653 2992 2725 εὐμαρῶς
3015 2655 3273 2710 διαλύειν.
3339 2657 3460 2709 Τῶν
3487 2658 3544 2710 δὲ
3570 2658 3684 2710 ἀπὸ

2096 2741 2191 2794 τοῦ
2218 2743 2409 2814 ἑτέρου
2438 2744 2628 2813 γένους
2649 2746 2785 2817 (Η),
2835 2745 2997 2817 σχολῇ
3033 2749 3085 2815 γ’
3127 2748 3191 2801 ἄν
3235 2765 3321 2812 τις
3349 2749 3448 2820 τὴν
3474 2750 3681 2820 ἀρετήν

2096 2833 2446 2905 διηγήσαιτο·
2476 2837 2682 2906 πρῶτοι
2719 2837 2828 2909 γὰρ
2854 2831 3000 2892 οὗτοι
3030 2839 3219 2894 ἐνθάδε
3251 2842 3550 2911 ἐκκλησίας
3579 2844 3678 2895 καὶ

418 2928 699 2988 οιιιοοΙΙυὶι.
722 2943 848 2982 cum
874 2935 1019 2984 esset
1046 2926 1283 2998 eleganti
1318 2926 1537 2995 ingenio
1559 2931 1614 2979 et
1631 2921 1996 2993 intelligentia

2100 2925 2438 2997 μοναστήρια
2476 2927 2891 2998 συνεστήσαντο,
2945 2929 3038 2982 καὶ
3064 2930 3355 3001 σεμνότητι
3403 2932 3498 2985 καὶ
3523 2932 3677 3000 φιλο-

417 3020 622 3070 valcrct
651 3019 718 3070 ad
747 3033 810 3071 ea
847 3033 970 3086 quae
999 3019 1143 3072 scire
1171 3023 1392 3086 Oportet
1436 3012 1846 3085 cognoscenda.
1869 3011 1997 3064 Erat

2098 3015 2339 3088 φροσύνη
2387 3017 2550 3082 ξένων
2600 3020 2695 3072 καὶ
2738 3018 3008 3089 δεομένων
3055 3022 3491 3092 συνεκόσμησαν.
3579 3023 3678 3077 Ἐκ

421 3116 678 3176 ριοειειριοει
729 3107 1038 3174 disciplinis
1067 3105 1422 3161 mediocriter
1453 3102 1728 3169 eruditus,
1763 3101 1899 3155 adeo
1932 3111 1993 3155 ut

2097 3108 2300 3179 ταύτης
2329 3109 2386 3162 δὲ
2413 3110 2514 3180 τῆς
2543 3112 2736 3179 γενεᾶς
2799 3110 2962 3183 μέχρι
2994 3112 3088 3165 καὶ
3115 3114 3194 3176 εἰς
3229 3115 3377 3184 ἡμᾶς
3407 3114 3678 3184 περιῆσαν

420 3202 640 3266 ignarus
672 3213 779 3252 non
811 3205 958 3252 esset
1017 3195 1401 3250 arithmeticae.
1435 3195 1622 3263 Itaque
1653 3192 1988 3248 Christianis

2102 3195 2296 3266 ἄνδρες
2318 3197 2530 3265 ἀγαθοὶ,
2571 3195 2652 3264 οἷς
2677 3200 2776 3272 ήδη
2812 3200 3146 3269 πρεσϐύταις
3175 3203 3295 3266 νέος
3321 3202 3400 3257 ὢν
3457 3221 3674 3273 συνεγε-

413 3287 736 3345 Ascalonem
767 3297 822 3342 et
843 3285 1044 3341 Gazam
1084 3295 1141 3341 et
1189 3285 1421 3339 ﬁnitima
1451 3285 1570 3340 loca
1617 3283 1984 3338 incolentibus

2097 3285 2281 3356 νόμην.
2303 3287 2462 3341 Ἀλλά
2490 3288 2597 3344 τῶν
2629 3291 2749 3362 μὲν,
2791 3290 3021 3362 ὕστερον
3050 3294 3452 3365 ἐπιμνησθῆναι
3477 3296 3580 3351 δεῖ.

416 3382 710 3440 admodum
733 3383 938 3440 cbarus
962 3382 1362 3454 fuil,tanqttam
1385 3381 1539 3436 utilis
1596 3395 1660 3436 ac
1713 3381 2068 3439 necessarius
2107 3387 2476 3460 religioni,fct
2517 3388 2610 3456 qui
2651 3405 2936 3449 sacrorum
2988 3394 3324 3448 voluminum
3375 3395 3549 3448 nudos
3591 3390 3674 3445 fa-

415 3477 617 3532 t‘illime
644 3477 987 3533 dissolveret.
1015 3475 1222 3530 Eorum
1253 3488 1386 3530 vero
1409 3476 1503 3545 qui
1535 3489 1600 3530 ex
1632 3473 1804 3529 altera
1829 3483 1985 3530 erant
2025 3474 2258 3545 familia,
2293 3479 2549 3536 virtutem
2585 3483 2674 3536 vix
2710 3483 2856 3540 ullus
2927 3485 3102 3554 possit
3139 3499 3434 3555 exponere.
3505 3483 3672 3541 Primi

413 3570 561 3624 enim
608 3569 873 3624 ecclesias
908 3568 1022 3622 illic
1059 3575 1115 3623 et
1152 3568 1488 3624 monasteria
1522 3565 1918 3634 condiderunt,
1941 3574 1996 3622 et
2033 3570 2330 3628 sanctitate
2395 3571 2520 3627 vitae
2564 3579 2730 3644 atque
2793 3574 3138 3632 humanitate
3180 3590 3309 3646 erga
3355 3574 3672 3644 peregrinos

413 3668 468 3714 ct
503 3673 771 3729 pauperes
803 3673 865 3712 ea
893 3665 1255 3712 exornarunt.
1284 3654 1363 3710 Ex
1384 3671 1448 3712 ea
1489 3672 1652 3727 porro
1694 3663 1856 3725 gente
1879 3655 1982 3711 viri
2023 3657 2249 3727 quidam
2288 3659 2420 3716 boni
2453 3663 2519 3717 ad
2549 3671 2799 3718 nostram
2868 3679 3044 3733 usque
3073 3671 3285 3718 aetatem
3348 3663 3673 3732 auperstite’i

414 3753 703 3815 vixerunt;
735 3749 1064 3820 quibuscum
1097 3752 1210 3820 jam
1275 3756 1437 3804 aetate
1477 3751 1753 3820 provectis
1793 3750 1912 3821 ipse
1977 3750 2269 3808 admodum
2327 3755 2653 3812 adolescens
2696 3765 2951 3814 versatus
3005 3773 3152 3814 sum.
3230 3757 3428 3813 Verum
3470 3756 3540 3812 de
3585 3756 3670 3819 his

411 3839 698 3901 aliquanto
727 3844 852 3909 post
885 3838 1229 3893 mentionem:
1245 3836 1362 3892 ﬁeri
1394 3839 1705 3893 conveniet.

1041 3927 1194 3984 CAP.
1231 3926 1371 3984 XVI.
1599 3925 1604 3931 ’

2681 3933 2934 3988 mean.
2971 3936 3087 4001 ις’.

415 4021 490 4077 De
514 4021 690 4095 studio
724 4020 956 4095 ιιιιιὶαιιὶΔ
976 4019 1032 4095 in
1059 4016 1379 4095 stabilienda
1399 4015 1697 4095 gentilium
1736 4016 1984 4095 religione

2097 4023 2231 4095 Περὶ
2268 4021 2376 4089 τῆς
2404 4023 2719 4095 ,σπουδῆς
2742 4022 2824 4092 ἣν
2861 4021 2988 4095 εἶχε
3041 4026 3349 4095 συστῆσαι
3379 4027 3488 4082 τὸν
3530 4029 3670 4084 Ἐλ-

479 4103 528 4146 cl
564 4089 872 4164 Christiana
920 4087 1023 4164 ﬁde
1058 4088 1353 4164 abolenda;
1392 4086 1518 4140 item
1562 4086 1786 4164 ep_i_s_tola
1823 4102 1981 4157 quant

2157 4086 2480 4164 Jnrttrjtor.
2512 4086 2831 4164 ἁχρέἰῷσᾲι
2861 4086 3035 4150 δέ’τὰ
3067 4086 3321 4164 ἡμέτερα
3345 4114 3360 4128 ο
3415 4101 3512 4151 καὶ
3544 4101 3669 4152 ἐπι-

481 4162 690 4228 scripsit
723 4159 791 4212 ad
823 4157 1098 4230 quemdam
1128 4157 1454 4213 sacerdotem
1488 4157 1785 4228 gentilium.

2155 4157 2388 4285 2:011;
2379 4161 2459 4229 ἦν
2488 4157 2603 4217 τριέὶ
2635 4162 2753 4217 τῶν
2787 4157 3200 4233 ἘΜηνισῖῶν
3222 4157 3548 4236 ἀρχιερέων
3563 4169 3667 4224 ἀπ-

2233 4247 2314 4284 τει
2387 4249 2445 4285 ν.

483 4321 783 4388 Imperator
816 4335 972 4388 vero,
1025 4317 1121 4390 qui
1153 4317 1478 4389 jampridem
1510 4317 1561 4372 id
1587 4315 1825 4372 maxime
1859 4325 1979 4370 stu-

2170 4322 2229 4375 Ὀ
2271 4323 2329 4376 δὲ
2360 4323 2610 4394 βασιλεὺς
2641 4325 2808 4379 πάλαι
2838 4325 3154 4391 σπουδάζων
3183 4326 3272 4380 τὸν
3312 4326 3667 4401 Ἐλληνισμὺν

409 4411 570 4467 debat
594 4421 654 4465 ut
679 4411 970 4482 gentilium
993 4411 1187 4482 religio
1210 4425 1308 4482 per
1332 4411 1647 4466 universum
1671 4408 1982 4466 Romanum

2097 4417 2311 4486 κρατεῖν
2345 4418 2487 4472 κατὰ
2525 4417 2706 4471 πᾶσαν
2743 4416 2842 4488 τὴν
2871 4417 3133 4487 ὑπήκοον,
3181 4419 3430 4490 χαλεπῶς
3477 4419 3662 4493 ἔφερε,

1614 4520 1887 4578 VALESII
1924 4522 2473 4584 ANNOTATIONES.

478 4615 556 4686 (7)
595 4615 907 4674 Ἐπὶπολύ
935 4632 1116 4688 τινες.
1151 4614 1223 4671 llt
1263 4625 1372 4688 tota
1430 4613 1692 4688 periodus
1719 4614 1890 4688 _inter
1927 4630 1986 4668 se

2097 4617 2380 4688 Scriptura:
2413 4620 2580 4674 utilis.
2906 4633 2910 4638 ·

405 4682 706 4758 cohaereat,
748 4687 1111 4758 supplendum
1147 4686 1372 4758 omnino
1401 4682 1485 4740 est
1510 4682 1830 4738 adverbium
1878 4685 1981 4738 hoc

2104 4757 2109 4758 7
2161 4682 2270 4758 (Η)
2310 4689 2432 4744 Τῶν
2461 4690 2529 4743 δὲ
2557 4690 2672 4744 ἀπὸ
2703 4689 2808 4743 τοῦ
2849 4689 3055 4756 ἐτέρου
3090 4689 3324 4758 γένους.
3374 4687 3656 4746 Familiam

407 4756 803 4830 ιιιοιιο,έπειδῇ
833 4756 1062 4830 gramm
1088 4772 1232 4830 τινες
1254 4755 1532 4830 Έλληνες,
1553 4761 1659 4806 etc.
1717 4821 1730 4830 _
1908 4829 1913 4830 7
2087 4755 2405 4830 élaphionis
2431 4760 2704 4830 intelligit,
2739 4758 2832 4828 qui
2860 4755 3040 4830 frater:
3072 4755 3243 4815 fuisse
3288 4759 3510 4830 7vid7etur
3571 4765 3658 4816 avi

478 4827 553 4894 (8)
590 4829 692 4902 Eii;
721 4821 834 4892 τῆν
869 4824 1257 4902 Χριστιανῶνς.
1289 4821 1577 4902 {luteulta-c
1619 4821 1781 4902 verba
1817 4829 1982 4902 aste-

2097 4821 2404 4902 Sozomeni.
2436 4829 2487 4882 id
2514 4821 2979 4902 est'propatruus
3011 4828 3320 4884 Sozomeni.
3371 4827 3484 4902 lloc
3509 4835 3656 4886 enim

408 4891 609 4972 riscnm
632 4897 695 4972 _iu
734 4891 838 4972 suo
864 4891 1053 4972 codice
1087 4895 1269 4972 posuit
1296 4893 1554 4959 Savilius,
1578 4899 1638 4972 ut
1663 4891 1865 4972 aliquid
1893 4893 1980 4972 hic
2087 4897 2208 4972 l_oco
2240 4897 2578 4972 Sozomenus
2608 4891 2842 4972 majores
2891 4915 3023 4953 suos
3053 4903 3322 4972 recenset,
3357 4891 3452 4968 qui
3513 4903 3656 4970 apud

404 4965 599 5038 deesse
632 4966 800 5038 lector
826 4961 1172 5038 intelligeret.
1201 4962 1380 5038 Locus
1412 4972 1592 5038 tamen
1627 4961 1727 5038 ιεξνί
1761 4963 1978 5038 negotio
2087 4967 2308 5038 Campos
2364 4968 2563 5037 pietate
2615 4961 3016 5038 excelluerunt,
3069 4977 3123 5023 et
3171 4969 3224 5023 in
3274 4961 3659 5038 persecutione

406 5035 480 5108 ita
517 5034 757 5108 suppleri
784 5041 980 5108 potest,
1004 5029 1055 5089 si
1092 5034 1254 5104 paulo
1278 5040 1404 5090 ante
1433 5035 1629 5106 legeris
1662 5030 1768 5086 hoc
1793 5029 1975 5097 modo,
2086 5038 2174 5108 illa
2196 5029 2396 5108 Julian'i
2417 5054 2493 5108 ex
2524 5039 2697 5106 patria
2720 5053 2814 5092 sua
2847 5029 3048 5108 fugere
3075 5039 3248 5092 coacti
3274 5029 3441 5094 'sunl.
3478 5029 3655 5096 Verba

400 5103 1035 5180 dt;_}&9_6artp0v&yr_tac,_
1058 5113 1164 5160 etc.
1206 5172 1244 5180 __
1357 5170 1398 5180 _
1425 5149 1454 5180 ,_
1490 5103 1509 5106 ⁷
1531 5173 1543 5180 7
1802 5177 1811 5180 7

2097 5107 2367 5180 Sozomeni
2389 5103 2690 5180 ⁸Ιιξιξιιξειιηι
2707 5125 2732 5180 3
2764 5103 2980 5180 Ταύτης
3031 5107 3087 5160 δὲ
3121 5110 3226 5180 τῆςΔ
3266 5111 3442 5180 φυγῆς
3522 5129 3652 5180 μετ-

475 5169 813 5258 (92.1’νῶὧιᾳι
859 5173 966 5229 δεῖ.
1119 5172 1314 5258 codice
1357 5170 1659 5258 Fnkctiano
1709 5177 1970 5258 scriptum

2097 5179 2256 5258 ἰσχονΔ
2285 5177 2470 5230 πολλοὶ
2494 5177 2771 5258 τῶνέμῶν
2811 5169 3115 5258 προγόνων,
3146 5169 3239 5257 καὶ
3343 5169 3474 5247 itii};
3508 5169 3653 5234 πάττε

403 5241 611 5316 est“).
643 5245 785 5316 quod
811 5314 822 5316 7
841 5242 1276 5316 nondisplitzet,
1330 5244 1374 5299 si
1409 5247 1480 5298 ita
1522 5241 1835 5316 scribamus"
1861 5241 1972 5310 οἷος
2075 5241 2194 5310 ποξ.
2229 5249 2303 5300 Ac
2329 5261 2523 5301 nomen
2549 5241 2766 5316 quidem
2785 5241 2869 5300 avi
2900 5241 2983 5300 siti
3017 5246 3240 5300 reticuit
3263 5241 3647 5303 Soznmenns:

402 5313 630 5388 γνῶναι,
661 5313 785 5388 ’καὶ
805 5314 867 5384 δὴ
900 5314 994 5368 καὶ
1043 5313 1184 5368 κατά
1218 5313 1377 5388 λόγον
1426 5315 1659 5388 μετρίως
1680 5387 1688 5388 7
1710 5317 1969 5388 ἠγμένος.

2097 5317 2428 5386 llaphioncm
2460 5313 2603 5388 vero
2638 5332 2760 5371 cum
2813 5316 3056 5371 nominet
3103 5325 3178 5388 et7
3216 5317 3335 5387 ejus
3377 5327 3647 5386 posteros,

2077 5385 2245 5440 ιιιιιιιιι
2280 5402 2344 5442 ex
2396 5385 2697 5453 majoribus
2749 5388 2922 5456 ipsius
2947 5402 3072 5440 eum
3107 5385 3278 5443 fuisse
3312 5385 3644 5455 colligimus.

2077 5469 2328 5528 magnum
2355 5455 2563 5528 scilicet
2602 5455 2879 5528 patruum.
2922 5456 3158 5528 Possunt
3183 5465 3364 5528 tamen
3399 5458 3514 5512 hzec
3545 5458 3644 5512 So-

2077 5527 2286 5598 zomeni
2312 5528 2476 5580 verba
2514 5527 2580 5580 de
2619 5531 2869 5598 materno
2910 5527 3030 5592 ejus
3049 5542 3249 5598 genere
3281 5527 3532 5598 intelligi,
3589 5538 3646 5580 ut

2078 5597 2308 5666 Alaphio
2347 5605 2628 5652 maternus
2659 5596 2778 5665 ejus
2812 5610 2947 5649 avus
2971 5597 3264 5651 exstiterit.

405 5384 580 5454 Atque
612 5387 684 5439 ita
721 5385 1085 5454 quomcnum
1125 5385 1414 5454 scripsisse
1448 5384 1552 5438 non
1598 5384 1812 5442 dubito.

474 5451 587 5526 (Ἰθ)
628 5457 726 5521 Ὠς
758 5451 1115 5526 ἀναγκαίως.
1144 5451 1331 5526 Scribe
1355 5525 1358 5526 7
1379 5467 1496 5508 meo
1535 5457 1778 5526 periculo
1804 5457 1972 5525 ἀναγ-

401 5523 579 5594 καῖος,
602 5527 1060 5594 quemadmodum
1108 5525 1238 5594 legit
1269 5523 1605 5594 Epiphanius
1663 5523 1970 5580 Scholasti-

401 5592 644 5664 cus.7Sic
688 5597 832 5649 enim
888 5599 1048 5649 vertit
1075 5592 1221 5648 hunc
1273 5592 1474 5648 locum.
1522 5595 1797 5664 Tanquam
1843 5597 1970 5650 reli-

399 5662 540 5726 gioni
572 5666 914 5732 necessarius,
935 5677 983 5720 ct
1015 5665 1084 5718 att
1112 5665 1383 5720 solvendas
1403 5662 1755 5720 dubitatidnea
1780 5668 1971 5720 dieitur
1993 5684 2012 5699 '
