4040 6216
345 283 479 343 1261
1263 277 1584 336 HISTORIA
1624 278 1922 336 ECCLESI.

2025 279 2184 337 I‘ICA.
2229 311 2292 322 —
2332 280 2464 336 LIB.
2501 279 2564 335 V.
3449 275 3587 331 ηδε

342 392 913 468 παρευδοκιμούμενσν
970 389 1112 462 ὁρῶν
1176 389 1281 442 ὑπὸ
1315 390 1411 443 τοῦ
1457 390 1909 462 Χριστιανισμοῦ.

2025 393 2303 462 imperium
2354 394 2694 464 praevaleret,
2738 408 2861 449 eam
2900 408 2928 448 a
2967 394 3403 456 Christianorum
3449 401 3589 455 reli-

338 490 482 546 Ναοὶ
505 487 605 558 μὲν
629 488 738 558 γὰρ
775 483 1125 554 ἀνεῴγεισαν,
1149 482 1242 535 καὶ
1267 483 1469 546 θυσίαι,
1503 483 1601 537 καὶ
1640 484 1910 554 Ἑλλήνων

2025 483 2186 552 gione
2232 484 2389 554 longe
2423 485 2671 553 superari
2715 486 2973 552 cernens,
3005 486 3196 555 iniquo
3227 490 3414 544 animo
3433 491 3586 546 tulit.

341 579 559 649 πάτριοι
582 576 768 648 ἑορταὶ
795 573 904 628 τῶν
924 573 1156 638 πόλεων,
1185 573 1330 627 κατά
1351 572 1578 645 γνώμην
1607 573 1755 645 αύτῷ
1785 592 1915 646 προ-

337 669 539 740 χωρεῖν
593 665 832 720 ἐδόκουν.
920 663 1135 718 Ἠνιὸὴο
1191 660 1250 715 δὲ
1298 662 1682 733 λογιζόμενος,
1735 663 1811 726 ὼς
1866 665 1916 716 εί

339 754 652 829 γυμνωθείη
691 754 864 808 ταῦτα
893 752 992 824 τῆς
1043 751 1208 806 αὐτοῦ
1254 752 1512 822 σπουδῆς,
1554 753 1776 822 ταχεῖαν
1805 751 1916 816 ἕξει

342 849 440 920 τὴν
475 844 796 916 μεταϐολήν.
859 845 972 914 Οὐχ
1007 845 1210 914 ἥκιστα
1239 844 1297 898 δὲ
1335 844 1553 914 ῆχθετο,
1584 843 1678 896 καὶ
1705 841 1916 896 πολλῶν

340 938 540 1010 ἱερέων
567 934 969 1006 Χριστιανίζειν
999 935 1214 989 ἀκούων
1242 934 1342 997 τὰς
1376 932 1623 1002 γαμετὰς
1665 935 1761 986 καὶ
1789 933 1916 995 τοὺς

343 1031 560 1096 παῖδας,
608 1029 702 1081 καὶ
744 1028 872 1090 τοὺς
909 1026 1146 1091 οἰκέτας.
1192 1023 1512 1079 ’Υπολαϐὼν
1557 1024 1615 1078 δὲ
1657 1022 1748 1077 τὸν
1781 1024 1916 1094 Χρι-

343 1119 660 1190 στιανισμδν
696 1119 795 1190 τὴν
834 1117 1096 1173 σύστασιν
1124 1117 1269 1188 ἔχειν
1300 1119 1365 1170 ὲκ
1403 1115 1500 1170 τοῦ
1531 1116 1646 1187 βίου
1690 1115 1788 1170 καὶ
1817 1115 1915 1186 τῆς

339 1207 617 1271 πολιτείας
653 1205 764 1259 τῶν
791 1207 953 1260 αὑτὸν
1004 1206 1298 1276 μετιόντων
1318 1244 1333 1269 ,
1378 1205 1632 1258 διενοεῖτο
1660 1205 1913 1276 πανταχῆ

344 1299 472 1362 τοὺς
522 1298 867 1369 Ἑλληνικοὺς
894 1299 1056 1363 ναοὺς
1107 1301 1173 1369 τῇ
1204 1299 1524 1370 παρασκευῇ
1539 1296 1632 1350 καὶ
1663 1298 1729 1367 τῇ
1766 1295 1916 1361 τάξει

342 1392 440 1460 τῆς
483 1387 824 1460 Χριστιανῶν
858 1387 1155 1460 θρησκείας
1192 1387 1541 1456 διακοσμεῖν⁹
1598 1384 1806 1456 βήμασι
1855 1402 1914 1438 τε

341 1481 437 1534 καὶ
462 1479 794 1550 προεδρίαις,
835 1480 928 1533 καὶ
968 1478 1294 1550 Ἑλληνικῶν
1323 1477 1608 1548 δογμάτων
1642 1477 1738 1531 καὶ
1776 1493 1915 1547 παρ-

344 1572 604 1625 αινέσεων
633 1570 974 1635 διδασκάλοις
1007 1586 1066 1624 τε
1100 1571 1197 1624 καὶ
1228 1565 1623 1638 ἀναγνώστας,
1670 1567 1828 1640 ὡρῶν
1855 1582 1916 1621 τε

341 1663 524 1736 ,ῥητῶν
554 1661 651 1716 καὶ
678 1661 899 1734 ἡμερῶν
945 1660 1305 1732 τεταγμέναις
1341 1659 1550 1730 εὐχαῖς,
1595 1674 1916 1729 φτροντιστη-

2023 572 2156 628 Nam
2185 575 2383 645 templa
2401 575 2623 644 quidem
2651 575 2879 630 deorum
2902 577 3191 645 patebant,
3214 587 3270 632 et
3293 580 3588 648 sacriﬁcia,

2024 664 2258 736 festique
2299 667 2582 736 gentilium
2623 667 2764 734 dies,
2796 668 3046 737 ritusque
3083 667 3357 738 majorum
3387 670 3440 723 in
3470 670 3586 724 sin—

2019 758 2163 826 gulis
2193 757 2515 814 civitatibus
2542 773 2612 814 ex
2641 767 2768 813 voto
2809 759 3076 830 principis
3105 759 3408 828 procedere
3432 760 3589 815 vide-

2021 847 2240 902 bantur.
2285 846 2513 904 Dolebat
2563 841 2770 916 tamen,
2813 865 2938 906 cum
2991 849 3136 920 apud
3179 865 3240 906 se
3287 859 3590 920 reputaret,

2022 937 2173 994 brevi
2232 938 2337 1026 ista
2390 941 2779 996 commutanda
2831 957 2977 1006 esse,
3023 943 3069 998 si
3122 957 3255 997 cura
3305 943 3480 1012 ipsius
3521 957 3592 1000 ac

2022 1028 2401 1086 sollicitudine
2431 1029 2888 1087 destituerentur.
2921 1031 3234 1102 Angebatur
3259 1038 3442 1085 autem
3475 1045 3589 1085 non

2021 1119 2395 1188 mediocriter,
2417 1121 2779 1177 cumaudiret
2801 1123 2961 1192 203
2985 1121 3281 1177 multorum
3305 1120 3592 1178 ﬂaminum

2023 1223 2224 1265 uxores
2247 1223 2312 1264 ac
2333 1209 2538 1266 liberos
2555 1218 2612 1266 et
2633 1209 2866 1268 famulos
2883 1210 3254 1268 Christianam
3273 1211 3590 1281 religionem

2021 1300 2287 1370 proﬁteri.
2322 1300 2572 1371 Cumque
2619 1301 2964 1358 existimaret
2992 1302 3433 1358 Christianorum
3459 1303 3594 1357 reli-

2022 1390 2238 1457 gionem
2267 1404 2335 1443 ex
2365 1390 2475 1442 vita
2500 1397 2554 1442 et
2587 1390 2837 1446 moribus
2870 1405 3062 1446 eorum
3094 1391 3189 1460 qui
3215 1391 3372 1446 illam
3409 1399 3590 1448 secta-

2023 1486 2245 1544 rentur,
2300 1479 2537 1534 maxime
2591 1481 2996 1548 commendarit,
3045 1482 3332 1552 gentilium
3391 1484 3592 1554 templa

2023 1557 2285 1640 apparatu
2333 1579 2499 1641 atque
2537 1571 2730 1626 ordine
2763 1571 3099 1628 Christianis
3146 1572 3351 1628 usitato
3389 1587 3595 1629 ornare

2022 1661 2312 1717 constituit
2341 1678 2355 1715 :
2386 1661 2648 1733 gradibus
2692 1670 2955 1732 praeterea
2987 1677 3052 1718 ac
3093 1662 3252 1732 primi
3295 1678 3594 1720 consessus

347 1758 483 1829 ρίοις
532 1772 592 1809 τε
624 1755 833 1826 ἀνδρῶν
879 1754 977 1808 καὶ
1014 1753 1288 1823 γυναικῶν
1328 1752 1635 1823 φιλοσοφεῖν
1682 1751 1922 1821 ἐγνωκό-

2025 1752 2418 1823 praerogativa;
2451 1752 2745 1823 gentilium
2778 1753 2916 1808 item
2951 1752 3268 1824 dogmatum
3299 1761 3354 1809 et
3395 1754 3599 1810 ethor-

345 1866 476 1914 των,
521 1849 616 1902 καὶ
647 1846 1018 1916 καταγωγίοις
1057 1845 1225 1914 ξένων
1263 1845 1356 1899 καὶ
1405 1843 1659 1914 πτωχῶν,
1711 1842 1809 1897 καὶ
1852 1845 1918 1914 τῇ

348 1940 486 2014 ἄλλῃ
512 1943 578 2012 τῇ
602 1939 730 2009 περὶ
756 1939 881 2003 τοὺς
896 1937 1186 2008 δεομένους
1207 1934 1582 2006 φιλανθρωπίᾳ
1635 1933 1696 1987 τὸ
1733 1932 1921 2003 Ἐλληο

344 2031 496 2086 νικὺν
536 2030 711 2100 δόγμα
746 2028 1036 2098 σεμνῦναι,
1098 2024 1361 2080 ἑκουσίων
1411 2041 1469 2078 τε
1509 2024 1605 2078 καὶ
1653 2023 1922 2078 ἀκουσίων

347 2120 761 2192 ἁμαρτημάτων
799 2118 937 2172 κατὰ
980 2117 1078 2188 τὴν
1108 2116 1217 2170 τῶν
1248 2113 1592 2187 Χριστιανῶν
1621 2115 1921 2186 παράδοσιν

348 2212 416 2264 ὲκ
445 2209 804 2281 μεταμελείας
836 2207 1148 2279 σύμμετρον
1178 2206 1336 2270 τάξαι
1369 2204 1766 2278 σωφρονισμόν.
1811 2204 1923 2276 Οὐχ

316 2293 548 2374 ’ἥκιστα
580 2302 637 2356 δὲ
678 2301 915 2373 ζηλῶσαι
965 2300 1184 2368 λέγεται
1228 2297 1296 2352 τά
1341 2299 1658 2370 συνθήματα
1681 2297 1791 2368 (12)
1812 2296 1923 2351 τῶν

349 2395 723 2449 ἐπισκοπικῶν
768 2393 1140 2466 γραμμάτων,
1183 2385 1266 2456 οἷς
1310 2390 1432 2456 ἔθος
1475 2387 1769 2462 ἀμοιϐαδὸν
1793 2388 1924 2451 τοὺς

347 2487 533 2553 ξένους
561 2488 682 2542 ὅποι
713 2486 912 2558 δήποτε
930 2486 1186 2551 διιόντας,
1215 2484 1310 2540 καὶ
1336 2482 1466 2554 παρ’
1493 2475 1576 2546 οἷς
1599 2477 1666 2534 ἀν
1693 2478 1926 2550 ἀφίκων-

348 2595 461 2648 ται,
495 2579 713 2642 πάντως
754 2577 1091 2648 κατάγεσθαι
1131 2577 1229 2632 καὶ
1274 2573 1570 2648 θεραπείας
1621 2571 1924 2638 ἀξιοῦσθαι,
1967 2607 1970 2614 -

341 2667 438 2727 οἷά
479 2687 544 2740 γε
591 2669 898 2742 γνωρίμους
927 2671 1021 2725 καὶ
1067 2670 1374 2739 φιλτάτους,
1405 2666 1494 2720 διὰ
1519 2666 1617 2738 τὴν
1644 2665 1740 2720 τοῦ
1787 2681 1926 2734 συμ-

338 2761 507 2813 ⁴θόλου
569 2759 898 2832 μαρτυρίαν.
957 2758 1144 2813 Ταῦτα
1189 2756 1584 2826 διανοούμενος,
1624 2751 1924 2818 ἐσπούδαζε

348 2851 476 2914 τοὺς
512 2849 859 2920 Ἑλληνιστάς
895 2849 1239 2920 προσεθίζειν
1291 2849 1404 2910 τοῖς
1435 2845 1543 2899 τῶν
1583 2843 1926 2916 Χριστιανῶν

348 2941 796 3013 ἐπιτηδεύμασιν.
835 2942 972 2995 Ἀλλ’
1003 2941 1190 3012 ἐπειδὴ
1218 2942 1329 3004 τοῖς
1359 2938 1570 3000 πολλοῖς
1595 2936 1727 3000 ἴσως
1764 2937 1924 2990 ἀπεί-

2019 1844 2290 1900 tationum
2334 1844 2659 1903 doctoribus
2712 1853 2878 1916 atque
2929 1847 3276 1916 lectoribus;
3311 1854 3591 1902 certorum

2021 1950 2244 2007 quoque
2295 1936 2509 1992 dierum
2549 1945 2714 2007 atque
2747 1936 3014 1992 horarum
3055 1937 3281 1994 statutis
3318 1939 3598 2007 precatio--

2023 2027 2187 2082 nibus
2211 2043 2227 2092 ;
2262 2026 2617 2083 monasteriis
2638 2035 2903 2097 praetcrea
2931 2028 3172 2084 virorum
3206 2042 3271 2083 ac
3299 2028 3598 2084 mulierum

2023 2115 2400 2187 philosophari
2447 2117 2819 2186 cupientium;
2856 2118 3216 2176 xenodoelaiis
3253 2118 3496 2190 denique
3541 2129 3600 2175 et

2026 2206 2493 2277 ptochotrophiis,
2535 2214 2591 2263 et
2631 2208 2787 2263 omni
2820 2209 3032 2279 reliqua
3071 2223 3210 2280 erga
3249 2224 3452 2281 egenos
3499 2210 3602 2264 hu-

2021 2298 2292 2354 manitate
2339 2298 2665 2370 religionem
2703 2300 2992 2370 gentilium
3034 2300 3332 2357 illustrare.
3361 2301 3443 2357 Ad
3483 2302 3601 2357 hac

2018 2388 2264 2458 peccatis
2287 2403 2410 2460 quae
2425 2389 2508 2445 vel
2530 2396 2728 2459 sponte
2745 2389 2830 2446 vel
2846 2391 2916 2446 ab
2938 2391 3128 2448 invitis
3143 2393 3600 2460 committuntur,

2019 2479 2176 2550 juxta
2208 2494 2416 2535 morem
2455 2481 2900 2537 Christianorum
2925 2497 3230 2554 congruam
3264 2486 3604 2556 poenitentia:

2017 2572 2464 2628 emendationem
2513 2571 2779 2629 adhibere
2812 2573 3152 2630 decreverat.
3184 2573 3293 2630 Sed
3328 2576 3603 2646 praecipue

2024 2671 2185 2718 notas
2217 2677 2284 2718 ac
2313 2673 2552 2720 tesseras
2579 2665 2978 2735 episcopalium
3016 2666 3326 2722 litterarum
3360 2666 3602 2722 admira~

2018 2762 2118 2812 tus
2166 2769 2290 2811 esse
2337 2755 2577 2823 dicitur,
2625 2757 2830 2827 quibus
2887 2756 3069 2813 solent
3121 2757 3440 2828 peregrinos
3494 2757 3602 2814 sibi

2028 2845 2260 2901 invicem
2296 2843 2726 2913 commendare;
2765 2851 2824 2900 ut
2868 2846 3146 2902 undelibet
3193 2847 3498 2913 venientes,
3533 2848 3601 2904 ad

2025 2954 2389 3010 quoscunque
2419 2939 2786 3001 accesserint,
2811 2945 3074 3008 tanquam
3101 2937 3218 2992 noti
3244 2945 3410 3007 atque
3438 2938 3600 2992 amiot

343 3031 515 3085 θανον
557 3025 697 3083 εἶναι
725 3030 885 3084 τοῦτο
937 3029 1102 3094 δοκεῖ,
1162 3029 1263 3082 οὐκ
1303 3027 1524 3083 ἄλλοθεν
1556 3027 1590 3096 ἢ
1621 3026 1715 3080 ἀπ’
1745 3026 1922 3082 αὐτῶν

2028 3031 2379 3102 excipiantur
2407 3029 2658 3102 hospitio
2689 3039 2745 3086 et
2781 3030 3017 3100 benigne
3043 3038 3311 3086 curentur
3334 3029 3409 3085 ob
3449 3029 3604 3084 testi-

353 3120 464 3173 τῶν
487 3119 581 3174 τοῦ
613 3120 874 3190 βασιλέως
895 3121 1154 3192 ῥημάτων
1184 3117 1494 3190 παρέξομαι
1514 3115 1612 3188 τὴν
1641 3116 1750 3171 τῶν
1777 3118 1927 3188 είρη-

351 3211 532 3282 μένων
556 3211 845 3277 ἀπόδειξιν.
870 3213 1076 3282 Γράφει
1099 3212 1156 3265 δὲ
1181 3206 1282 3266 ὧδε
1300 3211 1432 3280 (15)·

352 3304 748 3360 assuefaceret.
818 3305 925 3359 Sed
967 3305 1227 3373 quoniam
1265 3302 1413 3359 istud
1459 3301 1741 3373 plerisque
1782 3302 2106 3361 incredibile
2158 3305 2399 3361 fortasse
2454 3304 2770 3367 videbitur,

2035 3124 2282 3179 monium
2308 3123 2580 3193 ejusmodi
2615 3131 2780 3179 notae.
2814 3122 2941 3178 llaec
2969 3139 3096 3177 cum
3141 3125 3324 3178 animo
3350 3125 3602 3194 agitaret,

2033 3228 2256 3284 operam
2293 3213 2456 3268 dabat
2489 3221 2550 3267 ut
2592 3213 2822 3283 gentiles
2855 3211 3293 3268 Christianorum
3339 3213 3607 3267 institutis

2857 3318 2967 3358 non
3018 3301 3242 3358 aliunde
3292 3318 3457 3373 quam
3537 3317 3603 3357 cx

351 3399 604 3472 ipsismet
655 3400 1008 3468 imperatoris
1058 3399 1240 3454 verbis
1277 3398 1443 3469 hujus
1493 3398 1571 3453 rei
1621 3397 1904 3453 veritatem
1944 3400 2333 3471 comprobabo.
2365 3397 2459 3454 Sic
2480 3399 2624 3454 enim
2649 3398 2888 3455 scribit:

687 3493 970 3560 Ἀρσακίῳ
997 3491 1258 3562 ἀρχιερεῖ
1279 3495 1602 3560 Γαλατίας.

433 3583 783 3654 Ἑλληνισμὸς
803 3582 955 3636 οὔπω
981 3583 1209 3654 πράττει
1233 3583 1372 3637 κατὰ
1390 3583 1566 3652 λόγον,
1589 3586 1745 3656 ήμῶν
1760 3586 1926 3638 ’ἑνεκα

350 3674 462 3728 τῶν
506 3672 798 3743 μετιόντων
841 3672 1026 3729 αὐτόν.
1084 3672 1165 3726 Τὰ
1198 3673 1308 3744 γὰρ
1349 3673 1459 3728 τῶν
1500 3674 1638 3730 θεῶν
1698 3675 1928 3746 λαμπρά

350 3765 447 3821 καὶ
481 3764 723 3836 μεγάλα,
784 3766 1070 3836 κρείττονα
1101 3764 1281 3835 πάσης
1326 3766 1422 3835 μὲν
1447 3755 1636 3837 εὐχῆς,
1664 3765 1842 3836 πάσης
1870 3767 1928 3820 δὲ

350 3855 584 3918 ἐλπίδος.
611 3856 796 3919 Ἶλεως
819 3855 876 3908 δὲ
901 3855 1040 3908 ἔστω
1063 3857 1175 3918 τοῖς
1202 3855 1382 3924 λόγοις
1403 3856 1562 3928 ἡμῶν
1589 3857 1923 3929 Ἀδράστεια.

350 3945 466 4016 Τὴν
495 3944 604 4015 γὰρ
628 3945 688 3997 ὲν
725 3944 889 4016 ὀλίγῳ
916 3944 1185 4014 τοσαύτην
1219 3947 1315 4000 καὶ
1338 3947 1672 4019 τηλικαύτην
1699 3949 1930 4020 μεταϐο-

349 4034 452 4106 λὴν
480 4035 602 4088 οὐδὲ
633 4033 892 4098 εὖξασθαί
945 4052 1030 4100 τις
1071 4034 1238 4106 ὀλίγῳ
1277 4037 1540 4108 πρότερον
1580 4039 1804 4109 ἐτόλμα.
1862 4040 1928 4094 Τί

346 4125 446 4184 οὖν
467 4131 630 4200 ἡμεῖς
652 4127 878 4198 οίόμεθα
900 4127 1072 4182 ταῦτα
1103 4129 1326 4199 ἀρκεῖν;
1375 4128 1498 4182 οὐδὲ
1526 4129 1924 4202 ἀποϐλέπομεν,

345 4219 384 4274 ὃ
415 4220 650 4291 μάλιστα
677 4218 787 4290 (14)
807 4219 906 4290 τὴν
939 4217 1207 4288 ἀθεότητα
1238 4212 1568 4291 συνηύξησεν
1594 4222 1628 4293 ἡ
1650 4223 1777 4294 περὶ
1803 4221 1929 4286 τοὺς

353 4310 538 4378 ξένους
571 4309 970 4381 φιλανθρωπία,
1020 4311 1116 4364 καὶ
1150 4311 1183 4381 ἡ
1216 4311 1344 4380 περὶ
1371 4311 1470 4375 τὰς
1498 4312 1676 4381 ταφὰς
1703 4313 1812 4365 τῶν
1841 4329 1929 4366 νε·-

353 4401 506 4474 κρῶν
534 4399 864 4470 προμήθεια,
904 4401 998 4454 καὶ
1028 4401 1064 4472 ἡ
1097 4401 1454 4473 πεπλασμένη
1487 4403 1754 4473 σεμνότης
1785 4402 1928 4456 κατὰ

2412 3494 2634 3548 Arsacia
2670 3491 2934 3548 sacerdoti
2973 3489 3222 3549 Caiatia.

2106 3583 2320 3654 Religio
2344 3583 2635 3654 gentilium
2681 3581 2924 3636 nondum
2954 3597 3023 3637 ex
3052 3581 3221 3635 animi
3263 3581 3442 3636 nostri
3484 3595 3608 3636 sen-

2036 3675 2205 3732 tentia
2252 3673 2432 3744 viget,
2476 3673 2640 3743 culpa
2684 3687 2872 3728 eorum
2917 3671 3012 3742 qui
3061 3671 3212 3726 illam
3259 3669 3608 3741 proﬁtentur.

2036 3767 2170 3821 Nam
2203 3781 2268 3822 ea
2296 3766 2516 3837 quidem
2547 3781 2672 3836 qua:
2701 3767 2767 3822 ad
2813 3767 2949 3823 deos
2990 3765 3303 3836 pertinent,
3344 3765 3608 3834 praeclara

2037 3864 2167 3912 sunt
2209 3862 2374 3926 atque
2430 3856 2719 3928 magnifica
2740 3897 2754 3918 .
2787 3857 3046 3928 omnique
3073 3865 3199 3912 voto
3223 3870 3288 3911 ac
3316 3871 3414 3926 spe
3439 3855 3611 3924 majo-

2037 3963 2122 4004 ra.
2147 3949 2325 4019 Atque
2352 3947 2406 4002 id
2435 3962 2570 4018 pace
2594 3947 2844 4005 Nemesis
2871 3947 3078 4006 dictum
3109 3949 3200 4004 sit.
3237 3946 3422 4002 Talem
3460 3945 3606 4000 enim

2037 4056 2102 4096 ac
2131 4049 2336 4096 tantam
2361 4042 2561 4110 exiguo
2603 4041 2873 4111 temporis
2917 4041 3094 4110 spatio
3137 4037 3496 4096 mutationem
3539 4051 3609 4091 no

2037 4139 2227 4203 optare
2252 4131 2475 4201 quidem
2501 4131 2794 4201 quisquam
2831 4130 2993 4199 paulo
3024 4136 3152 4184 ante
3177 4126 3434 4182 audebat.
3465 4125 3606 4195 Quid

2036 4218 2210 4286 ergo?
2239 4226 2573 4287 putamusne
2600 4233 2705 4272 nos
2733 4218 2838 4273 ista
2883 4215 3178 4272 sufﬁcere?
3217 4214 3326 4272 Nec
3365 4215 3605 4271 attendi-

2035 4322 2154 4362 mus
2199 4307 2333 4375 quid
2383 4306 2826 4363 Christianorum
2878 4306 3203 4376 religionem
3259 4305 3604 4376 potissimum

2030 4398 2284 4465 auxerit;
2315 4397 2632 4454 humanitas
2663 4397 2875 4452 scilicet
2899 4398 2951 4451 in
2979 4396 3329 4467 peregrinos,
3353 4397 3486 4452 etin
3514 4411 3606 4452 sc—

354 4490 449 4544 τὸν
475 4489 622 4560 βίον,
658 4481 733 4542 ὧν
756 4488 985 4542 ἕκαστον
1013 4490 1196 4560 οἴομαι
1223 4490 1418 4562 χρῆναι
1448 4490 1580 4561 παρ’
1610 4489 1768 4562 ἡμῶν
1797 4490 1922 4560 άλη-

2033 4488 2303 4558 pcliendis
2349 4487 2587 4543 mortuis
2629 4488 2865 4544 sollicita
2889 4487 3211 4558 diligentia,
3252 4495 3308 4544 et
3349 4487 3604 4543 simulata

354 4581 468 4645 θῶς
490 4579 920 4651 ἱπιτηδεύεσθαι.
949 4582 1063 4636 Καὶ
1087 4582 1188 4635 οὐκ
1210 4581 1426 4654 ἀπόχρη
1448 4581 1510 4636 τὸ
1538 4583 1598 4636 σὲ
1623 4583 1780 4653 μόνον
1796 4580 1922 4635 εἶναι

2035 4592 2249 4632 morum
2304 4578 2570 4648 gravitas.
2627 4577 2877 4642 Quorum
2929 4577 3144 4647 singula
3189 4592 3317 4632 vere
3363 4592 3392 4630 a
3445 4577 3606 4631 nobis

355 4673 618 4738 τοιοῦτον,
662 4672 800 4726 ἀλλὰ
833 4672 1040 4738 πάντας
1079 4672 1416 4738 ἁπαξαπλῶς
1461 4673 1512 4727 οἳ
1544 4674 1670 4746 περὶ
1699 4673 1796 4744 τὴν
1827 4673 1922 4726 Γα-

2035 4666 2338 4724 exercenda
2364 4682 2490 4723 esse
2516 4667 2792 4724 existimo.
2821 4667 2932 4723 Nec
2961 4667 3159 4724 sullicit
3188 4667 3336 4737 quod
3365 4675 3422 4720 tu
3463 4683 3606 4723 unus

354 4765 548 4819 λατίαν
574 4764 712 4817 είσὶν
740 4765 925 4836 ἱερεῖς.
955 4765 1063 4832 Οὓς
1090 4767 1124 4838 ἢ
1148 4764 1491 4837 δυσώπησον,
1523 4767 1557 4836 ἢ
1588 4767 1770 4819 πεῖσον
1796 4761 1922 4818 εῖναι

2031 4761 2303 4830 ejusmodi
2336 4761 2452 4816 sis:
2496 4760 2591 4816 sed
2639 4769 2908 4832 quotquot
2939 4763 2992 4816 in
3020 4759 3233 4815 Galatia
3269 4767 3399 4815 sunt
3431 4759 3608 4815 ﬂami-

359 4856 705 4920 σπουδαίους,
739 4857 771 4928 ἢ
803 4858 901 4928 τῆς
926 4858 1208 4928 ἱερατικῆς
1233 4855 1572 4928 λειτουργίας
1603 4857 1922 4925 ἀπόστησον,

2035 4869 2136 4908 nes
2167 4853 2303 4907 tales
2331 4865 2453 4907 esse
2479 4849 2656 4908 decet.
2687 4851 2838 4918 Quos
2867 4859 2925 4906 tu
2955 4852 3038 4906 vel
3065 4851 3272 4922 pudore
3303 4851 3602 4910 alliciendo.

359 4947 410 5000 εί
442 4945 518 5019 μὴ
546 4946 939 5019 προσέρχονται
975 4949 1114 5020 μετά
1158 4947 1432 5016 γυναικῶν
1481 4948 1574 5000 καὶ
1607 4946 1814 5000 παίδων
1841 4945 1922 4998 καῖ

2036 4944 2118 4998 vel
2154 4941 2575 5011 persuadendo,
2603 4943 2778 4998 bonos
2808 4943 3012 5011 redde,
3063 4951 3161 4996 aut
3205 4958 3233 4994 ει
3279 4941 3604 4998 sacerdotali

1558 5097 1827 5154 VALESII
1865 5095 2416 5152 ANNOTATIONES.

434 5187 546 5256 (l2)
582 5187 659 5242 Τὰ
690 5189 1068 5258 συνθήματα.
1101 5187 1336 5244 Litteras
1370 5186 1922 5258 formatasjntelligit

2054 5185 2650 5258 Ἰουλιανοῦγβασιλέωῇ
2678 5187 2742 5240 ad
2785 5189 3082 5258 marginem
3138 5187 3350 5256 scripta
3382 5193 3508 5240 sunt
3549 5185 3602 5239 in

362 5256 434 5310 de
450 5255 656 5326 'quibus
687 5260 842 5312 multi
877 5255 1027 5311 “ante
1078 5274 1178 5314 nos
1227 5260 1585 5326 scripserunt.
1635 5255 1741 5310 Sed
1791 5255 1936 5310 unus
2039 5258 2228 5311 eodem
2257 5255 2465 5326 codice,
2496 5272 2602 5310 non
2629 5265 2809 5326 autem
2842 5255 3178 5326 in'corpore.

361 5321 537 5380 instar
561 5327 802 5381 omnium
837 5328 940 5381 erit
974 5321 1352 5382 Bernardinus
1370 5326 1672 5391 Ferrarius,
1694 5327 1786 5395 qui
1823 5335 1922 5380 tres

2108 5325 2219 5396 (14)
2252 5325 2404 5379 Οὐδὲ
2422 5325 2841 5394 ἀποϐλέπομεν
2867 5328 2898 5380 ὃ
2922 5321 3211 5396 μάλιστα,
3244 5321 3600 5396 Scribendum

363 5396 536 5468 libros
581 5396 750 5452 edidit
774 5397 842 5452 de
872 5397 1097 5467 antiquo
1134 5398 1258 5468 jure
1287 5391 1782 5459 ecclesiasticarum
1819 5396 1936 5464 epi-
2035 5391 2257 5468 videtur
2294 5397 2368 5468 ὼς
2400 5395 2658 5468 μάλιστα,
2687 5391 2795 5451 etc.
2851 5391 3009 5451 (Leito
3063 5395 3400 5468 Epiphanius
3433 5391 3601 5468 Scho-

363 5465 654 5519 stolarum.
953 5533 974 5535 _7
1006 5459 1021 5467 ’
1134 5459 1152 5468 ⁷
1853 5459 1868 5464 ’
2037 5465 2266 5520 lasticus
2296 5467 2366 5518 ita
2391 5459 2541 5535 legit,
2572 5459 2727 5520 utcx
2757 5468 3010 5520 versione
3062 5459 3202 5535 ejus
3228 5473 3472 5530 apparet.
3513 5459 3605 5535 Sic

435 5536 548 5605 H3)
583 5535 806 5604 Γράφει
835 5536 904 5590 δὲ
937 5533 1164 5605 (Baetin
1197 5537 1386 5594 codice
1442 5535 1744 5591 Fuketiauo
1787 5535 1929 5588 srri-
2034 5536 2177 5605 enim
2207 5536 2371 5589 vertit
2398 5531 2543 5590 hunc
2583 5540 2784 5598 locum,
2821 5552 2981 5605 neque
3019 5533 3322 5602 respicimus
3360 5531 3607 5605 quemad-

362 5602 640 5673 ptumest'
661 5602 863 5678 γράφει
921 5609 1030 5678 γὰρ
1061 5602 1184 5661 ὧδε.
1236 5605 1411 5662 Verba
1466 5617 1644 5678 autem
1680 5607 1771 5678 illa
1806 5620 1928 5678 quae
2032 5604 2245 5657 modum
2278 5608 2699 5673 superstitionem
2751 5602 3174 5661 Christianorut‘u
3223 5602 3431 5654 attxert'l
3473 5617 3606 5655 cura

360 5673 1012 5749 εειῃιιυηιυτἻᾹρσαδιίῴ
1058 5679 1305 5749 ἀρχιερεῖ
1354 5676 1619 5741 Γαλατίας
1674 5673 1922 5744 ἐπιστολὴ

2032 5678 2443 5746 peregrinorum.
