4040 6216
473 293 611 352 ηδε

1931 288 2282 353 ’ΞΟΖΟΜ-ΕΝΙ

3591 296 3743 358 1264

467 405 778 462 ministerio
807 419 1057 471 remove,
1089 405 1132 461 si
1169 421 1271 461 una
1301 420 1426 461 cum
1457 405 1725 462 uxoribus
1774 416 1827 463 ct
1860 407 2016 464 liberi

2157 406 2502 478 θεραπόντων
2527 411 2634 472 τοῖς
2657 409 2816 473 θεοῖς.
2846 410 2982 464 ἀλλὰ
3009 411 3288 482 ἀνέχοιντο
3328 412 3437 464 τῶν
3486 415 3737 481 οἰκετῶν,

467 513 532 552 ac
574 497 802 552 famulis
828 497 896 552 ad
929 498 1064 553 deos
1097 513 1204 552 non
1243 499 1545 553 accedant:
1576 499 1670 553 sed
1702 506 1796 552 aut
1827 515 2047 567 servos,

2155 499 2189 568 ἢ
2226 497 2404 562 υἱέων,
2437 499 2470 568 ἢ
2501 498 2608 552 τῶν
2632 499 2930 554 Γαλιλαίων
2953 501 3228 571 γαμετῶν,
3260 503 3600 557 ἀσεϐούντων
3633 509 3740 576 μὲν

466 595 563 642 aut
595 587 776 650 filios,
811 587 1190 658 autconjuges
1215 587 1469 642 Galilmas
1500 590 1847 656 sustineant,
1872 592 1966 660 qui
1999 608 2018 645 ε

2153 589 2235 651 είς
2257 588 2383 651 τοὺς
2405 587 2579 653 θεοὺς,
2602 589 2864 660 ἀθεότητα
2887 591 2942 643 δὲ
2983 591 3293 655 θεοσεϐείας
3319 593 3745 664 προτιμώντων,

462 677 620 749 impii
656 679 769 733 sint
825 693 958 748 erga
993 679 1128 734 deos
1177 687 1230 734 ct
1259 679 1600 750 impietatem
1631 681 1877 752 religioni
1910 699 2052 753 pra:-

2157 678 2384 732 Ἔπειτα
2434 681 2762 751 παραίνεσον
2815 681 2983 752 ἱερέα,
3029 682 3167 752 μήτε
3209 681 3421 755 θεάτρῳ
3452 687 3736 756 παραϐάλ-

464 777 698 840 ponant.
733 769 939 825 Deinde
980 771 1230 841 singulos
1274 769 1528 828 flamines
1569 775 1822 839 hortare,
1857 783 1918 830 ut
1949 791 2018 830 ne

2150 768 2292 836 λειν,
2326 772 2459 840 μήτε
2496 772 2554 824 ὲν
2587 772 2866 843 καπηλείῳ
2898 773 3110 837 πίνειν,
3164 775 3198 844 ἢ
3236 778 3432 845 τέχνης
3465 777 3607 840 τινὸς
3643 779 3736 829 καὶ

466 861 537 915 ad
593 863 868 916 theatrum
918 863 1222 926 accedant,
1272 881 1374 920 nec
1431 868 1483 921 in
1532 869 1778 923 tabernis
1825 868 2044 932 bibant,

465 952 630 1023 204
665 968 767 1007 nec
807 962 979 1008 artem
1037 954 1205 1009 ullam
1233 997 1246 1019 ,
1305 966 1399 1012 aut
1444 959 1724 1030 opificium
1776 969 1935 1030 turpe
1983 973 2045 1014 ac

464 1044 792 1112 probrosum
842 1055 1160 1100 exerceant.
1207 1050 1272 1102 Et
1305 1065 1402 1106 eos
1443 1052 1666 1122 quidem
1711 1051 1801 1122 qui
1832 1052 2045 1106 obtem-

465 1141 810 1206 peraveriut,
852 1141 1066 1196 honore
1100 1141 1254 1197 allice
1285 1164 1297 1198 :
1343 1155 1700 1201 contumaces
1724 1161 1856 1201 vero
1881 1155 2045 1216 atque

461 1230 854 1299 immorigeros
877 1232 1111 1301 expelle.
1141 1233 1346 1288 Crebra
1376 1237 1428 1290 in
1458 1237 1696 1308 singulis
1723 1235 2043 1292 civitatibus

458 1319 805 1375 xenodochia
853 1322 1134 1378 constitue
1157 1365 1171 1388 ,
1201 1335 1258 1378 ut
1288 1326 1565 1397 peregrini
1600 1341 1708 1381 non
1734 1341 1801 1382 ex
1836 1327 2042 1383 nostris

456 1408 673 1476 solum,
713 1409 808 1464 sed
851 1426 916 1465 ex
954 1413 1081 1467 aliis
1121 1413 1325 1480 etiam,
1361 1415 1405 1470 si
1457 1417 1696 1486 pecunia
1733 1416 1872 1471 forte
1901 1430 2041 1486 opus

457 1497 786 1565 habuerint,
822 1501 1169 1559 humanitate
1202 1514 1399 1560 nostra
1436 1506 1824 1577 perfruantur.
1859 1505 2039 1563 Porro

454 1589 603 1644 unde
647 1603 904 1662 sumptus
937 1595 1032 1648 tibi
1071 1605 1366 1666 suppetant
1388 1637 1403 1663 ,
1435 1613 1465 1652 a
1496 1614 1582 1654 me
1605 1598 1722 1670 ‘jam
1755 1599 2036 1668 provisum

451 1688 560 1736 est.
596 1681 731 1737 Nam
773 1687 1074 1754 quotannis
1113 1689 1340 1760 triginta
1382 1689 1553 1744 millia
1595 1689 1904 1745 modiorum
1938 1689 2039 1743 tri-

2150 863 2412 933 ἐργασίας
2437 863 2670 934 αἰσχρᾶς
2697 864 2792 917 καὶ
2819 865 3184 920 ἐπονειδίστου
3220 867 3607 937 π’ροῖστασθαιο
3642 869 3739 921 καί

2146 956 2272 1019 τοὺς
2303 956 2401 1026 μὲν
2423 955 2778 1026 πειθομΜυς
2814 958 2958 1028 τίμα
2981 997 2995 1023 ,
3031 957 3159 1021 τοὺς
3182 949 3238 1011 δὲ
3262 957 3619 1021 ἀπειθοῦντας
3648 958 3740 1022 £5-

2145 1047 2296 1102 ώθει.
2356 1045 2668 1118 Ξενοδοχεῖα
2714 1048 2836 1102 καθ’
2887 1049 3128 1121 ἑκάστην
3181 1049 3334 1102 πόλιν
3389 1051 3737 1117 κατάστησον

2145 1139 2347 1205 πυκνὰ,
2375 1139 2440 1192 ἵν’
2474 1141 2853 1194 ἀπολαύσωσιν
2878 1143 2928 1194 οἱ
2964 1140 3105 1206 ξένοι
3139 1141 3239 1210 τῆς
3264 1144 3394 1210 παρ’
3422 1142 3580 1211 ἡμῶν
3605 1145 3738 1211 φιλ-

2144 1231 2478 1304 ανθρωπίας,
2521 1232 2580 1285 ού
2610 1232 2719 1286 τῶν
2766 1232 3055 1304 ἡμετέρων
3097 1231 3281 1303 μόνον,
3319 1232 3456 1285 ἀλλὰ
3500 1233 3594 1285 καὶ
3621 1233 3737 1285 τῶν

2142 1321 2337 1384 ἄλλων,
2372 1322 2520 1386 ὅστις
2547 1322 2612 1376 ἂν
2640 1321 2804 1394 δεηθῇ
2848 1323 3164 1396 χρημάτων.
3211 1323 3375 1376 Ὅθεν
3407 1323 3466 1376 δὲ
3493 1324 3738 1394 εὐπορῇ·-

2142 1430 2279 1477 σεις,
2318 1413 2658 1484 ὲπινενόηταί
2706 1431 2797 1485 μοι
2831 1415 2990 1478 τέως.
3044 1415 3307 1469 Ἐκάστου
3345 1413 3453 1485 γὰρ
3479 1416 3737 1469 ἐνιαυτοῦ

2139 1505 2498 1576 τρισμυρίους
2543 1503 2759 1575 μοδίους
2788 1504 2931 1559 κατὰ
2970 1506 3153 1558 πᾶσαν
3185 1505 3284 1576 τὴν
3310 1505 3578 1560 Γαλατίαν
3603 1506 3737 1557 ἐκέ-

2139 1595 2304 1649 λευσα
2327 1595 2544 1668 δοθῆναι
2571 1595 2739 1662 σίτου,
2763 1597 2857 1650 καὶ
2879 1595 3302 1669 ἑξακισμυρίους
3321 1597 3464 1650 οῖνου
3490 1596 3694 1662 ξέστας
3719 1615 3734 1627 ·

2137 1679 2214 1741 ὧν
2239 1686 2302 1741 τὸ
2334 1687 2432 1758 μὲν
2455 1687 2704 1758 πέμπτον
2725 1689 2804 1752 είς
2823 1690 2948 1752 τοὺς
2969 1689 3232 1760 πένητας,
3259 1689 3384 1752 τοὺς
3411 1689 3519 1752 τοῖς
3548 1689 3733 1760 ῖερεῧ-

454 1773 546 1827 tici
581 1789 680 1844 per
708 1776 1027 1833 universam
1055 1775 1330 1833 Galatiam
1367 1780 1486 1835 dari
1537 1779 1681 1852 jussi
1706 1820 1722 1847 ,
1773 1788 1828 1836 et
1879 1795 2018 1836 sexar

2141 1795 2224 1833 aw
2253 1777 2748 1850 ύπηρετουμένους,
2781 1777 3177 1833 ἀναλίσκεσθαί
3212 1796 3353 1849 φημι
3376 1777 3618 1849 χρῆναι·
3662 1779 3740 1834 τὰ

453 1862 604 1932 ginta
637 1864 812 1919 millia
870 1867 1240 1921 sextariorum
1296 1868 1431 1923 vini.
1487 1867 1735 1934 Quorum
1786 1869 2035 1940 quintam

453 1961 670 2022 partem
730 1956 784 2010 in
835 1972 1112 2028 pauperes
1172 1959 1263 2028 qui
1305 1958 1623 2016 flaminibus
1678 1961 2032 2027 ministrant,

452 2045 838 2102 insurnendam
887 2063 1010 2104 esse
1056 2063 1303 2114 censeo;
1356 2050 1570 2120 reliqua
1620 2051 1934 2121 peregrinis
1968 2064 2033 2106 ac

450 2137 900 2196 mendicantibus
927 2153 957 2193 a
984 2140 1148 2196 vobis
1174 2140 1496 2196 dividenda.
1529 2142 1714 2211 Turpe
1739 2142 1887 2198 enim
1917 2139 2032 2196 fue-

448 2227 550 2294 rit,
586 2245 650 2286 ex
684 2229 894 2288 Judaeis
937 2231 1158 2300 quidem
1209 2233 1483 2288 neminem
1528 2232 1845 2288 mendicare
1875 2252 1889 2288 :
1922 2233 2027 2286 im-

452 2321 575 2391 pios
620 2338 750 2378 vero
798 2323 1056 2380 Galilzeos
1104 2337 1308 2395 praeter
1345 2341 1478 2383 suos
1510 2341 1816 2398 pauperes,
1861 2327 2032 2382 etiam

446 2421 669 2470 10811⁸08
723 2417 910 2472 alere“:
967 2424 1195 2474 DOSU'OS
1265 2425 1448 2474 autem
1493 2419 1779 2476 mendicos
1844 2426 2032 2483 nostra

446 2519 551 2574 ope
587 2519 653 2561 ac
689 2510 943 2564 subsidio
979 2508 1286 2566 destitutos
1323 2511 1521 2568 videri.
1561 2512 1708 2570 Doce
1736 2527 1870 2582 ergo
1905 2527 2034 2584 gen-

443 2594 568 2650 tiles
591 2636 607 2661 ,
643 2606 704 2652 ut
739 2602 808 2654 ad
843 2600 1164 2670 huiusmodi
1200 2604 1514 2660 ministeria
1569 2605 1781 2676 aliquid
1841 2605 2031 2660 confc-

441 2694 610 2752 rant,
653 2697 708 2745 et
748 2694 1040 2762 gentilium
1092 2697 1220 2767 pagi
1271 2697 1548 2767 primitias
1590 2698 1872 2752 fructuum
1921 2697 2028 2752 diis

446 2778 703 2836 offerant.
755 2783 821 2838 Et
869 2785 1089 2844 Graecos
1146 2790 1398 2846 homines
1448 2790 1767 2862 hujusmodi
1807 2790 2020 2846 benefi-

2137 1869 2194 1924 δὲ
2224 1869 2359 1923 ἄλλα
2396 1872 2507 1935 τοῖς
2535 1868 2704 1934 ξένοις
2723 1869 2952 1934 καὶτοῖς
2981 1869 3327 1940 μεταιτοῦσιν
3367 1870 3736 1943 ἐπινέμεσθαι

2136 1961 2266 2030 παρ’
2297 1958 2474 2029 ὑμῶν.
2504 1957 2739 2030 Δίσχρὸν
2767 1957 2896 2030 γὰρ,
2920 1959 2968 2012 εί
2993 1958 3100 2012 τῶν
3134 1959 3232 2030 μὲν
3254 1959 3515 2014 Ἰουδαίων
3548 1961 3740 2026 οὐδεὶς

2138 2054 2419 2124 μεταιτεῖ,
2468 2051 2725 2126 τρέφουσι
2768 2051 2824 2105 δὲ
2853 2053 2902 2105 οῖ
2957 2051 3236 2117 δυσσεϐεῖς
3269 2053 3538 2106 Γαλιλαῖοι
3583 2056 3734 2125 πρθς

2131 2145 2244 2207 τοῖς
2305 2142 2513 2196 ἑαυτῶν
2570 2141 2822 2204 καὶτοὺς
2856 2142 3180 2215 ἡμετέρους.
3247 2144 3310 2196 0i
3351 2143 3404 2196 δὲ
3436 2145 3729 2216 ἡμέτεροι,

2130 2236 2227 2306 τῆς
2255 2236 2382 2306 παρ’
2408 2234 2563 2306 ἡμῶν
2585 2235 2903 2304 ἐπικουρίας
2927 2234 3120 2298 ἐνδεεῖς
3154 2235 3453 2304 φαίνονται.
3481 2237 3726 2291 Δίδασκε

2131 2327 2188 2380 δὲ
2221 2327 2314 2380 καὶ
2347 2327 2721 2396 συνεισφέρειν
2755 2329 2880 2391 τοὺς
2927 2325 3275 2400 Ἐλληνιστὰς
3305 2331 3384 2391 είς
3405 2329 3501 2392 τὰς
3531 2331 3728 2382 τοιαύ-

2131 2436 2228 2483 τας
2278 2418 2647 2489 λειτουργίας,
2679 2419 2902 2482 καὶτὰς
2945 2419 3261 2490 Ἑλληνικὰς
3305 2419 3493 2491 κώμας
3531 2422 3718 2492 ἀπάρ-

2132 2510 2324 2583 χεσθαι
2353 2513 2463 2574 τοῖς
2487 2510 2630 2573 θεοῖς
2657 2511 2764 2564 τῶν
2787 2510 3014 2583 καρπῶν
3039 2528 3052 2541 ⁸
3094 2512 3189 2564 καὶ
3216 2513 3345 2576 τοὺς
3371 2511 3728 2582 Ἑλληνικοὺς

2133 2606 2252 2668 ταῖς
2279 2602 2552 2666 τοιαύταις
2584 2602 2858 2666 εύποιίαις
2894 2603 3167 2675 προέθιξε,
3217 2603 3485 2657 διδάσκων
3518 2604 3724 2668 αὐτοὺς

2080 2733 2085 2741 .
2133 2693 2209 2757 ὡς
2233 2692 2391 2746 τοῦτο
2424 2693 2590 2747 πάλαι
2633 2686 2702 2764 ἦν
2737 2693 3008 2766 ⁴ἡμέτερον
3054 2693 3234 2764 ἔργον.
3307 2695 3553 2764 Ὅμηρος
3585 2692 3723 2762 γοῦν

2131 2785 2260 2840 αὐτὸ
2290 2784 2587 2856 πεποίηκεν
2614 2783 2854 2856 Εῡμαιον
2885 2786 3132 2854 λέγονταο

438 2871 634 2926 centia:
671 2876 1053 2942 assuefacito,
1097 2879 1303 2935 docens
1341 2879 1468 2935 illos
1491 2921 1505 2947 ,
1548 2880 1601 2938 id
1633 2882 1763 2936 olim
1799 2896 1829 2936 a
1864 2879 2024 2936 nobis
2065 2877 2381 2933 inslitutum
2415 2875 2607 2932 fuisse.
2644 2873 2917 2931 llomerus
2948 2876 3094 2930 enim
3140 2875 3424 2932 Eumaeum
3493 2876 3572 2932 sic
3641 2879 3718 2932 lo-

436 2973 695 3033 quentcm
727 2965 943 3022 inducit
975 2969 990 2999 ί
1024 2987 1037 3022 :

536 3055 700 3108 [laud
735 3058 866 3111 mihi
895 3060 979 3127 fas
1000 3098 1015 3126 ,
1047 3061 1125 3115 vel
1157 3062 1203 3116 si
1237 3065 1406 3117 veniat
1440 3074 1486 3119 te
1522 3065 1677 3118 vilior
1710 3067 1915 3133 hospes.

439 3188 764 3260 Quemquam
787 3189 1084 3256 despicere:
1109 3209 1142 3245 a
1159 3209 1365 3248 summa
1389 3211 1512 3247 nam
1531 3206 1654 3250 sunt
1673 3196 1802 3250 Jove
1819 3202 2016 3260 cuncti,

436 3257 542 3322 Qui
557 3271 769 3328 peregre
785 3262 852 3312 ad
860 3262 1092 3325 veniunt;
1107 3261 1368 3315 modicum
1390 3274 1564 3318 autem
1582 3281 1771 3320 munus
1787 3257 2017 3321 amicum

1769 3335 1789 3408 [
1810 3347 1908 3390 εει.

430 3413 511 3471 Ne
540 3414 710 3486 igitur
745 3417 869 3475 aliis
905 3428 964 3473 ut
996 3418 1140 3475 bona
1176 3427 1366 3475 nostra
1397 3423 1748 3489 aemulentur,
1784 3427 2012 3495 permit-

431 3515 647 3574 tentes,
680 3508 783 3580 ipsi
819 3523 918 3581 per
949 3512 1260 3568 socordiam
1293 3526 1396 3566 nos
1427 3516 1632 3584 probro
1664 3516 2008 3574 afliciamus:

435 3609 532 3655 aut
568 3601 755 3672 pctius
788 3603 1111 3674 religionem
1144 3618 1275 3674 erga
1306 3603 1439 3660 deos
1483 3607 1804 3675 prodamus.
1854 3608 2010 3676 Quod

430 3693 478 3747 si
507 3702 560 3747 te
597 3693 712 3748 haec
747 3710 912 3766 agere
949 3712 1216 3768 accepero
1240 3738 1255 3764 ,
1288 3697 1583 3754 exsultabo
1613 3702 1834 3772 gaudio.
1866 3701 2011 3757 Prae-

428 3783 576 3840 sides
605 3784 756 3840 domi
794 3802 922 3842 raro
953 3787 1168 3844 invise:
1203 3789 1296 3844 sed
1334 3790 1546 3848 litteras
1580 3793 1647 3848 ad
1678 3809 1774 3850 eos
1806 3795 2008 3864 saepius

427 3875 602 3931 mitte.
633 3875 747 3933 Illis
795 3878 850 3932 in
878 3879 1072 3933 urbem
1108 3880 1553 3950 ingredientibus
1582 3886 1770 3940 nullus
1803 3886 2004 3940 flatura

427 3975 710 4023 occurrat.
771 3967 909 4024 Cum
961 3978 1144 4024 autem
1191 3973 1393 4042 templa
1453 3973 1679 4030 deorum
1729 3977 2004 4045 adierint,

426 4061 572 4116 intra
596 4061 931 4118 vestibulum
959 4060 1228 4116 duntaxat
1255 4074 1516 4119 occurrat
1542 4065 1760 4123 flamen.
1791 4066 2001 4125 Intran-

423 4159 507 4209 tes
537 4169 667 4210 vero
697 4155 821 4209 illos
865 4153 1054 4211 nullus
1099 4158 1473 4226 apparitorum
1520 4161 1794 4232 praecedat
1841 4181 1854 4216 :
1903 4178 2006 4218 se-

422 4251 626 4314 quatur
669 4254 852 4299 autem
878 4246 971 4315 qui
996 4245 1326 4304 volet.Nam
1372 4252 1537 4307 simul
1585 4261 1749 4324 atque
1789 4255 2002 4327 ingres-

426 4349 524 4390 sus
555 4341 639 4390 est
667 4333 835 4390 limen
863 4334 1074 4391 delubri
1099 4380 1113 4404 ,
1143 4343 1394 4409 privatus
1420 4342 1673 4400 efficitur.
1704 4344 1784 4400 Tu
1816 4348 1960 4402 enim
1982 4387 1997 4414 ,

421 4437 484 4481 ut
515 4427 688 4498 probe
715 4428 902 4492 nosti,
941 4429 1088 4482 intra
1115 4434 1381 4503 templum
1418 4437 1709 4508 imperium
1740 4441 1996 4507 obtines;

419 4520 866 4592 quandoquidem
899 4527 954 4576 et
987 4520 1172 4578 divina
1227 4525 1312 4580 lex
1348 4526 1497 4582 istud
1553 4529 1817 4598 postulat.
1862 4529 1931 4585 Et
1960 4530 1998 4586 ii

420 4608 649 4679 quidem
679 4608 780 4680 qui
823 4608 1240 4681 obtemperant,
1272 4631 1461 4672 revera
1494 4619 1567 4688 pii
1601 4631 1729 4674 sunt
1756 4621 1999 4678 cultores

413 4698 642 4753 deorum
686 4698 827 4769 :qui
870 4714 1002 4754 vero
1043 4700 1248 4758 fastum
1298 4722 1361 4762 ac
1407 4723 1659 4778 pompam
1703 4710 1999 4767 circumfe-

416 4795 582 4857 runt,
620 4791 749 4844 vani
786 4797 916 4844 sunt
944 4797 998 4845 et
1033 4792 1215 4850 inanis
1249 4795 1440 4867 gloriae
1471 4800 1680 4869 cupidi.
1725 4799 1992 4872 Equidem

416 4889 642 4951 paratus
667 4897 790 4938 sum
817 4882 1116 4940 subvenire
1139 4884 1589 4958 Pessinuntiis,si
1620 4903 1847 4949 matrem
1874 4895 1994 4949 deo.

417 4990 534 5030 rum
578 4975 682 5052 sibi
717 4975 1017 5048 propitiam
1050 4977 1415 5039 reddiderint.
1449 4985 1546 5041 Sin
1581 5002 1711 5043 vero
1737 5001 1856 5042 eam
1901 5005 1994 5043 nc-

492 5153 506 5182 ¹
535 5151 739 5226 Odyss.
773 5154 833 5220 Ξ,
873 5172 926 5224 v,
963 5158 1013 5211 f.

2049 3071 2096 3126 C

2199 3058 2376 3124 εεῖν’,
2409 3057 2482 3111 οὐ
2517 3073 2616 3127 μοι
2657 3055 2821 3128 θέμις
2851 3056 2998 3124 ἐστ’,
3035 3057 3142 3111 οὔτ
3189 3059 3241 3110 ει
3272 3057 3716 3200 κακὶἱυῶὁγέθεν

3550 3149 3631 3190 οι,

3550 3149 3631 3190 οι,

2189 3218 2399 3272 Ξεῖνον
2418 3217 2706 3288 ἀτιμῆσαι
2733 3236 2745 3250 ’
2787 3218 2935 3288 πρὸς
2963 3217 3073 3288 τὰρ
3099 3220 3232 3285 Διός
3256 3221 3418 3274 είσιν
3441 3219 3710 3288 ἅπαντες

2190 3287 2382 3342 Ξεῖνοί
2401 3304 2484 3355 τε,
2509 3287 2733 3358 πτωχοί
2752 3287 3032 3359 τελδδόσις
3060 3289 3112 3342 δ’
3133 3291 3307 3360 ὀλίγη
3336 3307 3424 3355 τε,
3448 3292 3599 3360 φίλη
3620 3287 3705 3346 te.

2118 3441 2269 3510 Μηδὲ
2309 3443 2379 3497 τὰ
2414 3446 2542 3515 παρ’
2590 3447 2722 3516 ἡμῖν
2752 3445 2932 3515 ἀγαθὰ
2957 3446 3088 3516 (15)]
3122 3447 3473 3518 παραζηλοῦν
3522 3449 3702 3513 ἄλλοις

2118 3533 2560 3604 συγχωροῦντες,
2618 3535 2774 3588 αὐτοὶ
2822 3536 2889 3605 τῇ
2927 3534 3173 3606 ῥᾳθυμία
3223 3538 3696 3608 καταισχύνωμεν,

2118 3626 2318 3696 μᾶλλον
2346 3626 2402 3679 δὲ
2441 3625 2880 3698 καταπροώμεθα
2917 3627 3016 3697 τὴν
3047 3628 3125 3690 είς
3164 3627 3288 3690 τοὺς
3317 3626 3475 3692 θεοὺς
3535 3630 3693 3684 εύλᾱι-

2117 3715 2291 3770 δειαν.
2322 3717 2383 3769 El
2412 3715 2585 3770 ταῦτα
2617 3717 2892 3788 πυθοίμην
2921 3717 3030 3786 ἐγώ
3067 3733 3125 3770 σε
3150 3718 3478 3788 πράττοντα,
3500 3721 3697 3792 μεστὸς

2117 3806 2458 3879 εὐφροσύνης
2511 3806 2727 3879 ἔσομαι.
2793 3809 2932 3873 Τοὺς
2983 3810 3256 3880 ἡγεμόνας
3310 3811 3556 3880 ὀλιγάκις
3605 3814 3695 3866 ἐπὶ

2109 3900 2208 3971 τῆς
2239 3899 2416 3964 οἰκίας
2460 3900 2598 3972 δρα’
2659 3899 2730 3953 τὰ
2781 3899 3010 3955 πλεῖστα
3061 3901 3116 3953 δὲ
3165 3901 3346 3964 αὐτοῖς
3393 3903 3689 3958 ἐπίστελλε.

2108 3989 2348 4044 Εἱσιοῦσι
2395 3991 2450 4044 δὲ
2487 3992 2566 4055 εἰς
2598 3990 2696 4062 τὴν
2746 3991 2921 4058 πόλιν,
2971 3993 3260 4048 ὑπαντάτω
3295 3993 3482 4066 μηδεὶς
3513 3996 3694 4060 αὐτοῖς

2109 4079 2337 4151 ἱερέωνο
2387 4081 2501 4134 ἀλλ’
2552 4081 2680 4136 ὅταν
2731 4084 2812 4146 είς
2841 4082 2910 4136 τὰ
2961 4083 3080 4154 ἱερὰ
3110 4085 3335 4153 φοιτῶσι
3381 4086 3490 4138 τῶν
3532 4086 3688 4150 θεῶν,

2111 4171 2244 4224 εἴσω
2306 4172 2413 4226 τῶν
2473 4173 2762 4246 προθύρων
2823 4175 2954 4246 (16).
3057 4176 3322 4245 Ἡγείσθω
3375 4177 3433 4231 δὲ
3501 4178 3689 4249 μηδεὶς

2105 4260 2283 4317 αὐτῶν
2323 4262 2454 4315 εἴσω
2492 4263 2830 4336 στρατιώτης
2854 4283 2867 4296 ·
2920 4265 3134 4319 ἑπέσθω
3177 4265 3233 4319 δὲ
3259 4269 3286 4320 ὁ
3323 4267 3646 4339 βουλόμενος
3669 4286 3682 4299 ·

2111 4349 2226 4422 ἅμα
2263 4351 2371 4422 γὰρ
2406 4353 2485 4416 είς
2509 4353 2599 4406 τὸν
2629 4354 2780 4408 ούδὸν
2823 4351 2952 4425 ἦλθε
2981 4354 3075 4407 τοῦ
3103 4356 3382 4426 τεμένους,
3413 4359 3506 4412 καὶ
3534 4359 3689 4428 γέγο-

2107 4456 2196 4493 νεν
2244 4441 2479 4514 ίδιώτης.
2540 4445 2764 4518 ’Δρχεις
2815 4446 2924 4516 γὰρ
2969 4445 3154 4511 αὐτὸς,
3203 4446 3279 4511 ὠς
3323 4442 3515 4516 οἶσθα,
3575 4452 3684 4504 τῶν

2101 4530 2268 4598 ἔνδον,
2301 4535 2424 4588 ἐπεὶ
2466 4536 2560 4589 καὶ
2589 4537 2616 4589 ὁ
2663 4535 2806 4600 θεῖος
2843 4536 3017 4590 ταῦτα
3045 4537 3274 4592 ἀπαιτεῖ
3303 4539 3526 4610 θεσμός.
3577 4542 3686 4596 Καὶ

2099 4623 2149 4687 ολ
2186 4623 2284 4693 μὲν
2318 4625 2652 4696 πειθόμενοι,
2688 4626 2828 4680 κατὰ
2874 4627 3138 4696 ἀλήθειάν
3159 4629 3270 4682 είσι
3300 4628 3601 4693 θεοσεϐεῖς·
3633 4631 3680 4683 οἱ

2099 4710 2157 4768 δὲ
2183 4717 2526 4788 ἀντεχόμενοι
2559 4718 2652 4772 τοῦ
2689 4718 2882 4787 τύφου,
2919 4719 3202 4785 δοξοκόποι
3246 4721 3352 4773 είσὶ
3397 4722 3494 4773 καὶ
3531 4721 3680 4774 κενό-

2095 4805 2234 4873 δοξοι
2263 4821 2276 4834 ’
2334 4811 2400 4879 τῇ
2446 4808 2786 4863 Πισσινοῦντι
2818 4809 3032 4881 βοηθεῖν
3059 4811 3276 4883 ἕτοιμός
3325 4814 3459 4882 εἰμι,
3503 4813 3555 4865 εί
3583 4812 3681 4881 τὴν

2109 4898 2320 4970 μητέρα
2381 4900 2490 4954 τῶν
2548 4900 2686 4955 θεῶν
2745 4901 2875 4954 ἵλεω
2944 4905 3373 4976 καταστήσουσιν
3444 4905 3678 4968 ἑαυτοῖς.

2116 4990 2465 5061 Ἀμελοῦντες
2511 4992 2566 5046 δὲ
2610 4993 2800 5064 αὐτῆς,
2846 4993 2946 5048 οὐκ
2991 4995 3272 5067 ἄμεμπτοι
3311 4995 3491 5066 μόνον,
3544 4995 3679 5051 ἀλλά

1619 5319 1893 5375 νΑιΕδιι
1931 5321 2480 5384 ANNOTATIONES.

485 5426 594 5499 (l5)
628 5423 796 5499 μηδὲ
824 5425 1059 5499 τεᾷ-παρ’
1098 5427 1243 5497 ἡμῖν
1268 5429 1478 5499 ἀγαθά.
1507 5430 1686 5485 Malim
1747 5433 1990 5490 scribere

415 5497 490 5582 μὴ
521 5496 584 5582 δὴ
612 5495 702 5582 τά,
742 5505 846 5551 etc.
880 5496 971 5550 flzr
1000 5495 1278 5582 particulae
1306 5495 1503 5557 crebro
1536 5503 1681 5556 inter
1739 5518 1798 5559 se
1853 5520 1987 5558 con-

413 5565 741 5633 funduntur,
784 5577 842 5622 ut
882 5565 1045 5638 supra
1069 5571 1272 5626 notavi.

415 5700 430 5712 _
483 5635 596 5712 (lli)
636 5637 936 5712 Εἷσιιζτῶκ
971 5641 1297 5708 προθύρων.
1328 5640 1487 5698 Hunc
1510 5643 1689 5696 locum
1726 5644 1796 5697 ita
1819 5645 1981 5698 vertit

415 5700 750 5774 Lpiplianius
778 5700 1186 5768 Scho‘lasticus':
1221 5712 1352 5768 Cum
1407 5713 1474 5768 ad
1524 5713 1712 5770 templa
1749 5717 1979 5770 venerint

2097 5441 2338 5522 deorum,
2385 5446 2528 5499 intra
2566 5448 2774 5522 ΔῙαηιιαε
2813 5467 2900 5505 eos
2949 5469 3096 5506 nemo
3143 5453 3403 5522 pra’cedat
3440 5455 3664 5510 militum

2095 5512 2239 5597 forte
2261 5527 2350 5568 aut
2371 5512 2775 5597 prweedentium
2819 5512 3154 5597 ofﬁciorum:
3195 5524 3297 5597 Ex;
3326 5526 3529 5597 quibus
3577 5542 3666 5597 ap-

2092 5593 2268 5671 paret,
2299 5602 2424 5666 cum
2459 5589 2614 5642 aliter
2669 5590 2816 5671 hunc
2855 5589 3047 5647 locum
3074 5589 3416 5651 distinxisse.
3462 5594 3519 5652 In
3558 5589 3665 5668 quo

2091 5663 2272 5710 tamen
2298 5663 2347 5712 ei
2375 5672 2482 5712 non
2508 5663 2801 5716 assentior.
