4040 6216
392 371 528 426 1263

1386 358 1712 415 ΗιὸἸὈῐὶίΑ
1754 348 2409 413 Εεειεδιιιετιςέιμ-
2451 345 2579 400 LIB.
2619 344 2683 399 Υ.

3510 337 3639 394 Εϐθ

390 484 585 552 πικρὸν
629 482 802 533 εἰπεῖν
844 479 919 550 μὴ
960 478 1053 533 καὶ
1095 477 1192 545 τῆς
1241 480 1371 548 παρ’
1411 477 1565 548 ἡμῶν
1615 475 1956 531 ἀπολαύσωσι

2063 465 2335 541 glexcrint
2359 505 2374 529 ,
2402 478 2512 518 non
2543 460 2705 515 modo
2734 458 3166 531 reprehensione
3199 474 3306 514 non
3333 457 3601 513 carebunt
3619 499 3634 522 ,

389 569 708 643 δυσμενείας
726 569 772 640 (Ι
787 568 859 639 7).

466 742 549 796 Οὐ
575 739 688 811 γάρ
708 756 811 810 μοι
844 739 1004 810 θέμις
1031 732 1177 831 ἐστὶ⁹
1188 739 1513 811 κομιζέμεν,
1536 739 1575 811 ἡ
1602 739 1894 809 ἐλεαίρων

461 870 730 939 Ἀνδρας,
748 869 912 924 οτκαί
938 869 1166 924 θεοῖσιν
1180 870 1540 939 ἀπέχθονται
1554 870 1962 925 ἀθανάτοισιν.

390 961 546 1015 Πείθε
581 960 758 1015 τοίνυν
807 960 1040 1025 αὐτοὺς,
1086 961 1135 1013 εί
1172 960 1272 1031 τῆς
1306 960 1438 1033 παρ’
1475 960 1611 1031 ἐμοῦ
1638 961 1964 1032 κηδεμονίας

389 1053 724 1125 ἀντέχονται,
753 1051 1027 1124 πανδημεὶ
1056 1052 1157 1123 τῆς
1205 1053 1410 1123 μητρὸς
1446 1052 1557 1106 τῶν
1599 1053 1738 1107 θεῶν
1779 1053 1964 1116 ίκέτας

389 1144 666 1213 γενέσθαι.

990 1234 1241 1287 ΚΕΦΑΛ.
1282 1235 1378 1289 ΙΖ’.

392 1324 520 1398 Ὀτι
565 1323 665 1375 ἵνα
696 1321 1170 1398 μὶν-τυραννικὸς
1207 1322 1378 1398 ᾷόξῃ,
1413 1322 1782 1398 τεχνηέντως
1818 1341 1959 1393 μετ-

458 1391 673 1463 ἦρχε-το
710 1392 857 1463 τοὺς,
877 1394 1272 1463 Χριστιανούς
1304 1408 1317 1422 ’
1345 1391 1468 1446 καὶ
1507 1391 1640 1461 περὶ
1683 1392 1795 1463 τῆς
1820 1391 1960 1448 καθ-

456 1461 739 1529 ιιιρέσεως
759 1461 862 1515 τοῦ
881 1460 1208 1531 σταυρικοῦ
1236 1462 1489 1531 σημείου
1514 1479 1528 1492 ·
1551 1460 1650 1516 καί

455 1531 524 1584 τὸ
554 1530 978 1599 στρατιωτικὸν
1003 1530 1325 1597 ἀκουσίως
1342 1532 1655 1600 πεποίηκε.

470 1621 528 1672 'U
558 1621 657 1687 μὲν
689 1619 942 1689 βασιλεὺς
963 1619 1141 1673 τοιάδε
1168 1619 1338 1673 ποιῶν
1364 1621 1458 1674 καὶ
1495 1622 1748 1692 γράφων,
1780 1622 1964 1693 ἠγεῖτο

391 1710 586 1782 ῥᾳδίως
606 1710 733 1773 τοὺς
763 1710 1099 1782 ἀρχομένους
1130 1712 1355 1776 ἑκόντας
1391 1714 1714 1785 μεταθήσειν
1747 1714 1840 1768 τοῦ
1874 1714 1959 1768 δό-

1668 1464 1747 1530 ὡς
1780 1464 1959 1519 θῦσαι

2064 560 2181 625 sed,
2214 557 2359 629 quod
2407 556 2558 613 dictu
2602 552 2733 606 mihi
2758 550 3019 605 acerbum
3042 557 3163 616 est,
3205 550 3638 620 indignationem

2062 664 2284 723 quoque
2310 656 2562 703 nostram
2593 643 2974 713 e'x‘perientur.

2062 739 2224 809 205
2256 736 2497 808 Namque
2518 734 2646 789 mihi
2676 732 2819 788 haud
2858 733 2942 803 [as
2967 740 3047 788 est
3078 730 3326 787 miserari
3353 729 3637 867 urgeatque

3451 817 3460 831 .
3494 821 3568 858 ,ε’

3451 817 3568 858 δικ.

2065 877 2170 941 Qui
2201 877 2304 931 sint
2332 874 2526 943 infensi
2563 874 2667 929 diis
2698 873 3089 928 immortalibus
3119 870 3312 925 hostes.

2064 967 2337 1022 Persuade
2362 966 2528 1037 igitur
2561 965 2692 1027 illis,
2727 973 2782 1019 ιιι
2815 966 2859 1021 si
2890 980 3081 1020 curam
3123 961 3209 1017 sul
3242 976 3273 1013 a
3305 973 3392 1013 me
3433 954 3636 1026 suscipi

2062 1064 2271 1127 volunt,
2305 1061 2547 1117 universi
2582 1060 2743 1115 matri
2788 1061 3016 1115 deorum
3052 1055 3327 1126 supplices
3364 1051 3495 1108 sint.

2681 1233 2834 1290 CAP.
2874 1231 3034 1287 XVll.

2066 1330 2341 1397 Quomodo
2396 1330 2672 1396 Julianus,
2730 1344 2791 1381 ne
2858 1337 3111 1391 tyrannus
3167 1335 3278 1373 esse
3331 1319 3636 1397 videretur}

2137 1398 2469 1455 Christianos
2501 1386 2679 1454 dolose
2719 1386 3017 1463 persecutus
3045 1401 3118 1444 est
3141 1430 3155 1453 ,
3190 1398 3251 1463 et
3274 1389 3464 1463 crucis-
3485 1386 3640 1463 resil-

2138 1472 2244 1523 lum
2282 1471 2526 1539 deposuit
2562 1487 2580 1525 :
2616 1457 2811 1522 milites
2855 1464 3076 1533 denique
3109 1459 3416 1528 sacriﬁcare
3449 1457 3638 1510 inritos

2134 1542 2321 1594 coeair.

2136 1556 2224 1592 coe
2261 1556 2321 1594 ιι.

2136 1624 2201 1676 Et
2225 1556 2524 1695 inperator
2562 1624 2780 1696 quidem
2812 1634 2935 1675 cum
2974 1617 3077 1677 ista
3104 1624 3159 1673 et
3191 1614 3395 1670 faceret
3421 1623 3475 1668 ct
3500 1611 3639 1668 scri-

2065 1716 2237 1781 beret,
2265 1717 2512 1773 subditos
2543 1732 2671 1773 suos
2699 1715 2855 1775 facile
2885 1728 2951 1768 ac
2970 1709 3177 1766 lubenti
3204 1709 3388 1767 animo
3420 1722 3448 1760 ιι
3476 1706 3636 1759 Chri-

388 1817 619 1870 γματος.
682 1800 791 1853 Καὶ
826 1800 1006 1854 πάντα
1034 1799 1351 1867 σπουδάζων
1378 1803 1472 1856 ἐπὶ
1511 1803 1831 1876 καθαιρέσει
1862 1806 1956 1876 τῆς

2066 1807 2247 1865 stiana
2286 1809 2388 1864 fide
2430 1809 2806 1864 traducturum
2841 1820 2901 1862 se
2929 1820 3051 1861 esse
3076 1800 3440 1860 existimabat.
3473 1798 3639 1852 Cum—

389 1893 497 1945 τῶν
525 1892 866 1962 Χριστιανῶν
909 1892 1228 1964 θρησκείας,
1275 1894 1401 1948 οὔτε
1443 1895 1651 1950 πείθειν
1685 1896 1963 1961 παντελῶς

385 1977 498 2046 οἷός
519 2000 575 2035 τε
601 1978 688 2053 ἦν,
725 1984 1039 2055 περιφανῶς
1067 2001 1126 2039 τε
1152 1986 1430 2056 βιάζεσθαι
1452 1986 1738 2058 ᾐσχύνετο,
1767 1987 1849 2059 μὴ
1870 2005 1964 2045 τυ·

390 2072 638 2145 ραννικὺς
658 2069 799 2127 εἶναι
816 2074 964 2147 δόξῃ.
985 2076 1059 2128 Ού
1085 2075 1192 2146 μὴν
1206 2077 1491 2147 καθυφῆκε
1508 2077 1607 2148 τῆς
1630 2078 1959 2149 προθυμίας,

388 2162 526 2219 ἀλλά
574 2163 750 2217 πάντα
790 2165 1122 2236 ἐμηχανᾶτο,
1166 2166 1303 2237 πρὸς
1346 2166 1703 2238 Ἐλληνισμὸνι
1739 2167 1798 2219 τὸ
1856 2167 1963 2220 ὐπ-

389 2254 569 2323 ἠκοον,
601 2254 801 2323 μᾶλλον
819 2255 875 2307 δὲ
895 2257 957 2308 τὸ
984 2258 1397 2328 στρατιωτικὸν,
1431 2258 1493 2312 τὸ
1522 2260 1622 2329 μὲν
1650 2259 1716 2312 δι’
1741 2258 1958 2326 ἑαυτοῦ,

386 2347 449 2399 τὸ
490 2347 547 2400 δὲ
586 2346 673 2400 διὰ
703 2348 811 2400 τῶν
843 2348 1116 2418 ἀρχόντων
1153 2351 1511 2421 ἑπαγόμενος.
1583 2354 1849 2424 Ἀτεχνῶς
1903 2356 1961 2408 δὲ

386 2436 473 2489 διὰ
545 2437 760 2491 πάντων
812 2436 1143 2507 Ἐλληνίζειν
1198 2440 1567 2508 προσεθίζων,
1646 2446 1960 2512 μεταποιεῖν

387 2526 621 2592 ἔγνωκεν
652 2528 733 2590 εἰς
774 2526 837 2579 τὸ
873 2528 1135 2598 πρότερον
1179 2529 1383 2599 σχῆμα,
1416 2530 1480 2583 τὸ
1520 2533 1817 2601 κορυφαῖον
1852 2532 1959 2585 τῶν

399 2614 722 2684 Ῥωμαϊκῶν
771 2617 1150 2688 συνθημάτων,
1184 2619 1320 2688 ὅπερ
1362 2620 1768 2685 Κωνσταντῖνος
1817 2623 1959 2677 κατά

387 2710 531 2764 θεῖον
563 2712 912 2783 πρόσταγμα,
965 2714 1041 2776 ὡς
1069 2714 1127 2766 ὲν
1166 2716 1278 2775 τοῖς
1313 2712 1549 2784 πρόσθεν
1598 2712 1839 2783 εἴρηται,
1878 2714 1959 2775 εἰς

387 2801 621 2872 σταυροῦ
661 2801 939 2874 σύμσολον,
965 2802 1367 2871 μετετύπωσεν.
1435 2805 1522 2858 Ἐν
1554 2803 1611 2858 δὲ
1637 2806 1756 2868 ταῖς
1789 2803 1952 2876 δημο-

388 2893 531 2956 σίαις
558 2893 761 2948 είκόσιν
799 2896 1056 2965 ἐπιμελὲς
1098 2897 1334 2949 ἐποιεῖτο
1362 2899 1748 2968 παραγράφειν
1781 2897 1954 2969 αὐτῷ,

386 2986 486 3039 Δία
515 2985 614 3055 μὲν
665 2980 754 3039 οίά
786 3002 850 3052 γε
883 2987 948 3040 ὲκ
986 2986 1080 3039 τοῦ
1105 2987 1335 3059 οὐρανοῦ
1369 2990 1823 3061 προφαινόμενον,
1865 2992 1958 3046 καὶ

2065 1915 2172 1968 que
2199 1900 2383 1955 omnia
2416 1898 2792 1954 molireturad
2825 1890 3634 1953 evertendamChristianorum

2065 1990 2404 2059 religionem,
2438 1991 2769 2060 persuadere
2796 1989 3013 2059 quidem
3059 1984 3373 2046 nullatenus
3396 1981 3624 2039 ,valuit:

2064 2079 2240 2147 palam
2276 2087 2454 2133 autem
2484 2077 2592 2134 vim
2631 2077 2830 2134 inferre
2857 2074 3238 2136 erubescebat,
3270 2087 3339 2126 ne
3360 2078 3631 2141 tyrannus

2062 2185 2183 2226 esse
2213 2168 2506 2226 videretur.
2530 2169 2637 2225 Nec
2674 2179 2854 2225 tamen
2890 2167 2957 2222 de
2994 2162 3179 2221 studio
3206 2178 3307 2218 suo
3336 2161 3636 2233 quidquam

2064 2259 2274 2313 remisit
2306 2277 2320 2313 :
2358 2258 2452 2314 sed
2498 2259 2681 2312 omnia
2719 2240 3072 2328 excogitavit,
3114 2253 3315 2323 quibus
3357 2250 3631 2312 subditos,

2063 2363 2128 2403 ac
2160 2350 2431 2419 przecipue
2461 2350 2681 2414 milites,
2722 2349 2788 2403 ad
2811 2347 3095 2418 gentilium
3128 2344 3468 2415 religionem,
3502 2356 3633 2410 par.-

2062 2437 2157 2490 tim
2190 2453 2287 2506 per
2316 2453 2397 2498 se,
2429 2438 2625 2506 partim
2669 2453 2763 2507 per
2801 2428 3061 2506 prméides
3102 2434 3365 2488 alliceret.
3397 2431 3637 2501 Denique

2063 2536 2126 2581 ut
2158 2528 2415 2583 omnibus
2441 2528 2619 2581 modis
2669 2542 2763 2582 eos
2793 2527 3078 2597 gentilium
3126 2523 3499 2594 superstitioni
3543 2536 3633 2575 as-

2060 2620 2384 2684 suefaceret,
2444 2618 2497 2675 in
2531 2618 2820 2689 pristinam
2880 2617 3110 2675 formam
3148 2624 3488 2671 commutare
3540 2614 3635 2667 de-

2062 2709 2232 2764 crevit
2283 2710 2498 2781 signmn
2537 2710 2668 2763 illud
2704 2709 3106 2766 nobilissimum
3151 2707 3491 2763 exercituum
3533 2706 3638 2760 llo-

2063 2816 2372 2869 manorum,
2406 2802 2553 2871 quod
2585 2801 3005 2865 Constantinus,
3039 2800 3147 2855 Deo
3176 2799 3422 2871 jubente,
3456 2808 3515 2853 ut
3543 2814 3632 2853 su-

2063 2894 2251 2966 perius
2304 2895 2615 2962 retulimus,
2667 2895 2721 2949 in
2758 2895 2938 2949 crucis
2979 2893 3207 2948 formam
3251 2901 3614 2950 converterat.

2056 2987 2114 3041 In
2138 2986 2370 3055 publicis
2399 2995 2578 3041 autem
2604 2985 2953 3056 imaginibus,
2993 2985 3204 3039 curavit
3240 2992 3298 3039 ut
3322 2984 3489 3053 .juxta
3529 2999 3628 3051 ap-

386 3076 648 3144 στέφανον
689 3077 786 3130 καὶ
828 3078 1118 3149 ἁλουργίδα
1160 3078 1229 3132 τὰ
1267 3079 1515 3149 σύμϐολα
1550 3081 1647 3151 τῆς
1678 3080 1956 3150 βασιλείας

2059 3076 2372 3147 pingerctur
2400 3075 2613 3145 Jupiter
2647 3077 2797 3131 velut
2831 3088 2860 3130 c
2893 3074 3032 3128 coelo
3055 3088 3343 3143 apparens,
3379 3080 3434 3127 et
3464 3086 3627 3135 ουιύτ

385 3168 724 3239 παρέχονταο
776 3170 945 3241 Ἄρεα
966 3146 1028 3223 ’δὲ
1060 3171 1156 3227 καὶ
1182 3171 1272 3224 τὸν
1305 3146 1514 3243 Ἑρμῆν
1541 3146 1621 3236 εἰς
1643 3146 1804 3227 αύτὺν
1837 3173 1955 3244 βλέε

2059 3185 2184 3223 nam
2218 3185 2281 3223 ac
2314 3184 2635 3240 purpuram,
2670 3168 2883 3239 imperii
2917 3169 3177 3238 insignia,
3201 3167 3303 3237 ipsi
3338 3166 3589 3237 prenbens
3616 3190 3641 3226 ι

385 3275 604 3323 ποντας,
639 3260 732 3313 καὶ
766 3259 1016 3332 καθάπερ
1044 3261 1122 3332 τῷ
1149 3261 1411 3334 ὀφθαλμῷ
1455 3265 1959 3337 ἐπιμαρτυροῦντας

384 3352 460 3415 ὡς
492 3352 693 3420 ἀγαθὸς
725 3353 809 3423 είη
836 3354 963 3425 περὶ
982 3354 1171 3422 λόγους
1198 3354 1293 3408 καὶ
1316 3355 1629 3426 πολεμικός.
1676 3357 1957 3411 Ἐκέλευσε

383 3442 441 3498 δὲ
479 3442 676 3507 ταῦτα,
703 3443 799 3496 καὶ
824 3444 923 3497 ὃσα
960 3443 1097 3499 ἄλλα
1126 3444 1262 3515 πρὸς
1302 3445 1611 3517 Ἑλληνικὸν
1635 3449 1737 3519 ὁρᾷ
1771 3448 1956 3514 σέϐας,

382 3535 832 3606 παραμίγνυσθαι
882 3539 1000 3600 ταῖς
1053 3537 1291 3591 εἰκόσιν
1351 3536 1493 3592 ὥστε
1540 3539 1810 3610 προφάσει
1860 3541 1958 3613 τῆς

386 3629 463 3689 εἰς
495 3627 718 3698 βασιλέα
752 3627 1146 3699 νενομισμένης
1172 3628 1357 3698 τιμῆς,
1389 3629 1690 3700 λεληθότως
1720 3649 1958 3702 προσκυ-

385 3722 496 3772 νεῖν
549 3721 664 3783 τοῖς
711 3718 1212 3789 συγγεγραμμένοις
1235 3735 1248 3748 °
1285 3719 1676 3792 ἀποχρώμενός
1732 3740 1790 3776 τε
1844 3725 1956 3786 τοῖς

384 3810 631 3880 ἀρχαίοις
678 3808 846 3873 ἔθεσι,
880 3809 1031 3879 πάσῃ
1060 3809 1309 3880 περινοίᾳ
1358 3810 1659 3876 ἐσπούδαζε
1705 3811 1956 3866 κλέπτειν

383 3901 492 3952 τῶν
524 3901 780 3972 ὑπηκόων
823 3899 924 3970 τὴν
974 3900 1314 3972 προαίρεσιν.
1351 3902 1576 3956 Ἐνενόει
1623 3905 1733 3973 γὰρ
1781 3903 1857 3967 ὡς
1905 3905 1956 3957 εί

385 3993 640 4056 πείσειεν,
678 3992 1040 4063 ἑτοιμότερον,
1087 3992 1152 4046 ἂν
1190 3992 1341 4065 θέλῃ,
1372 3992 1428 4046 τὸ
1464 3993 1646 4047 λοιπὸν
1674 3995 1954 4067 ἐπιχειρή-

385 4100 528 4136 σειεν
552 4098 565 4111 ·
628 4085 677 4137 εἰ
709 4083 766 4136 δὲ
812 4082 1168 4147 ἀπειθοῦντας
1220 4082 1393 4151 εὖροι,
1432 4085 1760 4157 συγγνώμης
1798 4085 1954 4150 ἐκτὸς

385 4174 670 4235 κολάσειν,
706 4172 781 4237 ὡς
828 4174 958 4245 περὶ
995 4172 1065 4227 τά
1121 4172 1218 4245 εθη
1270 4172 1560 4244 Ῥωμαίων
1610 4176 1954 4246 νεωτερίζονο

380 4263 484 4328 τας
512 4265 645 4337 (18),
676 4265 767 4319 καὶ
790 4268 870 4329 είς
894 4265 1169 4319 πολιτείαν
1190 4264 1298 4337 (l9)
1326 4266 1421 4320 ml
1449 4265 1675 4336 βασιλέα
1714 4267 1955 4341 ἐξαμαρ-

380 4356 661 4420 τάνοντας.
701 4356 899 4425 Ὄλίγοι
930 4357 1028 4428 μὲν
1052 4353 1167 4424 οὖν,
1197 4357 1246 4410 οῖ
1279 4358 1375 4410 καὶ
1406 4357 1562 4429 δίκην
1589 4359 1952 4431 εἰσεπράχθηο

381 4466 504 4516 σαν,
535 4450 771 4520 συνῆκαν
802 4447 894 4504 τὸν
930 4449 1108 4540 λόγον,
1140 4450 1235 4505 καὶ
1266 4450 1342 4515 ὡς
1382 4449 1503 4515 ἔθος
1523 4445 1628 4540 ᾖν,
1680 4453 1781 4505 ούκ
1809 4452 1951 4522 ἡνεί-
1981 4485 2026 4540 D

380 4555 535 4609 χοντο
590 4542 914 4611 προσκυνεῖν
935 4556 952 4573 σ
997 4539 1059 4594 τὸ
1118 4540 1176 4594 δὲ
1221 4540 1446 4611 πλῆθος,
1492 4533 1579 4594 οἶα
1638 4540 1801 4610 φιλεῖ,
1857 4541 1949 4597 ὑπ’

379 4628 602 4697 ἀγνοίας
644 4630 677 4699 ἢ
708 4629 934 4702 γνώμης
962 4630 1316 4702 ἀπεριέργου,
1346 4631 1495 4703 νόμῳ
1520 4631 1707 4696 ἁπλῶς
1736 4631 1950 4703 παλαιῷ

378 4720 606 4789 ἡγοῦντο
626 4720 928 4786 πείθεσθαι,
953 4722 1047 4775 καὶ
1070 4721 1433 4794 ἁπλούστερον
1456 4726 1576 4788 ταῖς
1590 4723 1764 4778 εἰκόσι
1783 4742 1949 4796 προσ-

374 4809 565 4880 ῄεσαν.
624 4810 845 4864 Βασιλεῖ
872 4810 930 4866 δὲ
975 4812 1138 4866 πλέον
1181 4812 1336 4866 οὐδὲν
1355 4812 1570 4883 ἠνύετο,
1617 4813 1715 4867 καὶ
1741 4815 1947 4887 ταύτης

372 4902 474 4972 τῆς
502 4901 696 4974 τέχνης
728 4901 841 4974 (20)
869 4904 949 4967 είς
977 4905 1173 4975 πεῖραν
1200 4902 1586 4976 προελθούσης.
1616 4906 1691 4959 Ού
1725 4905 1831 4977 μὴν
1856 4908 1945 4960 ὲν-

2060 3274 2154 3317 aut
2211 3262 2356 3318 Mars
2415 3279 2479 3318 ac
2537 3262 2862 3327 Mercurius,
2916 3262 3108 3316 oculos
3135 3262 3189 3314 in
3243 3262 3421 3331 ipsum
3466 3260 3636 3329 conji-

2059 3356 2291 3417 cientes,
2319 3370 2383 3409 ac
2402 3356 2568 3409 veluti
2615 3355 2902 3408 oculorum
2941 3362 3075 3407 nutu
3106 3352 3483 3411 testiﬁcantes.
3509 3366 3632 3411 eum

2057 3446 2324 3501 disertum
2375 3462 2497 3501 esse
2532 3455 2587 3500 et
2640 3446 2717 3500 rei
2768 3445 3021 3499 militaris
3074 3444 3341 3513 peritum.
3401 3440 3528 3513 llaec
3581 3449 3643 3499 et.

2058 3538 2327 3607 ejusmodi
2354 3538 2459 3590 alia
2487 3553 2609 3606 qua:
2660 3537 2726 3590 ad
2773 3536 3059 3607 gentilium
3095 3535 3303 3588 cultum
3335 3533 3630 3602 pertinent,

2059 3626 2391 3697 imaginibus
2423 3627 2541 3682 suis
2591 3627 2757 3682 inseri
2802 3626 2993 3695 jussit,
3027 3640 3092 3679 eo
3140 3623 3394 3688 consilio,
3423 3630 3482 3676 ut
3526 3624 3630 3677 sub

2057 3721 2287 3775 obtentu
2329 3718 2558 3787 honoris
2598 3718 2690 3788 qui
2742 3716 3059 3786 imperatori
3094 3714 3297 3771 deferri
3328 3716 3489 3777 solet,
3526 3713 3632 3769 llo-

2058 3812 2205 3865 mani
2231 3807 2329 3867 eos
2365 3812 2529 3867 etiam
2568 3811 2662 3881 qui
2695 3810 2858 3881 simul
2888 3809 3018 3879 picti
3047 3816 3225 3870 erant,
3257 3809 3631 3877 imprudentes

2055 3902 2384 3971 adorarent;
2425 3878 2772 3972 abutensque
2811 3878 3101 3956 [veteribus
3151 3900 3440 3965 institutis,
3479 3902 3629 3952 υιιιιιί

2055 3992 2327 4048 industria
2374 3994 2683 4059 laborabat,
2730 4000 2791 4048 ut
2837 3992 3179 4047 subditorum
3236 3990 3447 4043 animos
3481 3988 3628 4042 deci-
3674 4016 3677 4019 ν

2055 4094 2225 4155 peret.
2257 4084 2349 4140 Sic
2381 4084 2526 4141 enim
2550 4083 2851 4154 cogitabat,
2887 4083 2933 4137 si
2972 4082 3191 4151 quidem
3225 4095 3288 4136 ea
3323 4082 3629 4149 persuasis-

2054 4186 2159 4243 set,
2213 4177 2421 4246 reliqua
2469 4191 2593 4244 qua:
2633 4175 2829 4239 vellet,
2879 4188 2938 4228 se
2987 4171 3248 4240 deinceps
3278 4169 3491 4225 facilius
3541 4185 3629 4238 ag-

2053 4281 2393 4340 gressurum.
2431 4264 2489 4320 Si
2510 4279 2639 4320 vero
2664 4262 2926 4334 refragari
2948 4277 3044 4316 eos
3059 4260 3531 4331 deprehendisset,
3568 4278 3629 4316 se

2055 4358 2262 4428 absque
2291 4356 2400 4410 ulla
2428 4356 2589 4411 venia
2625 4354 2681 4410 in
2715 4354 2837 4409 illos
2877 4350 3414 4415 animadversurum,
3442 4361 3631 4422 utpote

2055 4449 2172 4520 qui,
2213 4455 2408 4503 contra
2468 4461 2654 4503 mores
2690 4453 2853 4516 atque
2914 4444 3165 4499 instituta
3214 4442 3627 4509 Romanorum,

2056 4540 2284 4597 novitati
2310 4538 2618 4604 studerent,
2636 4547 2693 4594 et
2718 4538 2772 4591 in
2797 4537 3187 4607 rempublicam
3210 4537 3374 4606 inque
3394 4536 3628 4606 impera-

2056 4643 2227 4688 torem
2284 4631 2463 4701 ipsutn
2518 4637 2831 4700 peccarent.
2880 4626 2958 4683 Ac
3009 4628 3169 4696 pauci
3227 4628 3469 4697 quidem,
3531 4629 3630 4697 qui

2052 4727 2216 4795 etiam
2251 4738 2442 4795 ptenas
2475 4721 2766 4785 dederunt,
2800 4719 3093 4775 consilium
3136 4719 3256 4789 ejus
3288 4719 3626 4784 intellexere,

2054 4794 2172 4880 nec,
2217 4794 2276 4871 ut
2305 4815 2475 4871 moris
2514 4823 2654 4878 erat,
2696 4812 2929 4869 adorare
2963 4810 3364 4867 sustinuerunt.
3417 4809 3631 4881 Vulgus.

2053 4922 2204 4972 vero,
2259 4915 2319 4961 ut
2358 4906 2517 4973 solet,
2574 4904 2661 4961 vel
2709 4902 3079 4976 ignoratione,
3133 4901 3220 4957 vel
3268 4900 3627 4971 simplicitate

1568 5040 1837 5098 VALESII
1888 5042 2437 5101 ANNOTATIONES.

447 5128 559 5215 (Π)
607 5129 793 5215 Ἀλαζὰ
810 5131 1026 5215 arreptis:
1051 5132 1241 5215 είπεῗν
1250 5131 1365 5215 pri.
1385 5132 1527 5215 Lego
1544 5139 1739 5215 πικρὸν
1767 5156 1792 5192 ε
1798 5140 1941 5215 ίπεῖν

378 5216 489 5280 μοι.
522 5201 977 5280 quemadmodum
1004 5201 1443 5280 legis_se_vitletur
1466 5201 1767 5280 Masculus.
1798 5208 1941 5280 Lego

374 5270 989 5348 ςιὶιιηιξ-ἀπολαύσου-σι,
1038 5270 1097 5348 ιιῖ
1135 5274 1328 5348 legitur
1367 5277 1515 5348 apud
1545 5270 1940 5348 Nicephorum.

374 5336 432 5421 In
463 5339 649 5421 codice
678 5348 857 5421 tamen
884 5336 1711 5421 Fuketilanotscriptum_inveni',
1745 5336 1941 5421 πικρὸν

372 5412 569 5484 εἰπεῖν,
600 5410 733 5484 μηδὲ
763 5411 886 5484 τῆς,
912 5420 1019 5484 εις,
1058 5412 1212 5484 Quod
1239 5410 1344 5468 non
1382 5416 1573 5484 probo.

425 5478 560 5560 Ιβ)
736 5478 972 5560 aspicit
991 5482 1095 5550 ἔθη
1134 5478 1432 5560 Ῥωμαίων
1470 5489 1937 5560 νεωτερίζοντας.

377 5546 522 5602 Libri
545 5546 769 5617 quidem
807 5546 949 5604 nihil
982 5546 1194 5606 mutant
1224 5546 1321 5608 lioc
1347 5556 1486 5611 loco.
1520 5546 1732 5612 Mallem
1760 5546 1939 5614 tamen

373 5617 623 5740 scribere
646 5620 798 5690 παρά
828 5624 896 5675 τὰ
927 5620 1044 5692 ἔθη.
1081 5622 1139 5677 ld
1168 5631 1272 5688 est,
1292 5636 1476 5678 contra
1497 5642 1677 5683 mores
1705 5638 1757 5684 et
1782 5629 1943 5684 insti-

400 5704 429 5739 ιι
463 5704 489 5738 ει
521 5705 809 5740 ΙΙΙτΙΙΟΙἸΙΙΙΙ.

400 5704 489 5739 ιιιει
521 5705 784 5754 ιιιτιιοιοιιιη
799 5734 809 5743 .

442 5757 556 5831 (19)
592 5762 693 5828 Εἰς
741 5763 1047 5817 πολιτείαν
1100 5766 1192 5818 καὶ
1252 5766 1591 5830 βασιλείαν.
1644 5768 1700 5824 In
1758 5769 1945 5827 codice

2046 5139 2347 5196 Fuketiano
2371 5140 2633 5210 scriptum
2682 5147 2767 5194 est
2819 5134 2912 5210 καὶ
2963 5135 3208 5210 βασιλέα,
3241 5130 3622 5210 quotl‘magis

2048 5213 2238 5280 probo.
2270 5202 2611 5280 Nicephorius
2652 5218 2832 5263 tamen
2874 5209 2928 5261 in
2963 5202 3088 5278 cap.
3115 5206 3205 5271 25,
3240 5205 3331 5259 lib.
3386 5203 3467 5267 i0,
3502 5202 3622 5254 vul-

2047 5289 2224 5351 gatam
2250 5283 2575 5350 scripturam
2605 5286 2791 5351 tuetur

2119 5351 2227 5418 (20)
2262 5342 2378 5423 Κιιῖ
2400 5351 2585 5423 ταῦτα
2623 5348 2733 5417 τῆς
2762 5349 3001 5423 τέχνης.
3055 5347 3122 5423 ln_
3166 5342 3467 5423 Fnketiano
3521 5354 3618 5401 co-

2046 5410 2167 5492 dice
2193 5422 2397 5492 rectius
2431 5410 2976 5492 εριίβιιιιιῖθεῖ’κοιὶΔ
3025 5415 3227 5492 ταύτης
3255 5413 3356 5481 τῆς
3399 5410 3615 5492 τέχνης.

2049 5491 2220 5545 Porro
2244 5488 2606 5561 Nicepltortts.
2638 5497 2692 5543 ct
2727 5497 2835 5542 tam
2869 5488 3251 5562 scriptiqtuun
3312 5488 3621 5562 exemim-

2043 5562 2217 5626 dices,
2243 5562 2311 5615 ab
2352 5551 2438 5616 bis
2499 5562 2679 5614 verbis
2723 5573 2915 5613 novam
2965 5551 3246 5626 periodum
3299 5551 3616 5626 ordiuntur,

2042 5647 2182 5698 quos
2206 5620 2382 5685 secuti
2436 5641 2563 5685 sunt
2598 5620 3149 5698 interpretcsMuse._
3191 5629 3246 5674 ct
3297 5620 3615 5689 Cbristoph.

2044 5692 2157 5768 Ego
2182 5717 2311 5755 vero
2339 5702 2498 5754 aliter
2534 5702 2676 5754 hunc
2718 5692 2891 5768 locum
2927 5692 3175 5768 distinvi,
3210 5702 3263 5749 ct
3299 5707 3423 5746 cum
3475 5706 3617 5763 pm.

2044 5763 2269 5829 cadente
2302 5772 2544 5827 membro
2575 5766 2914 5839 jungendum
2944 5763 3154 5834 putavi.
