4040 6216
437 238 578 296 Ι⁶Ξ69
1427 238 1744 296 lliSTORlA
1779 234 2332 294 ECCLESIASTICA.
2373 267 2442 280 -—
2464 239 2591 295 LIB.
2616 241 2675 295 ν.
3523 248 3669 304 19.ιο

434 371 494 411 se
529 370 674 418 esse,
711 368 774 406 ac
805 368 1020 421 semper
1045 351 1213 408 fuisse
1240 370 1252 406 :
1278 367 1370 422 per
1400 354 1795 426 ignorationem
1825 364 2006 409 autem
2046 355 2167 425 ejus
2229 355 2386 427 quod-
2425 356 2599 419 lleret.
2668 357 2714 412 si
2763 364 2944 413 tamen
2993 357 3046 412 id
3084 358 3212 413 licet
3245 359 3452 424 dicere,
3504 365 3679 415 solam

432 461 654 501 manum
710 447 1056 500 sacriﬁcasse
1095 484 1111 510 ,
1173 447 1358 520 animo
1403 449 1720 518 neutiquam
1779 452 2024 504 conscio.
2099 448 2228 504 Post
2268 450 2383 503 haec
2434 451 2817 518 imperatorem
2867 450 3172 514 adeuntes,
3225 452 3468 519 proiecto
3530 449 3677 521 quod

430 543 654 597 dederat
689 558 845 606 auro,
897 545 1172 614 petierunt
1213 544 1507 600 admodum
1545 544 1670 600 forti
1700 545 1885 599 animo
1951 553 2012 598 ut
2083 543 2294 600 donum
2350 561 2512 600 suum
2569 546 2872 615 reciperet,
2937 545 3091 615 ipsos
3144 559 3276 600 vero
3319 545 3671 600 interﬁceret.

430 636 620 708 Neque
654 637 800 693 enim
837 653 898 693 se
945 647 1257 695 mutaturos
1287 640 1635 705 sententiam,
1708 641 1754 695 si
1821 654 1920 709 pro
1986 639 2194 696 scelere
2226 641 2374 710 quod
2413 655 2610 695 manus
2676 641 2920 711 ipsorum
2957 638 3273 704 admiserat,
3303 646 3419 692 toto
3445 651 3677 706 corpore

435 745 625 796 pcenas
673 730 1069 800 persolverent,
1097 740 1320 802 propter
1355 732 1658 787 Christum.
1705 731 2008 800 Imperator
2044 747 2195 798 vero,
2222 733 2474 802 quamvis
2496 731 2723 787 eofacto
2743 740 3101 801 exasperatus
3121 737 3291 794 esset,
3342 743 3442 784 eos
3493 735 3676 783 tamen

430 821 685 877 occidere
714 819 911 886 noluit,
946 835 1018 875 ne
1049 819 1310 875 honorem
1340 821 1586 892 martyrii
1624 820 2058 891 adipiscerentur
2093 840 2107 876 :
2150 826 2244 878 sed
2273 830 2664 878 exauctoratos
2698 823 2902 893 palatio
2930 822 3162 892 expulit.

1013 913 1265 965 ΚΕΦΑΛ.
1308 911 1420 967 ΙΗ’.

441 1001 534 1066 Ὡς
563 999 883 1070 Ἰουλιανὸς
919 999 1147 1055 ἐκώλυε
1182 999 1574 1069 Χριστιανοὺς
1620 1000 1718 1055 καί
1759 999 2011 1070 ἀγορῶν.

463 1082 465 1084 ’
497 1071 596 1126 καί
629 1070 914 1137 κρίσεων,
946 1079 1042 1124 καὶ
1068 1071 1175 1125 τοῦ
1216 1070 1606 1138 μετέρχεσθαι
1647 1070 1763 1138 τὴν
1805 1073 2016 1138 Ἐλλη-

501 1139 679 1203 νικὴν
721 1139 1026 1192 παιδείαν·
1065 1140 1164 1194 καί
1217 1141 1352 1206 περὶ
1392 1141 1716 1194 Βασίλειον
1762 1141 1866 1194 τοῦ
1901 1144 2015 1194 Με-

503 1208 710 1276 γάλου,
745 1209 1086 1277 Γρηγορίουί
1127 1208 1234 1263 τοῦ
1285 1210 1604 1277 Θεολόγου,
1647 1210 1743 1264 καί
1795 1211 2016 1264 Ἀπολι-

498 1277 731 1345 raplov,
761 1276 1217 1346 ἀνθισταμένων
1261 1276 1442 1346 αὐτῷ,
1481 1278 1578 1331 καί
1618 1279 2015 1346 μεταϐαλλόγα

495 1343 614 1423 τωῨ
671 1343 1130 1423 τᾲ,ζ⁹εῖα,,εέρὸς
1195 1347 1310 1423 ζῆν
1336 1343 1706 1423 Ἐμηνικῇν
1755 1349 2010 1423 φράσιντ

497 1416 888 1486 minuting
932 1416 1384 1486 ’Azojtrdptoc,
1448 1417 1547 1470 καὶ
1602 1416 1932 1486 Γρηγόριος
1981 1419 2015 1470 ὁ

497 1482 921 1556 Nqiidrfnrgﬁc-
962 1489 995 1540 ὁ
1035 1485 1152 1553 μὲν
1180 1482 1522 1556 ῥητορικῶς
1564 1482 2010 1556 λίαν-γράφων

499 1557 531 1610 ὀ
562 1554 631 1607 δὲ
654 1553 929 1622 ἡρωΐζων,
964 1556 1061 1608 καί
1110 1553 1307 1609 πάντα
1343 1553 1601 1624 ποιητὴν
1625 1553 2006 1626 μιμούμενος.

498 1644 717 1716 Ταύτης
773 1644 832 1698 δὲ
872 1645 970 1714 τῆς
1017 1645 1243 1718 γνώμης
1300 1646 1396 1700 καὶ
1451 1647 1579 1719 περὶ
1643 1648 1850 1712 πάντας
1888 1649 2013 1708 τοὺς

429 1736 786 1808 Χριστιανοὺς
834 1736 1100 1808 ὑπῆρχεν,
1145 1739 1398 1808 ἀφορμῆς
1435 1737 1753 1809 λαϐόμενος·
1802 1739 2008 1807 ὅπουγε

429 1829 522 1882 καὶ
585 1827 750 1898 μηδὲν
794 1828 1046 1897 ἐγκαλεῖν
1093 1828 1230 1900 ἔχων
1255 1872 1269 1893 ,
1319 1829 1784 1900 παραιτουμένους
1839 1829 2008 1895 θύειν,

431 1919 789 1983 ισοπολιτείας
819 1919 1030 1990 ἐφθόνει
1072 1920 1167 1973 καὶ¹
1206 1919 1480 1991 συλλόγων
1508 1921 1600 1974 καὶ
1634 1921 1848 1991 ἀγορῶν
1886 1938 2013 1994 μετ-

430 2010 592 2080 ἐχειν.
631 2009 742 2072 Καὶ
770 2009 864 2063 τοῦ
887 2010 1124 2074 δικάζειν
1149 2011 1183 2081 ἢ
1210 2011 1396 2082 ἄρχειν
1440 2011 1474 2083 ἢ
1527 2011 1854 2084 ἀξιωμάτων
1898 2030 2011 2069 κοι-

430 2104 616 2156 νωνεῖν
647 2101 709 2154 ού
751 2102 1056 2172 μετεδίδου·
1090 2103 1153 2155 οὐ
1199 2101 1306 2173 μὴν
1335 2103 1455 2156 οὐδὲ
1498 2101 1626 2166 τοὺς
1669 2103 1848 2158 αὐτῶν
1880 2105 2011 2158 παῖ-

430 2193 524 2256 δας
549 2192 838 2264 ξονεχώρει
863 2193 1274 2250 ἐκδιδάσκεσθαι
1302 2197 1430 2260 τοὺς
1452 2195 1585 2266 παρ’
1607 2195 1830 2264 Ἕλλησι
1856 2214 2010 2266 ποιη-

431 2283 529 2346 τὰς
570 2283 662 2336 καὶ
703 2283 1077 2354 συγγραφέας,
1117 2284 1239 2338 οὐδὲ
1279 2288 1391 2348 τοῖς
1429 2284 1634 2338 τούτων
1673 2284 2012 2346 διδασκάλοις

433 2374 644 2446 φοιτᾷν.
691 2373 908 2428 Ἐλύπει
937 2374 1046 2447 γὰρ
1079 2375 1239 2429 αὐτὸν
1266 2376 1327 2429 ού
1361 2375 1597 2447 μετρίως
1639 2376 2012 2447 Ἀπολινάριος

432 2465 460 2516 ὁ
494 2463 680 2532 Σύρος,
721 2461 858 2534 πρὸς
909 2463 1258 2534 παντοδαπὴν
1297 2464 1500 2534 εἴδησιν
1529 2465 1622 2518 καὶ
1665 2464 1837 2533 λόγων
1872 2465 2014 2518 ἰδέαν

434 2555 978 2626 παρεσκευασμένος·
1031 2555 1310 2619 Βασίλειός
1352 2572 1412 2608 τε
1472 2557 1566 2609 καὶ
1615 2555 1912 2626 Γρηγόριος
1961 2556 2012 2607 cl

435 2646 818 2710 Καππαδόκαι,
850 2647 1382 2719 παρευδοκιμοῶτες
1422 2647 1548 2709 τοὺς
1591 2647 1709 2699 τότε
1741 2647 1975 2722 ῥήτορας
1996 2664 2011 2677 ·

433 2737 583 2791 ἄλλοι
616 2755 673 2790 τε
711 2738 802 2792 ἐπὶ
840 2738 1050 2802 τούτοις
1087 2738 1326 2792 πλεῖστοι
1374 2737 1673 2808 ἐλλόγιμοι,
1710 2732 1784 2790 ὧν
1821 2740 1870 2792 oi
1917 2741 2016 2813 μὲν

435 2829 658 2902 ἐζήλουν
686 2834 754 2884 τά
785 2831 843 2883 ἐν
872 2830 1078 2902 Νικαίᾳ
1106 2829 1331 2896 δόξαντα
1353 2868 1368 2893 ,
1404 2829 1453 2883 οἰ
1484 2829 1540 2882 δὲ
1569 2831 1633 2883 ἐκ
1670 2832 1772 2902 τῆς
1802 2830 2014 2900 Ἀρείου

435 2921 691 2992 ὥρμηντο
735 2921 1016 2992 αἱρέσεως.
1066 2920 1348 2974 Ἐντεῦθεν
1412 2916 1508 2973 οὖν
1552 2921 1713 2991 μόνον
1758 2921 2018 2991 δημιουρ-

436 3011 646 3081 γετσθαι
678 3011 739 3065 τὸ
775 3012 959 3066 πεῖθον
1009 3011 1273 3088 οἰόμενος,
1312 3012 1374 3064 ού
1409 3009 1702 3082 συνεχώρει
1729 3013 1840 3075 τοῖς
1884 3013 2018 3084 Χρι-

440 3105 676 3165 στιανοῐς
717 3103 774 3155 ἐν
805 3103 918 3165 τοῖς
958 3100 1066 3154 τῶν
1117 3099 1381 3170 Ἑλλήνων
1420 3100 1709 3154 ἀσκεῖσθαι
1764 3099 2018 3172 μαθήμα-

439 3209 544 3250 σιν.
590 3193 782 3247 Ἦνίκα
827 3192 892 3264 δὴ
940 3192 1314 3264 Ἀπολινάριος
1371 3189 1548 3256 οὗτος,
1582 3194 1662 3255 εἰς
1711 3193 1902 3263 καιρὸν
1949 3194 2017 3264 τῇ

437 3283 750 3355 πολυμαθία
779 3283 874 3338 καὶ
915 3287 982 3355 τῇ
1015 3283 1175 3354 φύσει
1208 3285 1575 3362 χρησάμενος,
1607 3285 1729 3338 ἀντὶ
1781 3284 1878 3355 μὲν
1917 3285 2019 3354 τῆς

448 3378 687 3448 Ὀμήρου
739 3376 1048 3446 ποιήσεως,
1095 3378 1153 3429 ἐν
1203 3375 1391 3430 ἔπεσιν
1439 3375 1640 3450 ήριξιοις
1665 3375 1764 3446 τὴν
1803 3375 2020 3448 Ἑϐραῖ-

437 3469 540 3540 κὴν
570 3467 952 3540 ἀρχαιολογίαν
986 3467 1364 3539 συνεγράψατο
1395 3468 1557 3540 μέχρι
1592 3468 1693 3539 τῆς
1722 3469 1818 3522 τοῦ
1847 3467 2020 3522 Σαοὺλ

2601 914 2776 984 207
2799 911 2951 968 CAP.
2995 909 3181 965 xvm.

2119 1003 2391 1071 Quomodo
2425 1003 2676 1059 Julianus
2705 1004 3038 1060 Christianos
3079 1005 3195 1072 foro
3223 1019 3291 1056 ac
3315 1001 3536 1070 iudiciis
3562 1004 3679 1066 uti,

2185 1085 2234 1128 et
2271 1074 2577 1130 ercorum
2615 1075 2911 1142 disciplinis
2946 1075 3156 1130 institui
3190 1073 3495 1141 prohibuit:
3531 1083 3581 1128 et
3617 1074 3682 1126 de

2189 1144 2392 1202 Basilio
2423 1143 2618 1210 Magno
2642 1185 2657 1208 ,
2691 1142 2938 1213 Gregorio
2969 1143 3226 1213 Theologo
3253 1181 3266 1202 ,
3300 1152 3454 1211 atque
3481 1143 3682 1213 Apolli-

2187 1231 2344 1284 nare,
2373 1217 2481 1284 qui,
2514 1211 2819 1283 imperatori
2851 1211 3186 1284 resistentes,
3217 1227 3372 1284 sacra
3417 1211 3682 1284 colanrina

2186 1285 2241 1336 in
2275 1279 2512 1338 Gnarum
2552 1279 2840 1337 sermonem
2868 1283 3268 1335 transtulerunt.
3300 1279 3368 1333 Et
3392 1280 3528 1348 quod
3563 1279 3683 1331 Grv-

2183 1355 2363 1422 gorius
2400 1353 2608 1422 quidem
2649 1351 3026 1406 Nazianzenus
3046 1390 3060 1413 ,
3098 1353 3274 1422 soluta
3303 1351 3544 1422 oratione
3573 1349 3672 1405 atl-

2185 1419 2698 1492 inodum'eleganter
2726 1423 2894 1475 multa
2921 1421 3132 1490 scripsit
3159 1436 3178 1484 ;
3205 1419 3536 1485 Apollinaris
3562 1433 3679 1471 vero

2184 1492 2447 1546 heroicum
2493 1508 2704 1545 carmen
2752 1492 3080 1560 composuit,
3129 1498 3445 1558 cunctosque
3487 1496 3680 1546 veteres

2183 1573 2367 1629 poetas
2398 1562 2640 1614 imitatus
2671 1570 2769 1615 est.

2185 1650 2384 1714 Eodem
2415 1651 2598 1705 animo
2631 1648 2737 1703 fuit
2767 1663 2899 1717 erga
2930 1646 3170 1715 reliquos
3195 1659 3389 1700 omnes
3413 1645 3683 1700 Christia—

2114 1757 2248 1806 nos,
2289 1743 2379 1797 ubi
2415 1741 2767 1798 occasionem
2809 1748 3009 1794 nactus
3054 1741 3251 1794 fuerat.
3294 1736 3366 1793 lis
3398 1739 3545 1792 enim
3587 1739 3682 1807 qui

2113 1835 2432 1890 sacrilicare
2460 1834 2808 1893 abnuerunt,
2843 1831 2948 1887 etsi
2980 1830 3114 1884 nihil
3143 1829 3368 1884 haberet
3395 1827 3551 1898 quod
3574 1829 3686 1884 illis

2117 1924 2416 1994 objiceret,
2468 1923 2561 1992 jus
2599 1921 2846 1977 civitatis
2885 1921 3182 1974 adimebat.
3240 1920 3283 1972 A
3322 1918 3685 1973 conventibus

2111 2030 2334 2086 quoque
2373 2023 2426 2068 et
2463 2029 2494 2068 a
2535 2014 2654 2068 loro
2687 2029 2782 2068 eos
2823 2012 3138 2082 prohibuit,
3174 2025 3274 2064 nec
3309 2009 3558 2079 judicare
3594 2017 3687 2063 aut

2113 2107 2474 2175 magistratus
2502 2121 2694 2176 gerere
2714 2143 2729 2167 ,
2764 2112 2860 2158 aut
2893 2102 3200 2158 honoribus
3235 2118 3300 2157 ac
3326 2101 3688 2175 dignitatibus

2115 2195 2216 2248 l‘rui
2245 2194 2514 2266 permisit.
2545 2193 2651 2250 Sed
2681 2201 2734 2247 et
2763 2191 3208 2247 Christianorum
3243 2189 3445 2247 liberos
3465 2227 3481 2255 ,
3517 2186 3691 2240 haud-

2112 2301 2391 2358 quaquam
2425 2300 2625 2355 passus
2659 2290 2741 2338 est
2777 2291 2971 2352 poetas
3027 2289 3194 2350 atque
3247 2287 3500 2334 oratores
3540 2277 3689 2332 Cia:—

2114 2391 2304 2431 eorum
2334 2374 2582 2430 ediscere
2603 2413 2618 2437 ,
2653 2380 2708 2428 et
2740 2373 3027 2442 gentilium
3059 2369 3440 2442 professorum
3469 2368 3689 2423 scholas

2116 2467 2483 2538 frequentare.
2513 2463 2754 2519 Urebant
2782 2463 2903 2532 ejus
2931 2463 3172 2516 animum
3204 2475 3315 2514 non
3339 2458 3692 2514 mediocriter

2115 2556 2452 2627 Apollinaris
2497 2553 2670 2625 Syrus
2710 2553 2859 2606 enini
2903 2551 3324 2619 disciplinarum
3365 2563 3566 2619 genere
3607 2547 3690 2600 in-

2114 2655 2406 2711 structus,
2457 2653 2512 2699 et
2561 2644 2798 2698 Basilius
2847 2641 3256 2712 Gregoriusque
3301 2638 3688 2709 Cappadoces,

2113 2739 2209 2809 qui
2238 2745 2471 2792 cunctos
2505 2736 2654 2790 illius
2688 2735 2955 2804 temporis
2986 2744 3240 2787 oratores
3269 2731 3427 2802 longe
3461 2743 3690 2799 supera-

2116 2835 2245 2890 bant
2271 2851 2285 2887 :
2321 2831 2588 2900 multique
2610 2837 2876 2900 praeterea
2906 2826 3255 2882 disertissimi
3285 2825 3425 2891 viri,
3455 2838 3691 2895 quorum

2116 2925 2209 2981 alii
2257 2923 2417 2979 [idem
2460 2921 2665 2977 Nicaeni
2705 2919 2926 2976 concilii
2968 2919 3340 2990 sequebantur
3371 2955 3388 2982 ,
3438 2915 3536 2969 alii
3569 2915 3691 2985 opi-

2116 3017 2336 3071 nionem
2394 3015 2507 3069 Arii
2553 3021 2712 3069 erant
2759 3011 3012 3081 amplexi.
3059 3009 3195 3064 Cum
3239 3007 3410 3078 igitur
3466 3019 3695 3076 persua-

2117 3107 2282 3163 dendi
2318 3106 2630 3161 facultatem
2665 3104 2797 3158 hinc
2835 3110 3051 3156 tantum
3095 3100 3281 3171 parari
3319 3097 3695 3162 existimaret,

2118 3215 2225 3255 non
2260 3198 2512 3269 permisit
2549 3196 2886 3251 Christianis
2928 3202 2986 3248 ιιι
3022 3192 3339 3247 Grmeorum
3379 3187 3695 3258 disciplinis

2117 3292 2469 3348 erudirentur
2495 3288 2537 3344 ί.
2571 3287 2694 3355 Quo
2731 3287 2950 3357 quidem
2995 3294 3240 3354 tempore
3269 3280 3604 3352 Apollinaris
3638 3278 3691 3332 in

2119 3397 2283 3454 quem
2319 3395 2488 3452 supra
2522 3379 2635 3435 dixi
2661 3420 2676 3444 ,
2714 3377 3006 3446 multiplici
3042 3373 3353 3430 eruditione
3387 3379 3438 3427 et
3471 3370 3696 3442 ingenio

2120 3490 2229 3545 quo
2261 3474 2512 3537 valebat,
2553 3479 2866 3541 opportune
2901 3483 3039 3522 usus
3060 3505 3074 3530 ,
3109 3480 3206 3535 pro
3240 3461 3465 3519 Homeri
3495 3461 3694 3515 carmi-

439 3561 732 3632 βασιλείας,
770 3561 863 3614 καὶ
911 3561 991 3624 είς
1043 3559 1459 3632 εἰκοσιτέσσαρα
1511 3559 1650 3630 μέρη
1699 3558 1800 3631 τὴν
1838 3559 2014 3612 πᾶσαν

2121 3580 2225 3630 ne,
2280 3563 2640 3619 liebrarorum
2687 3559 3072 3629 antiquitatem
3123 3569 3302 3626 usque
3352 3552 3421 3608 ad
3464 3565 3690 3622 regnum

438 3653 820 3724 πραγματείαν
880 3652 1109 3719 διεῖλεν,
1161 3651 1377 3719 ἑκάστῳ
1435 3650 1586 3722 τόμῳ
1643 3649 2016 3721 προσηγορίαν

437 3743 664 3813 θέμενος
685 3745 972 3814 ὁμώνυμον
997 3745 1111 3807 τοῖς
1130 3742 1260 3813 παρ’
1295 3741 1516 3812 Ἕλλησι
1559 3740 1842 3812 στοιχείοις
1878 3739 2016 3794 κατὰ

437 3835 528 3888 τὸν
557 3835 760 3889 τούτων
786 3835 1018 3906 ἀριθμὸν
1042 3835 1134 3888 καὶ
1158 3834 1255 3904 τὴν
1286 3833 1460 3899 τάξιν.
1494 3831 2016 3906 Ἐπραγματεύσατο

437 3927 493 3980 δε
527 3926 759 3990 καὶτοῖς
798 3925 1108 3997 Μενάνδρου
1136 3925 1404 3996 δράμασιν
1446 3924 1776 3995 εἰκασμένας
1818 3941 2016 3994 κωμῳ-

432 4013 586 4081 δίας·
617 4019 713 4071 καὶ
738 4017 837 4089 τὴν
878 4017 1171 4089 Εὐριπίδου
1213 4015 1542 4088 τραγῳδίαν,
1596 4015 1691 4069 καὶ
1739 4015 1837 4087 τὴν
1883 4017 2018 4069 Πιν-

437 4111 600 4182 δάρου
633 4111 802 4184 λύραν
832 4111 1143 4183 ἐμιμήσατο
1165 4151 1181 4176 ,
1230 4111 1324 4164 καὶ
1353 4109 1538 4174 ἁπλῶς
1578 4111 1772 4175 εἰπεῖν,
1798 4110 1864 4163 ἐκ
1908 4109 2016 4163 τῶν

440 4202 598 4256 θείων
627 4202 858 4273 Γραφῶν
892 4201 992 4265 τὰς
1017 4200 1297 4265 ὑποθέσεις
1344 4200 1525 4254 λαϐὼν
1563 4201 1674 4254 τῶν
1714 4201 2017 4271 ἐγκυκλίων

437 4294 787 4364 καλουμένων
820 4292 1176 4364 μαθημάτων,
1217 4294 1276 4349 ἐν
1319 4293 1484 4364 ὀλίγῳ
1521 4293 1698 4365 χρόνῳ
1723 4295 2017 4365 ἐπενόησεν

445 4383 763 4458 ἰσαρίθμους
787 4383 880 4438 καὶ
905 4383 1256 4454 ίοοδυνάμους
1287 4384 1826 4457 πραγματείας,ῆθει
1844 4403 1905 4438 τε
1927 4385 2020 4438 καὶ

443 4473 639 4546 φράσει
653 4472 747 4528 καὶ⁵
781 4477 1089 4548 χαρακτῆρι
1116 4476 1208 4529 καὶ
1236 4461 1518 4546 οἰκονομίᾳ
1550 4474 1712 4546 ὁμοίᾳ
1743 4476 1857 4538 τοϊς
1883 4474 2015 4547 παρ’

445 4563 698 4636 Ἕλλησιν
735 4567 792 4620 ἐν
822 4565 1034 4632 τούτοις
1056 4567 1496 4637 εὐδοκιμήσασιν.
1525 4568 1688 4626 Ὥστε
1729 4569 1778 4620 εἰ
1809 4567 1885 4639 μὴ
1915 4567 2008 4639 τὴν

439 4656 774 4734 ἀρχαιότητα
803 4659 1006 4729 ἐτίμων
1041 4659 1090 4712 oi
1115 4656 1409 4729 ἄνθρωποι,
1434 4659 1529 4712 καὶ
1552 4658 1622 4712 τὰ
1656 4659 1859 4731 συνήθη
1890 4659 2019 4729 φίλα

440 4746 708 4816 ἐνόμιζον,
737 4749 952 4824 ἐπίσης,
983 4745 1157 4820 οἶμαι.
1205 4751 1316 4814 τοῖς
1363 4748 1610 4813 παλαιοῖς
1658 4748 1756 4820 τὴν
1805 4747 2019 4803 ’Δπολιο

443 4836 631 4906 ναρίου
657 4837 888 4909 σπουδὴν
909 4839 1164 4910 ἐπῄνουν,
1183 4840 1276 4898 καὶ
1297 4838 1635 4901 ἐδιδάσκοντο
1655 4837 1858 4911 ταύτην
1879 4838 2016 4909 (25),

2126 3655 2308 3711 Saulis
2329 3655 2548 3709 heroico
2575 3667 2735 3708 versu
2761 3650 3114 3720 conscripsit,
3133 3655 3186 3703 et
3207 3647 3526 3702 universum
3553 3659 3694 3714 opus

2123 3749 2177 3802 in
2210 3757 2447 3818 quatuor
2474 3761 2539 3801 ac
2569 3744 2762 3816 viginti
2800 3751 2983 3814 partes
3016 3741 3339 3802 distribuit,
3370 3753 3435 3795 ac
3464 3737 3696 3808 singulis

2122 3835 2278 3891 libris
2317 3850 2381 3891 ex
2412 3834 2725 3890 Graecorum
2767 3832 2966 3888 litteris
3006 3837 3432 3899 cognomentum
3467 3827 3693 3890 indidit,

2119 3928 2277 3998 juxta
2333 3942 2522 3982 earum
2573 3941 2866 3981 numerum
2919 3932 3083 3987 atque
3135 3921 3405 3976 ordinem.
3463 3919 3695 3988 Scripsit

2123 4021 2289 4075 etiam
2337 4017 2638 4074 comoedias
2689 4017 2865 4072 instar
2898 4014 3206 4069 fabularum
3241 4009 3542 4066 Menandri.
3582 4007 3693 4061 Eu-

2124 4111 2318 4180 ripidis
2334 4124 2552 4179 quoque
2579 4108 2874 4178 tragmdias
2895 4147 2907 4170 ,
2929 4114 2983 4160 et
3008 4104 3224 4158 Pindari
3250 4103 3419 4175 lyram
3448 4100 3695 4154 imitatus

2123 4213 2229 4258 est.
2267 4200 2530 4271 Denique,
2553 4209 2612 4254 ut
2650 4197 2975 4268 compendio
3014 4196 3216 4258 dicam,
3248 4192 3482 4264 sumptis
3511 4205 3574 4248 ex
3606 4207 3694 4254 sa-

2123 4308 2215 4348 cra
2241 4292 2526 4363 Scriptura
2554 4290 2888 4360 argumentis
2916 4287 3221 4350 liberalium
3245 4284 3656 4356 disciplinarum
3677 4322 3693 4348 ,

2127 4387 2275 4442 brevi
2333 4393 2580 4456 tempore
2630 4383 3038 4439 lucubrationes
3089 4380 3432 4452 composuit,
3484 4385 3540 4432 et
3589 4393 3696 4431 nu-

2126 4493 2276 4534 mero
2313 4486 2368 4534 et
2405 4477 2726 4549 praestantia
2765 4475 3003 4547 aequales
3043 4475 3109 4530 iis
3148 4474 3240 4545 qui
3288 4471 3431 4544 apud
3475 4469 3695 4526 Graecos

2125 4574 2179 4632 in
2208 4587 2276 4634 eo
2299 4585 2496 4642 genere
2523 4570 2768 4634 celebres
2803 4569 3064 4632 exstitere
3083 4607 3098 4631 ,
3148 4581 3244 4634 seu
3292 4564 3511 4637 genium
3535 4603 3549 4628 ,
3597 4577 3692 4616 seu

2083 4692 2098 4710 ο
2123 4663 2418 4719 dictionem
2439 4701 2454 4732 ,
2485 4678 2580 4718 seu
2611 4662 2837 4716 formam
2857 4701 2873 4724 ,
2922 4676 3021 4716 seu
3067 4658 3486 4730 dispositionem
3516 4668 3699 4725 operts

2125 4764 2372 4827 spectes;
2397 4754 2533 4811 adeo
2557 4762 2614 4809 ιιι
2636 4753 2741 4810 nisi
2765 4753 3018 4809 homines
3042 4750 3428 4822 antiquitatem
3453 4744 3695 4801 venerari

2124 4848 2383 4911 solerent,
2403 4855 2451 4901 et
2476 4861 2538 4902 ea
2563 4847 2799 4902 inaximc
2821 4846 3044 4917 diligere
3067 4845 3268 4915 quibus
3296 4846 3650 4904 assueverunt
3680 4876 3696 4902 ,

443 4929 608 4984 πλέον
639 4929 803 4984 αὐτοῦ
839 4931 938 5001 τὴν
966 4931 1195 5001 εὐφυΐαν
1241 4930 1633 5003 θαυμάζοντες,
1680 4933 1792 5004 ὅσῳ
1821 4949 1885 5001 γε
1912 4934 2014 4986 τῶν

2127 4941 2458 5012 Apollinaris
2489 4941 2663 4997 libros
2690 4956 2846 5010 aeque
2877 4953 2944 4994 ac
2975 4947 3221 4994 veterum
3253 4936 3472 4992 illorum
3509 4931 3700 4988 lauda-

448 5023 548 5092 μὲν
581 5022 824 5096 ἀρχαίων
864 5022 1091 5088 ἕκαστος
1129 5024 1257 5098 περὶ
1301 5024 1359 5077 ἓν
1400 5025 1558 5095 μόνον
1591 5024 1923 5080 ἐσπούδασεν
1945 5044 1959 5058 ·
1994 5028 2014 5081 t‘.

2128 5033 2236 5088 turi
2265 5040 2448 5089 essent
2469 5047 2534 5088 ac
2560 5032 2813 5089 discituri
2839 5073 2854 5097 ,
2878 5046 3055 5101 eoque
3085 5029 3261 5100 magis
3285 5024 3568 5099 ingenium
3603 5022 3699 5075 ho-

445 5111 523 5178 δὲ.
564 5113 637 5170 τὰ
687 5114 864 5172 πάντα
903 5115 1284 5187 ἐπιτηδεύσας,
1321 5117 1378 5170 ἐν
1416 5115 1819 5190 κατεπειγούσῃ
1861 5118 2014 5190 χρείᾳ

2128 5126 2293 5183 minis
2323 5125 2643 5184 admiraturi
2669 5167 2684 5192 ,
2716 5124 2861 5196 quod
2896 5135 3139 5182 veterqu
3161 5119 3385 5193 quidem
3413 5110 3613 5178 sinit"Ii
3642 5112 3695 5163 in

529 5253 547 5286 ⁸
585 5255 742 5316 Socr.
781 5259 820 5314 l.
857 5275 954 5325 m_,
985 5275 1106 5329 cap.
1143 5261 1226 5318 i6.

1647 5414 1916 5470 VALESII
1953 5415 2501 5476 ANNOTATIONES.

524 5500 636 5583 I253)
674 5501 780 5583 ιςαὶ
808 5501 1197 5583 ἐδιδάσκοντο
1227 5505 1468 5583 ταύτην.
1513 5503 1663 5583 Ilunc
1709 5505 1887 5583 locum
1940 5505 2012 5583 ita

2122 5509 2325 5583 ζοντες,
2353 5521 2480 5583 etc”
2513 5513 2658 5580 quod
2692 5510 2880 5581 procul
2923 5499 3422 5570 dubio—elegantius
3466 5505 3549 5554 cst
3578 5496 3697 5555 vul-

452 5569 804 5650 sfribendum
861 5590 926 5650 ne
955 5569 1407 5650 distinguendum'
1440 5585 1592 5642 puto,
1634 5575 1864 5644 ἐπῄνουν
1921 5577 2014 5627 καὶ

2123 5569 2245 5648 gata
2278 5569 2525 5635 lectione.

451 5639 791 5694 ἐδιδάσκοντο
835 5642 1004 5715 ταύτῃ
1038 5639 1194 5698 πλέον
1239 5643 1398 5698 αὑτοῦ
1418 5639 1512 5715 τὴν
1545 5639 1770 5713 εὐφυΐαν
1803 5645 2016 5715 θαυμά-
