4040 6216
348 337 489 394 1273

1295 328 1615 388 HISTORIA
1645 327 2198 389 ECCLESIASTICA.
2240 361 2306 371 ——
2340 329 2467 385 LIB.
2512 330 2575 384 γ.

3446 331 3540 383 {:27
3557 331 3590 386 δ

345 457 473 511 οων.
496 451 840 523 Χριστιανοῖς
875 449 931 503 δέ
960 447 1233 502 κάνταῦθα
1260 449 1461 518 ὁμοίως
1483 449 1702 520 ἐχρῆτο,
1729 449 1824 502 καὶ
1858 447 1918 500 τὸ

2023 447 2128 502 Sed
2177 446 2344 501 animi
2386 455 2522 502 aestu
2562 450 2783 514 repente
2816 451 3058 505 mutato.
3089 442 3272 497 verbis
3319 443 3588 499 duntaxat

357 542 664 615 Ἑλληνικὸν
714 541 1000 612 κρατύνειν
1061 539 1410 604 ἐσπούδαζεν.
1469 535 1572 594 Οἷα
1614 539 1744 610 γοῦν
1799 541 1918 594 τότε

348 634 544 704 συνέϐη
594 633 723 702 περὶ
767 634 866 702 τὴν
906 631 1082 701 θήκην
1127 631 1342 686 Βαϐύλα
1375 631 1469 684 τοῦ
1501 632 1795 704 μάρτυρος,
1827 632 1922 684 καὶ

343 725 420 794 τῷ
452 727 512 778 ἐν
557 724 742 794 Δάφνῃ
784 722 895 793 ναῷ
928 722 1022 775 τοῦ
1061 722 1410 786 Ἀπόλλωνος,
1444 722 1597 787 ἀξιον
1636 723 1924 793 ἀφηγήσα-

348 813 488 864 σθαι.
529 813 802 881 ’Δρχομαι
825 810 881 863 δέ
908 809 1178 864 ἐντεῦθεν*
1216 811 1399 881 Δάφνη
1438 810 1498 863 τὸ
1526 810 1923 880 ἐπίσημοντῆς

358 901 684 970 ’Δντιοχείας
713 900 1053 970 προάστειον,
1087 902 1233 972 κομᾷ
1263 901 1359 972 μὲν
1387 901 1537 956 ἄλσει
1569 901 1923 971 κυπαρίσσων

344 991 583 1047 πολλῶνο
612 991 943 1046 ποικίλλεται
974 992 1032 1046 δέ
1069 994 1163 1046 καὶ
1201 995 1309 1056 τοῖς
1341 992 1520 1056 ἄλλοις
1557 995 1747 1061 φυτοῖς
1789 993 1922 1046 ἀνα-

350 1083 440 1154 μὶξ
472 1083 589 1147 ταῖς
616 1083 994 1153 κυπαρίσσοις.
1031 1083 1167 1136 Ὑπὸ
1195 1083 1253 1136 δὲ
1297 1086 1408 1147 τοῖς
1439 1084 1736 1154 δένδρεσιν,
1763 1084 1924 1155 ἀμοι-

347 1175 504 1229 ϐαδὸν
525 1173 633 1228 τῶν
657 1175 817 1245 ὡρῶν
850 1175 1026 1245 εὐώδη
1064 1176 1158 1229 καὶ
1190 1175 1504 1229 παντοδαπά
1539 1177 1654 1247 εῐδη
1683 1177 1859 1232 ἀνθῶν
1890 1179 1922 1248 ἠ

346 1265 416 1335 γῆ
447 1265 622 1334 φέρει.
662 1262 861 1334 Ὀροφὴ
909 1262 966 1316 δέ
1009 1279 1095 1326 τις
1143 1263 1362 1334 μᾶλλον,
1399 1263 1431 1334 ἢ
1477 1263 1605 1318 σκιά
1649 1263 1923 1334 πανταχοῦ

345 1354 435 1407 τὸν
479 1355 654 1424 χῶρον
711 1353 1035 1422 περίκειται,
1076 1355 1142 1424 τῇ
1187 1354 1484 1425 πυκνότητι
1546 1353 1654 1409 τῶν
1715 1353 1924 1408 κλάδων

348 1444 440 1496 καὶ
489 1441 597 1495 τῶν
635 1442 845 1510 φύλλων
902 1441 976 1512 μὴ
1037 1441 1394 1511 συγχωροῦσα
1456 1441 1556 1511 τὴν
1601 1442 1792 1496 ἀκτῖνα
1845 1439 1924 1511 τῷ

348 1533 535 1602 ἐδάφει
598 1532 915 1603 ἐμϐάλλεινο
979 1531 1109 1603 ἡδύς
1165 1549 1225 1584 τε
1279 1533 1374 1585 κα)⁸
1443 1531 1562 1585 λίαν
1625 1533 1926 1603 ἐπέραστός

347 1628 528 1690 ἐστιν,
583 1622 812 1694 ἀφθονίᾳ
856 1639 916 1675 τε
966 1621 1060 1675 καὶ
1103 1620 1289 1674 κάλλει
1337 1621 1566 1686 ὑδάτων,
1617 1622 1714 1675 καὶ
1765 1621 1924 1692 ὡρῶν

348 1715 651 1788 εὐκρασίᾳ,
713 1719 807 1767 καὶ
881 1711 1168 1784 προσηνῶν
1227 1712 1444 1784 ἀνέμων
1511 1715 1720 1777 πνοαῖς.
1803 1715 1921 1766 Ἐν-

346 1807 520 1861 ταῦθα
546 1807 603 1858 δὲ
641 1805 830 1868 παῖδες
873 1803 1146 1876 Ἐλλήνων
1179 1804 1470 1874 μυθεύουσι
1501 1843 1521 1869 ,
1567 1804 1784 1875 Δάφνην
1825 1805 1922 1873 τὴν
1951 1791 1996 1848 Β

347 1899 593 1961 Λάδωνος
633 1895 898 1965 ποταμοῦ,
944 1895 1005 1960 ἐξ
1047 1895 1334 1966 Ἀρκαδίας
1386 1895 1690 1966 φεύγουσαν
1731 1895 1926 1949 Ἀπόλ-

346 1989 488 2042 λωνα
516 1987 607 2040 τὸν
637 1985 891 2058 ἐραστὴν,
926 1987 1006 2048 είς
1036 1985 1326 2057 ὁμώνυμον
1353 1987 1518 2056 φυτὸν
1550 1986 1722 2059 αὐτὴν
1756 2003 1925 2056 μετα-

347 2079 556 2132 ϐαλείνσ
589 2077 678 2132 τὸν
697 2077 774 2139 δέ,
807 2076 939 2148 μηδέ
971 2075 1144 2140 οὕτως
1168 2076 1546 2145 ἀπαλλαγέντα
1574 2077 1666 2130 τοῦ
1695 2075 1922 2141 πάθους,

349 2168 760 2239 στεφανωθῆναι
793 2168 896 2228 τοῖς
932 2164 1146 2230 κλάδοις
1193 2167 1294 2236 τῆς
1334 2167 1637 2238 ἐρωμένης,
1669 2170 1764 2222 καὶ
1800 2168 1922 2221 δένο

347 2257 470 2330 δρον
521 2255 685 2314 οὖσαν
729 2260 1182 2332 περιπτύξασθαι,
1233 2257 1330 2311 καὶ
1386 2261 1452 2328 τῇ
1510 2258 1806 2330 προσεδρίᾳ
1856 2259 1926 2312 τά

353 2347 584 2418 μάλιστα
632 2350 858 2422 τιμῆσαι
889 2351 950 2404 τὸ
982 2349 1197 2421 χωρίον,
1245 2346 1403 2418 είπερ
1438 2365 1491 2400 τι
1528 2347 1655 2401 ἄλλο
1697 2365 1921 2420 κεχαρι-

351 2439 544 2509 σμένον
591 2441 756 2512 αύτῷ.
811 2440 1048 2510 Τοιούτῳ
1097 2439 1152 2492 δέ
1205 2437 1318 2492 ὄντι
1374 2435 1450 2507 τῷ
1497 2437 1803 2508 προαστείῳ
1854 2440 1921 2510 τῇ

348 2530 550 2604 Δάφνῃ,
577 2531 877 2585 ἐπιϐαίνειν
909 2534 1021 2596 τοῖς
1046 2529 1360 2594 ἐπιεικέσιν,
1385 2529 1607 2600 αἰσχρὸν
1626 2529 1920 2598 ἐνομίζετο.

351 2622 422 2674 Ἥ
449 2638 509 2676 τε
541 2622 649 2693 γάρ
680 2623 826 2687 θέσις
864 2625 958 2677 καὶ
992 2626 1026 2694 ἡ
1066 2621 1229 2692 φύσις
1273 2621 1365 2674 τοῦ
1413 2621 1611 2692 χωρίου
1646 2621 1782 2692 πρὸς
1827 2623 1924 2692 ῥᾷ-

352 2711 558 2784 στώνην
587 2714 886 2784 ἐπιτηδεία,
928 2716 1021 2768 καὶ
1063 2716 1096 2784 ἡ
1148 2711 1403 2776 ὑπόθεσις
1446 2711 1539 2765 τοῦ
1582 2710 1750 2782 μύθου
1781 2712 1922 2782 ἐρω-

346 2801 472 2872 τική
515 2818 601 2865 τις
645 2797 800 2865 οὖσα,
854 2805 1055 2874 μικρᾶς
1096 2801 1367 2873 λαϐομένη
1409 2803 1679 2874 ἀφορμῆς,
1706 2801 1924 2857 διπλοῦν

347 2892 597 2947 ἀπετέλει
648 2892 711 2946 τὸ
757 2894 924 2958 πάθος
978 2897 1089 2958 τοῖς
1141 2893 1556 2965 διεφθαρμένοις
1607 2893 1768 2957 νέοις.
1831 2893 1925 2957 Εἰς

349 2985 676 3057 παραίτησιν
704 2986 811 3059 γὰρ
850 2987 1230 3058 προϊσχόμενοι
1270 2984 1341 3039 τὰ
1380 2984 1738 3056 μυθευόμενα,
1765 2984 1927 3055 χαλε-

2021 539 2409 594 contumeliam
2443 552 2599 594 suam
2632 537 2781 590 ultus
2810 545 2914 599 est,
2973 534 3385 602 elegantissimo
3413 545 3466 590 et
3495 536 3592 590 ad-

2021 631 2242 685 modum
2274 629 2452 684 faceto
2484 630 2750 682 adversus
2781 625 3156 678 Antiochcnos
3193 624 3336 678 libro
3361 640 3587 695 compo-

2021 721 2162 786 sito,
2222 735 2383 790 quem
2429 717 2807 785 Μισοπώγωνα
2855 716 3156 783 inscripsit.
3209 713 3378 768 Porro
3434 715 3592 768 Chri-

2021 813 2236 868 Stianos
2281 811 2448 866 etiam
2487 811 2542 864 in
2585 810 2687 863 hac
2728 810 2861 863 urbe
2906 807 3072 863 solito
3110 820 3263 860 more
3299 806 3588 868 tractavit,

2022 912 2077 960 et
2109 903 2424 974 religionem
2461 902 2745 971 gentilium
2793 900 2905 954 illic
2946 899 3196 954 stabilire
3242 897 3474 952 studuit.
3525 897 3595 948 Et

2023 1009 2154 1049 vero
2199 1007 2323 1063 qua:
2373 1001 2505 1047 tunc
2564 990 2827 1060 temporis
2881 990 3032 1043 circa
3085 987 3592 1056 loculum.Bab_vl:e

2023 1085 2281 1157 martyris
2302 1125 2317 1148 ,
2349 1095 2402 1140 et
2434 1085 2488 1138 in
2519 1085 2722 1152 templo
2755 1080 3024 1150 Apollinis
3055 1078 3314 1148 Daphnaei
3346 1079 3591 1146 contige-

2023 1185 2153 1232 runt
2174 1216 2189 1240 ,
2225 1191 2406 1246 opera:
2436 1178 2674 1245 pretium
2707 1172 2870 1228 fuerit
2901 1185 3358 1226 commemorare.
3390 1167 3594 1222 Narra-

2025 1269 2228 1323 tionem
2264 1266 2429 1336 209
2454 1275 2632 1320 autem
2671 1265 2799 1319 hinc
2837 1262 3115 1318 exordiar.
3161 1260 3380 1330 Daphne
3411 1261 3596 1315 nobile

2025 1357 2328 1414 Antiochia:
2359 1357 2763 1420 suburbanum,
2789 1355 3084 1409 multarum
3118 1353 3337 1422 quidem
3368 1367 3595 1421 cupres-

2024 1466 2213 1508 sorum
2240 1463 2468 1506 nemore
2502 1449 2719 1504 nitescit
2775 1445 2869 1502 sed
2897 1454 2950 1500 et
2981 1444 3106 1500 aliis
3133 1444 3274 1497 inter
3298 1457 3595 1511 cupressos

2025 1541 2257 1598 censitis
2291 1540 2583 1596 arboribus
2619 1538 2885 1592 variatur.
2923 1536 3039 1590 Sub
3072 1534 3359 1589 arboribus
3389 1541 3592 1596 autem,

2025 1646 2126 1702 pro
2155 1639 2461 1700 temporum
2484 1626 2892 1691 vicissitudine,
2913 1621 3388 1694 fragrantissimos
3415 1621 3598 1674 omnis

2026 1721 2243 1791 generis
2291 1719 2453 1773 ﬂores
2493 1718 2657 1772 tellus
2695 1715 2888 1786 gignit.
2931 1712 3102 1767 Porro
3143 1711 3372 1764 lacunar
3415 1710 3595 1778 potius

2024 1809 2322 1878 quoddam,
2367 1823 2530 1878 quam
2584 1807 2798 1868 umbra,
2839 1804 3018 1858 locum
3075 1801 3320 1870 undique
3363 1799 3594 1868 obtegit,

2025 1915 2136 1968 pra:
2176 1896 2454 1954 frondium
2486 1912 2549 1952 ac
2594 1910 2874 1950 ramorum
2921 1894 3214 1959 densitate,
3243 1891 3376 1946 solis
3412 1890 3596 1943 radios

2022 1992 2248 2046 humum
2306 2004 2480 2059 usque
2535 1989 2846 2060 pertingere
2911 2001 3020 2040 non
3074 1984 3286 2041 sinens.
3336 1983 3598 2039 Amemus

2024 2089 2288 2152 praeterea
2319 2095 2383 2134 ac
2405 2079 2686 2149 jucundus
2713 2085 2798 2133 est
2819 2078 2972 2132 locus
2991 2076 3060 2131 ob
3087 2089 3355 2145 aquarum
3381 2074 3597 2141 copiam

2025 2185 2089 2225 ac
2115 2169 2605 2239 pulchritudinem,
2627 2175 2683 2223 et
2705 2166 2780 2222 ob
2802 2164 3121 2234 temperiem
3151 2161 3275 2217 coell
3299 2169 3601 2230 ειμι-αριστ

2025 2277 2188 2316 auras
2252 2261 2491 2316 molliter
2555 2261 2852 2330 spirantes.
2902 2256 2983 2311 lbi
3038 2255 3360 2310 fabulantur
3421 2253 3598 2308 Graeci

2023 2352 2310 2421 Daphnen,
2340 2349 2581 2404 Ladonis
2611 2349 2760 2404 ﬂuvii
2793 2349 2981 2413 filiam,
3008 2361 3074 2400 ex
3109 2345 3346 2400 Arcadia
3383 2345 3600 2413 fugien-

2023 2451 2133 2499 tem
2191 2442 2499 2512 Apollinem
2559 2449 2882 2504 amatorem,
2935 2440 2990 2492 in
3045 2439 3302 2493 arborem
3360 2435 3602 2490 nominis

2025 2535 2109 2591 sui
2135 2548 2457 2588 conversam
2496 2547 2618 2588 esse
2643 2549 2658 2598 ;
2688 2530 2994 2600 Apollinem
3029 2543 3160 2583 vero
3207 2542 3275 2582 ne
3316 2533 3431 2580 tum
3479 2526 3601 2596 qui-

2024 2627 2148 2682 dem
2210 2625 2624 2695 perturbatione
2689 2621 2858 2676 animi
2920 2620 3256 2684 liberatum,
3311 2631 3378 2672 ex
3433 2615 3602 2670 ramis

2024 2727 2220 2773 amata:
2259 2731 2524 2772 coronam
2567 2714 2671 2770 sibi
2705 2713 2966 2777 texuisse,
2997 2724 3232 2779 eamque
3271 2709 3399 2763 licet
3441 2708 3601 2761 arbo-

2023 2825 2138 2865 rem
2188 2807 2434 2864 brachiis
2472 2805 2815 2876 compl'exum
2866 2802 3061 2858 fuisse.
3110 2801 3174 2855 Et
3224 2803 3372 2854 hunc
3416 2799 3600 2852 locum

2023 2915 2134 2971 pne
2167 2899 2379 2955 eteteris
2428 2912 2570 2968 quos
2617 2896 2855 2960 amabat,
2890 2893 3184 2960 praesentia
3234 2905 3332 2945 sua
3377 2905 3441 2943 ac
3479 2889 3601 2943 diu»

2024 3001 2191 3047 turno
2229 2987 2514 3046 domicilio
2545 2989 2873 3044 bonorasse.
2905 2985 3042 3039 Cum
3087 2983 3252 3054 igitur
3283 2980 3609 3050 huiusmodi

349 3075 464 3139 πῶς
494 3076 818 3141 ἐξεκαίοντο,
853 3077 947 3131 καὶ
980 3076 1172 3147 ἀνέδην
1217 3077 1297 3140 είς
1337 3075 1667 3139 ἀκολάστους
1695 3075 1922 3147 πράξεις

2023 3091 2170 3139 esset
2206 3081 2584 3138 suburbanum
2624 3078 2868 3150 Daphne,
2902 3076 3094 3147 pedem
3121 3090 3185 3130 eo
3217 3073 3420 3129 inferre
3465 3071 3601 3126 viris

347 3167 606 3240 ἐχώρουν,
660 3169 720 3223 οὐ
769 3171 1062 3242 σωφρονεῖν
1111 3169 1417 3240 δυνάμενοι,
1466 3167 1590 3222 οὔτε
1639 3166 1920 3238 σώφρονας

2024 3173 2182 3229 bonis
2210 3179 2370 3241 turpe
2401 3169 2724 3224 habebatur.
2757 3165 2891 3222 Nam
2924 3174 2976 3221 et
3008 3167 3148 3220 situs
3176 3180 3239 3218 ac
3271 3173 3464 3217 natura
3496 3160 3601 3214 loci

346 3257 487 3310 κατά
530 3257 724 3312 ταύτὸν
767 3259 899 3330 ὁρᾷν
940 3259 1271 3330 ἀνεχόμενοι.
1311 3251 1382 3330 ᾯ
1431 3257 1540 3330 γὰρ
1590 3259 1624 3330 ἠ
1673 3256 1920 3329 διατριϐὴ

346 3347 500 3411 ἐκτὸς
523 3348 806 3420 ἐρωμένης
835 3350 892 3403 ἐν
921 3351 1102 3420 Δάφνῃ
1143 3348 1461 3420 ἐτύγχανεν,
1495 3349 1700 3419 ἠλίθιός
1728 3365 1788 3401 τε
1827 3349 1920 3402 καὶ⁵

346 3437 542 3510 ἀχαρις
581 3439 783 3494 ἐδόκειο
818 3441 910 3494 καὶ
947 3439 1132 3511 ῶσπερ
1183 3456 1236 3493 τι
1281 3439 1411 3508 ἄγος
1451 3439 1483 3509 ἢ
1532 3438 1914 3511 άποτρόπαιος,

347 3531 631 3597 φευκταῖος
683 3525 772 3602 ἦν.
819 3531 928 3584 Kal.
971 3530 1146 3593 ἄλλως
1193 3529 1250 3582 δὲ
1299 3529 1595 3599 σεϐάσμιος
1644 3529 1739 3583 καὶ
1790 3529 1920 3599 περὶ

346 3621 541 3675 πολλοῦ
570 3625 682 3685 τοῖς
724 3621 1090 3692 Ἐλληνισταῖς
1130 3621 1160 3672 ό
1189 3620 1363 3691 χῶρος
1400 3613 1550 3683 οὗτος
1591 3619 1916 3688 ἐτύγχανεν⁹

346 3704 416 3783 ἦν
465 3713 575 3785 γάρ
631 3712 819 3766 ἐνθάδε
888 3713 1157 3782 Δαφναίου
1216 3710 1549 3774 Ἀπόλλωνος
1603 3710 1924 3780 περικαλλὲς

345 3800 597 3872 ἄγαλμα,
655 3802 751 3855 καὶ
792 3799 928 3865 νεὼς
982 3801 1336 3873 μεγαλοφυῶς
1385 3816 1446 3854 τε
1494 3801 1589 3854 καὶ
1629 3799 1924 3871 φιλοτίμως

346 3890 794 3964 ἐξειργασμένος·
839 3891 898 3946 δν
937 3892 1093 3960 λόγος
1133 3890 1483 3962 οἰκοδομῆσαι
1525 3890 1786 3946 Σέλευκον
1829 3891 1922 3946 τὸν

359 3981 629 4054 Ἀντιόχου
665 3981 902 4055 πατέρα,
944 3975 989 4050 ᾧ
1029 3979 1314 4051 ἐπώνυμόν
1359 3981 1507 4034 ἐστιν
1541 3983 1574 4052 ἡ
1607 3980 1921 4051 ’Δντιοχέων

345 4072 522 4136 πόλις.
565 4071 908 4126 Ἐπιστεύετο
941 4071 999 4125 δέ
1042 4071 1192 4143 παρά
1233 4073 1344 4135 τοῖς
1388 4071 1515 4125 τάδε
1543 4071 1919 4144 πρεσϐεύουσι,

347 4164 460 4233 ῥεῖν
504 4162 693 4216 αὐτόθι
733 4164 826 4217 καὶ
866 4163 1010 4235 ὕδωρ
1043 4163 1300 4233 μαντικὸν
1329 4163 1437 4216 ἀπὸ
1482 4164 1795 4228 Κασταλίας
1821 4165 1923 4237 τῆς

345 4253 552 4325 πηγῆς,
579 4253 780 4325 ὁμοίως
802 4255 901 4326 τῆς
929 4255 987 4307 ἐν
1014 4254 1234 4323 Δελφοῖς
1258 4253 1537 4325 ἐνεργείας
1558 4271 1616 4308 τε
1644 4255 1738 4309 καὶ
1762 4272 1924 4327 προσ-

344 4347 571 4418 ηγορίας
596 4345 885 4418 λαχούσης.
921 4346 1220 4416 ’Δμέλειτοι
1263 4346 1358 4400 καὶ
1389 4345 1650 4418 Ἀδριανῷ
1676 4346 1756 4400 ἐτι
1783 4347 1922 4401 ίδιω-

2021 3265 2088 3320 ad
2113 3265 2448 3334 voluptatem
2484 3259 2919 3322 accommodata,
2939 3266 2992 3314 et
3015 3259 3189 3327 ipsius
3215 3255 3410 3309 fabulze
3434 3267 3604 3323 argu-

2020 3362 2262 3410 mentum
2301 3354 2661 3418 amatorium,
2698 3350 2800 3406 levi
2837 3357 3058 3419 arrepta
3089 3347 3386 3404 occasione
3407 3386 3422 3408 ,
3449 3359 3604 3398 mor-

2019 3448 2152 3503 bum
2189 3446 2356 3516 duplo
2406 3443 2716 3515 graviorem
2765 3441 3109 3496 accendebat
3155 3439 3431 3506 corruptis
3467 3435 3604 3489 ado-

2021 3535 2378 3592 lescentibus.
2417 3532 2484 3586 lli
2509 3532 2679 3596 enim,
2717 3530 2957 3584 fabulam
2998 3529 3145 3582 illam
3193 3527 3262 3581 ad
3287 3525 3602 3579 excusatio-

2022 3642 2148 3682 nem
2205 3623 2400 3688 ﬂagitii
2451 3622 2536 3677 sui
2587 3611 3237 3692 praetendentesfmulto
3288 3616 3464 3686 magis
3513 3615 3603 3669 in-

2020 3713 2472 3776 ﬂammabantur,
2517 3710 2782 3780 omnique
2828 3708 3050 3764 licentia
3097 3707 3164 3762 ad
3212 3713 3400 3776 turpes
3445 3713 3603 3756 actus

2022 3811 2471 3878 prorumpentes,
2508 3816 2612 3858 nec
2661 3801 2767 3871 ipsi
2815 3799 3067 3854 modeste
3113 3812 3274 3868 agere
3323 3803 3601 3866 poterant,

2022 3912 2123 3954 nec
2151 3895 2435 3952 modestos
2468 3894 2618 3950 viros
2651 3892 2764 3947 illic
2795 3905 3025 3947 cernere
3065 3888 3435 3945 sustinebant.
3467 3884 3600 3938 Nam

2022 3985 2117 4058 qui
2152 3985 2363 4056 absque
2409 3984 2588 4039 amica
2632 3982 3012 4038 diversaretur
3042 3979 3188 4049 apud
3231 3977 3516 4046 Daphnen,
3554 3974 3604 4027 is

2021 4077 2278 4149 stupidus
2317 4086 2369 4132 et
2405 4075 2730 4140 inurbanus,
2776 4081 2831 4129 et
2880 4083 3140 4140 tanquam
3194 4068 3377 4122 scelus
3422 4063 3602 4134 quod-

2022 4170 2146 4225 dam
2181 4183 2247 4223 ac
2273 4167 2552 4238 piaculum
2604 4164 2899 4234 fugiendus
2941 4159 3258 4214 videbatur.
3291 4155 3357 4209 Et
3397 4153 3605 4222 alioqui

2021 4263 2178 4318 locus
2223 4260 2314 4314 hic
2354 4257 2586 4329 paganis
2635 4255 2968 4309 venerabilis
3033 4265 3342 4323 magnoque
3393 4248 3449 4302 in
3502 4248 3601 4301 ho-

2021 4367 2160 4410 nore
2190 4358 2332 4408 erat.
2367 4349 2500 4404 Erat
2534 4348 2680 4402 enim
2717 4346 2828 4400 illic
2863 4343 3132 4415 Apollinis
3183 4341 3440 4412 Daplmzei
3484 4339 3604 4410 pul-

345 4435 577 4500 τεύοντι,
603 4437 670 4492 τά
706 4439 836 4509 περὶ
868 4438 969 4508 τῆς
999 4437 1275 4510 βασιλείας
1300 4436 1554 4507 αύχοῦσιν
1583 4437 1769 4492 ἐνθάδε
1792 4456 1919 4510 προ·

2022 4443 2356 4502 cherrimum
2383 4439 2738 4496 simulacrum
2760 4445 2817 4491 et
2844 4437 3108 4506 templum
3133 4433 3416 4503 magnifice
3439 4442 3603 4499 atque

349 4526 668 4598 μηνυθῆναι.
702 4530 840 4584 Φασὶ
881 4531 989 4601 γὰρ
1045 4530 1207 4585 αὑτὸν
1232 4528 1443 4597 φύλλον
1486 4529 1703 4599 Δάφνης
1752 4530 1923 4600 ἐμϐά-

345 4614 525 4685 ψαντα
553 4619 619 4688 τῇ
652 4620 828 4690 πηγῇ,
861 4618 1165 4690 ἀρύσασθαι
1195 4615 1294 4688 τὴν
1335 4615 1445 4670 τῶν
1483 4615 1757 4686 ἐσομένων
1783 4617 1924 4687 γνῶ-

347 4725 452 4772 σιν,
505 4710 796 4780 ἐγγράφως
850 4712 943 4765 ἐπὶ
990 4710 1085 4765 τοῦ
1132 4709 1329 4780 φύλλου
1374 4710 1728 4783 δηλωθεῖσαν·
1774 4729 1920 4785 παρ-

345 4801 569 4856 ελθόντα
597 4801 655 4854 δέ
686 4802 765 4866 είς
795 4801 894 4875 τὴν
922 4803 1214 4873 ἡγεμονίαν
1244 4803 1562 4873 καταχῶσαι
1588 4803 1687 4875 τὴν
1714 4805 1922 4876 πηγὴν,

345 4893 486 4948 ὥστε
517 4893 592 4966 μὴ
624 4893 822 4961 ἐξεῖναι
853 4895 946 4950 καὶ
975 4895 1156 4958 ἄλλοις
1187 4895 1587 4966 προμανθάνειν
1613 4895 1675 4948 τὸ
1708 4895 1918 4966 μέλλον.

357 4984 518 5040 Ἀλλά
549 4983 718 5039 ταῦτα
758 4985 878 5056 μέν,
927 4980 1008 5050 οἷς
1038 4986 1240 5040 τούτων
1267 4985 1439 5058 μέλει,
1474 4986 1715 5058 ἀκριϐῶς
1754 4987 1922 5057 μυθοο

343 5075 648 5145 λογούντων
665 5093 680 5110 ·
745 5077 868 5131 ἐπεὶ
919 5077 978 5130 δέ
1039 5077 1237 5142 Γάλλος
1288 5078 1318 5130 ό
1357 5075 1644 5131 Ἰουλιανοῦ
1698 5077 1923 5148 ἀδελφὸς

345 5169 564 5238 Καῖσαρ
596 5169 873 5232 καταστὰς
914 5167 1063 5238 παρά
1098 5168 1497 5236 Κωνσταντίου,
1528 5169 1586 5221 ἐν
1626 5168 1925 5242 Ἀντιοχείᾳ

345 5258 519 5328 διῆγε,
558 5260 880 5331 Χριστιανὸς
911 5259 988 5315 ῶν
1017 5260 1110 5314 καὶ
1145 5263 1204 5325 ἐς
1235 5260 1302 5314 τά
1331 5261 1562 5332 μάλιστα
1609 5261 1924 5332 πρεσϐεύων

343 5350 471 5412 τοὺς
502 5350 643 5420 ύπέρ
687 5350 783 5405 τοῦ
829 5351 1098 5422 δόγματος
1141 5351 1650 5422 μεμαρτυρηκότας,
1685 5351 1923 5420 ἔγνωκεν

355 5441 677 5512 Ἑλληνικῆς
727 5441 1142 5512 δεισιδαιμονίας
1170 5444 1263 5495 καὶ⁷
1329 5441 1539 5514 ὕϐρεως
1609 5444 1922 5498 ἀκολάστων

345 5528 666 5600 ἀνθρώπιον,
697 5529 883 5587 τοῦτον
931 5530 1234 5600 ἐκκαθᾶραι
1261 5529 1350 5583 τὸν
1376 5530 1574 5602 χῶρον.
1608 5529 1922 5584 ’Υπολαϐὼν

344 5619 403 5672 δέ
447 5618 646 5690 ῥᾳδίως
693 5618 1076 5692 περιέσεσθαι,
1126 5621 1175 5672 εί
1223 5619 1508 5692 εὐκτήριον
1547 5619 1734 5674 ἐνθάδε
1781 5622 1925 5674 ἀντι.

348 5707 736 5778 καταστήσειεν
772 5703 937 5772 οἷκον,
971 5705 1271 5776 μετέθηκεν
1303 5709 1380 5771 εἰς
1409 5711 1620 5778 Δάφνην
1660 5707 1753 5780 τὴν
1793 5707 1921 5777 λὰρο

2023 4535 2321 4593 ambitiose
2381 4538 2796 4588 constructum.
2860 4527 3036 4598 Cujus
3095 4525 3284 4595 templi
3351 4523 3604 4578 conditor

2021 4625 2194 4681 fuisse
2219 4621 2427 4678 dicitur
2452 4618 2742 4684 Seleucus,
2759 4625 2920 4688 pater
2947 4615 3205 4671 Antiochi
3230 4615 3399 4678 illius,
3432 4629 3460 4666 a
3491 4629 3601 4684 quo

2021 4714 2312 4772 Antiochia
2367 4727 2568 4768 nomen
2621 4711 2858 4781 accepit.
2914 4708 3260 4765 Credebatur
3312 4706 3478 4761 etiam
3531 4705 3604 4758 ab

2022 4809 2134 4864 illis
2168 4808 2263 4880 qui
2310 4806 2416 4862 ista
2450 4804 2642 4860 colunt
2672 4816 2738 4858 ac
2782 4801 3109 4873 praedicant,
3141 4814 3338 4869 aquam
3373 4798 3485 4852 illic
3518 4796 3603 4850 di-

2021 4898 2349 4954 vinatrieem
2381 4897 2551 4951 ﬂuere
2581 4909 2650 4951 ex
2700 4893 2850 4950 fonte
2892 4892 3161 4959 Castalio,
3198 4891 3294 4962 qui
3325 4889 3467 4944 idem
3501 4904 3602 4943 no-

2022 5005 2150 5046 men
2201 4988 2562 5058 eamdemque
2615 4985 2914 5043 eﬂicaciam
2971 4984 3234 5050 haberet,
3288 4998 3450 5052 quam
3511 4980 3602 5035 ille

2023 5079 2341 5150 Delphicus.
2394 5075 2639 5147 Denique
2699 5083 2756 5132 et
2820 5075 3069 5130 Adriano
3145 5073 3324 5128 adhuc
3386 5071 3602 5142 privato

2021 5171 2309 5242 imperium
2365 5183 2432 5225 eo
2491 5167 2616 5223 loco
2679 5167 3111 5238 praenuntiatum
3179 5181 3304 5222 esse
3360 5164 3593 5233 jactant.

2021 5260 2158 5315 Nam
2187 5275 2314 5314 cum
2351 5257 2544 5313 folium
2573 5258 2714 5314 lauri
2748 5255 3118 5313 immersisset
3148 5256 3204 5311 in
3233 5253 3404 5316 fonte,
3428 5249 3594 5304 futuri

2021 5352 2273 5406 notitiam
2306 5348 2563 5406 hausisse
2599 5349 2812 5406 dicitur
2848 5363 2971 5419 qua:
2995 5348 3053 5403 in
3083 5345 3280 5402 fronde
3320 5339 3598 5408 descripta

2021 5439 2347 5498 esset.Cum
2381 5447 2562 5496 autem
2587 5450 2775 5512 postea
2807 5441 2875 5495 ad
2903 5437 3194 5508 imperium
3232 5429 3592 5503 pervenisset,

2023 5532 2232 5587 fontem
2278 5529 2631 5587 obstruxisse
2663 5530 2862 5592 fertur,
2907 5544 2977 5584 ne
3021 5527 3144 5582 aliis
3192 5523 3356 5579 etiam
3403 5521 3592 5576 liceret

2023 5638 2111 5680 res
2141 5622 2355 5677 futuras
2397 5635 2768 5692 praenoscere.
2803 5619 3006 5675 Verum
3041 5617 3142 5670 has
3180 5612 3396 5668 fabulas
3443 5610 3595 5680 ejus~

2023 5711 2166 5767 modi
2224 5726 2408 5769 rerum
2451 5710 2718 5768 studiosis
2762 5707 3076 5764 accuratius
3117 5702 3470 5775 exponendas
3503 5716 3593 5758 re-
