  <div class='ocr_page' id='page_1' title='image "/cluster/home/n/w/nwhite01/storage/ocr_20150623/67/hvd.32044020707378/645.png"; bbox 0 0 4040 6216; ppageno 0'>
   <div class='ocr_carea' id='block_1_1' title="bbox 393 229 1986 302">
    <p class='ocr_par' dir='ltr' id='par_1_1' title="bbox 393 234 1986 302">
     <span class='ocr_line' id='line_1_1' title="bbox 393 234 1986 302; baseline -0.006 -1"><span class='ocrx_word' id='word_1_1' title='bbox 393 245 534 302; x_wconf 69' lang='lat'><strong>!279</strong></span> <span class='ocrx_word' id='word_1_2' title='bbox 1832 234 1986 292; x_wconf 79' lang='grc' dir='ltr'>εοΖ(</span> 
     </span>
    </p>
   </div>
   <div class='ocr_carea' id='block_1_2' title="bbox 2101 229 3669 302">
    <p class='ocr_par' dir='ltr' id='par_1_2' title="bbox 2101 229 3669 291">
     <span class='ocr_line' id='line_1_2' title="bbox 2101 229 3669 291; baseline -0.003 -2"><span class='ocrx_word' id='word_1_3' title='bbox 2101 235 2173 291; x_wconf 66' lang='grc' dir='ltr'>Νι</span> <span class='ocrx_word' id='word_1_4' title='bbox 3508 229 3669 286; x_wconf 67' lang='grc' dir='ltr'><strong>19.ὶῦ</strong></span> 
     </span>
    </p>
   </div>
   <div class='ocr_carea' id='block_1_3' title="bbox 384 349 1986 424">
    <p class='ocr_par' dir='ltr' id='par_1_3' title="bbox 384 349 1963 424">
     <span class='ocr_line' id='line_1_3' title="bbox 384 349 1963 424; baseline -0.006 -10"><span class='ocrx_word' id='word_1_5' title='bbox 384 354 723 415; x_wconf 78' lang='lat' dir='ltr'><strong>Christianis</strong></span> <span class='ocrx_word' id='word_1_6' title='bbox 746 361 1019 424; x_wconf 75' lang='lat' dir='ltr'><strong>patratum</strong></span> <span class='ocrx_word' id='word_1_7' title='bbox 1048 368 1177 413; x_wconf 83' lang='lat' dir='ltr'><strong>esse</strong></span> <span class='ocrx_word' id='word_1_8' title='bbox 1215 350 1625 411; x_wconf 81' lang='lat' dir='ltr'><strong>asseverabant.</strong></span> <span class='ocrx_word' id='word_1_9' title='bbox 1659 349 1796 417; x_wconf 66' lang='lat' dir='ltr'><strong>Quae</strong></span> <span class='ocrx_word' id='word_1_10' title='bbox 1838 365 1963 406; x_wconf 91' lang='lat' dir='ltr'><strong>cum</strong></span> 
     </span>
    </p>
   </div>
   <div class='ocr_carea' id='block_1_4' title="bbox 2101 349 3633 424">
    <p class='ocr_par' dir='ltr' id='par_1_4' title="bbox 2104 349 3633 424">
     <span class='ocr_line' id='line_1_4' title="bbox 2104 349 3633 424; baseline 0 -20"><span class='ocrx_word' id='word_1_11' title='bbox 2104 352 2351 422; x_wconf 82' lang='grc' dir='ltr'>ενόμενος</span> <span class='ocrx_word' id='word_1_12' title='bbox 2380 352 2513 424; x_wconf 76' lang='lat'><strong>(3|),</strong></span> <span class='ocrx_word' id='word_1_13' title='bbox 2541 352 2634 408; x_wconf 70' lang='grc' dir='ltr'>καὶ</span> <span class='ocrx_word' id='word_1_14' title='bbox 2665 352 2861 416; x_wconf 85' lang='grc' dir='ltr'>πολλὰς</span> <span class='ocrx_word' id='word_1_15' title='bbox 2899 349 3194 422; x_wconf 76' lang='grc' dir='ltr'><strong>ὑπομείνας</strong></span> <span class='ocrx_word' id='word_1_16' title='bbox 3228 349 3463 418; x_wconf 75' lang='grc' dir='ltr'>πληγὰς.</span> <span class='ocrx_word' id='word_1_17' title='bbox 3489 353 3633 422; x_wconf 77' lang='grc' dir='ltr'>χαλε,</span> 
     </span>
    </p>
   </div>
   <div class='ocr_carea' id='block_1_5' title="bbox 394 434 1986 518">
    <p class='ocr_par' dir='ltr' id='par_1_5' title="bbox 394 442 1965 518">
     <span class='ocr_line' id='line_1_5' title="bbox 394 442 1965 518; baseline -0.006 -13"><span class='ocrx_word' id='word_1_18' title='bbox 394 450 717 505; x_wconf 87' lang='lat' dir='ltr'><strong>invaluisset</strong></span> <span class='ocrx_word' id='word_1_19' title='bbox 743 447 1010 518; x_wconf 84' lang='lat' dir='ltr'><strong>suspicio,</strong></span> <span class='ocrx_word' id='word_1_20' title='bbox 1033 447 1292 502; x_wconf 83' lang='lat' dir='ltr'><strong>sacerdos</strong></span> <span class='ocrx_word' id='word_1_21' title='bbox 1322 444 1590 515; x_wconf 83' lang='lat' dir='ltr'><strong>Apollinis</strong></span> <span class='ocrx_word' id='word_1_22' title='bbox 1620 444 1676 498; x_wconf 92' lang='lat' dir='ltr'><strong>in</strong></span> <span class='ocrx_word' id='word_1_23' title='bbox 1694 442 1965 513; x_wconf 86' lang='lat' dir='ltr'><strong>judicium</strong></span> 
     </span>
    </p>
   </div>
   <div class='ocr_carea' id='block_1_6' title="bbox 2101 434 3673 518">
    <p class='ocr_par' dir='ltr' id='par_1_6' title="bbox 2101 434 3673 513">
     <span class='ocr_line' id='line_1_6' title="bbox 2101 434 3673 513; baseline 0.001 -20"><span class='ocrx_word' id='word_1_24' title='bbox 2101 439 2191 504; x_wconf 71' lang='grc' dir='ltr'>πῶς</span> <span class='ocrx_word' id='word_1_25' title='bbox 2216 457 2275 494; x_wconf 88' lang='grc' dir='ltr'><strong>τε</strong></span> <span class='ocrx_word' id='word_1_26' title='bbox 2300 441 2584 507; x_wconf 74' lang='grc' dir='ltr'>αἰκισθεὶς,</span> <span class='ocrx_word' id='word_1_27' title='bbox 2607 443 2794 495; x_wconf 81' lang='grc' dir='ltr'><strong>οὐδένα</strong></span> <span class='ocrx_word' id='word_1_28' title='bbox 2820 443 3194 513; x_wconf 79' lang='grc' dir='ltr'><strong>κατεμήνυσεν</strong></span> <span class='ocrx_word' id='word_1_29' title='bbox 3214 459 3229 471; x_wconf 88' lang='grc'><strong>·</strong></span> <span class='ocrx_word' id='word_1_30' title='bbox 3257 434 3301 508; x_wconf 81' lang='grc' dir='ltr'><strong>ᾧ</strong></span> <span class='ocrx_word' id='word_1_31' title='bbox 3320 440 3385 510; x_wconf 77' lang='grc' dir='ltr'>δὴ</span> <span class='ocrx_word' id='word_1_32' title='bbox 3415 441 3673 511; x_wconf 71' lang='grc' dir='ltr'>μάλιστα</span> 
     </span>
    </p>
   </div>
   <div class='ocr_carea' id='block_1_7' title="bbox 393 534 1970 606">
    <p class='ocr_par' dir='ltr' id='par_1_7' title="bbox 393 534 1970 606">
     <span class='ocr_line' id='line_1_7' title="bbox 393 534 1970 606; baseline -0.008 -9"><span class='ocrx_word' id='word_1_33' title='bbox 393 540 711 601; x_wconf 81' lang='lat' dir='ltr'><strong>adducitur,</strong></span> <span class='ocrx_word' id='word_1_34' title='bbox 755 546 1015 606; x_wconf 87' lang='lat' dir='ltr'><strong>tanquam</strong></span> <span class='ocrx_word' id='word_1_35' title='bbox 1064 538 1431 601; x_wconf 87' lang='lat' dir='ltr'><strong>indicaturus,</strong></span> <span class='ocrx_word' id='word_1_36' title='bbox 1466 534 1720 604; x_wconf 83' lang='lat' dir='ltr'><strong>quisnam</strong></span> <span class='ocrx_word' id='word_1_37' title='bbox 1774 539 1970 587; x_wconf 85' lang='lat' dir='ltr'><strong>auctor</strong></span> 
     </span>
    </p>
   </div>
   <div class='ocr_carea' id='block_1_8' title="bbox 300 624 1965 709">
    <p class='ocr_par' dir='ltr' id='par_1_8' title="bbox 300 624 1965 709">
     <span class='ocr_line' id='line_1_8' title="bbox 300 624 1965 709; baseline -0.007 -21"><span class='ocrx_word' id='word_1_38' title='bbox 300 704 301 709; x_wconf 18' lang='grc' dir='ltr'><strong>η</strong></span> <span class='ocrx_word' id='word_1_39' title='bbox 395 633 590 689; x_wconf 80' lang='lat' dir='ltr'><strong>fuisset</strong></span> <span class='ocrx_word' id='word_1_40' title='bbox 639 633 898 688; x_wconf 84' lang='lat' dir='ltr'><strong>incendii.</strong></span> <span class='ocrx_word' id='word_1_41' title='bbox 952 629 1055 697; x_wconf 87' lang='lat' dir='ltr'><strong>Qui</strong></span> <span class='ocrx_word' id='word_1_42' title='bbox 1108 630 1237 686; x_wconf 90' lang='lat' dir='ltr'><strong>licet</strong></span> <span class='ocrx_word' id='word_1_43' title='bbox 1284 628 1572 698; x_wconf 89' lang='lat' dir='ltr'><strong>conjectus</strong></span> <span class='ocrx_word' id='word_1_44' title='bbox 1618 627 1674 682; x_wconf 91' lang='lat' dir='ltr'><strong>in</strong></span> <span class='ocrx_word' id='word_1_45' title='bbox 1723 624 1965 689; x_wconf 83' lang='lat' dir='ltr'><strong>vincula,</strong></span> 
     </span>
    </p>
   </div>
   <div class='ocr_carea' id='block_1_9' title="bbox 394 714 1973 794">
    <p class='ocr_par' dir='ltr' id='par_1_9' title="bbox 394 714 1973 794">
     <span class='ocr_line' id='line_1_9' title="bbox 394 714 1973 794; baseline -0.008 -15"><span class='ocrx_word' id='word_1_46' title='bbox 394 726 695 794; x_wconf 80' lang='lat' dir='ltr'><strong>multisque</strong></span> <span class='ocrx_word' id='word_1_47' title='bbox 723 723 1051 779; x_wconf 84' lang='lat' dir='ltr'><strong>verberibus</strong></span> <span class='ocrx_word' id='word_1_48' title='bbox 1085 736 1149 776; x_wconf 92' lang='lat' dir='ltr'><strong>ac</strong></span> <span class='ocrx_word' id='word_1_49' title='bbox 1178 721 1466 776; x_wconf 89' lang='lat' dir='ltr'><strong>tormentis</strong></span> <span class='ocrx_word' id='word_1_50' title='bbox 1500 718 1749 782; x_wconf 76' lang='lat' dir='ltr'><strong>ab‘ectus,</strong></span> <span class='ocrx_word' id='word_1_51' title='bbox 1794 714 1973 770; x_wconf 83' lang='lat' dir='ltr'><strong>nemi-</strong></span> 
     </span>
    </p>
   </div>
   <div class='ocr_carea' id='block_1_10' title="bbox 396 810 1969 878">
    <p class='ocr_par' dir='ltr' id='par_1_10' title="bbox 396 810 1969 878">
     <span class='ocr_line' id='line_1_10' title="bbox 396 810 1969 878; baseline -0.006 -9"><span class='ocrx_word' id='word_1_52' title='bbox 396 832 523 870; x_wconf 77' lang='lat' dir='ltr'><strong>nem</strong></span> <span class='ocrx_word' id='word_1_53' title='bbox 580 822 761 869; x_wconf 86' lang='lat' dir='ltr'><strong>tamen</strong></span> <span class='ocrx_word' id='word_1_54' title='bbox 822 812 1104 868; x_wconf 83' lang='lat' dir='ltr'><strong>indicavit.</strong></span> <span class='ocrx_word' id='word_1_55' title='bbox 1163 810 1286 878; x_wconf 85' lang='lat' dir='ltr'><strong>Quo</strong></span> <span class='ocrx_word' id='word_1_56' title='bbox 1343 810 1581 864; x_wconf 78' lang='lat' dir='ltr'><strong>maxime</strong></span> <span class='ocrx_word' id='word_1_57' title='bbox 1646 813 1969 877; x_wconf 86' lang='lat' dir='ltr'><strong>argumento</strong></span> 
     </span>
    </p>
   </div>
   <div class='ocr_carea' id='block_1_11' title="bbox 394 894 1974 971">
    <p class='ocr_par' dir='ltr' id='par_1_11' title="bbox 394 894 1974 971">
     <span class='ocr_line' id='line_1_11' title="bbox 394 894 1974 971; baseline -0.008 -11"><span class='ocrx_word' id='word_1_58' title='bbox 394 904 697 960; x_wconf 84' lang='lat' dir='ltr'><strong>Christiani</strong></span> <span class='ocrx_word' id='word_1_59' title='bbox 732 901 1095 965; x_wconf 83' lang='lat' dir='ltr'><strong>afﬁrmabant,</strong></span> <span class='ocrx_word' id='word_1_60' title='bbox 1126 900 1304 971; x_wconf 91' lang='lat' dir='ltr'><strong>ignem</strong></span> <span class='ocrx_word' id='word_1_61' title='bbox 1348 898 1497 953; x_wconf 88' lang='lat' dir='ltr'><strong>hunc</strong></span> <span class='ocrx_word' id='word_1_62' title='bbox 1546 911 1655 951; x_wconf 89' lang='lat' dir='ltr'><strong>non</strong></span> <span class='ocrx_word' id='word_1_63' title='bbox 1701 912 1768 951; x_wconf 88' lang='lat' dir='ltr'><strong>ex</strong></span> <span class='ocrx_word' id='word_1_64' title='bbox 1801 894 1974 949; x_wconf 85' lang='lat' dir='ltr'><strong>homi-</strong></span> 
     </span>
    </p>
   </div>
   <div class='ocr_carea' id='block_1_12' title="bbox 396 988 1970 1061">
    <p class='ocr_par' dir='ltr' id='par_1_12' title="bbox 396 988 1970 1061">
     <span class='ocr_line' id='line_1_12' title="bbox 396 988 1970 1061; baseline -0.007 -9"><span class='ocrx_word' id='word_1_65' title='bbox 396 1011 530 1052; x_wconf 86' lang='lat' dir='ltr'><strong>num</strong></span> <span class='ocrx_word' id='word_1_66' title='bbox 555 996 793 1061; x_wconf 87' lang='lat' dir='ltr'><strong>insidiis,</strong></span> <span class='ocrx_word' id='word_1_67' title='bbox 813 993 909 1050; x_wconf 89' lang='lat' dir='ltr'><strong>sed</strong></span> <span class='ocrx_word' id='word_1_68' title='bbox 933 994 1145 1048; x_wconf 86' lang='lat' dir='ltr'><strong>ultione</strong></span> <span class='ocrx_word' id='word_1_69' title='bbox 1171 991 1357 1047; x_wconf 90' lang='lat' dir='ltr'><strong>divina</strong></span> <span class='ocrx_word' id='word_1_70' title='bbox 1383 993 1436 1045; x_wconf 91' lang='lat' dir='ltr'><strong>in</strong></span> <span class='ocrx_word' id='word_1_71' title='bbox 1461 990 1725 1060; x_wconf 85' lang='lat' dir='ltr'><strong>templum</strong></span> <span class='ocrx_word' id='word_1_72' title='bbox 1750 988 1970 1045; x_wconf 62' lang='lat' dir='ltr'><strong>coalitus</strong></span> 
     </span>
    </p>
   </div>
   <div class='ocr_carea' id='block_1_13' title="bbox 400 1081 1969 1157">
    <p class='ocr_par' dir='ltr' id='par_1_13' title="bbox 400 1081 1969 1157">
     <span class='ocr_line' id='line_1_13' title="bbox 400 1081 1969 1157; baseline -0.008 -15"><span class='ocrx_word' id='word_1_73' title='bbox 400 1088 667 1157; x_wconf 87' lang='lat' dir='ltr'><strong>injectum</strong></span> <span class='ocrx_word' id='word_1_74' title='bbox 702 1085 894 1141; x_wconf 84' lang='lat' dir='ltr'><strong>fuisse.</strong></span> <span class='ocrx_word' id='word_1_75' title='bbox 923 1086 1098 1154; x_wconf 88' lang='lat' dir='ltr'><strong>Atque</strong></span> <span class='ocrx_word' id='word_1_76' title='bbox 1133 1084 1245 1139; x_wconf 59' lang='lat' dir='ltr'><strong>haec</strong></span> <span class='ocrx_word' id='word_1_77' title='bbox 1269 1081 1489 1152; x_wconf 88' lang='lat' dir='ltr'><strong>quidem</strong></span> <span class='ocrx_word' id='word_1_78' title='bbox 1525 1081 1599 1134; x_wconf 92' lang='lat' dir='ltr'><strong>ita</strong></span> <span class='ocrx_word' id='word_1_79' title='bbox 1628 1087 1782 1150; x_wconf 78' lang='lat' dir='ltr'><strong>gesta</strong></span> <span class='ocrx_word' id='word_1_80' title='bbox 1817 1085 1969 1134; x_wconf 82' lang='lat' dir='ltr'><strong>sunt.</strong></span> 
     </span>
    </p>
   </div>
   <div class='ocr_carea' id='block_1_14' title="bbox 2078 530 3639 605">
    <p class='ocr_par' dir='ltr' id='par_1_14' title="bbox 2078 530 3639 605">
     <span class='ocr_line' id='line_1_14' title="bbox 2078 530 3639 605; baseline 0.002 -22"><span class='ocrx_word' id='word_1_81' title='bbox 2078 530 2412 601; x_wconf 73' lang='grc' dir='ltr'>ἰσχυρίζοντο</span> <span class='ocrx_word' id='word_1_82' title='bbox 2463 534 2513 585; x_wconf 78' lang='grc' dir='ltr'>οἱ</span> <span class='ocrx_word' id='word_1_83' title='bbox 2563 534 2909 605; x_wconf 73' lang='grc' dir='ltr'><strong>Χριστιανοὶ,</strong></span> <span class='ocrx_word' id='word_1_84' title='bbox 2948 534 3024 604; x_wconf 81' lang='grc' dir='ltr'>μὴ</span> <span class='ocrx_word' id='word_1_85' title='bbox 3070 532 3515 604; x_wconf 64' lang='grc' dir='ltr'>κατ’ςὲπτεουλὴν</span> <span class='ocrx_word' id='word_1_86' title='bbox 3560 536 3639 589; x_wconf 75' lang='grc' dir='ltr'><strong>ἀν</strong></span> 
     </span>
    </p>
   </div>
   <div class='ocr_carea' id='block_1_15' title="bbox 2075 617 3677 693">
    <p class='ocr_par' dir='ltr' id='par_1_15' title="bbox 2075 617 3677 693">
     <span class='ocr_line' id='line_1_15' title="bbox 2075 617 3677 693; baseline 0.001 -21"><span class='ocrx_word' id='word_1_87' title='bbox 2075 617 2386 690; x_wconf 86' lang='grc' dir='ltr'>θρωπείαν,</span> <span class='ocrx_word' id='word_1_88' title='bbox 2434 620 2572 676; x_wconf 86' lang='grc' dir='ltr'><strong>ἀλλά</strong></span> <span class='ocrx_word' id='word_1_89' title='bbox 2633 620 2775 676; x_wconf 88' lang='grc' dir='ltr'><strong>κατά</strong></span> <span class='ocrx_word' id='word_1_90' title='bbox 2830 620 2977 674; x_wconf 81' lang='grc' dir='ltr'>θείαν</span> <span class='ocrx_word' id='word_1_91' title='bbox 3026 622 3187 692; x_wconf 82' lang='grc' dir='ltr'>μῆνιν</span> <span class='ocrx_word' id='word_1_92' title='bbox 3241 621 3510 692; x_wconf 77' lang='grc' dir='ltr'>ἐνσκῆψαι</span> <span class='ocrx_word' id='word_1_93' title='bbox 3582 623 3677 693; x_wconf 79' lang='grc' dir='ltr'>τῷ</span> 
     </span>
    </p>
   </div>
   <div class='ocr_carea' id='block_1_16' title="bbox 2075 706 3681 786">
    <p class='ocr_par' dir='ltr' id='par_1_16' title="bbox 2075 706 3681 786">
     <span class='ocr_line' id='line_1_16' title="bbox 2075 706 3681 786; baseline 0.002 -23"><span class='ocrx_word' id='word_1_94' title='bbox 2075 709 2180 781; x_wconf 84' lang='grc' dir='ltr'><strong>νεῷ</strong></span> <span class='ocrx_word' id='word_1_95' title='bbox 2204 710 2454 782; x_wconf 82' lang='grc' dir='ltr'>οὐράνιον</span> <span class='ocrx_word' id='word_1_96' title='bbox 2492 712 2624 784; x_wconf 87' lang='grc' dir='ltr'>πῦρ.</span> <span class='ocrx_word' id='word_1_97' title='bbox 2653 713 2855 771; x_wconf 79' lang='grc' dir='ltr'>Καὶ,τά</span> <span class='ocrx_word' id='word_1_98' title='bbox 2884 714 2981 785; x_wconf 77' lang='grc' dir='ltr'>μὲν</span> <span class='ocrx_word' id='word_1_99' title='bbox 3020 706 3123 767; x_wconf 81' lang='grc' dir='ltr'>ὧδε</span> <span class='ocrx_word' id='word_1_100' title='bbox 3166 714 3357 783; x_wconf 68' lang='grc' dir='ltr'>ἔσχεν·</span> <span class='ocrx_word' id='word_1_101' title='bbox 3384 714 3461 777; x_wconf 81' lang='grc' dir='ltr'>ὡς</span> <span class='ocrx_word' id='word_1_102' title='bbox 3499 711 3681 786; x_wconf 75' lang='grc' dir='ltr'>οἶμαι</span> 
     </span>
    </p>
   </div>
   <div class='ocr_carea' id='block_1_17' title="bbox 2073 797 3686 875">
    <p class='ocr_par' dir='ltr' id='par_1_17' title="bbox 2073 797 3686 875">
     <span class='ocr_line' id='line_1_17' title="bbox 2073 797 3686 875; baseline 0.002 -23"><span class='ocrx_word' id='word_1_103' title='bbox 2073 797 2157 865; x_wconf 84' lang='grc' dir='ltr'>δὲ,</span> <span class='ocrx_word' id='word_1_104' title='bbox 2192 800 2256 853; x_wconf 80' lang='grc' dir='ltr'>ὲκ</span> <span class='ocrx_word' id='word_1_105' title='bbox 2276 799 2386 854; x_wconf 87' lang='grc' dir='ltr'><strong>τῶν</strong></span> <span class='ocrx_word' id='word_1_106' title='bbox 2411 800 2733 872; x_wconf 75' lang='grc' dir='ltr'>συμϐάντων</span> <span class='ocrx_word' id='word_1_107' title='bbox 2759 803 2818 855; x_wconf 79' lang='grc' dir='ltr'>ὲν</span> <span class='ocrx_word' id='word_1_108' title='bbox 2846 804 2912 874; x_wconf 76' lang='grc' dir='ltr'>τῇ</span> <span class='ocrx_word' id='word_1_109' title='bbox 2942 802 3126 875; x_wconf 75' lang='grc' dir='ltr'>Δάφνῃ</span> <span class='ocrx_word' id='word_1_110' title='bbox 3163 802 3252 856; x_wconf 76' lang='grc' dir='ltr'>διὰ</span> <span class='ocrx_word' id='word_1_111' title='bbox 3279 803 3372 856; x_wconf 82' lang='grc' dir='ltr'>τὸν</span> <span class='ocrx_word' id='word_1_112' title='bbox 3402 803 3686 873; x_wconf 72' lang='grc' dir='ltr'>μάρτυρα.</span> 
     </span>
    </p>
   </div>
   <div class='ocr_carea' id='block_1_18' title="bbox 2076 888 3687 964">
    <p class='ocr_par' dir='ltr' id='par_1_18' title="bbox 2076 888 3687 964">
     <span class='ocr_line' id='line_1_18' title="bbox 2076 888 3687 964; baseline 0 -21"><span class='ocrx_word' id='word_1_113' title='bbox 2076 888 2323 943; x_wconf 77' lang='grc' dir='ltr'>Βαϐύλαν</span> <span class='ocrx_word' id='word_1_114' title='bbox 2351 888 2652 961; x_wconf 82' lang='grc' dir='ltr'>πυθόμενος</span> <span class='ocrx_word' id='word_1_115' title='bbox 2675 893 2704 945; x_wconf 83' lang='grc' dir='ltr'><strong>ὁ</strong></span> <span class='ocrx_word' id='word_1_116' title='bbox 2730 891 3010 962; x_wconf 80' lang='grc' dir='ltr'>βασιλεὺς,</span> <span class='ocrx_word' id='word_1_117' title='bbox 3046 892 3140 945; x_wconf 67' lang='grc' dir='ltr'><strong>ἐπὶ</strong></span> <span class='ocrx_word' id='word_1_118' title='bbox 3184 895 3319 964; x_wconf 74' lang='grc' dir='ltr'>τιμῇ</span> <span class='ocrx_word' id='word_1_119' title='bbox 3362 894 3687 964; x_wconf 74' lang='grc' dir='ltr'>μαρτύρων</span> 
     </span>
    </p>
   </div>
   <div class='ocr_carea' id='block_1_19' title="bbox 2074 978 3685 1054">
    <p class='ocr_par' dir='ltr' id='par_1_19' title="bbox 2074 978 3685 1054">
     <span class='ocr_line' id='line_1_19' title="bbox 2074 978 3685 1054; baseline 0 -19"><span class='ocrx_word' id='word_1_120' title='bbox 2074 983 2400 1053; x_wconf 82' lang='grc' dir='ltr'>εὐκτηρίους</span> <span class='ocrx_word' id='word_1_121' title='bbox 2426 984 2608 1047; x_wconf 73' lang='grc' dir='ltr'>οἴκους</span> <span class='ocrx_word' id='word_1_122' title='bbox 2632 978 2773 1037; x_wconf 74' lang='grc' dir='ltr'>εἶναι</span> <span class='ocrx_word' id='word_1_123' title='bbox 2812 984 3038 1054; x_wconf 70' lang='grc' dir='ltr'>πλησίον</span> <span class='ocrx_word' id='word_1_124' title='bbox 3078 984 3172 1037; x_wconf 84' lang='grc' dir='ltr'><strong>τοῦ</strong></span> <span class='ocrx_word' id='word_1_125' title='bbox 3202 984 3331 1038; x_wconf 83' lang='grc' dir='ltr'>ναοῦ</span> <span class='ocrx_word' id='word_1_126' title='bbox 3362 984 3685 1054; x_wconf 72' lang='grc' dir='ltr'>Διδυμαίου</span> 
     </span>
    </p>
   </div>
   <div class='ocr_carea' id='block_1_20' title="bbox 2089 1071 3692 1146">
    <p class='ocr_par' dir='ltr' id='par_1_20' title="bbox 2089 1071 3692 1146">
     <span class='ocr_line' id='line_1_20' title="bbox 2089 1071 3692 1146; baseline -0.001 -20"><span class='ocrx_word' id='word_1_127' title='bbox 2089 1073 2441 1137; x_wconf 79' lang='grc' dir='ltr'>Ἀπόλλωνος,</span> <span class='ocrx_word' id='word_1_128' title='bbox 2475 1073 2535 1138; x_wconf 81' lang='grc' dir='ltr'>ὃς</span> <span class='ocrx_word' id='word_1_129' title='bbox 2577 1073 2686 1145; x_wconf 76' lang='grc' dir='ltr'><strong>πρδ</strong></span> <span class='ocrx_word' id='word_1_130' title='bbox 2723 1074 2822 1146; x_wconf 84' lang='grc' dir='ltr'>τῆς</span> <span class='ocrx_word' id='word_1_131' title='bbox 2860 1074 3100 1145; x_wconf 73' lang='grc' dir='ltr'>Μιλήτου</span> <span class='ocrx_word' id='word_1_132' title='bbox 3150 1075 3317 1140; x_wconf 75' lang='grc' dir='ltr'>ἐστὶν,</span> <span class='ocrx_word' id='word_1_133' title='bbox 3345 1073 3557 1145; x_wconf 69' lang='grc' dir='ltr'>ἔγραψε</span> <span class='ocrx_word' id='word_1_134' title='bbox 3589 1071 3692 1141; x_wconf 74' lang='grc' dir='ltr'><strong>τῷ</strong></span> 
     </span>
    </p>
   </div>
   <div class='ocr_carea' id='block_1_21' title="bbox 399 1164 1986 1247">
    <p class='ocr_par' dir='ltr' id='par_1_21' title="bbox 399 1168 1975 1247">
     <span class='ocr_line' id='line_1_21' title="bbox 399 1168 1975 1247; baseline -0.006 -15"><span class='ocrx_word' id='word_1_135' title='bbox 399 1177 571 1233; x_wconf 81' lang='lat' dir='ltr'><strong>Porro</strong></span> <span class='ocrx_word' id='word_1_136' title='bbox 603 1177 675 1233; x_wconf 90' lang='lat' dir='ltr'><strong>ob</strong></span> <span class='ocrx_word' id='word_1_137' title='bbox 725 1191 809 1243; x_wconf 85' lang='lat' dir='ltr'><strong>ea,</strong></span> <span class='ocrx_word' id='word_1_138' title='bbox 859 1186 919 1231; x_wconf 93' lang='lat' dir='ltr'><strong>ut</strong></span> <span class='ocrx_word' id='word_1_139' title='bbox 949 1177 1164 1247; x_wconf 86' lang='lat' dir='ltr'><strong>opinor,</strong></span> <span class='ocrx_word' id='word_1_140' title='bbox 1212 1189 1337 1245; x_wconf 75' lang='lat' dir='ltr'><strong>qua:</strong></span> <span class='ocrx_word' id='word_1_141' title='bbox 1383 1172 1623 1241; x_wconf 61' lang='lat' dir='ltr'><strong>Daphitae</strong></span> <span class='ocrx_word' id='word_1_142' title='bbox 1657 1168 1975 1225; x_wconf 79' lang='lat' dir='ltr'><strong>acciderant</strong></span> 
     </span>
    </p>
   </div>
   <div class='ocr_carea' id='block_1_22' title="bbox 2101 1164 3691 1247">
    <p class='ocr_par' dir='ltr' id='par_1_22' title="bbox 2101 1164 3691 1236">
     <span class='ocr_line' id='line_1_22' title="bbox 2101 1164 3691 1236; baseline 0 -17"><span class='ocrx_word' id='word_1_143' title='bbox 2101 1164 2305 1234; x_wconf 70' lang='grc' dir='ltr'>ιγεμόνι</span> <span class='ocrx_word' id='word_1_144' title='bbox 2358 1165 2593 1236; x_wconf 79' lang='grc' dir='ltr'>Καρίας,</span> <span class='ocrx_word' id='word_1_145' title='bbox 2640 1167 2700 1220; x_wconf 77' lang='grc' dir='ltr'><strong>εί⁴</strong></span> <span class='ocrx_word' id='word_1_146' title='bbox 2738 1165 2838 1235; x_wconf 81' lang='grc' dir='ltr'>μὲν</span> <span class='ocrx_word' id='word_1_147' title='bbox 2883 1165 3083 1236; x_wconf 74' lang='grc' dir='ltr'>δροφόν</span> <span class='ocrx_word' id='word_1_148' title='bbox 3128 1182 3187 1219; x_wconf 87' lang='grc' dir='ltr'><strong>τε</strong></span> <span class='ocrx_word' id='word_1_149' title='bbox 3237 1166 3334 1219; x_wconf 66' lang='grc' dir='ltr'>καὶ</span> <span class='ocrx_word' id='word_1_150' title='bbox 3377 1167 3691 1236; x_wconf 75' lang='grc' dir='ltr'>τράπεζαν</span> 
     </span>
    </p>
   </div>
   <div class='ocr_carea' id='block_1_23' title="bbox 400 1252 1986 1341">
    <p class='ocr_par' dir='ltr' id='par_1_23' title="bbox 400 1265 1972 1341">
     <span class='ocr_line' id='line_1_23' title="bbox 400 1265 1972 1341; baseline -0.007 -19"><span class='ocrx_word' id='word_1_151' title='bbox 400 1279 626 1341; x_wconf 79' lang='lat' dir='ltr'><strong>propter</strong></span> <span class='ocrx_word' id='word_1_152' title='bbox 658 1269 922 1339; x_wconf 84' lang='lat' dir='ltr'><strong>reliquias</strong></span> <span class='ocrx_word' id='word_1_153' title='bbox 949 1267 1166 1339; x_wconf 69' lang='lat' dir='ltr'><strong>Babylae</strong></span> <span class='ocrx_word' id='word_1_154' title='bbox 1207 1265 1488 1338; x_wconf 85' lang='lat' dir='ltr'><strong>martyris,</strong></span> <span class='ocrx_word' id='word_1_155' title='bbox 1524 1265 1821 1333; x_wconf 79' lang='lat' dir='ltr'><strong>imperator</strong></span> <span class='ocrx_word' id='word_1_156' title='bbox 1849 1274 1972 1314; x_wconf 82' lang='lat' dir='ltr'><strong>cum</strong></span> 
     </span>
    </p>
   </div>
   <div class='ocr_carea' id='block_1_24' title="bbox 2101 1252 3691 1341">
    <p class='ocr_par' dir='ltr' id='par_1_24' title="bbox 2101 1252 3691 1326">
     <span class='ocr_line' id='line_1_24' title="bbox 2101 1252 3691 1326; baseline 0.003 -21"><span class='ocrx_word' id='word_1_157' title='bbox 2101 1252 2233 1326; x_wconf 79' lang='grc' dir='ltr'><strong>εράν</strong></span> <span class='ocrx_word' id='word_1_158' title='bbox 2261 1252 2464 1322; x_wconf 70' lang='grc' dir='ltr'>ἔχουσι,</span> <span class='ocrx_word' id='word_1_159' title='bbox 2501 1252 2636 1324; x_wconf 79' lang='grc' dir='ltr'>πυρὶ</span> <span class='ocrx_word' id='word_1_160' title='bbox 2681 1252 3045 1322; x_wconf 75' lang='grc' dir='ltr'>καταφλέξαι·</span> <span class='ocrx_word' id='word_1_161' title='bbox 3078 1255 3127 1307; x_wconf 89' lang='grc' dir='ltr'><strong>εί</strong></span> <span class='ocrx_word' id='word_1_162' title='bbox 3168 1254 3225 1306; x_wconf 87' lang='grc' dir='ltr'>δὲ</span> <span class='ocrx_word' id='word_1_163' title='bbox 3258 1254 3502 1325; x_wconf 75' lang='grc' dir='ltr'>ἡμίεργά</span> <span class='ocrx_word' id='word_1_164' title='bbox 3544 1256 3691 1309; x_wconf 74' lang='grc' dir='ltr'>ἐστι</span> 
     </span>
    </p>
   </div>
   <div class='ocr_carea' id='block_1_25' title="bbox 402 1342 1986 1430">
    <p class='ocr_par' dir='ltr' id='par_1_25' title="bbox 402 1352 1975 1430">
     <span class='ocr_line' id='line_1_25' title="bbox 402 1352 1975 1430; baseline -0.008 -15"><span class='ocrx_word' id='word_1_165' title='bbox 402 1361 704 1430; x_wconf 83' lang='lat' dir='ltr'><strong>accepisset</strong></span> <span class='ocrx_word' id='word_1_166' title='bbox 752 1359 1018 1417; x_wconf 87' lang='lat' dir='ltr'><strong>ecclesias</strong></span> <span class='ocrx_word' id='word_1_167' title='bbox 1078 1356 1347 1428; x_wconf 87' lang='lat' dir='ltr'><strong>quasdam</strong></span> <span class='ocrx_word' id='word_1_168' title='bbox 1407 1354 1569 1425; x_wconf 67' lang='lat'><strong>212</strong></span> <span class='ocrx_word' id='word_1_169' title='bbox 1609 1353 1663 1407; x_wconf 91' lang='lat' dir='ltr'><strong>in</strong></span> <span class='ocrx_word' id='word_1_170' title='bbox 1712 1352 1975 1406; x_wconf 84' lang='lat' dir='ltr'><strong>honorem</strong></span> 
     </span>
    </p>
   </div>
   <div class='ocr_carea' id='block_1_26' title="bbox 2101 1342 3379 1430">
    <p class='ocr_par' dir='ltr' id='par_1_26' title="bbox 2101 1342 3379 1413">
     <span class='ocr_line' id='line_1_26' title="bbox 2101 1342 3379 1413; baseline 0.002 -16"><span class='ocrx_word' id='word_1_171' title='bbox 2101 1343 2151 1397; x_wconf 71' lang='grc' dir='ltr'><strong>ςά</strong></span> <span class='ocrx_word' id='word_1_172' title='bbox 2184 1343 2612 1413; x_wconf 75' lang='grc' dir='ltr'>οἰκοδομήματα,</span> <span class='ocrx_word' id='word_1_173' title='bbox 2653 1344 2719 1396; x_wconf 83' lang='grc' dir='ltr'>ὲκ</span> <span class='ocrx_word' id='word_1_174' title='bbox 2749 1342 2965 1413; x_wconf 83' lang='grc' dir='ltr'><strong>βάθρων</strong></span> <span class='ocrx_word' id='word_1_175' title='bbox 2996 1342 3328 1413; x_wconf 74' lang='grc' dir='ltr'>ἀνασκάψαι.</span> <span class='ocrx_word' id='word_1_176' title='bbox 3364 1378 3379 1390; x_wconf 89' lang='grc'><strong><em>-</em></strong></span> 
     </span>
    </p>
   </div>
   <div class='ocr_carea' id='block_1_27' title="bbox 402 1435 3691 1523">
    <p class='ocr_par' dir='ltr' id='par_1_27' title="bbox 402 1435 3691 1523">
     <span class='ocr_line' id='line_1_27' title="bbox 402 1435 3691 1523; baseline -0.006 -16"><span class='ocrx_word' id='word_1_177' title='bbox 402 1461 706 1523; x_wconf 88' lang='lat' dir='ltr'><strong>martyrum</strong></span> <span class='ocrx_word' id='word_1_178' title='bbox 730 1460 1039 1509; x_wconf 85' lang='lat' dir='ltr'><strong>exstructas</strong></span> <span class='ocrx_word' id='word_1_179' title='bbox 1066 1464 1191 1505; x_wconf 88' lang='lat' dir='ltr'><strong>esse</strong></span> <span class='ocrx_word' id='word_1_180' title='bbox 1220 1448 1376 1519; x_wconf 83' lang='lat' dir='ltr'><strong>juxta</strong></span> <span class='ocrx_word' id='word_1_181' title='bbox 1407 1447 1666 1518; x_wconf 89' lang='lat' dir='ltr'><strong>templum</strong></span> <span class='ocrx_word' id='word_1_182' title='bbox 1702 1441 1975 1514; x_wconf 80' lang='lat' dir='ltr'><strong>Apollinis</strong></span> <span class='ocrx_word' id='word_1_183' title='bbox 2013 1436 2296 1507; x_wconf 71' lang='lat' dir='ltr'><strong>Didymaei,</strong></span> <span class='ocrx_word' id='word_1_184' title='bbox 2330 1435 2477 1505; x_wconf 89' lang='lat' dir='ltr'><strong>quod</strong></span> <span class='ocrx_word' id='word_1_185' title='bbox 2503 1436 2570 1489; x_wconf 94' lang='lat' dir='ltr'><strong>ad</strong></span> <span class='ocrx_word' id='word_1_186' title='bbox 2603 1436 2790 1490; x_wconf 81' lang='lat' dir='ltr'><strong>urbem</strong></span> <span class='ocrx_word' id='word_1_187' title='bbox 2833 1436 3075 1489; x_wconf 71' lang='lat' dir='ltr'><strong>Miletum</strong></span> <span class='ocrx_word' id='word_1_188' title='bbox 3112 1436 3279 1523; x_wconf 87' lang='lat' dir='ltr'><strong>situm</strong></span> <span class='ocrx_word' id='word_1_189' title='bbox 3344 1444 3451 1499; x_wconf 87' lang='lat' dir='ltr'><strong>est,</strong></span> <span class='ocrx_word' id='word_1_190' title='bbox 3520 1437 3691 1490; x_wconf 72' lang='lat' dir='ltr'><strong>scri-</strong></span> 
     </span>
    </p>
   </div>
   <div class='ocr_carea' id='block_1_28' title="bbox 402 1522 3693 1615">
    <p class='ocr_par' dir='ltr' id='par_1_28' title="bbox 402 1522 3693 1615">
     <span class='ocr_line' id='line_1_28' title="bbox 402 1522 3693 1615; baseline -0.006 -16"><span class='ocrx_word' id='word_1_191' title='bbox 402 1544 514 1612; x_wconf 85' lang='lat' dir='ltr'><strong>psit</strong></span> <span class='ocrx_word' id='word_1_192' title='bbox 553 1522 619 1599; x_wconf 83' lang='lat' dir='ltr'><strong>ad</strong></span> <span class='ocrx_word' id='word_1_193' title='bbox 694 1543 984 1615; x_wconf 60' lang='lat' dir='ltr'><strong>praesidem</strong></span> <span class='ocrx_word' id='word_1_194' title='bbox 1019 1539 1195 1596; x_wconf 59' lang='lat' dir='ltr'><strong>Caria!</strong></span> <span class='ocrx_word' id='word_1_195' title='bbox 1235 1547 1297 1594; x_wconf 89' lang='lat' dir='ltr'><strong>ut</strong></span> <span class='ocrx_word' id='word_1_196' title='bbox 1335 1537 1587 1593; x_wconf 57' lang='lat' dir='ltr'><strong>ecclesia</strong></span> <span class='ocrx_word' id='word_1_197' title='bbox 1629 1535 1759 1599; x_wconf 70' lang='lat' dir='ltr'><strong>illae,</strong></span> <span class='ocrx_word' id='word_1_198' title='bbox 1829 1530 1877 1587; x_wconf 92' lang='lat' dir='ltr'><strong>si</strong></span> <span class='ocrx_word' id='word_1_199' title='bbox 1945 1525 2169 1599; x_wconf 80' lang='lat' dir='ltr'><strong>quidem</strong></span> <span class='ocrx_word' id='word_1_200' title='bbox 2202 1533 2408 1579; x_wconf 87' lang='lat' dir='ltr'><strong>tectum</strong></span> <span class='ocrx_word' id='word_1_201' title='bbox 2458 1532 2513 1578; x_wconf 88' lang='lat' dir='ltr'><strong>et</strong></span> <span class='ocrx_word' id='word_1_202' title='bbox 2570 1538 2783 1578; x_wconf 85' lang='lat' dir='ltr'><strong>sacram</strong></span> <span class='ocrx_word' id='word_1_203' title='bbox 2850 1539 3096 1578; x_wconf 82' lang='lat' dir='ltr'><strong>mensam</strong></span> <span class='ocrx_word' id='word_1_204' title='bbox 3133 1522 3419 1592; x_wconf 82' lang='lat' dir='ltr'><strong>haberent,</strong></span> <span class='ocrx_word' id='word_1_205' title='bbox 3473 1523 3693 1580; x_wconf 79' lang='lat' dir='ltr'><strong>incen-</strong></span> 
     </span>
    </p>
   </div>
   <div class='ocr_carea' id='block_1_29' title="bbox 402 1618 2734 1704">
    <p class='ocr_par' dir='ltr' id='par_1_29' title="bbox 402 1618 2734 1704">
     <span class='ocr_line' id='line_1_29' title="bbox 402 1618 2734 1704; baseline -0.009 -14"><span class='ocrx_word' id='word_1_206' title='bbox 402 1637 706 1703; x_wconf 85' lang='lat' dir='ltr'><strong>derentur;</strong></span> <span class='ocrx_word' id='word_1_207' title='bbox 753 1634 800 1690; x_wconf 89' lang='lat' dir='ltr'><strong>si</strong></span> <span class='ocrx_word' id='word_1_208' title='bbox 833 1648 963 1690; x_wconf 87' lang='lat' dir='ltr'><strong>vero</strong></span> <span class='ocrx_word' id='word_1_209' title='bbox 990 1648 1159 1704; x_wconf 89' lang='lat' dir='ltr'><strong>opera</strong></span> <span class='ocrx_word' id='word_1_210' title='bbox 1196 1630 1377 1686; x_wconf 86' lang='lat' dir='ltr'><strong>adhuc</strong></span> <span class='ocrx_word' id='word_1_211' title='bbox 1404 1627 1731 1701; x_wconf 76' lang='lat' dir='ltr'><strong>imperfecta</strong></span> <span class='ocrx_word' id='word_1_212' title='bbox 1762 1631 1972 1688; x_wconf 82' lang='lat' dir='ltr'><strong>essent,</strong></span> <span class='ocrx_word' id='word_1_213' title='bbox 2013 1618 2265 1675; x_wconf 78' lang='lat' dir='ltr'><strong>funditus</strong></span> <span class='ocrx_word' id='word_1_214' title='bbox 2293 1618 2734 1674; x_wconf 89' lang='lat' dir='ltr'><strong>destruerentur.</strong></span> 
     </span>
    </p>
   </div>
   <div class='ocr_carea' id='block_1_30' title="bbox 1039 1721 1385 1780">
    <p class='ocr_par' dir='ltr' id='par_1_30' title="bbox 1039 1721 1385 1780">
     <span class='ocr_line' id='line_1_30' title="bbox 1039 1721 1385 1780; baseline -0.014 0"><span class='ocrx_word' id='word_1_215' title='bbox 1039 1724 1193 1780; x_wconf 78' lang='lat' dir='ltr'><strong>CAP.</strong></span> <span class='ocrx_word' id='word_1_216' title='bbox 1246 1721 1385 1776; x_wconf 74' lang='lat' dir='ltr'><strong>XXI.</strong></span> 
     </span>
    </p>
   </div>
   <div class='ocr_carea' id='block_1_31' title="bbox 410 1811 1983 1878">
    <p class='ocr_par' dir='ltr' id='par_1_31' title="bbox 410 1811 1983 1878">
     <span class='ocr_line' id='line_1_31' title="bbox 410 1811 1983 1878; baseline -0.01 -5"><span class='ocrx_word' id='word_1_217' title='bbox 410 1818 485 1873; x_wconf 83' lang='lat' dir='ltr'><strong>De</strong></span> <span class='ocrx_word' id='word_1_218' title='bbox 514 1825 695 1873; x_wconf 74' lang='lat' dir='ltr'><strong>statua</strong></span> <span class='ocrx_word' id='word_1_219' title='bbox 739 1816 942 1871; x_wconf 78' lang='lat' dir='ltr'><strong>Christi</strong></span> <span class='ocrx_word' id='word_1_220' title='bbox 978 1817 1032 1868; x_wconf 83' lang='lat' dir='ltr'><strong>in</strong></span> <span class='ocrx_word' id='word_1_221' title='bbox 1073 1814 1201 1867; x_wconf 81' lang='lat' dir='ltr'><strong>urbe</strong></span> <span class='ocrx_word' id='word_1_222' title='bbox 1241 1811 1525 1874; x_wconf 68' lang='lat' dir='ltr'><strong>Ponenda;</strong></span> <span class='ocrx_word' id='word_1_223' title='bbox 1573 1825 1687 1878; x_wconf 78' lang='lat' dir='ltr'><strong>qua-</strong></span> <span class='ocrx_word' id='word_1_224' title='bbox 1716 1821 1895 1862; x_wconf 75' lang='lat' dir='ltr'><strong>eversa</strong></span> <span class='ocrx_word' id='word_1_225' title='bbox 1930 1812 1983 1859; x_wconf 80' lang='lat' dir='ltr'><strong>et</strong></span> 
     </span>
    </p>
   </div>
   <div class='ocr_carea' id='block_1_32' title="bbox 475 1879 1983 1953">
    <p class='ocr_par' dir='ltr' id='par_1_32' title="bbox 475 1879 1983 1953">
     <span class='ocr_line' id='line_1_32' title="bbox 475 1879 1983 1953; baseline -0.009 -13"><span class='ocrx_word' id='word_1_226' title='bbox 475 1888 773 1953; x_wconf 70' lang='lat' dir='ltr'><strong>reuiracta,</strong></span> <span class='ocrx_word' id='word_1_227' title='bbox 818 1884 1071 1938; x_wconf 80' lang='lat' dir='ltr'><strong>Julianus</strong></span> <span class='ocrx_word' id='word_1_228' title='bbox 1106 1883 1390 1953; x_wconf 69' lang='lat' dir='ltr'><strong>imaginem</strong></span> <span class='ocrx_word' id='word_1_229' title='bbox 1428 1895 1581 1935; x_wconf 77' lang='lat' dir='ltr'><strong>suam</strong></span> <span class='ocrx_word' id='word_1_230' title='bbox 1618 1879 1809 1953; x_wconf 51' lang='lat' dir='ltr'><strong>erexit,</strong></span> <span class='ocrx_word' id='word_1_231' title='bbox 1848 1889 1983 1953; x_wconf 60' lang='grc' dir='ltr'><strong>⁸(μίας</strong></span> 
     </span>
    </p>
   </div>
   <div class='ocr_carea' id='block_1_33' title="bbox 477 1943 1983 2065">
    <p class='ocr_par' dir='ltr' id='par_1_33' title="bbox 477 1943 1983 2065">
     <span class='ocr_line' id='line_1_33' title="bbox 477 1943 1983 2065; baseline -0.009 -56"><span class='ocrx_word' id='word_1_232' title='bbox 477 1943 601 2010; x_wconf 64' lang='lat' dir='ltr'><strong>mea:</strong></span> <span class='ocrx_word' id='word_1_233' title='bbox 645 1943 869 2022; x_wconf 69' lang='lat' dir='ltr'><strong>fulmine</strong></span> <span class='ocrx_word' id='word_1_234' title='bbox 917 1954 1023 2006; x_wconf 81' lang='lat' dir='ltr'><strong>icta</strong></span> <span class='ocrx_word' id='word_1_235' title='bbox 1056 1967 1120 2005; x_wconf 81' lang='lat' dir='ltr'><strong>ac</strong></span> <span class='ocrx_word' id='word_1_236' title='bbox 1164 1943 1431 2016; x_wconf 59' lang='lat' dir='ltr'><strong>dissipata</strong></span> <span class='ocrx_word' id='word_1_237' title='bbox 1471 1956 1571 2001; x_wconf 80' lang='lat' dir='ltr'><strong>est.</strong></span> <span class='ocrx_word' id='word_1_238' title='bbox 1617 1945 1682 1999; x_wconf 72' lang='lat' dir='ltr'><strong>Et</strong></span> <span class='ocrx_word' id='word_1_239' title='bbox 1725 1949 1790 1998; x_wconf 85' lang='lat' dir='ltr'><strong>de</strong></span> <span class='ocrx_word' id='word_1_240' title='bbox 1817 1943 1983 2065; x_wconf 49' lang='lat' dir='ltr'><strong>laute</strong></span> 
     </span>
     <span class='ocr_line' id='line_1_34' title="bbox 486 2016 1983 2065; baseline 0 0"><span class='ocrx_word' id='word_1_241' title='bbox 486 2024 817 2065; x_wconf 51' lang='lat' dir='ltr'><strong>himmnunh&#39;x</strong></span> <span class='ocrx_word' id='word_1_242' title='bbox 865 2022 921 2065; x_wconf 73' lang='lat' dir='ltr'><strong>in</strong></span> <span class='ocrx_word' id='word_1_243' title='bbox 956 2037 1059 2065; x_wconf 82' lang='lat' dir='ltr'><strong>nun</strong></span> <span class='ocrx_word' id='word_1_244' title='bbox 1112 2019 1356 2065; x_wconf 73' lang='lat' dir='ltr'><strong>Christus</strong></span> <span class='ocrx_word' id='word_1_245' title='bbox 1399 2016 1550 2065; x_wconf 70' lang='lat' dir='ltr'><strong>nest</strong></span> <span class='ocrx_word' id='word_1_246' title='bbox 1591 2017 1718 2065; x_wconf 77' lang='lat' dir='ltr'><strong>lavit</strong></span> <span class='ocrx_word' id='word_1_247' title='bbox 1744 2031 1763 2065; x_wconf 86' lang='lat'><strong>.&#39;</strong></span> <span class='ocrx_word' id='word_1_248' title='bbox 1856 2026 1983 2065; x_wconf 77' lang='grc' dir='ltr'>εσιιε</span> 
     </span>
    </p>
   </div>
   <div class='ocr_carea' id='block_1_34' title="bbox 481 2016 1983 2093">
    <p class='ocr_par' dir='ltr' id='par_1_34' title="bbox 481 2016 1983 2093">
     <span class='ocr_line' id='line_1_35' title="bbox 481 2016 1983 2093; baseline -0.009 -15"><span class='ocrx_word' id='word_1_249' title='bbox 481 2016 817 2093; x_wconf 72' lang='lat' dir='ltr'><strong>Emmountis</strong></span> <span class='ocrx_word' id='word_1_250' title='bbox 865 2022 921 2074; x_wconf 77' lang='lat' dir='ltr'><strong>in</strong></span> <span class='ocrx_word' id='word_1_251' title='bbox 956 2037 1059 2090; x_wconf 85' lang='lat' dir='ltr'><strong>quo</strong></span> <span class='ocrx_word' id='word_1_252' title='bbox 1106 2019 1356 2093; x_wconf 64' lang='grc' dir='ltr'>ρίηςὶειιιε</span> <span class='ocrx_word' id='word_1_253' title='bbox 1391 2016 1550 2093; x_wconf 57' lang='lat' dir='ltr'><strong>pedes</strong></span> <span class='ocrx_word' id='word_1_254' title='bbox 1591 2017 1718 2068; x_wconf 82' lang='lat' dir='ltr'><strong>lavit</strong></span> <span class='ocrx_word' id='word_1_255' title='bbox 1744 2031 1784 2093; x_wconf 43' lang='grc' dir='ltr'>ε.</span> <span class='ocrx_word' id='word_1_256' title='bbox 1817 2016 1983 2093; x_wconf 59' lang='lat' dir='ltr'><strong>deque</strong></span> 
     </span>
    </p>
   </div>
   <div class='ocr_carea' id='block_1_35' title="bbox 482 2083 1980 2160">
    <p class='ocr_par' dir='ltr' id='par_1_35' title="bbox 482 2083 1980 2160">
     <span class='ocr_line' id='line_1_36' title="bbox 482 2083 1980 2160; baseline -0.008 -14"><span class='ocrx_word' id='word_1_257' title='bbox 482 2093 676 2149; x_wconf 77' lang='lat' dir='ltr'><strong>Persea</strong></span> <span class='ocrx_word' id='word_1_258' title='bbox 706 2091 911 2153; x_wconf 85' lang='lat' dir='ltr'><strong>arbore,</strong></span> <span class='ocrx_word' id='word_1_259' title='bbox 938 2083 1054 2160; x_wconf 61' lang='lat' dir='ltr'><strong>qua:</strong></span> <span class='ocrx_word' id='word_1_260' title='bbox 1084 2083 1443 2160; x_wconf 58' lang='lat' dir='ltr'><strong>Christumin</strong></span> <span class='ocrx_word' id='word_1_261' title='bbox 1463 2083 1694 2156; x_wconf 68' lang='lat' dir='ltr'><strong>.Egypio</strong></span> <span class='ocrx_word' id='word_1_262' title='bbox 1716 2083 1980 2148; x_wconf 77' lang='lat' dir='ltr'><strong>adoravit,</strong></span> 
     </span>
    </p>
   </div>
   <div class='ocr_carea' id='block_1_36' title="bbox 477 2155 1420 2229">
    <p class='ocr_par' dir='ltr' id='par_1_36' title="bbox 477 2155 1420 2229">
     <span class='ocr_line' id='line_1_37' title="bbox 477 2155 1420 2229; baseline -0.008 -11"><span class='ocrx_word' id='word_1_263' title='bbox 477 2173 529 2219; x_wconf 80' lang='lat' dir='ltr'><strong>et</strong></span> <span class='ocrx_word' id='word_1_264' title='bbox 561 2163 627 2218; x_wconf 80' lang='lat' dir='ltr'><strong>de</strong></span> <span class='ocrx_word' id='word_1_265' title='bbox 661 2155 1060 2229; x_wconf 38' lang='lat' dir='ltr'><strong>miraculis‘per</strong></span> <span class='ocrx_word' id='word_1_266' title='bbox 1093 2173 1211 2213; x_wconf 86' lang='lat' dir='ltr'><strong>eam</strong></span> <span class='ocrx_word' id='word_1_267' title='bbox 1240 2155 1420 2211; x_wconf 80' lang='lat' dir='ltr'><strong>editis.</strong></span> 
     </span>
    </p>
   </div>
   <div class='ocr_carea' id='block_1_37' title="bbox 479 2371 1982 2446">
    <p class='ocr_par' dir='ltr' id='par_1_37' title="bbox 479 2371 1982 2446">
     <span class='ocr_line' id='line_1_38' title="bbox 479 2371 1982 2446; baseline -0.006 -13"><span class='ocrx_word' id='word_1_268' title='bbox 479 2377 556 2433; x_wconf 85' lang='lat' dir='ltr'><strong>Ex</strong></span> <span class='ocrx_word' id='word_1_269' title='bbox 598 2377 666 2434; x_wconf 88' lang='lat' dir='ltr'><strong>iis</strong></span> <span class='ocrx_word' id='word_1_270' title='bbox 705 2390 872 2446; x_wconf 87' lang='lat' dir='ltr'><strong>porro</strong></span> <span class='ocrx_word' id='word_1_271' title='bbox 908 2390 1031 2445; x_wconf 65' lang='lat' dir='ltr'><strong>qua:</strong></span> <span class='ocrx_word' id='word_1_272' title='bbox 1075 2380 1340 2445; x_wconf 78' lang='lat' dir='ltr'><strong>regnante</strong></span> <span class='ocrx_word' id='word_1_273' title='bbox 1371 2372 1593 2427; x_wconf 67' lang='lat' dir='ltr'><strong>Iuliano</strong></span> <span class='ocrx_word' id='word_1_274' title='bbox 1635 2371 1982 2437; x_wconf 88' lang='lat' dir='ltr'><strong>acciderunt,</strong></span> 
     </span>
    </p>
   </div>
   <div class='ocr_carea' id='block_1_38' title="bbox 409 2463 1985 2539">
    <p class='ocr_par' dir='ltr' id='par_1_38' title="bbox 409 2463 1985 2539">
     <span class='ocr_line' id='line_1_39' title="bbox 409 2463 1985 2539; baseline -0.003 -15"><span class='ocrx_word' id='word_1_275' title='bbox 409 2469 562 2525; x_wconf 85' lang='lat' dir='ltr'><strong>istud</strong></span> <span class='ocrx_word' id='word_1_276' title='bbox 582 2469 806 2539; x_wconf 58' lang='lat' dir='ltr'><strong>minime</strong></span> <span class='ocrx_word' id='word_1_277' title='bbox 831 2466 1276 2537; x_wconf 65' lang='lat' dir='ltr'><strong>praetereundum</strong></span> <span class='ocrx_word' id='word_1_278' title='bbox 1307 2475 1391 2521; x_wconf 88' lang='lat' dir='ltr'><strong>est</strong></span> <span class='ocrx_word' id='word_1_279' title='bbox 1418 2482 1431 2517; x_wconf 93' lang='lat'><strong>:</strong></span> <span class='ocrx_word' id='word_1_280' title='bbox 1458 2463 1606 2535; x_wconf 91' lang='lat' dir='ltr'><strong>quod</strong></span> <span class='ocrx_word' id='word_1_281' title='bbox 1638 2472 1691 2518; x_wconf 90' lang='lat' dir='ltr'><strong>ct</strong></span> <span class='ocrx_word' id='word_1_282' title='bbox 1730 2463 1985 2533; x_wconf 74' lang='lat' dir='ltr'><strong>potentia:</strong></span> 
     </span>
    </p>
   </div>
   <div class='ocr_carea' id='block_1_39' title="bbox 407 2554 1986 2626">
    <p class='ocr_par' dir='ltr' id='par_1_39' title="bbox 407 2554 1986 2626">
     <span class='ocr_line' id='line_1_40' title="bbox 407 2554 1986 2626; baseline -0.004 -12"><span class='ocrx_word' id='word_1_283' title='bbox 407 2559 641 2625; x_wconf 86' lang='lat' dir='ltr'><strong>Christi,</strong></span> <span class='ocrx_word' id='word_1_284' title='bbox 669 2565 724 2613; x_wconf 88' lang='lat' dir='ltr'><strong>et</strong></span> <span class='ocrx_word' id='word_1_285' title='bbox 753 2557 949 2613; x_wconf 75' lang='lat' dir='ltr'><strong>divina:</strong></span> <span class='ocrx_word' id='word_1_286' title='bbox 986 2555 1252 2611; x_wconf 87' lang='lat' dir='ltr'><strong>adversus</strong></span> <span class='ocrx_word' id='word_1_287' title='bbox 1287 2555 1672 2626; x_wconf 77' lang='lat' dir='ltr'><strong>imperatorem</strong></span> <span class='ocrx_word' id='word_1_288' title='bbox 1702 2554 1796 2608; x_wconf 65' lang='lat' dir='ltr'><strong>ira:</strong></span> <span class='ocrx_word' id='word_1_289' title='bbox 1822 2568 1986 2623; x_wconf 84' lang='lat' dir='ltr'><strong>argu-</strong></span> 
     </span>
    </p>
   </div>
   <div class='ocr_carea' id='block_1_40' title="bbox 411 2646 1985 2717">
    <p class='ocr_par' dir='ltr' id='par_1_40' title="bbox 411 2646 1985 2717">
     <span class='ocr_line' id='line_1_41' title="bbox 411 2646 1985 2717; baseline -0.004 -11"><span class='ocrx_word' id='word_1_290' title='bbox 411 2661 654 2708; x_wconf 85' lang='lat' dir='ltr'><strong>mentum</strong></span> <span class='ocrx_word' id='word_1_291' title='bbox 688 2658 773 2706; x_wconf 89' lang='lat' dir='ltr'><strong>est</strong></span> <span class='ocrx_word' id='word_1_292' title='bbox 814 2652 1135 2717; x_wconf 78' lang='lat' dir='ltr'><strong>maximum.</strong></span> <span class='ocrx_word' id='word_1_293' title='bbox 1170 2647 1302 2701; x_wconf 83' lang='lat' dir='ltr'><strong>Nam</strong></span> <span class='ocrx_word' id='word_1_294' title='bbox 1333 2663 1457 2702; x_wconf 88' lang='lat' dir='ltr'><strong>cum</strong></span> <span class='ocrx_word' id='word_1_295' title='bbox 1510 2647 1809 2717; x_wconf 88' lang='lat' dir='ltr'><strong>imperator</strong></span> <span class='ocrx_word' id='word_1_296' title='bbox 1840 2646 1985 2701; x_wconf 89' lang='lat' dir='ltr'><strong>didi-</strong></span> 
     </span>
    </p>
   </div>
   <div class='ocr_carea' id='block_1_41' title="bbox 411 2736 1985 2809">
    <p class='ocr_par' dir='ltr' id='par_1_41' title="bbox 411 2736 1985 2809">
     <span class='ocr_line' id='line_1_42' title="bbox 411 2736 1985 2809; baseline -0.004 -13"><span class='ocrx_word' id='word_1_297' title='bbox 411 2742 600 2808; x_wconf 85' lang='lat' dir='ltr'><strong>cisset,</strong></span> <span class='ocrx_word' id='word_1_298' title='bbox 625 2741 885 2797; x_wconf 69' lang='lat' dir='ltr'><strong>Cacsarea:</strong></span> <span class='ocrx_word' id='word_1_299' title='bbox 911 2739 1149 2809; x_wconf 84' lang='lat' dir='ltr'><strong>Philippi</strong></span> <span class='ocrx_word' id='word_1_300' title='bbox 1184 2738 1340 2809; x_wconf 87' lang='lat' dir='ltr'><strong>(urbs</strong></span> <span class='ocrx_word' id='word_1_301' title='bbox 1365 2745 1450 2794; x_wconf 91' lang='lat' dir='ltr'><strong>est</strong></span> <span class='ocrx_word' id='word_1_302' title='bbox 1483 2736 1792 2799; x_wconf 71' lang='lat' dir='ltr'><strong>thnices,</strong></span> <span class='ocrx_word' id='word_1_303' title='bbox 1821 2750 1985 2805; x_wconf 92' lang='lat' dir='ltr'><strong>quam</strong></span> 
     </span>
    </p>
   </div>
   <div class='ocr_carea' id='block_1_42' title="bbox 412 2826 1990 2900">
    <p class='ocr_par' dir='ltr' id='par_1_42' title="bbox 412 2826 1990 2900">
     <span class='ocr_line' id='line_1_43' title="bbox 412 2826 1990 2900; baseline -0.002 -15"><span class='ocrx_word' id='word_1_304' title='bbox 412 2830 723 2888; x_wconf 82' lang='lat' dir='ltr'><strong>Paneadern</strong></span> <span class='ocrx_word' id='word_1_305' title='bbox 757 2830 1078 2899; x_wconf 90' lang='lat' dir='ltr'><strong>nominant)</strong></span> <span class='ocrx_word' id='word_1_306' title='bbox 1111 2829 1382 2900; x_wconf 78' lang='lat' dir='ltr'><strong>insignem</strong></span> <span class='ocrx_word' id='word_1_307' title='bbox 1417 2842 1540 2883; x_wconf 84' lang='lat' dir='ltr'><strong>esse</strong></span> <span class='ocrx_word' id='word_1_308' title='bbox 1566 2835 1803 2882; x_wconf 88' lang='lat' dir='ltr'><strong>statuam</strong></span> <span class='ocrx_word' id='word_1_309' title='bbox 1833 2826 1990 2882; x_wconf 86' lang='lat' dir='ltr'><strong>Chri-</strong></span> 
     </span>
    </p>
   </div>
   <div class='ocr_carea' id='block_1_43' title="bbox 413 2918 1987 2992">
    <p class='ocr_par' dir='ltr' id='par_1_43' title="bbox 413 2918 1987 2992">
     <span class='ocr_line' id='line_1_44' title="bbox 413 2918 1987 2992; baseline -0.003 -16"><span class='ocrx_word' id='word_1_310' title='bbox 413 2922 511 2986; x_wconf 90' lang='lat' dir='ltr'><strong>sti,</strong></span> <span class='ocrx_word' id='word_1_311' title='bbox 569 2936 738 2992; x_wconf 81' lang='lat' dir='ltr'><strong>quam</strong></span> <span class='ocrx_word' id='word_1_312' title='bbox 789 2920 988 2974; x_wconf 90' lang='lat' dir='ltr'><strong>mulier</strong></span> <span class='ocrx_word' id='word_1_313' title='bbox 1040 2919 1327 2990; x_wconf 87' lang='lat' dir='ltr'><strong>sanguinis</strong></span> <span class='ocrx_word' id='word_1_314' title='bbox 1367 2918 1651 2988; x_wconf 84' lang='lat' dir='ltr'><strong>proﬂuvio,</strong></span> <span class='ocrx_word' id='word_1_315' title='bbox 1706 2933 1814 2988; x_wconf 89' lang='lat' dir='ltr'><strong>quo</strong></span> <span class='ocrx_word' id='word_1_316' title='bbox 1838 2919 1987 2989; x_wconf 83' lang='lat' dir='ltr'><strong>jam-</strong></span> 
     </span>
    </p>
   </div>
   <div class='ocr_carea' id='block_1_44' title="bbox 414 3008 1988 3076">
    <p class='ocr_par' dir='ltr' id='par_1_44' title="bbox 414 3008 1988 3076">
     <span class='ocr_line' id='line_1_45' title="bbox 414 3008 1988 3076; baseline -0.001 -11"><span class='ocrx_word' id='word_1_317' title='bbox 414 3012 622 3066; x_wconf 86' lang='lat' dir='ltr'><strong>dudum</strong></span> <span class='ocrx_word' id='word_1_318' title='bbox 653 3011 959 3076; x_wconf 84' lang='lat' dir='ltr'><strong>laborabat,</strong></span> <span class='ocrx_word' id='word_1_319' title='bbox 1001 3009 1254 3074; x_wconf 88' lang='lat' dir='ltr'><strong>liberata,</strong></span> <span class='ocrx_word' id='word_1_320' title='bbox 1296 3009 1370 3062; x_wconf 89' lang='lat' dir='ltr'><strong>ibi</strong></span> <span class='ocrx_word' id='word_1_321' title='bbox 1419 3008 1723 3064; x_wconf 85' lang='lat' dir='ltr'><strong>dedicavit:</strong></span> <span class='ocrx_word' id='word_1_322' title='bbox 1760 3024 1822 3064; x_wconf 87' lang='lat' dir='ltr'><strong>ea</strong></span> <span class='ocrx_word' id='word_1_323' title='bbox 1857 3010 1988 3064; x_wconf 87' lang='lat' dir='ltr'><strong>sub-</strong></span> 
     </span>
    </p>
   </div>
   <div class='ocr_carea' id='block_1_45' title="bbox 415 3098 1985 3171">
    <p class='ocr_par' dir='ltr' id='par_1_45' title="bbox 415 3098 1985 3171">
     <span class='ocr_line' id='line_1_46' title="bbox 415 3098 1985 3171; baseline 0 -19"><span class='ocrx_word' id='word_1_324' title='bbox 415 3117 573 3158; x_wconf 81' lang='lat' dir='ltr'><strong>vcrsa</strong></span> <span class='ocrx_word' id='word_1_325' title='bbox 608 3100 900 3171; x_wconf 87' lang='lat' dir='ltr'><strong>imaginem</strong></span> <span class='ocrx_word' id='word_1_326' title='bbox 951 3113 1107 3166; x_wconf 80' lang='lat' dir='ltr'><strong>suam</strong></span> <span class='ocrx_word' id='word_1_327' title='bbox 1140 3098 1263 3166; x_wconf 90' lang='lat' dir='ltr'><strong>ejus</strong></span> <span class='ocrx_word' id='word_1_328' title='bbox 1318 3099 1440 3153; x_wconf 88' lang='lat' dir='ltr'><strong>loco</strong></span> <span class='ocrx_word' id='word_1_329' title='bbox 1488 3100 1738 3167; x_wconf 76' lang='lat' dir='ltr'><strong>posuit‘.</strong></span> <span class='ocrx_word' id='word_1_330' title='bbox 1789 3100 1985 3153; x_wconf 81' lang='lat' dir='ltr'><strong>Statim</strong></span> 
     </span>
    </p>
   </div>
   <div class='ocr_carea' id='block_1_46' title="bbox 416 3189 1992 3262">
    <p class='ocr_par' dir='ltr' id='par_1_46' title="bbox 416 3189 1992 3262">
     <span class='ocr_line' id='line_1_47' title="bbox 416 3189 1992 3262; baseline 0 -17"><span class='ocrx_word' id='word_1_331' title='bbox 416 3206 550 3247; x_wconf 89' lang='lat' dir='ltr'><strong>vero</strong></span> <span class='ocrx_word' id='word_1_332' title='bbox 578 3193 720 3262; x_wconf 87' lang='lat' dir='ltr'><strong>ignis</strong></span> <span class='ocrx_word' id='word_1_333' title='bbox 748 3204 966 3246; x_wconf 85' lang='lat' dir='ltr'><strong>summa</strong></span> <span class='ocrx_word' id='word_1_334' title='bbox 1003 3189 1053 3244; x_wconf 91' lang='lat' dir='ltr'><strong>vi</strong></span> <span class='ocrx_word' id='word_1_335' title='bbox 1088 3205 1118 3244; x_wconf 90' lang='lat' dir='ltr'><strong>e</strong></span> <span class='ocrx_word' id='word_1_336' title='bbox 1149 3190 1290 3245; x_wconf 54' lang='lat' dir='ltr'><strong>caelo</strong></span> <span class='ocrx_word' id='word_1_337' title='bbox 1320 3190 1602 3260; x_wconf 89' lang='lat' dir='ltr'><strong>delapsus,</strong></span> <span class='ocrx_word' id='word_1_338' title='bbox 1633 3199 1827 3261; x_wconf 88' lang='lat' dir='ltr'><strong>pectus</strong></span> <span class='ocrx_word' id='word_1_339' title='bbox 1876 3200 1992 3245; x_wconf 88' lang='lat' dir='ltr'><strong>sta-</strong></span> 
     </span>
    </p>
   </div>
   <div class='ocr_carea' id='block_1_47' title="bbox 417 3281 1989 3354">
    <p class='ocr_par' dir='ltr' id='par_1_47' title="bbox 417 3281 1989 3354">
     <span class='ocr_line' id='line_1_48' title="bbox 417 3281 1989 3354; baseline 0.003 -18"><span class='ocrx_word' id='word_1_340' title='bbox 417 3294 526 3339; x_wconf 67' lang='lat' dir='ltr'><strong>tuae</strong></span> <span class='ocrx_word' id='word_1_341' title='bbox 579 3292 635 3339; x_wconf 89' lang='lat' dir='ltr'><strong>et</strong></span> <span class='ocrx_word' id='word_1_342' title='bbox 670 3282 883 3337; x_wconf 89' lang='lat' dir='ltr'><strong>vicinas</strong></span> <span class='ocrx_word' id='word_1_343' title='bbox 918 3281 1127 3351; x_wconf 82' lang='lat' dir='ltr'><strong>pectori</strong></span> <span class='ocrx_word' id='word_1_344' title='bbox 1171 3290 1357 3353; x_wconf 89' lang='lat' dir='ltr'><strong>partes</strong></span> <span class='ocrx_word' id='word_1_345' title='bbox 1409 3282 1669 3349; x_wconf 88' lang='lat' dir='ltr'><strong>discidit,</strong></span> <span class='ocrx_word' id='word_1_346' title='bbox 1718 3292 1989 3354; x_wconf 88' lang='lat' dir='ltr'><strong>caputque</strong></span> 
     </span>
    </p>
   </div>
   <div class='ocr_carea' id='block_1_48' title="bbox 420 3371 1981 3444">
    <p class='ocr_par' dir='ltr' id='par_1_48' title="bbox 420 3371 1981 3444">
     <span class='ocr_line' id='line_1_49' title="bbox 420 3371 1981 3444; baseline 0 -15"><span class='ocrx_word' id='word_1_347' title='bbox 420 3390 527 3429; x_wconf 90' lang='lat' dir='ltr'><strong>una</strong></span> <span class='ocrx_word' id='word_1_348' title='bbox 580 3389 704 3434; x_wconf 88' lang='lat' dir='ltr'><strong>cum</strong></span> <span class='ocrx_word' id='word_1_349' title='bbox 754 3373 894 3429; x_wconf 88' lang='lat' dir='ltr'><strong>collo</strong></span> <span class='ocrx_word' id='word_1_350' title='bbox 945 3371 1144 3444; x_wconf 88' lang='lat' dir='ltr'><strong>dejecit</strong></span> <span class='ocrx_word' id='word_1_351' title='bbox 1191 3380 1245 3428; x_wconf 88' lang='lat' dir='ltr'><strong>et</strong></span> <span class='ocrx_word' id='word_1_352' title='bbox 1303 3389 1532 3443; x_wconf 89' lang='lat' dir='ltr'><strong>pronum</strong></span> <span class='ocrx_word' id='word_1_353' title='bbox 1565 3374 1715 3428; x_wconf 92' lang='lat' dir='ltr'><strong>humi</strong></span> <span class='ocrx_word' id='word_1_354' title='bbox 1774 3374 1981 3441; x_wconf 80' lang='lat' dir='ltr'><strong>inﬁxit,</strong></span> 
     </span>
    </p>
   </div>
   <div class='ocr_carea' id='block_1_49' title="bbox 419 3466 1992 3538">
    <p class='ocr_par' dir='ltr' id='par_1_49' title="bbox 419 3466 1992 3538">
     <span class='ocr_line' id='line_1_50' title="bbox 419 3466 1992 3538; baseline 0.001 -17"><span class='ocrx_word' id='word_1_355' title='bbox 419 3474 694 3537; x_wconf 87' lang='lat' dir='ltr'><strong>quatenus</strong></span> <span class='ocrx_word' id='word_1_356' title='bbox 724 3467 964 3538; x_wconf 78' lang='lat' dir='ltr'><strong>pectoris</strong></span> <span class='ocrx_word' id='word_1_357' title='bbox 994 3481 1122 3537; x_wconf 89' lang='lat' dir='ltr'><strong>pars</strong></span> <span class='ocrx_word' id='word_1_358' title='bbox 1153 3466 1373 3535; x_wconf 83' lang='lat' dir='ltr'><strong>dirupta</strong></span> <span class='ocrx_word' id='word_1_359' title='bbox 1421 3474 1558 3521; x_wconf 89' lang='lat' dir='ltr'><strong>erat.</strong></span> <span class='ocrx_word' id='word_1_360' title='bbox 1602 3467 1779 3536; x_wconf 86' lang='lat' dir='ltr'><strong>Atque</strong></span> <span class='ocrx_word' id='word_1_361' title='bbox 1810 3482 1878 3522; x_wconf 80' lang='lat' dir='ltr'><strong>ex</strong></span> <span class='ocrx_word' id='word_1_362' title='bbox 1925 3482 1992 3523; x_wconf 91' lang='lat' dir='ltr'><strong>eo</strong></span> 
     </span>
    </p>
   </div>
   <div class='ocr_carea' id='block_1_50' title="bbox 420 3557 1992 3629">
    <p class='ocr_par' dir='ltr' id='par_1_50' title="bbox 420 3557 1992 3629">
     <span class='ocr_line' id='line_1_51' title="bbox 420 3557 1992 3629; baseline 0.003 -17"><span class='ocrx_word' id='word_1_363' title='bbox 420 3566 666 3629; x_wconf 84' lang='lat' dir='ltr'><strong>tempore</strong></span> <span class='ocrx_word' id='word_1_364' title='bbox 721 3566 900 3614; x_wconf 89' lang='lat' dir='ltr'><strong>statua</strong></span> <span class='ocrx_word' id='word_1_365' title='bbox 961 3557 1027 3612; x_wconf 91' lang='lat' dir='ltr'><strong>ad</strong></span> <span class='ocrx_word' id='word_1_366' title='bbox 1081 3559 1230 3614; x_wconf 87' lang='lat' dir='ltr'><strong>hunc</strong></span> <span class='ocrx_word' id='word_1_367' title='bbox 1285 3573 1460 3629; x_wconf 90' lang='lat' dir='ltr'><strong>usque</strong></span> <span class='ocrx_word' id='word_1_368' title='bbox 1514 3558 1658 3615; x_wconf 88' lang='lat' dir='ltr'><strong>diem</strong></span> <span class='ocrx_word' id='word_1_369' title='bbox 1716 3558 1992 3629; x_wconf 86' lang='lat' dir='ltr'><strong>ejusmodi</strong></span> 
     </span>
    </p>
   </div>
   <div class='ocr_carea' id='block_1_51' title="bbox 422 3648 1992 3730">
    <p class='ocr_par' dir='ltr' id='par_1_51' title="bbox 422 3648 1992 3730">
     <span class='ocr_line' id='line_1_52' title="bbox 422 3648 1992 3730; baseline 0.003 -27"><span class='ocrx_word' id='word_1_370' title='bbox 422 3651 604 3719; x_wconf 81' lang='lat' dir='ltr'><strong>specie</strong></span> <span class='ocrx_word' id='word_1_371' title='bbox 637 3659 976 3719; x_wconf 86' lang='lat' dir='ltr'><strong>perseverat,</strong></span> <span class='ocrx_word' id='word_1_372' title='bbox 1002 3648 1233 3730; x_wconf 78' lang='lat' dir='ltr'><strong>fuligine</strong></span> <span class='ocrx_word' id='word_1_373' title='bbox 1271 3649 1519 3704; x_wconf 81' lang='lat' dir='ltr'><strong>fulminis</strong></span> <span class='ocrx_word' id='word_1_374' title='bbox 1559 3650 1759 3706; x_wconf 88' lang='lat' dir='ltr'><strong>obsita.</strong></span> <span class='ocrx_word' id='word_1_375' title='bbox 1787 3650 1992 3707; x_wconf 62' lang='lat' dir='ltr'><strong>Christi</strong></span> 
     </span>
    </p>
   </div>
   <div class='ocr_carea' id='block_1_52' title="bbox 424 3740 1994 3815">
    <p class='ocr_par' dir='ltr' id='par_1_52' title="bbox 424 3740 1994 3815">
     <span class='ocr_line' id='line_1_53' title="bbox 424 3740 1994 3815; baseline 0.003 -20"><span class='ocrx_word' id='word_1_376' title='bbox 424 3755 556 3796; x_wconf 83' lang='lat' dir='ltr'><strong>vero</strong></span> <span class='ocrx_word' id='word_1_377' title='bbox 609 3748 849 3794; x_wconf 88' lang='lat' dir='ltr'><strong>statuam</strong></span> <span class='ocrx_word' id='word_1_378' title='bbox 901 3748 1031 3796; x_wconf 90' lang='lat' dir='ltr'><strong>tunc</strong></span> <span class='ocrx_word' id='word_1_379' title='bbox 1070 3740 1290 3811; x_wconf 91' lang='lat' dir='ltr'><strong>quidem</strong></span> <span class='ocrx_word' id='word_1_380' title='bbox 1341 3744 1538 3812; x_wconf 86' lang='lat' dir='ltr'><strong>pagani</strong></span> <span class='ocrx_word' id='word_1_381' title='bbox 1587 3742 1868 3800; x_wconf 85' lang='lat' dir='ltr'><strong>trahentes</strong></span> <span class='ocrx_word' id='word_1_382' title='bbox 1899 3760 1994 3815; x_wconf 87' lang='lat' dir='ltr'><strong>per</strong></span> 
     </span>
    </p>
   </div>
   <div class='ocr_carea' id='block_1_53' title="bbox 421 3831 1995 3903">
    <p class='ocr_par' dir='ltr' id='par_1_53' title="bbox 421 3831 1995 3903">
     <span class='ocr_line' id='line_1_54' title="bbox 421 3831 1995 3903; baseline 0.005 -19"><span class='ocrx_word' id='word_1_383' title='bbox 421 3832 615 3887; x_wconf 81' lang='lat' dir='ltr'><strong>urbem</strong></span> <span class='ocrx_word' id='word_1_384' title='bbox 656 3831 1063 3903; x_wconf 83' lang='lat' dir='ltr'><strong>confregeruut.</strong></span> <span class='ocrx_word' id='word_1_385' title='bbox 1115 3831 1313 3888; x_wconf 88' lang='lat' dir='ltr'><strong>Postea</strong></span> <span class='ocrx_word' id='word_1_386' title='bbox 1362 3848 1493 3887; x_wconf 90' lang='lat' dir='ltr'><strong>vero</strong></span> <span class='ocrx_word' id='word_1_387' title='bbox 1533 3832 1827 3889; x_wconf 87' lang='lat' dir='ltr'><strong>Christiani</strong></span> <span class='ocrx_word' id='word_1_388' title='bbox 1878 3837 1995 3893; x_wconf 84' lang='lat' dir='ltr'><strong>col:-</strong></span> 
     </span>
    </p>
   </div>
   <div class='ocr_carea' id='block_1_54' title="bbox 423 3922 1992 3992">
    <p class='ocr_par' dir='ltr' id='par_1_54' title="bbox 423 3922 1992 3992">
     <span class='ocr_line' id='line_1_55' title="bbox 423 3922 1992 3992; baseline 0 -13"><span class='ocrx_word' id='word_1_389' title='bbox 423 3922 620 3979; x_wconf 88' lang='lat' dir='ltr'><strong>lectam</strong></span> <span class='ocrx_word' id='word_1_390' title='bbox 675 3923 730 3977; x_wconf 91' lang='lat' dir='ltr'><strong>in</strong></span> <span class='ocrx_word' id='word_1_391' title='bbox 780 3922 1013 3979; x_wconf 90' lang='lat' dir='ltr'><strong>ecclesia</strong></span> <span class='ocrx_word' id='word_1_392' title='bbox 1069 3929 1475 3992; x_wconf 86' lang='lat' dir='ltr'><strong>reposuerunt,</strong></span> <span class='ocrx_word' id='word_1_393' title='bbox 1532 3922 1624 3977; x_wconf 91' lang='lat' dir='ltr'><strong>ubi</strong></span> <span class='ocrx_word' id='word_1_394' title='bbox 1688 3923 1992 3985; x_wconf 78' lang='lat' dir='ltr'><strong>etiamnum</strong></span> 
     </span>
    </p>
   </div>
   <div class='ocr_carea' id='block_1_55' title="bbox 423 4013 1995 4083">
    <p class='ocr_par' dir='ltr' id='par_1_55' title="bbox 423 4013 1995 4083">
     <span class='ocr_line' id='line_1_56' title="bbox 423 4013 1995 4083; baseline 0.001 -14"><span class='ocrx_word' id='word_1_395' title='bbox 423 4022 698 4069; x_wconf 84' lang='lat' dir='ltr'><strong>servatur.</strong></span> <span class='ocrx_word' id='word_1_396' title='bbox 750 4014 1017 4071; x_wconf 67' lang='lat' dir='ltr'><strong>Caeterum</strong></span> <span class='ocrx_word' id='word_1_397' title='bbox 1050 4029 1116 4069; x_wconf 88' lang='lat' dir='ltr'><strong>ex</strong></span> <span class='ocrx_word' id='word_1_398' title='bbox 1153 4013 1271 4068; x_wconf 91' lang='lat' dir='ltr'><strong>basi</strong></span> <span class='ocrx_word' id='word_1_399' title='bbox 1303 4013 1390 4068; x_wconf 91' lang='lat' dir='ltr'><strong>cui</strong></span> <span class='ocrx_word' id='word_1_400' title='bbox 1426 4013 1682 4083; x_wconf 88' lang='lat' dir='ltr'><strong>imposita</strong></span> <span class='ocrx_word' id='word_1_401' title='bbox 1720 4022 1839 4069; x_wconf 89' lang='lat' dir='ltr'><strong>erat</strong></span> <span class='ocrx_word' id='word_1_402' title='bbox 1878 4015 1995 4070; x_wconf 68' lang='lat' dir='ltr'><strong>haec</strong></span> 
     </span>
    </p>
   </div>
   <div class='ocr_carea' id='block_1_56' title="bbox 425 4100 1993 4174">
    <p class='ocr_par' dir='ltr' id='par_1_56' title="bbox 425 4100 1993 4174">
     <span class='ocr_line' id='line_1_57' title="bbox 425 4100 1993 4174; baseline 0.001 -16"><span class='ocrx_word' id='word_1_403' title='bbox 425 4110 626 4168; x_wconf 85' lang='lat' dir='ltr'><strong>statua,</strong></span> <span class='ocrx_word' id='word_1_404' title='bbox 682 4103 867 4173; x_wconf 89' lang='lat' dir='ltr'><strong>planta</strong></span> <span class='ocrx_word' id='word_1_405' title='bbox 918 4103 1169 4174; x_wconf 83' lang='lat' dir='ltr'><strong>quaedam</strong></span> <span class='ocrx_word' id='word_1_406' title='bbox 1229 4100 1298 4156; x_wconf 90' lang='lat' dir='ltr'><strong>ad</strong></span> <span class='ocrx_word' id='word_1_407' title='bbox 1339 4116 1531 4157; x_wconf 90' lang='lat' dir='ltr'><strong>omnes</strong></span> <span class='ocrx_word' id='word_1_408' title='bbox 1581 4102 1874 4173; x_wconf 85' lang='lat' dir='ltr'><strong>languores</strong></span> <span class='ocrx_word' id='word_1_409' title='bbox 1930 4120 1993 4160; x_wconf 90' lang='lat' dir='ltr'><strong>ac</strong></span> 
     </span>
    </p>
   </div>
   <div class='ocr_carea' id='block_1_57' title="bbox 424 4189 1991 4263">
    <p class='ocr_par' dir='ltr' id='par_1_57' title="bbox 424 4189 1991 4263">
     <span class='ocr_line' id='line_1_58' title="bbox 424 4189 1991 4263; baseline 0.002 -17"><span class='ocrx_word' id='word_1_410' title='bbox 424 4195 649 4248; x_wconf 83' lang='lat' dir='ltr'><strong>morbos</strong></span> <span class='ocrx_word' id='word_1_411' title='bbox 680 4192 955 4248; x_wconf 84' lang='lat' dir='ltr'><strong>curandos</strong></span> <span class='ocrx_word' id='word_1_412' title='bbox 990 4191 1393 4263; x_wconf 86' lang='lat' dir='ltr'><strong>potentissima,</strong></span> <span class='ocrx_word' id='word_1_413' title='bbox 1422 4199 1482 4245; x_wconf 90' lang='lat' dir='ltr'><strong>ut</strong></span> <span class='ocrx_word' id='word_1_414' title='bbox 1506 4189 1674 4245; x_wconf 86' lang='lat' dir='ltr'><strong>refert</strong></span> <span class='ocrx_word' id='word_1_415' title='bbox 1699 4192 1991 4261; x_wconf 80' lang='lat' dir='ltr'><strong>Eusebius,</strong></span> 
     </span>
    </p>
   </div>
   <div class='ocr_carea' id='block_1_58' title="bbox 426 4280 1994 4352">
    <p class='ocr_par' dir='ltr' id='par_1_58' title="bbox 426 4280 1994 4352">
     <span class='ocr_line' id='line_1_59' title="bbox 426 4280 1994 4352; baseline 0 -14"><span class='ocrx_word' id='word_1_416' title='bbox 426 4284 794 4339; x_wconf 85' lang='lat' dir='ltr'><strong>nascebatur:</strong></span> <span class='ocrx_word' id='word_1_417' title='bbox 836 4284 996 4352; x_wconf 87' lang='lat' dir='ltr'><strong>cujus</strong></span> <span class='ocrx_word' id='word_1_418' title='bbox 1026 4283 1262 4351; x_wconf 90' lang='lat' dir='ltr'><strong>speciem</strong></span> <span class='ocrx_word' id='word_1_419' title='bbox 1299 4280 1484 4335; x_wconf 85' lang='lat' dir='ltr'><strong>nullus</strong></span> <span class='ocrx_word' id='word_1_420' title='bbox 1517 4296 1584 4337; x_wconf 80' lang='lat' dir='ltr'><strong>ex</strong></span> <span class='ocrx_word' id='word_1_421' title='bbox 1622 4282 1853 4339; x_wconf 88' lang='lat' dir='ltr'><strong>medicis</strong></span> <span class='ocrx_word' id='word_1_422' title='bbox 1898 4292 1994 4338; x_wconf 78' lang='lat' dir='ltr'><strong>aut</strong></span> 
     </span>
    </p>
   </div>
   <div class='ocr_carea' id='block_1_59' title="bbox 2011 1715 2059 1775">
    <p class='ocr_par' dir='ltr' id='par_1_59' title="bbox 2011 1715 2059 1775">
     <span class='ocr_line' id='line_1_60' title="bbox 2011 1715 2059 1775; baseline 0 0"><span class='ocrx_word' id='word_1_423' title='bbox 2011 1715 2059 1775; x_wconf 87' lang='grc' dir='ltr'><strong><em>Β</em></strong></span> 
     </span>
    </p>
   </div>
   <div class='ocr_carea' id='block_1_60' title="bbox 2667 1706 3085 1764">
    <p class='ocr_par' dir='ltr' id='par_1_60' title="bbox 2667 1706 3085 1764">
     <span class='ocr_line' id='line_1_61' title="bbox 2667 1706 3085 1764; baseline 0 -2"><span class='ocrx_word' id='word_1_424' title='bbox 2667 1708 2892 1764; x_wconf 73' lang='grc' dir='ltr'>ΚΕΦΑΛ</span> <span class='ocrx_word' id='word_1_425' title='bbox 2904 1748 2915 1758; x_wconf 96' lang='grc'><strong>.</strong></span> <span class='ocrx_word' id='word_1_426' title='bbox 2952 1706 3085 1762; x_wconf 62' lang='lat' dir='ltr'><strong>KA‘.</strong></span> 
     </span>
    </p>
   </div>
   <div class='ocr_carea' id='block_1_61' title="bbox 2084 1795 3691 1871">
    <p class='ocr_par' dir='ltr' id='par_1_61' title="bbox 2084 1795 3691 1871">
     <span class='ocr_line' id='line_1_62' title="bbox 2084 1795 3691 1871; baseline -0.003 -16"><span class='ocrx_word' id='word_1_427' title='bbox 2084 1801 2224 1871; x_wconf 78' lang='grc' dir='ltr'>Περὶ</span> <span class='ocrx_word' id='word_1_428' title='bbox 2248 1799 2397 1871; x_wconf 62' lang='grc' dir='ltr'><strong>τοῦΔ</strong></span> <span class='ocrx_word' id='word_1_429' title='bbox 2420 1798 2760 1871; x_wconf 64' lang='grc' dir='ltr'>ἀγάλματος</span> <span class='ocrx_word' id='word_1_430' title='bbox 2800 1797 2908 1871; x_wconf 64' lang='grc' dir='ltr'><strong>τοῦ</strong></span> <span class='ocrx_word' id='word_1_431' title='bbox 2958 1795 3380 1871; x_wconf 41' lang='grc' dir='ltr'>Χριοντοῦητοῢ</span> <span class='ocrx_word' id='word_1_432' title='bbox 3430 1796 3510 1871; x_wconf 53' lang='grc' dir='ltr'>ἐκ</span> <span class='ocrx_word' id='word_1_433' title='bbox 3551 1800 3691 1852; x_wconf 72' lang='grc' dir='ltr'><strong>Παι-</strong></span> 
     </span>
    </p>
   </div>
   <div class='ocr_carea' id='block_1_62' title="bbox 2152 1866 3688 1935">
    <p class='ocr_par' dir='ltr' id='par_1_62' title="bbox 2152 1866 3688 1935">
     <span class='ocr_line' id='line_1_63' title="bbox 2152 1866 3688 1935; baseline -0.003 -11"><span class='ocrx_word' id='word_1_434' title='bbox 2152 1866 2340 1932; x_wconf 62' lang='grc' dir='ltr'>ἱιεάδι.</span> <span class='ocrx_word' id='word_1_435' title='bbox 2371 1868 2403 1922; x_wconf 81' lang='grc' dir='ltr'>ὃ</span> <span class='ocrx_word' id='word_1_436' title='bbox 2434 1866 2786 1922; x_wconf 70' lang='grc' dir='ltr'>καταϐαλὼν</span> <span class='ocrx_word' id='word_1_437' title='bbox 2823 1866 3143 1932; x_wconf 74' lang='grc' dir='ltr'>Ἰουλιανὸς</span> <span class='ocrx_word' id='word_1_438' title='bbox 3169 1867 3268 1919; x_wconf 78' lang='grc' dir='ltr'>καὶ</span> <span class='ocrx_word' id='word_1_439' title='bbox 3306 1866 3688 1935; x_wconf 79' lang='grc' dir='ltr'>ἀχρειὼσας.</span> 
     </span>
    </p>
   </div>
   <div class='ocr_carea' id='block_1_63' title="bbox 2152 1935 3688 2008">
    <p class='ocr_par' dir='ltr' id='par_1_63' title="bbox 2152 1935 3688 2008">
     <span class='ocr_line' id='line_1_64' title="bbox 2152 1935 3688 2008; baseline 0.008 -16"><span class='ocrx_word' id='word_1_440' title='bbox 2152 1940 2217 1993; x_wconf 85' lang='grc' dir='ltr'>τὸ</span> <span class='ocrx_word' id='word_1_441' title='bbox 2273 1938 2492 1992; x_wconf 76' lang='grc' dir='ltr'>ἑαυτοῦ</span> <span class='ocrx_word' id='word_1_442' title='bbox 2546 1938 2786 2008; x_wconf 77' lang='grc' dir='ltr'>ἄγαλμα</span> <span class='ocrx_word' id='word_1_443' title='bbox 2837 1936 3063 2008; x_wconf 59' lang='grc' dir='ltr'>ἔστησε</span> <span class='ocrx_word' id='word_1_444' title='bbox 3082 1951 3098 1967; x_wconf 82' lang='grc'><strong><em>⁸</em></strong></span> <span class='ocrx_word' id='word_1_445' title='bbox 3154 1935 3251 2008; x_wconf 56' lang='grc' dir='ltr'><strong>καὶ</strong></span> <span class='ocrx_word' id='word_1_446' title='bbox 3302 1935 3382 2008; x_wconf 68' lang='grc' dir='ltr'><strong>ᾡς</strong></span> <span class='ocrx_word' id='word_1_447' title='bbox 3436 1935 3688 2008; x_wconf 65' lang='grc' dir='ltr'><em>ἐφθᾷιη</em></span> 
     </span>
    </p>
   </div>
   <div class='ocr_carea' id='block_1_64' title="bbox 2151 2003 3689 2074">
    <p class='ocr_par' dir='ltr' id='par_1_64' title="bbox 2151 2003 3689 2074">
     <span class='ocr_line' id='line_1_65' title="bbox 2151 2003 3689 2074; baseline -0.004 -12"><span class='ocrx_word' id='word_1_448' title='bbox 2151 2007 2348 2072; x_wconf 82' lang='grc' dir='ltr'>τοῦτο,</span> <span class='ocrx_word' id='word_1_449' title='bbox 2370 2003 2608 2074; x_wconf 63' lang='grc' dir='ltr'>,ϐληθὲνί</span> <span class='ocrx_word' id='word_1_450' title='bbox 2633 2003 2928 2074; x_wconf 69' lang='grc' dir='ltr'>κεραυνῷ·</span> <span class='ocrx_word' id='word_1_451' title='bbox 2967 2005 3064 2058; x_wconf 74' lang='grc' dir='ltr'>καὶ</span> <span class='ocrx_word' id='word_1_452' title='bbox 3099 2004 3230 2074; x_wconf 76' lang='grc' dir='ltr'>περὶ</span> <span class='ocrx_word' id='word_1_453' title='bbox 3261 2003 3370 2071; x_wconf 79' lang='grc' dir='ltr'>τῆς</span> <span class='ocrx_word' id='word_1_454' title='bbox 3412 2007 3501 2070; x_wconf 79' lang='grc' dir='ltr'><strong>εἰς</strong></span> <span class='ocrx_word' id='word_1_455' title='bbox 3541 2006 3689 2074; x_wconf 77' lang='grc' dir='ltr'><strong>Ἐμ-</strong></span> 
     </span>
    </p>
   </div>
   <div class='ocr_carea' id='block_1_65' title="bbox 2145 2074 3688 2146">
    <p class='ocr_par' dir='ltr' id='par_1_65' title="bbox 2145 2074 3688 2146">
     <span class='ocr_line' id='line_1_66' title="bbox 2145 2074 3688 2146; baseline -0.004 -15"><span class='ocrx_word' id='word_1_456' title='bbox 2145 2077 2341 2146; x_wconf 79' lang='grc' dir='ltr'>μαοῦς</span> <span class='ocrx_word' id='word_1_457' title='bbox 2398 2076 2615 2145; x_wconf 71' lang='grc' dir='ltr'>πηγῆς,</span> <span class='ocrx_word' id='word_1_458' title='bbox 2672 2076 2819 2146; x_wconf 71' lang='grc' dir='ltr'>ἔνθα</span> <span class='ocrx_word' id='word_1_459' title='bbox 2860 2078 2893 2128; x_wconf 85' lang='lat' dir='ltr'><strong>d</strong></span> <span class='ocrx_word' id='word_1_460' title='bbox 2935 2075 3189 2146; x_wconf 72' lang='lat' dir='ltr'><strong>chq&#39;rdq</strong></span> <span class='ocrx_word' id='word_1_461' title='bbox 3262 2074 3405 2146; x_wconf 60' lang='lat' dir='ltr'><strong>rei);</strong></span> <span class='ocrx_word' id='word_1_462' title='bbox 3442 2074 3688 2146; x_wconf 63' lang='grc' dir='ltr'><strong>⁸πόδας-</strong></span> 
     </span>
    </p>
   </div>
   <div class='ocr_carea' id='block_1_66' title="bbox 2152 2143 3687 2216">
    <p class='ocr_par' dir='ltr' id='par_1_66' title="bbox 2152 2143 3687 2216">
     <span class='ocr_line' id='line_1_67' title="bbox 2152 2143 3687 2216; baseline -0.005 -15"><span class='ocrx_word' id='word_1_463' title='bbox 2152 2143 2363 2216; x_wconf 71' lang='grc' dir='ltr'>ἕνιψεο</span> <span class='ocrx_word' id='word_1_464' title='bbox 2389 2215 2394 2216; x_wconf 14' lang='grc' dir='ltr'>ί</span> <span class='ocrx_word' id='word_1_465' title='bbox 2428 2143 2525 2199; x_wconf 74' lang='grc' dir='ltr'>καὶ</span> <span class='ocrx_word' id='word_1_466' title='bbox 2562 2145 2695 2214; x_wconf 73' lang='grc' dir='ltr'>περὶ</span> <span class='ocrx_word' id='word_1_467' title='bbox 2728 2145 2836 2212; x_wconf 80' lang='grc' dir='ltr'><strong>τῆς</strong></span> <span class='ocrx_word' id='word_1_468' title='bbox 2869 2144 3160 2216; x_wconf 71' lang='grc' dir='ltr'>Περσίδος</span> <span class='ocrx_word' id='word_1_469' title='bbox 3191 2144 3298 2198; x_wconf 84' lang='grc' dir='ltr'><strong>τοῦ</strong></span> <span class='ocrx_word' id='word_1_470' title='bbox 3324 2143 3687 2216; x_wconf 52' lang='lat' dir='ltr'><strong>“fragoth</strong></span> 
     </span>
    </p>
   </div>
   <div class='ocr_carea' id='block_1_67' title="bbox 2149 2212 3691 2285">
    <p class='ocr_par' dir='ltr' id='par_1_67' title="bbox 2149 2212 3691 2285">
     <span class='ocr_line' id='line_1_68' title="bbox 2149 2212 3691 2285; baseline -0.003 -16"><span class='ocrx_word' id='word_1_471' title='bbox 2149 2216 2225 2269; x_wconf 81' lang='grc' dir='ltr'><strong>ἐν</strong></span> <span class='ocrx_word' id='word_1_472' title='bbox 2256 2212 2530 2285; x_wconf 70' lang='grc' dir='ltr'>Ἀίγύπτῳ</span> <span class='ocrx_word' id='word_1_473' title='bbox 2556 2212 2810 2285; x_wconf 67' lang='grc' dir='ltr'>Χριστὸν</span> <span class='ocrx_word' id='word_1_474' title='bbox 2824 2214 3268 2285; x_wconf 74' lang='grc' dir='ltr'>προσεκύνησε,</span> <span class='ocrx_word' id='word_1_475' title='bbox 3300 2214 3397 2266; x_wconf 77' lang='grc' dir='ltr'><strong>καί</strong></span> <span class='ocrx_word' id='word_1_476' title='bbox 3437 2212 3557 2266; x_wconf 75' lang='grc' dir='ltr'><strong>τῶν</strong></span> <span class='ocrx_word' id='word_1_477' title='bbox 3591 2212 3691 2265; x_wconf 76' lang='grc' dir='ltr'>δι’</span> 
     </span>
    </p>
   </div>
   <div class='ocr_carea' id='block_1_68' title="bbox 2152 2283 3078 2353">
    <p class='ocr_par' dir='ltr' id='par_1_68' title="bbox 2152 2283 3078 2353">
     <span class='ocr_line' id='line_1_69' title="bbox 2152 2283 3078 2353; baseline -0.004 -13"><span class='ocrx_word' id='word_1_478' title='bbox 2152 2285 2300 2340; x_wconf 83' lang='grc' dir='ltr'><strong>αὐτό</strong></span> <span class='ocrx_word' id='word_1_479' title='bbox 2322 2283 2705 2353; x_wconf 73' lang='grc' dir='ltr'>τελουμένων</span> <span class='ocrx_word' id='word_1_480' title='bbox 2742 2283 3078 2352; x_wconf 81' lang='grc' dir='ltr'><strong>θαυμάτων.</strong></span> 
     </span>
    </p>
   </div>
   <div class='ocr_carea' id='block_1_69' title="bbox 2166 2373 3691 2447">
    <p class='ocr_par' dir='ltr' id='par_1_69' title="bbox 2166 2373 3691 2447">
     <span class='ocr_line' id='line_1_70' title="bbox 2166 2373 3691 2447; baseline -0.004 -16"><span class='ocrx_word' id='word_1_481' title='bbox 2166 2376 2320 2447; x_wconf 56' lang='grc' dir='ltr'><strong>Ἐμοὶ⁸</strong></span> <span class='ocrx_word' id='word_1_482' title='bbox 2359 2376 2415 2429; x_wconf 82' lang='grc' dir='ltr'>δὲ</span> <span class='ocrx_word' id='word_1_483' title='bbox 2460 2376 2566 2429; x_wconf 84' lang='grc' dir='ltr'><strong>τῶν</strong></span> <span class='ocrx_word' id='word_1_484' title='bbox 2607 2375 2699 2430; x_wconf 76' lang='grc' dir='ltr'><strong>ἐπὶ</strong></span> <span class='ocrx_word' id='word_1_485' title='bbox 2732 2373 3019 2428; x_wconf 86' lang='grc' dir='ltr'>Ἰουλιανοῦ</span> <span class='ocrx_word' id='word_1_486' title='bbox 3070 2374 3410 2445; x_wconf 80' lang='grc' dir='ltr'>συμϐάντων,</span> <span class='ocrx_word' id='word_1_487' title='bbox 3446 2375 3691 2427; x_wconf 77' lang='grc' dir='ltr'>κάκεῖνο</span> 
     </span>
    </p>
   </div>
   <div class='ocr_carea' id='block_1_70' title="bbox 2086 2458 3684 2541">
    <p class='ocr_par' dir='ltr' id='par_1_70' title="bbox 2086 2458 3684 2541">
     <span class='ocr_line' id='line_1_71' title="bbox 2086 2458 3684 2541; baseline -0.003 -20"><span class='ocrx_word' id='word_1_488' title='bbox 2086 2469 2311 2541; x_wconf 77' lang='grc' dir='ltr'>ῥητέον·</span> <span class='ocrx_word' id='word_1_489' title='bbox 2365 2469 2588 2538; x_wconf 82' lang='grc' dir='ltr'>σημεῖον</span> <span class='ocrx_word' id='word_1_490' title='bbox 2629 2466 2727 2537; x_wconf 79' lang='grc' dir='ltr'>μὲν</span> <span class='ocrx_word' id='word_1_491' title='bbox 2766 2466 2865 2536; x_wconf 82' lang='grc' dir='ltr'>τῆς</span> <span class='ocrx_word' id='word_1_492' title='bbox 2918 2464 3012 2519; x_wconf 90' lang='grc' dir='ltr'><strong>τοῦ</strong></span> <span class='ocrx_word' id='word_1_493' title='bbox 3065 2458 3301 2536; x_wconf 82' lang='grc' dir='ltr'>Χριστοῦ</span> <span class='ocrx_word' id='word_1_494' title='bbox 3345 2465 3639 2535; x_wconf 82' lang='grc' dir='ltr'>δυνάμεως</span> <span class='ocrx_word' id='word_1_495' title='bbox 3666 2504 3684 2527; x_wconf 86' lang='grc'><strong>.</strong></span> 
     </span>
    </p>
   </div>
   <div class='ocr_carea' id='block_1_71' title="bbox 2083 2552 3680 2630">
    <p class='ocr_par' dir='ltr' id='par_1_71' title="bbox 2083 2552 3680 2630">
     <span class='ocr_line' id='line_1_72' title="bbox 2083 2552 3680 2630; baseline -0.004 -18"><span class='ocrx_word' id='word_1_496' title='bbox 2083 2559 2380 2630; x_wconf 84' lang='grc' dir='ltr'>τεκμήριον</span> <span class='ocrx_word' id='word_1_497' title='bbox 2438 2557 2495 2611; x_wconf 82' lang='grc' dir='ltr'>δὲ</span> <span class='ocrx_word' id='word_1_498' title='bbox 2535 2557 2635 2627; x_wconf 85' lang='grc' dir='ltr'><strong>τῆς</strong></span> <span class='ocrx_word' id='word_1_499' title='bbox 2700 2556 2781 2621; x_wconf 90' lang='grc' dir='ltr'><strong>εἰς</strong></span> <span class='ocrx_word' id='word_1_500' title='bbox 2840 2555 2931 2609; x_wconf 77' lang='grc' dir='ltr'>τὸν</span> <span class='ocrx_word' id='word_1_501' title='bbox 2990 2555 3294 2627; x_wconf 83' lang='grc' dir='ltr'>κρατοῦντα</span> <span class='ocrx_word' id='word_1_502' title='bbox 3345 2552 3680 2623; x_wconf 75' lang='grc' dir='ltr'>θεομηνίας.</span> 
     </span>
    </p>
   </div>
   <div class='ocr_carea' id='block_1_72' title="bbox 2097 2645 3689 2720">
    <p class='ocr_par' dir='ltr' id='par_1_72' title="bbox 2097 2645 3689 2720">
     <span class='ocr_line' id='line_1_73' title="bbox 2097 2645 3689 2720; baseline -0.003 -17"><span class='ocrx_word' id='word_1_503' title='bbox 2097 2650 2251 2703; x_wconf 77' lang='grc' dir='ltr'>Ἐπεὶ</span> <span class='ocrx_word' id='word_1_504' title='bbox 2273 2648 2382 2720; x_wconf 84' lang='grc' dir='ltr'><strong>γὰρ</strong></span> <span class='ocrx_word' id='word_1_505' title='bbox 2403 2647 2543 2720; x_wconf 81' lang='grc' dir='ltr'>ἔγνω</span> <span class='ocrx_word' id='word_1_506' title='bbox 2571 2648 2629 2703; x_wconf 78' lang='grc' dir='ltr'>ἐν</span> <span class='ocrx_word' id='word_1_507' title='bbox 2654 2648 2961 2720; x_wconf 78' lang='grc' dir='ltr'>Καισαρείᾳ</span> <span class='ocrx_word' id='word_1_508' title='bbox 2979 2649 3076 2718; x_wconf 85' lang='grc' dir='ltr'>τῆς</span> <span class='ocrx_word' id='word_1_509' title='bbox 3103 2646 3364 2700; x_wconf 78' lang='grc' dir='ltr'>Φιλίππου</span> <span class='ocrx_word' id='word_1_510' title='bbox 3392 2645 3689 2712; x_wconf 55' lang='lat' dir='ltr'><strong>(troivth</strong></span> 
     </span>
    </p>
   </div>
   <div class='ocr_carea' id='block_1_73' title="bbox 2083 2736 3701 2811">
    <p class='ocr_par' dir='ltr' id='par_1_73' title="bbox 2083 2736 3701 2811">
     <span class='ocr_line' id='line_1_74' title="bbox 2083 2736 3701 2811; baseline -0.004 -18"><span class='ocrx_word' id='word_1_511' title='bbox 2083 2738 2141 2793; x_wconf 81' lang='grc' dir='ltr'>δὲ</span> <span class='ocrx_word' id='word_1_512' title='bbox 2168 2738 2305 2811; x_wconf 84' lang='grc' dir='ltr'>αῦτη</span> <span class='ocrx_word' id='word_1_513' title='bbox 2352 2738 2552 2807; x_wconf 77' lang='grc' dir='ltr'>πόλις),</span> <span class='ocrx_word' id='word_1_514' title='bbox 2595 2738 2662 2809; x_wconf 75' lang='grc' dir='ltr'>ἢν</span> <span class='ocrx_word' id='word_1_515' title='bbox 2709 2738 2956 2793; x_wconf 82' lang='grc' dir='ltr'>Πανεάδα</span> <span class='ocrx_word' id='word_1_516' title='bbox 2978 2738 3352 2808; x_wconf 78' lang='grc' dir='ltr'>ὀνομάζουσιν,</span> <span class='ocrx_word' id='word_1_517' title='bbox 3396 2736 3701 2804; x_wconf 75' lang='grc' dir='ltr'>ἐπίσημον.</span> 
     </span>
    </p>
   </div>
   <div class='ocr_carea' id='block_1_74' title="bbox 2086 2827 3689 2903">
    <p class='ocr_par' dir='ltr' id='par_1_74' title="bbox 2086 2827 3689 2903">
     <span class='ocr_line' id='line_1_75' title="bbox 2086 2827 3689 2903; baseline -0.002 -19"><span class='ocrx_word' id='word_1_518' title='bbox 2086 2828 2225 2887; x_wconf 82' lang='grc' dir='ltr'>εῐναι</span> <span class='ocrx_word' id='word_1_519' title='bbox 2272 2831 2508 2903; x_wconf 84' lang='grc' dir='ltr'>Χριστοῦ</span> <span class='ocrx_word' id='word_1_520' title='bbox 2546 2830 2789 2901; x_wconf 79' lang='grc' dir='ltr'>ἀγαλμα,</span> <span class='ocrx_word' id='word_1_521' title='bbox 2840 2831 2869 2884; x_wconf 82' lang='grc' dir='ltr'><strong>ὃ</strong></span> <span class='ocrx_word' id='word_1_522' title='bbox 2915 2830 3008 2884; x_wconf 90' lang='grc' dir='ltr'><strong>τοῦ</strong></span> <span class='ocrx_word' id='word_1_523' title='bbox 3056 2830 3263 2893; x_wconf 78' lang='grc' dir='ltr'>πάθους</span> <span class='ocrx_word' id='word_1_524' title='bbox 3291 2827 3689 2894; x_wconf 74' lang='grc' dir='ltr'>άπαλλαγεῖτα</span> 
     </span>
    </p>
   </div>
   <div class='ocr_carea' id='block_1_75' title="bbox 2088 2920 3687 2996">
    <p class='ocr_par' dir='ltr' id='par_1_75' title="bbox 2088 2920 3687 2996">
     <span class='ocr_line' id='line_1_76' title="bbox 2088 2920 3687 2996; baseline -0.003 -17"><span class='ocrx_word' id='word_1_525' title='bbox 2088 2924 2351 2996; x_wconf 84' lang='grc' dir='ltr'><strong>ἀνέθηκεν</strong></span> <span class='ocrx_word' id='word_1_526' title='bbox 2391 2924 2426 2995; x_wconf 83' lang='grc' dir='ltr'><strong>ἡ</strong></span> <span class='ocrx_word' id='word_1_527' title='bbox 2468 2921 2860 2995; x_wconf 72' lang='grc' dir='ltr'>αἱμορροοῦσα,</span> <span class='ocrx_word' id='word_1_528' title='bbox 2888 2921 3129 2977; x_wconf 86' lang='grc' dir='ltr'>καθελὼν</span> <span class='ocrx_word' id='word_1_529' title='bbox 3174 2920 3351 2984; x_wconf 83' lang='grc' dir='ltr'>τοῦτο,</span> <span class='ocrx_word' id='word_1_530' title='bbox 3394 2920 3525 2973; x_wconf 74' lang='grc' dir='ltr'>ἴδιον</span> <span class='ocrx_word' id='word_1_531' title='bbox 3581 2921 3687 2974; x_wconf 82' lang='grc' dir='ltr'>άν-</span> 
     </span>
    </p>
   </div>
   <div class='ocr_carea' id='block_1_76' title="bbox 2014 3011 3690 3104">
    <p class='ocr_par' dir='ltr' id='par_1_76' title="bbox 2014 3011 3690 3104">
     <span class='ocr_line' id='line_1_77' title="bbox 2014 3011 3690 3104; baseline -0.004 -35"><span class='ocrx_word' id='word_1_532' title='bbox 2014 3042 2061 3104; x_wconf 72' lang='lat' dir='ltr'>c</span> <span class='ocrx_word' id='word_1_533' title='bbox 2090 3017 2284 3086; x_wconf 82' lang='grc' dir='ltr'>έστησε</span> <span class='ocrx_word' id='word_1_534' title='bbox 2328 3015 2460 3086; x_wconf 76' lang='grc'><strong>(52).</strong></span> <span class='ocrx_word' id='word_1_535' title='bbox 2514 3014 2692 3069; x_wconf 84' lang='grc' dir='ltr'>Βίαιον</span> <span class='ocrx_word' id='word_1_536' title='bbox 2741 3014 2798 3068; x_wconf 67' lang='grc' dir='ltr'>δὲ</span> <span class='ocrx_word' id='word_1_537' title='bbox 2842 3013 2953 3087; x_wconf 86' lang='grc' dir='ltr'><strong>πῦρ</strong></span> <span class='ocrx_word' id='word_1_538' title='bbox 3000 3014 3060 3079; x_wconf 75' lang='grc' dir='ltr'><strong>ἐξ</strong></span> <span class='ocrx_word' id='word_1_539' title='bbox 3094 3011 3325 3084; x_wconf 79' lang='grc' dir='ltr'>οὐρανοῦ</span> <span class='ocrx_word' id='word_1_540' title='bbox 3369 3011 3557 3074; x_wconf 67' lang='grc' dir='ltr'>πεσὸν,</span> <span class='ocrx_word' id='word_1_541' title='bbox 3610 3012 3690 3064; x_wconf 68' lang='grc' dir='ltr'><strong>τά.</strong></span> 
     </span>
    </p>
   </div>
   <div class='ocr_carea' id='block_1_77' title="bbox 2093 3103 3688 3178">
    <p class='ocr_par' dir='ltr' id='par_1_77' title="bbox 2093 3103 3688 3178">
     <span class='ocr_line' id='line_1_78' title="bbox 2093 3103 3688 3178; baseline -0.004 -18"><span class='ocrx_word' id='word_1_542' title='bbox 2093 3108 2221 3178; x_wconf 78' lang='grc' dir='ltr'>περὶ</span> <span class='ocrx_word' id='word_1_543' title='bbox 2250 3106 2311 3160; x_wconf 82' lang='grc' dir='ltr'><strong>τὺ</strong></span> <span class='ocrx_word' id='word_1_544' title='bbox 2345 3106 2537 3177; x_wconf 84' lang='grc' dir='ltr'>στῆθος</span> <span class='ocrx_word' id='word_1_545' title='bbox 2560 3106 2655 3161; x_wconf 92' lang='grc' dir='ltr'><strong>τοῦ</strong></span> <span class='ocrx_word' id='word_1_546' title='bbox 2683 3106 2995 3176; x_wconf 78' lang='grc' dir='ltr'>ἀνδριάντος</span> <span class='ocrx_word' id='word_1_547' title='bbox 3030 3105 3265 3175; x_wconf 80' lang='grc' dir='ltr'>διέτεμε,</span> <span class='ocrx_word' id='word_1_548' title='bbox 3294 3105 3389 3158; x_wconf 74' lang='grc' dir='ltr'><strong>καὶ</strong></span> <span class='ocrx_word' id='word_1_549' title='bbox 3433 3103 3531 3174; x_wconf 73' lang='grc' dir='ltr'>τὴν</span> <span class='ocrx_word' id='word_1_550' title='bbox 3581 3120 3688 3155; x_wconf 77' lang='grc' dir='ltr'>κε-</span> 
     </span>
    </p>
   </div>
   <div class='ocr_carea' id='block_1_78' title="bbox 2091 3194 3690 3269">
    <p class='ocr_par' dir='ltr' id='par_1_78' title="bbox 2091 3194 3690 3269">
     <span class='ocr_line' id='line_1_79' title="bbox 2091 3194 3690 3269; baseline -0.003 -20"><span class='ocrx_word' id='word_1_551' title='bbox 2091 3196 2265 3268; x_wconf 80' lang='grc' dir='ltr'>φαλὴν</span> <span class='ocrx_word' id='word_1_552' title='bbox 2295 3196 2392 3249; x_wconf 81' lang='grc' dir='ltr'><strong>σὺν</strong></span> <span class='ocrx_word' id='word_1_553' title='bbox 2428 3196 2507 3267; x_wconf 84' lang='grc' dir='ltr'>τῷ</span> <span class='ocrx_word' id='word_1_554' title='bbox 2541 3196 2729 3269; x_wconf 76' lang='grc' dir='ltr'>αὐχένι</span> <span class='ocrx_word' id='word_1_555' title='bbox 2780 3196 3065 3259; x_wconf 80' lang='grc' dir='ltr'>κατέϐαλε,</span> <span class='ocrx_word' id='word_1_556' title='bbox 3110 3196 3203 3249; x_wconf 71' lang='grc' dir='ltr'><strong>καὶ</strong></span> <span class='ocrx_word' id='word_1_557' title='bbox 3250 3197 3342 3248; x_wconf 69' lang='grc' dir='ltr'><strong>ἐπὶ</strong></span> <span class='ocrx_word' id='word_1_558' title='bbox 3384 3194 3690 3265; x_wconf 70' lang='grc' dir='ltr'>πρόςωπον</span> 
     </span>
    </p>
   </div>
   <div class='ocr_carea' id='block_1_79' title="bbox 2091 3282 3691 3360">
    <p class='ocr_par' dir='ltr' id='par_1_79' title="bbox 2091 3282 3691 3360">
     <span class='ocr_line' id='line_1_80' title="bbox 2091 3282 3691 3360; baseline -0.003 -19"><span class='ocrx_word' id='word_1_559' title='bbox 2091 3286 2350 3357; x_wconf 78' lang='grc' dir='ltr'>ἑνέπηξεν</span> <span class='ocrx_word' id='word_1_560' title='bbox 2440 3287 2500 3341; x_wconf 76' lang='grc' dir='ltr'><strong>τὸ</strong></span> <span class='ocrx_word' id='word_1_561' title='bbox 2538 3288 2835 3359; x_wconf 72' lang='grc' dir='ltr'>διερρωγὸς</span> <span class='ocrx_word' id='word_1_562' title='bbox 2885 3286 2978 3341; x_wconf 88' lang='grc' dir='ltr'><strong>τοῦ</strong></span> <span class='ocrx_word' id='word_1_563' title='bbox 3022 3286 3244 3358; x_wconf 83' lang='grc' dir='ltr'>στέρνου</span> <span class='ocrx_word' id='word_1_564' title='bbox 3294 3286 3443 3338; x_wconf 80' lang='grc' dir='ltr'>ὲστί·</span> <span class='ocrx_word' id='word_1_565' title='bbox 3485 3285 3587 3338; x_wconf 71' lang='grc' dir='ltr'>καὶ</span> <span class='ocrx_word' id='word_1_566' title='bbox 3620 3285 3691 3337; x_wconf 73' lang='grc' dir='ltr'><strong>τὸ</strong></span> 
     </span>
    </p>
   </div>
   <div class='ocr_carea' id='block_1_80' title="bbox 2093 3378 3688 3450">
    <p class='ocr_par' dir='ltr' id='par_1_80' title="bbox 2093 3378 3688 3450">
     <span class='ocr_line' id='line_1_81' title="bbox 2093 3378 3688 3450; baseline -0.003 -18"><span class='ocrx_word' id='word_1_567' title='bbox 2093 3378 2153 3444; x_wconf 75' lang='grc' dir='ltr'><strong>ἐξ</strong></span> <span class='ocrx_word' id='word_1_568' title='bbox 2182 3378 2386 3433; x_wconf 74' lang='grc' dir='ltr'>ἐκείνου</span> <span class='ocrx_word' id='word_1_569' title='bbox 2415 3379 2580 3432; x_wconf 76' lang='grc' dir='ltr'>εἰσέτι</span> <span class='ocrx_word' id='word_1_570' title='bbox 2614 3378 2708 3433; x_wconf 90' lang='grc' dir='ltr'><strong>νῦν</strong></span> <span class='ocrx_word' id='word_1_571' title='bbox 2728 3379 2966 3443; x_wconf 86' lang='grc' dir='ltr'>τοιοῦτος</span> <span class='ocrx_word' id='word_1_572' title='bbox 2998 3380 3221 3450; x_wconf 73' lang='grc' dir='ltr'>ἕστηκε,</span> <span class='ocrx_word' id='word_1_573' title='bbox 3246 3379 3343 3448; x_wconf 80' lang='grc' dir='ltr'>τῆς</span> <span class='ocrx_word' id='word_1_574' title='bbox 3382 3378 3688 3447; x_wconf 77' lang='grc' dir='ltr'>κεραυνίας</span> 
     </span>
    </p>
   </div>
   <div class='ocr_carea' id='block_1_81' title="bbox 2093 3468 3686 3541">
    <p class='ocr_par' dir='ltr' id='par_1_81' title="bbox 2093 3468 3686 3541">
     <span class='ocr_line' id='line_1_82' title="bbox 2093 3468 3686 3541; baseline -0.003 -16"><span class='ocrx_word' id='word_1_575' title='bbox 2093 3469 2323 3540; x_wconf 75' lang='grc' dir='ltr'>αἱθάλης</span> <span class='ocrx_word' id='word_1_576' title='bbox 2374 3470 2607 3541; x_wconf 82' lang='grc' dir='ltr'>πλήρης.</span> <span class='ocrx_word' id='word_1_577' title='bbox 2665 3469 2769 3523; x_wconf 84' lang='grc' dir='ltr'>Τδν</span> <span class='ocrx_word' id='word_1_578' title='bbox 2826 3469 2883 3524; x_wconf 81' lang='grc' dir='ltr'>δὲ</span> <span class='ocrx_word' id='word_1_579' title='bbox 2925 3469 3019 3523; x_wconf 91' lang='grc' dir='ltr'><strong>τοῦ</strong></span> <span class='ocrx_word' id='word_1_580' title='bbox 3068 3468 3305 3541; x_wconf 85' lang='grc' dir='ltr'>Χριστοῦ</span> <span class='ocrx_word' id='word_1_581' title='bbox 3357 3469 3686 3539; x_wconf 82' lang='grc' dir='ltr'>ἀνδριάντα,</span> 
     </span>
    </p>
   </div>
   <div class='ocr_carea' id='block_1_82' title="bbox 2092 3556 3695 3630">
    <p class='ocr_par' dir='ltr' id='par_1_82' title="bbox 2092 3556 3695 3630">
     <span class='ocr_line' id='line_1_83' title="bbox 2092 3556 3695 3630; baseline -0.001 -17"><span class='ocrx_word' id='word_1_582' title='bbox 2092 3560 2213 3614; x_wconf 89' lang='grc' dir='ltr'>τότε</span> <span class='ocrx_word' id='word_1_583' title='bbox 2245 3559 2347 3630; x_wconf 78' lang='grc' dir='ltr'>μὲν</span> <span class='ocrx_word' id='word_1_584' title='bbox 2372 3560 2422 3613; x_wconf 80' lang='grc' dir='ltr'>οἱ</span> <span class='ocrx_word' id='word_1_585' title='bbox 2457 3558 2797 3629; x_wconf 74' lang='grc' dir='ltr'>Ἑλληνισταὶ</span> <span class='ocrx_word' id='word_1_586' title='bbox 2831 3558 3086 3629; x_wconf 87' lang='grc' dir='ltr'>σύροντες</span> <span class='ocrx_word' id='word_1_587' title='bbox 3120 3556 3420 3622; x_wconf 78' lang='grc' dir='ltr'>κατέαξαν·</span> <span class='ocrx_word' id='word_1_588' title='bbox 3453 3558 3595 3626; x_wconf 71' lang='grc' dir='ltr'>μετὰ</span> <span class='ocrx_word' id='word_1_589' title='bbox 3624 3557 3695 3611; x_wconf 79' lang='grc' dir='ltr'><strong>δὲ.</strong></span> 
     </span>
    </p>
   </div>
   <div class='ocr_carea' id='block_1_83' title="bbox 2093 3647 3687 3720">
    <p class='ocr_par' dir='ltr' id='par_1_83' title="bbox 2093 3647 3687 3720">
     <span class='ocr_line' id='line_1_84' title="bbox 2093 3647 3687 3720; baseline -0.003 -17"><span class='ocrx_word' id='word_1_590' title='bbox 2093 3649 2267 3704; x_wconf 87' lang='grc' dir='ltr'>ταῦτα</span> <span class='ocrx_word' id='word_1_591' title='bbox 2306 3651 2355 3702; x_wconf 83' lang='lat' dir='ltr'><strong>oi</strong></span> <span class='ocrx_word' id='word_1_592' title='bbox 2401 3648 2715 3720; x_wconf 73' lang='grc' dir='ltr'>Χριστιανοὶ</span> <span class='ocrx_word' id='word_1_593' title='bbox 2763 3648 3132 3713; x_wconf 81' lang='grc' dir='ltr'>συλλέξαντες,</span> <span class='ocrx_word' id='word_1_594' title='bbox 3176 3650 3233 3701; x_wconf 81' lang='grc' dir='ltr'>ὲν</span> <span class='ocrx_word' id='word_1_595' title='bbox 3277 3651 3342 3719; x_wconf 82' lang='grc' dir='ltr'>τῇ</span> <span class='ocrx_word' id='word_1_596' title='bbox 3383 3647 3687 3717; x_wconf 59' lang='grc' dir='ltr'>Ἐκκλησία</span> 
     </span>
    </p>
   </div>
   <div class='ocr_carea' id='block_1_84' title="bbox 2095 3739 3679 3810">
    <p class='ocr_par' dir='ltr' id='par_1_84' title="bbox 2095 3739 3679 3810">
     <span class='ocr_line' id='line_1_85' title="bbox 2095 3739 3679 3810; baseline -0.004 -14"><span class='ocrx_word' id='word_1_597' title='bbox 2095 3741 2379 3807; x_wconf 83' lang='grc' dir='ltr'>ἀπέθεντο,</span> <span class='ocrx_word' id='word_1_598' title='bbox 2431 3740 2561 3794; x_wconf 79' lang='grc' dir='ltr'>ἔνθα</span> <span class='ocrx_word' id='word_1_599' title='bbox 2613 3740 2709 3794; x_wconf 76' lang='grc' dir='ltr'>καὶ</span> <span class='ocrx_word' id='word_1_600' title='bbox 2749 3739 2844 3793; x_wconf 88' lang='grc' dir='ltr'><strong>νῦν</strong></span> <span class='ocrx_word' id='word_1_601' title='bbox 2892 3740 3238 3810; x_wconf 81' lang='grc' dir='ltr'>φυλάττεται.</span> <span class='ocrx_word' id='word_1_602' title='bbox 3295 3739 3427 3792; x_wconf 77' lang='grc' dir='ltr'>’Δπὺ</span> <span class='ocrx_word' id='word_1_603' title='bbox 3474 3739 3531 3792; x_wconf 78' lang='grc' dir='ltr'>δὲ</span> <span class='ocrx_word' id='word_1_604' title='bbox 3574 3740 3679 3808; x_wconf 77' lang='grc' dir='ltr'>τῆς</span> 
     </span>
    </p>
   </div>
   <div class='ocr_carea' id='block_1_85' title="bbox 2098 3825 3692 3905">
    <p class='ocr_par' dir='ltr' id='par_1_85' title="bbox 2098 3825 3692 3905">
     <span class='ocr_line' id='line_1_86' title="bbox 2098 3825 3692 3905; baseline -0.002 -19"><span class='ocrx_word' id='word_1_605' title='bbox 2098 3832 2305 3904; x_wconf 83' lang='grc' dir='ltr'>βάσεως</span> <span class='ocrx_word' id='word_1_606' title='bbox 2332 3825 2479 3905; x_wconf 77' lang='grc' dir='ltr'><strong>ὲφ’ᾖ</strong></span> <span class='ocrx_word' id='word_1_607' title='bbox 2525 3831 2710 3884; x_wconf 76' lang='grc' dir='ltr'>ἵστατο</span> <span class='ocrx_word' id='word_1_608' title='bbox 2758 3833 2788 3886; x_wconf 81' lang='grc' dir='ltr'><strong>ὁ</strong></span> <span class='ocrx_word' id='word_1_609' title='bbox 2844 3831 3064 3902; x_wconf 81' lang='grc' dir='ltr'>ἀνδριὰς</span> <span class='ocrx_word' id='word_1_610' title='bbox 3113 3826 3285 3895; x_wconf 78' lang='grc' dir='ltr'>οὗτος,</span> <span class='ocrx_word' id='word_1_611' title='bbox 3343 3829 3419 3893; x_wconf 85' lang='grc' dir='ltr'>ὡς</span> <span class='ocrx_word' id='word_1_612' title='bbox 3472 3830 3692 3900; x_wconf 77' lang='grc' dir='ltr'>ἱστορεί</span> 
     </span>
    </p>
   </div>
   <div class='ocr_carea' id='block_1_86' title="bbox 2094 3918 3687 3990">
    <p class='ocr_par' dir='ltr' id='par_1_86' title="bbox 2094 3918 3687 3990">
     <span class='ocr_line' id='line_1_87' title="bbox 2094 3918 3687 3990; baseline -0.002 -16"><span class='ocrx_word' id='word_1_613' title='bbox 2094 3921 2372 3984; x_wconf 75' lang='grc' dir='ltr'>Εὐσέϐιος,</span> <span class='ocrx_word' id='word_1_614' title='bbox 2405 3920 2674 3973; x_wconf 83' lang='grc' dir='ltr'>παντοίων</span> <span class='ocrx_word' id='word_1_615' title='bbox 2698 3919 2888 3974; x_wconf 86' lang='grc' dir='ltr'>παθῶν</span> <span class='ocrx_word' id='word_1_616' title='bbox 2916 3921 3009 3974; x_wconf 55' lang='grc' dir='ltr'><strong>καὶ⁸</strong></span> <span class='ocrx_word' id='word_1_617' title='bbox 3041 3920 3360 3990; x_wconf 85' lang='grc' dir='ltr'>νοσημάτων</span> <span class='ocrx_word' id='word_1_618' title='bbox 3389 3918 3687 3989; x_wconf 82' lang='grc' dir='ltr'>ἀλεξιφάρ-</span> 
     </span>
    </p>
   </div>
   <div class='ocr_carea' id='block_1_87' title="bbox 2099 4004 3688 4081">
    <p class='ocr_par' dir='ltr' id='par_1_87' title="bbox 2099 4004 3688 4081">
     <span class='ocr_line' id='line_1_88' title="bbox 2099 4004 3688 4081; baseline 0 -19"><span class='ocrx_word' id='word_1_619' title='bbox 2099 4026 2273 4080; x_wconf 88' lang='grc' dir='ltr'>μακον</span> <span class='ocrx_word' id='word_1_620' title='bbox 2303 4008 2500 4080; x_wconf 82' lang='grc' dir='ltr'>βοτάνη</span> <span class='ocrx_word' id='word_1_621' title='bbox 2526 4026 2612 4072; x_wconf 90' lang='grc' dir='ltr'><strong>τις</strong></span> <span class='ocrx_word' id='word_1_622' title='bbox 2639 4008 2821 4076; x_wconf 73' lang='grc' dir='ltr'>ἔφυεν,</span> <span class='ocrx_word' id='word_1_623' title='bbox 2849 4004 2917 4081; x_wconf 85' lang='grc' dir='ltr'>ἧς</span> <span class='ocrx_word' id='word_1_624' title='bbox 2948 4010 3009 4062; x_wconf 72' lang='grc' dir='ltr'><strong>τὸ</strong></span> <span class='ocrx_word' id='word_1_625' title='bbox 3034 4005 3174 4072; x_wconf 77' lang='grc' dir='ltr'>εἶδος</span> <span class='ocrx_word' id='word_1_626' title='bbox 3204 4008 3377 4072; x_wconf 74' lang='grc' dir='ltr'>οὐδεὶς</span> <span class='ocrx_word' id='word_1_627' title='bbox 3403 4008 3543 4078; x_wconf 74' lang='grc' dir='ltr'>ἔγνω</span> <span class='ocrx_word' id='word_1_628' title='bbox 3573 4008 3688 4063; x_wconf 75' lang='grc' dir='ltr'><strong>τῶν</strong></span> 
     </span>
    </p>
   </div>
   <div class='ocr_carea' id='block_1_88' title="bbox 2094 4100 3687 4172">
    <p class='ocr_par' dir='ltr' id='par_1_88' title="bbox 2094 4100 3687 4172">
     <span class='ocr_line' id='line_1_89' title="bbox 2094 4100 3687 4172; baseline -0.001 -16"><span class='ocrx_word' id='word_1_629' title='bbox 2094 4104 2157 4157; x_wconf 81' lang='grc' dir='ltr'>ὲν</span> <span class='ocrx_word' id='word_1_630' title='bbox 2187 4104 2251 4172; x_wconf 78' lang='grc' dir='ltr'>τῇ</span> <span class='ocrx_word' id='word_1_631' title='bbox 2281 4100 2406 4154; x_wconf 90' lang='grc' dir='ltr'>καθ’</span> <span class='ocrx_word' id='word_1_632' title='bbox 2437 4102 2582 4170; x_wconf 74' lang='grc' dir='ltr'>ἡμᾶς</span> <span class='ocrx_word' id='word_1_633' title='bbox 2618 4100 2817 4170; x_wconf 88' lang='grc' dir='ltr'>ίατρῶν</span> <span class='ocrx_word' id='word_1_634' title='bbox 2846 4100 2879 4172; x_wconf 80' lang='grc' dir='ltr'><strong>ἦ</strong></span> <span class='ocrx_word' id='word_1_635' title='bbox 2914 4100 3213 4171; x_wconf 74' lang='grc' dir='ltr'>ἐμπείρων.</span> <span class='ocrx_word' id='word_1_636' title='bbox 3260 4101 3414 4171; x_wconf 81' lang='grc' dir='ltr'>Ἐμοὶ</span> <span class='ocrx_word' id='word_1_637' title='bbox 3441 4101 3500 4153; x_wconf 80' lang='grc' dir='ltr'>δὲ</span> <span class='ocrx_word' id='word_1_638' title='bbox 3530 4101 3687 4154; x_wconf 75' lang='grc' dir='ltr'>δοκεῖ</span> 
     </span>
    </p>
   </div>
   <div class='ocr_carea' id='block_1_89' title="bbox 2099 4191 3687 4266">
    <p class='ocr_par' dir='ltr' id='par_1_89' title="bbox 2099 4191 3687 4266">
     <span class='ocr_line' id='line_1_90' title="bbox 2099 4191 3687 4266; baseline -0.002 -19"><span class='ocrx_word' id='word_1_639' title='bbox 2099 4194 2266 4266; x_wconf 84' lang='grc' dir='ltr'>μηδὲν</span> <span class='ocrx_word' id='word_1_640' title='bbox 2291 4191 2427 4248; x_wconf 73' lang='grc' dir='ltr'>εἶναι</span> <span class='ocrx_word' id='word_1_641' title='bbox 2455 4193 2661 4264; x_wconf 87' lang='grc' dir='ltr'>θαῦμα,</span> <span class='ocrx_word' id='word_1_642' title='bbox 2699 4193 2793 4247; x_wconf 90' lang='grc' dir='ltr'><strong>τοῦ</strong></span> <span class='ocrx_word' id='word_1_643' title='bbox 2839 4192 2973 4245; x_wconf 86' lang='grc' dir='ltr'>Θεοῦ</span> <span class='ocrx_word' id='word_1_644' title='bbox 3012 4197 3125 4257; x_wconf 84' lang='grc' dir='ltr'>τοῖς</span> <span class='ocrx_word' id='word_1_645' title='bbox 3165 4191 3472 4263; x_wconf 74' lang='grc' dir='ltr'>ἀνθρώποις</span> <span class='ocrx_word' id='word_1_646' title='bbox 3497 4192 3687 4261; x_wconf 74' lang='grc' dir='ltr'>ἐπιδη·</span> 
     </span>
    </p>
   </div>
   <div class='ocr_carea' id='block_1_90' title="bbox 2099 4281 3680 4357">
    <p class='ocr_par' dir='ltr' id='par_1_90' title="bbox 2099 4281 3680 4357">
     <span class='ocr_line' id='line_1_91' title="bbox 2099 4281 3680 4357; baseline -0.005 -17"><span class='ocrx_word' id='word_1_647' title='bbox 2099 4287 2403 4357; x_wconf 76' lang='grc' dir='ltr'>μήσαντος,</span> <span class='ocrx_word' id='word_1_648' title='bbox 2474 4286 2568 4339; x_wconf 75' lang='grc' dir='ltr'>καὶ</span> <span class='ocrx_word' id='word_1_649' title='bbox 2634 4284 2731 4349; x_wconf 85' lang='grc' dir='ltr'><strong>τάς</strong></span> <span class='ocrx_word' id='word_1_650' title='bbox 2792 4283 3110 4353; x_wconf 82' lang='grc' dir='ltr'>εὐεργεσίας</span> <span class='ocrx_word' id='word_1_651' title='bbox 3168 4283 3438 4354; x_wconf 78' lang='grc' dir='ltr'>συμϐῆναι</span> <span class='ocrx_word' id='word_1_652' title='bbox 3497 4281 3680 4348; x_wconf 80' lang='grc' dir='ltr'>ξένας,</span> 
     </span>
    </p>
   </div>
   <div class='ocr_carea' id='block_1_91' title="bbox 422 4368 1986 4446">
    <p class='ocr_par' dir='ltr' id='par_1_91' title="bbox 422 4372 1986 4446">
     <span class='ocr_line' id='line_1_92' title="bbox 422 4372 1986 4446; baseline 0.001 -17"><span class='ocrx_word' id='word_1_653' title='bbox 422 4374 701 4444; x_wconf 80' lang='lat' dir='ltr'><strong>cmpiricis</strong></span> <span class='ocrx_word' id='word_1_654' title='bbox 738 4381 986 4430; x_wconf 86' lang='lat' dir='ltr'><strong>noverat.</strong></span> <span class='ocrx_word' id='word_1_655' title='bbox 1031 4372 1218 4446; x_wconf 89' lang='lat' dir='ltr'><strong>Neque</strong></span> <span class='ocrx_word' id='word_1_656' title='bbox 1250 4388 1382 4430; x_wconf 90' lang='lat' dir='ltr'><strong>vero</strong></span> <span class='ocrx_word' id='word_1_657' title='bbox 1429 4375 1628 4429; x_wconf 89' lang='lat' dir='ltr'><strong>mirum</strong></span> <span class='ocrx_word' id='word_1_658' title='bbox 1676 4374 1809 4429; x_wconf 87' lang='lat' dir='ltr'><strong>mihi</strong></span> <span class='ocrx_word' id='word_1_659' title='bbox 1842 4375 1986 4431; x_wconf 92' lang='lat' dir='ltr'><strong>vidc-</strong></span> 
     </span>
    </p>
   </div>
   <div class='ocr_carea' id='block_1_92' title="bbox 2101 4368 3686 4446">
    <p class='ocr_par' dir='ltr' id='par_1_92' title="bbox 2108 4368 3686 4445">
     <span class='ocr_line' id='line_1_93' title="bbox 2108 4368 3686 4445; baseline -0.003 -12"><span class='ocrx_word' id='word_1_660' title='bbox 2108 4378 2260 4433; x_wconf 75' lang='grc' dir='ltr'>Ἐπεὶ</span> <span class='ocrx_word' id='word_1_661' title='bbox 2289 4368 2382 4431; x_wconf 73' lang='grc' dir='ltr'>καὶ</span> <span class='ocrx_word' id='word_1_662' title='bbox 2413 4377 2549 4431; x_wconf 82' lang='grc' dir='ltr'>ἄλλα</span> <span class='ocrx_word' id='word_1_663' title='bbox 2584 4377 2812 4431; x_wconf 79' lang='grc' dir='ltr'>πλεῖστα</span> <span class='ocrx_word' id='word_1_664' title='bbox 2862 4375 3139 4445; x_wconf 80' lang='grc' dir='ltr'>παράδοξα</span> <span class='ocrx_word' id='word_1_665' title='bbox 3181 4376 3323 4429; x_wconf 86' lang='grc' dir='ltr'><strong>κατά</strong></span> <span class='ocrx_word' id='word_1_666' title='bbox 3364 4375 3551 4437; x_wconf 81' lang='grc' dir='ltr'>πόλεις</span> <span class='ocrx_word' id='word_1_667' title='bbox 3590 4377 3686 4429; x_wconf 67' lang='grc' dir='ltr'>καὶ</span> 
     </span>
    </p>
   </div>
   <div class='ocr_carea' id='block_1_93' title="bbox 423 4464 1995 4536">
    <p class='ocr_par' dir='ltr' id='par_1_93' title="bbox 423 4464 1995 4536">
     <span class='ocr_line' id='line_1_94' title="bbox 423 4464 1995 4536; baseline 0.001 -17"><span class='ocrx_word' id='word_1_668' title='bbox 423 4476 537 4530; x_wconf 89' lang='lat' dir='ltr'><strong>tur,</strong></span> <span class='ocrx_word' id='word_1_669' title='bbox 580 4465 726 4535; x_wconf 85' lang='lat' dir='ltr'><strong>quod</strong></span> <span class='ocrx_word' id='word_1_670' title='bbox 759 4480 898 4521; x_wconf 88' lang='lat' dir='ltr'><strong>nova</strong></span> <span class='ocrx_word' id='word_1_671' title='bbox 928 4464 1177 4536; x_wconf 66' lang='lat' dir='ltr'><strong>quaedam</strong></span> <span class='ocrx_word' id='word_1_672' title='bbox 1215 4472 1270 4520; x_wconf 92' lang='lat' dir='ltr'><strong>et</strong></span> <span class='ocrx_word' id='word_1_673' title='bbox 1302 4464 1566 4519; x_wconf 87' lang='lat' dir='ltr'><strong>inusitata</strong></span> <span class='ocrx_word' id='word_1_674' title='bbox 1598 4465 1863 4521; x_wconf 81' lang='lat' dir='ltr'><strong>beneﬁcia</strong></span> <span class='ocrx_word' id='word_1_675' title='bbox 1893 4467 1995 4521; x_wconf 84' lang='lat' dir='ltr'><strong>lto-</strong></span> 
     </span>
    </p>
   </div>
   <div class='ocr_carea' id='block_1_94' title="bbox 426 4554 1995 4626">
    <p class='ocr_par' dir='ltr' id='par_1_94' title="bbox 426 4554 1995 4626">
     <span class='ocr_line' id='line_1_95' title="bbox 426 4554 1995 4626; baseline 0.003 -19"><span class='ocrx_word' id='word_1_676' title='bbox 426 4555 666 4612; x_wconf 80' lang='lat' dir='ltr'><strong>miniltus</strong></span> <span class='ocrx_word' id='word_1_677' title='bbox 689 4556 1046 4626; x_wconf 85' lang='lat' dir='ltr'><strong>contigerint,</strong></span> <span class='ocrx_word' id='word_1_678' title='bbox 1082 4564 1372 4626; x_wconf 85' lang='lat' dir='ltr'><strong>postquam</strong></span> <span class='ocrx_word' id='word_1_679' title='bbox 1407 4554 1552 4609; x_wconf 87' lang='lat' dir='ltr'><strong>Deus</strong></span> <span class='ocrx_word' id='word_1_680' title='bbox 1582 4555 1638 4609; x_wconf 92' lang='lat' dir='ltr'><strong>in</strong></span> <span class='ocrx_word' id='word_1_681' title='bbox 1672 4562 1852 4613; x_wconf 86' lang='lat' dir='ltr'><strong>terras</strong></span> <span class='ocrx_word' id='word_1_682' title='bbox 1897 4558 1995 4612; x_wconf 80' lang='lat' dir='ltr'><strong>ad-</strong></span> 
     </span>
    </p>
   </div>
   <div class='ocr_carea' id='block_1_95' title="bbox 423 4645 1994 4718">
    <p class='ocr_par' dir='ltr' id='par_1_95' title="bbox 423 4645 1994 4718">
     <span class='ocr_line' id='line_1_96' title="bbox 423 4645 1994 4718; baseline 0.004 -19"><span class='ocrx_word' id='word_1_683' title='bbox 423 4647 591 4700; x_wconf 89' lang='lat' dir='ltr'><strong>venit.</strong></span> <span class='ocrx_word' id='word_1_684' title='bbox 627 4645 760 4701; x_wconf 85' lang='lat' dir='ltr'><strong>Nam</strong></span> <span class='ocrx_word' id='word_1_685' title='bbox 792 4657 849 4703; x_wconf 90' lang='lat' dir='ltr'><strong>et</strong></span> <span class='ocrx_word' id='word_1_686' title='bbox 894 4649 1001 4704; x_wconf 89' lang='lat' dir='ltr'><strong>alia</strong></span> <span class='ocrx_word' id='word_1_687' title='bbox 1052 4648 1288 4718; x_wconf 83' lang='lat' dir='ltr'><strong>plurima</strong></span> <span class='ocrx_word' id='word_1_688' title='bbox 1322 4646 1585 4700; x_wconf 89' lang='lat' dir='ltr'><strong>miracula</strong></span> <span class='ocrx_word' id='word_1_689' title='bbox 1619 4661 1715 4716; x_wconf 90' lang='lat' dir='ltr'><strong>per</strong></span> <span class='ocrx_word' id='word_1_690' title='bbox 1741 4648 1994 4706; x_wconf 88' lang='lat' dir='ltr'><strong>civitates</strong></span> 
     </span>
    </p>
   </div>
   <div class='ocr_carea' id='block_1_96' title="bbox 423 4736 1995 4812">
    <p class='ocr_par' dir='ltr' id='par_1_96' title="bbox 423 4736 1995 4812">
     <span class='ocr_line' id='line_1_97' title="bbox 423 4736 1995 4812; baseline 0.003 -21"><span class='ocrx_word' id='word_1_691' title='bbox 423 4743 481 4791; x_wconf 86' lang='lat' dir='ltr'><strong>et</strong></span> <span class='ocrx_word' id='word_1_692' title='bbox 508 4736 670 4792; x_wconf 89' lang='lat' dir='ltr'><strong>vicos-</strong></span> <span class='ocrx_word' id='word_1_693' title='bbox 690 4738 858 4801; x_wconf 87' lang='lat' dir='ltr'><strong>edita,</strong></span> <span class='ocrx_word' id='word_1_694' title='bbox 892 4754 923 4793; x_wconf 90' lang='lat' dir='ltr'><strong>a</strong></span> <span class='ocrx_word' id='word_1_695' title='bbox 954 4739 1113 4806; x_wconf 86' lang='lat' dir='ltr'><strong>solis,</strong></span> <span class='ocrx_word' id='word_1_696' title='bbox 1149 4746 1210 4793; x_wconf 88' lang='lat' dir='ltr'><strong>ut</strong></span> <span class='ocrx_word' id='word_1_697' title='bbox 1245 4737 1545 4795; x_wconf 88' lang='lat' dir='ltr'><strong>verisimile</strong></span> <span class='ocrx_word' id='word_1_698' title='bbox 1587 4747 1695 4804; x_wconf 91' lang='lat' dir='ltr'><strong>est,</strong></span> <span class='ocrx_word' id='word_1_699' title='bbox 1725 4739 1995 4812; x_wconf 79' lang='lat' dir='ltr'><strong>indigenis</strong></span> 
     </span>
    </p>
   </div>
   <div class='ocr_carea' id='block_1_97' title="bbox 427 4827 1995 4900">
    <p class='ocr_par' dir='ltr' id='par_1_97' title="bbox 427 4827 1995 4900">
     <span class='ocr_line' id='line_1_98' title="bbox 427 4827 1995 4900; baseline 0.003 -18"><span class='ocrx_word' id='word_1_700' title='bbox 427 4827 794 4888; x_wconf 87' lang='lat' dir='ltr'><strong>celebrantur.</strong></span> <span class='ocrx_word' id='word_1_701' title='bbox 820 4831 915 4900; x_wconf 88' lang='lat' dir='ltr'><strong>qui</strong></span> <span class='ocrx_word' id='word_1_702' title='bbox 937 4844 1126 4885; x_wconf 89' lang='lat' dir='ltr'><strong>earum</strong></span> <span class='ocrx_word' id='word_1_703' title='bbox 1152 4843 1336 4883; x_wconf 89' lang='lat' dir='ltr'><strong>rerum</strong></span> <span class='ocrx_word' id='word_1_704' title='bbox 1370 4827 1617 4882; x_wconf 89' lang='lat' dir='ltr'><strong>notitiam</strong></span> <span class='ocrx_word' id='word_1_705' title='bbox 1640 4842 1670 4882; x_wconf 88' lang='lat' dir='ltr'><strong>a</strong></span> <span class='ocrx_word' id='word_1_706' title='bbox 1694 4828 1995 4899; x_wconf 91' lang='lat' dir='ltr'><strong>majoribus</strong></span> 
     </span>
    </p>
   </div>
   <div class='ocr_carea' id='block_1_98' title="bbox 427 4917 1989 4990">
    <p class='ocr_par' dir='ltr' id='par_1_98' title="bbox 427 4917 1989 4990">
     <span class='ocr_line' id='line_1_99' title="bbox 427 4917 1989 4990; baseline 0.001 -16"><span class='ocrx_word' id='word_1_707' title='bbox 427 4917 547 4974; x_wconf 76' lang='lat' dir='ltr'><strong>suis</strong></span> <span class='ocrx_word' id='word_1_708' title='bbox 576 4918 829 4973; x_wconf 86' lang='lat' dir='ltr'><strong>traditam</strong></span> <span class='ocrx_word' id='word_1_709' title='bbox 863 4927 1190 4990; x_wconf 81' lang='lat' dir='ltr'><strong>acccperun‘</strong></span> <span class='ocrx_word' id='word_1_710' title='bbox 1214 4936 1227 4949; x_wconf 71' lang='grc' dir='ltr'><em>υ</em></span> <span class='ocrx_word' id='word_1_711' title='bbox 1263 4917 1428 4989; x_wconf 86' lang='lat' dir='ltr'><strong>idque</strong></span> <span class='ocrx_word' id='word_1_712' title='bbox 1458 4933 1645 4973; x_wconf 89' lang='lat' dir='ltr'><strong>verum</strong></span> <span class='ocrx_word' id='word_1_713' title='bbox 1674 4934 1798 4977; x_wconf 87' lang='lat' dir='ltr'><strong>esse</strong></span> <span class='ocrx_word' id='word_1_714' title='bbox 1840 4920 1989 4976; x_wconf 88' lang='lat' dir='ltr'><strong>illico</strong></span> 
     </span>
    </p>
   </div>
   <div class='ocr_carea' id='block_1_99' title="bbox 423 4996 1987 5081">
    <p class='ocr_par' dir='ltr' id='par_1_99' title="bbox 423 4996 1987 5081">
     <span class='ocr_line' id='line_1_100' title="bbox 423 4996 1987 5081; baseline 0.003 -18"><span class='ocrx_word' id='word_1_715' title='bbox 423 5007 731 5063; x_wconf 73' lang='lat' dir='ltr'><strong>ostendam.</strong></span> <span class='ocrx_word' id='word_1_716' title='bbox 764 5008 906 5066; x_wconf 88' lang='lat' dir='ltr'><strong>Urbs</strong></span> <span class='ocrx_word' id='word_1_717' title='bbox 940 5017 1027 5067; x_wconf 86' lang='lat' dir='ltr'><strong>est</strong></span> <span class='ocrx_word' id='word_1_718' title='bbox 1054 5011 1107 5065; x_wconf 93' lang='lat' dir='ltr'><strong>in</strong></span> <span class='ocrx_word' id='word_1_719' title='bbox 1147 5009 1470 5077; x_wconf 63' lang='lat' dir='ltr'><strong>Palaestina,</strong></span> <span class='ocrx_word' id='word_1_720' title='bbox 1498 4996 1779 5081; x_wconf 74' lang='lat' dir='ltr'><strong>Nicopolis</strong></span> <span class='ocrx_word' id='word_1_721' title='bbox 1821 5011 1987 5068; x_wconf 87' lang='lat' dir='ltr'><strong>hodie</strong></span> 
     </span>
    </p>
   </div>
   <div class='ocr_carea' id='block_1_100' title="bbox 499 5139 1376 5211">
    <p class='ocr_par' dir='ltr' id='par_1_100' title="bbox 499 5139 1376 5211">
     <span class='ocr_line' id='line_1_101' title="bbox 499 5139 1376 5211; baseline 0.001 -16"><span class='ocrx_word' id='word_1_722' title='bbox 499 5144 515 5174; x_wconf 82' lang='lat'>&#39;</span> <span class='ocrx_word' id='word_1_723' title='bbox 552 5140 776 5209; x_wconf 77' lang='lat' dir='ltr'><strong>Euseb.,</strong></span> <span class='ocrx_word' id='word_1_724' title='bbox 807 5142 977 5208; x_wconf 77' lang='lat' dir='ltr'><strong>Hist.,</strong></span> <span class='ocrx_word' id='word_1_725' title='bbox 1005 5142 1044 5198; x_wconf 90' lang='lat' dir='ltr'><strong>l.</strong></span> <span class='ocrx_word' id='word_1_726' title='bbox 1074 5158 1171 5211; x_wconf 86' lang='lat' dir='ltr'><strong>vn,</strong></span> <span class='ocrx_word' id='word_1_727' title='bbox 1202 5157 1253 5199; x_wconf 90' lang='lat' dir='ltr'><strong>c.</strong></span> <span class='ocrx_word' id='word_1_728' title='bbox 1289 5139 1376 5196; x_wconf 80' lang='lat' dir='ltr'><strong>l8.</strong></span> 
     </span>
    </p>
   </div>
   <div class='ocr_carea' id='block_1_101' title="bbox 2099 4467 3683 4541">
    <p class='ocr_par' dir='ltr' id='par_1_101' title="bbox 2099 4467 3683 4541">
     <span class='ocr_line' id='line_1_102' title="bbox 2099 4467 3683 4541; baseline -0.003 -19"><span class='ocrx_word' id='word_1_729' title='bbox 2099 4469 2313 4541; x_wconf 79' lang='grc' dir='ltr'>κώμας,</span> <span class='ocrx_word' id='word_1_730' title='bbox 2334 4468 2411 4533; x_wconf 79' lang='grc' dir='ltr'><strong>ὡς</strong></span> <span class='ocrx_word' id='word_1_731' title='bbox 2439 4469 2602 4532; x_wconf 81' lang='grc' dir='ltr'>εἰκὸς,</span> <span class='ocrx_word' id='word_1_732' title='bbox 2620 4469 2802 4538; x_wconf 88' lang='grc' dir='ltr'>μόνοις</span> <span class='ocrx_word' id='word_1_733' title='bbox 2822 4468 3124 4540; x_wconf 76' lang='grc' dir='ltr'>ὴκρίόωται</span> <span class='ocrx_word' id='word_1_734' title='bbox 3138 4470 3250 4530; x_wconf 85' lang='grc' dir='ltr'>τοῖς</span> <span class='ocrx_word' id='word_1_735' title='bbox 3266 4467 3600 4536; x_wconf 80' lang='grc' dir='ltr'>ἐπιχωρίοις,</span> <span class='ocrx_word' id='word_1_736' title='bbox 3617 4468 3683 4519; x_wconf 75' lang='grc' dir='ltr'>ἐκ</span> 
     </span>
    </p>
   </div>
   <div class='ocr_carea' id='block_1_102' title="bbox 2098 4557 3681 4632">
    <p class='ocr_par' dir='ltr' id='par_1_102' title="bbox 2098 4557 3681 4632">
     <span class='ocr_line' id='line_1_103' title="bbox 2098 4557 3681 4632; baseline -0.004 -17"><span class='ocrx_word' id='word_1_737' title='bbox 2098 4562 2199 4632; x_wconf 85' lang='grc' dir='ltr'>τῆς</span> <span class='ocrx_word' id='word_1_738' title='bbox 2231 4561 2468 4632; x_wconf 80' lang='grc' dir='ltr'>ἀρχῆθεν</span> <span class='ocrx_word' id='word_1_739' title='bbox 2501 4561 2852 4629; x_wconf 85' lang='grc' dir='ltr'>παραδόσεως</span> <span class='ocrx_word' id='word_1_740' title='bbox 2868 4560 3184 4630; x_wconf 74' lang='grc' dir='ltr'>ἐγνωσμένα</span> <span class='ocrx_word' id='word_1_741' title='bbox 3204 4575 3217 4590; x_wconf 90' lang='grc'><strong>·</strong></span> <span class='ocrx_word' id='word_1_742' title='bbox 3255 4560 3349 4612; x_wconf 76' lang='grc' dir='ltr'>καὶ</span> <span class='ocrx_word' id='word_1_743' title='bbox 3375 4558 3451 4621; x_wconf 81' lang='grc' dir='ltr'><strong>ὡς</strong></span> <span class='ocrx_word' id='word_1_744' title='bbox 3476 4557 3681 4624; x_wconf 77' lang='grc' dir='ltr'>ἀληθὲς</span> 
     </span>
    </p>
   </div>
   <div class='ocr_carea' id='block_1_103' title="bbox 2097 4648 3682 4714">
    <p class='ocr_par' dir='ltr' id='par_1_103' title="bbox 2097 4648 3682 4714">
     <span class='ocr_line' id='line_1_104' title="bbox 2097 4648 3682 4714; baseline -0.002 -12"><span class='ocrx_word' id='word_1_745' title='bbox 2097 4650 2277 4713; x_wconf 85' lang='grc' dir='ltr'>τοῦτο,</span> <span class='ocrx_word' id='word_1_746' title='bbox 2306 4649 2499 4704; x_wconf 83' lang='grc' dir='ltr'>αὐτίκα</span> <span class='ocrx_word' id='word_1_747' title='bbox 2537 4649 2786 4714; x_wconf 75' lang='grc' dir='ltr'>ἐπιδείξω</span> <span class='ocrx_word' id='word_1_748' title='bbox 2819 4649 3084 4703; x_wconf 74' lang='grc' dir='ltr'>ἐντεῦθεν.</span> <span class='ocrx_word' id='word_1_749' title='bbox 3116 4648 3275 4712; x_wconf 85' lang='grc' dir='ltr'>Πόλις</span> <span class='ocrx_word' id='word_1_750' title='bbox 3298 4650 3445 4702; x_wconf 72' lang='grc' dir='ltr'>ἐστὶν</span> <span class='ocrx_word' id='word_1_751' title='bbox 3473 4648 3534 4700; x_wconf 77' lang='grc' dir='ltr'>ἐν</span> <span class='ocrx_word' id='word_1_752' title='bbox 3565 4649 3682 4700; x_wconf 84' lang='grc' dir='ltr'>Πα-</span> 
     </span>
    </p>
   </div>
   <div class='ocr_carea' id='block_1_104' title="bbox 2099 4739 3682 4812">
    <p class='ocr_par' dir='ltr' id='par_1_104' title="bbox 2099 4739 3682 4812">
     <span class='ocr_line' id='line_1_105' title="bbox 2099 4739 3682 4812; baseline -0.001 -18"><span class='ocrx_word' id='word_1_753' title='bbox 2099 4740 2342 4811; x_wconf 78' lang='grc' dir='ltr'>λαιστίνῃ</span> <span class='ocrx_word' id='word_1_754' title='bbox 2376 4741 2409 4811; x_wconf 82' lang='grc' dir='ltr'><strong>ἠ</strong></span> <span class='ocrx_word' id='word_1_755' title='bbox 2449 4740 2544 4793; x_wconf 90' lang='grc' dir='ltr'><strong>νῦν</strong></span> <span class='ocrx_word' id='word_1_756' title='bbox 2573 4742 2876 4812; x_wconf 86' lang='grc' dir='ltr'>καλουμένη</span> <span class='ocrx_word' id='word_1_757' title='bbox 2926 4741 3240 4805; x_wconf 87' lang='grc' dir='ltr'>Νικόπολις.</span> <span class='ocrx_word' id='word_1_758' title='bbox 3268 4739 3483 4810; x_wconf 85' lang='grc' dir='ltr'>Ταύτην</span> <span class='ocrx_word' id='word_1_759' title='bbox 3514 4739 3571 4792; x_wconf 76' lang='grc' dir='ltr'>δὲ</span> <span class='ocrx_word' id='word_1_760' title='bbox 3598 4740 3682 4792; x_wconf 77' lang='grc' dir='ltr'>ἔτι</span> 
     </span>
    </p>
   </div>
   <div class='ocr_carea' id='block_1_105' title="bbox 2103 4828 3683 4904">
    <p class='ocr_par' dir='ltr' id='par_1_105' title="bbox 2103 4828 3683 4904">
     <span class='ocr_line' id='line_1_106' title="bbox 2103 4828 3683 4904; baseline -0.002 -19"><span class='ocrx_word' id='word_1_761' title='bbox 2103 4832 2293 4903; x_wconf 83' lang='grc' dir='ltr'>κώμην</span> <span class='ocrx_word' id='word_1_762' title='bbox 2315 4828 2480 4885; x_wconf 80' lang='grc' dir='ltr'>οὖσαν</span> <span class='ocrx_word' id='word_1_763' title='bbox 2504 4832 2643 4886; x_wconf 82' lang='grc' dir='ltr'>οἶδεν</span> <span class='ocrx_word' id='word_1_764' title='bbox 2666 4836 2699 4904; x_wconf 79' lang='grc' dir='ltr'><strong>ἡ</strong></span> <span class='ocrx_word' id='word_1_765' title='bbox 2724 4833 2841 4886; x_wconf 88' lang='grc' dir='ltr'>θεία</span> <span class='ocrx_word' id='word_1_766' title='bbox 2856 4832 2964 4885; x_wconf 82' lang='grc' dir='ltr'><strong>τῶν</strong></span> <span class='ocrx_word' id='word_1_767' title='bbox 2983 4833 3325 4901; x_wconf 84' lang='grc' dir='ltr'>Εὑαγγελίων</span> <span class='ocrx_word' id='word_1_768' title='bbox 3358 4831 3558 4902; x_wconf 76' lang='grc' dir='ltr'>βίϐλος,</span> <span class='ocrx_word' id='word_1_769' title='bbox 3584 4833 3683 4885; x_wconf 74' lang='grc' dir='ltr'>καὶ</span> 
     </span>
    </p>
   </div>
   <div class='ocr_carea' id='block_1_106' title="bbox 2110 4912 3683 4995">
    <p class='ocr_par' dir='ltr' id='par_1_106' title="bbox 2110 4912 3683 4995">
     <span class='ocr_line' id='line_1_107' title="bbox 2110 4912 3683 4995; baseline -0.002 -19"><span class='ocrx_word' id='word_1_770' title='bbox 2110 4922 2390 4992; x_wconf 82' lang='grc' dir='ltr'>Ἐμμαοῦς</span> <span class='ocrx_word' id='word_1_771' title='bbox 2406 4924 2818 4995; x_wconf 83' lang='grc' dir='ltr'>προσαγορεύει.</span> <span class='ocrx_word' id='word_1_772' title='bbox 2834 4912 3099 4995; x_wconf 64' lang='grc' dir='ltr'>Ῥωμαίοι</span> <span class='ocrx_word' id='word_1_773' title='bbox 3129 4925 3186 4977; x_wconf 77' lang='grc' dir='ltr'>δὲ</span> <span class='ocrx_word' id='word_1_774' title='bbox 3210 4923 3350 4995; x_wconf 86' lang='grc' dir='ltr'><strong>μετά</strong></span> <span class='ocrx_word' id='word_1_775' title='bbox 3364 4922 3463 4994; x_wconf 81' lang='grc' dir='ltr'>τὴν</span> <span class='ocrx_word' id='word_1_776' title='bbox 3479 4922 3683 4975; x_wconf 72' lang='grc' dir='ltr'>ἅλωσιν</span> 
     </span>
    </p>
   </div>
   <div class='ocr_carea' id='block_1_107' title="bbox 2102 5014 3675 5087">
    <p class='ocr_par' dir='ltr' id='par_1_107' title="bbox 2102 5014 3675 5087">
     <span class='ocr_line' id='line_1_108' title="bbox 2102 5014 3675 5087; baseline -0.002 -19"><span class='ocrx_word' id='word_1_777' title='bbox 2102 5014 2485 5080; x_wconf 80' lang='grc' dir='ltr'>Ίεοοσολύμων</span> <span class='ocrx_word' id='word_1_778' title='bbox 2499 5015 2632 5087; x_wconf 81' lang='lat'><strong>(‘55),</strong></span> <span class='ocrx_word' id='word_1_779' title='bbox 2662 5016 2757 5070; x_wconf 74' lang='grc' dir='ltr'>καὶ</span> <span class='ocrx_word' id='word_1_780' title='bbox 2781 5016 2878 5087; x_wconf 80' lang='grc' dir='ltr'>τὴν</span> <span class='ocrx_word' id='word_1_781' title='bbox 2900 5016 3041 5070; x_wconf 87' lang='grc' dir='ltr'><strong>κατά</strong></span> <span class='ocrx_word' id='word_1_782' title='bbox 3062 5016 3175 5070; x_wconf 82' lang='grc' dir='ltr'><strong>τῶν</strong></span> <span class='ocrx_word' id='word_1_783' title='bbox 3198 5014 3466 5073; x_wconf 80' lang='grc' dir='ltr'>Ἰουδαίων</span> <span class='ocrx_word' id='word_1_784' title='bbox 3494 5014 3675 5085; x_wconf 82' lang='grc' dir='ltr'>νίκην,</span> 
     </span>
    </p>
   </div>
   <div class='ocr_carea' id='block_1_108' title="bbox 1615 5278 2475 5344">
    <p class='ocr_par' dir='ltr' id='par_1_108' title="bbox 1615 5278 2475 5344">
     <span class='ocr_line' id='line_1_109' title="bbox 1615 5278 2475 5344; baseline 0.01 -10"><span class='ocrx_word' id='word_1_785' title='bbox 1615 5278 1887 5338; x_wconf 81' lang='lat' dir='ltr'><strong>VALESII</strong></span> <span class='ocrx_word' id='word_1_786' title='bbox 1926 5283 2475 5344; x_wconf 82' lang='lat' dir='ltr'><strong>ANNOTATIONES.</strong></span> 
     </span>
    </p>
   </div>
   <div class='ocr_carea' id='block_1_109' title="bbox 496 5368 1999 5441">
    <p class='ocr_par' dir='ltr' id='par_1_109' title="bbox 496 5368 1999 5441">
     <span class='ocr_line' id='line_1_110' title="bbox 496 5368 1999 5441; baseline 0.001 -13"><span class='ocrx_word' id='word_1_787' title='bbox 496 5370 610 5440; x_wconf 74' lang='lat'><strong>(31)</strong></span> <span class='ocrx_word' id='word_1_788' title='bbox 646 5370 959 5440; x_wconf 81' lang='grc' dir='ltr'>Δεσμώτης</span> <span class='ocrx_word' id='word_1_789' title='bbox 988 5371 1322 5441; x_wconf 71' lang='grc' dir='ltr'>γενόμενος.</span> <span class='ocrx_word' id='word_1_790' title='bbox 1378 5368 1541 5441; x_wconf 82' lang='lat' dir='ltr'><strong>Deest</strong></span> <span class='ocrx_word' id='word_1_791' title='bbox 1568 5368 1675 5441; x_wconf 84' lang='lat' dir='ltr'><strong>hoc</strong></span> <span class='ocrx_word' id='word_1_792' title='bbox 1712 5372 1832 5429; x_wconf 90' lang='lat' dir='ltr'><strong>loco</strong></span> <span class='ocrx_word' id='word_1_793' title='bbox 1863 5377 1999 5430; x_wconf 85' lang='lat' dir='ltr'><strong>arti-</strong></span> 
     </span>
    </p>
   </div>
   <div class='ocr_carea' id='block_1_110' title="bbox 425 5439 1993 5514">
    <p class='ocr_par' dir='ltr' id='par_1_110' title="bbox 425 5439 1993 5514">
     <span class='ocr_line' id='line_1_111' title="bbox 425 5439 1993 5514; baseline 0.001 -18"><span class='ocrx_word' id='word_1_794' title='bbox 425 5439 597 5496; x_wconf 81' lang='lat' dir='ltr'><strong>culus</strong></span> <span class='ocrx_word' id='word_1_795' title='bbox 623 5439 1014 5514; x_wconf 61' lang='lat' dir='ltr'><strong>praepositivus</strong></span> <span class='ocrx_word' id='word_1_796' title='bbox 1044 5439 1148 5514; x_wconf 76' lang='lat' dir='ltr'><strong>hoc</strong></span> <span class='ocrx_word' id='word_1_797' title='bbox 1198 5440 1362 5495; x_wconf 91' lang='lat' dir='ltr'><strong>modo</strong></span> <span class='ocrx_word' id='word_1_798' title='bbox 1403 5439 1463 5503; x_wconf 81' lang='grc' dir='ltr'>ὃς</span> <span class='ocrx_word' id='word_1_799' title='bbox 1508 5440 1823 5514; x_wconf 84' lang='grc' dir='ltr'>δεσμώτης,</span> <span class='ocrx_word' id='word_1_800' title='bbox 1886 5453 1993 5502; x_wconf 90' lang='lat' dir='ltr'><strong>etc.</strong></span> 
     </span>
    </p>
   </div>
   <div class='ocr_carea' id='block_1_111' title="bbox 427 5509 1229 5582">
    <p class='ocr_par' dir='ltr' id='par_1_111' title="bbox 427 5509 1229 5582">
     <span class='ocr_line' id='line_1_112' title="bbox 427 5509 1229 5582; baseline 0.002 -18"><span class='ocrx_word' id='word_1_801' title='bbox 427 5521 590 5582; x_wconf 77' lang='lat' dir='ltr'><strong>atque</strong></span> <span class='ocrx_word' id='word_1_802' title='bbox 622 5509 695 5565; x_wconf 84' lang='lat' dir='ltr'><strong>ita</strong></span> <span class='ocrx_word' id='word_1_803' title='bbox 716 5510 840 5582; x_wconf 83' lang='lat' dir='ltr'><strong>fere</strong></span> <span class='ocrx_word' id='word_1_804' title='bbox 867 5509 1229 5582; x_wconf 83' lang='lat' dir='ltr'><strong>Nicephorus.</strong></span> 
     </span>
    </p>
   </div>
   <div class='ocr_carea' id='block_1_112' title="bbox 501 5580 1999 5649">
    <p class='ocr_par' dir='ltr' id='par_1_112' title="bbox 501 5580 1999 5649">
     <span class='ocr_line' id='line_1_113' title="bbox 501 5580 1999 5649; baseline 0.006 -17"><span class='ocrx_word' id='word_1_805' title='bbox 501 5580 613 5649; x_wconf 74' lang='lat'><strong>(3‘2)</strong></span> <span class='ocrx_word' id='word_1_806' title='bbox 653 5581 828 5636; x_wconf 80' lang='grc' dir='ltr'>ἰδιον</span> <span class='ocrx_word' id='word_1_807' title='bbox 862 5580 1183 5649; x_wconf 68' lang='grc' dir='ltr'>ἀνέατησε.</span> <span class='ocrx_word' id='word_1_808' title='bbox 1220 5581 1274 5634; x_wconf 83' lang='grc' dir='ltr'>1η</span> <span class='ocrx_word' id='word_1_809' title='bbox 1308 5580 1496 5640; x_wconf 85' lang='lat' dir='ltr'><strong>codice</strong></span> <span class='ocrx_word' id='word_1_810' title='bbox 1521 5582 1824 5641; x_wconf 80' lang='lat' dir='ltr'><strong>Fuketiano</strong></span> <span class='ocrx_word' id='word_1_811' title='bbox 1859 5586 1999 5644; x_wconf 83' lang='lat' dir='ltr'><strong>scri-</strong></span> 
     </span>
    </p>
   </div>
   <div class='ocr_carea' id='block_1_113' title="bbox 431 5650 1763 5725">
    <p class='ocr_par' dir='ltr' id='par_1_113' title="bbox 431 5650 1763 5725">
     <span class='ocr_line' id='line_1_114' title="bbox 431 5650 1763 5725; baseline 0.008 -23"><span class='ocrx_word' id='word_1_812' title='bbox 431 5659 583 5719; x_wconf 89' lang='lat' dir='ltr'><strong>ptum</strong></span> <span class='ocrx_word' id='word_1_813' title='bbox 618 5650 799 5707; x_wconf 90' lang='lat' dir='ltr'><strong>inveni</strong></span> <span class='ocrx_word' id='word_1_814' title='bbox 832 5653 1146 5721; x_wconf 72' lang='grc' dir='ltr'>ἀπέστησε,</span> <span class='ocrx_word' id='word_1_815' title='bbox 1189 5650 1336 5722; x_wconf 88' lang='lat' dir='ltr'><strong>quod</strong></span> <span class='ocrx_word' id='word_1_816' title='bbox 1368 5656 1540 5723; x_wconf 73' lang='lat' dir='ltr'><strong>magis</strong></span> <span class='ocrx_word' id='word_1_817' title='bbox 1564 5656 1763 5725; x_wconf 85' lang='lat' dir='ltr'><strong>probo.</strong></span> 
     </span>
    </p>
   </div>
   <div class='ocr_carea' id='block_1_114' title="bbox 2177 5378 3686 5449">
    <p class='ocr_par' dir='ltr' id='par_1_114' title="bbox 2177 5378 3686 5449">
     <span class='ocr_line' id='line_1_115' title="bbox 2177 5378 3686 5449; baseline -0.001 -14"><span class='ocrx_word' id='word_1_818' title='bbox 2177 5381 2287 5447; x_wconf 78' lang='grc'><strong>(55)</strong></span> <span class='ocrx_word' id='word_1_819' title='bbox 2313 5379 2473 5434; x_wconf 85' lang='grc' dir='ltr'>Μετὰ</span> <span class='ocrx_word' id='word_1_820' title='bbox 2501 5379 2616 5446; x_wconf 80' lang='grc' dir='ltr'>τὴν</span> <span class='ocrx_word' id='word_1_821' title='bbox 2643 5378 2875 5435; x_wconf 66' lang='grc' dir='ltr'>ἅλωσιν</span> <span class='ocrx_word' id='word_1_822' title='bbox 2917 5379 3358 5449; x_wconf 65' lang='grc' dir='ltr'>Ἰεροσολύμων.</span> <span class='ocrx_word' id='word_1_823' title='bbox 3418 5379 3686 5435; x_wconf 72' lang='lat' dir='ltr'><strong>Dissentit</strong></span> 
     </span>
    </p>
   </div>
   <div class='ocr_carea' id='block_1_115' title="bbox 2104 5448 3684 5520">
    <p class='ocr_par' dir='ltr' id='par_1_115' title="bbox 2104 5448 3684 5520">
     <span class='ocr_line' id='line_1_116' title="bbox 2104 5448 3684 5520; baseline 0.001 -17"><span class='ocrx_word' id='word_1_824' title='bbox 2104 5449 2376 5520; x_wconf 75' lang='lat' dir='ltr'><strong>Eusebius</strong></span> <span class='ocrx_word' id='word_1_825' title='bbox 2427 5450 2482 5503; x_wconf 91' lang='lat' dir='ltr'><strong>in</strong></span> <span class='ocrx_word' id='word_1_826' title='bbox 2516 5449 2811 5520; x_wconf 83' lang='lat' dir='ltr'><strong>Chronico,</strong></span> <span class='ocrx_word' id='word_1_827' title='bbox 2876 5448 2989 5520; x_wconf 83' lang='lat' dir='ltr'><strong>qui</strong></span> <span class='ocrx_word' id='word_1_828' title='bbox 3028 5448 3329 5519; x_wconf 85' lang='lat' dir='ltr'><strong>Nicopolim</strong></span> <span class='ocrx_word' id='word_1_829' title='bbox 3381 5452 3571 5504; x_wconf 88' lang='lat' dir='ltr'><strong>urbem</strong></span> <span class='ocrx_word' id='word_1_830' title='bbox 3623 5452 3684 5504; x_wconf 87' lang='lat' dir='ltr'><strong>in</strong></span> 
     </span>
    </p>
   </div>
   <div class='ocr_carea' id='block_1_116' title="bbox 2106 5519 3682 5589">
    <p class='ocr_par' dir='ltr' id='par_1_116' title="bbox 2106 5519 3682 5589">
     <span class='ocr_line' id='line_1_117' title="bbox 2106 5519 3682 5589; baseline -0.001 -16"><span class='ocrx_word' id='word_1_831' title='bbox 2106 5519 2392 5574; x_wconf 65' lang='lat' dir='ltr'><strong>Palaestina</strong></span> <span class='ocrx_word' id='word_1_832' title='bbox 2431 5519 2707 5573; x_wconf 87' lang='lat' dir='ltr'><strong>conditam</strong></span> <span class='ocrx_word' id='word_1_833' title='bbox 2741 5535 2865 5575; x_wconf 87' lang='lat' dir='ltr'><strong>esse</strong></span> <span class='ocrx_word' id='word_1_834' title='bbox 2894 5519 3107 5580; x_wconf 73' lang='lat' dir='ltr'><strong>Scribit.</strong></span> <span class='ocrx_word' id='word_1_835' title='bbox 3157 5534 3301 5573; x_wconf 84' lang='lat' dir='ltr'><strong>anno</strong></span> <span class='ocrx_word' id='word_1_836' title='bbox 3339 5530 3539 5589; x_wconf 88' lang='lat' dir='ltr'><strong>quarto</strong></span> <span class='ocrx_word' id='word_1_837' title='bbox 3578 5522 3682 5572; x_wconf 83' lang='lat' dir='ltr'><strong>im-</strong></span> 
     </span>
    </p>
   </div>
   <div class='ocr_carea' id='block_1_117' title="bbox 2108 5589 3680 5662">
    <p class='ocr_par' dir='ltr' id='par_1_117' title="bbox 2108 5589 3680 5662">
     <span class='ocr_line' id='line_1_118' title="bbox 2108 5589 3680 5662; baseline -0.002 -16"><span class='ocrx_word' id='word_1_838' title='bbox 2108 5592 2244 5660; x_wconf 77' lang='lat' dir='ltr'><strong>perii</strong></span> <span class='ocrx_word' id='word_1_839' title='bbox 2273 5589 2631 5662; x_wconf 80' lang='lat' dir='ltr'><strong>Hcliogabali.</strong></span> <span class='ocrx_word' id='word_1_840' title='bbox 2684 5589 2765 5644; x_wconf 89' lang='lat' dir='ltr'><strong>Ad</strong></span> <span class='ocrx_word' id='word_1_841' title='bbox 2793 5607 2955 5661; x_wconf 86' lang='lat' dir='ltr'><strong>quem</strong></span> <span class='ocrx_word' id='word_1_842' title='bbox 2989 5590 3167 5646; x_wconf 89' lang='lat' dir='ltr'><strong>locum</strong></span> <span class='ocrx_word' id='word_1_843' title='bbox 3202 5590 3326 5645; x_wconf 74' lang='lat' dir='ltr'><strong>vide</strong></span> <span class='ocrx_word' id='word_1_844' title='bbox 3367 5596 3489 5660; x_wconf 71' lang='lat' dir='ltr'><strong>quae</strong></span> <span class='ocrx_word' id='word_1_845' title='bbox 3515 5598 3680 5645; x_wconf 75' lang='lat' dir='ltr'><strong>nota-</strong></span> 
     </span>
    </p>
   </div>
  </div>
