4040 6216
359 275 502 334 {9.85

1320 258 1649 316 HISTORIA
1690 254 2268 314 ECCLESIASTICA.
2311 289 2380 301 —-
2419 260 2550 316 LIB.
2585 263 2650 317 γ.

3470 278 3608 333 ιεεο

355 386 579 452 δοθῆναι
631 382 756 444 τοὺς
815 380 1023 443 λίθους·
1068 363 1338 431 Ἰουδαίων
1377 375 1422 428 δ’
1469 372 1836 428 ἀπολέσθαιοῖ
1870 371 1922 426 τὲ

2033 378 2088 427 et
2137 371 2344 428 Christi
2401 373 2791 444 praedictiones
2847 377 2969 435 falsi
3025 384 3376 444 convincere.
3435 386 3610 446 Juda-t

357 479 518 550 ἔργον
547 473 938 542 ἐπετρόπευον,
963 469 1060 524 καὶ
1089 467 1183 520 ἐπὶ
1207 467 1306 539 θέᾳ
1328 469 1518 521 τούτου
1541 464 1927 536 παρεγένοντο.

352 565 426 618 Δῖ
452 580 514 616 τε
558 561 669 633 γὰρ
720 559 948 630 πλησίον
969 556 1065 611 τοῦ
1094 554 1240 627 ἰεροῦ
1269 554 1436 610 οἰκίαι
1466 571 1527 608 τε
1558 554 1653 608 καὶ
1675 553 1930 624 δημόσιαι

353 655 510 710 στοαὶ
541 654 599 706 έν
637 645 726 715 αἷς
771 649 1048 714 κατέλυον,
1079 647 1274 720 ἀθρόον
1305 644 1704 717 κατερρύησαν·
1756 642 1849 697 καὶ
1879 640 1932 696 οἰ

353 747 573 808 πλείους
610 741 1139 812 ἐγκαταληφθέντες,
1172 739 1221 792 οἰ
1249 739 1347 811 μὲν
1383 737 1580 792 αὐτίκα
1606 734 1887 790 ἀπώλοντο
1910 750 1926 766 ο

351 839 402 891 οἰ
419 837 497 902 δὲ,
521 834 817 907 ἡμιθνῆτες
860 831 1183 903 εὑρέθησαν,
1215 831 1311 884 καὶ
1355 825 1797 900 πεπηρωμένοιῆ
1831 826 1930 890 τὰς

354 929 540 998 χεῖρας
591 923 624 996 ἢ
681 925 750 977 τά
775 924 941 994 σκέλη
964 939 977 949 ·
1025 922 1176 977 ἄλλοι
1227 921 1304 986 δὲ,
1339 920 1468 991 περὶ
1506 919 1640 974 ἄλλα
1670 918 1810 989 μέρη
1834 916 1928 970 τοῦ

353 1018 605 1088 σώματος
654 1014 1048 1086 ὲδυστύχησαν.
1095 1014 1183 1078 Ὠς
1224 1012 1281 1066 δὲ
1325 1013 1486 1068 σείων
1513 1010 1701 1081 ἔληξεν
1727 1009 1927 1079 ὁΘεὸς,

351 1105 507 1172 αὖθις
532 1106 830 1179 ἐπειρῶντο
854 1106 948 1160 τοῦ
971 1106 1136 1177 ἔργου
1168 1107 1217 1160 οἰ
1247 1105 1706 1177 περιλειφθέντες,
1737 1099 1825 1158 οἷά
1863 1125 1928 1177 γε

349 1201 726 1273 ἀπαραιτήτου
751 1198 1108 1270 τυγχάνοντος
1137 1197 1225 1252 διὰ
1237 1197 1299 1252 τδ
1329 1198 1424 1252 τοῦ
1458 1197 1720 1270 βασιλέως
1759 1201 1929 1272 πρόσ-

339 1310 562 1364 ταγμα,
606 1292 702 1347 καὶ
733 1291 918 1354 αὐτοῖς
957 1290 1099 1345 κατά
1143 1289 1271 1344 νοῦν
1293 1290 1464 1355 ὄντος.
1500 1292 1648 1344 Φιλεῖ
1675 1293 1783 1364 γάρ
1813 1309 1929 1356 πως

349 1387 384 1456 ή
426 1383 741 1456 ἀνθρωπίνη
771 1383 961 1452 φύσις,
1019 1385 1077 1436 ἐν
1113 1384 1226 1447 τοῖς
1272 1383 1392 1437 καθ’
1444 1383 1639 1455 ἡδονὴν
1692 1385 1827 1455 πρὸς
1866 1383 1930 1438 τὸ

346 1473 664 1544 ἀσύμφορον
700 1472 908 1544 ῥέπειν,
935 1471 1211 1526 καὶτοῦτο
1240 1473 1399 1542 μόνον
1429 1473 1694 1527 συνοίσειν
1717 1473 1928 1528 οἴεσθαι

346 1565 376 1617 ὂ
407 1563 706 1634 κατορθοῦν
727 1562 976 1633 βούλεται
999 1580 1014 1595 ο
1057 1563 1300 1635 ἀτεχνῶς
1321 1579 1380 1616 τε
1415 1563 1522 1618 ὑπὸ
1553 1564 1652 1635 τῆς
1677 1564 1926 1620 ἐντεῦθεν

346 1655 563 1725 ἀπάτης
586 1653 993 1725 κεκρατημένη,
1037 1652 1162 1706 οὔτε
1199 1653 1509 1725 προμηθείᾳ
1544 1655 1651 1708 τινὶ
1704 1655 1764 1709 τὸ
1790 1670 1927 1727 ’συμ-

2031 477 2166 517 vcro
2225 471 2279 517 et
2334 463 2438 518 hoc
2500 464 2681 534 ipsum
2733 468 3081 538 cogitabant,
3128 482 3184 528 et
3241 487 3609 547 opportunum

2029 561 2251 624 tempus
2282 553 2650 613 instaurando
2688 561 2897 632 templo
2918 571 3113 620 nactos
3136 581 3194 621 se
3219 582 3342 624 esse
3371 573 3609 628 arbitra-

2035 643 2263 700 bantur.
2310 645 2449 702 Cum
2489 663 2622 704 vero
2654 650 2856 720 prioris
2891 662 3185 710 structurte
3224 659 3486 730 reliquias
3516 665 3614 719 ἀμ

2032 734 2207 789 moliti
2231 744 2442 800 essent,
2467 739 2758 810 solumque
2779 741 3098 799 effodissent
3115 759 3180 801 ac
3198 763 3610 822 repurgasseut,

2030 834 2254 895 postero
2308 827 2438 892 die,
2490 846 2602 900 quo
2663 833 2902 902 primum
2963 837 3319 895 fundamenta
3377 845 3610 912 posituri

2034 926 2220 984 erant,
2256 929 2417 975 terrae
2443 937 2629 978 matus
2671 925 2865 995 ingens
2903 929 3207 1000 contigisse
3240 931 3447 987 dicitur
3472 973 3488 998 ,
3515 951 3613 989 eo-

2027 1023 2142 1080 que
2186 1022 2341 1067 metu
2393 1013 2605 1084 lapides
2657 1031 2723 1073 ex
2774 1017 3152 1077 fundamentis
3194 1025 3510 1093 exsiliisse,
3543 1043 3612 1082 ex

2027 1101 2236 1159 Iudaeis
2260 1115 2444 1162 autem
2492 1111 2725 1178 periisse
2757 1121 2870 1167 tum
2903 1128 3000 1169 eos
3025 1115 3118 1184 qui
3151 1130 3291 1186 opus
3320 1118 3611 1186 curabant,

2027 1197 2146 1247 tum
2171 1195 2268 1264 qui
2301 1199 2590 1266 spectandi
2621 1214 2789 1255 causa
2815 1201 3215 1258 conﬂuxerant.
3244 1203 3377 1259 Nam
3397 1208 3610 1262 etatdcs

2028 1287 2236 1356 templo
2266 1288 2528 1356 proxima:
2560 1300 2614 1344 et
2645 1291 2880 1360 publicae
2909 1295 3160 1362 porticus
3188 1294 3243 1348 itt
3294 1295 3495 1364 quibus
3528 1298 3611 1348 di-

2029 1374 2439 1440 versabantur,
2490 1387 2717 1448 repente
2757 1389 3111 1436 corruerunt.
3167 1380 3234 1435 Et
3293 1385 3609 1453 complures

2029 1463 2103 1517 ibi
2163 1465 2516 1535 deprehensi,
2571 1469 2768 1539 partim
2817 1471 2968 1525 illico
3001 1471 3368 1527 interierunt:
3406 1475 3607 1544 partim

2029 1555 2326 1622 semivivi,
2374 1557 2634 1615 manibus
2683 1568 2738 1615 et
2784 1563 3046 1618 cruribus
3094 1564 3362 1618 mutilatis
3402 1567 3610 1634 reperti

2030 1655 2161 1701 sunt
2218 1658 2314 1703 ant
2364 1650 2490 1706 aliis
2519 1651 2772 1722 corporis
2808 1655 3061 1724 partibus
3106 1656 3396 1712 debilitati.
3446 1657 3609 1715 Post-

347 1723 671 1816 qaépev‘lﬁsl’v
688 1723 932 1810 δύναται,
961 1742 1087 1797 οὔτε
1120 1723 1290 1816 πείρᾳ
1312 1723 1572 1799 κινδύνων
1599 1723 1922 1817 σωφρονιζο-

2027 1752 2192 1807 quam
2236 1741 2399 1813 215
2445 1749 2595 1797 terra
2642 1758 2864 1801 movere
2889 1746 3078 1810 desiit,
3111 1747 3147 1802 ii
3177 1749 3270 1819 qui
3304 1749 3609 1806 incolumes

349 1837 484 1906 μένη
505 1835 642 1906 πρὸς
673 1835 736 1889 τὸ
763 1834 880 1889 δέον
929 1835 1197 1907 ἀνανήφει
1222 1851 1236 1864 ⁸
1291 1837 1475 1890 ὁποῖον
1520 1838 1615 1890 καὶ
1640 1841 1751 1901 τοῖς
1789 1839 1925 1892 Ἰου-

343 1927 512 1990 δαίοις
532 1927 653 1980 τότε
675 1926 1083 1998 συμϐεϐηκέναι
1108 1925 1366 1997 ἡγοῦμαι.
1401 1929 1608 1982 Ἱκανοῦ
1637 1927 1747 2000 γάρ
1774 1929 1926 1994 δντος

343 2018 438 2073 τοῦ
460 2019 726 2092 προτέρου
779 2018 1122 2090 κωλύματος,
1154 2020 1251 2073 καὶ
1290 2019 1541 2091 φανερῶς
1562 2020 1927 2085 ἐπιδείξαντος

343 2111 419 2175 ὡς
469 2110 785 2181 χαλεπαίνει
835 2111 898 2164 τὸ
957 2111 1111 2164 Θεῖον
1167 2111 1260 2164 ἐπὶ
1303 2109 1380 2181 τῷ
1437 2110 1728 2180 γινομένῳ,
1763 2112 1924 2164 πάλιν

344 2202 581 2273 ἀνήνυτα
609 2201 960 2267 ἐσπούδαζον.
1012 2201 1184 2270 Λόγος
1213 2196 1307 2255 οῦν
1347 2201 1463 2271 ἃμα
1482 2218 1542 2254 τε
1572 2203 1634 2255 τδ
1669 2201 1924 2272 δεύτερον

344 2292 646 2363 ένεχείρουν
673 2292 753 2364 τῷ
785 2293 950 2365 ἔργῳ,
995 2293 1090 2346 καὶ
1121 2292 1234 2362 πῦρ
1258 2292 1516 2364 ἐξαίφνης
1541 2292 1606 2347 ἐκ
1628 2293 1738 2347 τῶν
1769 2295 1924 2365 θεμε-

342 2384 472 2438 λίων
511 2383 608 2437 τοῦ
661 2384 808 2455 ἰεροῦ
834 2383 1079 2455 ἀνέθορε,
1127 2383 1224 2436 καὶ
1256 2382 1486 2447 πολλοὺς
1518 2383 1765 2454 ἀνήλωσε
1787 2401 1801 2415 ’
1828 2385 1923 2439 καὶ

341 2475 498 2528 τοῦτο
528 2475 664 2546 πρὸς
694 2476 908 2529 πάντων
925 2474 1092 2536 ἀδεῶς
1123 2472 1340 2542 λέγεταί
1364 2490 1424 2526 τε
1455 2473 1549 2526 καὶ
1565 2474 1876 2528 πιστεύεται
1901 2517 1918 2541 ,

342 2567 436 2618 καὶ
471 2566 600 2636 παρ’
645 2564 855 2628 ούδενδς
904 2563 1301 2635 ἀμφιΰάλλεται
1325 2580 1340 2595 ·
1397 2564 1536 2633 πλὴν
1602 2566 1684 2618 ὅτι
1709 2567 1758 2620 οἰ
1819 2565 1919 2636 μέν

344 2674 528 2725 φασιν,
559 2658 641 2710 ὅτι
678 2655 1029 2727 βιαζομένους
1057 2655 1255 2716 αὐτοὺς
1281 2655 1361 2717 εἰς
1387 2653 1449 2708 τὸ
1478 2655 1622 2726 ἰερδν
1649 2656 1916 2725 προϊέναι,

341 2747 473 2817 φλὸξ
494 2749 872 2819 ἀπαντήσασα,
894 2747 955 2800 τδ
976 2745 1264 2818 εἰρημένον
1285 2746 1578 2818 εἰργάσατο
1595 2761 1613 2780 ο
1635 2747 1684 2800 οί
1702 2747 1777 2813 δὲ,
1802 2747 1920 2818 ἅμα

340 2836 570 2908 ἤρξαντο
596 2837 686 2890 τὸν
715 2838 840 2908 χοῦν
871 2839 1143 2909 ἐκφορεῖν.
1175 2837 1314 2890 Ἀλλ’
1343 2837 1454 2891 εἴτε
1478 2837 1636 2892 τοῦτό
1667 2855 1772 2902 τις,
1806 2841 1916 2892 εἴτε

339 2930 400 2982 τὸ
428 2931 692 3001 πρθτερον
731 2929 959 2994 δέξαιτο,
1011 2929 1268 3001 ἑκάτερον
1295 2931 1376 2993 εἰς
1403 2928 1587 3000 θαῦμα
1624 2931 1916 3002 παραπλή-

340 3036 474 3074 σιον.
501 3019 624 3073 Ἐπὶ
643 3021 816 3089 τούτῳ
841 3019 896 3072 δὲ
925 3019 1018 3072 καὶ⁵
1040 3018 1168 3072 ἄλλο
1185 3017 1503 3090 ξυνηνέχθη,
1523 3019 1618 3073 τοῦ
1646 3021 1914 3091 προτέρου
1943 3057 1984 3116 c

339 3111 671 3182 σαφέστερόν
709 3127 767 3162 τε
813 3111 908 3162 καὶ
954 3110 1398 3182 παραδοξότερον.
1436 3111 1767 3182 Δύτομάτως
1805 3112 1915 3183 γὰρ

339 3203 555 3256 πάντων
602 3204 635 3272 ἡ
695 3202 857 3272 ὲσθὴς
911 3200 990 3271 τῷ
1035 3200 1243 3270 σημείῳ
1293 3199 1386 3253 τοῦ
1417 3200 1650 3272 σταυροῦ
1684 3218 1917 3271 κατεση-

340 3295 516 3364 μάνθη
541 3309 555 3323 ⁸
591 3296 684 3346 καὶ
729 3295 926 3363 τρόπον
969 3291 1090 3345 τινά
1128 3293 1361 3362 ἄστρασι
1405 3292 1802 3360 πεποικιλμένα
1846 3293 1914 3346 τὰ

337 3384 622 3456 ἐσθήματα
647 3381 812 3455 εἰχον,
844 3385 919 3447 ὡς
948 3384 1058 3438 ἀπὸ
1093 3383 1442 3454 ἰστουργικῆς
1479 3384 1754 3454 περινοίας
1781 3401 1914 3437 κατ-

336 3478 652 3547 εστιγμένα.
699 3479 794 3531 Ἐκ
815 3477 1006 3530 τούτου
1065 3476 1146 3540 δὲ,
1179 3478 1291 3538 τοῖς
1335 3474 1439 3545 μὲν
1492 3476 1691 3529 αὐτίκα
1716 3475 1909 3547 ἐκρίθη

335 3568 467 3621 Θεὸν
519 3563 660 3622 εἶναι
704 3568 793 3622 τὸν
820 3567 1076 3639 Χριστὸν,
1112 3565 1208 3618 καὶ
1239 3564 1314 3635 μὴ
1338 3564 1634 3636 ἀρεσθῆναι
1679 3568 1744 3636 τῇ
1783 3568 1904 3620 ἀνα-

332 3661 522 3713 νεώσει
571 3659 665 3713 τοῦ
715 3659 868 3713 ναοῦ.
896 3659 960 3711 Οἱ
990 3659 1066 3722 δὲ,
1094 3659 1194 3711 ούκ
1219 3659 1299 3721 είς
1349 3658 1564 3730 μακρὰν
1590 3657 1914 3727 προσέθεντο

333 3752 400 3820 τῇ
440 3750 736 3821 Ἐκκλησία
777 3751 872 3803 καὶ
913 3748 1252 3819 ἑμυήθησαν,
1297 3750 1391 3802 καὶ
1434 3749 1623 3820 ῦμνοις
1669 3750 1762 3802 καὶ
1796 3749 1913 3802 ἰκε-

336 3841 479 3903 σίαις
532 3842 671 3910 ὑπὲρ
717 3841 826 3894 τῶν
873 3841 1292 3910 τετολμημένων
1313 3841 1517 3905 αὐτοῖς,
1559 3841 1650 3894 τὸν
1678 3840 1912 3912 Χριστὸν

335 3931 630 3985 ἱλάσκοντο.
659 3931 844 3985 Ταῦτα
862 3933 968 4001 ὅτῳ
982 3931 1149 3984 πιστά
1166 3932 1226 3984 ού
1250 3932 1658 4000 καταφαίνεται,
1687 3931 1909 3986 πιστού-

334 4021 552 4076 σθωσαν
577 4024 629 4076 οἰ
660 4023 812 4094 παρά
851 4023 961 4076 τῶν
997 4022 1348 4093 θεασαμένων
1389 4023 1686 4094 ἀκηκοότες
1722 4023 1802 4077 έτι
1830 4022 1910 4094 τῷ

336 4112 436 4182 βίῳ
488 4115 792 4184 περιόντες.
850 4113 1274 4168 Πιστούσθωσαν
1328 4115 1386 4168 δὲ
1425 4115 1521 4168 καὶ⁵
1554 4115 1793 4170 Ἰουδαῖοι
1815 4114 1911 4170 καὶ

338 4204 618 4277 Ἕλληνες,
649 4206 900 4276 ἡμιτελὲς
928 4206 990 4258 τὸ
1037 4207 1197 4277 ἔργον
1254 4205 1643 4272 καταλιπόντες
1667 4223 1681 4238 ο
1711 4208 1913 4280 μᾶλλον

327 4295 405 4361 δὲ,
441 4296 559 4348 οὐδὲ
583 4297 848 4366 ἄρξασθαι
869 4297 960 4350 τοῦ
995 4297 1156 4369 ἔργου
1183 4296 1520 4368 δυνηθέντες.

2026 1839 2382 1899 supererant,
2413 1845 2554 1900 opus
2592 1831 2776 1888 denuo
2807 1835 3030 1904 aggredi
3051 1843 3344 1906 coeperunt
3366 1838 3610 1908 ,.quippe

2023 1932 2149 1972 cum
2191 1926 2246 1974 ct
2287 1920 2640 1990 imperatoris
2687 1933 2963 1994 praecepto
3019 1925 3090 1981 ad
3149 1927 3205 1981 id
3257 1940 3606 1998 cogerentur.

2024 2009 2098 2063 ita
2149 2018 2210 2064 ut
2259 2010 2572 2066 detrectare
2628 2027 2741 2068 non
2797 2023 3048 2084 possent,
3092 2025 3152 2072 et
3205 2017 3342 2087 ipsis
3373 2019 3426 2072 id
3459 2029 3611 2076 esset

2023 2105 2425 2187 gratissimum.
2472 2104 2736 2162 Homines
2773 2109 2922 2163 enim
2957 2110 3012 2164 in
3065 2112 3230 2168 rebus
3284 2129 3405 2184 quas
3468 2117 3609 2187 ipsis

2021 2185 2290 2263 voluptaii
2347 2202 2502 2262 sunt,
2538 2195 2864 2267 plerumque
2894 2199 2960 2253 ad
2996 2200 3048 2254 id
3080 2201 3226 2271 quod
3272 2185 3508 2260 noxium
3523 2217 3609 2262 est

2022 2292 2280 2356 vergunt,
2332 2285 2500 2356 idque
2532 2303 2704 2342 unum
2731 2289 2869 2344 utile
2917 2289 3035 2346 fore
3083 2293 3406 2349 existimant
3458 2297 3608 2366 quod

2019 2377 2284 2447 perlicere
2342 2379 2598 2447 cupiunt.
2635 2379 2701 2432 Et
2743 2379 3062 2449 hujusmodi
3097 2399 3285 2441 errore
3323 2391 3605 2457 praeventi,

2021 2484 2125 2526 nec.
2157 2468 2292 2539 quid
2333 2470 2464 2524 utile
2514 2470 2588 2524 sit
2620 2471 2937 2540 prospicere
2980 2483 3234 2541 possunt,
3258 2491 3358 2530 nec
3389 2480 3608 2548 experi-

2020 2561 2224 2615 mentis
2270 2561 2538 2614 malorum
2587 2560 2852 2615 admoniti
2901 2564 3258 2632 resipiscunt.
3294 2567 3449 2631 Quod
3483 2574 3607 2640 qui-

2020 2649 2144 2705 dem
2202 2647 2409 2704 Judaeis
2445 2664 2666 2720 quoque
2702 2667 2765 2706 ea
2805 2661 3134 2723 tempestate
3179 2658 3448 2715 accidisse
3487 2663 3606 2717 exi-

2020 2741 2209 2798 stimo.
2267 2740 2408 2796 Nam
2465 2757 2595 2797 cum
2647 2745 2800 2814 prior
2850 2747 3073 2816 repulsa
3111 2749 3246 2805 satis
3315 2753 3604 2824 perspicue

2017 2835 2390 2897 ostendisset,
2444 2835 2612 2890 Deum
2670 2838 2964 2894 conatibus
3019 2840 3264 2910 ipsorum
3325 2843 3600 2900 infensum

2017 2941 2168 2992 esse,
2203 2941 2398 2983 rursus
2433 2936 2612 2981 tamen
2648 2927 2790 2982 idem
2823 2930 3030 2985 frustra
3065 2933 3479 3004 aggrediuntur.
3509 2938 3600 2990 Si-

2017 3017 2130 3071 mul
2181 3025 2364 3073 autem
2414 3033 2479 3073 ac
2519 3019 2703 3074 denuo
2743 3035 2968 3076 manum
3020 3025 3170 3094 operi
3204 3027 3598 3094 admovissent,

2019 3109 2164 3180 ignis
2196 3111 2381 3166 subito
2404 3127 2469 3165 ex
2502 3111 2871 3169 fundamentis
2899 3117 3083 3185 templi
3112 3133 3408 3190 erumpens
3459 3121 3603 3174 mul-

2018 3211 2107 3259 tos
2157 3204 2576 3273 consumpsisse
2612 3203 2835 3260 dicitur.
2893 3208 3070 3278 Atque
3108 3209 3161 3262 id
3221 3210 3290 3263 ab
3343 3210 3600 3267 omnibus

2016 3309 2130 3348 uno
2174 3309 2452 3350 consensu
2503 3301 2558 3349 et
2598 3293 2836 3350 refertur
2858 3305 2914 3352 et
2947 3299 3214 3364 creditur,
3250 3316 3351 3355 nec
3386 3302 3456 3354 ah
3488 3303 3598 3357 ullo

2014 3385 2071 3439 in
2108 3383 2338 3439 dubium
2374 3393 2691 3449 revocatur,
2734 3388 2841 3442 nisi
2882 3391 3027 3458 quod
3061 3391 3153 3444 alii
3206 3393 3427 3462 quidem
3469 3409 3600 3448 nar-

2015 3485 2162 3539 rant,
2201 3491 2329 3529 cum
2378 3474 2552 3528 Judaei
2596 3477 2649 3530 in
2696 3481 2960 3548 templum
2990 3474 3262 3536 violenter
3293 3484 3599 3555 irrumpere

2013 3565 2238 3630 vellent,
2296 3562 2570 3616 flammam
2632 3565 2766 3634 ipsis
2803 3578 3187 3624 occurrentem
3227 3572 3276 3626 id
3330 3576 3477 3642 quod
3509 3575 3596 3628 di-

2012 3654 2194 3708 ximus
2243 3654 2614 3724 przcslitisse:
2669 3657 2760 3711 alii
2813 3674 2945 3713 vero
2972 3699 2987 3724 ,
3039 3667 3173 3716 tunc
3208 3678 3329 3718 cum
3364 3664 3592 3720 humum

2012 3760 2234 3820 egerere
2268 3755 2438 3819 atque
2467 3755 2757 3818 exportare
2791 3749 3115 3820 cmpissent.
3156 3752 3286 3808 Post
3324 3755 3440 3810 haec
3468 3772 3594 3812 rem

2013 3841 2163 3897 aliud
2223 3840 2556 3896 miraculum
2613 3842 2833 3908 accidit,
2880 3842 3064 3913 priore
3098 3845 3192 3900 illo
3218 3847 3398 3913 majus
3431 3857 3594 3918 atque

2010 3933 2348 3990 evidentius.
2397 3934 2642 4006 Repente
2697 3935 2844 3988 enim
2898 3937 3146 3990 omnium
3193 3947 3374 3993 vestes
3408 3942 3592 3997 crucis

2012 4027 2170 4099 signo
2196 4027 2472 4098 insignitae
2516 4035 2685 4093 sunt,
2725 4036 2779 4081 et
2812 4028 3126 4082 indumenta
3160 4029 3331 4083 stellis
3361 4031 3592 4097 quibus-

2012 4121 2137 4177 dam
2167 4120 2426 4176 distincta
2455 4120 2658 4176 habere
2695 4128 3002 4189 cmperunt,
3038 4121 3197 4190 quasi
3229 4123 3456 4176 textoris
3484 4137 3588 4177 acu

2014 4213 2314 4268 artificiose
2341 4211 2578 4280 depicta.
2615 4211 2689 4264 Ea
2712 4227 2772 4266 re
2804 4211 3006 4265 factum
3037 4220 3143 4277 est,
3171 4219 3229 4265 ut
3253 4211 3341 4266 alii
3366 4211 3586 4282 quidem

1939 4317 1982 4372 ι)
2015 4301 2304 4358 confestim
2332 4299 2645 4371 iudicarent
2671 4300 2953 4355 Christum
2994 4299 3164 4355 Deum
3197 4317 3339 4365 esse,
3369 4303 3588 4372 templi-

327 4424 438 4478 que
485 4410 942 4466 instaurationem
992 4412 1043 4467 ei
1101 4412 1410 4481 displicere.
1458 4411 1562 4466 Alii
1597 4427 1730 4468 vero
1759 4415 1906 4472 haud
1949 4419 2124 4475 multo
2157 4426 2282 4490 post
2315 4416 2572 4471 Ecclesia:
2607 4431 2729 4472 sese
2761 4414 3152 4483 adjunxerunt,
3217 4427 3270 4473 ct
3329 4427 3587 4488 suscepto

331 4501 629 4570 baptismo,
673 4506 892 4576 hymnis
923 4521 987 4561 ac
1029 4505 1524 4577 supplicationibus
1591 4520 1693 4575 pro
1755 4509 1821 4564 iis
1852 4527 1974 4582 quae
2015 4520 2224 4568 tentare
2264 4523 2752 4581 praesumpserant,
2783 4513 3058 4567 Christum
3087 4511 3393 4579 placarunt.
3427 4509 3584 4575 Quod

329 4596 376 4648 si
431 4595 668 4662 cuipiam
719 4599 833 4651 lucc
891 4597 1230 4652 incredibilia
1262 4598 1614 4664 videbuntur,
1657 4599 1816 4654 ﬁdem
1851 4601 1902 4657 ei
1940 4602 2151 4657 faciant
2193 4601 2230 4655 ii
2273 4600 2365 4671 qui
2396 4615 2459 4655 ea
2492 4600 2777 4655 auditione
2842 4606 3170 4668 acceperunt
3241 4600 3309 4652 ah
3349 4599 3583 4657 homqu-

329 4688 434 4740 luts
481 4691 572 4759 qui
605 4707 696 4744 res
725 4691 826 4760 ipsi
869 4693 1141 4758 viderant,
1171 4701 1224 4746 ct
1260 4691 1352 4761 qui
1388 4691 1691 4746 etiamnum
1762 4697 2086 4765 superstites
2143 4703 2293 4751 sunt.
2351 4693 2456 4750 Sed
2489 4702 2557 4759 et
2611 4693 2784 4750 Judaei
2851 4692 2955 4763 ipsi
3022 4707 3086 4748 ac
3155 4694 3383 4764 gentiles
3423 4696 3582 4751 litium

326 4773 555 4846 faciant,
597 4779 688 4849 qui
728 4795 865 4849 opus
897 4780 1272 4851 imperfectum
1301 4779 1634 4836 dimiserunt
1661 4822 1676 4850 ,
1715 4792 1831 4850 aut,
1868 4793 1928 4840 ttt
1964 4784 2147 4842 verius
2172 4783 2380 4853 dicam,
2408 4800 2478 4841 ne
2507 4784 2770 4842 inchoare
2833 4783 3049 4855 quidem
3092 4790 3407 4854 potuerunt.
