4040 6216
468 221 610 278 128-7

1915 213 2264 273 SOZOHENI

3579 215 3729 274 1188

471 361 3678 401 W

1187 525 1922 661 EPMEIOY
1988 526 3018 731 ΣΩΖΟΜΕΝΟΥ

1885 764 2322 820 ΣΑΛΑΜΙΝῙΟΥ

782 887 2440 1051 ΕΚΚΑΗΣΙΑΣΤΙΚΗΞ
2569 868 3418 1046 ΙΣΤΟΡΙΑΣ

1707 1156 2090 1244 ΤΟΜΟΣ
2142 1155 2536 1243 ΕΚΤΟΣ.
2783 1143 2786 1148 ’

1314 1515 1975 1643 ΗΕΒΜΙίΕ
2088 1513 2809 1645 SOZOMEN
2823 1513 2874 1636 Ι

1923 1749 2282 1808 SALAMINH

964 1929 2307 2048 ECCLESIASTIG/E
2412 1924 3248 2043 HIS—TORUE

1632 2166 1990 2255 LIBER
2077 2165 2572 2258 SEXTUS.

1112 2506 1338 2566 CAPUT
1383 2508 1423 2564 1.

480 2601 562 2661 De
596 2603 806 2660 Juliani
847 2603 1177 2680 expeditione
1224 2603 1439 2680 Persica
1468 2641 1503 2680 ,.
1531 2610 1578 2656 et
1599 2600 1870 2680 quomodo
1896 2616 2052 2680 stipe:

551 2687 737 2739 ratus,
788 2670 1075 2729 miserabili
1122 2684 1288 2727 morte
1327 2672 1545 2726 interiit.
1595 2670 1660 2724 Et
1700 2688 1939 2742 quwuam
1974 2670 2055 2724 Li-

551 2745 740 2800 banius
769 2745 834 2799 de
871 2745 985 2815 ejus
1019 2743 1356 2812 interfectore
1386 2741 1684 2811 scripserit.

546 2900 716 2971 216
730 2899 1080 2970 Quaecunque
1099 2897 1265 2967 igitur
1287 2896 1508 2952 Juliano
1529 2896 1815 2965 imperium
1837 2902 2057 2966 regente

481 2989 745 3044 Ecclesiis
777 2989 1050 3043 accidisse
1069 2988 1336 3058 comperi,
1362 2988 1417 3040 in
1440 2987 1722 3056 superiore
1746 2987 1885 3039 libro
1907 3000 2056 3038 com-

481 3087 789 3132 memorata
819 3078 1014 3132 sunt‘.
1040 3076 1269 3132 lncunte
1306 3085 1488 3130 autem
1521 3092 1666 3140 vere,
1702 3090 1826 3130 cum
1857 3074 2056 3130 Persas

480 3170 623 3226 bello
675 3169 905 3240 aggredi
957 3168 1344 3232 decrevisset,
1409 3168 1742 3238 Euphratem
1805 3167 2057 3222 celeriter

481 3261 716 3330 trajecit.
751 3260 816 3314 Et
849 3268 1279 3330 praetergressus
1306 3258 1590 3321 Edessam,
1623 3269 1844 3329 propter
1869 3259 2054 3314 odium

482 3349 715 3404 forsitan
767 3349 1100 3412 incolarum,
1132 3347 1334 3417 quippe
1366 3361 1428 3401 ea
1459 3347 1655 3401 civitas
1686 3346 1798 3416 jam
1831 3347 1956 3402 inde
1989 3348 2059 3402 ah

481 3438 642 3493 initio
687 3439 943 3494 universa
997 3437 1203 3492 Christi
1259 3435 1418 3490 lidem
1460 3443 1810 3504 susceperat,
1858 3435 2059 3493 Carras

481 3529 654 3584 venit.
710 3525 815 3582 Ubi
871 3540 996 3581 cum
1033 3524 1188 3580 Jovis
1238 3523 1419 3578 fanum
1467 3521 1785 3592 reperisset.
1847 3522 2059 3576 hostias

482 3618 824 3682 immolavit,
881 3633 946 3672 ac
1005 3625 1132 3672 vota
1195 3615 1345 3670 fecit.
1390 3613 1599 3669 Exhinc
1655 3614 1849 3685 viginti
1891 3613 2058 3668 millia

483 3716 844 3773 armatorum,
896 3722 964 3762 ex
1002 3707 1181 3776 cepiis
1208 3721 1328 3775 quae
1360 3705 1537 3776 ipsum
1569 3706 1942 3776 sequebantur
1971 3703 2063 3760 dc-

2081 2517 2130 2573 Α

2706 2495 3097 2555 ΚΕΦΛΛΑΙΟΝ
3142 2497 3221 2552 A'.

2155 2597 2298 2666 Περὶ
2334 2595 2446 2662 τῆς
2467 2596 2552 2666 είς
2579 2592 2813 2666 Πέρσας
2840 2589 3226 2666 ἐκρ-τρςιζεί-ιις
3254 2588 3603 2666 patraret
3643 2591 3741 2666 {cui

2229 2657 2310 2732 ὧς
2332 2657 2577 2732 ﬂii-rion,
2623 2657 2720 2714 καὶ
2777 2657 2997 2732 κακῶς(
3027 2657 3456 2732 ἑξέρῤηξελτὴν
3491 2660 3737 2732 ψυχήν·

2229 2727 2773 2860 κάὶὲἶαἏιϐάνιος
2825 2731 3030 2799 γράφει
3073 2728 3207 2796 περὶ
3245 2727 3353 2781 τοῦ
3409 2731 3740 2797 ἀνελόντος

2227 2809 2341 2860 αὐτ
2378 2821 2435 2857 ν.

2228 2897 2370 2949 ’Ὀσα
2409 2893 2504 2963 μὲν
2525 2891 2588 2962 δὴ
2617 2893 2674 2944 ἐν
2701 2893 2766 2961 τῇ
2801 2890 3086 2944 Ἰουλιανοῦ
3116 2889 3361 2963 βασιλείᾳ
3395 2893 3739 2965 συγκυρῆσαι

2155 2990 2274 3051 ταῖς
2315 2984 2662 3053 Ἐκκλησίαις
2695 2982 2886 3050 ἔγνων,
2915 2983 2973 3035 ὲν
3010 2983 3122 3044 τοῖς
3154 2981 3388 3051 πρόσθεν
3420 2983 3733 3054 δεδήλωται.

2157 3080 2308 3149 ’Ἅμα
2350 3077 2408 3130 δὲ
2461 3073 2555 3148 ἦρι
2586 3073 2890 3146 ἀρχομένῳ,
2941 3073 3096 3138 δόξαν
3137 3075 3284 3145 αὑτῷ
3314 3077 3741 3147 ἐπιστρατεῦσαι

2157 3170 2417 3239 Πέρσαις,
2468 3169 2525 3220 ὲν
2578 3166 2732 3236 τάχει
2778 3165 2930 3236 διέϐη
2984 3167 3076 3219 τὸν
3115 3165 3406 3236 Εὐφράτην
3460 3170 3739 3237 ποταμόν·

2157 3255 2536 3328 παραδραμών
2591 3273 2651 3309 τε
2701 3255 2800 3326 τὴν
2844 3255 3094 3320 Ἕδεσαν,
3140 3256 3229 3309 διὰ
3268 3259 3426 3326 μῖσος
3461 3259 3594 3320 ἴσως
3630 3259 3742 3310 τῶν

2158 3347 2529 3413 ἐνοικούντων,
2591 3346 2712 3400 ἐπεὶ
2754 3345 2991 3416 ἀρχῆθεν
3023 3346 3292 3416 πανδημεὶ
3336 3349 3744 3418 Χριστιανίζειν

2158 3439 2350 3509 ἔλαχεν
2379 3438 2474 3510 ἥδε
2502 3441 2535 3510 ἡ
2569 3438 2743 3503 πόλις,
2785 3434 2918 3508 ἧκεν
2963 3438 3044 3500 είς
3067 3438 3295 3508 Κάρρας
3320 3455 3333 3467 '
3367 3438 3495 3492 ἔνθα
3528 3440 3594 3510 δὴ
3621 3442 3744 3504 Διὸς

2159 3531 2304 3602 ἱερὸν
2355 3529 2552 3602 εὑρὼν,
2607 3529 2762 3584 ἔθυσε
2795 3529 2886 3582 καὶ
2935 3528 3153 3600 ηὔξατο.
3204 3530 3276 3582 Τὸ
3307 3530 3363 3583 δὲ
3388 3531 3497 3584 ἀπὸ
3526 3533 3742 3596 τούτου,

2158 3623 2224 3677 ὲκ
2255 3623 2364 3676 τῶν
2419 3623 2698 3694 ἑπομένων
2761 3623 3182 3693 στρατευμάτων
3235 3622 3378 3692 ἀμφὶ
3423 3622 3745 3694 δισμυρίους

2157 3714 2384 3780 ὁπλίτας
2443 3715 2536 3768 ἐπὶ
2602 3714 2850 3785 Τίγρητα
2913 3713 3155 3784 ποταμὸν
3203 3714 3440 3786 ἔπεμψε,
3494 3717 3743 3786 φυλακῆς

483 3807 723 3867 sumpta,
769 3797 921 3850 misit
973 3797 1039 3850 ad
1089 3797 1313 3849 ﬂuvium
1348 3795 1581 3865 Tigrim,
1627 3812 1693 3852 eo
1731 3797 1963 3852 consilio
1999 3804 2059 3851 ut

2160 3809 2319 3861 ἕνεκα
2346 3806 2453 3859 τῶν
2477 3805 2678 3870 τόπων,
2711 3807 2804 3858 καὶ
2835 3806 2914 3868 είς
2934 3805 3121 3875 καιρὸν
3142 3805 3290 3876 αὐτῷ
3309 3810 3740 3878 παρεσομένους,

485 3887 800 3958 regionibus
864 3885 975 3941 illis
1057 3885 1312 3955 praesidio
1361 3895 1547 3940 essent
1595 3887 1812 3957 sibique
1864 3897 2062 3956 praesto

2163 3899 2323 3969 ἡνίκα
2357 3897 2593 3951 καλέσοι.
2636 3896 2910 3967 Ἀρσακίῳ
2938 3881 2995 3964 δὲ
3027 3895 3108 3966 τῷ
3131 3897 3430 3968 ’Δρμενίων
3451 3901 3745 3970 ἡγουμένῳ

484 3977 667 4032 forent
695 3976 1130 4047 quotiescunque
1159 3989 1256 4030 eos
1286 3985 1615 4030 accerseret.
1650 3975 1887 4046 Scripsit
1919 3993 2056 4046 prae-

483 4079 637 4124 terea
675 4068 928 4133 Arsacio,
964 4066 1345 4122 Armeniorum
1393 4067 1506 4137 regi
1553 4075 1608 4122 et
1651 4068 1805 4122 socio
1853 4066 2057 4122 Roma-

485 4174 707 4222 norum,
763 4167 819 4212 ut
864 4158 1023 4227 juxta
1063 4157 1202 4213 ﬁnes
1248 4156 1542 4232 Persarum
1580 4157 1682 4226 ipsi
1714 4168 2053 4215 occurreret.

485 4250 602 4316 Qua
646 4251 701 4304 in
741 4249 970 4319 epistola
1017 4255 1308 4318 postquam
1357 4249 1501 4303 ultra
1535 4249 1754 4305 modum
1784 4251 2056 4322 gloriatus

485 4349 655 4404 esset,
677 4353 738 4392 ac
755 4337 1047 4407 sequidem
1069 4337 1502 4407 ipseextulisscl,
1531 4347 1789 4410 tanquam
1823 4341 2057 4411 imperio

489 4429 745 4486 idoneum
784 4438 839 4484 et
865 4429 970 4485 diis
1001 4444 1140 4498 quos
1173 4431 1390 4485 colebat
1415 4440 1699 4501 acceptum
1730 4450 1744 4486 :
1779 4431 2056 4489 Constan-

489 4523 624 4576 tium
648 4539 778 4576 vero
806 4522 1153 4577 decessor-em
1181 4537 1364 4585 suum,
1389 4531 1446 4576 ut
1471 4523 1730 4592 ignavum
1755 4533 1808 4579 et
1831 4526 2056 4595 impium

488 4613 888 4682 vituperasset,
949 4613 1366 4668 contumeliosis
1424 4614 1716 4669 admodum
1768 4617 1954 4672 verbis
2008 4617 2056 4671 ci

489 4701 729 4757 minatus
778 4714 880 4758 est.
944 4702 1007 4756 Et
1042 4704 1300 4774 quoniam
1347 4719 1471 4758 eum
1528 4705 1904 4763 Christianum
1935 4724 2058 4764 esse

490 4799 796 4859 acceperat.
841 4791 1230 4846 contumeliam
1272 4806 1628 4861 exaggerans,
1674 4805 1766 4847 aut
1807 4794 1862 4849 in
1900 4796 2059 4850 Chri-

491 4889 637 4934 stum
676 4882 840 4953 impia
881 4883 1030 4950 loqui
1073 4881 1313 4952 gestiens
1343 4899 1356 4935 :
1396 4881 1448 4935 id
1478 4883 1620 4936 enim
1655 4884 1888 4938 subinde
1920 4902 2057 4955 prae-

489 4975 707 5027 sumere
749 4972 977 5035 solebat,
1009 4987 1131 5026 eum
1182 4971 1326 5025 fastu
1372 4982 1427 5027 et
1465 4972 1729 5042 jactantia
1759 4975 1807 5029 ei
1847 4976 2060 5032 denun-

489 5063 681 5128 tiavit,
723 5063 891 5116 Deum
950 5063 1101 5116 illum
1169 5079 1331 5134 quem
1382 5067 1646 5133 colebat,
1712 5082 2056 5138 nequaquam

493 5156 595 5226 ipsi
661 5169 819 5224 opem
890 5154 1132 5208 laturum
1192 5170 1363 5220 esse,
1423 5158 1469 5213 si
1536 5158 1805 5229 imperata
1879 5161 2060 5217 facere

562 5296 575 5325 '
607 5293 765 5349 Socr.
795 5294 890 5349 lib.
914 5309 998 5357 ιιι,
1024 5307 1072 5347 c.
1109 5293 1198 5349 21.

2158 3988 2536 4059 συμμαχοῦντι
2579 3986 2892 4057 Ῥωμαίοις,
2928 3986 3136 4057 ἔγραψε
3174 3987 3440 4059 συμμίξαι
3475 3991 3607 4060 περὶ
3644 3991 3749 4060 τὴν

2159 4080 2442 4151 πολεμίαν.
2495 4079 3092 4150 Ἀπαυοαδειασὰμενός
3141 4097 3201 4132 τε
3250 4081 3422 4152 πέραν
3478 4081 3574 4135 τοῦ
3645 4101 3745 4153 με·

2156 4173 2308 4243 τρίου
2341 4172 2453 4242 (38)
2489 4173 2546 4225 ὲν
2575 4175 2639 4243 τῇ
2665 4171 2944 4242 ἐπιστολῇ,
2979 4172 3073 4225 καὶ
3105 4172 3272 4226 αὑτὸν
3305 4173 3406 4242 μὲν
3443 4174 3746 4246 ὲξάραςὼς

2157 4262 2460 4332 ἐπιτήδειον
2505 4263 2642 4333 πρὸς
2703 4263 3020 4334 ἠγεμονίαν,
3083 4264 3176 4317 καὶ
3213 4264 3364 4332 φίλον
3395 4260 3477 4328 οἷς
3523 4266 3746 4334 ἐνόμιζε

2159 4351 2320 4416 θεοῖς,
2349 4352 2709 4424 Κωνσταντίῳ
2744 4371 2802 4406 τε
2832 4353 2890 4407 ὃν
2919 4352 3211 4419 διεδέξατο,
3244 4353 3320 4418 ὡς
3358 4353 3609 4424 ἀνάνδρῳ
3648 4356 3748 4408 καὶ

2157 4443 2344 4496 ἀσεϐεῖ
2393 4444 2864 4516 λοιδορησάμενος,
2915 4445 3244 4516 ὑϐριστικῶς
3276 4446 3418 4517 μάλα
3439 4447 3746 4520 ἠπείλησεν

2158 4535 2305 4605 αὐτῷ
2332 4553 2343 4566 ·
2376 4537 2469 4588 καὶ
2523 4536 2643 4588 ἐπεὶ
2701 4537 3027 4607 Χριστιανὸν
3069 4537 3199 4591 ὄντα
3231 4538 3582 4602 ἐπυνθάνετο,
3621 4543 3744 4591 ὲπι-

2159 4627 2348 4679 τείνων
2374 4625 2471 4696 τὴν
2494 4624 2726 4698 ὖὸριν,ἣ
2761 4627 3157 4700 βλασφημεῖνᾶ
3189 4630 3263 4701 μὴ
3294 4629 3450 4699 θέμις
3505 4631 3744 4682 omnia-

2159 4717 2266 4780 ζων
2292 4719 2372 4779 είς
2412 4717 2501 4770 τὸν
2519 4717 2750 4788 Χριστὸν
2786 4719 2976 4787 (τοῦτο
3013 4721 3121 4791 γὰρ
3146 4720 3326 4773 εἰώθει
3364 4721 3491 4792 παρ’
3528 4721 3743 4775 ἕκαστα.

2157 4809 2404 4878 τολμᾷν),
2437 4809 2828 4878 ἀπεκὸμπασεν
2864 4811 3165 4882 ὑποδηλῶν,
3211 4812 3287 4876 ὡς
3319 4813 3418 4866 οὐκ
3464 4814 3739 4882 ἐπαμύκλοι

2157 4896 2215 4948 δν
2245 4898 2455 4964 ἡγεῖται
2489 4897 2620 4949 Θεὸν
2665 4897 3013 4970 ὀλιγωροῦντι
3057 4899 3166 4952 τῶν
3227 4901 3738 4971 προστεταγμένων.

2172 4986 2324 5038 Ἐπεὶ
2342 4986 2396 5039 δὲ
2427 4987 2596 5042 ταῦτα
2625 4988 2808 5052 καλῶς
2841 4988 2984 5059 ἔχειν
3012 4989 3252 5060 ἐνόμισε,
3281 4991 3615 5062 παραλαϐὼν
3642 4991 3740 5058 τὴν
3792 4983 3800 4989 ’

2171 5075 2456 5144 Ῥωμαίων
2486 5076 2766 5148 στρατιὰν,
2815 5073 2919 5148 ἦγε
2953 5079 3040 5132 διὰ
3087 5079 3186 5149 τῆς
3253 5081 3572 5151 Ἀσσυρίων,
3629 5082 3739 5132 Καὶ

2162 5166 2344 5229 πόλεις
2376 5167 2526 5230 τινας
2555 5169 2648 5222 καὶ
2705 5170 2962 5240 φρούρια,
2997 5170 3065 5224 τὰ
3111 5171 3213 5241 μὲν
3241 5173 3521 5243 προδοσίᾳ,
3555 5171 3624 5224 τὰ
3678 5170 3734 5222 δὲ

1652 5448 1918 5503 VALESII
1981 5451 2532 5512 ANNOTATIONES.

560 5539 671 5624 (3'8)
704 5536 1361 5624 ‘quvﬂadsraadpei*dc
1390 5554 1454 5591 τε
1493 5539 1652 5624 {rapit
1681 5537 1798 5624 ,τοῦ
1843 5540 2084 5624 μετρίου

2158 5545 2212 5599 In
2253 5548 2442 5604 codice
2481 5547 2779 5606 Fuketiano
2815 5552 3080 5624 scriptum
3124 5552 3301 5607 inieni
3341 5551 3727 5622 ἀπαυθαδησά-

405 5653 414 5658 -
494 5609 652 5676 μενός
687 5626 746 5662 τε
778 5612 949 5673 πέραν
972 5610 1065 5663 τοῦ
1102 5609 1344 5680 μετρίου,
1379 5609 1522 5678 quod
1557 5610 1728 5680 magis
1752 5611 1940 5679 probo.
