4040 6216
336 277 470 331 1239

1312 275 1636 331 HISTORIA
1680 274 2242 330 ECCLESIASTICA.
2269 306 2334 314 -—
2378 275 2502 330 UB.
2547 275 2630 330 Vl.

3443 278 3465 334 1
3481 277 3579 332 290

330 387 553 456 πολέμῳ
605 379 772 448 εἷλεν,
807 385 1220 455 ἀπερισκέπτως
1255 403 1310 438 τε
1351 389 1429 450 είς
1450 387 1510 439 τὸ
1546 387 1774 457 πρόσθεν
1807 386 1908 456 (39]

2025 387 2377 458 neglexisset.
2443 386 2739 456 Postquam
2816 385 2928 440 haec
2993 396 3140 442 recte
3200 387 3305 443 sibi
3371 390 3580 444 consti-

329 478 437 549 ᾔει,
475 475 639 546 μηδὲν
677 476 786 528 τῶν
837 476 1065 528 κατόπιν
1097 477 1358 545 προνοῶν,
1409 479 1503 532 καὶ
1523 477 1603 531 ὅτι
1633 496 1694 547 γε
1725 479 1907 549 δεήσει

330 567 430 638 τὴν
455 566 627 636 αὐτὴν
657 566 824 620 πάλιν
853 566 1191 622 ἐπανελθεῖν.
1225 569 1364 621 Ἀλλ’
1391 571 1529 641 ὅπερ
1555 571 1696 641 ᾔρει,
1724 571 1911 634 δεινῶς

331 657 552 728 ἐπόρθει
573 673 586 686 ·
611 657 813 726 ταμεῖά
829 673 888 709 τε
925 658 1016 710 καὶ
1048 658 1095 709 τ’
1134 657 1291 721 ἄλλα,
1318 659 1384 712 τὰ
1419 661 1516 730 μὲν
1544 661 1906 726 κατέσκαπτε,

331 749 398 802 τὰ
426 747 470 800 δ’
503 750 777 819 ἐπίμπρα.
809 749 1184 819 Πορευόμενος
1210 749 1268 802 δὲ
1297 749 1446 821 παρά
1469 751 1558 803 τὸν
1596 751 1908 822 Εὐφράτην,

330 837 393 890 οὑ
434 835 718 908 πόρρωθεν
760 836 988 905 ἀφίκετο
1027 837 1433 907 Κτησιφῶντος.
1482 838 1641 900 Πόλις
1673 838 1728 890 δὲ
1771 838 1910 909 αὕτη

335 927 568 998 μεγάλη,
586 928 680 980 καὶ
706 926 775 979 τὰ
803 927 1028 998 Περσῶν
1063 928 1309 997 βασίλεια
1331 928 1424 982 νῦν
1449 929 1568 982 ἀντὶ
1595 930 1911 994 Βαϐυλῶνος

332 1019 529 1089 ἔχουσα
554 1035 566 1048 ·
602 1019 687 1089 ῥεῖ
713 1018 771 1072 δὲ
801 1018 970 1090 αὐτῆς
1001 1019 1104 1072 οὑκ
1129 1019 1236 1072 ἀπὸ
1277 1019 1471 1073 πολλοῦ
1495 1022 1522 1074 ὁ
1547 1021 1772 1092 Τίγρης.
1825 1023 1911 1085 Ὠς

331 1110 387 1162 δὲ
443 1112 562 1173 ταῖς
619 1111 808 1164 ναυσὶν
853 1111 952 1164 οὐκ
995 1110 1189 1182 ἐχώρει
1237 1111 1325 1164 διὰ
1351 1113 1450 1183 τὴν
1475 1113 1646 1185 μέσην
1691 1115 1794 1184 γῆν
1833 1114 1910 1186 τῷ

333 1199 682 1269 Κτησιφῶντι
707 1201 1045 1270 προσελθεῖν,
1091 1201 1205 1255 ἀλλ’
1246 1204 1334 1255 ἐπ’
1368 1204 1613 1276 ἀνάγκης
1634 1207 1906 1275 ἐφαίνετο,

334 1289 496 1360 ἢτὴν
529 1289 680 1344 πόλιν
714 1291 990 1362 παριέναι,
1040 1292 1072 1364 ἦ
1115 1292 1224 1346 τῶν
1280 1294 1480 1349 πλοίων
1528 1288 1908 1367 καταφρονεῖν,

335 1381 634 1451 ἀνακρίνας
687 1381 840 1444 τινὰς
895 1382 1002 1434 τῶν
1049 1381 1447 1453 αἰχμαλώτων,
1500 1380 1625 1457 εὗρε
1669 1386 1911 1457 διώρυγα

337 1471 662 1542 ναυσίπορον
713 1472 1118 1541 ἁναχωσθεῖσαν
1160 1475 1238 1545 τῷ
1271 1475 1448 1546 χρόνῳ
1473 1490 1486 1504 ⁸
1523 1477 1617 1530 καὶ
1643 1477 1910 1548 διατεμὼν

335 1562 396 1615 τὸ
415 1563 669 1633 διεῖργον,
692 1564 905 1618 εἵλκυσε
937 1564 1026 1618 τὸν
1053 1566 1346 1638 Εὐφράτην
1400 1567 1493 1620 ἐπὶ
1526 1568 1619 1622 τὸν
1642 1569 1906 1640 Τίγρητα.

337 1655 520 1728 Ταύτῃ
545 1674 604 1709 τε
641 1657 719 1727 τῷ
752 1655 964 1728 στρατῷ
1004 1657 1428 1727 παραπλεούσας
1451 1659 1588 1728 ἔχων
1628 1659 1725 1723 τὰς
1753 1659 1906 1722 ναῦς,

2019 481 2192 534 tuisse
2238 479 2390 534 visus
2440 489 2608 543 esset,
2662 479 2895 548 sumptis
2953 477 3324 534 Romanorum
3381 481 3580 550 c0piis,

2017 587 2114 641 per
2153 570 2442 643 Assyriam
2490 571 2593 625 iter
2641 570 2785 624 fecit.
2818 569 2884 624 Et
2919 569 3150 626 urbibus
3173 571 3501 639 quibusdam
3527 580 3584 626 et

2017 650 2262 717 castellis
2304 661 2502 731 partim
2543 660 2875 730 proditione,
2917 659 3114 730 partim
3162 660 3216 714 vi
3258 661 3454 729 captis,
3489 661 3580 714 in-

2019 752 2268 807 consulte
2308 751 2542 806 ulterius
2581 765 2904 820 progressus
2946 758 3051 815 est,
3093 763 3202 803 non
3242 749 3584 818 prospiciens

2019 843 2086 898 iis
2119 843 2278 911 217
2314 857 2434 911 Quae
2471 858 2501 894 a
2547 850 2702 910 tergo
2735 848 2922 904 erant,
2973 855 3074 895 nec
3115 842 3365 910 cogitans
3395 840 3584 893 eadem

2018 934 2105 988 via
2155 949 2350 988 rursus
2389 949 2512 988 esse
2559 933 2914 988 redeundum.
2958 931 3159 988 Verum
3211 940 3410 987 cuncta
3464 946 3586 1001 quae

2016 1033 2252 1094 ceperat,
2277 1023 2521 1079 funditus
2548 1025 2819 1094 vastabat,
2851 1032 2904 1080 et
2933 1024 3129 1078 horrea
3157 1025 3374 1092 aliaque
3403 1023 3587 1076 omnia

2017 1116 2215 1186 partim
2240 1116 2612 1178 subvertebat,
2645 1115 2842 1184 partim
2875 1114 3218 1169 incendebat.
3242 1114 3379 1169 Cum
3405 1122 3588 1167 autem

2018 1208 2120 1262 iter
2159 1207 2364 1262 faceret
2391 1221 2552 1262 secus
2582 1205 2930 1275 Euphratem,
2961 1205 3371 1275 Ctesiphontem
3403 1219 3590 1273 perve—

2018 1301 2114 1352 nit.
2152 1299 2248 1354 Est
2277 1305 2456 1353 autem
2490 1297 2790 1366 Ctesiphon
2825 1297 2958 1350 urbs
2980 1296 3216 1349 maxima
3238 1336 3253 1359 ,
3285 1303 3340 1348 et
3367 1293 3590 1366 Babylo-

2017 1391 2106 1444 nis
2133 1391 2252 1444 loco
2278 1388 2622 1444 Persicorum
2661 1403 2806 1443 nunc
2835 1403 3023 1458 regum
3059 1386 3428 1451 domicilium,
3486 1401 3588 1441 nec

2017 1478 2206 1548 procul
2249 1477 2318 1531 ab
2361 1492 2426 1532 ea
2478 1477 2680 1530 labitur
2721 1473 2922 1528 ﬂuvius
2965 1473 3168 1544 Tigris.
3216 1472 3352 1527 Cum
3402 1481 3588 1527 autem

2017 1565 2247 1619 navibus
2285 1563 2352 1618 ad
2397 1577 2516 1617 eam
2564 1562 2759 1616 urbem
2795 1563 3082 1631 'appellcre
3135 1576 3246 1614 non
3293 1569 3476 1630 posset
3516 1559 3589 1615 ob

2018 1655 2364 1725 interiectum
2407 1664 2564 1709 terra:
2605 1653 2882 1725 spatium,
2941 1652 3036 1707 sed
3083 1666 3312 1707 necesse
3359 1651 3588 1705 haberet

340 1749 430 1802 ἐπὶ
458 1751 556 1820 τὴν
588 1750 738 1803 πόλιν
775 1749 989 1820 ἐχώρει.
1021 1751 1126 1802 Σὺν
1173 1749 1341 1823 πολλῇ
1380 1751 1437 1804 δὲ
1473 1755 1792 1823 παρασκευῇ
1827 1753 1908 1804 ίπ-

2016 1756 2111 1801 aut
2161 1745 2576 1834 Ctesiphontem
2627 1744 2950 1814 praeterire,
2997 1750 3091 1796 aut
3137 1743 3370 1798 classem
3416 1743 3584 1796 relin-

348 1843 514 1905 πέων,
547 1841 640 1894 καὶ⁸
683 1842 938 1907 ὁπλιτῶν,
970 1842 1062 1894 καὶ
1084 1840 1408 1910 ἐλεφάντων,
1430 1842 1538 1896 τῶν
1563 1843 1785 1912 Περσῶν
1813 1861 1915 1912 φα-

336 1935 532 1988 νέντων
573 1933 666 1986 ἐπὶ
722 1934 830 1996 τοῖς
863 1932 1044 2002 ὄχθοις
1084 1936 1196 1996 τοῖς
1236 1933 1331 1986 τοῦ
1375 1934 1663 2004 Τίγρητος,
1707 1934 1829 1987 ίδὼν
1859 1937 1915 1987 ὲν

337 2025 570 2098 πολεμίᾳ
591 2028 661 2096 γῇ
687 2028 852 2096 μέσον
882 2025 974 2078 δύο
1007 2025 1276 2094 μεγίστων
1310 2025 1571 2096 ποταμῶν
1603 2026 1917 2096 πολιορκου-

339 2117 506 2187 μένην
563 2115 710 2186 αὑτῷ
781 2115 881 2185 τὴν
941 2119 1216 2188 στρατιὰν,
1251 2116 1345 2169 καὶ
1372 2115 1515 2186 λιμῷ
1551 2116 1915 2187 διαφθαρῆναι

336 2204 769 2270 κινδυνεύουσαν,
805 2205 930 2275 ἥντε
961 2203 1174 2275 μένοιεν
1210 2203 1419 2270 αὐτόθι,
1453 2203 1578 2284 ἧντε
1609 2204 1705 2275 τὴν
1747 2203 1914 2275 αὐτὴν

336 2296 450 2350 ὁδὸν
480 2296 890 2367 ὑποστρέφοιεν,
931 2296 1040 2349 τῶν
1071 2296 1280 2350 πόλεων
1311 2298 1408 2350 καὶ
1453 2297 1561 2350 τῶν
1604 2297 1806 2368 κωμῶν
1845 2297 1913 2350 δι’

337 2379 410 2439 ὧν
437 2381 598 2455 ἦλθον
626 2385 1043 2456 καθῃρημένων,
1091 2387 1187 2439 καὶ
1223 2387 1294 2439 τὰ
1335 2387 1616 2457 ἐπιτήδεια
1646 2388 1720 2457 μὴ
1759 2388 1914 2456 ἐχου-

340 2474 468 2532 σῶν,
499 2475 718 2544 κέλησιν
745 2471 884 2528 ἆθλα
916 2473 1172 2544 προσθεὶς
1219 2473 1353 2544 (40),
1385 2475 1478 2526 ὲπί
1500 2473 1629 2526 θέαν
1660 2474 1914 2544 ἱπποδρο-

341 2567 471 2636 μίας
521 2569 645 2630 τοὺς
693 2566 1028 2638 στρατιώτας
1061 2566 1332 2619 ὲκάθισεν.
1375 2567 1463 2619 Ἐν
1499 2567 1674 2636 τούτῳ
1707 2564 1764 2618 δὲ
1788 2567 1912 2630 τοὺς

340 2658 684 2728 προεστῶτας
706 2659 813 2710 τῶν
837 2657 1032 2711 πλοίων
1061 2657 1346 2710 ἐκέλευσεν
1368 2656 1658 2710 ἀποϐαλεῖν
1679 2655 1747 2709 τὰ
1781 2674 1912 2728 φορ-

339 2747 427 2800 τία
457 2749 550 2801 καὶ¹
567 2748 624 2800 τὸ
652 2747 954 2818 σιτηρέσιον
987 2747 1086 2816 τῆς
1115 2749 1395 2818 στρατιᾶς,
1421 2747 1568 2809 ὅπως
1596 2747 1652 2798 ὲν
1682 2745 1911 2817 κινδύνῳ

341 2842 478 2909 σφᾶς
511 2840 705 2901 ἰδόντες
762 2841 812 2892 οἱ
867 2837 1217 2909 στρατιῶται,
1247 2839 1321 2902 ὠς
1367 2836 1664 2908 ἐπυθόμην,
1707 2835 1911 2908 ἀπορίᾳ.

339 2933 446 2985 τῶν
474 2931 788 3000 ἐπιτηδείων
815 2931 893 2994 εἰς
923 2930 1122 3001 θράσος
1158 2930 1496 3004 τράπωνται,
1521 2928 1614 2984 καὶ
1637 2927 1912 3000 προθυμό-

339 3038 497 3096 τερον
527 3025 637 3085 τοῖς
658 3022 936 3094 πολεμίοις
957 3023 1318 3094 μαχέσωνται.
1347 3021 1694 3089 Συγκαλέσας
1713 3021 1770 3074 δὲ
1783 3022 1910 3084 τοὺς

344 3115 679 3186 στρατηγοὺς
711 3117 739 3167 ὁ
763 3115 1012 3184 βασιλεὺς
1055 3115 1149 3168 καὶ
1182 3116 1307 3178 τοὺς
1342 3113 1643 3182 ταξιάρχας
1674 3112 1812 3182 μετὰ
1851 3112 1911 3166 τὺ
1937 3074 1980 3132 c

339 3203 573 3270 δεῖπνον,
641 3205 919 3260 ἐνεϐίϐασε
975 3209 1099 3270 τοὺς
1143 3203 1477 3277 στρατιώτας
1513 3206 1591 3267 εἰς
1629 3203 1726 3268 τὰς
1755 3203 1907 3268 ναῦς.

341 3298 406 3351 Ol
431 3297 506 3359 δὲ,
531 3289 586 3350 ἐτι
610 3297 764 3350 νυκτὶ
793 3298 888 3348 τὸν
938 3298 1180 3367 Τίγρητα
1230 3295 1577 3358 πλεύσαντες,
1621 3294 1721 3365 ἤδη
1775 3294 1911 3365 πρὸς

342 3392 460 3453 ταῖς
485 3390 654 3460 πέραν
685 3389 868 3460 δχθαις
891 3386 1052 3459 ἦσαν,
1080 3389 1175 3441 καὶ
1214 3387 1505 3454 ἐξέϐαινον.
1539 3386 1659 3438 Τῶν
1685 3386 1741 3438 δὲ
1766 3387 1907 3457 Περ-

345 3481 473 3541 σῶν,
508 3484 555 3534 οἱ
588 3481 685 3550 μὲν
703 3481 1011 3551 αἰσθόμενοι
1039 3478 1329 3550 ἠμύνοντο,
1361 3479 1452 3530 καὶ
1480 3478 1730 3548 ἀλλήλοις
1761 3495 1905 3548 παρα

342 3572 667 3626 εκελεύοντο.
709 3574 833 3635 Τοῖς
878 3571 932 3624 δὲ
985 3571 1062 3624 ἔτι
1098 3569 1467 3633 καθεύδουσιν,
1520 3569 1824 3636 ἐπέστησαν
1858 3568 1909 3620 οἱ

353 3659 629 3732 Ῥωμαῖοι.
661 3661 770 3714 Καὶ
797 3660 1005 3732 ἡμέρας
1035 3659 1442 3729 ἐπιγενομένης,
1469 3659 1547 3721 εἰς
1575 3656 1752 3727 μάχην
1775 3655 1906 3710 καθ-

345 3750 591 3804 ίσταντο·
654 3751 879 3814 πολλούς
930 3767 988 3802 τε
1035 3749 1402 3811 ἀποϐαλόντες
1451 3748 1545 3801 καὶ
1578 3747 1905 3809 κτείναντες,

341 3840 594 3911 διέϐησαν
645 3843 722 3904 είς
783 3841 874 3893 τὸν
929 3841 1170 3911 ποταμόν
1194 3856 1208 3871 ⁸
1262 3841 1355 3892 καὶ
1379 3839 1499 3892 τότε
1537 3838 1635 3908 μὲν
1673 3838 1779 3908 πρὸ
1812 3837 1908 3908 τῆς

342 3931 728 4000 Κτησιφῶντος
757 3929 1293 4000 ἐστρατοπεδεύοντο.
1324 3930 1492 3996 Δόξαν
1517 3928 1572 3982 δὲ
1600 3927 1677 3997 τῷ
1702 3927 1912 3998 βασιλεῖ

344 4023 538 4090 μηκέτι
577 4022 882 4092 περαιτέρω
927 4025 1146 4093 χωρεῖν,
1187 4020 1304 4076 ἀλλ’
1333 4023 1413 4085 είς
1458 4021 1559 4092 τὴν
1598 4018 1904 4091 ἀρχομένην

2019 1851 2188 1905 quere
2231 1854 2244 1889 :
2298 1832 2655 1904 percontatus
2687 1832 2954 1903 quosdam
2991 1847 3057 1886 ex
3094 1833 3350 1902 captivis,
3381 1832 3584 1886 fossam

2019 1926 2381 1996 navigabilem
2431 1924 2634 1994 reperit
2707 1923 3110 1993 longinquitate
3162 1923 3428 1991 temporis
3488 1922 3586 1975 ob-

2018 2024 2302 2070 structam.
2360 2013 2478 2080 Qua
2534 2023 2863 2084 perpurgata
2897 2055 2911 2078 ,
2974 2021 3295 2083 remotoque
3358 2013 3588 2082 impedi-

2019 2114 2230 2167 mento,
2291 2104 2624 2173 Euphratem
2679 2105 2734 2157 in
2785 2105 3000 2158 alveum
3049 2101 3293 2172 Tigridis
3336 2101 3584 2158 deduxit.

2020 2193 2131 2249 Hoc
2157 2195 2320 2249 modo
2351 2195 2584 2250 classem
2618 2195 2686 2249 ad
2727 2194 2872 2249 latus
2902 2193 3176 2250 exercitus
3204 2195 3288 2250 sui
3319 2194 3584 2264 navigan-

2017 2293 2123 2339 tem
2158 2285 2396 2348 habens,
2425 2285 2492 2339 ad
2525 2286 2710 2341 urbem
2737 2286 2999 2356 perrexit.
3031 2283 3136 2340 Sed
3158 2301 3282 2340 cum
3311 2285 3494 2340 Persa:
3517 2287 3584 2339 ad

2017 2371 2166 2440 ripas
2215 2370 2454 2442 Tigridis
2501 2373 2605 2426 visi
2649 2382 2838 2428 essent
2877 2387 3000 2428 cum
3049 2374 3288 2430 maximo
3321 2387 3584 2445 apparatu

2015 2461 2260 2531 equitum
2291 2477 2355 2518 ac
2384 2461 2624 2532 peditum
2656 2471 2819 2533 atque
2850 2464 3270 2534 elephantorum
3295 2506 3310 2531 ,
3351 2480 3585 2520 cernens

2015 2553 2316 2624 imperator
2362 2553 2666 2609 exercitum
2717 2570 2880 2610 suum
2934 2557 3078 2610 inter
3128 2554 3269 2611 duos
3315 2558 3582 2611 maximos

2014 2642 2210 2701 ﬂuvios
2247 2647 2568 2709 conclusum
2619 2647 2833 2710 teneri,
2880 2647 3294 2718 timendumque
3343 2663 3465 2704 esse
3511 2665 3580 2703 ne

2015 2742 2160 2794 l'ame
2209 2739 2494 2805 interiret,
2546 2739 2662 2794 sive
2704 2739 2814 2793 illic
2845 2740 3162 2807 mansisset,
3194 2740 3309 2796 sive
3331 2741 3578 2796 eamdem

2011 2832 2154 2885 viam
2208 2829 2552 2884 remetirctur
2587 2871 2602 2897 ,
2667 2829 2891 2885 urbibus
2955 2838 3008 2885 et
3080 2831 3216 2886 vicis
3277 2846 3373 2902 per
3439 2845 3580 2902 quos

2012 2929 2238 2980 venerat
2281 2921 2524 2987 eversis,
2585 2937 2686 2979 nec
2740 2924 2850 2978 ulla
2897 2922 3227 2979 habentibus
3272 2924 3528 2980 alimenta
3565 2941 3578 2978 :

2013 3015 2235 3085 praemia
2278 3016 2648 3071 desultoribus
2698 3015 3033 3085 proposuit,
3094 3021 3149 3070 et
3212 3015 3278 3070 ad
3329 3024 3586 3085 equestre

2013 3115 2292 3162 certamen
2332 3107 2692 3177 spectandum
2730 3106 2932 3162 milites
2971 3108 3312 3162 eonvOCavit.
3360 3107 3582 3162 Interim

2013 3214 2143 3253 vero
2189 3199 2388 3254 classis
2437 3197 2746 3252 recton’bus
2778 3198 3094 3262 mandavit,
3143 3208 3200 3252 ut
3243 3199 3489 3254 sarcinas
3531 3209 3586 3253 ct

2013 3300 2381 3345 commeatum
2431 3291 2709 3344 exercitus
2766 3287 3100 3358 abjicercnt,
3150 3304 3216 3344 eo
3254 3291 3486 3345 consilio
3528 3301 3586 3345 ut

2013 3383 2240 3448 milites,
2273 3383 2434 3437 sicuti
2467 3381 2678 3451 accepi,
2709 3381 2764 3434 in
2797 3381 3036 3436 maximo
3066 3381 3314 3450 periculo
3340 3397 3400 3438 se
3431 3383 3582 3453 posi-

2014 3486 2100 3531 tos
2131 3481 2454 3536 cernentes,
2503 3474 2574 3527 ob
2610 3475 2896 3542 penuriam
2948 3473 3332 3528 alimentorum
3361 3513 3374 3538 ,
3413 3475 3585 3530 auda-

2012 3567 2191 3619 ciores
2238 3565 2428 3618 tierent
2454 3570 2506 3616 et
2537 3563 2777 3617 alacrius
2805 3576 2929 3616 cum
2959 3561 3212 3616 hostibus
3233 3563 3580 3618 dimicatent.

2015 3654 2236 3711 Vocatis
2276 3655 2445 3724 igitur
2494 3653 2729 3709 ducibus
2775 3668 2838 3708 ac
2888 3653 3125 3708 tribunis
3168 3664 3293 3723 post
3333 3671 3582 3721 cannam,

2015 3748 2211 3801 milites
2240 3744 2475 3815 navigiis
2514 3745 2794 3814 imposuit.
2839 3743 2943 3811 Qui
2972 3753 3153 3807 ,uoctu
3186 3744 3392 3816 Tigrim
3433 3747 3584 3817 traji-
3621 3787 3626 3796 .

2013 3837 2250 3901 cientes,
2288 3849 2411 3890 cum
2449 3834 2514 3890 ad
2558 3835 2870 3892 ulteriorem
2901 3836 3142 3894 ﬂuminis
3185 3840 3356 3909 ripam
3393 3857 3583 3910 perve-

2017 3931 2264 3996 nissent,
2297 3928 2533 3985 navibus
2587 3929 2970 4000 egrediuntur.
3013 3931 3088 3985 Ex
3131 3931 3313 3988 Persis
3354 3948 3484 3986 vero
3541 3934 3580 3986 ii

2011 4023 2229 4095 quidem
2259 4023 2352 4092 qui
2383 4021 2741 4093 irruptionem
2774 4033 3094 4092 senserant,
3126 4026 3382 4082 resistere
3411 4042 3580 4096 seque

1533 4155 1806 4211 VALESII
1844 4153 2292 4212 ANNOTATION
2304 4155 2407 4211 ES.

412 4270 523 4339 (59)
559 4269 1023 4339 Ὰπερισκέπτως
1047 4272 1126 4334 είς
1147 4269 1213 4322 τὸ
1244 4271 1527 4339 πρόσθεν.
1555 4268 1711 4322 Ilunc
1733 4270 1910 4322 locum

341 4337 584 4409 supplevi
617 4357 681 4394 ex
714 4340 902 4394 codice
941 4337 1262 4403 Fuketiano,
1285 4337 1347 4393 in
1373 4355 1481 4409 quo
1510 4341 1582 4393 ita
1607 4339 1866 4395 scribitur
1895 4354 1910 4392 :

340 4411 741 4476 ἀπερίσκεπτόν
771 4411 940 4480 τερείς
969 4411 1026 4462 τὸ
1065 4410 1298 4478 πρόσθεν
1324 4411 1428 4480 εζη.

435 4472 800 4546 40)Κέλησιν
824 4472 977 4533 ἆθλα
1018 4472 1315 4546 προσθείς.
1343 4472 1511 4533 Graeci
1544 4477 1773 4548 κέλητας
1804 4495 1901 4534 vo-

343 4561 472 4603 cant
519 4562 624 4620 tam
676 4565 877 4620 equos,
913 4564 1074 4620 quam
1119 4551 1333 4620 equites
1379 4550 1477 4620 qui
1529 4549 1901 4620 singularibus

343 4620 502 4688 equis
532 4619 891 4689 vehebantur,
929 4618 987 4673 ut
1014 4619 1170 4673 docet
1198 4618 1498 4689 Hesychius
1533 4629 1586 4673 et
1621 4619 1819 4676 Suidas
1847 4622 1900 4673 in

336 4687 476 4759 vace
524 4687 706 4759 κέλ-ης.
744 4687 855 4742 Hoc
907 4699 1086 4742 autem
1140 4691 1258 4742 loco
1288 4687 1384 4758 pro
1411 4690 1696 4758 equilibus
1730 4691 1901 4759 accipi

339 4727 559 4812 debEnt.
611 4727 984 4826 Neqrreweniu‘r
1003 4727 1476 4828 “cqu'isvprt'emia‘l
1498 4727 1898 4827 puro-p‘dhuritvulr:

343 4830 436 4906 sed
485 4828 784 4910 equitibus.
803 4827 1143 4910 _l‘luj_usmo«_li
1177 4827 1338 4910 porro
1363 4829 1586 4910 equites
1623 4844 1673 4910 ξι-
1692 4829 1902 4909 Latinis

346 4897 654 4968 singulares
678 4898 1004 4952 dicebantur
1029 4900 1112 4952 vel
1147 4897 1537 4968 singulatOres.
1574 4897 1813 4968 Isidorus
1847 4901 1901 4952 in

344 4966 596 5021 lib.’xvm
619 4966 918 5036 Originum,
939 4983 1059 5037 cap.
1081 4969 1171 5032 55,
1191 4966 1256 5021 de
1282 4968 1366 5022 his
1396 4969 1467 5020 ita
1490 4968 1714 5022 scribit:
1740 4967 1902 5036 Equi-

340 5047 414 5088 tes
444 5039 736 5107 singulares
771 5038 884 5091 ideo
927 5054 1135 5091 currere
1159 5037 1361 5100 dicunt,
1395 5039 1518 5106 quia
1563 5039 1904 5106 singulariter

337 5113 691 5177 unusquisque
713 5124 926 5161 cursum
948 5109 1065 5162 vita:
1096 5107 1252 5175 hujus
1281 5108 1480 5175 peragit
1509 5117 1662 5176 atque
1689 5109 1900 5172 transit,

339 5177 449 5248 alio
491 5188 714 5244 terrzpore
741 5195 953 5248 sequens
985 5179 1187 5230 alium:
1227 5177 1433 5233 Glossa:
1464 5189 1692 5236 veteres,
1726 5180 1903 5245 singu-

336 5246 477 5319 lator
503 5246 815 5319 lauacri}:
844 5249 1042 5319 κέληςη
1075 5248 1312 5316 Κέλητες
1341 5255 1521 5319 tmnen
1567 5263 1693 5319 non
1725 5249 1900 5319 solum

338 5318 644 5388 singulares
675 5317 912 5388 equites,
955 5317 1047 5371 sed
1096 5319 1262 5372 etiam
1310 5318 1619 5372 desultores
1645 5317 1903 5371 diceban-

338 5385 501 5439 tura
541 5385 767 5452 Graecis,
809 5390 899 5457 qui
936 5388 1090 5442 binos
1123 5389 1456 5457 scilicetaut
1496 5397 1685 5440 ternos
1729 5403 1901 5455 equos

338 5458 738 5527 transiliebaut.
773 5456 936 5512 Certe
986 5457 1287 5527 κελητίζειν
1339 5456 1609 5527 llomerus
1640 5457 1790 5527 dixit
1843 5457 1898 5508 in

344 5525 578 5596 Odyssea
613 5528 678 5590 0,
707 5529 774 5582 de
801 5525 1234 5582 desultore.'Sed
1262 5539 1315 5580 et
1342 5529 1465 5596 equi
1495 5526 1778 5596 desultorii
1809 5527 1902 5578 κέ-

343 5595 524 5667 λητες-
552 5607 816 5652 vocantur
857 5600 925 5652 al)
969 5595 1403 5667 Harpocrutione
1448 5597 1500 5649 in
1547 5611 1678 5650 voce
1727 5595 1898 5667 ἆμιπ-

341 5681 452 5722 ποι.
501 5665 617 5721 Duo
669 5677 848 5723 autem
906 5665 1312 5737 eraut‘geuera
1369 5668 1730 5724 desultorum.
1793 5666 1899 5720 Alii

499 5759 769 5820 Ρειτιιοι..
803 5761 920 5821 Cu.
956 5761 1204 5822 LXVII.

2016 4270 2160 4323 enim
2193 4271 2332 4323 duos
2366 4269 2647 4323 trahentes
2678 4285 2871 4339 equos,
2897 4285 2962 4325 ex
2994 4287 3102 4325 uno
3137 4271 3190 4326 in
3225 4272 3455 4327 alterum
3485 4275 3576 4330 de-

2018 4341 2296 4395 siliebant.
2349 4339 2454 4392 Alii
2488 4355 2610 4392 cum
2657 4341 2723 4393 ad
2769 4341 2926 4395 linem
2959 4356 3158 4396 cursus
3197 4353 3478 4407 venerant,
3511 4364 3573 4400 ex

1943 4399 1986 4453 Ι)
2015 4426 2156 4483 equo
2189 4409 2509 4483 desilientes
2547 4411 2864 4483 currebant,
2893 4419 2949 4464 ut
2982 4429 3045 4483 es
3076 4413 3278 4483 Optimo
3305 4399 3575 4483 scriptore

1985 4477 2172 4556 ducet
2195 4478 2438 4556 Isidorus
2471 4477 2651 4556 iuhlilr.
2679 4495 2811 4556 XVlll
2831 4477 3125 4556 ,__cap._36.'
3149 4477 3452 4556 Utrumque
3489 4504 3578 4556 Bc-

2006 4565 2110 4604 nus
2142 4550 2484 4606 desultorum
2516 4548 2800 4619 distinguit
2835 4548 3088 4606 Manilius
3121 4557 3174 4606 in
3208 4554 3301 4607 lib.
3336 4548 3394 4606 v':

2592 4690 2664 4702 -ρ
2691 4661 2830 4715 ludet
2862 4679 2952 4730 per
2977 4674 3118 4734 terga
3144 4663 3406 4718 volantum

2147 4733 2252 4786 Aut
2275 4733 2388 4786 solo
2417 4742 2648 4787 vectatus
2673 4749 2825 4799 equo,
2851 4750 2985 4786 nunc
3011 4733 3161 4786 arma
3193 4735 3434 4798 movebit;

2147 4802 2196 4856 Ν
2207 4820 2305 4856 unc
2328 4804 2446 4856 licet
2471 4805 2522 4874 in
2556 4802 2705 4874 longo
2732 4819 2824 4874 per
2843 4819 3027 4874 cursus
3057 4808 3277 4871 prazmia
3306 4807 3468 4874 circa,

2146 4874 2415 4943 Quidquid
2444 4873 2507 4926 de
2535 4873 2630 4925 tali
2652 4873 2826 4926 studio
2857 4873 3138 4941 formatur,
3161 4875 3390 4931 habebit.

2007 4963 2081 5018 De
2109 4965 2193 5018 his
2222 4964 2594 5019 desultoribus
2624 4963 2716 5030 qui
2745 4979 2809 5017 ex
2840 4979 2981 5032 equo
3011 4967 3090 5018 vel
3119 4982 3284 5020 curru
3316 4967 3570 5023 desilien-

2007 5045 2088 5088 tes
2113 5034 2495 5106 currebantit:
2533 5036 2701 5106 circo,
2735 5034 2978 5106 loquitur
3010 5033 3302 5106 Dionysius
3333 5036 3573 5092 Halicar-

2005 5120 2239 5158 nasseus
2283 5105 2337 5157 in
2371 5105 2512 5156 libro
2541 5103 2775 5172 septimo
2811 5104 2914 5158 sub
2946 5103 3127 5168 ﬁnem,
3152 5103 3262 5161 'ubi
3295 5123 3391 5163 eos
3436 5109 3568 5162 ἀπο-

2005 5175 2174 5236 δάτας
2211 5189 2240 5226 a
2280 5173 2478 5243 priscis
2508 5173 2935 5228 Atheniensibus
2965 5175 3156 5243 dictos
3191 5192 3314 5232 esse
3340 5177 3562 5232 scribit:

2004 5246 2148 5314 quod
2185 5242 2401 5312 quidem
2447 5251 2680 5314 testatur
2715 5243 2878 5296 etiam
2932 5242 3292 5314 llarpoeratio
3338 5248 3392 5300 in
3433 5262 3566 5301 voce

2004 5313 2302 5382 ἀποϐάτης.
2344 5317 2609 5367 Caeterum
2641 5313 2753 5366 have
2781 5313 3062 5383 equestria
3085 5316 3404 5378 certamina,
3445 5331 3566 5383 qua:

2007 5395 2135 5436 tunc
2166 5383 2418 5438 Julianus
2453 5385 2505 5436 in
2552 5383 2750 5436 castris
2786 5382 2976 5446 edidit,
3027 5383 3092 5437 ad
3131 5382 3568 5451 Pyrricham’re-

2006 5452 2136 5507 ferri
2167 5462 2415 5523 possunt,
2445 5453 2510 5506 de
2546 5468 2650 5520 qua
2681 5453 2851 5523 multa
2882 5454 3010 5506 olim
3047 5455 3226 5523 notavi
3261 5455 3327 5523 ad
3365 5453 3564 5505 librum

2006 5539 2095 5576 xw
2123 5520 2388 5577 Ainmiani
2422 5523 2742 5575 Marcellini.
2771 5522 3051 5576 Postremo
3081 5533 3134 5575 et
3169 5520 3300 5573 illud
3347 5536 3566 5574 [horren--

2004 5595 2130 5645 dum
2167 5605 2269 5656 ρει,
2319 5593 2666 5662 scribendum
2699 5607 2820 5646 esse
2861 5593 2962 5645 hoc
2993 5591 3114 5644 loco
3140 5587 3279 5644 ἆθλα
3322 5588 3563 5662 προθείς,

2006 5674 2065 5718 ιιι
2089 5664 2351 5732 scriptum
2383 5663 2544 5718 habet
2575 5660 2934 5730 Niccplwrus.
