4040 6216
522 249 649 302 1291

1987 241 2328 297 SOZOMENI

3637 239 3750 296 l9.9?.

521 369 714 417 ntutuo
763 358 1042 413 cohortari
1075 365 1381 426 cmperunt.
1416 356 1566 410 Alios
1606 371 1733 410 vero
1764 355 1942 410 adhuc
1970 357 2096 411 dor-

2205 355 2531 417 ἐπανελθεῖν,
2583 352 2680 416 τὰς
2743 349 2876 414 ναῦς
2927 348 3350 421 ἐμπρήσαντες.
3404 348 3480 411 ὡς
3544 348 3622 401 διὰ
3675 352 3752 419 τὴν

519 452 751 505 mientes
782 447 1014 501 Romani
1045 461 1391 518 oppressere.
1424 446 1557 501 Orta
1589 446 1808 501 demum
1836 447 1925 502 die
1952 461 2099 518 proa-

521 543 650 595 |~imu
679 541 998 594 conseritur
1025 554 1038 590 :
1072 548 1126 594 et
1161 537 1392 592 Romani
1430 538 1620 593 multis
1649 537 1888 592 hostium
1920 538 2098 592 truci-

519 635 697 697 datis,
735 648 838 687 nec
872 631 1066 704 paucis
1103 646 1328 687 suorum
1369 629 1626 692 amissis,
1664 629 1888 685 ﬂuvium
1919 631 2100 686 denuo

518 727 874 794 trajcccrunt.
904 724 980 778 Ac
1011 733 1128 778 tum
1155 721 1376 794 quidem
1410 732 1534 776 ante
1581 721 1960 793 Clesiphontis
1989 740 2102 778 mu-

521 831 612 869 ros
648 814 1018 870 castrametati
1073 822 1222 869 sunt.
1266 811 1514 882 Cumque
1547 812 1847 882 imperator
1891 830 2100 885 nequa-

516 920 683 976 quam
716 905 951 960 ulterius
984 904 1268 975 progredi,
1299 903 1395 958 sed
1424 902 1644 957 domum
1682 905 1863 961 redire
1889 908 2099 961 consti-

521 999 743 1061 tuisset,
777 994 1036 1060 Romani,
1071 995 1313 1050 incensis
1349 994 1617 1062 navibus,
1665 1011 1732 1051 eo
1764 997 1912 1067 quod
1939 997 2102 1052 multi

519 1091 574 1144 in
627 1087 1000 1144 custodiendis
1050 1086 1160 1142 illis
1205 1089 1504 1157 occupati,
1566 1088 1776 1158 proeliis
1828 1089 2100 1145 interesse

519 1195 628 1235 non
664 1185 931 1249 possent,
967 1177 1020 1232 in
1052 1178 1286 1248 patriam
1325 1179 1490 1250 218
1532 1180 1736 1235 reverti
1768 1189 2056 1250 cmperuut
2081 1219 2096 1242 ,

520 1269 724 1340 ‘I‘igrim
758 1269 824 1322 ad
856 1269 1046 1323 laevam
1078 1268 1363 1323 habentes.
1388 1271 1465 1323 Ac
1490 1270 1648 1324 initio
1678 1268 1898 1338 quidem
1928 1270 2101 1340 capti-

520 1362 601 1415 vis
633 1375 730 1414 eos
757 1359 1087 1414 ducentibus
1109 1398 1122 1420 .
1174 1360 1452 1430 regionem
1489 1359 1730 1416 fertilem
1761 1361 1906 1414 nacti
1933 1369 2099 1424 sunt,

519 1464 642 1518 quae
695 1450 879 1503 omnia
945 1448 1014 1502 ad
1079 1448 1285 1504 victum
1327 1451 1642 1507 necessaria
1699 1450 1914 1507 abunde
1964 1452 2100 1522 ipsis

520 1541 921 1612 suppeditabat.
949 1539 1144 1596 Postea
1171 1557 1299 1597 vero
1336 1557 1504 1597 senex
1534 1543 1758 1613 quidam
1793 1544 1886 1613 qui
1920 1559 1978 1600 se
2002 1559 2101 1614 pro

519 1634 765 1687 omnium
791 1630 1080 1687 Persarum
1113 1631 1292 1688 salute
1313 1633 1631 1701 devoverat,
1660 1648 1783 1688 cum
1815 1649 1938 1690 sese
1956 1635 2100 1690 ultro

519 1725 842 1793 capiendum
876 1723 1145 1779 obtulisse
1173 1724 1457 1781 videretur
1480 1763 1496 1789 ,
1535 1735 1794 1796 tanquam
1827 1727 2034 1782 invitus
2067 1743 2096 1780 a

524 1813 789 1869 Romanis
836 1821 1064 1884 captus,
1114 1814 1184 1870 ad
1234 1815 1538 1885 principem
1597 1816 1938 1888 perducitur.
1993 1816 2096 1883 Qui

520 1905 889 1975 interrogatus
925 1907 993 1961 de
1039 1905 1126 1959 via
1148 1946 1163 1972 ,
1203 1919 1328 1960 cum
1361 1922 1486 1962 vera
1517 1908 1700 1964 dicere
1734 1909 1887 1964 visus
1919 1917 2098 1974 esset,

523 1997 682 2050 tidem
728 1997 881 2062 fecit,
931 1997 976 2052 si
1025 1996 1254 2052 Romani
1287 1998 1464 2067 ipsum
1510 2000 1665 2070 sequi
1704 2000 1937 2064 vellent,
1985 2001 2102 2057 fore

523 2101 582 2144 ut
619 2089 766 2144 brevi
793 2089 1095 2144 exercitum
1130 2089 1184 2143 in
1222 2087 1598 2144 Romanorum
1627 2091 1826 2146 ﬁnib‘us
1861 2092 2098 2148 sisteret.

522 2182 710 2237 Tridui
744 2181 1013 2236 duntaxat
1044 2190 1138 2236 aut
1169 2181 1450 2251 quatridui
1485 2183 1592 2236 iter
1626 2184 1916 2239 molestum
1948 2183 2101 2239 fulu-

522 2290 644 2328 rnm
675 2290 689 2326 :
728 2281 783 2328 et
810 2273 1015 2328 cibaria
1057 2273 1112 2327 in
1158 2281 1236 2328 tot
1266 2273 1384 2328 dies
1426 2272 1650 2330 ferenda
1673 2290 1797 2331 esse
1819 2317 1835 2342 ,
1864 2291 1930 2332 eo
1956 2276 2103 2346 quod

523 2368 674 2440 regio
721 2367 940 2422 deserta
976 2375 1144 2421 esset.
1183 2366 1372 2436 itaque
1405 2366 1704 2437 imperator
1739 2367 1917 2423 callidi
1955 2368 2104 2424 senis

525 2457 872 2514 sermonibus
919 2455 1211 2520 inductus,
1259 2471 1322 2511 ea
1364 2455 1451 2510 via
1481 2455 1814 2531 pergendum
1847 2471 1971 2512 esse
2012 2456 2106 2512 de-

525 2549 717 2606 crevit.
767 2545 872 2603 Ubi
913 2562 1045 2603 vero
1096 2547 1332 2602 ulterius
1380 2547 1690 2620 progressi,
1746 2546 1927 2603 adhuc
1981 2555 2109 2618 post

525 2653 636 2698 tres
668 2641 786 2697 dies
813 2642 870 2696 in
904 2641 1025 2695 loca
1054 2639 1263 2694 inculta
1293 2647 1458 2710 atque
1497 2654 1692 2710 aspera
1722 2638 2106 2708 devenerunt,

526 2750 694 2791 senex
713 2732 932 2805 quidem
960 2733 1210 2802 captivus
1240 2730 1372 2786 dum
1406 2739 1794 2802 torqueretur,
1821 2729 2108 2786 confessus

524 2837 647 2894 est,
699 2842 758 2882 se
797 2842 895 2898 pro
936 2827 1113 2881 salute
1162 2825 1366 2879 civium
1415 2839 1642 2879 suorum
1679 2822 1817 2878 mori
1852 2829 2107 2893 paratum

530 2921 896 2991 transfugisse
923 2957 939 2986 ,
987 2929 1041 2974 et
1083 2917 1318 2989 quodvis
1347 2918 1672 2988 supplicium
1722 2932 1877 2988 aequo
1924 2915 2110 2970 animo

2201 449 2448 520 φυλακὴν
2482 448 2684 500 τούτων
2715 445 2924 498 πολλῶν
2948 444 3262 516 ἀπομάχων
3283 442 3477 503 ὅντων,
3509 440 3599 512 τὴν
3620 443 3753 496 ἐπάν-

2199 541 2317 593 οδον
2338 538 2636 602 ἐποιοῦντο,
2657 539 2712 590 ἐν
2731 537 2993 606 ἀριστερᾷ
3009 536 3268 606 Τίγρητα
3294 533 3536 603 ποταμὸν
3556 533 3751 602 ἔχοντες.

2213 631 2560 702 Ἢγουμένων
2619 629 2676 682 δὲ
2727 629 2836 682 τῶν
2894 625 3291 698 αἰχμαλώτων,
3351 623 3422 678 τὰ
3469 623 3565 695 μὲν
3599 625 3754 694 πρῶτα

2200 723 2490 797 ἀπήλαυον
2512 720 2696 793 χώρας
2722 719 2951 790 εύφόρου
2979 719 3070 772 καλ⁸
3093 718 3285 771 πάντα
3316 716 3592 785 ἐπιτήδεια
3627 716 3753 784 ἐχού-

2202 833 2318 886 σης.
2350 814 2504 868 Μετά
2529 813 2584 867 δὲ
2615 810 2808 876 ταῦτα,
2839 808 3155 882 πρεσϐύτης
3182 825 3271 870 τις
3319 806 3568 877 ἐλόμενος
3594 805 3755 859 ἀποθα·

2200 911 2310 961 νεῖν
2334 907 2474 978 ὑπὲρ
2521 907 2620 977 τῆς
2659 905 2877 959 πάντων
2910 901 3140 974 Περσῶν
3169 899 3510 971 ἐλευθερίας,
3543 897 3756 967 ἐπίτηδες

2200 998 2401 1052 ἁλῶναι
2462 998 2672 1068 φανεὶς,
2731 996 2804 1060 ὡς
2843 995 2990 1049 ἄκων
3032 991 3374 1063 συλληφθεὶς
3426 989 3606 1058 ἄγεται
3635 985 3754 1056 παρὰ

2198 1091 2289 1144 τὸν
2332 1087 2653 1161 ἡγούμενον.
2695 1085 3032 1157 Ἀνακριθείς
3094 1101 3160 1137 τε
3208 1083 3345 1152 περὶ
3378 1080 3479 1149 τῆς
3527 1078 3656 1143 ὁδοῦ,
3682 1079 3754 1129 καὶ

2200 1181 2355 1248 δόξας
2392 1180 2564 1250 ἀληθῆ
2605 1178 2805 1247 λέγειν,
2837 1175 3054 1230 ἔπεισεν
3096 1175 3168 1228 ἶν’
3193 1173 3350 1244 αὐτῷ
3400 1173 3644 1235 ἕπωνται,
3678 1171 3754 1239 τὴν

2202 1275 2460 1345 ταχίστην
2499 1273 2610 1335 τοῖς
2653 1269 2936 1341 Ῥωμαίων
2962 1271 3111 1339 ὅροις
3141 1268 3468 1338 ἐπιστήσειν
3510 1266 3603 1334 τὴν
3625 1279 3752 1334 στρα-

2201 1367 2324 1421 τιάν
2351 1382 2362 1394 ·
2402 1365 2558 1436 μόνον
2591 1363 2648 1416 δὲ
2700 1361 2865 1433 τριῶν
2900 1361 2932 1431 ἢ
2959 1361 3253 1434 τεσσάρων
3303 1358 3525 1429 ἡμερῶν
3553 1355 3752 1426 χαλεπὴν

2203 1455 2422 1510 ἔσεσθαι
2451 1454 2547 1526 τὴν
2577 1453 2805 1526 πορείαν
2825 1468 2839 1483 ·
2870 1453 2964 1505 καὶ
2990 1451 3202 1524 χρῆναι
3233 1451 3443 1504 τούτων
3466 1451 3602 1503 σιτία
3626 1447 3750 1519 φέρε-

2206 1549 2347 1612 σθαι,
2383 1548 2482 1618 τῆς
2515 1547 2616 1618 γῆς
2631 1546 2841 1618 ἐρήμου
2867 1543 3052 1615 οὔσης.
3084 1542 3396 1614 Ὑπαχθείς
3416 1559 3475 1594 τε
3495 1541 3523 1593 ὁ
3543 1538 3749 1611 βασιλεὺς

2206 1639 2297 1693 τοῦ
2348 1637 2512 1707 σοφοῦ
2562 1634 2869 1709 πρεσϐύτου
2912 1637 3025 1698 τοῖς
3051 1633 3266 1704 λόγοις,
3308 1632 3594 1702 ἐδοκίμασε
3613 1628 3748 1699 ταύτῃ

2205 1730 2515 1802 πορευτέον.
2545 1729 2698 1782 Ἐπεὶ
2725 1728 2782 1781 δὲ
2812 1726 3149 1798 προσωτέρω
3174 1724 3508 1796 χωροῦντες,
3542 1721 3625 1775 καὶ
3642 1719 3746 1789 μετὰ

2202 1825 2351 1894 τρεῖς
2379 1821 2592 1892 ἡμέρας
2624 1818 2872 1872 ἐνέϐαλον
2931 1817 3120 1880 τόποις
3145 1817 3288 1888 (41),
3344 1817 3373 1870 ὁ
3421 1815 3516 1886 μὲν
3557 1811 3744 1883 γέρωνό

2203 1914 2546 1986 αἰχμάλωτος
2605 1909 3048 1983 βασανιζόμενος,
3121 1908 3484 1980 ὡμολόγησεν
3523 1904 3646 1972 ὑπὲρ
3665 1902 3743 1954 τῶν

2202 2006 2418 2059 οἰκείων
2445 2002 2813 2074 αὐτομολῆσαι
2835 2001 2971 2073 πρὸς
3001 1999 3262 2064 θάνατον,
3301 1999 3394 2052 καὶ⁹
3409 1996 3611 2064 ἕτοιμος
3637 1988 3739 2045 εἶναι

2203 2099 2381 2152 πάντα
2404 2095 2699 2168 προθύμως
2722 2096 3034 2168 ὑπομένειν.
3077 2089 3388 2160 Ἀλυούσης
3413 2088 3470 2141 δὲ
3505 2087 3594 2155 τῆς
3617 2099 3742 2154 crpu-

2201 2191 2344 2255 τιᾶς,
2369 2187 2446 2259 τῷ
2480 2206 2539 2242 τε
2569 2189 2736 2259 μήκει
2760 2188 2861 2258 τῆς
2913 2183 3056 2251 ὁδοῦ,
3095 2185 3198 2240 καὶ
3224 2185 3292 2255 τῇ
3324 2180 3497 2251 ἐνδείᾳ
3520 2176 3614 2230 τῶν
3658 2176 3738 2227 ἐπι-

2203 2279 2453 2351 τηδείων,
2482 2278 2584 2350 ἤδη
2622 2274 3164 2348 τεταλαιπωρηκόσι,
3211 2268 3460 2342 Περσικὴ
3490 2261 3738 2336 παράταξις

2206 2371 2451 2425 ἐπέθετο.
2498 2370 2794 2440 Καρτερᾶς
2841 2367 2897 2421 δὲ
2941 2367 3127 2438 μάχης
3167 2362 3484 2431 συστάσης,
3531 2353 3734 2420 ἐξαπίνης

2208 2463 2377 2535 βίαιος
2406 2459 2756 2531 ἀνακινηθε“ις
2777 2459 2996 2529 ἄνεμος,
3027 2456 3122 2510 τὸν
3151 2451 3386 2525 οὐρανὸν
3407 2447 3596 2504 καὶτὸν
3627 2443 3736 2514 ἣλιον

2205 2561 2316 2623 τοῖς
2367 2555 2586 2625 νέφεσιν
2641 2551 2898 2621 ἐκάλυψε.
2943 2549 3023 2622 τῷ
3071 2550 3135 2604 δὲ
3188 2549 3313 2620 ἀέρι
3371 2540 3607 2616 (ditem
3628 2536 3733 2590 κόνιν

2207 2647 2449 2718 ἀνέμιξε.
2478 2645 2707 2708 Σκότους
2734 2644 2791 2697 δὲ
2815 2644 2910 2697 καὶ
2941 2641 3147 2712 πολλῆς
3181 2637 3382 2711 ἀχλύος
3407 2633 3578 2702 οὔσης,
3599 2643 3733 2718 παρα·

2208 2717 2432 2811 δραμών
2462 2753 2545 2800 τις
2572 2735 2772 2798 ἱππεὺς
2821 2732 2978 2804 φέρει
3019 2731 3115 2784 ἐπὶ
3167 2730 3261 2783 τὸν
3300 2725 3516 2799 βασιλέα
3543 2721 3596 2774 τὸ
3621 2717 3731 2788 δόρυν

2210 2831 2304 2885 καὶ
2334 2829 2485 2882 παίει
2509 2827 2727 2898 καιρίαν
2751 2843 2763 2856 ·
2817 2826 2912 2879 καὶ
2950 2823 3044 2878 τοῦ
3085 2823 3264 2876 ἵππου
3289 2814 3606 2875 καταϐαλὼν,
3627 2811 3732 2898 ὅστις

2209 2919 2277 2994 ἦν
2309 2921 2518 2993 ἀπῆλθε
2549 2894 2747 2974 λάθον.
2797 2916 3028 2986 Λέγουσι
3060 2915 3144 2982 δὲ,
3175 2916 3225 2968 οἱ
3265 2913 3364 2984 μὲν
3387 2909 3599 2980 Πέρσην,
3629 2901 3666 2952 οἱ
3691 2894 3731 2947 δὲ

530 3027 938 3085 perpessurum.
1023 3010 1158 3066 Cum
1236 3018 1419 3064 autem
1487 3009 1761 3064 exercitus
1829 3008 2105 3064 Romanus

2213 3010 2527 3082 Σαρακηνὸν
2550 3004 2689 3063 εἶναι
2731 3006 2938 3063 τοῦτον.
2971 3005 3093 3058 Εἰσὶ
3150 3005 3207 3058 δὲ
3243 3002 3293 3057 οἳ
3336 2997 3584 3068 Ῥωμαῖον
3613 3001 3732 3088 στίρα⁹

531 3107 727 3178 partim
782 3102 1122 3172 longitudine
1165 3101 1415 3164 itineris,
1474 3101 1672 3170 partim
1726 3101 2105 3155 alimentorum

2208 3102 2409 3172 τιώτην
2437 3098 2574 3155 εἶναι
2604 3098 2792 3152 τοῦτον
2851 3097 3250 3168 ἰσχυρίζονται,
3284 3091 3379 3147 καὶ
3417 3079 3733 3178 ἐπενηνοχέναι

535 3193 760 3265 penuria
808 3199 1120 3255 vexaretur,
1163 3189 1277 3260 jam
1335 3188 1594 3260 fatigatos
1642 3188 1820 3244 Persae
1865 3191 2111 3261 aggressi

533 3291 683 3348 sunt,
737 3281 958 3352 acrique
1006 3286 1261 3334 conserto
1296 3279 1517 3350 prmlio,
1573 3289 1768 3335 ventus
1819 3279 2110 3336 vehemens

533 3383 756 3445 repente
807 3381 1068 3438 exortus,
1119 3371 1320 3427 caelum
1373 3370 1653 3442 solemque
1705 3371 1882 3442 ipsum
1923 3372 2110 3429 densis

533 3467 772 3521 nubibus
800 3465 1026 3532 obtexit,
1056 3473 1106 3518 et
1131 3463 1357 3534 pulvere
1380 3478 1560 3518 aerem
1589 3462 1830 3519 miscuit.
1865 3463 2111 3535 Cumque

533 3560 770 3614 tenebrae
799 3558 1042 3628 undique
1068 3565 1123 3612 et
1161 3557 1341 3628 caligo
1373 3555 1711 3611 circumfusa
1743 3563 1911 3623 esset,
1942 3572 2110 3628 eques

533 3650 756 3719 quidam
794 3651 1010 3704 concito
1058 3663 1222 3703 cursu
1259 3656 1668 3719 praetervectus,
1724 3649 2108 3720 imperatorem

535 3742 689 3795 hasta
738 3740 1014 3810 percussit
1056 3754 1119 3793 ac
1149 3739 1310 3794 letale
1341 3742 1540 3794 vulnus
1580 3740 1630 3794 ei
1675 3739 1891 3795 inllixit.
1937 3740 2109 3808 Quem

532 3847 660 3887 cum
700 3847 767 3886 ex
812 3846 953 3900 equo
1001 3831 1310 3899 deiecisset,
1365 3831 1586 3901 ignotus
1641 3834 1894 3904 quisnam
1942 3845 2108 3902 esset,

533 3927 829 3979 abscessit.
860 3923 924 3978 Et
956 3924 1046 3977 alii
1083 3923 1302 3993 quidem
1348 3921 1598 3988 Persam,
1647 3925 1740 3978 alii
1777 3924 2108 3981 Saracenum

535 4017 706 4072 fuisse
736 4016 944 4071 dicunt.
993 4015 1133 4070 Sunt
1159 4014 1253 4086 qui
1320 4015 1471 4070 illum
1532 4015 1761 4071 militem
1806 4018 2111 4074 Romanum

539 4110 711 4162 fuisse
758 4106 1058 4171 afﬁrment,
1089 4110 1182 4177 qui
1231 4107 1617 4177 imperatorem
1653 4107 1858 4164 idcirco
1890 4125 2113 4180 percus-

534 4201 700 4264 serit,
732 4201 878 4269 quod
932 4197 1160 4254 moleste
1211 4196 1581 4262 ferret,illius
1627 4201 1991 4271 imprudentia
2048 4217 2113 4258 ac

533 4291 840 4345 temeritate
883 4290 1181 4346 exercitum
1241 4288 1547 4346 Romanum
1615 4293 1670 4347 in
1732 4299 1812 4348 tot
1872 4294 2111 4364 pericula

532 4383 839 4452 conjectum
892 4398 1037 4440 esse.
1091 4382 1262 4438 Porro
1297 4382 1561 4442 Libanius
1617 4385 1788 4458 Syrus
1844 4389 2105 4458 sophista,

2217 4386 2402 4449 αὐτοῖς
2451 4385 2543 4438 τὸν
2585 4383 2801 4453 σφαγὲα
2853 4383 3058 4454 ζητεῖν.
3091 4375 3197 4446 Οἷς
3237 4378 3343 4449 γὰρ
3367 4367 3510 4426 οὐκὲ

533 4474 626 4542 qui
670 4489 778 4544 pra:
823 4477 1039 4528 caeteris
1089 4472 1391 4547 familiaris.
1415 4477 1762 4547 imperatoris
1801 4485 1856 4533 et
1902 4479 2112 4535 amicus

535 4567 656 4627 fuit,
680 4568 743 4620 de
769 4567 931 4622 credis
959 4575 1184 4621 auctore
1210 4565 1284 4620 ita
1311 4568 1524 4622 scribit.
1554 4568 1630 4621 Ae
1660 4568 1895 4625 fortasse
1912 4571 2112 4638 aliquis

535 4671 699 4709 nosse
751 4658 921 4726 cupit,
966 4659 1216 4728 quisnam
1277 4659 1430 4713 illum
1488 4660 1784 4726 occiderit;
1835 4678 1936 4732 ego
1986 4679 2112 4719 vero

535 4759 734 4799 nomen
765 4747 982 4814 quidem
1014 4749 1221 4804 nescio.
1253 4749 1336 4804 Ab
1368 4750 1521 4806 hoste
1551 4761 1730 4806 tamen
1761 4751 2109 4808 interfectum

537 4852 646 4889 non
679 4836 845 4890 fuisse
865 4839 1230 4893 certissimum
1261 4841 1394 4894 illud
1427 4851 1806 4911 argumentum
1835 4853 1937 4910 est,
1963 4846 2110 4916 quod

537 4942 697 4979 neuio
727 4941 790 4978 cx
837 4926 1085 4982 hostibus
1122 4930 1192 4984 ob
1219 4931 1418 4986 vulnus
1448 4931 1577 4988 illud
1627 4934 1830 4990 honore
1883 4936 2110 4993 allectus

2210 3167 2376 3266 abrip-
2398 3195 2496 3265 τὴν
2545 3191 2779 3264 πληγὴν,
2837 3167 3302 3259 ἀγανακτήσαντα
3344 3181 3523 3238 καθότι
3559 3167 3732 3266 ἀϐουλίᾳ

2211 3287 2305 3340 καὶ¹
2361 3282 2660 3355 θρασύτητι
2723 3279 2999 3344 τοσούτοις
3034 3277 3334 3350 περιέϐαλε
3391 3270 3627 3328 κινδύνοις

2213 3351 2492 3450 στρατιάν.
2517 3351 2769 3440 Λιϐάνιος
2803 3373 2913 3445 (45)
2944 3373 3000 3427 δὲ
3025 3375 3052 3426 ὁ
3075 3371 3254 3445 Σύρος
3285 3365 3549 3438 σοφιστῆςθ
3579 3357 3632 3410 τὰ

2210 3441 2367 3523 λιστα
2395 3469 2631 3542 συνήθης
2661 3469 2755 3522 καὶ
2811 3441 2962 3536 φίλος
3015 3441 3173 3535 αύτῷ
3223 3457 3477 3533 γεγονὼς,
3501 3451 3610 3506 τάδε
3633 3441 3729 3542 ξτερὶ

2208 3561 2304 3618 τοῦ
2361 3538 2670 3624 κτείναντος
2722 3559 2884 3614 αὑτὸν
2930 3556 3159 3629 γράφει.
3225 3555 3322 3616 Τίς
3351 3546 3440 3606 οὖν
3475 3549 3502 3600 ὁ
3545 3538 3726 3629 κτείνας.

2211 3653 2370 3707 ποθεῖ
2391 3670 2475 3717 τις
2501 3623 2751 3707 ἀκοῦσαι.
2793 3623 3179 3719 Τοῦνομα-μὲν
3211 3646 3312 3700 οὐκ
3336 3638 3450 3696 οἶδα
3466 3655 3478 3667 ·
3514 3630 3594 3687 τοῦ
3615 3626 3657 3680 δὲ
3673 3623 3726 3719 μθ

2211 3713 2471 3817 πολέμιον
2501 3742 2639 3798 εἶναι
2704 3743 2796 3797 τὸν
2843 3713 3154 3807 κτείναντα,
3196 3738 3419 3810 σημεῖον
3450 3713 3726 3817 ἐναργξςιβδ

2214 3809 2419 3908 μηδένα
2463 3833 2720 3905 πολέμιον
2750 3833 2844 3886 ἐπὶ
2874 3834 2942 3904 τῇ
2976 3831 3161 3902 πληγῇ
3205 3809 3532 3896 τετιμῆσθαι.
3581 3809 3725 3908 Καίτοι

2210 3901 2301 3980 διά
2337 3901 2613 3998 κηρύκων⁷
2652 3925 2680 3978 ὁ
2729 3901 2944 3996 Πέρσης
2992 3901 3182 3976 ἐκάλει
3219 3919 3355 3992 πρὸς
3383 3913 3533 3983 γέρας
3557 3904 3629 3958 τὸν

2211 4019 2487 4086 εκτονότα,
2540 4017 2636 4072 καὶ
2691 4017 2944 4089 μεγάλων
2977 4016 3198 4087 ὑπῆρχε
3236 4011 3313 4082 τῷ
3344 4005 3545 4078 φανέντι
3567 4000 3722 4094 “1:”:

2212 4111 2329 4166 ἀλλ’
2373 4076 2525 4181 δμιιλς
2607 4076 2716 4164 οὐδ’
2773 4076 2940 4181 ἔρωτι
3223 4076 3606 4177 ἠλάξονεύσατο.
3645 4076 3721 4133 Καὶ

2213 4201 2380 4272 πολλή
2402 4217 2465 4269 γε
2487 4203 2600 4266 τοῖς
2633 4199 2970 4272 πολεμίοιςή
2997 4199 3183 4270 χάρις,
3218 4199 3296 4252 ὅτι
3321 4187 3394 4248 ὧν
3421 4188 3512 4242 οὐκ
3525 4181 3718 4272 Eliges“?

2213 4293 2274 4346 οὐ
2307 4266 2636 4367 προσέθεντο
2661 4291 2759 4365 τὴν
2773 4266 2970 4360 δόξαν,
2989 4266 3107 4345 ἀλλ’
3142 4291 3330 4344 ἔδοσαν
3347 4284 3468 4353 ἡμῖν
3493 4271 3604 4341 παρ’
3623 4266 3719 4332 ἡμῖν

2219 4386 2402 4416 ...ν-..λινρ
2451 4385 2543 4416 ..λυ
2586 4383 2796 4416 μηνί..
2855 4383 3040 4416 κυεῖ..
3091 4375 3197 4416 nr,
3237 4378 3343 4416 ννιη
3367 4373 3461 4416 ηὐκ
3487 4351 3718 4416 ἐλυσιτέλει

3541 4373 3639 4414 υσιτ

2213 4480 2346 4546 ζῶν,
2386 4476 2534 4537 οὗτοι
2565 4481 2620 4535 δὲ
2642 4477 2782 4553 ἦσαν
2801 4483 2850 4536 ol
2893 4480 3095 4545 ζῶντες
3145 4479 3208 4534 ού
3241 4471 3377 4530 κατά
3415 4464 3527 4524 τοὺς
3550 4455 3714 4557 “Si”?

2210 4576 2378 4630 πάλαι
2431 4591 2492 4626 τε
2541 4551 2917 4638 ἐπεϐούλευον,
2953 4571 3049 4626 καὶ
3093 4571 3216 4624 τότε
3248 4558 3542 4632 δυνηθέντες
3577 4551 3716 4638 είίηῨ

2213 4685 2375 4721 σαντο
2401 4681 2414 4694 ·
2445 4668 2542 4737 τῆς
2568 4683 2627 4719 τε
2651 4665 2818 4735 ἄλλης
2836 4636 3048 4727 ἀδικίας
3069 4636 3710 4737 ἀναγκαζούσηςιούἥῗχῗ

2219 4712 2319 4830 σης
2348 4712 2442 4811 ἐπὶ
2583 4712 3096 4826 ἐκείνούῚβασιλείῖιις
3120 4712 3361 4818 ἐξουσίαν
3385 4760 3398 4773 ο
3429 4712 3712 4830 καὶ

2218 4867 2281 4919 γε
2311 4849 2406 4903 τοῦ
2427 4848 2692 4920 τιμᾶσθαι
2730 4851 2857 4912 τοὺς
2907 4849 3086 4914 θεοὺς,
3116 4841 3177 4901 οὗ
3218 4832 3501 4897 τούναντίον
3524 4821 3709 4888 ἐζήτουν*

1739 5110 2012 5168 VALESll
2054 5114 2617 5172 ANNOTATIONES.

610 5241 722 5310 (At)
765 5239 1088 5310 Ἐνέϐαλον
1120 5241 1344 5310 τόποις.
1393 5245 1718 5302 Addendum
1763 5257 1849 5306 est
1885 5251 2117 5306 vocabu-

541 5309 650 5365 lum
679 5311 898 5382 ἀγρίοις
921 5327 993 5382 ex
1017 5309 1345 5382 Nicephoro.

612 5327 650 5364 :n
679 5327 889 5382 αγριοις
921 5327 986 5366 ex
1017 5327 1145 5365 mce
1191 5327 1345 5369 noro.

612 5382 725 5458 (ᾴὲ)
761 5378 941 5458 mare
967 5379 1112 5458 dépt:
1145 5327 1598 5458 fialimscribere
1627 5387 1710 5454 Τῷ
1732 5406 1796 5443 τε
1821 5389 1973 5458 ἀέρι,
2001 5398 2110 5449 etc.

611 5450 720 5522 (45)
757 5450 1499 5531 Λιϐἀνιοςειοςυεμικιηὶἰ
1536 5450 1697 5531 quem
1745 5460 1835 5531 hic
1863 5450 2114 5531 designat

543 5523 901 5586 Sozotneuus,
950 5530 1130 5578 exstat
1169 5525 1331 5580 hodie
1379 5527 1433 5580 in
1475 5523 1725 5584 oratione
1779 5523 2011 5586 funebri
2043 5534 2112 5589 de

544 5592 796 5668 laudibus
829 5595 1086 5668 _ejuS(lem
1111 5593 1365 5668 _.lu|iani,
1399 5612 1522 5668 pag.
1555 5599 1681 5665 525,
1714 5603 1846 5655 tomi
1880 5605 2106 5658 secundi

541 5660 776 5728 Opet‘um
828 5661 1062 5720 Libauii.
1111 5664 1299 5726 Exstat
1344 5660 1512 5740 penes
1564 5660 1874 5728 me'altera
1932 5677 2108 5730 oratio

2219 5251 2468 5333 ejusdem
2501 5252 2710 5333 Libani-i
2739 5253 2805 5333 ad
2829 5239 3592 5333 Theodosiumjmpefflgm'lnn’
3619 5223 3707 5333 2"}:

2220 5322 2546 5406 ιιξξοτιμηυξ
2584 5326 2714 5406 περὶ
2745 5342 2855 5406 τηε
2890 5325 3160 5406 τιμωρίας
3211 5295 3492 5406 ἰιυῖεῗὲἳς-
3525 5295 3703 5406 52..."..-

2219 5391 2496 5472 Libanius.
2514 5371 2769 5472 hortatur
2793 5371 3188 5459 fheodosriun‘t,
3201 5471 3207 5472 γ
3222 5398 3278 5472 ut
3303 5371 3706 5472 ξιξξξίξξξξ.

2220 5438 2372 5519 [083'
2383 5438 2782 5547 caedemzulcis'c
2789 5438 3285 5547 ui?"eT.E:Tinétgjs
3310 5438 3711 5547 οξξῆωῖξξξξξξξξᾷ

2216 5514 2355 5614 post
2381 5514 2528 5590 diu};
2539 5514 2595 5589 ἲ)
2602 5514 2780 5614 εἷ
2791 5514 2951 5614 “ti—(ini
2958 5514 3080 5614 ig
3091 5514 3571 5614 ὶὶὶῖέίίιειςιξξξξτηξξξ

2215 5581 2287 5658 δι)
2331 5581 2552 5659 causam
2607 5605 2877 5659 accidisse
2921 5581 3079 5667 dicit:
3115 5613 3286 5674 quam
3312 5589 3559 5666 propterea
3598 5581 3624 5633 (Ι

2215 5691 2334 5728 eunt
2367 5680 2566 5730 czetletn
2605 5677 2835 5731 inultam
2868 5676 3240 5748 reliquissent.
