4040 6216
420 375 556 431 1293
1377 374 1699 431 HISTORIA
1745 372 2306 434 ECCLESIASTICA.
2348 410 2417 419 —
2458 378 2587 434 LIB.
2627 377 2714 436 Vl.
3547 385 3681 443 lii”

415 498 522 545 est.
576 486 840 554 Quamvis
874 503 966 544 rex
1018 487 1309 544 Persarum
1368 502 1645 546 aucmrem
1697 491 1860 545 caedis
1906 505 2003 561 per
2041 506 2349 562 praeconem
2377 493 2441 548 ad
2479 493 2764 565 praemium
2791 495 3086 561 vocaverit,
3115 505 3170 552 et
3229 499 3464 554 maxima
3531 515 3676 570 qua:-

414 595 523 652 que
564 579 799 650 adipisci
844 579 1058 636 licuerit
1095 581 1143 635 ei
1175 582 1268 652 qui
1333 582 1388 636 in
1441 582 1679 637 medium
1750 583 2065 652 prodiisset.
2107 584 2309 644 Verum
2358 601 2557 650 nemo,
2603 602 2673 641 ne
2720 587 3068 658 praemiorum
3115 589 3334 659 quidem
3387 593 3686 662 cupiditate

415 677 638 738 ductus,
677 688 744 729 eo
783 673 1024 730 facinore
1077 674 1219 732 falso
1267 676 1534 747 gloriatus
1581 684 1684 733 est.
1738 678 1816 732 Ac
1866 678 2110 748 profecto
2141 679 2389 734 habenda
2411 680 2777 737 esthostibns
2810 682 3020 754 gratia,
3086 683 3180 752 qui
3249 682 3462 741 facinus
3535 693 3682 756 quod

415 765 520 836 ipsi
552 778 662 818 non
685 762 1053 828 admiserant,
1110 780 1456 836 nequaquam
1517 766 1620 822 sibi
1670 775 1995 838 arrogarunt
2027 785 2048 822 :
2086 769 2183 824 sed
2225 769 2386 823 nobis
2425 779 2848 838 concesserunt,
2899 782 2957 826 ut
3002 773 3167 831 caedis
3218 765 3498 831 auctorem
3541 777 3685 834 inter

413 865 637 913 nostros
664 869 1056 926 quaereremus.
1089 855 1190 923 Qui
1225 859 1371 913 enim
1397 873 1464 914 ex
1492 859 1614 928 ejus
1643 860 1754 913 vita
1792 860 1997 914 nullam
2039 861 2412 930 percipiebaut
2437 863 2726 918 utilitatem
2752 907 2766 929 ,
2833 865 2886 919 hi
2922 865 3132 922 scilicet
3196 869 3288 937 qui
3335 883 3680 938 nequaquam

409 952 569 1022 juxta
600 952 778 1022 legum
813 951 1131 1022 praescripta
1185 952 1461 1018 vivebant,
1524 961 1579 1008 et
1625 953 1757 1007 olim
1828 953 2058 1010 insidias
2097 955 2144 1010 ei
2191 963 2526 1019 struxerant,
2568 967 2622 1011 et
2656 966 2787 1012 tunc
2816 961 3281 1028 opportunitatem
3335 962 3500 1025 nacti,
3551 975 3678 1016 eum

414 1053 764 1114 peremerunt
798 1064 810 1099 :
844 1052 960 1100 tum
995 1047 1205 1118 reliqua
1244 1046 1392 1101 omni
1438 1045 1702 1115 iniustitia
1737 1048 1888 1117 ipsos
1920 1048 1987 1103 ad
2025 1048 2078 1103 id
2114 1047 2328 1104 facinus
2352 1049 2687 1118 impellente,
2717 1067 2839 1120 qua:
2878 1052 2972 1106 illo
3003 1053 3168 1124 219
3233 1062 3496 1124 regnante
3561 1055 3691 1108 nul-

413 1138 521 1190 lam
575 1135 851 1190 licentiam
917 1135 1236 1191 obtinebat:
1277 1145 1388 1189 tum
1437 1136 1710 1208 praecipue
1764 1136 1991 1191 deorum
2031 1137 2181 1192 cultu
2215 1138 2301 1191 cui
2335 1137 2438 1208 ipsi
2468 1139 2921 1194 adversabantur.

1007 1252 1258 1308 ΚΕΦᾹΛ.
1305 1251 1379 1305 B'.

411 1363 541 1420 ’Ὅτι
566 1363 719 1418 κατὰ
748 1364 1073 1435 acapna-lar
1096 1364 1360 1434 ἀνῃρέθη
1378 1385 1392 1395 ·
1422 1367 1518 1420 καὶ
1547 1366 1679 1435 περὶ
1714 1367 1832 1420 τῶν
1860 1367 1989 1434 ὁρά-

478 1452 672 1505 σεωνίς
733 1434 807 1500 ἂς
839 1435 1072 1505 ,ἄνδρες
1126 1435 1288 1500 τινὲς
1345 1437 1478 1505 περὶ
1536 1434 1643 1504 τῆς
1701 1437 1988 1503 τελευτῆς

477 1504 667 1558 αὑτοῦ
713 1504 1069 1575 ἐθεάσαντο,
1121 1505 1218 1558 καί
1267 1504 1562 1574 περὶτῆς
1609 1507 1988 1575 ἀποκρίσεως

476 1575 585 1628 τοῦ
618 1575 754 1628 υἱοῦ
782 1575 890 1645 τοῦ
923 1574 1206 1645 τέκτονος
1231 1591 1245 1604 ·
1283 1571 1382 1628 καὶ
1423 1571 1520 1629 ὅτι
1551 1576 1617 1629 τὸ
1649 1571 1793 1645 αἷμα
1844 1579 1988 1631 Ἰου-

477 1645 689 1710 λιανὸς
732 1643 1081 1714 τῷίΧριστῷ
1131 1645 1470 1714 ἀνέπεμπεο
1523 1648 1620 1699 καὶ
1673 1643 1791 1700 ὅσα
1834 1648 1986 1702 κακὰ

475 1715 737 1784 δημοσίᾳ
776 1713 850 1782 τῇ
898 1714 1196 1782 Ῥωμαίων
1236 1713 1551 1786 ἐπεγένετο
1601 1715 1674 1769 δι’
1703 1719 1912 1771 αὐτόν.

475 1831 584 1884 Καὶ
623 1831 652 1882 ὁ
691 1829 789 1899 μὲν
821 1827 1077 1892 Λιϐἀνιος
1111 1821 1213 1882 ὧδέ
1247 1847 1322 1898 πη
1358 1829 1610 1900 γράφων,
1652 1831 1984 1902 Χριστιανὸν

405 1924 628 1978 ἔσεσθαι
674 1922 929 1994 ὑποδηλοῖ
984 1921 1274 1976 Ἰουλιανοῦ
1325 1922 1416 1976 τὸν
1449 1922 1690 1991 σφαγέα·
1751 1924 1882 1987 ἴσως
1926 1924 1984 1977 δὲ

403 2017 499 2070 καὶ
527 2015 745 2084 ἀληθές.
785 2017 860 2069 Οὐ
897 2014 1005 2086 γὰρ
1051 2015 1301 2078 ἀπεικὸς,
1338 2013 1459 2069 τινὰ
1492 2014 1601 2068 τῶν
1651 2015 1774 2068 τότε
1815 2032 1982 2086 στρα-

398 2108 710 2178 τευομένων
743 2109 823 2169 είς
850 2105 976 2161 νοῦν
1004 2105 1208 2170 λαϐεῖν,
1248 2106 1324 2169 ὡς
1361 2105 1622 2176 Ἕλληνες
1659 2106 1752 2159 καὶ
1783 2106 1982 2169 πάντες

402 2201 717 2270 ἄνθρωποι,
755 2198 918 2269 μέχρι
971 2197 1067 2252 νῦν
1112 2198 1238 2262 τοὺς
1297 2198 1464 2253 πάλαι
1524 2197 1982 2269 τυραννοκτόνους

401 2291 740 2358 ἐπαινοῦσιν,
768 2291 844 2355 ὡς
876 2291 1018 2360 ὑπὲρ
1059 2291 1160 2362 τῆς
1187 2289 1407 2344 πάντων
1433 2289 1747 2361 ἐλευθερίας
1785 2290 1980 2359 ἑλομέ-

401 2401 522 2447 νους
551 2382 861 2446 ἀποθανεῖν,
893 2383 986 2436 καὶ
1006 2381 1277 2446 πολίταις,
1306 2382 1339 2453 ἦ
1367 2382 1711 2451 συγγενέσιν,
1744 2381 1778 2452 ἢ
1804 2381 1978 2450 φίλοις

400 2475 696 2547 προθύμως
725 2475 1128 2546 ἐπαμύνοντας.
1180 2476 1350 2546 Σχολῇ
1391 2492 1454 2544 γε
1488 2474 1554 2528 ἄν
1592 2493 1677 2536 τις
1706 2474 1800 2528 καὶ
1828 2473 1978 2544 αὐτῷ

401 2565 713 2638 μέμψαιτοὶ
745 2606 760 2632 ,
816 2564 906 2619 διὰ
948 2565 1082 2619 Θεὸν
1123 2566 1219 2620 καὶ
1271 2565 1566 2638 θρησκείαν
1606 2565 1673 2636 ἢν
1715 2564 1978 2636 ἐπῄνεσεν

397 2659 628 2731 ἀνδρείῳ
673 2647 988 2729 γενομένῳ,
1030 2655 1172 2726 Ἐγὼ
1211 2655 1304 2720 δὲ,
1353 2657 1502 2719 ὅστις
1543 2657 1642 2727 μὲν
1681 2659 1746 2726 τῇ
1788 2658 1972 2727 σφαγῇ

394 2749 569 2821 ταύτῃ
622 2747 1018 2819 διηκονήσατο,
1079 2745 1221 2817 πλὴν
1281 2745 1391 2800 τῶν
1449 2745 1757 2816 εἰρημένων
1818 2745 1976 2798 οὐδὲν

396 2839 634 2919 ἀκριϐῶ.
678 2840 768 2904 Ὠς
798 2840 856 2892 δὲ
894 2837 1317 2908 συμφωνοῦντες
1367 2838 1417 2890 οί
1461 2836 1717 2905 λέγοντες
1762 2837 1974 2908 ἰσχυρί-

393 2935 599 2998 ζονται,
623 2931 859 3002 ἀψευδὴς
881 2930 1039 2998 λόγος
1063 2931 1143 2993 είς
1160 2930 1309 3001 ἡμᾶς
1331 2925 1487 3000 ἦλθε,
1514 2928 1656 2982 κατὰ
1679 2927 1974 2999 θεομηνίαν

395 3025 560 3080 αὐτὸν
584 3023 969 3094 ἀναιρεθῆναι.
1002 3022 1108 3075 Καὶ
1125 3021 1315 3075 τούτου
1341 3020 1633 3085 ἀπόδειξις,
1667 3019 1787 3074 θεία
1825 3020 1971 3090 ὄψις,

396 3115 464 3184 ἢν
529 3117 652 3171 τινά
703 3115 814 3169 τῶν
875 3115 1196 3187 ἐπιτηδείων
1255 3096 1414 3183 ἀὐτῷ
1470 3113 1600 3166 ἰδεῖν
1666 3111 1970 3184 ἐπυθόμην.

395 3208 629 3276 Λέγεται
672 3208 782 3279 γὰρ
805 3245 821 3272 ,
869 3206 1057 3277 ἐπειδὴ
1090 3205 1229 3278 πρὸς
1259 3204 1422 3259 αὐτὸν
1467 3205 1526 3258 ἐν
1572 3204 1812 3276 Πέρσαις
1844 3204 1974 3260 ὄντα

392 3301 690 3370 ἠπείγετο,
738 3299 796 3353 ἐν
833 3317 940 3352 τινι
973 3298 1160 3370 χωρίῳ
1211 3297 1512 3352 καταλῦσαι
1543 3297 1645 3368 τῆς
1670 3297 1970 3369 λεωφόρου,

394 3393 486 3446 καὶ
506 3391 716 3464 ἀπορίᾳ
739 3391 1036 3462 οἰκήματος
1075 3391 1134 3442 ἐν
1177 3392 1242 3460 τῇ
1273 3389 1460 3444 ἐνθάδε
1483 3388 1750 3460 ἐκκλησίᾳ
1772 3387 1961 3442 καθευ-

390 3483 555 3554 δῆσαι
578 3499 594 3513 ⁸
625 3483 722 3538 καὶ
759 3482 907 3554 ὕπαρ
938 3483 970 3554 ἢ
993 3484 1127 3554 ὖναρ
1158 3484 1309 3549 ἰδεῖν,
1336 3482 1412 3547 ὡς
1439 3485 1518 3547 είς
1545 3482 1744 3536 ταύτὸν
1783 3481 1969 3535 συνελ-

392 3576 579 3640 θόντες
619 3576 808 3630 ’πολλοὶ⁹
845 3576 955 3629 τῶν
984 3577 1298 3632 ἀποστόλων
1351 3579 1445 3629 καὶ
1489 3575 1600 3629 τῶν
1652 3573 1968 3656 προφητῶν,

392 3666 746 3738 ἀπωδύροντο
777 3665 876 3738 τὴν
904 3667 983 3730 είς
1009 3665 1109 3729 τὰς
1149 3663 1476 3732 Ἐκκλησίας
1514 3661 1609 3716 τοῦ
1641 3659 1972 3733 κρατοῦντος

391 3757 587 3830 ὕϐριν,
633 3758 728 3811 καὶ
759 3757 789 3810 ὅ
825 3773 880 3809 τι
915 3756 1024 3828 χρὴ
1055 3757 1230 3809 ποιεῖν
1269 3753 1632 3808 ἐϐουλεύοντο.
1678 3752 1801 3828 ῖΕπὶ
1835 3752 1970 3806 πολὺ

389 3851 446 3905 δὲ
473 3849 602 3921 περὶ
627 3848 821 3902 τούτου
852 3847 1306 3918 διαλογιζομένων
1339 3847 1432 3900 καὶ
1471 3845 1660 3915 ὥσπερ
1686 3844 1972 3916 διαπορου-

2019 1256 2068 1314 Δ

2743 1255 2900 1311 CAP.
2946 1257 3012 1311 ll.

2102 1365 2255 1430 Quod
2282 1364 2538 1420 Julianus
2569 1367 2746 1421 divina
2769 1368 2969 1423 ultione
3001 1379 3296 1438 peremptus
3331 1379 3444 1434 est;
3468 1371 3676 1438 etquod

2168 1452 2310 1490 mors
2342 1438 2456 1500 eius
2489 1439 2804 1506 quibusdam
2839 1439 3091 1492 divinitus
3128 1441 3355 1492 revelata
3389 1451 3486 1496 est.
3536 1438 3676 1495 Item

2163 1506 2228 1558 de
2267 1522 2515 1575 responso
2551 1507 2667 1574 illo,
2699 1509 2872 1578 ﬁlium
2900 1509 3041 1577 fabri
3076 1525 3258 1562 arcam
3281 1511 3328 1563 ei
3357 1511 3624 1579 fabricare
3653 1529 3673 1566 :

2159 1585 2208 1629 et
2245 1580 2846 1650 quomodo_sanguinem
2875 1597 3032 1633 suum
3074 1581 3289 1635 Christo
3318 1583 3540 1650 projecit
3567 1598 3587 1638 :
3620 1592 3674 1637 et

2158 1658 2283 1715 quot
2324 1647 2471 1701 mala
2508 1647 2766 1704 Romanis
2788 1651 3050 1704 evenerint
3083 1651 3231 1706 illius
3261 1647 3444 1707 causa.

2156 1822 2223 1877 Et
2257 1823 2522 1881 Libanius
2562 1826 2783 1896 quidem
2817 1829 2892 1882 ita
2938 1831 3190 1888 scribens
3237 1829 3444 1888 Juliani
3498 1835 3672 1889 inter-

2089 1914 2346 1971 fectorcm
2371 1916 2750 1973 Christianum
2783 1921 2958 1977 fuisse
2990 1922 3208 1989 innuit;
3239 1940 3437 1995 resque
3472 1925 3671 1981 fortas-

2086 2007 2164 2061 sis
2216 2008 2291 2060 ita
2332 2022 2392 2063 se
2443 2008 2629 2065 habet.
2681 2009 2868 2080 Neque
2911 2015 3062 2067 enim
3115 2030 3146 2068 a
3194 2031 3327 2070 vero
3379 2017 3668 2084 abhorret,

2084 2098 2397 2168 quempiam
2442 2115 2634 2155 eorum
2665 2103 2759 2172 qui
2822 2111 2957 2158 tunc
3005 2106 3276 2176 temporis
3320 2107 3375 2161 in
3421 2109 3669 2163 exercitu

2081 2186 2335 2244 Romano
2366 2191 2701 2258 militabant,
2740 2194 2796 2248 in
2841 2197 3026 2250 animo
3055 2206 3362 2268 reputasse,
3402 2208 3669 2271 tyranno-

2082 2296 2204 2336 rum
2248 2283 2631 2341 interfectores
2673 2295 2784 2341 tum
2821 2301 2849 2340 a
2883 2290 3168 2346 veteribus
3203 2289 3435 2356 Cra-cis,
3481 2300 3596 2348 tum
3634 2307 3667 2346 a

2082 2372 2312 2441 reliquis
2347 2375 2676 2429 mortalibus
2699 2375 2765 2428 ad
2790 2385 3038 2432 nostram
3069 2395 3246 2450 usque
3279 2389 3495 2436 aetatem
3526 2397 3669 2438 sum-

2081 2466 2188 2519 mis
2224 2465 2490 2521 laudibus
2523 2467 2726 2534 efferri,
2769 2478 2829 2523 ut
2867 2473 2957 2541 qui
2984 2488 3084 2543 pro
3111 2477 3388 2529 communi
3416 2479 3663 2532 omnium

2083 2556 2359 2619 libertate,
2396 2565 2631 2614 mortem
2663 2570 2930 2632 oppetere
2972 2579 3083 2619 non
3121 2564 3449 2634 dubitarint,
3490 2578 3544 2625 et
3583 2573 3665 2625 ei-

2082 2647 2242 2702 vibus
2260 2647 2377 2703 suis
2407 2655 2462 2702 et
2491 2650 2820 2722 propinquis
2850 2661 3014 2725 atque
3048 2655 3245 2711 amicis
3282 2657 3451 2713 alacri
3479 2660 3665 2714 animo

2081 2737 2331 2807 Opitulati
2363 2738 2495 2794 sint.
2534 2738 2706 2796 Nemo
2744 2750 2899 2798 certe
2941 2759 3070 2797 eum
3105 2744 3265 2800 facile
3291 2748 3666 2817 reprehende-

2083 2829 2178 2895 rit,
2217 2830 2310 2899 qui
2342 2841 2570 2902 propter
2602 2832 2795 2899 Deum,
2834 2845 2888 2890 et
2927 2844 3152 2907 propter
3173 2852 3294 2893 eam
3322 2855 3488 2909 quam
3523 2841 3664 2898 cole-

2081 2919 2176 2975 bat
2209 2923 2550 2994 religionem,
2586 2933 2875 2982 strenuum
2918 2927 3135 2985 facinus
3161 2930 3352 2985 edidit.
3386 2930 3499 3002 Ego
3531 2948 3662 2989 vero

2081 3011 2151 3068 de
2202 3013 2297 3068 illo
2349 3016 2442 3084 qui
2505 3016 2647 3071 hanc
2670 3017 2872 3072 caadem
2930 3021 3286 3089 perpetravit,
3345 3031 3546 3092 prteter
3595 3041 3661 3080 ea

2080 3118 2203 3174 quae
2231 3103 2342 3172 jam
2381 3105 2518 3169 dixi,
2554 3107 2692 3162 nihil
2718 3110 2958 3179 amplius
2987 3112 3123 3166 scio.
3154 3111 3356 3167 Verum
3387 3121 3446 3168 ut
3470 3130 3662 3172 omnes

2081 3210 2192 3250 uno
2221 3210 2496 3252 consensu
2529 3196 2822 3263 afﬁrmant,
2858 3216 2985 3255 vera
3014 3201 3083 3255 ad
3116 3218 3219 3257 nos
3251 3205 3500 3273 pervenit
3530 3221 3662 3260 nar-

2081 3289 2248 3352 ratio,
2274 3303 2400 3344 eum
2433 3288 2621 3344 divina
2645 3290 2854 3347 ultione
2885 3302 3228 3366 peremptum
3255 3297 3427 3356 fuisse
3454 3317 3469 3366 ;
3500 3302 3662 3372 cujus

2080 3379 2159 3435 rei
2184 3388 2568 3450 argumentum
2603 3389 2690 3438 est
2713 3383 2956 3440 caelestis
2989 3386 3148 3453 visio,
3175 3403 3342 3457 quam
3369 3406 3398 3443 a
3421 3392 3658 3462 quodam

2079 3485 2146 3524 ex
2179 3471 2302 3540 ejus
2335 3471 2704 3529 familiaribus
2733 3474 2910 3530 visam
2942 3491 3069 3533 esse
3103 3479 3314 3549 accepi.
3361 3480 3494 3536 Nam
3530 3499 3656 3539 cum

2081 3562 2130 3617 is
2166 3562 2236 3616 ad
2275 3563 2425 3617 illum
2468 3571 2601 3618 tunc
2642 3565 2696 3618 in
2731 3563 2958 3622 Perside
2991 3578 3241 3639 agentem
3275 3573 3655 3644 contenderet,
3699 3601 3702 3603 ·

2079 3651 2135 3706 in
2164 3652 2287 3706 loco
2319 3653 2556 3722 quodam
2585 3654 2687 3708 vite
2722 3657 2957 3724 publicae
2999 3657 3312 3717 diversatus
3361 3679 3486 3720 esse
3520 3665 3658 3722 dici-

2079 3751 2190 3808 tur,
2221 3751 2278 3799 et
2302 3745 2531 3814 penuria
2579 3747 2711 3802 tecti
2755 3748 2811 3803 in
2841 3750 3077 3805 ecclesia
3115 3751 3231 3808 illic
3259 3755 3442 3825 posita
3487 3757 3658 3815 decu-

2079 3835 2288 3901 buisse,
2334 3849 2399 3890 ac
2439 3837 2554 3894 sive
2589 3838 2736 3894 inter
2775 3840 3140 3912 vigilandum,
3176 3845 3294 3903 sive
3337 3847 3396 3904 in
3444 3852 3656 3909 somnis

393 3944 571 4015 μένων
594 3982 609 4004 ,
661 3943 995 4005 ἀναστάντες
1045 3942 1112 3994 ἐκ
1166 3940 1348 4010 μέσων
1394 3937 1525 4004 δύο,
1579 3936 1806 4009 θαρρεῖν
1856 3938 1971 4000 τοῖς

2082 3927 2277 3983 vidisse
2303 3929 2490 3999 plures
2519 3933 2803 4002 apostolos
2834 3948 2898 3988 ac
2917 3937 3236 4006 prophetas,
3267 3943 3364 4010 qui
3396 3941 3454 3996 in
3483 3959 3653 3999 unum

387 4035 569 4098 ἀλλοις
611 4033 1108 4104 παρεκελεύσαντοο
1153 4029 1353 4098 καὶ-ὡς
1383 4028 1476 4082 ἐπὶ
1518 4027 1836 4101 καθαιρέσει
1867 4027 1967 4098 τῆς

401 4128 690 4183 Ἰουλιανοῦ
735 4128 912 4198 ἀρχῆς
958 4126 1267 4198 ὁρμῶντες,
1320 4123 1521 4195 σπουδῇ
1562 4123 1652 4177 τὸν
1709 4123 1968 4191 σύλλογον

391 4222 681 4275 κατέλιπον
700 4262 713 4275 .
732 4219 792 4273 '0
818 4221 874 4273 δὲ
899 4220 994 4275 ἀνθ
1003 4234 1185 4290 ρωπος
1212 4217 1272 4281 ὃς
1295 4217 1403 4271 τῶν
1426 4217 1742 4288 παραδόξων
1759 4216 1967 4270 τούτων

386 4313 633 4383 ἐγεγόνει
654 4311 874 4382 θεατὴς,
897 4311 995 4382 τῆς
1015 4311 1114 4383 μὲν
1134 4309 1444 4382 ὁδοιπορίας
1459 4309 1730 4381 ὠλιγώρει
1746 4308 1930 4363 λοιπόν
1948 4324 1962 4338 ·

387 4405 642 4478 ὀρῤωδῶν
668 4405 727 4458 δὲ
764 4404 843 4475 πῆ
871 4404 978 4476 ἀρα
1023 4403 1318 4475 ἐκϐήσεται
1355 4401 1417 4455 τὸ
1460 4401 1616 4464 τέλος
1653 4401 1754 4469 τῆς
1786 4399 1966 4453 τοιοιύ⁹

388 4515 486 4567 της
513 4497 711 4566 ὅψεως,
748 4497 910 4552 πάλιν
948 4497 1138 4551 ἐνθάδε
1181 4494 1481 4555 καθεύδων,
1511 4493 1602 4546 τὸν
1642 4492 1803 4546 αὑτὸν
1838 4492 1965 4545 ίδείν

392 4589 679 4659 σύλλογον,
722 4591 984 4662 ἐξαπίνης
1021 4608 1080 4643 τε
1126 4589 1202 4652 ὡς
1237 4589 1348 4642 ἀπὸ
1389 4586 1506 4641 όδοῦ
1551 4585 1965 4656 εἰσεληλυθότας

386 4681 437 4733 οἳ
486 4683 550 4751 τῇ
609 4682 910 4752 προτεραίᾳ.
969 4680 1127 4734 νυκτὶ
1173 4679 1615 4750 ἐπεστράτευσαν
1669 4675 1964 4745 Ἰουλιανῷ,

388 4766 480 4820 καὶ
512 4767 830 4836 ἀναγγεῖλαι
862 4771 974 4831 τοῖς
1003 4768 1203 4833 ἄλλοις,
1233 4766 1537 4839 ἀνῃρῆσθαι
1572 4764 1780 4819 τοῦτον.
1825 4766 1964 4818 Κατ’

386 4858 603 4928 ἐκείνην
635 4858 693 4910 δὲ
721 4857 818 4928 τὴν
843 4859 1054 4932 ἡμέραν
1080 4859 1176 4912 καὶ
1202 4859 1432 4928 Δίδυμος
1456 4860 1484 4911 ὁ
1504 4857 1964 4927 ἐκκλησιαστικὸς

388 4948 678 5018 φιλόσοφος
709 4951 766 5002 ἐν
807 4949 1187 5020 Ἀλεξανδρείᾳ
1242 4950 1558 5017 διατρίϐων,
1606 4939 1697 5003 οἷά
1752 4967 1815 5018 γε
1867 4950 1963 5002 τοῦ

389 5039 654 5108 βασιλέως
679 5043 758 5104 είς
777 5041 875 5112 τὴν
898 5041 1192 5112 θρησκείαν
1221 5041 1625 5110 διασφαλέντος,
1665 5040 1964 5112 περίλυπος

385 5131 483 5200 ὣν,
512 5132 600 5186 διὰ
627 5150 686 5186 τε
708 5133 867 5186 αὑτὸν
892 5133 966 5198 ὡς
994 5134 1428 5206 πεπλανημένον,
1455 5135 1547 5186 καὶ
1569 5134 1656 5188 διὰ
1678 5135 1776 5205 τὴν
1802 5152 1964 5190 κατα-

387 5225 650 5296 φρόνησιν
713 5225 822 5278 τῶν
884 5225 1258 5296 Ἐκκλησιῶν,
1306 5225 1561 5297 ἐνήστευέ
1603 5243 1664 5279 τε
1728 5228 1820 5280 καὶ
1871 5226 1962 5282 τὸν

2075 4020 2490 4090 convenientes,
2525 4022 2594 4077 de
2627 4025 2900 4095 principis
2941 4027 2997 4081 in
3025 4029 3288 4086 ecclesias
3317 4035 3653 4090 contumelia

2075 4119 2464 4180 quererentur,
2504 4123 2559 4168 et
2591 4115 2858 4184 quidnam
2889 4118 3160 4188 agendum
3189 4130 3337 4178 esset
3378 4124 3650 4182 delibera-

2075 4212 2216 4259 rent.
2250 4203 2498 4276 Cumque
2529 4207 2632 4260 hac
2671 4208 2741 4262 de
2776 4223 2834 4263 re
2878 4209 3089 4267 diutius
3119 4215 3545 4281 consultassent,
3585 4234 3652 4276 ac

2074 4294 2242 4350 veluti
2279 4294 2549 4363 ancipites
2579 4295 2873 4362 haererent,
2915 4298 3028 4354 duo
3065 4316 3096 4356 e
3131 4301 3312 4358 medio
3339 4315 3648 4376 surgentes,

2073 4387 2315 4457 reliquos
2347 4387 2491 4442 bono
2521 4389 2708 4444 animo
2738 4405 2860 4446 esse
2907 4393 3198 4462 jusserunt
3230 4414 3244 4451 :
3296 4406 3350 4454 et
3388 4406 3650 4471 tanquam

2073 4479 2140 4534 ad
2177 4479 2470 4536 delendum
2503 4479 2707 4536 Iuliani
2762 4483 3049 4554 imperium
3085 4487 3430 4555 festinantes,
3463 4493 3650 4548 statim

2072 4588 2102 4627 e
2132 4573 2371 4627 concilio
2407 4573 2646 4643 digressi
2686 4584 2836 4632 sunt.
2866 4577 2934 4630 At
2973 4579 3065 4634 ille
3096 4581 3188 4650 qui
3220 4597 3308 4637 res
3335 4589 3442 4636 tam
3475 4584 3650 4639 admi—

2072 4665 2275 4721 rabilcs
2307 4665 2542 4731 viderat,
2565 4675 2805 4737 emptum
2833 4669 3053 4739 quidem
3095 4671 3200 4728 iter
3233 4674 3492 4745 deinceps
3519 4691 3648 4746 pro-

2072 4759 2225 4829 sequi
2255 4760 2496 4831 neglexit
2528 4778 2541 4814 :
2573 4759 2877 4817 formidans
2903 4770 3086 4818 autem
3113 4781 3406 4836 quemnam
3439 4770 3648 4824 exitum

2072 4853 2331 4908 habitura
2384 4863 2533 4909 esset
2583 4855 2702 4909 haac
2730 4856 2892 4920 visio,
2949 4872 3073 4912 cum
3120 4860 3310 4915 eodem
3354 4877 3546 4920 rursus
3593 4865 3649 4918 in

2072 4948 2194 5002 loco
2223 4963 2475 5002 somnum
2501 4948 2758 5017 cepisset,
2789 4949 3038 5004 eumdem
3067 4968 3228 5022 quem
3262 4955 3415 5023 prius
3445 4966 3647 5011 caelum

2070 5039 2272 5094 vidisse
2303 5038 2535 5104 dicitur,
2576 5055 2640 5094 ac
2671 5049 2896 5110 repente
2922 5043 3060 5098 duos
3085 5045 3210 5100 illos
3239 5046 3330 5116 qui
3363 5049 3648 5117 superiore

2070 5139 2231 5186 nocte
2262 5132 2528 5187 adversus
2573 5131 2851 5188 lulianum
2891 5134 3122 5204 profecti
3169 5147 3350 5206 erant,
3397 5141 3546 5194 velut
3577 5139 3647 5192 ab

2069 5223 2424 5292 expeditione
2453 5224 2771 5288 redeuntes,
2796 5226 2851 5280 in
2869 5228 3166 5284 concilium
3193 5231 3473 5300 ingressos
3497 5243 3641 5294 esse,

384 5315 518 5370 Θεὸν
547 5319 676 5389 περὶ⁵
716 5319 906 5372 τούτου
960 5319 1218 5373 ἱκέτευεν.
1265 5318 1404 5370 Ὑπὸ
1439 5317 1496 5370 δὲ
1532 5320 1633 5388 τῆς
1668 5319 1962 5390 μερίμνης,

2082 5317 2301 5387 ejusque
2329 5331 2520 5372 necem
2569 5317 2797 5387 reliquis
2840 5320 3142 5376 nuntiasse.
3186 5319 3386 5376 Eodem
3423 5321 3512 5375 die
3552 5320 3640 5372 Di-

1564 5495 1923 5553 VARIORUM
1968 5492 2525 5550 ANNOTATIONES.

2060 5610 2579 5682 νοκτὸνονυηίιινιοηι
2615 5612 2905 5682 probasse,
2945 5613 3036 5681 qui
3067 5610 3264 5682 ducem
3295 5624 3477 5682 suum,
3519 5616 3643 5677 post

383 5699 496 5739 cra:
526 5678 720 5738 litteraé
752 5678 871 5739 tale
900 5678 1115 5741 facinus
1165 5701 1274 5740 non
1307 5678 1468 5738 modo
1488 5678 1950 5754 'reprehendunt,
2061 5681 2220 5754 fidem
2257 5681 2480 5754 militari
2512 5678 2869 5754 sacramento
2890 5683 2940 5736 ei
2962 5678 3431 5754 'ohstrictam,_ob
3455 5694 3646 5754 quem-

385 5756 482 5809 scd
511 5754 836 5825 gravissime
865 5754 1208 5811 detestantur
1241 5769 1483 5825 orcoque
1507 5749 1798 5809 devovent.
1843 5751 1953 5806 Nec
2060 5752 2145 5803 vis
2193 5751 2477 5819 religionis
2513 5751 2596 5808 vel
2634 5752 2907 5806 libertatis
2937 5749 3285 5822 praetextum,
3336 5749 3643 5806 interficere

387 5824 547 5880 facile
578 5826 860 5881 crederem
918 5826 998 5880 vel
1032 5837 1239 5882 veteres
1272 5824 1493 5881 Graecos
1545 5826 1708 5880 talem
1756 5840 1956 5894 τυραν-
2062 5837 2232 5876 ausus
2263 5830 2432 5875 esset.

461 5613 479 5663 l
516 5617 561 5669 Σ
566 5611 722 5682 χολῇ
745 5630 809 5683 γε
849 5614 924 5667 ἄν
954 5631 1045 5681 τις
1083 5615 1182 5668 καὶ
1219 5612 1380 5680 αὐτῷ
1414 5613 1736 5684 μέμψαιτο.
1768 5613 1837 5684 At
1860 5627 1952 5668 sa-
