4040 6216
575 317 721 375 ΐιὶθδ

2033 316 2380 374 SOZOMENI

3649 326 3754 382 {9.96

579 441 778 507 dymus
805 445 1024 502 quoque
1069 431 1479 490 ecclesiasticus
1521 432 1881 505 philosophus
1916 433 2152 488 Alexan-

2183 437 2227 492 Α
2253 431 2370 484 οὐδὲ
2421 433 2518 502 τῆς
2572 433 2762 496 νυκτὸς
2796 432 3187 502 ἐπιγενομένης
3236 433 3539 502 μεταλαδὼν
3571 439 3751 509 τροφῆς.

577 527 714 582 dria:
743 523 970 594 degens,
1003 539 1153 592 cum,
1176 535 1366 595 utpote
1404 527 1735 597 imperatore
1773 525 2040 580 adversus
2071 539 2157 579 rce

580 618 838 687 ligionem
878 623 1164 684 peccante,
1217 616 1552 685 gravissimo
1587 616 1784 670 dolore
1826 614 2152 678 adiceretur,

578 717 692 762 tum
725 715 947 776 propter
979 706 1156 774 ipsum
1187 721 1328 760 vano
1357 721 1547 761 errore
1587 706 1901 774 deceptum,
1945 713 2057 757 tum
2084 703 2155 758 ob

577 796 967 851 coritumeliam
1002 794 1400 862 Ecclesiarum,
1443 795 1672 865 jejuniis
1711 802 1766 850 et
1809 794 2154 848 orationibus

581 887 833 940 vacabat.
865 884 1114 954 Cumque
1147 900 1257 955 prae
1306 886 1471 938 nimia
1504 885 1896 948 sollicitudine,
1951 899 2019 937 ne
2062 898 2154 937 su-

577 978 930 1047 perveniente
957 977 1179 1047 quidem
1208 978 1370 1047 220
1403 988 1562 1032 nocte
1594 977 1778 1031 cibum
1805 976 2148 1047 sumpsisset,

577 1074 631 1127 in
661 1069 1136 1127 eathcdra'sedens
1155 1085 1347 1124 somno
1373 1084 1664 1140 oppressus
1689 1077 1770 1123 est
1793 1085 1807 1134 ;
1836 1082 1899 1122 ac
1918 1069 2066 1122 velut
2096 1067 2152 1120 in

574 1165 774 1219 mentis
790 1178 1020 1219 excessu
1060 1162 1290 1231 positus,
1324 1176 1496 1230 equos
1533 1160 1801 1214 candidos
1830 1175 1924 1229 per
1971 1173 2148 1212 aerem

575 1255 948 1310 discurrentes
970 1254 1151 1308 videre
1173 1252 1274 1306 sibi
1298 1254 1452 1306 visus
1468 1261 1572 1315 est,
1587 1252 1844 1321 virosque
1866 1251 1998 1321 ipsis
2021 1249 2152 1304 insi-

573 1348 792 1412 dentes,
818 1345 890 1400 ita
913 1344 1216 1400 clamantes
1247 1342 1469 1396 audire:
1493 1341 1753 1396 Nuntiate
1777 1339 2026 1412 Didymo,
2054 1339 2150 1392 ho-

573 1439 661 1493 die
676 1436 951 1492 Iulianum
981 1436 1083 1489 hac
1115 1434 1231 1504 ipsa
1260 1433 1394 1486 hora
1413 1441 1753 1502 peremptum
1787 1446 1911 1486 esse
1943 1453 1955 1487 ;
1988 1429 2152 1499 idque

563 1531 670 1585 ille
692 1528 995 1583 Athanasio
1031 1525 1294 1596 episcopo
1321 1524 1608 1594 signiticet,
1639 1532 1692 1577 et
1720 1538 1950 1593 surgens
1967 1533 2149 1577 come-

571 1620 686 1675 dat.
710 1618 774 1672 Et
796 1620 906 1673 lucc
921 1615 1137 1688 quidem
1164 1622 1276 1668 tum
1293 1613 1591 1667 afamiliari
1609 1611 1834 1677 Juliani,
1862 1620 1978 1666 tum
1999 1627 2028 1665 a
2056 1611 2147 1664 Di-

569 1714 730 1783 dymo
759 1710 1084 1783 philosopho
1104 1709 1219 1764 visa
1239 1706 1407 1762 fuisse
1439 1707 1647 1776 accepi.
1668 1705 1730 1759 Et
1747 1715 1934 1760 neuter
1950 1719 2144 1760 eorum

2258 523 2349 575 ἐπὶ
2375 522 2564 594 θρόνου
2615 523 2995 594 καθεζόμενος,
3045 525 3123 586 εἰς
3163 522 3330 578 ὕπνον
3361 525 3568 595 ἠνέχθη.
3595 529 3756 593 Καὶὼς

2257 615 2314 667 ὲν
2340 615 2596 668 ἐκστάσει
2640 615 2896 684 γεγονὼς,
2923 615 3098 681 ἔδοξεν
3127 616 3261 686 δρᾷν
3291 617 3482 678 ἵππους
3510 617 3700 682 λευκοὺς
3715 623 3756 672 ὲν

2254 705 2332 775 τῷ
2360 706 2484 777 ἀέρι
2509 706 2890 775 διατρέχοντας
2913 721 2925 736 ’
2956 705 3080 767 τοὺς
3099 704 3153 757 δὲ
3179 705 3266 758 ἐπ’
3291 706 3464 758 αὐτῶν
3490 705 3756 777 ὀχουμένους

2255 797 2545 868 κηρύττειν
2569 814 2582 827 ο
2602 796 2915 865 Ἀγγείλατε
2951 796 3170 867 Διδύμῳ
3190 838 3205 864 ,
3247 798 3477 867 σήμερον
3506 802 3617 869 περὶ
3638 802 3758 870 τήνδε

2253 891 2351 961 τὴν
2385 889 2536 962 ὥραν
2578 888 2861 942 Ἰουλιανὸν
2892 889 3200 961 ἀνῃρῆσθαι
3223 907 3236 920 ’
3277 891 3371 942 καὶ
3412 890 3676 961 Ἀθανασῐῳ
3700 892 3758 962 τῷ

2253 981 2533 1051 ὲπισκόπῳ
2549 979 2704 1033 τοῦτο
2722 980 3033 1051 μηνυσάτωο
3054 981 3150 1035 καὶ⁵
3175 982 3408 1046 ἀναστὰς
3445 983 3640 1035 ἐστιέτω
3656 984 3755 1052 (Μ).

2253 1071 2362 1123 Καὶ
2397 1069 2433 1123 ἃ
2479 1071 2576 1140 μὲν
2609 1068 2859 1122 τεθέαται
2897 1071 2924 1122 ὃ
2965 1088 3024 1122 τε
3069 1071 3356 1125 Ἰουλιανοῦ
3387 1073 3601 1136 οἰκεῖος,
3643 1075 3755 1126 καὶό

2255 1163 2544 1231 φιλόσοφος
2566 1201 2582 1226 ,
2614 1156 2717 1216 ὦδε
2758 1162 3010 1231 γενέσθαι
3052 1163 3355 1235 ἐπυθόμην.
3407 1165 3510 1217 Καὶ
3532 1164 3756 1236 οὐδέτερος

2253 1256 2310 1306 ἐν
2339 1249 2418 1317 οἷς
2433 1253 2680 1319 τεθέατο,
2703 1253 2803 1323 τῆς
2825 1254 3082 1323 ἀληθείας
3106 1255 3420 1329 διήμαρτεν,
3459 1256 3527 1319 ὡς
3561 1257 3754 1327 ἐμηνύθη

2253 1342 2506 1413 ὕστερον.
2539 1338 2609 1414 ’ᾫ
2639 1343 2694 1397 δὲ
2731 1345 2900 1399 ταῦτα
2944 1345 3046 1399 οὐκ
3088 1347 3252 1416 ἀρκεῖ
3288 1348 3369 1410 εἰς
3411 1347 3651 1413 ἀπόδειξιν
3683 1348 3754 1400 τοῦ

2251 1434 2436 1488 θεόθεν
2495 1436 2655 1489 αὐτὸν
2710 1436 3102 1509 ἀναιρεθῆναι,
3165 1437 3242 1501 ὡς
3287 1440 3403 1502 ταῖς
3467 1438 3752 1507 Ἐκχλησίαις

2251 1525 2414 1579 αὑτοῦ
2461 1526 2856 1598 λυμαινόμενον
2879 1569 2893 1594 ,
2951 1529 3046 1581 καὶ
3073 1529 3178 1600 τὴν
3209 1530 3533 1600 προφητείαν
3564 1531 3633 1592 εἰς
3661 1529 3752 1582 νοῦν

2250 1617 2518 1688 λαμϐάνει
2581 1618 2647 1689 ἣν
2701 1620 3157 1690 ὲκκλησιαστικδς
3212 1621 3351 1692 ἀνὴρ
3418 1622 3746 1692 προηγόρευσε.

2251 1709 2552 1773 Μέλλοντος
2593 1710 2699 1781 γὰρ
2735 1710 2900 1764 αὐτοῦ
2953 1712 3047 1764 ἐπὶ
3090 1711 3310 1783 Πέρσας
3341 1712 3653 1783 στρατεύειν,
3683 1713 3750 1764 καὶ

570 1806 626 1858 in
653 1804 853 1874 iisquae
870 1801 1103 1865 viderat,
1124 1815 1152 1853 a
1173 1813 1303 1853 vero
1322 1797 1618 1860 aberravit,
1653 1795 1814 1852 sicuti
1839 1803 2029 1866 postea
2056 1809 2150 1866 pa»

2180 1777 2222 1832 Β
2255 1800 2394 1871 μετὰ
2421 1799 2510 1854 τὸν
2551 1777 2786 1874 πόλεμον
2840 1803 3024 1867 κακῶς
3071 1777 3330 1875 ποιησειν
3359 1777 3456 1868 τάς
3491 1803 3746 1874 Ἐκκληςίας

569 1895 833 1949 tefactum
871 1904 974 1949 est.
1008 1891 1160 1959 Quod
1193 1889 1238 1945 si
1274 1889 1508 1959 cuipiam
1532 1887 1648 1941 hanc
1680 1903 1872 1958 parum
1905 1885 2149 1943 sufﬁcere

502 1965 509 1972 ’
561 1984 827 2038 videntur
857 1984 922 2038 ad
951 1982 1376 2047 ostendendum,
1406 1977 1687 2034 lulianum
1731 1978 1939 2032 ultione
1962 1977 2147 2032 divina

564 2075 925 2130 interfectum
957 2088 1104 2137 esse,
1140 2083 1361 2142 propter
1383 2088 1444 2127 ea
1464 2070 1606 2142 quod
1629 2067 1904 2122 Ecclesias
1936 2066 2029 2122 Dei
2053 2067 2148 2122 de-

567 2169 838 2226 vastarct,
877 2163 924 2217 is
973 2162 1028 2216 in
1065 2163 1306 2216 animum
1355 2168 1573 2215 revocet
1614 2156 2022 2230 praedictionem
2062 2171 2147 2213 ee-

569 2257 875 2314 clesiastici
916 2256 1200 2327 cujusdam
1233 2255 1360 2309 viri.
1413 2252 1547 2307 Nam
1594 2267 1719 2308 cum
1754 2249 2006 2305 Julianus
2051 2253 2147 2305 ad-

569 2365 770 2405 versus
822 2348 1018 2404 Persas
1047 2344 1448 2416 expeditionem
1494 2352 1732 2414 pararet,
1785 2358 1960 2414 eoque
2002 2342 2145 2397 bello

575 2439 832 2495 confecto
885 2438 1234 2495 Christianos
1278 2436 1418 2492 male
1463 2435 1815 2490 multaturum
1861 2449 1920 2489 se
1968 2434 2141 2487 mina-

569 2544 739 2597 retur,
771 2546 833 2586 ac
863 2530 1270 2602 pet-ludibrium
1304 2529 1532 2594 diceret,
1566 2527 1734 2582 ﬁlium
1767 2527 1903 2581 fabri
1935 2525 2142 2579 nullam

568 2624 707 2695 ipsis
739 2639 896 2695 opem
945 2621 1141 2679 aﬂ‘erre
1184 2621 1517 2685 valiturum;
1560 2619 1899 2690 respondens
1932 2619 2022 2673 ille
2069 2620 2141 2671 ita

567 2717 824 2787 praedixit
858 2715 1004 2772 :'|ste
1035 2713 1172 2770 fabri
1221 2712 1365 2768 {ilius
1394 2726 1577 2766 arcam
1621 2711 1670 2767 ei
1721 2710 1955 2782 ligneam
1990 2715 2143 2778 parat

567 2808 633 2861 ad
665 2809 956 2862 tumulum.
987 2804 1092 2861 Sed
1135 2813 1189 2860 et
1241 2803 1358 2873 ipse
1381 2812 1606 2872 accepto
1643 2801 1861 2857 demum
1891 2801 2138 2864 vulnere,

568 2901 915 2969 aliquatenus
955 2895 1224 2951 intellexit
1268 2909 1298 2948 a
1330 2907 1439 2964 quo
1484 2893 1645 2948 laesus
1686 2891 1887 2955 fuerat,
1923 2906 2022 2946 nec
2047 2905 2138 2945 ca-

564 2990 828 3044 lamitatis
858 3004 972 3044 suze
1004 3002 1224 3041 causam
1259 2986 1475 3054 penitus
1519 2984 1812 3054 ignoravit.
1842 2982 1976 3036 Nam
2013 2997 2136 3037 cum

2249 1889 2671 1954 ὲπαπειλοῦντος
2691 1931 2705 1952 ,
2752 1891 2847 1943 καὶ
2886 1890 3323 1956 ἐπιτωθὰζοντος
3354 1894 3427 1954 ὠς
3456 1893 3590 1945 οὐδὲν
3613 1892 3747 1951 αὐτοῖς

2248 1974 2549 2044 ἐπαμύνειν
2581 1976 2869 2047 δυνήσεται
2903 1979 2932 2030 ὁ
2954 1977 3046 2030 τοῦ
3081 1979 3336 2043 τέκτονος
3365 1979 3492 2043 υίός’
3517 1979 3599 2031 ὡδὶ
3619 1977 3744 2044 λέγων

2247 2067 2588 2137 ἀπεφήνατο·
2657 2062 2826 2132 Οὗτος
2870 2069 2926 2121 δὲ
2966 2071 2994 2122 ὁ
3045 2068 3143 2124 τοῦ
3196 2071 3440 2134 τέκτονος
3476 2068 3578 2132 υίδς
3618 2068 3742 2138 θήκην

2247 2157 2395 2229 αὺτῷ
2429 2158 2646 2231 ξυλίνην
2698 2160 2834 2232 πρὸς
2878 2160 3105 2215 θάνατον
3134 2163 3554 2226 κατασκευάζειο
3584 2161 3634 2213 οὑ
3668 2159 3741 2229 μὴν

2246 2250 2380 2303 ἀλλὰ
2401 2251 2494 2304 καὶ
2517 2251 2679 2315 αὐτὸς
2704 2251 2845 2321 μετὰ
2864 2252 2960 2322 τὴν
2985 2252 3206 2326 πληγὴν
3229 2253 3557 2325 ἀμωσγέπως
3570 2252 3740 2320 συνῆκεν

2244 2340 2364 2395 ὅθεν
2387 2341 2613 2411 ὲὸλάδη,
2642 2343 2735 2395 καὶ
2758 2345 2817 2396 τὸ
2839 2342 3008 2396 αἴτιον
3033 2345 3132 2415 τῆς
3158 2347 3438 2416 συμφορᾶς
3455 2345 3510 2397 οὐ
3532 2340 3740 2403 παντελῶς

2245 2431 2499 2504 ἠγνόησε.
2556 2433 2789 2502 Λέγεται
2845 2433 2952 2503 γὰρ
3007 2435 3097 2488 ὅτε
3139 2437 3388 2509 ἐτρώθη,
3419 2433 3542 2507 αἷμα
3583 2439 3634 2488 ἐκ
3670 2435 3737 2502 τῆς

2243 2521 2473 2593 ὠτειλῆς
2505 2522 2872 2594 ἀρυσάμενος,
2924 2525 3005 2588 εἰς
3032 2525 3124 2578 τὸν
3177 2526 3368 2598 αἰθέρα
3395 2525 3652 2587 ἀκοντίσαι,
3677 2516 3738 2573 οἷά

2242 2627 2306 2680 γε
2341 2612 2476 2683 πρὸς
2521 2613 2844 2681 φαινόμενον
2876 2613 2968 2666 τὸν
2998 2614 3239 2686 Χριστὸν
3290 2617 3512 2687 ἀφορῶν,
3558 2614 3635 2667 καὶ
3667 2610 3734 2678 τῆς

2246 2703 2381 2767 ἰδίας
2412 2704 2627 2773 σφαγῆς
2655 2704 2815 2758 αὑτὸν
2845 2705 3271 2778 ἐπαιτιώμενος.
3311 2709 3371 2763 Oi
3401 2709 3454 2761 δέ
3485 2723 3649 2776 φασιν,
3684 2703 3735 2763 ὡς

2242 2795 2380 2866 πρὸς
2399 2794 2490 2847 τὸν
2519 2794 2671 2866 ⁴ἥλιον
2698 2795 3022 2864 ἀγανακτῶν
3045 2797 3093 2861 Ιί,
3120 2799 3212 2853 ὅτι
3250 2799 3473 2870 Πέρσαις
3499 2799 3732 2867 ἐπήμυνεν,

2241 2884 2274 2956 ἥ
2302 2885 2465 2939 αὑτὸν
2497 2886 2558 2938 οὐ
2589 2885 2865 2950 διέσωσεν,
2907 2886 3102 2960 ἔφορος
3132 2888 3215 2943 ὢν
3237 2891 3332 2960 τῆς
3360 2888 3510 2943 αὐτοῦ
3535 2885 3731 2956 γενέσεως

2241 2979 2384 3033 κατά
2417 2997 2540 3033 τινα
2572 2978 2825 3052 τοιαύτην
2856 2982 3265 3057 ἁστρονομικὴν
3299 2983 3537 3055 ἱστορίαν,
3555 2984 3607 3050 τῇ
3629 2976 3730 3048 χειρὶ

562 3079 885 3132 vulneratus
919 3084 1082 3138 esset,
1119 3076 1377 3129 haustum
1423 3089 1454 3128 e
1490 3075 1733 3129 vulnere.
1758 3089 1857 3128 suo
1883 3087 2131 3127 cruorem

2161 3109 2202 3166 Ο
2243 3067 2303 3121 τὸ
2339 3063 2478 3139 αἷμα
2519 3068 2825 3136 ἐπιδείξας,
2867 3071 2946 3134 εἰς
2979 3071 3069 3124 τὸν
3119 3073 3264 3145 ἀέρα
3309 3075 3580 3143 ἡκόντισεν.
3615 3068 3662 3120 Εἰ
3692 3064 3730 3115 δὲ

561 3171 619 3223 in
650 3168 848 3223 caelum
874 3167 1169 3236 projecisse
1200 3165 1425 3228 dicitur,
1462 3165 1607 3218 velut
1638 3163 1691 3217 in
1725 3162 2005 3218 Christum
2027 3163 2131 3217 sibi

563 3269 914 3331 apparentem
953 3257 1144 3311 oculos
1186 3256 1507 3325 conjiciens,
1549 3270 1784 3326 eumque
1825 3269 1938 3310 suae
1981 3253 2131 3310 necis

566 3359 848 3407 auctorem
880 3350 1165 3405 incusans.
1200 3348 1309 3401 Alii
1347 3346 1538 3402 dicunt
1580 3362 1704 3401 eum
1760 3347 1864 3403 soli
1903 3346 2128 3411 iratum,

562 3459 628 3500 eo
681 3442 828 3514 quod
884 3441 1084 3498 Persas
1131 3440 1352 3513 quidem
1409 3439 1730 3510 adjuvisset,
1778 3438 1951 3508 ipsum
2004 3453 2132 3494 vero

563 3550 904 3607 nequaquam
929 3543 1226 3596 servasset,
1253 3533 1469 3589 tametsi
1497 3532 1654 3602 juxta
1680 3539 2126 3587 astronomorum

562 3629 894 3694 doctrinam,
933 3627 1135 3682 natalis
1170 3627 1346 3696 ipsius
1394 3633 1576 3681 rector
1604 3635 1782 3690 esset,
1820 3639 1986 3679 manu
2031 3639 2130 3679 sua

560 3727 842 3774 ostensum
889 3719 1210 3789 sanguinem
1259 3717 1314 3771 in
1357 3718 1590 3774 sublime
1634 3715 1941 3786 jaculatum
1983 3731 2126 3772 csse.

565 3807 755 3863 Utrum
818 3822 947 3862 vero
983 3822 1107 3862 cum
1141 3807 1366 3876 jamjam
1421 3807 1723 3861 moriturus
1774 3814 1936 3872 esset,
1986 3807 2131 3862 sicut

561 3899 778 3954 evenire
825 3899 983 3962 solet,
1038 3897 1218 3951 anima
1249 3897 1361 3966 jam
1393 3912 1421 3951 a
1459 3911 1690 3966 corpore
1724 3896 2034 3962 recedente,
2076 3907 2129 3954 et

560 3989 833 4043 diviniora
883 3987 1133 4058 quaedam
1193 3987 1550 4056 contemplari
1609 3985 1844 4050 valente,
1903 4003 1962 4042 re
2013 3987 2128 4056 ipsa

560 4082 839 4137 Christum
870 4081 1087 4144 viderit,
1123 4077 1376 4149 equidem
1419 4076 1686 4131 allirmare
1721 4093 1829 4131 non
1861 4092 2124 4148 possum:

562 4171 864 4245 prmsertim
901 4187 1024 4226 cum
1067 4169 1210 4224 istud
1239 4183 1269 4223 a
1307 4168 1498 4239 paucis
1533 4167 1760 4222 relatum
1804 4169 1904 4236 sit;
1948 4177 2007 4223 ut
2030 4167 2129 4223 fal-

559 4279 677 4318 sum
730 4269 930 4326 tamen,
965 4259 1196 4329 rejicere
1236 4274 1346 4313 non
1384 4259 1578 4314 ausim.
1616 4257 1806 4330 Neque
1852 4259 1996 4316 enim
2042 4259 2130 4314 ab-

557 4359 742 4411 horret
791 4369 819 4407 a
869 4367 1017 4419 vero,
1054 4352 1185 4424 quin
1235 4351 1341 4405 alia
1377 4351 1461 4423 bis
1505 4351 1670 4406 etiam
1719 4351 2126 4407 admirabiliora

2239 3160 2451 3230 ἀληθῶς
2481 3161 2687 3231 μέλλων
2708 3160 2984 3233 τελευτᾷν,
3011 3157 3216 3235 οἷάπερ
3245 3163 3416 3216 εἰώθει
3461 3157 3728 3229 συμϐαίνειν,

2236 3250 2333 3320 τῆς
2379 3250 2558 3321 ψυχῆς
2603 3251 2702 3323 ἤδη
2767 3253 3144 3325 χωριζομένης
3212 3255 3304 3308 τοῦ
3370 3251 3621 3323 σώματος,
3664 3243 3730 3297 καὶ

2237 3342 2488 3415 θειότερα
2527 3344 2558 3415 ἢ
2592 3344 2733 3398 κατὰ
2781 3344 3065 3415 ἄνθρωπον
3100 3345 3327 3417 θεωρεῖν
3353 3343 3632 3415 δυναμένης,
3665 3335 3728 3389 τὸν

2236 3435 2472 3505 Χριστὸν
2520 3434 2802 3499 ἐθεάσατο,
2849 3437 2948 3490 οὐκ
2986 3437 3096 3508 ἔχω
3136 3439 3345 3508 λέγειν·
3371 3439 3428 3491 οὺ
3453 3437 3549 3506 γὰρ
3574 3428 3729 3486 πολλῶν

2234 3525 2319 3579 ὅδε
2357 3528 2385 3580 ὸ
2435 3527 2611 3596 λόγος·
2647 3525 2770 3580 οὔτε
2814 3527 2871 3581 δὲ
2916 3527 2992 3592 ὡς
3045 3527 3243 3597 ψεῦδος
3289 3515 3519 3582 ἐκϐαλεῖν
3563 3518 3726 3592 θαῤῥῶο

2233 3621 2357 3675 ἐπεὶ
2377 3621 2478 3674 οὐκ
2501 3619 2726 3682 ἀπεικὸς
2752 3621 2848 3673 καὶ
2875 3619 3040 3674 τῶνδε
3064 3621 3471 3694 θαυμαστότερα
3495 3614 3724 3687 συμϐῆναι,

2234 3714 2314 3776 εἰς
2339 3711 2600 3776 ἐπίδειξιν
2630 3710 2723 3765 τοῦ
2750 3712 2825 3784 μὴ
2849 3711 3172 3783 ἀνθρωπεία
3201 3714 3398 3783 σπουδῇ
3425 3710 3642 3779 συστῆναι
3657 3703 3725 3773 τὴν

2233 3804 2519 3877 ἐπώνυμον
2532 3803 2770 3876 Χριστοῦ
2795 3805 2823 3858 θ
2832 3822 2897 3877 ρη
2905 3804 3111 3860 σκείαν.
3125 3801 3350 3875 Ἀμέλει
3365 3821 3438 3857 τοι
3456 3801 3582 3872 παρὰ
3596 3796 3723 3849 πάντα

2232 3896 2322 3950 τὸν
2347 3895 2537 3967 χρόνον
2573 3895 2804 3966 ταυτησὶ
2828 3895 2926 3966 τῆς
2969 3894 3253 3965 βασιλείας
3281 3890 3573 3964 ἀγανακτῶν
3592 3889 3614 3941 ὁ
3630 3882 3723 3942 Θεὸς

2233 3988 2484 4058 ἐφαίνετο
2508 3998 2550 4018 θ’
2577 3988 2671 4042 καὶ
2721 3985 3092 4050 παντοδαπαῖς
3137 3988 3440 4058 συμφοραῖς
3474 3985 3526 4035 ἐν
3563 3974 3722 4033 πολλοῖς

2232 4081 2437 4134 ἔθνεσιν
2465 4080 2720 4151 ἐπέτριψε
2741 4079 2838 4148 τὴν
2867 4079 3151 4149 Ῥωμαίων
3167 4080 3281 4151 (45)
3317 4079 3549 4147 ὑπήκοον.
3576 4068 3663 4135 Τῆς
3680 4077 3721 4114 τε

2232 4171 2339 4242 γὰρ
2371 4171 2473 4241 γῆς
2502 4170 2740 4240 συνεχῶς
2774 4170 2878 4222 ὑπὸ
2905 4169 3304 4238 χαλεπωτάτων
3344 4163 3556 4234 σεισμῶν
3582 4169 3720 4212 τινασ-

2234 4262 2486 4335 σομένης,
2545 4262 2640 4314 καὶ
2711 4260 2819 4314 τῶν
2885 4260 3202 4330 οἰκημάτων
3248 4255 3612 4332 ἐρειπομένων,
3651 4243 3720 4296 οὒκ

2234 4354 2474 4424 ἀσφαλὲς
2513 4348 2581 4423 ἦν
2637 4352 2798 4417 οἴκοι,
2855 4349 2978 4403 οὒτε
3033 4350 3280 4419 αἱθρίους
3307 4336 3720 4424 διατρίϐειν.

554 4447 909 4520 contigerint,
941 4446 1141 4518 quibus
1171 4443 1574 4511 ostenderetur,
1605 4442 1975 4500 Christianam
1995 4444 2122 4500 reli-

2156 4445 2198 4499 ι)
2233 4419 2412 4499 edito
2439 4444 2496 4498 δὲ
2523 4419 2580 4510 ἐξ
2607 4436 2681 4497 ὧν
2711 4440 3062 4512 ὲπυθόμην,ἢ
3085 4439 3448 4511 βασιλεύοντος
3475 4419 3718 4494 attoniti).

1754 4601 2025 4659 VALESII
2051 4601 2606 4662 ANNOTATIONES.

649 4700 735 4767 44)
773 4699 878 4754 Kai
927 4700 1195 4764 ἀναστὰς
1232 4697 1504 4767 ἠσθιέτω.
1555 4698 1782 4755 Rectius
1832 4699 1886 4753 in
1941 4699 2133 4754 codice

557 4766 858 4838 Fuketiano
887 4771 1151 4838 scriptum
1199 4776 1283 4838 est
1312 4766 1559 4838 ἐσθιέτω.
1584 4768 1762 4838 Atque
1797 4769 2129 4838 itaprorsus

556 4842 682 4923 legit
714 4836 1074 4908 Nicephorus,
1103 4846 1160 4891 ut
1180 4836 1366 4891 videre
1393 4843 1477 4890 est
1506 4836 1558 4890 in
1584 4836 1761 4908 capite
1789 4837 1857 4892 35
1881 4837 2004 4892 libri
2032 4837 2127 4893 de-

552 4924 732 5048 ωιξῖὲ)
767 4977 1080 5048 Ἑπέτρεχε
1104 4976 1218 5048 τὴν
1249 4975 1566 5048 Ῥωμαίων.
1595 4975 1862 5048 Henricus
1888 4974 2126 5032 Savilius

549 5050 604 5102 in
632 5044 893 5118 margine
913 5044 1230 5118 suicodtcis
1261 5044 1483 5118 notavit,
1514 5044 1656 5118 forte
1690 5047 1976 5118 legendum
2025 5048 2124 5099 ἐπ-

548 5113 779 5190 έτρυχεζ
793 5116 897 5172 Sed
928 5118 1130 5172 rectius
1148 5117 1200 5170 in
1222 5113 1409 5172 codice
1431 5113 1730 5173 Fuketiauo
1745 5113 2018 5188 scriptum
2039 5127 2120 5172 est

547 5187 828 5331 “adfigi
853 5255 1292 5331 ,ϐασιλεύοντος
1322 5256 1529 5310 αὐτοῦ.
1578 5255 1642 5311 Hi
1676 5267 1832 5313 terra:
1863 5263 2044 5331 motus
2067 5264 2119 5310 et

546 5324 632 5383 hm‘
647 5324 812 5384 maris
828 5326 1594 5395 exnndationes,nequaquam
1612 5324 2116 5397 regnanteJuliauo,

543 5416 719 5472 neque
748 5399 874 5454 dum
899 5397 1081 5453 Caesar
1136 5401 1344 5449 tantum
1393 5403 1558 5461 esset,
1591 5399 1971 5468 contigerunt;
2023 5399 2117 5451 sed

2235 4698 2457 4755 biennio
2487 4686 2757 4769 postpej't'ts
2821 4695 3053 4769 obitum,
3102 4694 3412 4752 Valentiano
3459 4694 3506 4744 et

2232 4755 2501 4839 Augustis
2551 4755 2788 4839 primum
2812 4755 3175 4839 consulibus,
3210 4777 3265 4820 ut
3298 4768 3510 4839 testatur
3533 4755 3714 4839 Attin":

2231 4823 2351 4894 nusu
2399 4823 2746 4892 Marcellinus
2812 4835 2864 4890 in
2927 4836 3066 4890 libro
3127 4823 3270 4902 rivi,
3331 4823 3714 4902 Hieronymus

2231 4892 2511 4969 Chronico.
2569 4905 2771 4961 ldatius
2803 4905 2857 4960 in
2895 4903 3098 4961 Fastis.
3129 4892 3278 4960 "ldetn
3323 4892 3715 4970 l-lieronj'tlyusj.n

2234 4957 2870 5047 ne;'ii'ajdrabi‘tig‘aag.
2941 4957 3308 5031 ssz'encm
3379 4957 3524 5028 state;
3565 4957 3713 5022 inqui"

2234 5058 2389 5094 lm'rzn
2435 5054 2582 5094 mutu
2627 5046 2793 5094 totius
2825 5045 2973 5094 orbis
3017 5045 3109 5094 mli
3143 5051 3254 5094 ηοει
3305 4988 3488 5094 ﬁliani
3536 5030 3710 5094 morte"!

2231 5030 2389 5104 terrae
2435 5030 2583 5100 n'iotu
2627 5030 2793 5099 totius
2817 5030 2973 5100 orbis
3017 5030 3110 5114 qui
3143 5051 3254 5115 post
3305 5030 3488 5094 Iuliani

2231 5098 2642 5188 ilEét'dnfigima
2663 5098 3050 5188 ieg’ressaiisunt'
3071 5098 3326 5168 terminos
3349 5122 3484 5188 suos.
3517 5098 3710 5188 Et:

2230 5167 2449 5241 τυτεῖίιίί
2471 5167 3269 5247 purgationesniualem,
3309 5179 3388 5235 vel
3414 5177 3462 5230 in
3487 5167 3711 5247 θηιίμειειξ

2227 5231 2926 5319 εὖξειύζτεῖἰῖἶέηῖᾜιίιῖἰξ,
2953 5231 3240 5309 735%?st
3256 5231 3269 5247 ⁷
3289 5231 3532 5321 praerupta
3567 5231 3713 5290 άὲιείε

2227 5327 2492 5382 montium
2524 5325 2918 5396 pependerunt.

1948 5570 2337 5630 VARIORUM.

613 5673 637 5710 ιι
678 5670 770 5737 Ὠς
807 5671 954 5741 πρὸς
983 5671 1090 5724 τὸν
1127 5669 1306 5738 ἣλιον
1348 5665 1717 5741 ᾀγανακτῶν.
1766 5666 2014 5741 Zonaras
2062 5676 2116 5723 et

539 5736 758 5796 auctori
790 5736 1038 5798 Cliroitici
1083 5736 1457 5809 Alexandrini
1498 5741 1765 5804 referunt,
1826 5736 2111 5795 lulianum

3474 5646 3594 5698 esset
3621 5629 3704 5698 Μ’

2226 5669 2328 5723 soli
2357 5669 2742 5724 succensuisse
2772 5669 2911 5724 hanc
2938 5667 3011 5722 ob
3041 5675 3274 5723 causam.
3315 5656 3438 5734 cum
3474 5656 3594 5698 €55“
3621 5656 3703 5708 “3"

2226 5738 2442 5766 ιιιιηιιιη..
2523 5746 2684 5766 ωηο..
2717 5741 2768 5766 ς..
2829 5739 3034 5766 ..ωηηιη
3091 5737 3323 5766 ιηιωηοιη
3349 5721 3533 5766 Viderat
3578 5695 3703 5759 τυιιιθ

2226 5721 2487 5807 ιὶοοιιίαίξ
2500 5721 3062 5796 'iiééth‘ini'iébmins‘
3083 5737 3324 5809 juvenem
3349 5721 3513 5780 videra

3882 5021 3892 5546 +
