4040 6216
408 253 551 308 1297

1338 248 1658 309 HISTORIA
1701 250 2261 309 ECCLESIASTICA.
2303 285 2371 294 —
2409 253 2537 308 LIB.
2565 254 2656 310 Vl.

3517 258 3652 313 1293

398 365 434 436 ἢ
465 361 607 418 κατὰ
630 361 690 416 τὸ
719 361 967 433 δεύτερον
993 363 1177 434 σχῆμα
1206 363 1302 436 τῆς
1332 365 1610 436 βασιλείας
1637 367 1789 431 ὄντος
1814 405 1829 431 ,
1879 368 1973 422 καὶ

2093 369 2292 439 gionem
2351 385 2461 424 non
2513 370 2748 422 humana
2787 366 2838 422 vi
2885 376 2980 422 aut
3032 365 3301 421 industria
3351 367 3651 424 stabilitam

399 455 460 509 τὺ
482 454 694 525 συμϐάν
725 459 838 518 τοῖς
859 454 994 525 πρὸς
1024 455 1298 524 Αἴγυπτον
1340 457 1746 530 Ἀλεξανδρεῦσι
1781 459 1972 528 γέγονε

399 544 572 608 πάθος
591 561 604 574 ·
639 545 802 614 ἡνίκα
829 545 948 616 δὴὴ
977 545 1219 602 Θάλασσα
1250 549 1683 616 ύπονοστήσασα,
1721 547 1878 616 αὖθις
1913 553 1973 618 ἐξ

400 634 701 705 ἐπιδρομῆς
729 637 856 699 τοὺς
909 635 1070 702 ἰδίους
1100 639 1258 708 ὄρους
1289 642 1626 712 παρήμειψε,
1677 644 1770 696 καὶ
1811 646 1972 716 μέχρι

401 724 599 778 πολλοῦ
666 726 766 796 τὴν
820 725 989 798 ξηράν
1038 729 1369 784 κατέκλυσεν
1395 748 1408 762 ο
1461 733 1535 797 ὡς
1576 735 1670 787 καὶ
1729 733 1822 787 ἐπὶ
1865 734 1972 787 τῶν

403 816 693 886 κεράμων,
752 818 1210 889 ἀποχωρήσαντος
1263 822 1356 875 τοῦ
1423 821 1652 890 ὓδατος,
1713 824 1975 880 θαλάττια

401 905 691 976 εὑρεθῆναι
736 907 940 978 σκάφη.
1014 909 1314 979 Ἀμέλειτοι
1359 911 1458 979 τὴν
1511 911 1722 983 ἡμέραν
1754 912 1876 966 καθ’
1907 913 1973 983 ἢν

399 996 527 1049 τάδε
569 995 791 1066 συνέϐη,
841 998 909 1067 ἢν
945 1000 1164 1067 γενέσια
1186 999 1277 1053 τοῦ
1302 1000 1528 1071 σεισμοῦ
1551 1002 1666 1073 (ΓΙ)
1704 1020 1974 1078 προσαγο·

406 1086 674 1156 ρεύουσιν,
707 1087 872 1142 εἰσέτι
907 1090 1001 1142 καὶ
1050 1090 1146 1144 νῦν
1184 1091 1552 1163 Ἀλεξανδρεῖς
1600 1093 1822 1164 ἐτησίαν
1850 1097 1973 1166 ἐορ-

403 1179 502 1248 τὴν
549 1178 762 1248 ἄγουσι.
818 1181 1059 1251 Λύχνους
1097 1199 1154 1234 τε
1185 1182 1468 1246 πλείστους
1502 1183 1607 1238 ἀνά
1640 1185 1822 1238 πᾶσαν
1873 1185 1972 1258 τὴν

403 1269 560 1323 πόλιν
605 1270 890 1337 καίοντες,
941 1272 1035 1324 καὶ
1084 1272 1474 1344 χαριστηρίους
1529 1275 1686 1339 λιτάς
1724 1276 1804 1347 τῷ
1855 1277 1975 1347 Θεῷ

405 1361 824 1430 προσφέροντες,
860 1363 1125 1435 λαμπρῶς
1168 1364 1314 1434 μάλα
1361 1367 1456 1420 καὶ
1501 1367 1742 1431 εὐλαϐῶς
1769 1368 1975 1441 ταύτην

404 1451 763 1510 ἐπιτελοῦσιν.
797 1454 872 1507 Ού
900 1455 1029 1526 μὴν,
1060 1455 1197 1510 ἀλλὰ
1225 1457 1318 1510 καὶ
1352 1458 1555 1528 αὐχμοὶ
1583 1461 1972 1527 ἐπιτείναντες,

404 1541 612 1606 πάντας
661 1545 786 1608 τοὺς
819 1547 1068 1618 καρποὺς
1098 1549 1191 1602 καὶ
1223 1548 1315 1602 τὸν
1345 1550 1485 1621 ἀέρα
1519 1552 1612 1605 ἐπὶ
1639 1553 1846 1624 ταύτης
1875 1555 1974 1626 τῆς

405 1631 684 1702 βασιλείας
737 1635 1095 1707 ἐλυμήναντο.
1158 1638 1438 1693 Ἐντεῦθεν
1481 1643 1674 1696 σπάνει
1710 1643 1821 1697 τῶν
1853 1646 1975 1699 ἐπι-

2077 475 2217 516 esse.
2253 460 2410 516 Certe
2451 459 2696 532 quandiu
2727 459 3030 529 imperator
3063 457 3164 512 iste
3199 457 3469 528 regnavit,
3498 457 3644 514 Deus

2078 559 2338 620 perpetuo
2366 549 2640 621 indignari
2669 548 2815 603 visus
2833 553 2912 602 est
2931 586 2946 611 ,
2970 553 3024 601 et
3055 546 3109 599 in
3141 543 3329 598 multis
3357 545 3658 613 provinciis

2074 640 2352 699 Romanos
2389 642 2620 698 diversis
2638 639 3041 698 calamitatibus
3071 638 3283 692 alliixit.
3327 636 3466 691 Cum
3510 639 3657 692 enim

2076 741 2221 788 terra
2248 735 2590 804 gravissimis
2612 734 2852 788 motibus
2875 732 3092 787 assidue
3111 737 3463 801 quateretur,
3490 729 3662 783 aedes-

2074 841 2183 895 que
2198 837 2546 892 corruerent,
2569 841 2913 897 nequaquam
2929 835 3104 880 tutum
3119 830 3260 885 erat,
3277 836 3377 876 nec
3394 821 3499 876 Sllb
3518 830 3665 875 tecto

2074 930 2318 981 manere,
2352 931 2455 972 nec
2480 919 2583 972 sub
2607 917 2719 971 dio.
2760 918 2940 986 Atque
2979 923 3039 968 ut
3063 929 3130 968 ex
3152 913 3221 966 iis
3235 927 3358 982 qua:
3383 911 3664 966 auditione

2075 1009 2261 1078 accepi
2297 1009 2673 1080 conjecturam
2723 1007 2891 1074 iacio,
2939 1007 3027 1064 vel
3075 1020 3141 1061 eo
3199 1005 3526 1074 imperante,
3581 1003 3664 1056 vel

2074 1098 2395 1168 certe'zal
2423 1098 2659 1156 Caesaris
2678 1099 2998 1170 dignitatem
3025 1096 3206 1150 adhuc
3232 1095 3538 1161 obtinente,
3561 1095 3667 1147 cla-

2074 1189 2170 1245 des
2195 1189 2683 1245 illaAlexandrinis
2705 1191 2760 1245 in
2787 1189 3030 1260 Egypto
3070 1185 3301 1256 contigit
3329 1201 3344 1238 :
3378 1195 3508 1238 tunc
3540 1200 3666 1238 cum

2074 1295 2225 1337 mare
2243 1280 2387 1351 quod
2411 1289 2736 1347 recesserat,
2772 1283 2968 1336 iterum
2998 1279 3182 1334 subito
3229 1277 3436 1345 impetu
3474 1290 3661 1329 rever-

2075 1380 2214 1439 tens,
2242 1381 2396 1430 extra
2414 1375 2663 1445 proprios
2677 1374 2939 1429 terminos
2959 1371 3209 1436 excessit,
3229 1367 3670 1424 etcontinentem

2076 1465 2236 1535 longe
2270 1465 2820 1536 latequeinundavit,
2861 1463 2997 1518 adeo
3020 1471 3217 1532 utpost
3249 1471 3525 1516 recessum
3550 1474 3667 1511 ina-

2077 1556 2174 1623 ris,
2193 1571 2356 1626 super
2378 1557 2539 1618 tectis
2565 1557 2854 1612 domorum
2874 1564 3090 1626 reperta
3116 1555 3230 1609 sint
3269 1551 3509 1619 navigia.
3545 1550 3672 1608 Alc-

2079 1647 2332 1704 xandrini
2350 1659 2502 1704 certe
2543 1665 2668 1706 eum
2687 1649 2830 1704 diem
2850 1662 2961 1718 quo
2979 1647 3094 1702 haec
3111 1645 3479 1716 contigerunt,
3505 1658 3668 1712 quem

404 1724 667 1795 τηδείων,
719 1728 812 1780 ἐπὶ
859 1727 957 1792 τὰς
1005 1729 1112 1782 τῶν
1159 1730 1370 1802 ἀλόγων
1403 1730 1556 1796 ζώων
1601 1734 1806 1804 τροφὰς
1847 1736 1975 1799 τοὺς

2093 1738 2242 1794 atiam
2278 1741 2514 1796 natalem
2563 1749 2911 1796 terrazmotus
2967 1738 3262 1809 appellant,
3313 1735 3379 1791 ad
3427 1743 3667 1790 nostram

405 1814 728 1887 ἀνθρώπους
761 1819 990 1888 ἦλαυνεν
1015 1821 1044 1874 ὁ
1064 1821 1240 1892 λιμός.
1296 1823 1710 1879 Ἐπακολουθῶν
1743 1825 1799 1880 δέ
1828 1825 1921 1879 καὶ
1947 1829 1975 1879 ὁ

407 1905 613 1978 λοιμὸς,
641 1909 774 1972 ἰδίας
797 1911 969 1980 ἐπῆγε
991 1911 1197 1977 νόσους,
1229 1914 1321 1966 καὶ
1343 1914 1410 1968 τά
1436 1915 1665 1988 σώματα
1681 1915 1974 1992 διέφθειρε.

408 1999 490 2054 Τὰ
528 2002 627 2071 μὲν
657 2002 722 2072 δὴ
755 2002 896 2055 κατὰ
941 2004 1222 2058 Ἰουλιανὸν
1249 1999 1348 2059 ὧδε
1380 2005 1527 2077 ἔσχε.

2083 1845 2258 1902 usque
2290 1833 2614 1887 memoriam
2655 1831 2954 1902 quotannis
3001 1831 3196 1885 festum
3231 1835 3420 1900 agunt,
3463 1836 3517 1880 et
3550 1825 3671 1895 plu-

2083 1922 2238 1978 rimis
2254 1923 2492 1979 lucernis
2507 1939 2602 1994 per
2625 1925 2939 1981 universam
2963 1924 3154 1978 urbem
3185 1920 3458 1982 accensis,
3482 1933 3669 1988 preces

2092 2029 2223 2068 cum
2269 2017 2573 2084 gratiarum
2623 2016 2838 2071 actione
2876 2014 3168 2070 offerentes
3202 2013 3336 2076 Deo,
3385 2007 3671 2080 splendide

410 2093 571 2147 simul
597 2108 660 2149 ac
685 2093 945 2164 religiose
997 2109 1122 2150 eum
1157 2095 1303 2151 diem
1358 2097 1655 2154 celebrant.
1691 2098 1834 2165 Quin
1858 2109 1914 2155 et
1953 2100 2178 2160 siccitas
2225 2107 2394 2160 nimia
2432 2122 2498 2162 eo
2541 2115 2825 2178 regnante,
2867 2123 3059 2163 omnes
3107 2113 3269 2161 terra:
3311 2103 3522 2157 fructus
3591 2100 3673 2168 ip-

411 2200 636 2256 samque
668 2185 814 2242 aeris
843 2188 1158 2256 temperiem
1184 2190 1451 2259 corrupit.
1481 2188 1636 2246 Unde
1681 2190 1883 2246 factum
1912 2202 1994 2249 est
2032 2203 2091 2250 ut
2121 2196 2373 2256 homines
2403 2215 2511 2269 prae
2539 2201 2926 2255 alimentorum
2961 2199 3166 2269 inopia,
3199 2197 3333 2268 ipsis
3382 2197 3669 2250 brutorum

412 2275 768 2331 animantium
801 2276 940 2332 cibis
992 2278 1141 2332 vesci
1171 2287 1518 2348 cogerentur.
1556 2281 1860 2336 Subsecuta
1895 2284 2060 2340 etiam
2094 2290 2268 2358 pestis
2327 2291 2550 2348 morbos
2584 2307 2715 2347 suos
2756 2290 2984 2358 invexit,
3023 2297 3079 2346 et
3119 2301 3350 2359 corpora
3377 2282 3668 2342 exstinxit.

413 2361 480 2420 Et
539 2365 654 2422 haec
697 2367 917 2438 quidem
954 2367 1163 2446 Juliani
1211 2373 1550 2442 temporibus
1583 2383 1905 2432 evenerunt.

1013 2481 1268 2536 ΚΕΦΑΛ.
1311 2483 1385 2538 I".

414 2570 551 2639 Περὶ
593 2571 703 2639 τῆς
747 2573 1070 2648 ,βασιλείας
1095 2574 1389 2648 ξιοὸξιανρῦ
1409 2615 1422 2636 .
1444 2576 1563 2648 -καί
1607 2577 1726 2648 ὅσα
1762 2577 1989 2648 ἔννομα

587 2643 902 2710 παρελθὼν
928 2645 1015 2709 εἰς
1048 2642 1164 2710 τὴν
1189 2644 1390 2713 ἀρχὴν
1432 2645 1810 2714 διεπράξατο.

487 2733 642 2786 Μετὰ
675 2733 734 2786 δὲ
777 2733 987 2800 τοῦτον,
1038 2737 1190 2805 κοινῇ
1220 2735 1458 2809 συνθήκῃ
1487 2736 1581 2790 τοῦ
1622 2738 1986 2809 στρατοπέδου

2763 2487 2896 2543 CAP
2942 2487 3028 2541 Ill.

2088 2575 2165 2630 De
2193 2576 2414 2642 imperio
2450 2573 2688 2638 Ioviani,
2721 2576 2886 2644 deque
2919 2577 2986 2628 iis
3027 2589 3144 2642 qua:
3177 2584 3312 2626 recte
3366 2576 3666 2640 constituit,

2351 2655 2626 2716 postquam
2651 2646 2718 2699 ad
2744 2645 2770 2698 1
2778 2645 3034 2714 mperium
3067 2652 3270 2698 evectus
3294 2654 3390 2697 est.

2159 2735 2293 2793 Post
2334 2737 2521 2805 hunc,
2553 2737 2834 2792 communi
2869 2737 3039 2791 totius
3069 2734 3349 2790 exercitus
3405 2734 3671 2806 sull‘ragio

420 2824 838 2894 παραλαμϐάνει
872 2825 971 2895 τὴν
1021 2824 1301 2895 βασιλείαν
1368 2827 1642 2891 Ἰοϐιανός.
1699 2828 1895 2883 Ἦνίκα
1923 2831 1988 2901 δὴ

2093 2829 2357 2885 Jovianus
2387 2831 2681 2902 imperium
2715 2829 2928 2900 accepit
2951 2830 2964 2860 ¹
2990 2867 3004 2882 .
3034 2827 3208 2894 Quem
3271 2843 3395 2882 cum
3468 2828 3672 2882 milites

423 2916 480 2968 ἐν
529 2918 596 2986 τῇ
643 2914 879 2988 πολεμία
917 2915 1296 2988 αὐτοκράτορα
1324 2917 1774 2988 χειροτονούντων
1825 2919 1991 2973 αὑτὸν

2093 2924 2149 2978 in
2177 2921 2390 2978 hostico
2421 2921 2810 2992 imperatorem
2846 2919 3233 2974 renuntiarent
3265 2959 3281 2985 ,
3350 2919 3466 2988 ipse
3515 2916 3673 2973 Chri-

421 3004 528 3059 τῶν
558 3006 1012 3076 στρατευμάτων,
1052 3008 1218 3072 αὐτὸς
1269 3008 1594 3078 Χριστιανὸν
1639 3009 1803 3063 αὑτὸν
1853 3005 1991 3063 εἶναι

2096 3017 2338 3071 stianum
2373 3029 2433 3070 se
2459 3028 2581 3069 esse
2608 3012 2838 3077 dicens,
2867 3010 3161 3079 imperium
3195 3010 3504 3072 recusavit,
3571 3025 3673 3064 nec

425 3097 616 3164 λέγων.
675 3101 969 3169 παρῃτεῖτο
998 3098 1096 3170 τὴν
1136 3100 1462 3171 ἠγεμονίαν,
1508 3102 1602 3154 καὶ
1647 3101 1716 3156 τά
1749 3101 1991 3174 σύμϐολα

2097 3106 2313 3178 imperii
2342 3106 2577 3177 insignia
2607 3104 2763 3174 prius
2797 3103 3037 3167 admisit,
3069 3117 3233 3172 quam
3259 3102 3485 3167 milites,
3515 3117 3670 3156 com-

421 3189 520 3257 τῆς
550 3187 823 3258 βασιλείας
852 3191 912 3242 ού
941 3191 1214 3262 προσίετο,
1247 3191 1421 3245 εἰσότε
1451 3191 1515 3264 δὴ
1561 3193 1654 3246 καὶ
1687 3195 1720 3263 ἡ
1772 3194 1991 3265 στρατιὰ

2102 3208 2254 3271 perta
2282 3196 2698 3254 detrectationis
2729 3209 2897 3250 causa
2920 3233 2934 3257 ,
2969 3208 3029 3248 se
3072 3207 3292 3263 quoque
3322 3191 3672 3248 Christianos

425 3279 668 3350 μαθοῦσα
695 3280 794 3350 τῆς
836 3283 1222 3354 παραιτήσεως
1250 3284 1348 3355 τὴν
1394 3283 1595 3352 αἰτίαν,
1628 3283 1990 3356 Χριστιανοὺς

2095 3304 2218 3346 esse
2254 3289 2708 3358 proclamassent.
2747 3285 2999 3356 Cumque
3031 3299 3099 3340 ex
3134 3281 3333 3336 Juliani
3371 3282 3680 3336 temeritate

423 3370 564 3427 εἰναι
593 3375 733 3442 σφᾶς
766 3373 1091 3446 ἐκέκραγον.
1127 3376 1214 3428 Ἐν
1268 3375 1500 3446 κινδύνῳ
1549 3376 1606 3430 δὲ
1655 3377 1751 3430 καὶ
1780 3381 1992 3449 ταραχῇ

423 3464 534 3518 τῶν
566 3465 908 3536 πραγμάτων
929 3466 1100 3520 ὄντων
1118 3467 1181 3520 ἐκ
1205 3469 1304 3536 τῆς
1334 3465 1619 3520 ’ἰουλιανοῦ
1645 3467 2000 3538 στρατηγίας,

425 3555 742 3627 καμνούσης
770 3573 830 3608 τε
859 3557 959 3626 τῆς
986 3559 1246 3628 στρατιᾶς
1279 3557 1457 3629 ἐνδείᾳ
1499 3557 1608 3610 τῶν
1656 3557 2000 3628 ἐπιτηδείων,

425 3649 721 3714 ἀναγκαῖον
751 3641 888 3701 εἶδεν
918 3649 998 3710 εἰς
1030 3648 1332 3719 συμϐάσεις
1359 3647 1557 3711 ἐλθεῖν,
1581 3648 1857 3719 παραδούς
1882 3666 2003 3702 τινα

428 3739 664 3809 Πέρσαις
693 3739 801 3792 τῶν
818 3739 1095 3812 προτέρων
1132 3741 1420 3812 Ῥωμαίοις
1453 3741 1729 3796 ὑποτελῶν
1751 3742 1886 3814 (48).
1921 3743 2000 3815 Τῇ

427 3831 484 3885 δὲ
527 3832 694 3904 πείρα
749 3832 970 3903 μαθὼν,
1025 3834 1132 3906 rma
1180 3833 1472 3906 θεομηνίας
1531 3833 1623 3888 τοῦ
1680 3835 1788 3906 πρὸ
1838 3835 2002 3889 αὐτοῦ

431 3922 849 3993 βασιλεύσαντος
885 3925 1071 3988 κακῶς
1101 3924 1296 3979 παθεῖν
1339 3927 1600 3997 ὑπήκοον,
1650 3926 1819 3997 μηδὲν
1863 3928 2004 3998 μελ-

429 4013 622 4082 λήσας,
652 4015 858 4086 ἔγραψε
891 4018 1003 4080 τοῖς
1046 4017 1370 4088 ἡγουμένοις
1420 4018 1527 4073 τῶν
1578 4019 1748 4072 ἐθνῶν
1793 4021 1852 4073 ἐν
1883 4023 2006 4084 ταῖς

2098 3399 2190 3439 res
2245 3381 2302 3437 in
2337 3381 2662 3453 gravissimo
2691 3376 3014 3434 discriminc
3074 3384 3128 3430 et
3186 3375 3241 3428 in
3269 3372 3506 3427 maxima
3534 3371 3676 3426 ditii-

2102 3477 2305 3531 cultate
2337 3474 2652 3528 constituta
2683 3477 2892 3533 essent,
2925 3477 2980 3524 et
3005 3473 3416 3522 commeatuum
3445 3464 3676 3534 penuria

2101 3566 2376 3624 exercitus
2411 3565 2720 3627 laboraret,
2754 3561 3022 3617 Jovianus
3073 3573 3261 3630 pacem
3295 3572 3420 3612 cum
3474 3555 3668 3613 Persis

2103 3657 2420 3713 necessario
2465 3654 2776 3710 faciendam
2827 3667 2952 3709 esse
2983 3649 3396 3710 animadvertit,
3452 3647 3680 3705 traditis

2104 3750 2440 3823 quibusdam
2459 3748 2812 3820 regionibus,
2833 3761 2957 3818 quae
2989 3745 3146 3817 prius
3175 3749 3336 3800 erant
3368 3741 3680 3798 tributaria:

2105 3841 2506 3895 Romanorum.
2543 3839 2682 3895 Cum
2717 3845 2900 3894 autem
2946 3835 3331 3908 experimento
3359 3833 3679 3897 didicisset,

2106 3931 2188 3986 ira
2219 3931 2315 3988 Dei
2347 3932 2418 3988 ob
2441 3931 2752 3988 decessoris
2787 3931 2872 3987 sui
2911 3930 3252 4000 impietatem
3285 3929 3533 3982 invectas
3561 3939 3694 3979 esse-

2105 4024 2447 4080 calamitates
2499 4023 2730 4095 imperio
2795 4021 3100 4086 Romano,
3166 4020 3302 4074 nihil
3361 4022 3675 4076 cunctatus,

445 4107 792 4176 Ἐκκλησίαις
839 4107 1206 4180 ἀθροίζεσθαι,
1256 4110 1352 4163 καὶ
1407 4109 1470 4163 τὸ
1523 4109 1676 4164 Θεῖον
1732 4112 1991 4184 ἐπιμελῶς

2108 4115 2334 4187 scripsit
2395 4115 2702 4173 rectoribus
2740 4113 3172 4185 provinciarum,
3203 4117 3263 4165 ut
3317 4109 3375 4164 in
3412 4105 3686 4163 ecclesias

504 4242 520 4273 ¹
549 4239 704 4297 Socr.
735 4241 831 4298 lib.
863 4257 945 4306 ιιι,
977 4257 1027 4297 c.
1056 4242 1148 4296 22.

1599 4329 1862 4387 VALESII
1897 4328 2342 4387 ΑΝΝΟΤΑἸῚΟΝ
2348 4329 2452 4388 ES.

507 4465 619 4537 (47)
642 4467 758 4544 ς’ῌν
775 4467 1016 4544 βνέᾳια
1036 4467 1140 4544 τοῦ
1163 4465 1642 4544 ᾳεισξμοῦηψιδατί
1673 4481 1782 4544 non
1813 4465 1991 4544 imme-

2108 4436 2312 4544 Basilio
2331 4466 2451 4522 solo
2473 4465 2720 4544 consule,
2742 4475 3030 4544 postquam
3050 4462 3274 4544 scripsit
3294 4459 3682 4544 Constantino-

437 4535 546 4590 rito
572 4536 740 4603 subit,
777 4535 878 4592 cur
898 4538 1249 4593 Alexandrini
1280 4535 1419 4593 diem
1449 4537 1598 4590 illum
1633 4551 1742 4606 quo
1768 4535 2002 4604 ingentis

438 4605 586 4662 illius
602 4614 961 4667 ten-semotus
986 4608 1300 4662 memoriam
1318 4607 1611 4668 quotannis
1633 4605 2003 4668 celebrabant,

437 4675 658 4744 γενέσια
683 4678 1030 4747 appellarint.
1070 4677 1193 4734 Dies
1221 4675 1440 4747 quidem
1470 4676 1638 4747 festos
1659 4677 1712 4730 in
1738 4675 2002 4747 honorem

438 4745 736 4817 martyrum
757 4745 1098 4817 aliorumque
1128 4745 1442 4802 sanctorum
1475 4746 1755 4800 hominum
1781 4745 2004 4817 institu-

438 4824 547 4881 tos,
571 4815 745 4870 Graeci
775 4815 1023 4884 γενέσια(
1047 4816 1224 4871 Latini
1257 4818 1464 4872 natales
1498 4831 1692 4871 vocare
1715 4815 1910 4877 solent,
1946 4821 2005 4867 ut

438 4884 632 4958 videre,
647 4895 731 4940 est
761 4886 814 4940 in
848 4885 1267 4958 Martyrologiis.
1305 4885 1505 4941 Verum
1553 4886 1620 4958 de
1655 4895 1812 4958 terra;
1854 4891 2004 4958 m_otu

437 4955 491 5026 id
529 4955 652 5026 dici
692 4972 799 5010 non
859 4953 1039 5026 potest
1091 4953 1194 5011 nisi
1258 4959 1500 5011 abusive.
1566 4954 1759 5026 Melius
1801 4955 1855 5007 in
1897 4953 2002 5008 hu-

435 5024 676 5096 jusmodi
707 5024 875 5080 rebus
903 5027 1530 5096 ἀνάμνησιςγάἱοθτειιιτ.
1569 5025 1634 5096 id
1660 5032 1744 5096 est
1800 5039 2003 5096 memo-

441 5095 650 5175 ria‘seu
664 5094 1137 5175 commemoratio.
1187 5095 1248 5175 lli
1280 5097 1426 5153 enim
1475 5095 1591 5175 dies
1615 5094 1760 5175 festi,
1788 5094 2006 5175 prOprie

441 5163 684 5236 instituti,
707 5173 836 5221 sunt
857 5165 924 5218 ad
952 5168 1317 5236 renovandam
1369 5166 1662 5236 quotannis
1687 5163 2006 5236 memoriam

440 5232 689 5305 beneﬁcii
742 5236 889 5290 illius
921 5275 936 5300 ,
1003 5235 1145 5305 quod
1199 5251 1229 5289 a
1286 5232 1402 5291 Deo
1445 5235 1634 5305 semel,
1671 5233 2003 5305 accepimus.

444 5302 537 5357 Sic
586 5303 935 5362 Marcellinus
967 5302 1165 5362 Comes
1197 5307 1250 5360 in
1285 5305 1574 5369 Chronico,
1625 5302 1922 5358 indictione
1952 5303 2007 5366 5,

2111 4537 2275 4606 polim
2305 4552 2401 4606 per
2441 4538 2797 4606 continuos,"
2831 4535 2948 4590 dies
2989 4535 3315 4606 gravissimo
3344 4539 3503 4606 terrae
3533 4537 3693 4606 motu.

2111 4599 2434 4661 concussam
2471 4606 2662 4670 fuisse,
2693 4605 2843 4659 addit
2875 4623 2889 4659 :
2932 4599 3086 4659 Hunc
3116 4602 3515 4670 formidolosum
3543 4599 3686 4653 diem

2111 4677 2363 4747 Byzantii
2384 4677 2647 4731 celebrant
2673 4677 2706 4730 8
2735 4675 3004 4730 Kalendas
3028 4673 3292 4747 Octobris.
3325 4672 3598 4747 Cgeterum
3639 4671 3686 4726 si

2112 4741 2236 4828 quis
2267 4749 2410 4802 scire
2433 4744 3112 4828 desiderathquonamdie
3143 4741 3508 4828 Alesandr‘ini
3528 4748 3686 4828 nata:

2112 4811 2219 4871 lem
2269 4829 2426 4872 terra:
2478 4825 2660 4872 motus
2720 4811 2868 4871 illius
2936 4813 3354 4877 celebraverint,
3419 4811 3689 4866 habemus

2113 4888 2268 4941 illum
2304 4903 2368 4942 ex
2407 4888 2690 4941 Ammiano
2723 4885 3038 4941 Marcellino
3090 4886 3143 4939 in
3210 4884 3346 4937 libro
3406 4897 3532 4936 XXVI
3560 4919 3575 4944 ,
3621 4895 3688 4934 ex

2111 4956 2526 5080 ἔαδίἰεῑίύειιὶἱ,
2551 4958 2696 5013 diem
2731 4957 2944 5013 scilicet
2987 4953 3376 5011 duodecimum
3411 4950 3693 5006 Kalendas

2163 5043 2298 5080 unus
2328 5045 2363 5080 Ι.

2163 5027 2363 5082 υαιιεῑὶ.

2183 5044 2454 5168 ἰῖἕῗιῗῶν
2472 5095 2774 5168 προτέρων
2803 5096 3122 5168 Ῥωμαίοις
3142 5088 3650 5168 Δὑποτειιέῦνηὸοτί
3662 5117 3687 5130 -

2114 5159 2353 5242 bendum
2387 5175 2472 5222 est
2503 5159 2889 5242 proculdubio
2917 5159 3024 5242 τῶν
3049 5164 3341 5242 πρότερον..
3367 5159 3522 5242 Quod
3552 5173 3687 5242 cum

2116 5238 2446 5310 interpretes
2482 5230 2592 5292 non
2629 5230 3162 5301 animadvertissent,
3193 5230 3517 5305 gravissime
3552 5230 3687 5298 lapsi

1927 5433 2315 5493 VARIORUM.

447 5542 622 5593 coma,
652 5529 759 5602 qui,
800 5530 980 5600 ipsum
1042 5531 1098 5586 in
1137 5531 1368 5602 Phrygia
1414 5531 1752 5602 moriturum
1779 5531 1826 5584 ei
1860 5531 2014 5587 visus

444 5606 562 5671 erat
596 5601 915 5669 przed'tcere.
971 5602 1106 5656 Cum
1159 5601 1328 5671 igitur
1381 5602 1617 5656 letaliter
1665 5601 2015 5671 vulneratus,

452 5669 631 5724 locum
685 5671 836 5725 illum
897 5672 950 5726 in
996 5688 1105 5743 quo
1163 5669 1347 5730 castra
1404 5673 1677 5736 habebat,
1726 5670 2016 5744 Phrygiam

2122 5530 2384 5613 appellari
2439 5529 2747 5613 didicisset,
2796 5529 3140 5588 exclamasse
3189 5524 3437 5582 dicitur;
3491 5518 3536 5578 0
3579 5518 3688 5585 sol,

2121 5600 2401 5656 lulianum
2433 5601 2732 5671 perdidisti.
