4040 6216
405 258 538 315 1501

1364 250 1690 308 HISTORIA
1720 245 2280 318 ECCLIESIASTICA.
2322 278 2390 287 —
2425 247 2562 302 LIB.
2597 247 2688 302 Vl.

3514 253 3658 319 15οΞ

405 371 556 426 σιῶν.
600 369 884 422 Ἰουλιανοῦ
917 368 1025 438 γὰρ
1052 365 1440 436 βασιλεύοντος,
1470 365 1544 428 ὡς
1575 362 1848 424 παντελῶς
1871 359 1963 413 τοῦ

2067 356 2282 413 Juliano
2307 358 2526 429 quidem
2585 365 2884 429 regnante,
2941 372 3064 411 cum
3098 357 3409 415 Christiana
3455 363 3648 433 religio

402 456 831 530 Χριστιανισμοῦ
865 454 1262 517 κινδυνεύοντος
1285 497 1298 520 ,
1347 453 1575 522 ἡσυχίαν
1615 447 1780 523 ἦγον·
1817 451 1967 519 κοινῇ

400 551 457 604 δὲ
482 549 682 610 πάντες
707 546 797 599 τὸν
823 546 958 600 Θεὸν
995 544 1255 608 ἱκέτευον,
1292 544 1450 596 ἵλεων
1479 541 1662 605 αὐτοῖς
1691 541 1965 610 γενέσθαι.

401 639 557 694 Οὕτω
595 654 672 706 πη
713 640 826 701 τοῖς
879 635 1187 706 ἀνθρώποις
1227 633 1408 703 φίλον,
1458 635 1588 705 παρ’
1632 633 1834 702 ἐτέρων
1870 632 1984 714 μὲν.

401 728 802 798 ἀδικουμένοις,
835 726 970 798 πρὸς
999 726 1061 780 τὸ
1093 726 1363 797 ὁμόφυλον
1394 727 1638 796 ὁμονοεῖν
1665 739 1678 754 ·
1721 723 1968 793 ἀπηλλα-

398 819 617 890 γμένοις
659 818 717 872 δὲ
759 817 866 871 τῶν
902 816 1101 882 ἔξωθεν
1135 817 1342 878 κακῶν.
1396 815 1532 886 πρὸς
1578 816 1719 884 σφᾶς
1772 814 1968 878 αὐτοὺς

398 908 730 974 στασιάζειν.
771 906 909 961 Ἀλλ’
965 909 1118 972 ὅσαις
1163 908 1261 979 μὲν
1300 907 1600 970 πολιτείαις
1651 908 1744 960 καὶ
1789 907 1965 961 ἔθνεσι

394 999 554 1054 τοῦτο
593 999 789 1071 συνέϐη
811 1042 827 1067 ,
878 1000 940 1053 οὐ
970 1001 1065 1053 τοῦ
1097 999 1366 1072 παρόντος
1410 998 1606 1070 καιροῦ
1642 999 1966 1068 καταλέγειν

395 1089 530 1142 ἐστί.
559 1087 693 1158 Περὶ
720 1088 776 1141 δὲ
803 1087 990 1142 τοῦτον
1021 1088 1112 1141 τὸν
1137 1088 1344 1158 χρόνον,
1375 1087 1652 1152 Βασίλειος
1691 1089 1718 1140 6
1762 1088 1963 1156 Ἀγκύ-

397 1195 496 1249 ρας
519 1177 834 1243 ἐπίσκοπος,
899 1178 990 1232 καὶ
1020 1178 1277 1242 Σιλϐανὸς
1308 1180 1336 1232 6
1363 1179 1598 1251 Ταρσοῦ,
1631 1182 1726 1234 καὶ
1750 1180 1966 1253 Σωφρόο

393 1285 504 1332 νιος
529 1269 557 1321 ὁ
587 1269 1111 1340 Πομπηϊουπόλεως,
1153 1269 1247 1323 καὶ
1276 1272 1324 1323 οἱ
1366 1271 1464 1324 σὺν
1492 1271 1693 1335 αὐτοῖς,
1730 1270 1829 1343 τὴν
1855 1271 1966 1324 τῶν

403 1359 695 1430 Ἀνομοίων
735 1359 1335 1434 καλουμένωναῖρεσιν
1367 1364 1834 1435 ἀποστρεφόμενοι
1861 1405 1876 1430 ,
1905 1365 1964 1419 τὸ

391 1446 450 1500 δὲ
481 1447 816 1515 ὀμοιοούσιον
841 1448 1013 1520 ὄνομα
1053 1451 1172 1504 ἀντὶ
1202 1451 1295 1504 τοῦ
1322 1453 1607 1522 όμοουσίου
1657 1453 1960 1524 δεχόμενοι,

393 1535 594 1606 βιϐλίον
643 1537 720 1609 τῷ
766 1537 979 1609 βασιλεῖ
1019 1539 1419 1611 διεπέμψαντω
1468 1543 1628 1614 χάριν
1681 1542 1824 1615 ἔχειν
1885 1544 1963 1615 τῷ

389 1628 509 1699 Θεῷ
536 1629 940 1700 ὁμολογοῦντες,
974 1631 1056 1684 ὅτι
1087 1632 1253 1685 αὑτὸν
1283 1635 1660 1705 προεστήσατο
1687 1636 1787 1708 τῆς
1827 1637 1960 1690 Ῥω·

391 1719 566 1790 μαίων
609 1721 802 1792 ἀρχῆς.
855 1721 1109 1792 Ἐζήτουν
1151 1723 1208 1777 δὲ
1265 1723 1299 1794 ἦ
1336 1723 1407 1778 τὰ
1450 1728 1508 1779 ἐν
1550 1706 1810 1797 ’Δριμίνῳ
1862 1745 1964 1779 πε·
1997 1706 2038 1764 Β

389 1809 683 1881 πραγμένα
731 1811 826 1864 καὶ
870 1812 1194 1885 Σελευκείᾳ,
1245 1815 1413 1884 κύρια
1469 1815 1685 1887 μένειν,
1742 1817 1834 1870 καὶ
1894 1816 1964 1871 τὰ

390 1901 594 1972 σπουδῇ
625 1901 721 1955 καὶ
762 1903 990 1974 δυνάμει
1029 1905 1195 1960 τινῶν
1225 1908 1494 1977 γενόμενα
1541 1909 1730 1980 ἀργεῖν
1752 1927 1766 1940 ο
1803 1910 1836 1981 ἢ
1868 1910 1962 1964 τοῦ

391 1993 686 2064 σχίσματος
705 1993 814 2066 (51)
849 1995 940 2049 τοῦ
965 1997 1069 2068 πρὸ
1083 1997 1192 2050 τῶν
1213 1998 1440 2051 συνόδων
1465 2001 1582 2061 ταῖς
1619 1999 1967 2072 Ἐκκλησίαις

393 2084 664 2155 μένοντος,
713 2087 1133 2158 συγχωρηθῆναι
1159 2090 1286 2154 τοὺς
1324 2092 1572 2162 πανταχῆ
1605 2093 1962 2158 ἐπισκόπους,

386 2176 586 2242 αὐτοὺς
656 2177 778 2231 καθ’
831 2180 1058 2244 ἑαυτοὺς
1121 2181 1244 2234 ὅποι
1315 2181 1595 2254 βούλονται
1665 2185 1961 2248 συνελθεῖν,

389 2267 618 2339 μηδενὸς
651 2269 810 2324 ἄλλου
828 2270 1207 2335 κοινωνοῦντος
1247 2271 1358 2343 (52)
1391 2290 1404 2305 ·
1443 2274 1518 2344 μὴ
1570 2279 1874 2347 προχωρεῖν
1909 2277 1965 2331 δέ

389 2359 529 2413 κατὰ
575 2361 774 2414 σκοπὸν
817 2363 886 2415 τὰ
923 2362 1385 2434 ἐπιχειρούμενα,
1439 2367 1552 2429 τοῖς
1599 2367 1657 2417 ἐν
1701 2366 1857 2436 μέρει
1911 2384 1964 2419 τι

389 2450 732 2522 βουλομένοις
759 2455 1019 2526 πράττειν
1050 2454 1084 2527 ἢ
1114 2454 1422 2526 ἐξαπατᾷν,
1453 2456 1530 2519 ὼς
1559 2455 1652 2509 ἐπὶ
1681 2457 1966 2513 Κωνσταν-

386 2542 498 2596 τίου
534 2543 628 2598 τοῦ
666 2544 946 2615 βασιλέως.
1013 2547 1264 2619 Ἐδήλουν
1309 2549 1386 2616 δὲ,
1433 2547 1510 2621 μὴ
1556 2549 1963 2620 παραγενέσθαι

387 2636 528 2704 σφᾶς
579 2639 658 2700 είς
697 2637 758 2691 τὺ
799 2639 1191 2710 στρατόπεδον,
1231 2639 1372 2694 ὥστε
1413 2640 1488 2712 μὴ
1533 2640 1797 2713 ὀχληροὺς
1824 2637 1964 2697 εἶναι

382 2725 580 2780 δοκεῖψ
627 2729 680 2781 εί
726 2729 783 2782 δὲ
811 2731 1188 2800 ἐπιτραπεῖεν,
1217 2733 1471 2804 ἀσμένως
1506 2733 1663 2788 τοῦτο
1692 2736 1959 2808 ποιήσειν,

386 2819 700 2888 ὑποζυγίοις
731 2821 881 2886 ίδίοις
906 2825 998 2878 καὶ
1029 2824 1241 2896 δαπάνῃ
1259 2826 1575 2896 χρωμένους
1596 2826 1730 2897 (53).
1772 2828 1881 2880 Καὶ
1911 2829 1962 2881 οί

389 2911 511 2981 μὲν,
541 2913 717 2967 τοιάδε
756 2914 994 2987 Ἰοϐιανῷ
1020 2917 1098 2988 τῷ
1132 2916 1342 2988 βασιλεῖ
1363 2918 1628 2991 ἔγραψαν.
1675 2921 1764 2974 Ἐν
1789 2924 1963 2993 τούτῳ

385 3002 443 3098 δὲ
462 3005 708 3098 ,συνόδου
767 3008 1066 3098 γενομένης
1122 3009 1181 3062 ἐν
1242 3008 1541 3082 Ἀντιοχείᾳ.
1594 3011 1693 3083 τῆς
1739 3013 1958 3084 Συρίας,
1987 3039 2030 3098 C

390 3092 700 3162 βεϐαιοῦται
733 3096 844 3150 τῶν
879 3100 938 3151 ἐν
988 3099 1192 3171 Νικαίᾳ
1225 3099 1663 3172 συνεληλυθότων
1695 3105 1728 3174 ἡ
1756 3103 1958 3172 πίστις,

386 3185 481 3238 καὶ
503 3189 714 3257 κρατεῖ,
733 3186 874 3242 ὥστε
903 3190 1187 3263 ἀναμφηρί
1205 3190 1400 3263 [σ]τως
1420 3192 1514 3248 τὸν
1539 3195 1668 3249 Υἱὺν
1688 3195 1765 3266 τῷ
1793 3197 1964 3268 Πατρὶ

383 3276 626 3344 δοξάζειν
677 3282 983 3352 ὀμοούσιον.
1057 3286 1456 3358 Ἐκοινώνησαν
1513 3288 1572 3342 δέ
1621 3289 1824 3361 ταύτης
1865 3294 1964 3364 τῆς

385 3373 604 3427 συνόδου
641 3375 923 3441 Μελέτιος,
957 3376 1016 3442 ὃς
1043 3378 1164 3431 τότε
1185 3379 1354 3451 αὐτῆς
1385 3379 1483 3450 τῆς
1501 3381 1829 3453 Ἀντιοχείας
1852 3383 1964 3456 (54)

381 3463 484 3536 τὴν
531 3463 857 3537 Ἐκκλησίαν
889 3468 1253 3540 ἐπετρόπευε,
1300 3470 1394 3524 καὶ¹
1431 3470 1694 3536 Εὐσέϐιος
1721 3473 1750 3524 6
1783 3475 1963 3544 Σαμο-

388 3553 598 3618 σάτων,
648 3556 744 3609 καὶ
787 3556 1052 3627 Πελάγιος
1073 3559 1103 3611 6
1137 3559 1458 3625 Λαοδικείας
1488 3561 1590 3631 τῆς
1622 3562 1830 3634 Σύρων,
1869 3565 1961 3618 καὶ

395 3646 651 3711 Ἀκάκιος
680 3649 709 3701 6
738 3649 1074 3721 Καισαρείας
1097 3651 1197 3722 τῆς
1234 3652 1624 3725 Παλαιστίνης,
1658 3656 1762 3709 καὶ·
1789 3656 1958 3730 Εἰρη-

383 3737 514 3790 νίων
564 3739 594 3790 6
625 3738 854 3804 Γαζαῖος
883 3738 1028 3810 (55),
1059 3741 1153 3796 xui.
1203 3740 1521 3806 Ἀθανάσιος
1569 3744 1597 3796 6
1663 3743 1957 3817 Ἀγκύρας.

383 3826 570 3885 Ταῦτα
618 3829 676 3882 δέ
732 3828 1070 3900 πράξαντες,
1137 3829 1414 3902 ἐδήλωσαν
1486 3831 1566 3904 τῷ
1625 3832 1838 3904 βασιλεῖ
1886 3836 1953 3890 τά

381 3917 631 4024 δόξαντα,
662 3922 972 3992 γράψαντες
1008 3916 1133 3976 ὦδε·

2072 449 2126 503 in
2159 463 2372 503 summo
2393 446 2710 502 discrimine
2732 455 3057 501 versaretur
3078 488 3092 510 ,
3123 449 3274 502 taciti
3308 464 3501 506 omnes
3521 453 3645 520 qui-

2069 549 2316 604 everant,
2355 539 2699 609 junctimque
2733 537 2843 592 Deo
2895 538 3360 608 supplicaverunt,
3421 551 3480 595 ut
3511 541 3648 612 ipsis

2069 631 2340 700 propitius
2358 639 2526 685 esset.
2559 629 2684 684 Hanc
2714 631 2858 684 enim
2883 627 2994 684 fere
3021 630 3362 686 consuetudo
3391 640 3479 686 est
3497 648 3647 686 mor-

2069 721 2284 787 talium,
2307 729 2387 786 ut,
2414 721 2543 775 dum
2565 721 2636 774 ab
2659 721 2858 775 exteris
2877 720 3146 774 laeduntur
3171 760 3185 785 ,
3209 735 3333 776 cum
3357 722 3649 779 tribulibus

2068 812 2186 868 suis
2203 812 2550 866 concordiam
2587 820 2806 866 servent
2843 830 2854 865 :
2885 819 3170 880 postquam
3206 827 3333 866 vero
3373 812 3441 866 ab
3465 821 3647 866 extra-

2068 918 2297 959 neorum
2324 910 2470 957 metu
2499 902 2710 956 liberati
2752 911 2902 967 sunt,
2934 903 3036 972 ipsi
3063 903 3206 957 inter
3234 917 3293 957 se
3311 902 3642 958 dissideant.

2068 995 2268 1051 Verum
2321 1004 2454 1066 quot
2494 995 2746 1066 gentibus
2807 1011 2870 1050 ac
2937 995 3256 1051 civitatibus
3311 994 3458 1050 istud
3503 1011 3635 1050 con-

2065 1087 2269 1157 tigerit,
2304 1102 2411 1142 non
2467 1095 2551 1142 est
2603 1085 2768 1155 hujus
2820 1085 3084 1155 temporis
3144 1099 3458 1139 recensere.
3509 1084 3630 1139 Cae-

2067 1186 2242 1232 terum
2274 1193 2369 1248 per
2401 1177 2455 1233 id
2515 1188 2733 1247 tempus
2797 1175 3034 1232 Basilius
3080 1177 3332 1246 Ancyrae,
3387 1175 3648 1231 Silvanus

2067 1267 2246 1331 Tarsi,
2273 1266 2636 1338 .Sophronius
2679 1267 3079 1337 Pompeiopolis
3106 1267 3372 1336 episcopi,
3444 1267 3648 1336 aliique

2064 1359 2308 1428 ejusdem
2330 1374 2454 1414 cum
2498 1359 2631 1429 ipsis
2675 1359 2994 1424 sententiae,
3044 1357 3134 1426 qui
3180 1357 3646 1412 Anommanorum

2063 1450 2282 1520 quidem
2347 1450 2656 1504 doctrinam
2707 1449 3125 1510 aversabantur,
3182 1447 3346 1518 223
3411 1449 3645 1503 similem

2065 1556 2195 1595 vero
2244 1539 2556 1596 substantia
2611 1554 2710 1608 pro
2766 1537 3222 1593 consubstantiali
3285 1539 3646 1602 admiserant,

2063 1630 2304 1687 libellum
2332 1631 2399 1686 ad
2426 1631 2806 1701 imperatorem
2832 1632 3122 1697 miserunt,
3144 1645 3254 1701 quo
3278 1630 3646 1697 testabantur,

2067 1723 2274 1794 gratias
2308 1722 2528 1792 quidem
2554 1739 2614 1779 se
2644 1723 2751 1778 Deo
2781 1737 2962 1794 agere,
2993 1723 3136 1792 quod
3177 1723 3356 1792 ipsum
3395 1721 3644 1775 Romano

2066 1816 2300 1886 imperio
2353 1813 2707 1885 praefecisset.
2741 1815 3103 1871 Postulabant
3135 1823 3322 1868 autem
3370 1822 3430 1868 ut
3461 1813 3547 1869 vel
3584 1828 3651 1867 ea

2067 1923 2191 1978 quae
2219 1906 2456 1962 Arimini
2496 1916 2552 1962 et
2581 1905 2844 1962 Seleuciae
2882 1914 3036 1978 gesta
3064 1915 3242 1969 erant,
3275 1911 3396 1958 rata
3434 1919 3648 1976 perma-

2067 2005 2284 2059 nerent,
2327 2013 2391 2053 ea
2414 2011 2548 2052 vero
2577 2012 2698 2067 quae
2721 1996 2906 2051 studio
2925 2011 2988 2051 ac
3014 1999 3256 2066 potentia
3279 1997 3644 2066 quorumdam

2067 2097 2188 2144 acta
2216 2087 2456 2153 fuerant,
2475 2088 2632 2143 irrita
2667 2097 2886 2143 essent:
2916 2087 3005 2143 vel
3031 2095 3287 2143 manente
3318 2089 3502 2157 priore
3533 2088 3649 2144 dis-

2067 2165 2210 2236 sidio
2253 2181 2399 2250 quod
2430 2189 2558 2236 ante
2589 2180 2714 2236 illas
2749 2179 2993 2252 synodos
3024 2179 3080 2234 in
3123 2178 3392 2236 Ecclesiis
3423 2179 3647 2244 fuerat,

2066 2274 2325 2330 omnibus
2351 2274 2556 2344 ubique
2588 2273 2872 2344 episcopis
2899 2287 3228 2343 quocunque
3261 2271 3466 2326 vellent
3499 2269 3646 2336 loco,

2069 2365 2123 2421 in
2154 2381 2324 2421 unum
2359 2367 2661 2422 convenire
2691 2365 2906 2433 liceret,
2937 2364 3160 2420 nemine
3183 2364 3291 2419 alio
3330 2364 3388 2418 in
3419 2376 3647 2418 conses-

2066 2471 2187 2512 sum
2227 2455 2505 2524 admisso;
2547 2464 2716 2526 utque
2765 2454 2993 2511 consilia
3035 2469 3226 2511 eorum
3253 2455 3347 2526 qui
3391 2467 3649 2510 seorsum

2066 2550 2346 2623 quidpiam
2381 2563 2546 2620 agere
2575 2556 2628 2604 et
2660 2548 2798 2603 alios
2826 2545 3082 2617 decipere
3107 2545 3335 2610 vellent,
3383 2544 3648 2615 quemad-

2066 2644 2287 2698 modum
2320 2640 2674 2711 imperatoris
2709 2638 3023 2695 Constantii
3053 2637 3396 2708 temporibus
3429 2636 3644 2692 accide-

2066 2746 2173 2803 rat,
2213 2748 2558 2806 nequaquam
2589 2731 2658 2788 ad
2687 2731 2894 2788 exitum
2925 2730 3152 2801 perduci
3186 2730 3519 2786 sinerentur.
3553 2727 3642 2784 Sl-

2066 2826 2397 2898 gniﬁcarunt
2425 2833 2690 2895 praeterea
2729 2839 2790 2879 se
2818 2821 2887 2878 ad
2913 2823 3236 2879 comitatum
3270 2839 3382 2877 non
3403 2822 3644 2890 venisse,

2066 2937 2134 2977 ne
2167 2919 2388 2976 molesti
2419 2933 2542 2974 esse
2597 2917 2938 2973 viderentur.
2977 2915 3034 2970 Si
3082 2930 3212 2972 vero
3245 2916 3436 2970 venire
3479 2914 3642 2984 jube-

2067 3020 2279 3077 rentur,
2315 3026 2374 3067 se
2407 3026 2508 3066 suo
2537 3019 2758 3079 sumptu
2793 3023 2856 3063 ac
2883 3008 3127 3080 prapriis
3157 3009 3422 3077 iumentis
3457 3008 3512 3062 id
3541 3023 3646 3063 cu-

2063 3105 2188 3178 pide
2226 3103 2492 3159 facturos.
2521 3104 2700 3171 Atque
2731 3100 2822 3156 isti
2852 3099 3075 3171 quidem
3107 3099 3223 3154 haec
3253 3099 3320 3152 ad
3351 3097 3642 3153 Jovianum

2064 3201 2452 3269 imperatorem
2480 3194 2776 3264 scripsere.
2815 3191 2919 3248 Per
2950 3191 3096 3247 idem
3131 3195 3370 3261 tempus,
3401 3205 3525 3245 cum
3555 3205 3646 3260 sy-

2063 3289 2243 3346 nodus
2285 3285 2594 3343 Antiocbiae
2642 3285 2699 3340 in
2746 3282 2906 3357 Syria
2937 3291 3087 3340 esset
3116 3291 3476 3354 congregata,
3509 3282 3647 3337 fides

2062 3398 2256 3440 eorum
2306 3379 2397 3451 qui
2458 3377 2654 3433 Nicaeae
2705 3376 2839 3432 olim
2888 3383 3268 3431 convenerant
3319 3374 3645 3430 confirmata

2061 3483 2148 3529 est
2191 3478 2574 3540 statutumque
2629 3476 2687 3522 ut
2719 3466 2838 3522 sine
2875 3464 3256 3520 controversia
3285 3463 3457 3518 Filius
3491 3462 3672 3518 Patri’

2060 3560 2560 3620 consubstantialis
2593 3558 2664 3614 ab
2693 3556 2954 3612 omnibus
2993 3557 3330 3612 crederetur.
3369 3554 3644 3610 lnterfue-

2059 3663 2190 3712 runt
2240 3654 2370 3710 huic
2423 3651 2658 3724 synodo,
2708 3649 2967 3706 Meletius
3013 3649 3109 3720 qui
3156 3649 3417 3704 Ecclesiae
3449 3648 3644 3703 Antio-

2060 3750 2250 3807 chenae
2288 3756 2422 3802 tunc
2460 3745 2648 3801 denuo
2676 3743 3028 3816 praesidebat,
3056 3754 3110 3799 et
3139 3741 3414 3799 Eusebius
3441 3741 3644 3797 Samo-

2061 3839 2303 3896 satensis
2333 3837 2651 3907 episcopus,
2689 3842 2744 3891 et
2790 3834 3043 3906 Pelagius
3093 3833 3374 3890 Laodiceae
3404 3849 3525 3905 quae
3559 3841 3643 3889 est

2059 3950 2114 3988 in
2150 3931 2344 4003 Syria;
2384 3929 2617 3986 Aeacius
2645 3928 2772 3984 item
2806 3928 3069 3985 Caesareae
3101 3928 3426 3992 Palaestinae,
3457 3937 3510 3982 et
3535 3928 3644 3982 Ire-

1573 4083 1846 4142 VALESII
1885 4087 2441 4148 ANNOTATIONES.

452 4169 566 4241 (5|)
590 4168 664 4242 Ἦ
685 4167 791 4242 rga?
809 4169 994 4242 αὑτοῦ
1015 4170 1344 4242 σχήματος.
1369 4173 1425 4228 In
1440 4174 1630 4231 codice
1655 4175 1959 4233 Fuketiano

382 4249 437 4294 et
494 4237 636 4318 apud
700 4237 1095 4319 Il‘lnicephoru'ni'
1129 4237 1339 4319 legitur
1392 4245 1725 4319 σχίσματος,
1772 4248 1958 4319 _longe

2067 4183 2368 4250 pa‘rreciam
2401 4197 2554 4236 suam
2587 4192 2944 4250 congregare,
2977 4177 3197 4250 nemine
3244 4178 3353 4232 alio
3382 4178 3566 4247 episco

2104 4260 2354 4308 raesente.
2387 4251 2443 4304 ln
2477 4252 2666 4306 codice
2692 4248 2997 4304 Fuketiano
3036 4248 3301 4317 scriptum
3326 4250 3508 4304 inveni
3542 4248 3639 4306 ἄλ-

380 4308 926 4400 rectiust‘uidflallor.
972 4310 1116 4400 Izjam
1145 4308 1274 4395 ante
1312 4308 1740 4400 Ariminenseth
1765 4308 1958 4400 βυιεῖι-
1994 4368 2035 4400 _.
2063 4308 2195 4385 λοις.
2239 4321 2778 4400 Quam__scripturanr
2815 4319 2861 4374 si
2888 4308 3204 4400 sequamur,
3241 4319 3476 4400 hie‘erit
3513 4338 3640 4377 sen-

381 4380 912 4459 ci_cnse_concilium_,
958 4379 1216 4459 _Ecclesia
1246 4386 1610 4459 “gravissimo
1663 4387 1962 4459 schismate
1994 4393 2037 4448 D
2068 4379 2170 4446 sus
2199 4410 2211 4445 :
2249 4379 2330 4446 'Ut
2356 4391 2539 4446 nullus
2566 4379 2861 4459 episcopus
2892 4379 3132 4444 Orientis
3155 4379 3280 4443 cum
3309 4387 3638 4447 Occidenta-

381 4449 686 4522 laborabat,
734 4450 847 4518 jam
878 4451 1008 4507 inde
1042 4467 1072 4505 a
1102 4449 1338 4508 concilio
1374 4453 1708 4522 Serdicensi,
1757 4457 1812 4512 in
1845 4473 1954 4522 quo

382 4530 543 4596 rupta
578 4518 775 4596 fuerat;
794 4522 1109 4596 communio
1141 4525 1282 4596 inter
1306 4522 1611 4580 Orientales
1641 4518 1805 4596 atque
1845 4518 1951 4583 Oc-

382 4589 706 4646 cidentales.
736 4591 834 4645 Cui
856 4593 999 4647 malo
1021 4602 1080 4646 ut
1107 4595 1416 4648 mederetur
1438 4589 1814 4658 Constanti-us,
1842 4598 1954 4653 haec

353 4658 494 4714 'duo
537 4663 924 4730 episcoporum
959 4663 1192 4717 concilia
1247 4675 1666 4721 convocaverat.
1723 4667 1829 4724 Sed
1867 4684 1954 4726 res

378 4730 652 4786 infelicem
674 4739 924 4785 eventum
958 4735 1152 4788 sortita
1184 4741 1286 4789 est.

452 4800 564 4872 (52)
593 4800 865 4867 Μηδενὸς
889 4799 1086 4858 ἄλλου
1122 4804 1573 4872 κοινωνοῦντας.
1618 4805 1743 4862 Haec
1789 4811 1956 4867 verba

379 4868 723 4948 l‘liéephorus
749 4872 815 4926 de
829 4873 1196 4948 saecularibus
1223 4874 1509 4948 judicibus
1529 4868 1824 4946 'exposuit,
1856 4880 1950 4948 qui

381 4942 794 5016 imperatorum
822 4942 1005 5016 jussu,
1045 4945 1292 5016 Asynodis
1344 4942 1725 5016 episcoporum
1782 4942 1950 5004 inter-

379 5011 559 5065 erant.
593 5011 688 5067 Sic
709 5013 854 5090 enim
881 5014 993 5068 haec
1035 5011 1795 5090 Srigonienijerba'reddidit
1826 5036 1840 5083 ;
1875 5021 1948 5090 μή

379 5098 526 5146 τινος
566 5081 832 5153 κοσμικοῦ
868 5085 1273 5153 νκοινωνοῦντος.
1320 5085 1559 5143 Possunt
1612 5099 1791 5143 tamen
1827 5081 1953 5144 haec

381 5153 804 5226 verbaAintelligi
846 5152 925 5226 de,
965 5155 1098 5226 ipsis
1124 5158 1418 5226 episcopis,
1451 5174 1515 5212 ac
1560 5158 1795 5215 fortasse
1832 5175 1950 5215 me-

382 5222 510 5277 lius.
543 5221 802 5277 Petebant
843 5221 1000 5278 enini
1030 5221 1607 5291 Basilius,'Silvanus,
1642 5243 1694 5282 et
1741 5231 1856 5292 alii,
1892 5238 1951 5284 ut

382 5293 575 5348 liceret
613 5294 850 5364 singulis
903 5296 1180 5367 episc0pis
1229 5313 1479 5353 seorsum
1529 5301 1773 5370 synodos
1811 5301 1954 5355 intra

2067 4461 2212 4516 libus
2237 4461 2632 4525 communicet,
2657 4461 2744 4516 vel
2767 4465 2981 4514 contra.

2132 4531 2244 4601 (55)
2278 4530 2590 4601 Καίίπὰνυ
2619 4529 2982 4601 χρωμένους,
3020 4526 3176 4582 llune
3217 4528 3394 4601 locum
3422 4533 3640 4586 correxi

2062 4615 2126 4655 ex
2145 4599 2344 4656 codice
2373 4599 2693 4662 Fuketiano,
2715 4599 2768 4654 in
2793 4613 2904 4670 quo
2922 4599 3126 4670 diserte
3147 4599 3410 4670 scriptum
3435 4610 3518 4656 est
3547 4601 3640 4656 καὶ

2060 4671 2295 4744 δαπάνῃ.
2339 4671 2495 4744 Apud
2522 4669 2891 4744 Nicephorum
2919 4669 2974 4744 in
3009 4683 3154 4744 cap._
3177 4669 3248 4723 40
3283 4671 3407 4725 libri
3435 4671 3636 4726 decimi

2061 4739 2330 4803 δαπάνᾶις
2369 4739 2590 4813 legitur,
2621 4739 2781 4813 quod
2806 4750 2890 4813 est
2923 4739 3249 4813 elegantius.

2135 4813 2247 4881 (54)
2288 4815 2392 4878 Ὃς
2423 4806 2555 4866 ἱότε
2587 4806 2902 4881 αὖτῆςςῆς
2953 4806 3334 4881 Ἀντιοχείας.
3384 4806 3640 4881 _S_criben-

2056 4877 2186 4938 dum
2231 4877 2379 4951 puto
2450 4883 2508 4946 ὃς
2563 4883 2684 4936 τότε
2728 4877 2939 4951 αὖθις,
3009 4889 3114 4951 etc.
3148 4877 3332 4934 "Nam
3389 4878 3640 4936 Meletius

2059 4961 2192 5006 tunc
2243 4949 2644 5008 Antiochenam
2693 4951 2879 5008 sedem
2910 4949 2978 5004 de
3009 4950 3227 5021 integro
3278 4965 3638 5021 recuperave-

2058 5031 2164 5078 rat.

2129 5093 2241 5162 (55)
2267 5093 2559 5162 Εἱρηνίων
2584 5094 2617 5146 ὁ
2638 5091 2904 5162 Γᾳζιιῖος.
2939 5089 3112 5162 Hujus
3137 5089 3404 5145 lrenionis
3443 5090 3637 5162 memi-

2058 5160 2408 5219 nit‘Marcus'
2442 5164 2496 5217 in
2535 5163 2644 5216 vita
2701 5161 2987 5233 Porphyrii
3055 5161 3320 5217 Gazensis
3370 5160 3638 5230 episcopi,

2057 5249 2293 5306 eumque
2315 5235 2471 5290 miris
2512 5233 2766 5288 laudibus
2795 5233 3028 5288 extollit.

1819 5457 2127 5518 VARIORU
2137 5461 2206 5516 Μ.

383 5543 821 5633 ptrilrsqrte'eius
861 5533 1208 5633 praelectum:
1244 5551 1424 5623 aliqua
1464 5554 1694 5633 vestigia
1739 5553 1794 5608 in
1827 5554 1959 5623 legi-

379 5613 484 5668 bus
688 5613 904 5693 'l"heod'._
959 5636 1055 5690 per
1085 5621 1196 5693 haec
1247 5613 1496 5692 tempora
1542 5613 1686 5679 datis
1713 5613 1961 5693 superés-

379 5693 527 5740 sent.
579 5686 805 5759 Decepit
861 5686 1007 5746 vires
1074 5690 1266 5748 ductos
1318 5686 1666 5764 cegnominis
1730 5686 1957 5751 Sallustii

2066 5557 2297 5611 oinissin
2321 5557 2373 5610 in
2424 5556 2786 5622 inscriptione
2822 5571 2850 5608 a
2893 5551 3114 5622 Valesio
3148 5549 3364 5622 ιὀῑίιῑτῌ
3397 5543 3641 5622 (ιιιυρηςι

2067 5627 2120 5680 in
2153 5627 2296 5750 giliis
2364 5627 2565 5697 sacpius
2603 5613 2842 5682 factum.
2904 5628 3027 5679 Ant.
3063 5620 3214 5684 Paci,
3261 5617 3328 5670 ad
3359 5633 3481 5670 (ιιιιι.
3511 5613 3637 5679 3ὓ2,

2068 5713 2124 5750 ιι.
2190 5718 2243 5750 ο.

2068 5713 2124 5752 ιι.
2154 5713 2243 5750 Od.
