4040 6216
429 248 569 304 ιειρδ

1911 252 2251 309 SOZUMENI

3573 256 3726 317 1304

431 367 524 420 nio
553 363 714 419 Gnate
756 365 1090 438 episcOpus:
1129 369 1466 427 Athanasius
1492 370 1730 441 denique
1762 372 2010 443 Ancyrae.
2048 371 2153 438 Qui
2186 389 2312 429 cum
2359 389 2425 432 ea
2497 392 2620 450 quae
2684 378 2801 433 dixi
2842 379 3173 451 gessissent,
3201 378 3429 435 decreta
3469 392 3571 433 sua
3620 378 3724 432 im-

431 456 670 534 peratori
704 473 800 528 per
828 458 928 513 has
960 461 1172 515 litteras
1200 462 1608 533 signiﬁcarunt.

432 544 851 634 Religiosisg'inio
886 550 1091 634 Qeoque
1116 552 1431 634 charissima
1459 553 1674 634 domino
1697 564 1876 610 nostra
1917 552 2017 634 Jo-_

2133 544 2641 634 Téfﬁgeﬁsytdtq)
2661 552 2760 634 καὶ
2785 552 3230 634 θεοφιυζεστὰτερ
3251 553 3421 634 ἡμῶγ
3438 555 3720 634 δεσπότῃ

503 618 682 695 cinno,
716 618 915 695 Victori
944 618 1202 695 Augusto,
1234 624 1467 694 synodus
1517 627 1881 695 episcoporum
1925 623 2017 694 qui

501 706 568 747 ex
597 691 823 746 diversis
852 694 1138 761 provinciis
1173 691 1477 766 congregati
1505 691 1627 750 sunt
1654 691 1972 750 Antiochiae.

507 850 666 919 Quod
715 852 1153 909 ecclesiasticam
1203 867 1392 924 pacem
1444 861 1613 922 atque
1661 854 2016 910 concordiam

436 952 531 999 tua
585 943 823 1014 primum
883 944 1063 1015 pietas
1091 943 1394 1001 conciliare
1423 944 1725 1013 studuerit,
1743 945 1846 1017 ipsi
1879 963 2018 1017 quo—

436 1050 546 1104 que
604 1036 776 1104 probe
825 1036 1102 1103 novimus,
1151 1035 1481 1093 charissime
1537 1037 1649 1093 Deo
1696 1037 2016 1108 imperator.

438 1125 596 1193 Quod
637 1141 766 1181 vero
816 1126 1048 1181 formam
1099 1137 1265 1183 rectae
1311 1138 1478 1200 atque
1515 1128 1835 1186 orthodoxa.-
1869 1129 2017 1195 ﬁdei,

439 1228 611 1290 caput
661 1234 788 1276 esse
823 1219 990 1290 hujus
1042 1220 1279 1277 unitatis
1328 1232 1475 1278 recte
1513 1224 1828 1290 censueris,
1874 1224 2021 1279 istud

438 1312 605 1368 etiam
633 1327 746 1367 non
788 1313 1127 1384 ignoramus.
1160 1313 1529 1379 Quamobrem
1563 1330 1633 1372 ne
1660 1330 1763 1372 nos
1805 1331 1873 1371 ex
1913 1332 2020 1371 nu-

440 1417 596 1459 mero
638 1402 859 1459 illorum
905 1405 1001 1475 qui
1046 1404 1299 1461 veritatis
1328 1406 1641 1462 doctrinam
1682 1406 2019 1474 adulterant,

438 1508 564 1551 esse
591 1494 899 1561 videamur,
933 1495 1187 1567 religioni
1225 1504 1334 1552 tua:
1380 1496 1784 1569 signiﬁcamus,
1816 1513 1920 1555 nos
1954 1497 2023 1553 ﬁ-

440 1586 564 1644 dem
596 1603 790 1644 eorum
818 1589 912 1659 qui
944 1587 1141 1645 Nicaeae
1166 1590 1334 1663 224
1357 1592 1488 1646 olim
1518 1592 1841 1664 congregati
1870 1601 2021 1661 sunt,

441 1687 497 1736 et
534 1680 773 1751 probare
823 1689 878 1736 et
932 1683 1192 1738 retinere.
1230 1683 1448 1739 Etenim
1488 1685 1820 1741 vocabulqu
1871 1684 1928 1739 in
1959 1699 2024 1739 ea

443 1775 658 1847 synodo
707 1776 972 1847 positum,
1018 1776 1170 1847 quod
1216 1776 1554 1847 quibusdam
1602 1790 1808 1832 novum
1861 1784 2028 1847 atque

443 1867 692 1924 insolens
746 1867 993 1933 videtur,
1062 1868 1559 1925 consubstantialis
1610 1867 1910 1931 videlicet,
1969 1867 2025 1922 id

441 1961 820 2018 cautissimam
850 1961 1365 2032 interpretationem
1392 1976 1424 2016 a
1457 1960 1718 2016 Patribus
1770 1959 2021 2029 accepit;

442 2062 504 2107 ut
537 2052 751 2109 scilicet
789 2051 967 2107 Filius
991 2068 1058 2108 ex
1099 2052 1417 2108 substantia
1461 2051 1645 2108 Patris
1692 2038 1938 2120 genitus,
1970 2058 2026 2107 et

441 2144 621 2216 quoad
654 2142 1020 2201 substantiam
1064 2141 1214 2197 Patri
1263 2142 1462 2198 similis
1499 2157 1624 2199 esse
1657 2141 2022 2213 intelligatur.

442 2236 562 2292 Non
616 2250 728 2307 quo
775 2234 1058 2307 perpessio
1107 2233 1362 2306 quaedam
1410 2234 1466 2291 in
1516 2235 1613 2290 illa
1666 2233 2023 2291 inenarrabili

442 2329 796 2399 generatione
824 2328 1119 2399 cogitetur,
1149 2335 1247 2383 aut
1272 2343 1474 2385 nomen
1509 2328 1836 2385 substantiae
1863 2326 2024 2398 juxta

440 2420 728 2492 gentilium
763 2436 930 2477 usum
966 2427 1023 2478 et
1048 2421 1508 2479 consuetudinem
1536 2421 1885 2493 accipiatur:
1924 2420 2025 2477 sed

443 2520 506 2567 ut
549 2519 831 2568 evertatur
876 2510 931 2565 id
980 2512 1127 2583 quod
1179 2512 1347 2570 Arius
1393 2528 1566 2569 ausus
1597 2521 1720 2568 erat
1774 2527 2024 2569 asserere

443 2603 645 2660 Filium
694 2620 761 2660 ex
809 2603 993 2660 nihilo
1018 2604 1331 2661 exstitisse.
1366 2603 1524 2673 Quod
1554 2606 1780 2678 quidem
1820 2612 1877 2660 et
1927 2604 2025 2661 isti

440 2698 539 2770 qui
586 2713 764 2769 nuper
810 2696 990 2755 exorti
1036 2704 1172 2752 sunt
1220 2697 1500 2764 Anomoai,
1539 2699 1716 2754 multo
1753 2696 2024 2753 audacius

443 2799 606 2861 atque
638 2788 1014 2860 impudentius
1047 2787 1113 2844 ad
1141 2788 1443 2860 perniciem
1471 2788 1867 2846 ecclesiasticae
1891 2804 2024 2845 con-

440 2883 648 2939 cordiae
704 2883 891 2955 palam
946 2882 1269 2954 praedicant.
1322 2880 1465 2938 Huic
1518 2889 1705 2939 autem
1762 2881 2023 2939 relationi

440 2983 650 3033 nostrae
670 2975 977 3046 adjecimus
1009 2975 1174 3030 etiam
1206 2974 1518 3046 exemplum
1554 2974 1680 3031 ﬁdei
1710 2975 2024 3045 illius,qua:

442 3068 514 3126 ab
563 3064 765 3123 iisdem
816 3065 1097 3136 episcopis
1146 3063 1343 3121 Nicaeae
1374 3065 1725 3140 congregatis
1772 3068 2022 3137 exposita

440 3165 548 3225 est,
592 3171 759 3229 quam
798 3165 854 3213 et
904 3171 1012 3213 nos
1062 3156 1402 3227 suscipimus
1454 3172 1520 3213 ac
1571 3157 1895 3228 probamus.
1955 3159 2022 3213 Et

2208 619 2482 688 Ἰόόιανῷ,
2540 619 2760 692 νικητῇ
2792 619 3139 693 Αὐγούστῳ.
3173 619 3210 685 ἡ
3229 619 3349 678 τῶν
3372 626 3443 678 ἐν
3485 619 3723 685 Ἀντιοῖ

2193 692 2329 768 zelo
2382 694 2808 768 Gya-8.1erng
2861 693 3221 749 ἐπισκόπων
3276 696 3347 749 ἐκ
3405 696 3724 768 διαφόρων

2194 759 2499 831 ἐπαρχιῶν
2537 762 2823 830 σύνοδος.

2196 850 2308 921 Τὴν
2340 850 2801 921 ὲκκλησιαστικὴν
2831 853 3059 925 εἰρήνην
3099 872 3160 909 τε
3189 856 3287 911 καὶ
3330 858 3592 929 ὁμόνοιαν
3631 860 3721 913 ὅτι

2126 954 2221 991 σου
2244 937 2340 991 καὶ
2360 937 2997 1012 πρώτη(56)πρεσ6εύειν
3020 942 3353 1001 ἐσπούδακεν
3381 947 3416 1015 ἡ
3432 945 3722 1012 εὐσέϐεια,

2126 1026 2187 1085 εὖ
2223 1030 2381 1103 ῐσμεν
2412 1032 2506 1085 καὶ
2538 1033 2726 1101 αὐτοὶ,
2760 1032 3143 1104 θεοφιλέστατε
3196 1034 3441 1107 βασιλεῦ.
3490 1037 3620 1093 Ὀτι
3655 1039 3722 1092 δὲ

2126 1125 2417 1196 κεφάλαιον
2443 1126 2544 1197 τῆς
2584 1127 2842 1199 τοιαύτης
2886 1128 3174 1197 ἑνότητος,
3212 1129 3312 1200 τῆς
3343 1128 3584 1202 ἀληθοῦς
3616 1133 3721 1184 καὶ

2128 1213 2408 1288 ὀρθοδόξου
2442 1216 2675 1282 πίστεως
2701 1216 2883 1282 καλῶς
2907 1217 3214 1291 ὑπείληφας
3237 1218 3329 1273 τὸν
3355 1220 3717 1291 χαρακτῆρα,

2125 1308 2248 1362 οὐδὲ
2297 1308 2456 1363 τοῦτο
2503 1309 2808 1381 ἀγνοοῦμεν
2829 1350 2843 1363 .
2870 1310 3006 1365 ’Ἵνα
3043 1310 3222 1366 τοίνυν
3275 1311 3352 1383 μὴ
3400 1312 3542 1383 μετά
3602 1314 3721 1369 τῶν

2129 1398 2669 1470 παραχαρασσόντων
2714 1402 2786 1455 τὰ
2822 1401 3073 1471 δόγματα
3118 1403 3217 1474 τῆς
3239 1402 3502 1475 ἀληθείας
3546 1406 3719 1460 raed-

2129 1490 2255 1562 χθαι
2290 1490 2662 1563 νομιζώμεθα,
2701 1494 3050 1567 ἀναφέρομεν
3094 1497 3162 1567 τῇ
3191 1497 3259 1567 σῇ
3298 1496 3584 1568 εὐλαϐείᾳ,
3630 1499 3721 1553 ὅτι

2128 1585 2228 1655 τῆς
2275 1584 2436 1655 ἁγίας
2470 1585 2692 1639 συνόδου
2738 1586 2840 1659 τῆς
2871 1589 2930 1640 ὲν
2961 1587 3169 1660 Ntxatiq.
3222 1589 3391 1644 πάλαι
3441 1591 3720 1662 πρότερον

2133 1677 2602 1752 συγκροτηθείσης
2647 1678 2748 1755 τὴν
2796 1679 2983 1735 πίστιν
3026 1682 3122 1736 καὶ
3169 1682 3585 1754 ἀποδεχόμεθα,
3620 1687 3723 1739 aut

2130 1771 2455 1843 κατέχομεν.
2491 1770 2688 1829 Ὁπότε
2720 1773 2817 1827 καὶ⁴
2842 1773 2904 1827 τὸ
2933 1772 3124 1829 δοκοῦν
3162 1775 3221 1828 ὲν
3244 1776 3384 1847 αὐτῇ
3416 1793 3532 1830 τισι
3562 1776 3724 1844 ξένον

2131 1862 2324 1934 ὄνομα,
2351 1863 2412 1918 τὸ
2439 1863 2534 1918 τοῦ
2574 1864 2865 1935 ὀμοουσίου
2898 1867 3101 1937 φαμὲν,
3135 1866 3413 1938 ἀσφαλοῦς
3440 1868 3724 1941 τετύχηκε

2132 1955 2285 2027 παρὰ
2313 1957 2427 2020 τοῖς
2448 1956 2728 2028 Πατράσιν
2754 1958 3072 2029 ἑρμηνείας,
3101 1960 3473 2032 σημαινούσης
3519 1963 3608 2016 ἔτι
3658 1966 3726 2018 ὲκ

2132 2045 2232 2117 τῆς
2264 2045 2454 2110 οὐσίας
2504 2046 2600 2100 τοῦ
2649 2046 2862 2119 Πατρὸς
2914 2050 2942 2103 ὁ
2988 2047 3114 2113 Υἱὸς
3153 2050 3445 2121 ἐγεννήθη,
3495 2052 3595 2105 καὶ
3640 2053 3727 2108 ὅτι

2131 2137 2315 2209 ὅμοιος
2359 2138 2481 2192 κατ’
2521 2140 2710 2194 οὐσίαν
2748 2140 2826 2211 τῷ
2861 2140 3055 2212 Πατρί.
3095 2140 3235 2196 Οὔτε
3283 2142 3343 2198 δὲ
3381 2143 3457 2208 ὡς
3504 2143 3729 2209 πάθους

2131 2230 2274 2296 τινὸς
2330 2233 2460 2303 περὶ
2511 2232 2611 2304 τὴν
2680 2231 2921 2306 ἄρρητον
2982 2233 3238 2305 γέννησιν
3294 2236 3728 2308 ἑπινοουμένου,

2130 2318 2255 2375 οὔτε
2304 2322 2446 2378 κατά
2493 2339 2616 2378 τινα
2652 2325 2848 2397 χρῆσιν
2886 2324 3203 2399 Ἑλληνικὴν
3249 2325 3596 2398 λαμϐάνεται
3661 2331 3731 2383 τὸ

2129 2411 2304 2485 ὄνομα
2354 2416 2454 2485 τῆς
2504 2414 2724 2479 οὐσίας’
2769 2417 2852 2481 εἰς
2894 2415 3211 2489 ἀνατροπὴν
3258 2418 3319 2472 δὲ
3364 2417 3460 2472 τοῦ
3507 2419 3572 2479 EE
3617 2422 3730 2474 οὐκ

2130 2504 2300 2559 ὄντων
2342 2504 2470 2577 περὶ
2522 2505 2614 2560 τοῦ
2647 2506 2776 2561 Υἱοῦ
2813 2507 3025 2573 ἀσεϐῶς
3074 2509 3439 2581 τολμηθέντος
3490 2512 3726 2585 ’Δρείφ.

2133 2597 2313 2669 Ὅπερ
2342 2598 2436 2652 καὶ
2465 2598 2516 2651 οί
2539 2597 2634 2652 νῦν
2663 2600 3120 2672 ὲπιφοιτήσαντες
3157 2601 3446 2672 Ἀνὸμοιοι,
3464 2603 3551 2656 ἔτι
3578 2604 3730 2674 θρα-

2132 2687 2358 2761 σύτερον
2405 2689 2499 2744 καὶ
2543 2690 2973 2765 τολμηρότερον,
3019 2693 3114 2747 ἐπὶ
3154 2692 3302 2767 λύμῃ
3350 2695 3454 2765 τῆς
3506 2696 3727 2768 ἐκκλη-

2132 2781 2418 2852 ωαστικῆς
2466 2782 2726 2853 ὁμονοίας
2783 2783 3154 2855 ἀναισχύντως
3209 2784 3725 2861 παρρησιάζονταί..

2130 2873 2508 2946 Συνετάξαμεν
2557 2873 2612 2928 δὲ
2664 2874 2790 2947 τῇδε
2851 2875 3008 2948 ἡμῶν
3061 2879 3128 2949 τῇ
3191 2877 3442 2950 ἀναφορᾴ
3494 2878 3597 2932 καὶ
3650 2880 3725 2935 τὸ

2130 2966 2465 3037 ἀντίγραφον
2496 2965 2595 3037 τῆς
2630 2966 2799 3039 αὐτῆς
2830 2968 3089 3032 πίστεως,
3129 2969 3230 3040 τῆς
3267 2971 3326 3023 ὲν
3370 2970 3582 3043 Νικαίᾳ
3608 2971 3727 3027 {mh

2127 3058 2238 3112 τῶν
2263 3058 2742 3131 συγκροτηθέντων
2771 3061 3087 3115 ἐπισκόπων
3110 3062 3380 3134 τεθείσης,
3403 3064 3598 3134 ἥντινα
3619 3067 3727 3119 καὶ

2128 3151 2452 3223 ἀγαπῶμεν.
2488 3154 2601 3207 Καὶ
2629 3151 2699 3206 τὰ
2733 3152 2835 3224 μὲν
2870 3148 2973 3207 ὧδε
3010 3152 3348 3225 ἐψηφίσαντο
3395 3155 3448 3208 οἱ
3488 3155 3612 3210 τότε
3643 3159 3721 3228 τῇ

441 3255 560 3312 hac
585 3250 807 3323 quidem
846 3249 1218 3306 decreverunt
1262 3248 1508 3320 episcopi
1545 3249 1639 3322 qui
1670 3264 1738 3305 eo
1767 3256 2019 3321 tempore

2140 3244 2442 3318 Ἀντιοχείᾳ
2496 3245 2856 3318 ἐνδημοῦντες
2896 3246 3092 3317 ἱερεῖς,
3152 3247 3339 3311 αὐτοῖς
3387 3249 3576 3320 ῥητοῖς
3612 3250 3724 3320 τὴν

440 3343 745 3401 Antiochiae
792 3343 1186 3406 morabantur,
1232 3339 1391 3397 ﬁdem
1445 3341 1515 3398 ab
1559 3341 1843 3414 episcopis
1890 3342 2023 3397 olim

440 3437 636 3495 Nicaeae
683 3435 1037 3508 congregatis
1073 3434 1411 3505 expositam,
1448 3434 1645 3491 iisdem
1681 3434 1869 3492 verbis
1902 3434 2023 3506 qui-

439 3532 545 3588 bus
578 3528 786 3600 scripta
821 3527 1026 3592 fuerat,
1058 3527 1309 3598 epistola
1339 3542 1453 3585 suae
1483 3527 1864 3599 subjicientes.

1098 3617 1254 3675 CAP.
1279 3616 1348 3674 ν.

444 3713 523 3769 De
552 3728 742 3783 magno
768 3711 1090 3783 Athanasio.
1135 3711 1396 3783 quomodo
1426 3713 1738 3780 imperatori
1764 3712 2024 3768 charissi-

511 3780 834 3853 mus'fucrit,
859 3781 1213 3853 “Ecclesia
1256 3780 1479 3853 Egypti
1504 3784 1836 3838 obtinuerit:
1879 3794 1928 3838 et
1961 3784 2025 3838 dc

504 3851 716 3923 ,risione
747 3851 926 3924 magni
954 3851 1194 3907 Antonii.

511 4002 723 4060 Interea
751 4016 884 4059 vero
916 4001 1257 4073 Athanasius
1305 4002 1604 4075 episcopus
1648 4005 2019 4073 Alexandriae,

438 4095 850 4151 communicato
879 4110 1004 4151 cum
1038 4097 1232 4167 paucis
1269 4095 1639 4155 familiaribus
1677 4099 1799 4155 suis
1833 4101 2022 4156 consi-

440 4187 540 4251 lio,
583 4186 973 4258 imperatorem
1008 4189 1107 4259 qui
1140 4187 1494 4244 Christianus
1523 4199 1665 4258 erat,
1704 4193 2022 4249 necessario

441 4277 551 4342 sibi
581 4277 868 4334 visendum
900 4294 1025 4335 esse
1065 4279 1422 4336 existimavit.
1453 4281 1642 4354 Itaque
1681 4297 1805 4339 cum
1837 4284 2022 4340 venis-

440 4376 525 4425 set
549 4370 925 4437 Antiochiam,
951 4386 1018 4426 ea
1043 4387 1168 4442 quae
1199 4373 1543 4443 postulabat,
1572 4375 1896 4447 imperatori
1926 4392 2022 4432 ex-

438 4461 646 4530 posuit.
683 4459 792 4515 Alii
837 4461 1033 4517 dicunt
1087 4462 1242 4517 illum
1267 4464 1337 4520 ab
1364 4464 1699 4535 imperatore
1727 4475 2017 4523 evocatum

441 4552 638 4618 fuisse,
672 4560 732 4606 ut
770 4562 894 4622 Quae
930 4554 1080 4608 circa
1125 4554 1447 4625 religionem
1474 4565 1528 4611 et
1560 4565 1724 4612 rectae
1754 4558 1884 4614 ﬁdei
1915 4559 2017 4615 do-

2126 3336 2280 3408 παρὰ
2306 3336 2415 3390 τῶν
2442 3338 2500 3391 ἐν
2528 3336 2736 3410 Νικαίᾳ
2766 3337 3128 3392 συνελθόντων
3157 3338 3474 3393 ὲκτεθείσαν
3497 3339 3719 3406 πίστιν,

2123 3432 2191 3502 τῇ
2222 3429 2328 3501 ἰδίᾳ
2355 3431 2541 3502 γραφῇ
2577 3428 2965 3497 ὑποτάξαντες.

2731 3608 2982 3662 ΚΕΦΑΛ.
3020 3608 3099 3662 Ε’.

2125 3699 2263 3766 Περὶ
2297 3699 2404 3770 τοῦ
2437 3699 2704 3770 μεγάλου
2746 3699 3137 3770 Ἀθαναονίοο,
3177 3698 3259 3765 ὡς
3303 3699 3713 3770 διαφερόντως

2192 3769 2473 3841 ἠγαπήθη
2504 3768 2585 3835 τῷ
2604 3769 2875 3841 βασιλεῖ.
2903 3768 3001 3841 καί
3025 3768 3146 3841 τῶν
3163 3770 3235 3841 ἐν
3260 3768 3537 3841 Αίγύπτῳ
3581 3768 3712 3827 ἐκὲ

2193 3838 2465 3909 κλησιῶν
2484 3839 2782 3908 ἐκράτησε
2799 3858 2815 3872 ο
2847 3840 2947 3894 καὶ
2978 3839 3110 3908 περὶ
3133 3839 3241 3895 τοῦ
3267 3838 3568 3910 ὁράματος
3593 3842 3708 3899 τοῦ

2189 3911 2456 3982 μεγάλου
2506 3911 2843 3965 Ἀντωνίου.

2206 4004 2296 4059 Ἑν
2331 4001 2506 4071 τούτῳ
2533 3999 2592 4054 δὲ
2632 4000 2727 4055 καὶ¹
2764 3999 3086 4065 Ἀθανάσιος
3119 4002 3148 4054 ὁ
3176 3999 3268 4055 τὸν
3303 3999 3707 4074 Ἀλεξανδρέων

2123 4092 2311 4167 θρόνον
2355 4091 2752 4163 ἐπιτροπεύων,
2774 4092 2982 4161 ὀλίγοις
3009 4093 3117 4148 τῶν
3145 4093 3471 4165 ἐπιτηδείων
3508 4111 3706 4149 κοινω-

2123 4183 2357 4255 σάμενος
2380 4223 2396 4250 ,
2442 4184 2740 4251 ἀναγκαῖον
2768 4181 2924 4255 ᾠήθη
2954 4182 3047 4236 τὸν
3096 4182 3322 4253 βασιλέα
3369 4185 3705 4255 Χριστιανὸν

2121 4277 2251 4331 ὄντα
2313 4276 2474 4331 [δεῖν⁸
2537 4276 2634 4330 καὶ
2708 4276 3150 4349 παραγενόμενος
3210 4279 3292 4341 είς
3345 4277 3702 4348 Ἀντιόχειαν,

2121 4371 2251 4442 περὶ
2278 4363 2353 4425 ὧν
2380 4369 2571 4438 ἐδεῖτο,
2593 4370 2684 4425 τὸν
2711 4368 3018 4442 κρατοῦντα
3038 4369 3302 4427 διδάσκει.
3333 4372 3397 4425 Οἱ
3426 4371 3487 4427 δέ
3510 4389 3701 4442 φασιν,

2119 4464 2202 4517 ὃτι
2245 4462 2409 4528 αὐτὸς
2452 4466 2481 4518 ὁ
2527 4463 2781 4535 βασιλεὺς
2826 4463 2918 4517 τὸν
2956 4462 3127 4535 ἀνδρα
3158 4463 3562 4536 μετεκαλέσατο
3584 4504 3603 4529 ,
3634 4466 3705 4519 τά

2122 4558 2371 4628 πρακτέα
2410 4557 2539 4628 περὶ
2576 4555 2673 4628 τὴν
2704 4556 3002 4627 θρησκείαν
3060 4557 3156 4611 καὶ
3209 4558 3309 4628 τὴν
3350 4556 3516 4629 ὀρθὴν
3540 4558 3701 4628 δόξαν

438 4641 677 4696 ctrinam
716 4619 929 4714 agenda
974 4653 1186 4709 essent,
1218 4619 1556 4720 suggereret.
1599 4648 1704 4716 Qui
1752 4667 1878 4707 cum
1921 4669 2016 4710 ec-

2133 4619 2573 4721 aicrqmoépsiiov.
2619 4619 2836 4713 Ᾰιαθείς
2874 4667 2935 4703 τε
2989 4650 3059 4705 τά
3103 4650 3205 4721 τῆς
3221 4619 3588 4722 Ἐκκλησία,

438 4732 752 4789 clesiastica
798 4738 1018 4807 negotia
1053 4738 1235 4807 quoad
1268 4741 1391 4808 ejus
1437 4740 1552 4796 ﬁeri
1603 4744 1778 4811 potuit
1803 4748 2016 4802 consti-

440 4823 660 4888 tuisset,
689 4825 757 4881 de
802 4828 981 4883 reditu
1024 4830 1195 4901 C(Bpit
1229 4832 1494 4902 cogitare.
1528 4832 1598 4887 At
1626 4832 1885 4902 Euzoius,
1918 4839 2014 4909 qui

437 4914 658 4971 Arianae
696 4925 862 4975 sectae
901 4920 1046 4990 apud
1088 4923 1436 4978 Antiochiam
1475 4927 1832 4997 praesidebat,
1865 4931 2014 4986 omni

440 5006 626 5064 studio
649 5007 914 5080 perﬁcere
942 5013 1273 5081 conabatur,
1306 5023 1366 5070 ut
1394 5015 1689 5076 Probatius
1722 5022 2013 5079 eunuchus

2122 4739 2235 4797 οἷόν
2267 4760 2327 4797 τε
2365 4739 2455 4816 ἦν,
2492 4741 2779 4814 ἐφρόντιζε
2805 4743 2905 4812 τῆς
2933 4742 3215 4798 ἐπανόδου.
3243 4743 3483 4808 Εὐζὼῖος
3503 4744 3560 4799 δὲ
3582 4748 3614 4799 ὁ
3640 4746 3699 4799 ὲν

2136 4836 2436 4909 Ἀντιοχείᾳ
2481 4835 2778 4899 ἐπίσκοπος
2837 4836 2939 4906 τῆς
3010 4836 3352 4909 Ἀρειανικῆς
3410 4837 3699 4908 αἱρέσεως,

2123 4930 2422 4997 ἐσπούδαζε
2449 4930 2781 5002 προεστάναι
2824 4932 2923 5000 τῆς
2960 4928 3132 5001 αὐτῆς
3162 4930 3321 5001 δόξης
3351 4932 3408 4983 ὲν
3447 4931 3701 4998 ’ᾼλεξαν-

2120 5023 2275 5097 δρείᾳ
2318 5021 2613 5095 Προὸἀτιον
2641 5019 2896 5091 εὐνοῦχον
2945 5021 3079 5091 (57).
3105 5018 3570 5093 Είσηγησαμένων
3638 5041 3697 5077 τε

1534 5184 1551 5201 ⁹
1624 5201 1897 5258 VALESll
1934 5201 2489 5259 ANNOTATIONES.

507 5286 626 5366 (56),
663 5288 794 5342 Ὀτι
819 5302 937 5366 (Iov
958 5287 1058 5366 καὶ
1079 5290 1299 5366 πρώτῃ,
1329 5291 1421 5366 Sic
1450 5292 1647 5365 legitur
1676 5295 1842 5350 etiam
1870 5296 2015 5366 apud

439 5354 720 5429 socraten)
747 5367 804 5429 et
824 5354 1210 5429 Nicephorum.
1247 5354 1426 5415 Malim
1457 5354 1638 5419 ta‘inen
1664 5354 2017 5420 scribere'ort

442 5426 525 5504 σῇ.
545 5428 638 5481 καὶ
696 5426 1338 5504 npg'noufﬁpiphanius
1394 5430 1771 5504 Schoﬁlasticus
1819 5435 2017 5504 legisse

436 5498 656 5551 videtur
694 5497 927 5568 πρῶτον.
961 5497 1056 5553 Sic
1078 5497 1224 5554 enim
1268 5503 1431 5556 vertit
1464 5519 1477 5555 :
1514 5503 1669 5569 Quod
1696 5497 2018 5559 ecclesiasti-

437 5581 552 5640 cum
588 5584 767 5640 paceni
800 5578 956 5638 atque
999 5570 1338 5625 concordiam
1367 5580 1457 5625 tua
1500 5575 1726 5640 primum
1757 5576 2015 5629 studuerit

436 5637 608 5713 pietas
642 5637 924 5713 celebrare.
948 5650 1055 5713 etc.
1088 5641 1196 5713 Qui
1221 5657 1420 5697 sensus
1441 5637 1546 5696 non
1587 5644 1856 5713 displicet.
1880 5645 2013 5699 Gra-

437 5706 685 5760 tulautur
717 5709 860 5763 enim
900 5711 1140 5781 episcopi
1173 5710 1404 5768 Joviano
1461 5706 1774 5781 imperat-ori
1799 5756 1814 5781 ,
1868 5717 2012 5787 quod

2120 5296 2382 5352 Ecclesiae
2405 5309 2590 5364 pacem
2621 5294 2909 5350 restituere
2938 5290 3092 5363 prius
3114 5291 3386 5347 studuerit
3408 5307 3575 5362 quam
3595 5293 3696 5349 rei.

2120 5366 2354 5438 publicae
2383 5365 2660 5438 Romanae.
2752 5435 2763 5438 _
2860 5433 2887 5438 _
3057 5429 3099 5438 __
3208 5412 3277 5438 ’ν

2193 5436 2305 5508 (ξξἹ)
2338 5434 2665 5508 Προὸᾴτιον
2706 5429 3174 5508 εὐνοῦχοντΝοη
3208 5432 3310 5484 hoc
3349 5430 3493 5508 _dici_t
3520 5430 3687 5508 Atha-

2119 5501 2329 5568 naSius.
2369 5501 2628 5561 Euzoium
2659 5501 3159 5574 operamdedisse,
3193 5511 3254 5574 ut
3273 5501 3435 5574 pulso
3453 5503 3692 5557 Athana—

2119 5579 2203 5632 sio
2227 5576 2518 5632 Probatius
2563 5571 2853 5628 eunuchus
2877 5573 3166 5642 cpiscopus
3194 5571 3536 5627 Alexandria:
3561 5588 3691 5625 cou-

2117 5648 2468 5710 stitucretur:
2498 5646 2592 5698 sed
2619 5645 2719 5697 hoc
2747 5652 2955 5697 tantum
2981 5645 3113 5696 dicit
3160 5642 3393 5696 Arianos
3423 5642 3688 5712 porrectis

2115 5715 2344 5770 Joviano
2380 5715 2692 5786 imperatori
2738 5715 2934 5769 libellis
2985 5714 3313 5785 postulasse,
3368 5722 3425 5767 ut
3475 5722 3684 5768 remoto
