4040 6216
383 289 408 340 1
419 288 525 344 305

1261 287 1584 342 HISTORIA
1625 284 2190 342 ECCLESIASTICA.
2227 317 2293 328 —
2326 285 2452 344 LIB.
2493 287 2580 344 Vl.

3468 285 3650 348 1306.

382 399 540 456 τοῦτο
565 400 674 453 τῶν
713 400 854 470 ἀμφὶ
881 400 971 453 τὸν
1011 400 1268 465 escam,
1305 399 1532 466 Λούκιός
1560 419 1645 466 τις
1699 401 1947 466 Ἀλεξαν-

2055 400 2224 456 eidem
2262 408 2426 456 sectae
2464 406 2724 470 praeesset
2772 399 2827 454 in
2861 402 2996 457 urbe
3042 399 3394 457 Alexandria.
3445 399 3614 454 Cum-

383 493 546 562 δρεὺς
579 491 640 543 τὸ
681 490 874 558 γένος,
921 490 1289 560 πρεσϐύτερος
1337 492 1444 544 τῶν
1492 492 1643 562 παρὰ
1672 491 1948 561 Γεωργίου

385 582 893 655 χειροτονηθέντων,
921 582 1167 652 πρόσεισι
1198 582 1276 652 τῷ
1296 583 1502 652 βασιλεῖ
1537 583 1669 650 (58).
1695 583 1803 636 Καὶ
1821 581 1951 652 βλα-

390 671 681 742 σφημήσας
708 670 1022 724 ’Λθανάσιον
1040 671 1114 733 ὡς
1135 672 1192 725 έν
1221 671 1298 741 τῷ
1322 672 1497 743 χρόνῳ
1520 673 1616 741 τῆς
1645 673 1949 740 ἐπισκοπῆς

390 761 473 814 ἀεὶ
507 760 722 830 γραφὰς
775 761 1164 830 ὑπομείναντα,
1198 762 1292 814 καὶ
1341 763 1597 824 πολλάκις
1651 762 1949 832 ὑπερορίαν

385 853 553 904 οἰκεῖν
597 851 1056 904 καταδικασθέντα
1107 853 1259 923 παρὰ
1302 852 1408 905 τῶν
1444 853 1550 921 πρὸ
1585 851 1751 904 αὐτοῦ
1793 852 1948 922 βασι-

386 943 543 1003 λέων,
573 941 834 1010 διχονοίας
861 959 920 994 τε
951 943 1078 1012 περὶ
1107 943 1169 995 τὸ
1197 944 1349 995 Θεῖον
1386 942 1479 995 καὶ
1507 942 1754 1012 ταραχῆς
1779 942 1949 994 αἴτιον

386 1031 712 1100 γενόμενον,
751 1029 922 1082 ἐδεῖτο
967 1030 1153 1099 ἕτερον
1188 1032 1302 1084 ἀντ’
1346 1030 1509 1084 αὐτοῦ
1553 1029 1650 1102 τὴν
1703 1030 1951 1094 Ἀλεξαν-

384 1119 554 1190 δρέων
608 1116 933 1188 Ἐκκλησίαν
966 1120 1300 1170 ἐπισκοπεῖν.
1343 1117 1399 1172 ’0
1427 1118 1484 1171 δὲ
1521 1118 1775 1194 βασιλεὺς
1802 1120 1949 1192 (ᾔδει

387 1211 493 1281 γὰρ
527 1211 625 1273 τὰς
664 1209 964 1280 Ἀθανασίῳ
1003 1209 1123 1262 τότε
1158 1210 1441 1280 συμϐἀσας
1491 1210 1827 1278 ἐπιϐουλὰς),
1850 1213 1950 1264 οὐκ

386 1303 536 1356 ἔθετο
563 1304 678 1363 ταῖς
716 1301 836 1354 κατ’
866 1299 1029 1354 αὑτοῦ
1061 1300 1332 1362 διαϐολαῖς
1350 1344 1362 1356 .
1395 1301 1560 1355 Ἀλλὰ
1586 1303 1817 1357 Λούκιον
1851 1305 1950 1375 μὲν

389 1398 482 1449 σὺν
529 1395 760 1464 ἀπειλῇ,
811 1396 1042 1466 ἡσυχίαν
1078 1395 1234 1464 ἄγειν
1287 1395 1598 1450 ἐπιτάττειο
1649 1397 1950 1467 Προϐἀτιον

386 1490 441 1543 δὲ
497 1489 591 1542 καὶ
621 1489 744 1551 τοὺς
783 1487 918 1558 ἀμφ’
949 1487 1110 1541 αὑτὸν
1145 1487 1457 1557 εὐνούχους,
1497 1489 1574 1552 ὠς
1603 1490 1812 1551 αἰτίους
1838 1490 1950 1542 τῶν

389 1579 638 1634 τοιούτων
653 1578 916 1649 θορύϐων,
935 1579 1364 1650 σωφρονισθῆναι
1386 1579 1678 1649 προσέταξε
1697 1579 1829 1650 (59)·
1861 1579 1952 1634 τὸν

382 1671 440 1724 δὲ
469 1670 803 1735 Ἀθανάσιον,
858 1669 922 1721 ὲκ
959 1667 1058 1739 τῆς
1105 1668 1223 1720 τότε
1277 1668 1563 1732 συνουσίας
1595 1670 1663 1721 τὰ
1715 1669 1950 1740 μάλιστα

386 1763 536 1831 φίλον
574 1759 720 1830 αὐτῷ
758 1760 1070 1830 γενόμενον,
1099 1758 1416 1812 ἀπέστειλεν
1459 1761 1539 1822 είς
1579 1760 1877 1828 Αἴγυπτον,
1983 1744 2025 1801 Β

384 1854 578 1925 ἄριστα
605 1851 754 1922 αύτῷ
780 1850 982 1922 δοκοίη,
1013 1850 1113 1914 τὰς
1171 1851 1462 1921 ἐκκλησίας
1508 1851 1604 1904 καὶ
1637 1853 1762 1914 τοὺς
1788 1852 1950 1914 λαοὺς

384 1946 534 2014 ἄγειν
568 1942 865 2007 κελεύσαςι
895 1985 910 1998 .
950 1941 1182 2011 Λέγεται
1208 1941 1316 2013 γὰρ
1353 1943 1432 2006 είς
1481 1941 1620 2010 ἄγαν
1670 1943 1832 1996 αὐτὸν
1883 1937 1951 2012 ἧς

385 2033 526 2106 εἶχεν
546 2035 747 2106 ἀρετῆς
769 2033 1074 2098 ἐπαινέσαι,
1098 2033 1214 2103 βίου
1238 2051 1297 2086 τε
1317 2033 1480 2086 ἕνεκα
1499 2034 1592 2087 καὶ
1615 2035 1948 2105 φρονήσεως,

385 2127 480 2180 καὶ
513 2126 708 2194 λόγων.
738 2119 865 2178 Ὧδε
897 2125 994 2195 μὲν
1020 2123 1128 2176 τῶν
1171 2124 1230 2177 ὲν
1259 2124 1466 2196 Νικαίᾳ
1513 2125 1948 2196 συνεληλυθότων

383 2220 417 2288 ἡ
449 2217 651 2280 πίστις,
684 2216 775 2269 τὸν
814 2217 871 2268 ὲν
920 2214 1069 2287 μέσῳ
1105 2215 1293 2284 χρόνον
1339 2215 1730 2287 πολεμηθείσα,
1779 2216 1854 2280 ὡς
1892 2219 1950 2272 ὲν

383 2311 492 2373 τοῖς
528 2308 764 2377 πρόσθεν
797 2305 1032 2378 εἴρηται,
1066 2300 1219 2368 αὖθις
1250 2305 1342 2358 ἐπὶ
1370 2305 1470 2376 τῆς
1507 2307 1789 2378 παρούσης
1817 2309 1949 2378 ἡγε-

388 2402 577 2474 μονίας
623 2400 943 2471 ὑπερέσχεν.
981 2399 1094 2453 Οὐκ
1134 2400 1216 2464 είς
1263 2399 1477 2470 μακρὰν
1519 2399 1575 2451 δὲ
1619 2400 1719 2469 τῆς
1761 2400 1952 2470 ὁμοίας

385 2495 576 2564 ἔμελλε
610 2492 902 2563 πειρᾶσθαι
933 2493 1198 2562 ταραχῆς.
1249 2491 1337 2554 Ὠς
1375 2491 1518 2543 ἔοικε
1547 2491 1677 2563 γὰρ,
1723 2493 1822 2546 οὐκ
1859 2493 1953 2546 ἐπὶ⁸

388 2587 568 2656 μόνοις
595 2587 707 2647 τοῖς
738 2585 828 2636 ἐπὶ
854 2582 1236 2638 Κωνσταντίου
1261 2584 1326 2652 τῇ
1369 2582 1661 2653 Ἐκκλησία
1687 2583 1949 2652 συμϐᾶσι,

385 2679 561 2749 πέρας
583 2674 728 2749 εἶχεν
753 2679 786 2748 ἡ
809 2676 900 2729 τοῦ
937 2674 1220 2729 ’Δντωνίου
1244 2675 1338 2728 τοῦ
1365 2675 1600 2745 μονοιχοῦ
1617 2676 1948 2748 «pessum;-

383 2770 498 2824 ἀλλ’
527 2770 768 2824 ἐλείπετο
795 2768 873 2822 ἔτι
904 2769 997 2821 καὶ
1032 2767 1101 2821 τὰ
1136 2770 1272 2836 μετὰ
1308 2765 1478 2819 ταῦτα
1531 2768 1624 2820 ὲπί
1653 2767 1952 2830 Οὐάλεντος

385 2863 669 2933 γενόμενα.
698 2862 928 2930 Λέγεται
948 2859 1056 2930 γὰρ
1079 2860 1206 2933 πρὶν
1224 2858 1496 2930 κρατῆσαι
1520 2858 1626 2910 τῶν
1649 2858 1952 2928 ἐκκλησιῶν

385 2955 510 3016 τοὺς
551 2953 660 3006 ἀπὸ
691 2953 790 3022 τῆς
834 2951 1042 3022 Ἀρείου
1073 2950 1357 3022 αἱρέσεως,
1405 2947 1496 3001 ἐπὶ
1524 2948 1626 3016 τῆς
1663 2949 1952 3001 Κωνσταν-

384 3044 500 3098 τίου
551 3042 823 3112 βασιλείας
843 3041 975 3112 ὄναρ
1028 3040 1154 3094 ἰδεῖν
1185 3038 1636 3110 Ἀντώνιον(60),
1685 3037 1946 3109 ἡμιόνους

385 3135 446 3190 τὸ
492 3135 874 3207 θυσιαστήριον
922 3131 1306 3197 λακτίζοντας,
1357 3131 1452 3185 καὶ
1493 3129 1591 3201 τὴν
1626 3130 1776 3201 ἱερὰν
1818 3131 1950 3202 τρά-

387 3225 561 3290 πεζαν
593 3225 994 3296 ἀνατρέποντας
1015 3239 1028 3253 °
1056 3223 1148 3278 καὶ
1180 3223 1379 3276 αὐτίκα
1409 3223 1712 3294 προειπεῖν,
1742 3221 1818 3284 ὠς
1846 3222 1953 3275 ὑπὸ

387 3317 556 3371 νέεων
613 3316 708 3370 καλ⁸
762 3315 1068 3385 ὲπιμίκτων
1113 3313 1396 3384 δογμάτων
1444 3312 1814 3384 καταλήψεται
1854 3313 1953 3385 τὴν

395 3407 724 3479 Ἐκκλησίαν
765 3406 1011 3478 ταραχὴ,
1060 3405 1155 3460 καὶ
1195 3404 1518 3476 ἑτεροδόξων
1561 3405 1952 3468 ἐπανάστασις.

399 3499 559 3553 Ἀλλὰ
602 3498 776 3552 ταῦτα
825 3499 924 3570 μὲν
962 3495 1211 3568 ἀψευδῶς
1255 3495 1544 3549 τεθεᾶσθαι
1586 3512 1644 3548 τε
1693 3496 1785 3548 καὶ
1818 3495 1960 3565 εἰρῆ-

388 3590 533 3650 σθαι,
566 3590 812 3656 ἀπέδειξε
851 3589 920 3644 τὰ
965 3588 1072 3661 πρὸ
1115 3586 1209 3641 τοῦ
1243 3585 1338 3641 καὶ
1387 3584 1528 3658 μετὰ
1569 3584 1745 3640 ταῦτα
1802 3601 1961 3654 γεγε-

386 3683 618 3755 νημένα.

2049 507 2157 562 que
2201 491 2254 546 id
2302 493 2372 546 ab
2405 491 2608 546 Euzoio
2639 502 2953 562 suggestum
2997 493 3211 559 fuisset,
3247 492 3450 546 Lucius
3484 493 3613 560 qui-

2050 582 2174 640 dam
2198 598 2397 653 genere
2423 582 2857 648 Alexandrinus,
2888 600 3030 638 unus
3056 599 3121 638 ex
3151 583 3492 652 presbyteris
3518 583 3611 651 qui

2051 688 2081 727 a
2109 671 2343 743 Georgio
2377 673 2593 728 fuerant
2625 674 2887 740 ordinati,
2917 675 3305 744 imperatorem
3355 673 3511 726 adiit.
3551 673 3616 727 Et

2049 769 2412 825 Athanasium
2444 769 2751 824 maledictis
2797 769 3104 833 incessens,
3138 758 3323 838 utpote
3352 767 3446 836 qui
3497 775 3617 820 toto

2050 862 2396 932 episcopatus
2439 862 2523 917 sui
2578 871 2842 931 tempore,
2879 862 3048 917 variis
3075 861 3140 916 de
3171 861 3358 914 causis
3385 873 3615 912 accusa-

2052 961 2142 1008 tus
2185 951 2404 1018 fuisset,
2445 960 2500 1007 et
2544 967 2574 1006 a
2615 953 2995 1022 superioribus
3029 951 3369 1023 principibus
3411 949 3617 1017 saepius

2051 1043 2345 1100 damnatus
2375 1052 2524 1098 esset
2569 1045 2805 1112 exsilio;
2859 1044 3226 1099 dissensionis
3273 1041 3515 1111 denique
3561 1039 3616 1092 in

2052 1134 2316 1202 religione
2343 1147 2406 1187 ac
2439 1135 2708 1189 tumultus
2737 1143 2932 1188 auctor
2969 1134 3293 1195 exstitisset,
3320 1129 3619 1201 postulavit

2051 1228 2110 1274 ut
2143 1222 2283 1276 alter
2331 1221 2722 1278 Alexandrina:
2769 1221 3028 1277 Ecclesim
3064 1223 3358 1292 episcopus
3411 1221 3464 1274 in
3497 1217 3619 1286 ejus

2051 1309 2210 1379 225
2245 1311 2420 1363 locum
2441 1310 3061 1383 subrogaretur.Verum
3083 1311 3402 1380 imperator,
3421 1309 3621 1378 quippe

2051 1405 2142 1470 qui
2184 1402 2353 1471 probe
2388 1410 2574 1458 nosset
2615 1402 2851 1458 insidias
2881 1417 3002 1472 quae
3034 1410 3166 1456 tunc
3201 1401 3418 1454 fuerant
3449 1400 3620 1451 Atha-

2050 1495 2204 1548 nasio
2237 1502 2586 1563 comparatae,
2613 1494 2841 1564 prolatis
2876 1493 2928 1547 in
2965 1508 3088 1548 eum
3133 1491 3421 1546 calumniis
3447 1486 3624 1542 haud-

2051 1600 2324 1655 quaquam
2373 1600 2636 1640 assensus
2675 1592 2780 1639 est.
2823 1583 2928 1639 Sed
2971 1582 3142 1636 Lucio
3171 1583 3392 1652 quidem
3447 1581 3624 1634 inter-

2052 1677 2315 1740 minatus,
2349 1678 2608 1746 przecepit
2660 1686 2718 1730 ut
2747 1676 3080 1745 quiesceret.
3130 1673 3444 1727 Probatium
3493 1683 3625 1726 vero

2052 1776 2106 1824 et
2131 1768 2377 1838 reliquos
2405 1769 2690 1824 eunuchos
2719 1767 2904 1836 palatii
2937 1767 3045 1830 sui,
3074 1763 3390 1834 hujusmodi
3421 1761 3622 1816 tumul-

2052 1866 2206 1912 tuum
2239 1868 2519 1922 auelores,
2539 1859 2801 1928 castigari
2824 1858 3013 1926 jussit.
3039 1855 3397 1910 Athanasium
3418 1864 3622 1918 autem,

2051 1967 2210 2022 quem
2238 1967 2573 2020 congressus
2603 1951 2709 2005 iste
2741 1949 3128 2004 charissimum
3153 1949 3255 2018 ipsi
3288 1945 3624 2003 reddiderat.

2051 2043 2106 2097 in
2153 2040 2450 2112 Egyptum
2497 2039 2753 2104 remisit,
2807 2039 3070 2093 ecclesias
3105 2048 3160 2092 et
3194 2036 3446 2107 populos,
3486 2034 3628 2087 sicut

2051 2131 2155 2202 ipsi
2202 2131 2471 2202 Optimum
2520 2129 2667 2184 factu
2701 2129 2998 2192 videretur,
3049 2143 3237 2199 regere
3283 2125 3622 2198 permittens.

2046 2223 2267 2279 Etenim
2303 2235 2428 2276 eum
2469 2221 2648 2274 virum
2699 2235 3031 2291 magnopere
3081 2218 3336 2276 laudasse
3397 2217 3628 2278 dicitur,

2051 2325 2166 2370 tum
2213 2315 2282 2369 ob
2333 2314 2593 2368 virtutem
2625 2329 2746 2383 quae
2782 2313 2838 2366 in
2885 2314 2978 2367 illo
3013 2311 3212 2374 inerat,
3244 2320 3360 2365 tum
3392 2309 3462 2363 ob
3505 2308 3630 2360 vitae

2050 2407 2423 2478 integritatem
2455 2415 2510 2458 et
2539 2403 2886 2474 prudentiam
2913 2411 3078 2472 atque
3100 2400 3436 2456 doctrinam.
3473 2397 3630 2452 Hunc

2051 2499 2105 2553 in
2152 2496 2374 2552 modum
2413 2494 2548 2549 ﬁdes
2574 2495 2964 2564 episcoporum
2995 2494 3087 2562 qui
3119 2491 3315 2546 Nicazas
3343 2491 3483 2544 olinr
3509 2490 3630 2543 fue-

2050 2599 2176 2644 rant
2205 2587 2546 2658 congregati,
2581 2601 2705 2641 cum
2743 2587 3027 2655 aliquanto
3057 2595 3326 2654 tempore.
3351 2583 3428 2637 uti
3461 2599 3628 2653 supra

2049 2683 2312 2746 diximus,
2359 2689 2671 2751 Oppugnata
2721 2679 2937 2746 fuisset,
2987 2679 3091 2735 sub
3141 2679 3246 2733 hoc
3295 2679 3631 2747 imperatore

2050 2773 2246 2829 iterum
2274 2771 2529 2841 superior
2569 2770 2693 2824 fuit.
2724 2769 2926 2824 Verum
2958 2769 3122 2839 paulo
3164 2775 3288 2838 post
3326 2782 3436 2822 non
3465 2767 3633 2820 dissi-

2051 2864 2238 2919 milem
2277 2869 2574 2933 expertura
2603 2870 2722 2916 erat
2750 2859 3241 2932 perturbationem.
3277 2857 3493 2913 Etenim
3521 2857 3631 2912 An-

2051 2955 2185 3010 tonii
2227 2953 2480 3008 monachi
2531 2952 2833 3023 praedictio,
2886 2967 2995 3006 non
3046 2951 3100 3004 in
3150 2950 3220 3005 iis
3273 2950 3452 3003 solum
3506 2963 3630 3018 quae

1975 3067 2021 3128 ο
2049 3045 2359 3103 Constantii
2396 3045 2711 3116 principatu
2760 3042 3026 3099 Ecclesiis
3055 3041 3432 3110 contigerant,
3468 3039 3629 3092 tinem

2049 3139 2293 3208 accepit,
2348 3135 2444 3191 sed
2497 3143 2825 3204 supererant
2883 3132 3064 3187 adhuc
3111 3147 3174 3187 ea
3225 3145 3348 3200 quae
3386 3127 3634 3184 Valentis

2049 3229 2389 3300 temporibus
2445 3235 2599 3297 gesta
2647 3233 2796 3281 sunt.
2859 3224 3068 3280 Ferunt
3121 3225 3312 3286 enim,
3366 3230 3636 3292 regnante

2054 3321 2406 3386 Constantio,
2437 3319 2758 3389 priusquam
2785 3317 2974 3371 Ariani
3005 3315 3270 3371 ecclesias
3291 3315 3634 3374 obtinerent,

2055 3407 2355 3462 Antonium
2391 3407 2448 3461 in
2483 3405 2697 3462 somnis
2742 3405 2950 3461 vidisse
2993 3405 3193 3462 multos
3249 3405 3409 3458 altari
3459 3403 3635 3458 insul-

2062 3506 2265 3564 tantes,
2304 3507 2359 3552 et
2393 3512 2608 3553 sacram
2649 3511 2894 3552 mensam
2934 3503 3288 3550 evertentes:
3338 3494 3637 3563 statimque

2064 3588 2388 3660 praedixisse
2435 3587 2680 3642 futurum
2731 3597 2790 3642 ut
2850 3574 2935 3641 ex.
2965 3587 3292 3641 adulterinis
3348 3587 3637 3656 mistisque

2069 3679 2409 3752 dogmatibus
2462 3680 2802 3750 perturbatio
2852 3678 3157 3735 Ecclesiam
3206 3689 3522 3750 occuparet,
3582 3685 3638 3734 et

1558 3859 1831 3918 VALESII
1869 3857 2312 3916 ANNOTATION
2319 3861 2422 3918 ES.

389 3952 711 4019 Athanasio,
756 3953 898 4008 alius
929 3952 1272 4010 Alexandria:
1309 3963 1591 4008 crearetur
1645 3953 1958 4022 episcopus.

389 4025 646 4079 onmibus
703 4024 882 4079 modis
913 4024 1196 4080 studentes
1244 4034 1303 4078 ut
1336 4023 1542 4094 Lucius
1596 4024 1876 4094 presbyter
1907 4023 1962 4076 in

388 4097 512 4166 ejus~
533 4095 711 4166 locum
731 4095 1139 4166 subrogaretur.
1169 4094 1414 4166 cumque
1431 4109 1461 4166 a
1486 4092 1715 4166 Joviano
1748 4092 1962 4166 semper

389 4163 596 4234 repulsi
626 4171 832 4227 essent,
868 4163 1179 4234 interventu
1213 4164 1395 4234 Euaoii
1431 4163 1815 4219 Antiochensis
1847 4163 1964 4232 epi-

390 4235 565 4304 scopi,
611 4241 874 4305 rogarunt
935 4233 1251 4305 Prohatium
1300 4233 1647 4305 Eunuchum,
1710 4243 1764 4287 ut
1828 4234 1963 4302 ipsis

391 4307 533 4372 apud
568 4304 949 4373 imperatorem
984 4304 1389 4373 suﬂ‘ragaretur.
1446 4304 1600 4368 Quod
1630 4318 1754 4357 cum
1788 4305 1962 4372 impe-

2066 3964 2120 4008 et
2152 3955 2514 4011 Bernicianus
2551 3954 2738 4009 Ariani
2767 3951 2998 4008 Joviano
3045 3951 3282 4022 principi
3311 3950 3634 4005 obtulerunt

2069 4025 2376 4080 Antioehim
2409 4035 2601 4081 contra
2628 4025 3010 4086 Athanasium,
3045 4031 3263 4077 exstant
3293 4022 3345 4074 in
3369 4028 3516 4072 torno
3549 4035 3636 4074 se-

2065 4096 2248 4150 cundo
2303 4094 2538 4164 Operum
2588 4095 2917 4164 Athanasii,
2950 4091 3336 4164 sedpessime
3387 4091 3638 4164 conversi

2068 4164 2122 4218 in
2179 4158 2434 4218 Latinum
2491 4180 2822 4220 sermonem.
2878 4162 3010 4214 Nam
3072 4158 3346 4228 interpres
3387 4158 3638 4227 ἐντυχίαν

2069 4244 2336 4302 perpetuo
2372 4235 2769 4304 interpretatur
2805 4231 3187 4304 colloquium,
3239 4244 3366 4304 cum
3391 4229 3635 4304 libellum

2069 4298 2292 4369 precum
2338 4298 2553 4358 vertere
2615 4303 2912 4357 debuisset.
2964 4298 3018 4354 Id
3073 4301 3220 4354 enim
3268 4298 3504 4369 signicat
3530 4314 3638 4352 vox

392 4368 546 4428 rator
577 4368 910 4437 rescivisset,
961 4368 1250 4439 eunuchos
1284 4373 1650 4428 cubicularios
1703 4368 1959 4442 compi'e-
1992 4368 2272 4435 DGrazca,
2339 4381 2399 4427 ut
2477 4373 2766 4428 observavi
2835 4371 2890 4425 in
2954 4368 3404 4424 annotationibus
3469 4368 3641 4423 Euse-

393 4444 556 4498 hendi
591 4453 644 4497 et
697 4444 984 4498 tormentis
1025 4443 1217 4510 subjici
1239 4445 1404 4511 jussit
1433 4457 1557 4495 cum
1605 4444 1707 4496 hoc
1730 4445 1906 4512 elogio
1940 4457 1956 4496 :

395 4513 652 4582 Quisquis
676 4514 886 4582 libellos
903 4513 1097 4568 oﬂ'erre
1126 4514 1355 4566 voluerit
1381 4521 1570 4564 contra
1589 4513 1956 4574 Chrisdanos,

396 4583 495 4637 has
553 4581 748 4638 poenas
805 4581 961 4636 ferat.
1035 4582 1210 4636 Verba
1262 4583 1545 4636 Athanasii
1589 4583 1702 4638 haec
1761 4591 1890 4636 sunt
1942 4599 1954 4634 :

396 4654 508 4706 Καὶ
545 4652 610 4704 δι’
650 4652 886 4722 Εύξωῖου
925 4653 1162 4722 ἠξίωσαν
1184 4653 1308 4722 τους
1341 4653 1467 4721 περὶ
1489 4652 1807 4722 Προϐἀτιον,
1833 4653 1959 4715 τοὺς

391 4723 668 4791 διαδόχους
709 4721 964 4775 Εὑσεϐίου
998 4724 1092 4775 καὶ
1137 4721 1456 4792 Βαρδίωνος,
1489 4721 1616 4784 τοὺς
1652 4723 1958 4792 εὐνούχους,

531 4791 617 4865 ἵνα
673 4794 982 4865 συστάσεως
1027 4793 1263 4865 τύχωσιν
1322 4791 1625 4865 etanta-Eo:
1658 4791 1957 4865 μ’Λρειίανοί.

393 4862 565 4927 Quem
599 4862 774 4914 locum
807 4864 1076 4927 interpres
1098 4861 1209 4915 non
1240 4862 1526 4916 intellexit.
1552 4861 1628 4914 Ex
1658 4862 1744 4918 his
1777 4870 1959 4915 autem

394 4933 580 4985 verbis
609 4933 918 5000 colligimus
955 4931 1273 4985 Probatium
1302 4931 1470 4985 fuisse
1501 4933 1849 5000 praapositum
1873 4945 1961 4984 sa-

393 5002 473 5124 ilri
501 5002 778 5123 cullili'culi;
810 5001 970 5071 cujus
997 5002 1187 5056 crebra
1233 5000 1291 5054 [it
1317 5002 1520 5056 mentio
1563 5002 1631 5055 ab
1671 5001 1961 5056 Ammiano

424 5085 576 5124 arce
623 5086 731 5124 mo.

424 5085 731 5124 rtarcelnno.

467 5140 580 5210 (58)
612 5143 895 5210 ΙΙρόσεισι
940 5140 1021 5205 τῷ
1052 5139 1318 5205 βασιλεῖ.
1349 5138 1541 5196 Libelli
1572 5155 1710 5210 quos
1763 5139 1963 5195 Lucius

2065 4443 2268 4497 biauis.

2139 4512 2250 4581 (59)
2292 4511 2780 4581 Σωφρονισθῆναι
2830 4508 3186 4581 προσέταξε.
3250 4505 3404 4581 llunc
3454 4508 3638 4581 locum

2065 4577 2179 4637 non
2220 4577 2616 4638 intellekerunt
2659 4577 3009 4650 interpretes.
3057 4578 3340 4650 Musculus
3379 4578 3526 4630 enim
3564 4577 3638 4630 ita

2067 4652 2265 4706 vertit:
2307 4651 2564 4720 Prwcepit
2599 4647 2888 4721 imperator
2908 4661 2964 4704 ut
3002 4649 3070 4721 ad
3104 4647 3370 4721 meliorem
3417 4656 3642 4721 mentem

2069 4722 2322 4776 redirent.
2385 4716 2563 4792 Atque
2611 4716 2684 4776 ita
2738 4722 2851 4776 fere
2903 4719 3469 4792 Cbristophorsonus.
3527 4716 3637 4792 sed

2068 4801 2281 4848 vertere
2330 4787 2638 4847 debuerant
2667 4791 2931 4844 verberari
2975 4789 3244 4858 prmeepit.
3290 4789 3348 4841 Id
3382 4789 3529 4841 enim
3561 4787 3640 4842 si-

2067 4863 2293 4932 gniﬁcat
2323 4864 2548 4916 verbum
2583 4861 3036 4932 σωφρονισθῆναι,
3075 4869 3132 4913 ιιι
3166 4873 3334 4928 supra
3379 4875 3445 4912 ex
3476 4858 3646 4911 Atha-

2068 4933 2227 4986 nasio
2259 4933 2621 4986 ostendimus.

2141 5002 2252 5072 (60)
2296 5003 2480 5068 Ὄναρ
2525 5000 2682 5072 ὶδεῒνγ
2719 4996 3536 5072 ἈντὼνιονηΙίιιὶιιεμνῑεὶοιιίε
3579 5010 3644 5072 ac

2068 5065 2454 5195 ριἰὲιιιξριῐοιιὶέ
2472 5073 2614 5126 beati
2658 5071 2886 5124 Antonii
2918 5065 3550 5125 meminit‘Atbanasius
3588 5065 3642 5118 in

2068 5158 2188 5195 eius
2268 5153 2364 5195 ita.

2065 5158 2188 5211 ejus
2226 5153 2364 5197 Vita.

1855 5316 2248 5374 \‘ARIORUH.

472 5419 489 5457 ί
537 5417 648 5481 Τὰς
681 5416 1015 5483 ἐκκλησίας
1045 5415 1143 5468 καὶ
1179 5414 1320 5480 τοὺς
1346 5409 1535 5483 λαοὺς
1558 5410 1726 5483 ἄγειν
1754 5412 1960 5465 κελεύ-

393 5498 534 5563 σας.
567 5486 696 5563 Λύει
731 5486 827 5556 μὲν
856 5481 964 5563 τοῖς
1004 5484 1321 5563 ἐπισκόποις
1357 5481 1456 5563 τὴν
1488 5481 1725 5563 ὲξρρίαγν
1763 5484 1875 5545 τοῖς
1903 5495 1965 5563 ξτε

399 5550 574 5634 emt;
605 5550 782 5634 ἅπασι
802 5597 816 5618 ,
867 5557 958 5634 και
977 5555 1094 5634 ,πρὸ
1127 5555 1340 5634 πάντων
1368 5550 1447 5634 τῷ
1479 5550 1588 5634 πρὸ
1608 5551 1837 5634 ἐπόντων
1866 5552 1966 5634 τὴν

397 5627 628 5698 ἀρετὴν,
697 5627 793 5698 καὶ
826 5621 1107 5698 προδήλως
1149 5625 1291 5698 ὑπὲρ
1328 5621 1433 5698 τῆς
1475 5621 1755 5698 εὐσεϐείας
1800 5621 1969 5698 ,πολε-

354 5715 366 5725 ·
405 5691 650 5768 gnatm.
694 5691 1180 5768 inquit'Gre'gorius
1213 5691 1608 5762 Nazianzenus,
1640 5692 1746 5748 i.e.
1787 5691 1968 5747 loria-

2072 5429 2170 5466 nus
2204 5412 2444 5466 exsulum
2483 5414 2843 5482 episcoporum
2878 5411 3208 5467 revocatione
3253 5405 3530 5482 imperium
3563 5413 3644 5482 est

2075 5483 2405 5549 auspicatus.
2431 5475 2561 5538 Ante
2593 5475 2768 5537 onines
2799 5493 2975 5536 autem
3005 5478 3352 5549 Athanasium
3383 5475 3638 5549 restituit,

2075 5546 2432 5622 qui'oumibus
2460 5554 2648 5607 virtute
2670 5553 2993 5621 prwstabat,
3039 5559 3087 5602 et
3124 5564 3217 5615 pro
3261 5547 3454 5613 pietate
3481 5583 3495 5598 .
3536 5546 3646 5600 sine

2078 5623 2189 5677 ulla
2228 5623 2578 5690 dubitatione,
2615 5633 2940 5694 oppugnatus
2971 5622 3158 5672 fuerat.
