4040 6216
337 284 476 343 1509

1313 288 1632 346 HISTORIA
1669 291 2224 351 ECCLESIASTICA.
2256 326 2321 338 -—
2361 297 2489 353 LIB.
2526 297 2613 354 Vl.

3441 304 3581 356 1510

333 397 513 471 γερῶν
557 399 831 470 ἀξιωθείη.
865 399 1068 455 Καθότι
1112 401 1314 474 ταύτης
1363 406 1527 461 ἕνεκα
1557 410 1656 480 τῆς
1709 413 1886 475 αἰτίας

2011 413 2377 484 negligentius
2406 415 2748 471 instituisset.
2780 413 3006 470 Nolebat
3038 417 3183 469 cnlm
3239 417 3412 472 videri
3451 434 3580 474 eum

333 491 428 546 καὶ
472 490 581 543 τῶν
617 490 790 544 ἄλλων
826 492 1080 562 ἐφείσατο
1125 496 1500 566 Χριστιανῶν,
1528 502 1670 572 ὁρῶν
1715 503 1909 568 αὐτοὺς

2015 502 2296 572 religionis
2333 518 2500 559 causa
2553 506 2692 560 male
2738 505 3020 568 multasse,
3067 519 3136 560 ne
3189 505 3276 561 ille
3323 508 3580 578 martyris

333 578 586 635 εὔκλειαν
640 582 734 634 καὶ
768 582 1026 638 σύστασιν
1056 587 1148 639 τοῦ
1192 587 1460 658 δόγματος
1492 594 1602 656 τοῖς
1649 594 1887 648 κινδύνοις

2010 607 2074 647 ac
2105 591 2439 648 confessoris
2469 595 2675 650 honore
2711 594 3050 650 afficeretur.
3090 591 3228 648 Nam
3268 604 3323 651 et
3356 597 3426 652 ob
3454 613 3577 652 eam

335 671 745 743 ποριζομένους,
790 673 865 737 ὼς
907 676 966 728 ἐν
1001 680 1116 739 τοῖς
1152 679 1387 749 πρόσθεν
1415 683 1646 754 εἴρηται.
1672 683 1826 739 Ἐπεὶ⁵
1851 687 1908 739 δὲ

332 763 360 813 ὁ
391 760 642 824 Ἰοϐιανὸς
670 762 953 835 ἐπετράπη
985 765 1082 837 τὴν
1111 767 1394 839 Ῥωμαίων
1416 773 1727 842 ἡγεμονίαν,
1745 793 1908 845 μετα-

333 852 552 925 κληθεὶς
577 853 684 906 ἀπὸ
716 855 815 925 τῆς
843 856 1023 926 φυγῆς
1059 860 1138 922 εἰς
1164 860 1420 924 Νίκαιαν,
1453 865 1664 933 συμϐὰν
1701 867 1906 921 ἐκεῖνον

329 944 667 1014 τελευτῆσαι,
689 944 1134 1018 βουλευσαμένων
1169 951 1262 1005 τοῦ
1291 955 1650 1024 στρατοπέδου
1678 959 1770 1011 καὶ
1799 959 1905 1012 τῶν

331 1035 450 1087 τότε
493 1034 593 1096 τὰς
625 1033 864 1104 μεγάλας
891 1035 1061 1106 ἀρχὰς
1102 1038 1351 1107 ἐχόντων,
1379 1037 1543 1111 ψήφῳ
1574 1042 1788 1095 πάντων
1819 1046 1906 1097 al-

335 1126 507 1195 ρεῒται
541 1124 845 1193 βασιλεύειν
877 1126 1338 1195 Οὐαλεντινιανός.
1373 1130 1456 1191 Ὧς
1485 1131 1540 1184 δὲ
1569 1132 1636 1184 τὰ
1661 1131 1902 1205 σύμϐολα

328 1214 424 1283 τῆς
448 1215 620 1284 ἀρχῆς
649 1214 883 1281 ἐδέξατο,
904 1217 1250 1286 κεκραγότων
1279 1217 1386 1272 τῶν
1413 1223 1756 1291 στρατιωτῶν
1790 1241 1902 1277 κοι-

327 1304 491 1356 νωνὸν
518 1303 666 1374 αὑτῷ
688 1304 788 1373 τῆς
810 1304 1088 1374 βασιλείας
1110 1306 1296 1378 ἕτερον
1325 1309 1673 1380 ποιήσασθαι,
1703 1313 1775 1365 Τὸ
1803 1314 1900 1384 μὲν

326 1389 541 1444 ἑλέσθαι
562 1409 649 1462 με,
665 1393 850 1462 φησὶν,
873 1395 1061 1465 ἄρχειν
1077 1397 1248 1465 ὑμῶν,
1271 1392 1315 1451 ὦ
1338 1398 1526 1471 ἄνδρες
1549 1402 1896 1472 στρατιῶται,

323 1484 381 1536 ὲν
407 1484 532 1553 ὑμῖν
557 1479 643 1553 ἦν.
688 1484 841 1536 Ἐπεὶ
872 1485 928 1539 δὲ
956 1486 1164 1540 εἵλεσθε
1183 1527 1200 1552 ,
1228 1489 1286 1542 ὃν
1310 1490 1404 1544 νῦν
1442 1493 1666 1557 αἰτεῖτε,
1712 1495 1810 1548 οὐκ
1841 1497 1899 1548 ἐν

322 1573 472 1644 ὑμῖν,
509 1573 623 1627 ἀλλ’
652 1576 709 1627 ὲν
746 1575 868 1645 ἐμοί
898 1591 912 1604 ·
948 1578 1040 1630 καὶ
1097 1579 1204 1651 χρὴ
1254 1581 1379 1644 τοὺς
1427 1582 1526 1650 μὲν
1563 1583 1897 1654 ἀρχομένους

323 1667 466 1736 ὑμᾶς
500 1667 726 1738 ἡσυχίαν
756 1667 908 1736 ἄγειν
927 1683 940 1696 ·
966 1669 1065 1740 ἐμὲ
1093 1671 1150 1723 δὲ
1178 1671 1254 1734 ὡς
1279 1672 1526 1742 βασιλέα,
1552 1673 1623 1728 τὰ
1645 1677 1894 1746 πρακτέα

2009 698 2230 738 causam
2260 686 2382 741 aliis
2413 686 2742 742 Christianis
2773 688 3034 759 pepercit,
3066 704 3192 744 cum
3231 690 3439 746 videret
3483 707 3578 745 eos

2007 775 2235 846 gloriam
2287 778 2389 832 sibi
2430 777 2584 848 ipsis,
2615 788 2670 834 et
2710 780 3243 836 commendationem
3291 783 3576 852 religionis

2006 879 2120 919 sua:
2173 881 2238 920 ex
2296 866 2610 936 hujusmodi
2657 871 2916 940 periculis
2963 882 3272 943 reportare,
3322 873 3468 926 sicut
3519 874 3575 927 in

2005 956 2285 1024 superiore
2318 957 2457 1012 libro
2499 959 2807 1017 observavi.
2837 961 3037 1018 Postea
3068 979 3197 1019 vero
3226 962 3458 1020 Joviano
3507 967 3577 1022 ad

2005 1043 2294 1114 imperium
2324 1055 2534 1111 evecto,
2567 1049 2634 1104 ab
2661 1051 2857 1106 exsilio
2887 1064 3176 1108 revocatus
3211 1054 3447 1109 Niczeam
3480 1072 3576 1110 ve-

2005 1133 2104 1186 nit.
2149 1132 2396 1204 Cumque
2441 1135 2729 1192 Jovianum
2765 1141 2903 1195 mori
2941 1141 3287 1212 contigisset,
3329 1145 3571 1198 exercitu

2001 1219 2336 1278 Romanoet
2385 1226 2451 1280 iis
2500 1229 2593 1296 qui
2623 1229 2928 1300 praecipuas
2975 1229 3269 1301 dignitates
3312 1233 3573 1302 gerebant

2001 1314 2294 1370 consilium
2345 1317 2681 1383 ineuntibus,
2727 1322 2974 1376 omnium
3028 1322 3289 1391 suffragio
3330 1322 3571 1378 Valenti-

2000 1405 2198 1462 nianus
2227 1408 2447 1478 eligitur
2473 1411 2789 1480 imperator.
2824 1411 2927 1478 Qui
2965 1430 3086 1469 cum
3128 1414 3362 1483 insignia
3399 1413 3570 1484 impe-

2000 1494 2066 1548 rii
2098 1498 2456 1568 suscepisset,
2486 1500 2923 1559 vociferantibus
2951 1503 3214 1559 militibus
3244 1513 3304 1558 ut
3337 1504 3568 1559 alterum

2000 1583 2104 1638 sibi
2139 1587 2351 1656 imperii
2384 1598 2692 1646 consortem
2732 1592 3081 1663 adiungeret:
3119 1593 3294 1649 Vestri
3323 1595 3567 1664 quidem,

2000 1675 2195 1745 inquit,
2237 1678 2448 1734 arbitrii
2486 1680 2607 1747 fuit,
2654 1685 3078 1752 commilitones,
3113 1696 3170 1740 ut
3203 1701 3289 1740 me
3335 1686 3569 1755 impera-

320 1760 560 1812 σκοπεῖν.
594 1759 703 1812 Καὶ
732 1759 851 1813 τότε
881 1760 979 1831 μὲν
1009 1761 1178 1816 ταῦτα
1207 1767 1626 1837 προσφωνήσας,
1656 1769 1755 1822 οὐκ
1786 1764 1887 1835 εἶξε

1998 1773 2168 1821 torem
2191 1777 2430 1824 vestrum
2456 1773 2750 1844 eligeretis.
2785 1774 2889 1830 Sed
2918 1787 3271 1848 posteaquam
3327 1777 3569 1846 elegistis

316 1851 428 1914 τοῖς
483 1850 860 1922 στρατιώταις.
907 1854 1041 1906 Μετ’
1068 1855 1128 1906 οὐ
1171 1857 1307 1910 πολὺ
1359 1857 1414 1910 δὲ
1451 1862 1901 1931 παραγενόμενος

316 1943 397 2006 είς
425 1943 1008 2010 Κωνσταντινούπολιν,
1042 1946 1342 2018 ἀνεκήρυξε
1377 1948 1601 2018 βασιλέα
1633 1951 1724 2003 τὸν
1755 1952 1900 2005 ἀδελ-

316 2034 446 2103 φόν·
485 2035 577 2086 καὶ
605 2034 703 2104 τῆς
729 2035 970 2103 ὑπηκόου
1003 2034 1070 2088 τὰ
1102 2035 1199 2107 μὲν
1237 2037 1372 2106 πρὸς
1401 2038 1552 2108 ἥλιον
1587 2039 1894 2110 ἀνίσχοντα,

315 2125 627 2195 παρέδωκεν
649 2124 816 2196 αὐτῷ·
845 2125 913 2179 τὰ
938 2125 994 2179 δὲ
1028 2126 1135 2180 ἀπὸ
1164 2127 1434 2198 Ἰλλυριῶν
1483 2129 1575 2180 ἐπὶ
1606 2127 1695 2183 τὸν
1745 2131 1898 2184 ἐσπέ-

317 2233 427 2287 ριον
447 2216 706 2280 ὠκεανὸν,
735 2217 828 2271 καὶ
859 2219 1040 2272 πᾶσαν
1062 2217 1160 2290 τὴν
1192 2219 1417 2291 ἀντικρὺ
1443 2221 1670 2291 ῆπειρον
1701 2222 1894 2294 μέχρις

312 2309 552 2378 ἐσχάτων
591 2309 826 2377 Λιὸύων,
856 2311 944 2379 ὑφ’
971 2312 1160 2364 ἑαυτὸν
1201 2311 1408 2378 ἔταξεν.
1448 2313 1650 2384 ’Ἄμφω
1677 2315 1734 2368 δὲ
1759 2317 1895 2386 Χρι-

313 2401 511 2454 στιανὼ
559 2401 658 2473 τήν
709 2401 1003 2474 θρησκείαν
1065 2403 1356 2475 ἐγενέσθην
1388 2421 1402 2436 ⁸
1431 2404 1672 2476 διαφόρω
1703 2407 1760 2460 δὲ
1794 2409 1892 2478 τὴν

309 2491 464 2557 δόξαν
497 2494 590 2546 καὶ
626 2493 715 2547 τὸν
766 2495 983 2565 τρόπον.
1017 2495 1230 2565 Οὐάλης
1263 2496 1361 2566 μὲν
1390 2496 1520 2566 γὰρ,
1552 2498 1787 2569 Εὑδοξίῳ
1812 2500 1890 2569 τῷ

307 2583 589 2655 ὲπισκόπῳ
624 2587 966 2657 μυσταγωγῷ
995 2586 1338 2658 χρησάμενος
1365 2590 1528 2658 ήνίκα
1561 2590 1886 2662 ἐϐαπτίσθη,

306 2673 404 2746 τὴν
443 2676 651 2747 Ἀρείου
687 2678 868 2731 πίστιν
915 2677 1107 2750 ἐζήλου
1141 2696 1154 2710 ο
1204 2681 1298 2734 καὶ
1347 2680 1520 2735 δεινὸν
1570 2684 1774 2753 ἠγεῖτο,
1811 2684 1887 2757 μὴ

308 2767 586 2838 βιάζεσθαι
626 2769 836 2834 πάντας
867 2770 1155 2841 ὁμοδόξους
1181 2771 1329 2842 αὐτῷ
1372 2774 1565 2827 ποιεῖν.
1599 2774 1880 2831 Οὐαλεντι-

219 2869 229 2876 ’
304 2859 484 2923 νιανὸς
510 2859 588 2925 δὲ,
613 2860 681 2913 τὰ
703 2861 843 2914 αὐτὰ
865 2861 1078 2932 φρονῶν
1098 2865 1209 2925 τοῖς
1237 2863 1295 2916 ὲν
1323 2862 1526 2932 Νικαία
1549 2864 1881 2932 συνελθοῦσι,

304 2950 525 3014 τούτους
552 2951 650 3022 μὲν
677 2952 875 3021 ὠφέλει
900 2969 914 2983 ο
942 2955 1054 3017 τοῖς
1081 2952 1137 3006 δὲ
1157 2953 1360 3024 ἑτέρως
1387 2953 1883 3022 δοξάζουσιν,οὑδὲν

305 3043 556 3114 ἠνώχλει.

2003 1855 2056 1910 id
2087 1857 2234 1924 quod
2274 1861 2482 1928 petitis,
2535 1864 2643 1918 mei
2693 1864 2904 1921 arbitrii
2957 1875 3061 1932 est,
3111 1883 3221 1921 non
3266 1867 3453 1922 vestri.
3501 1864 3569 1918 Et

1998 1962 2095 2001 vos
2124 1948 2342 2017 quidem
2378 1957 2636 2020 tanquam
2683 1956 2933 2012 subditos
2962 1957 3246 2026 quiescere
3274 1957 3452 2020 decet,
3484 1970 3570 2009 me

1997 2052 2148 2104 vero,
2185 2049 2372 2110 utpote
2409 2043 2817 2115 imperatorem,
2851 2048 2983 2117 quid
3017 2048 3283 2119 agendum
3314 2048 3406 2114 sit,
3438 2063 3566 2118 spe-

1995 2137 2167 2186 ctare.
2199 2130 2522 2202 Hujusmodi
2554 2152 2821 2208 responso
2850 2139 3000 2204 dato,
3042 2147 3156 2193 tum
3195 2138 3415 2210 quidem
3464 2142 3568 2192 mi-

1995 2219 2184 2277 litibus
2234 2225 2461 2282 minime
2509 2227 2924 2300 obtemperavit.
2991 2229 3162 2285 Paulo
3207 2242 3333 2302 post
3381 2238 3563 2285 tamen

1993 2308 2526 2385 Constantinopolim
2579 2319 2885 2390 ingressus,
2921 2320 3146 2374 fratrem
3182 2319 3562 2390 imperatorem

1991 2402 2349 2460 renuntiavit.
2376 2405 2442 2459 Et
2465 2415 2650 2477 partes
2673 2410 2894 2479 quidem
2921 2409 3133 2479 imperii
3157 2425 3278 2480 quze
3297 2409 3362 2463 ad
3380 2410 3564 2462 orien-

1991 2500 2097 2545 tem
2141 2502 2413 2563 spectant,
2469 2497 2518 2552 ei
2569 2499 2836 2568 regendas
2886 2500 3182 2556 commisit.
3223 2499 3384 2568 227
3433 2503 3563 2563 ουκ

1988 2599 2120 2640 vero
2153 2585 2223 2640 ab
2269 2586 2484 2659 Illyrico
2528 2590 2596 2645 ad
2633 2591 3026 2647 occidentalem
3068 2603 3330 2644 oceanum
3385 2586 3563 2657 porri-

1987 2692 2211 2755 guntur,
2252 2697 2580 2753 omnemque
2629 2697 2660 2738 e
2706 2682 2930 2753 regione
2968 2681 3132 2735 sitam
3162 2677 3558 2739 continentem,

1987 2791 2162 2846 usque
2209 2775 2277 2831 ad
2327 2776 2547 2830 ultimas
2587 2773 2786 2829 Africa:
2816 2782 3030 2846 gentes,
3067 2772 3171 2826 sub
3199 2770 3408 2825 ditione
3459 2783 3559 2823 sua

1985 2867 2236 2924 retinuit.
2281 2867 2343 2922 Et
2381 2866 2540 2920 ambo
2585 2867 2804 2938 quidem
2837 2866 3098 2937 religione
3133 2862 3354 2919 fuerunt
3399 2859 3558 2915 Chri-

1986 2960 2174 3027 stiani,
2207 2968 2356 3016 secta
2401 2971 2582 3016 tamen
2617 2970 2673 3015 et
2707 2959 2952 3013 moribus
2999 2958 3141 3011 inter
3172 2971 3232 3012 se
3273 2955 3557 3024 discrepa-

1983 3053 2140 3108 bant.
2182 3052 2315 3107 Nam
2364 3050 2563 3108 Valens
2598 3061 2729 3108 tunc
2758 3067 2880 3105 cum
2935 3050 3266 3121 baptismum
3306 3049 3558 3117 suscipe-

300 3144 408 3202 ret,
458 3138 527 3192 ab
565 3136 814 3194 Eudoxio
867 3139 1154 3194 institutus
1183 3139 1464 3210 episcopo,
1500 3141 1616 3196 Arii
1664 3144 1993 3200 sententiam
2062 3147 2449 3203 ardentissimo
2489 3145 2670 3201 studio
2731 3154 2980 3200 sectatus
3018 3151 3099 3198 est
3143 3160 3155 3198 :
3217 3157 3281 3196 ac
3327 3140 3558 3194 moleste
3598 3204 3605 3210 _

301 3227 509 3285 ferebat
560 3230 702 3300 quod
732 3245 922 3286 omnes
969 3231 1036 3286 ad
1080 3234 1409 3288 sententiam
1443 3248 1598 3287 suam
1633 3251 1731 3305 per
1758 3237 1865 3290 vim
1905 3252 2014 3293 non
2042 3249 2282 3311 cogeret.
2300 3241 2366 3295 At
2393 3237 2813 3296 Valentinianus
2839 3235 3050 3290 Nicmni
3114 3233 3332 3288 concilii
3393 3230 3554 3285 fidem

301 3322 604 3391 amplexus.
638 3321 707 3376 iis
735 3321 952 3391 quidem
980 3322 1073 3392 qui
1103 3321 1247 3378 idem
1284 3339 1410 3379 cum
1441 3325 1561 3395 ipso
1628 3327 1895 3383 sentirent
1935 3329 2184 3402 favebat,
2227 3348 2324 3390 eos
2367 3347 2498 3388 vero
2537 3332 2629 3403 qui
2663 3330 2935 3386 diversam
2966 3327 3283 3398 opinionem
3347 3339 3550 3395 seque-

299 3423 514 3484 rentur,
544 3417 693 3472 nulla
722 3416 900 3474 affecit
932 3419 1204 3492 molestia.

924 3513 1172 3568 ΚΕΦΛΛ.
1207 3517 1280 3568 Ζ’.

301 3603 432 3657 Ὀτι
461 3603 559 3657 καὶ
583 3604 770 3674 πάλιν
798 3603 871 3658 τὰ
898 3603 1016 3659 τῶν
1053 3605 1428 3674 Ἐκκλησιῶν
1458 3610 1870 3664 ἀνεκενοῦντοσ

371 3673 766 3746 καίᾼσύνοδος
794 3676 864 3728 ἐν
895 3674 1201 3746 Λαμψάκῳ
1247 3673 1470 3746 γίνεται
1507 3697 1520 3710 ·
1562 3683 1659 3734 καί
1698 3681 1777 3746 ὡς
1821 3684 1876 3735 οι

369 3743 502 3817 περί
552 3744 848 3817 Εὑδόξιον
893 3743 1174 3817 Ἀρειιινοὶ
1222 3743 1511 3815 κρατοῦσι
1539 3789 1554 3812 ,
1586 3751 1683 3804 καί
1733 3743 1876 3817 τοὺς

369 3813 511 3881 ὀρθὰ
552 3814 924 3884 φρονοῦντας
954 3815 1076 3869 τῶν
1108 3813 1479 3884 Ἐκκλησιῶν
1504 3813 1880 3876 ’ἀπελαύνου-

367 3899 491 3948 σιν,
526 3881 594 3937 ἐν
617 3881 707 3948 οἷς
739 3885 835 3939 καὶ
862 3885 970 3940 τὸν
1004 3881 1366 3955 Ἀντιοχείας
1401 3890 1710 3946 Μελέτιον.

367 3977 521 4030 Ἐπεὶ
553 3976 609 4030 δὲ
646 3979 1266 4042 Κωνσταντινουπόλεως
1292 3977 1624 4049 ἐξεδήμησεν
1657 3981 1749 4036 ἐπὶ
1773 3982 1874 4054 τήν

310 4067 526 4138 Ῥώμην
551 4069 638 4123 διὰ
665 4069 886 4140 Θρᾴκης
919 4071 1303 4140 πορευόμενος,
1340 4071 1642 4141 τηνικαῦτα
1669 4074 1718 4127 οί
1747 4075 1878 4143 περὶ

310 4156 699 4226 Ἑλλήσποντον
724 4159 817 4212 καὶ
846 4158 1097 4212 Βιθυνίαν
1127 4160 1433 4225 ἐπίσκοποι,
1453 4166 1543 4214 καὶ
1584 4161 1697 4215 ὅσοι
1728 4163 1876 4217 ἄλλοι

293 4247 580 4319 ὀμοοὺσιον
631 4250 742 4322 (62)
796 4250 874 4322 τῷ
927 4252 1104 4322 Πατρὶ
1147 4253 1238 4306 τὸν
1283 4253 1408 4305 Υίδν
1442 4253 1620 4322 λέγειν
1670 4255 1873 4323 ἠξίουν,

298 4340 690 4412 προϐάλλονται
742 4341 1064 4413 πρεσὸεύειν
1120 4344 1258 4418 ὑπὲρ
1308 4343 1487 4399 αὐτῶν
1553 4343 1878 4400 ’Υπατιανὸν

373 4496 394 4528 ⁸
418 4497 574 4552 Socr.
623 4497 719 4553 lib.
758 4513 832 4563 tv,
857 4513 910 4554 c.
941 4497 996 4553 4.

2608 3512 2761 3569 CAP.
2807 3510 2921 3566 VII.

1982 3608 2256 3676 Quomodo
2295 3605 2544 3659 Ecclesia!
2579 3604 2748 3656 denuo
2784 3599 3106 3670 perturbatae
3143 3597 3356 3676 sintne:
3385 3611 3553 3676 aqua:

2055 3680 2156 3732 dus
2189 3676 2469 3744 Lampsaci
2503 3665 2824 3742 congregata
2851 3680 2928 3725 est
2953 3684 2972 3721 :
2998 3679 3047 3744 et
3078 3665 3337 3744 quomodo
3363 3665 3552 3744 Agriani

2052 3749 2142 3820 qui
2182 3733 3227 3820 cumIEudoxio'erantuprwraluérint‘,
3275 3745 3324 3818 et
3359 3733 3551 3791 Ortho-

2055 3807 2243 3880 Iioxos,
2285 3816 2425 3869 inter
2468 3830 2597 3885 quos
2645 3813 2748 3882 fuit
2783 3807 3048 3876 Heluius,
3088 3807 3340 3862 Ecclesiis
3387 3820 3552 3874 expu—

2051 3889 2248 3942 lerunt.

2054 3979 2227 4035 Porro
2280 3994 2405 4033 cum
2471 3976 2666 4032 relicta
2723 3968 3257 4042 ConstantinOpoli,
3318 3965 3549 4027 Romam

1983 4071 2322 4127 contendens
2375 4085 2473 4140 per
2524 4067 2818 4123 Thraciam
2866 4067 2970 4119 iter
3031 4063 3254 4124 faceret,
3307 4055 3551 4129 episcOpi

1983 4163 2313 4232 Hellesponti
2339 4176 2403 4215 ac
2428 4159 2712 4230 Bithyniae,
2745 4167 2799 4212 et
2835 4154 3027 4224 reliqui
3059 4153 3148 4222 qui
3174 4149 3369 4204 Filium
3402 4145 3549 4200 Patri

1981 4249 2502 4306 consubstantialem
2530 4247 2870 4307 asserebant,
2889 4242 3250 4314 Hypatianum
3274 4236 3549 4292 Heraclea:

1980 4341 2224 4399 Perinthi
2269 4342 2587 4413 episcopum
2629 4337 2948 4408 elegerunt‘
2979 4354 2994 4391 :
3027 4334 3121 4406 qui
3155 4337 3410 4401 suscepta
3448 4343 3549 4399 pro

1490 4643 1758 4698 VALESII
1799 4604 2353 4702 ANNo'rATIONEs.

371 4735 484 4806 (62)
526 4737 700 4809 Ὀνσοι
720 4738 897 4793 ἄλλοι
931 4739 1275 4809 όμοούσιον.
1309 4738 1580 4794 Baronius
1612 4739 1665 4792 in
1692 4739 1873 4794 Anna-

294 4804 888 4878 libus—ecclesiasticis
925 4804 991 4864 ad
1022 4825 1225 4863 annum
1257 4809 1398 4874 564,
1435 4809 1539 4878 tria
1572 4813 1874 4878 reprehen-

303 4873 379 4929 dit
428 4877 516 4950 _in_
552 4877 654 4931 hac
721 4880 1037 4950 narratione
1093 4873 1408 4934 Sozomeni.
1468 4873 1714 4950 Primum
1766 4889 1871 4950 est,

296 4945 445 5016 quod
483 4945 823 5004 Sozomenus
874 4948 1192 5004 Catholicos
1238 4964 1334 5002 seu
1379 4945 1871 5006 consubstantialis

294 5025 608 5103 assertores
640 5019 814 5073 fuisse
839 5028 1175 5103 censet,neos
1210 5019 1304 5101 qui
1336 5020 1401 5073 ad
1435 5018 1867 5103 Lampsacenum
1901 5049 1944 5103 ι)

293 5087 593 5140 concilium
618 5099 1012 5142 convenerunt.
1049 5087 1321 5144 Baronius
1353 5105 1480 5144 vero
1501 5091 1868 5144 Semiarianos

291 5155 424 5211 illos
457 5155 628 5212 fuisse
685 5159 1046 5213 demonstrat.
1081 5161 1322 5214 Alterum
1372 5170 1475 5221 est,
1504 5159 1652 5227 quod
1697 5160 1871 5214 Sozo-

291 5240 493 5281 melius
542 5242 664 5281 eam
714 5229 985 5284 svnodum
1034 5227 1200 5284 refert
1243 5239 1371 5282 ante
1405 5230 1703 5282 tumultum
1735 5229 1870 5283 Pro-

292 5294 442 5368 eopii
469 5336 497 5368 ,γ
524 5312 683 5368 quem
741 5294 1011 5368 Baronius
1074 5308 1312 5368 coeptum
1374 5313 1499 5352 esse
1551 5297 1687 5352 dicit
1721 5313 1869 5354 anno

291 5364 502 5440 Christi
531 5367 656 5440 σοι,
683 5384 793 5440 quo
816 5366 1080 5423 Jovianus
1111 5364 1177 5422 et'
1201 5368 1580 5440 Varronianus
1615 5370 1868 5425 consules

292 5433 534 5492 fuerant.
569 5433 938 5508 Lampsacena
961 5448 1139 5510 autem
1166 5437 1418 5510 synodus
1434 5446 1868 5510 sequenteanno

297 5515 630 5577 congregata
655 5519 760 5574 est,
789 5515 847 5560 ut
872 5525 939 5562 ex
964 5508 1365 5564 Socrate—idem
1387 5508 1658 5562 Baronius
1685 5508 1866 5564 docet.

294 5572 585 5649 PO__Sll'Clll0
614 5572 978 5649 Sozmnenum
1010 5581 1210 5648 arguit,
1243 5582 1386 5649 quod
1419 5579 1620 5649 dixerit
1661 5578 1866 5649 legatos

295 5658 329 5697 a
367 5643 738 5714 Lampsacena
774 5648 988 5714 synodo
1033 5643 1233 5702 missos
1252 5643 1275 5712 ,’
1312 5648 1636 5704 convenisse
1663 5643 1865 5703 valen-

295 5724 410 5769 tem
469 5715 522 5770 in
578 5719 713 5773 urbe
772 5715 1021 5774 Thracia:
1073 5719 1374 5788 Heraclea,
1430 5720 1744 5776 redeuutem
1799 5737 1864 5777 cx

1977 4741 2249 4796 Thraciis.
2308 4740 2554 4795 Fratrem
2615 4737 2762 4794 enim
2823 4731 3276 4791 Valentinianum
3315 4726 3546 4781 Ron‘iam

1974 4827 2173 4868 versus
2204 4813 2308 4866 iter
2329 4811 2641 4879 facientem,
2675 4809 3022 4879 aliquatenus
3049 4804 3342 4857 comitatus
3367 4799 3553 4879 fuerat

1975 4881 2202 4946 Valens,
2245 4892 2300 4936 ut
2326 4880 2520 4937 scribit
2557 4877 2918 4949 Sozomenus.
2954 4877 3215 4949 ldantem
3245 4877 3555 4949 contigisse

1975 4967 2118 5006 anno
2145 4936 2346 5006 Christi
2379 4950 2487 5005 364
2507 4991 2522 5015 ,
2581 4948 2850 5002 Baronius
2881 4945 3115 5002 credidit
3147 4961 3191 5015 ε-
3212 4955 3276 4994 ac
3313 4936 3554 5015 proinde-

1977 5023 2337 5092 Sozomenum
2376 5009 2536 5088 longe
2585 5019 2696 5072 falli
2753 5009 3346 5092 existitiiavit._}’erutii
3376 5010 3546 5091 βοτο-

1973 5094 2100 5147 nius
2157 5094 2274 5162 ipse
2326 5082 2865 5162 hallucinatusmst.
2919 5085 3082 5162 Nam.
3117 5082 3544 5162 Valentinianus

1965 5154 2268 5231 imperator
2310 5176 2434 5215 cum
2467 5154 2756 5231 Valentem
2793 5155 3014 5231 fratrem
3056 5154 3362 5231 Augustum
3398 5163 3542 5231 nun-

1965 5223 2248 5301 cupasset,
2283 5229 2757 5298 Constantinopoli
2781 5227 3072 5301 digressus
3097 5223 3178 5280 est
3202 5223 3306 5276 sub
3331 5223 3546 5301 egitum.

1965 5288 2093 5374 anni
2117 5288 2247 5374 5,64,.
2277 5301 2581 5374 comitante
2619 5288 2748 5374 eum
2781 5288 3010 5374 Valente
3049 5299 3315 5374 Augusto:
3352 5288 3541 5374 Etet?

1964 5370 2251 5426 Thraciam
2280 5371 2509 5441 profecti
2543 5371 2704 5445 ambo
2724 5369 2977 5445 Augusti,
3013 5369 3156 5445 veris
3188 5369 3539 5445 initials??-

1963 5424 2426 5515 runt_:iii_ﬂDaciam
2451 5424 2607 5515 anno
2633 5424 2994 5515 Christiﬁtifé,
3022 5444 3081 5515 et.
3104 5435 3158 5487 in
3191 5424 3534 5515 urt‘i‘eil'nhra:

1963 5512 2062 5582 cia:
2093 5495 2400 5578 Naiso,rvel
2454 5510 2637 5580 potius
2682 5509 2735 5562 in
2784 5509 2914 5562 villa
2948 5495 3193 5582 Mediana
3234 5497 3301 5577 ad
3332 5495 3537 5582 urbem

1964 5580 2218 5647 Naisum,
2267 5574 2552 5635 exercitus
2609 5589 2663 5634 et
2701 5586 2945 5632 rectores
3007 5574 3218 5647 militim
3253 5574 3420 5647 .intcr
3477 5578 3540 5643 se

1967 5652 2149 5720 partiti
2189 5642 2334 5707 sunt.
2373 5649 2492 5704 Mox
2524 5665 2649 5704 cum
2686 5642 3538 5720 inAPannoniam.venissem,“th

1965 5704 2103 5778 urbe
2121 5704 2335 5778 Sirmio
2382 5721 2684 5792 palatium,
2747 5718 2800 5772 id
2853 5722 2936 5771 est
2995 5708 3251 5768 otliciales
3319 5704 3546 5778 palatii,
