4040 6216
481 316 614 375 1511

1947 307 2284 365 SOZOMENI

3599 314 3746 369 15ιῖ

482 437 619 508 ipsis
648 437 914 507 legatione
952 442 1159 506 peteret
1189 434 1258 490 ab
1295 435 1649 504 imperatore,
1682 443 1742 488 ut
1776 433 1843 488 ad
1873 434 2049 488 corri-

2163 433 2239 486 τὸν
2280 433 2605 504 Ἡρακλείας
2638 435 2737 504 τῆς
2772 433 3033 505 Περίνθου
3086 435 3381 489 ἐπίσκοπον
3410 453 3423 465 ·
3457 437 3598 489 ὥστε
3623 438 3749 491 ἐπι-

481 529 714 594 gendam
754 527 876 581 lidei
899 527 1208 581 doctrinam
1242 527 1540 582 convenire
1580 527 2050 596 permitterentur.

483 623 585 688 Qui
631 633 756 673 cum
815 619 1199 688 imperatorem
1255 618 1520 683 adiisset,
1575 625 1628 672 et
1676 618 2056 687 episcOporum

483 708 741 763 mandata
781 709 830 762 ei
862 709 1230 777 exposuisset,
1266 706 1687 762 Valentinianus
1715 706 1790 760 ita
1825 719 2058 775 respon-

481 800 561 853 dit
589 820 602 855 :
630 800 758 854 Mihi
806 801 1026 870 quidem
1073 798 1129 851 in
1187 799 1451 853 laicorum
1499 797 1693 853 ordine
1732 797 2054 859 constituto,

484 891 566 946 fas
597 908 704 946 non
737 899 819 947 est
867 890 1181 961 hujusmodi
1223 891 1441 962 negotia
1475 890 1754 944 curiosius
1797 887 2054 943 scrutari.

484 984 810 1039 Sacerdotes
843 999 972 1038 vero
1017 983 1220 1054 quibus
1253 983 1310 1037 id
1339 997 1485 1037 cura;
1516 991 1620 1046 est,
1654 995 1902 1036 seorsum
1945 979 2059 1034 ubi-

487 1090 710 1144 cunque
737 1075 1015 1129 voluerint
1050 1075 1399 1130 conveniant.
1438 1073 1562 1128 Haec
1591 1087 1714 1127 cum
1763 1073 2060 1142 imperator

485 1165 550 1220 ad
609 1165 896 1236 llypatiani
957 1166 1284 1236 legationem
1335 1163 1756 1235 respondisset,
1815 1162 2057 1232 episcopi

485 1255 850 1325 Lampsacum
915 1256 1273 1312 conveniunt.
1340 1255 1589 1324 Cumque
1647 1270 1744 1325 per
1795 1255 2062 1309 bimestre

485 1348 727 1418 spatium
773 1349 916 1401 inter
959 1363 1018 1402 se
1061 1349 1493 1413 consultassent,
1534 1345 1751 1402 tandem
1798 1346 2059 1401 decreve-

485 1449 615 1493 runt
671 1439 838 1508 228
866 1447 924 1492 ιιι
967 1455 1030 1495 ea
1065 1456 1186 1509 quae
1214 1439 1695 1508 Constantinopoli
1739 1439 1920 1494 studio
1951 1437 2060 1493 Eu-

485 1528 636 1583 doxii
683 1537 848 1598 atque
893 1530 1079 1584 Acacii
1129 1537 1280 1599 gesta
1341 1526 1588 1592 fuerant,
1649 1529 1804 1582 irrita
1853 1537 2059 1594 essent,

487 1631 548 1675 et
581 1629 640 1673 ut
667 1621 900 1675 formula
931 1619 1153 1690 quidem
1181 1621 1305 1676 ﬁdei
1341 1619 1688 1690 rejiceretur,
1715 1634 1882 1689 quam
1909 1619 2058 1674 velut

485 1711 556 1764 ab
622 1710 1071 1766 Occidentalibus
1125 1711 1394 1782 episcopis
1458 1711 1659 1766 editam
1722 1712 2062 1780 proferentes

489 1801 823 1865 Eudoxiani,
872 1802 1370 1873 subscriptionibus
1430 1801 1795 1872 quorumdam
1855 1801 2061 1856 ﬁrmari

485 1901 837 1956 curaverant,
874 1893 1107 1965 polliciti
1154 1909 1214 1949 se
1259 1894 1575 1963 opinionem
1613 1893 1899 1949 dissimilis
1930 1892 2062 1948 sub-

486 1981 704 2036 stantiae
737 1981 1095 2038 damnaturos
1125 2001 1139 2037 :
1169 1983 1315 2053 quod
1349 1989 1530 2037 tamen
1577 1983 1801 2037 minime
1850 1984 2064 2053 praesti-

485 2077 711 2124 terunt:
749 2086 812 2123 ea
850 2087 982 2124 vero
1013 2073 1287 2126 sententia
1319 2087 1440 2140 qua:
1481 2069 1682 2126 Filium
1718 2071 1870 2125 Patri
1908 2072 2064 2126 simi-

485 2159 593 2213 lem
643 2160 904 2230 prmdicat
947 2160 1251 2216 secundum
1284 2162 1675 2228 substantiam,
1714 2162 2058 2231 praevaleret.

485 2248 622 2304 Nam
671 2250 1019 2318 vocabulum,
1065 2253 1288 2315 similis,
1332 2252 1646 2306 necessario
1690 2251 2061 2321 adjiciendum

485 2357 632 2406 esse,
683 2340 750 2395 ad
801 2340 1218 2410 signiﬁcandam
1273 2356 1635 2411 personarum
1675 2341 2060 2407 differentiam,

485 2441 657 2503 utque
685 2433 740 2487 in
772 2432 1030 2488 omnibus
1062 2433 1318 2488 ecclesiis
1349 2448 1411 2487 ea
1440 2441 1718 2489 teneretur
1763 2433 1917 2498 ﬁdes,
1943 2449 2065 2506 qua:

489 2525 758 2584 Seleuciae
802 2527 1023 2597 quidem
1081 2527 1426 2591 conﬁrmata,
1469 2527 1772 2581 Antiochiae
1818 2543 1946 2582 vero
2006 2527 2064 2582 in

488 2619 838 2674 dedicatione
868 2619 1095 2689 majoris
1139 2619 1388 2674 ecclesiae
1410 2620 1656 2689 exposita
1690 2618 1889 2674 fuerat.
1922 2619 2065 2674 Prae-

488 2721 637 2766 terea
664 2710 1025 2766 decreverunt
1055 2720 1114 2764 ut
1144 2710 1413 2780 episcopi,
1459 2711 1551 2779 qui
1583 2711 1814 2781 depositi
1849 2709 2066 2766 fuerant

487 2803 558 2858 ab
610 2802 680 2856 iis
731 2801 826 2871 qui
886 2800 1213 2855 dissimilem
1257 2798 1408 2854 Patri
1460 2800 1657 2854 Filium
1719 2802 2063 2869 asserebant,

489 2891 650 2946 sedes
696 2905 825 2945 suas
874 2888 1219 2960 postliminio
1267 2896 1683 2958 recuperarent,
1726 2890 1930 2960 quippe
1971 2890 2064 2960 qui

487 2981 743 3036 ecclesiis
803 2981 921 3035 suis
969 2980 1177 3048 injuste
1230 2979 1448 3049 spoliati
1497 2979 1755 3036 fuissent.
1811 2982 1968 3048 Quod
2016 2984 2064 3039 si

2156 525 2431 594 τραπῆναι
2485 524 2753 579 συνελθεῖν
2810 526 2903 578 ἐπὶ
2951 525 3236 600 διορθώσει
3289 527 3388 580 τοῦ
3445 528 3744 598 δόγματος.

2157 618 2552 689 Προσελθόντος
2575 618 2632 672 δὲ
2666 616 2854 684 αὑτοῦ,
2885 620 2982 672 καὶ
3009 619 3078 672 τὰ
3105 619 3256 691 παρά
3287 620 3398 673 τῶν
3425 621 3746 675 ἐπισκόπων

2155 707 2462 774 διδάξαντος
2487 749 2502 774 ,
2551 698 2837 763 ὑπολαϐὼν
2885 709 3324 774 Οὑαλεντινιανὸς
3349 750 3364 774 ,
3413 711 3568 778 Ἐμοὶ
3600 711 3706 780 μὲν
3725 751 3746 777 ,

2157 799 2281 871 ἔφη,
2316 799 2453 871 μετά
2475 799 2606 853 λαοῦ
2638 801 2985 871 τεταγμένῳ,
3012 801 3073 854 οὑ
3123 800 3282 872 θέμις
3322 801 3545 855 τοιαῦτα
3579 803 3751 855 πολυ-

2160 893 2492 963 πραγμονεῖν
2518 907 2532 920 ο
2568 891 2619 942 οἱ
2643 891 2700 944 δὲ
2725 893 2889 961 ἱερεῖς
2913 885 2996 954 οἷς
3019 889 3211 944 τούτου
3256 891 3436 962 μέλει.
3465 891 3592 945 καθ’
3619 893 3753 946 ἐαυ-

2158 985 2281 1047 τοὺς
2308 983 2415 1052 ὅπη
2457 981 2734 1053 βούλονται
2769 983 3087 1036 συνίτωσαν.
3118 982 3355 1036 Τοιαῦτα
3389 982 3559 1036 δὲτοῦ
3593 983 3755 1052 βασι-

2158 1075 2293 1138 λέως
2315 1074 2751 1146 ἀποκριναμένου
2774 1075 2908 1145 πρὸς
2939 1075 3036 1146 τὴν
3063 1073 3390 1128 Ὑπατιανοῦ
3420 1075 3752 1146 πρεσϐείαν,

2161 1163 2402 1216 συνίασιν
2435 1166 2514 1227 εἰς
2551 1163 2870 1235 Λάμψακον.
2902 1165 3016 1218 Καὶ
3038 1162 3131 1216 δύο
3163 1164 3338 1234 μῆνας
3369 1164 3756 1235 βουλευσάμεο

2159 1270 2271 1317 νοι,
2313 1253 2670 1317 τελευτῶντες
2719 1253 3092 1324 ἐψηφίσαντο,
3123 1254 3325 1326 ἄκυρον
3381 1249 3525 1308 εἶναι
3579 1256 3654 1308 τά
3691 1258 3755 1308 ὲν

2159 1345 2725 1399 Κωνσταντινουπόλει
2766 1345 3133 1417 πεπραγμένα
3185 1346 3388 1416 σπουδῇ
3439 1345 3550 1400 τῶν
3602 1347 3756 1416 ἀμφὶ

2161 1435 2251 1489 τὸν
2297 1435 2547 1501 Εὑδόξιον
2581 1437 2674 1490 καὶ
2699 1437 2975 1492 Ἀκάκιον.
3002 1436 3216 1509 Ἀργεῖν
3240 1436 3296 1489 δὲ
3339 1437 3432 1490 καὶ
3459 1437 3565 1508 τὴν
3596 1437 3756 1490 ἐκθε-

2164 1545 2247 1581 σιν
2284 1527 2386 1598 τῆς
2412 1528 2646 1590 πίστεως
2677 1568 2691 1592 ,
2724 1529 2789 1599 ἣν
2835 1528 2912 1591 ὡς
2950 1527 3182 1581 δυτικῶν
3224 1529 3542 1581 ἐπισκόπων
3582 1524 3755 1583 οὖσαν

2163 1618 2620 1689 προκομίσαντες,
2658 1618 2974 1689 ὑπογράψαι
3001 1617 3156 1682 τινὰς
3184 1618 3634 1689 παρεσκεύασαν,
3663 1621 3758 1672 ἐπὶ

2165 1707 2456 1778 ὑποσχέσει
2489 1707 2882 1779 ἀποκηρύξεως
2917 1708 3009 1761 τοῦ
3047 1710 3299 1780 ἀνομοίου
3329 1712 3449 1763 κατ’
3477 1710 3696 1772 οὐσίαν,
3728 1711 3759 1763 δ

2095 1781 2134 1837 Β
2161 1798 2530 1868 διεψεύσαντο.
2563 1802 2802 1871 Κρατεῖν
2839 1800 2896 1854 δὲ
2936 1801 2997 1854 τὸ
3024 1801 3208 1871 ὅμοιον
3231 1801 3474 1867 δοξάζειν
3501 1803 3596 1856 τὸν
3631 1803 3759 1856 Υἱδν

2161 1889 2239 1960 τῷ
2263 1890 2436 1961 Ilath
2465 1892 2585 1945 κατ’
2597 1890 2807 1945 οὐσίαν.
2828 1887 2980 1944 Εἶναι
2999 1892 3109 1962 γάρ
3130 1891 3224 1945 τοῦ
3247 1893 3436 1963 ὁμοίου
3453 1893 3560 1964 τὴν
3583 1909 3757 1964 προσ-

2163 1980 2338 2052 θήκην
2378 1980 2489 2052 (65)
2521 1982 2846 2050 ἀναγκαίαν,
2869 1981 2957 2035 διὰ
3001 1983 3101 2052 τὴν
3151 1983 3431 2053 σημασίαν
3472 1983 3588 2036 τῶν
3627 1985 3751 2037 ὑπο-

2164 2071 2426 2125 στάσεων.
2468 2072 2661 2126 Πίστιν
2707 2073 2764 2125 δὲ
2799 2073 3178 2127 πολιτεύεσθαι
3218 2075 3360 2128 κατά
3412 2077 3600 2129 πᾶσαν
3627 2077 3761 2130 Ἐκ-

2164 2158 2411 2229 κλησίαν,
2446 2159 2545 2228 τὴν
2573 2160 2630 2212 ὲν
2652 2159 2944 2233 Σελευκείᾳ
2967 2162 3416 2233 ὁμολογηθεῖσαν,
3437 2162 3764 2215 ὲκτεθεῖσαν

2161 2250 2218 2303 δὲ
2252 2251 2343 2302 ἐπὶ
2377 2253 2443 2321 τῇ
2483 2250 2777 2322 ἀφιερώσει
2817 2252 2917 2322 τῆς
2955 2255 3014 2306 ὲν
3057 2253 3358 2323 Ἀντιοχείᾳ
3399 2253 3762 2324 Ἐκκλησίας.

2163 2339 2300 2403 Τοὺς
2334 2340 2392 2393 δὲ
2424 2340 2846 2412 καθαιρεθέντας
2875 2343 3026 2414 παρὰ
3045 2344 3151 2397 τῶν
3182 2345 3436 2415 ἀνόμοιον
3466 2343 3551 2414 τῷ
3582 2345 3766 2416 Πατρὶ

2161 2430 2252 2484 τὸν
2279 2431 2404 2484 Υῐδν
2429 2431 2717 2500 λεγόντων,
2734 2438 2858 2498 τοὺς
2883 2435 3045 2499 ἰδίους
3074 2435 3481 2505 ἀπολαμϐάνειν
3508 2436 3764 2507 θρόνους,

2163 2524 2241 2588 ὡς
2277 2525 2606 2596 παρανόμως
2635 2526 3070 2598 ἐκϐεϐλημένους
3103 2527 3212 2580 τῶν
3251 2528 3584 2598 ἐκκλησιῶν.
3618 2529 3686 2581 ΕΞ
3707 2531 3764 2582 δέ

2163 2635 2247 2682 τις
2271 2619 2448 2673 αὐτῶν
2478 2623 2805 2692 κατηγορεῖν
2842 2619 3112 2691 βούλεται,
3138 2621 3201 2672 ὲκ
3229 2619 3322 2674 τοῦ
3353 2620 3467 2673 ἴσου
3503 2621 3764 2675 κινδύνου

2163 2713 2319 2767 τοῦτο
2345 2715 2538 2766 ποιεῖν.
2569 2712 2837 2778 Δικαστάς
2866 2713 2923 2767 δὲ
2953 2709 3116 2776 εἶναι,
3152 2713 3278 2776 τοὺς
3305 2712 3481 2786 ὀρθῶς
3501 2714 3764 2779 δοξάζον-

2164 2820 2262 2866 τας
2300 2805 2357 2856 ὲν
2411 2803 2487 2874 τῷ
2517 2803 2657 2856 ἔθνει
2685 2803 3016 2868 ἐπισκόπους
3036 2846 3050 2868 ,
3083 2805 3177 2857 καὶ
3217 2806 3281 2858 ὲκ
3312 2803 3422 2857 τῶν
3452 2804 3626 2868 πέλας
3661 2807 3761 2859 έπ-

2164 2893 2392 2965 αρχιῶν,
2425 2895 2704 2958 συνιόντας
2725 2897 2781 2949 ὲν
2803 2898 2867 2967 τῇ
2895 2895 3213 2968 Ἐκκλησία,
3240 2895 3366 2948 ἔνθα
3390 2897 3440 2949 οί
3467 2896 3756 2968 μάρτυρές

2165 2986 2271 3036 είσι
2325 2984 2433 3037 τῶν
2480 2984 2693 3054 ἑκάστῳ
2754 2983 3126 3055 βεϐιωμένων.
3189 2984 3372 3038 Ταῦτα
3424 2985 3757 3060 ὁρίσαντες,

490 3072 618 3141 quis
643 3086 738 3126 eos
768 3086 1038 3126 accusare
1067 3071 1253 3133 vellet,
1285 3070 1390 3124 sub
1412 3071 1560 3139 paris
1590 3073 2063 3130 condemnationis

2169 3074 2354 3146 ἐπειδὴ
2382 3076 2508 3138 τοὺς
2538 3077 2665 3148 περὶ
2694 3076 2942 3140 Εὑδόξιον
2980 3078 3302 3148 κεκλήκασι,
3333 3079 3427 3131 καὶ
3458 3080 3760 3148 μετανοίας

493 3162 741 3231 periculo
775 3163 825 3216 id
875 3171 1083 3232 ageret.
1112 3159 1334 3216 Iudices
1375 3171 1556 3216 autem
1586 3172 1773 3218 essent
1815 3165 2057 3236 episcopi

490 3253 790 3308 Orthodoxi
833 3253 1008 3322 ipsius
1040 3253 1363 3323 provinciae,
1391 3261 1445 3308 et
1490 3270 1558 3308 ex
1592 3255 1792 3311 vicinis
1826 3257 2059 3326 provin-

491 3341 597 3398 ciis
625 3343 962 3413 congregati,
994 3345 1046 3398 in
1077 3343 1166 3398 illa
1213 3343 1467 3411 ecclesia,
1499 3345 1553 3399 in
1589 3362 1694 3417 qua
1722 3357 1921 3417 praesto
1953 3349 2065 3405 sint

492 3439 655 3488 testes
695 3448 886 3490 eorum
935 3450 1059 3505 qua:
1095 3435 1331 3505 quisque
1369 3438 1622 3508 gesserit.
1660 3437 1757 3495 llis
1803 3440 2063 3508 decretis,

493 3521 844 3580 Eudoxianos
875 3524 939 3580 ad
969 3541 1030 3581 se
1060 3533 1350 3594 vocarunt,
1391 3534 1447 3582 et
1479 3527 1816 3598 poenitentia:
1850 3530 2067 3600 copiam

2171 3169 2353 3231 αὐτοῖς
2407 3169 2738 3239 μετέδωκαν,
2767 3171 2817 3222 οἱ
2861 3170 2918 3223 δὲ
2948 3171 3045 3240 οὐχ
3088 3171 3383 3242 ὑπήκουον,
3414 3175 3486 3223 τά
3524 3171 3760 3236 δόξαντα

2165 3259 2284 3320 ταῖς
2311 3259 2585 3329 πανταχοῦ
2615 3259 2960 3331 Ἐκκλησίαις
2983 3261 3272 3333 ἐδήλωσαν.
3292 3262 3656 3334 Δογισάμενοι
3677 3263 3758 3329 δὲ,

2170 3347 2246 3412 ὡς
2289 3351 2455 3414 εἰκὸς,
2485 3351 2733 3415 Εὑδόξιον
2770 3351 2871 3421 τῆς
2897 3354 3100 3416 οἰκείας
3145 3353 3361 3424 μερίδος
3390 3355 3618 3424 ποιῆσαι
3639 3349 3760 3424 (64)

2169 3441 2240 3494 τὰ
2279 3440 2522 3510 βασίλεια
2542 3486 2556 3510 ,
2585 3445 2678 3498 καὶ
2707 3444 2977 3499 διαϐαλεῖν
3009 3447 3226 3510 αὐτοὺς,
3249 3446 3494 3515 ἔγνωσαν
3521 3447 3757 3516 φθάσαι,

2172 3534 2268 3587 καὶ
2289 3535 2358 3587 τά
2385 3536 2750 3608 πεπραγμένα
2781 3539 2838 3592 ἐν
2871 3538 3156 3610 Λαμψάκῳ
3183 3539 3442 3612 μηνύσαι.
3479 3541 3546 3593 Ὃ
3570 3540 3635 3611 δὴ
3660 3542 3758 3594 καὶ

1690 3679 1963 3736 VALESll
1999 3682 2443 3741 ΑΝΝΟΤΑΤΙΟΝ
2452 3686 2552 3740 ES.

494 3772 637 3858 inter
677 3787 736 3827 se
769 3771 1098 3858 diviserunt.
1149 3773 1216 3827 Et
1250 3773 1670 3858 Valentinianus
1695 3777 1926 3858 quidem
1963 3778 2076 3835 Μει-
2176 3781 2383 3838 Christi
2413 3781 2550 3858 3:65,
2584 3797 2774 3858 mense
2817 3781 2982 3840 Junio
3005 3827 3022 3852 ,
3067 3786 3279 3858 aliquot
3307 3788 3594 3845 mensibus
3623 3799 3756 3847 ante

493 3841 772 3927 diolaunm
800 3881 842 3927 ,u
863 3842 1055 3927 Valens
1092 3859 1223 3924 vero
1252 3841 1802 3927 Constantinopolim
1822 3863 2075 3904 reversus
2177 3863 2382 3927 motum
2420 3841 2693 3922 Procopii.
2723 3851 2842 3927 iam
2875 3841 3186 3927 vero'quod
3215 3857 3283 3912 ad
3312 3841 3750 3927 νιίίίιὶίιῶὶιέέὶὶξ

493 3919 601 3976 est,
630 3919 687 3965 ut
713 3913 906 3968 scribit
927 3913 1253 3968 Ammianus
1285 3913 1638 3970 Marcellinus
1668 3918 1720 3969 in
1748 3917 1888 3972 libro
1917 3935 2067 3974 xxvi.

491 3981 570 4035 Ex
599 3981 798 4050 quibus
868 3981 1159 4037 manifeste
1201 3985 1551 4039 convincitur
1593 3985 1876 4040 Valentem
1924 4003 2072 4042 anno

493 4052 700 4124 Christi
735 4051 840 4107 565
891 4053 1076 4124 vernis
1115 4055 1398 4109 mensibus
1444 4069 1475 4109 e
1521 4053 1774 4112 Thraciis
1807 4056 2066 4124 rediisse,

493 4137 616 4176 cum
642 4122 753 4191 jam
784 4123 982 4177 consul
1025 4131 1192 4179 esset.
1229 4123 1319 4177 Ait
1361 4124 1505 4180 enim
1555 4125 1876 4182 Ammianus
1925 4122 2069 4182 Mar-4

491 4193 781 4248 cellinus:
832 4193 873 4264 ~j-
902 4193 1127 4263 Agentes
1176 4194 1231 4247 in
1273 4211 1435 4262 supra
1485 4196 1793 4249 memoratis
1847 4196 2066 4254 urbibus

491 4263 779 4330 principes,
829 4263 1167 4331 sumpserunt
1199 4266 1443 4332 primitus
1486 4267 1695 4319 trabeas
1738 4267 2064 4324 consulares.

494 4332 598 4407 §ed
644 4334 871 4407 dubium
910 4344 1304 4407 estquasnam
1340 4337 1505 4391 urbes
1537 4337 1804 4407 intelligat
1835 4337 2066 4393 Marcel-

492 4401 675 4489 liuu‘s,
727 4401 1189 4489 an'Mediola'n'um
1218 4415 1271 4489 et
1308 4401 1874 4489 Constantinopolim,
1896 4423 2066 4489 Aquas

492 4479 774 4540 postremo
801 4475 925 4527 loco
957 4477 1296 4540 nominavit;
1344 4492 1413 4530 an
1442 4493 1572 4531 vero
1605 4475 1828 4532 Naisum
1859 4485 1915 4532 et
1943 4475 2068 4532 Sir-

495 4543 683 4616 inium.
715 4541 1006 4613 Utcunque
1026 4614 1035 4616 _
1056 4552 1234 4616 tamen
1255 4554 1473 4616 constat
1495 4562 1559 4600 ex
1582 4548 1702 4616 ejus
1728 4549 2064 4614 narratione,

496 4594 777 4683 valeniein
797 4594 930 4667 iis}?
943 4594 1178 4683 rediisse
1205 4629 1269 4667 ex
1293 4594 1558 4679 Thraciis,
1585 4594 1700 4670 Risi
1715 4632 1765 4671 a.
1792 4594 2066 4683 Chi-I565:
2098 4594 2144 4650 Β

491 4695 603 4747 quo
629 4682 864 4750 primum
890 4685 1081 4738 consul
1119 4682 1222 4736 fuit
1259 4700 1381 4739 cuni
1411 4683 1813 4741 Valentiniano.
1838 4686 2068 4742 Fallitur

491 4751 914 4822 prmtereaiidem
933 4752 1220 4822 Baronius,
1238 4755 1328 4822 qui
1351 4763 1554 4808 motum
1579 4753 1826 4822 Procopii
1852 4759 2064 4815 confert

493 4819 546 4872 in
573 4835 704 4872 ann.
740 4821 942 4874 Christi
970 4823 1095 4876 56$.
1137 4819 1270 4876 Nam
1305 4839 1367 4877 ex
1422 4825 1709 4878 Ammiano
1751 4819 2064 4884 Marcellino

499 4888 552 4958 in
591 4888 732 4941 libro
765 4905 916 4953 χχιιι,
959 4901 1011 4945 et
1035 4908 1099 4946 ex
1142 4891 1324 4945 Fastis
1356 4891 1533 4958 ldatii,
1570 4896 1940 4950 certissimum
1978 4909 2064 4954 est

493 4955 744 5034 Procopii
779 4961 1131 5034 rebellionem
1164 4963 1468 5034 contigisse
1498 4955 1644 5018 anno
1670 4965 1874 5020 Christi
1926 4969 2057 5034 565,

494 5028 580 5082 die
631 5028 1559 5108 quartonKal;Octobres—Quare”
1582 5035 1742 5106 legati
1797 5028 2060 5108 Lampsa;

491 5114 637 5154 cenae
676 5101 931 5180 synodi,
969 5099 1248 5180 Valentem
1283 5119 1316 5158 e
1344 5103 1596 5180 Thraciis
1778 5099 2060 5180 rever-sum

485 5173 788 5226 convenire
847 5179 1146 5242 potuerunt
1203 5173 1482 5232 Heraclea:
1543 5177 1597 5231 in
1633 5177 1870 5233 Thracia
1918 5193 2065 5234 anno

2174 3922 2409 3977 sationis
2455 3931 2622 3990 caput
2651 3924 2867 3990 attinet,
2913 3922 3127 3982 difﬁcile
3157 3935 3242 3983 est
3270 3922 3537 3984 eicusare
3576 3927 3754 3984 Sozo-

2175 4006 2418 4068 rnenum,
2468 3993 2574 4048 nisi
2625 3993 2872 4068 dicamus
2918 4010 3022 4068 pro
3081 4013 3213 4053 voce
3270 3999 3555 4068 όμοούσιον
3612 4002 3755 4055 serio

2172 4061 2419 4137 bendum‘
2445 4077 2585 4137 esse
2633 4061 2957 4137 ὁμοιοὺσιον.
2990 4066 3122 4132 Quae
3156 4061 3375 4137 quidem
3424 4068 3752 4136 conjectura

2172 4132 2304 4186 mihi
2337 4132 2734 4202 valdeiplacet.
2768 4134 2930 4191 Certe
2953 4132 3320 4192 Theodoritus
3345 4139 3401 4192 in
3433 4132 3596 4195 libris
3633 4142 3748 4194 hae-

2169 4203 2467 4279 reticarum
2503 4201 2809 4279 fabularum
2832 4244 2846 4268 ,
2879 4206 2955 4260 ait
2998 4207 3442 4272 Macedonianos,
3485 4224 3516 4262 a
3539 4213 3752 4279 quibus

2171 4270 2314 4349 hanc
2342 4273 2635 4349 synodum
2695 4275 3166 4349 collectam_esse
3199 4270 3450 4342 constat,
3509 4270 3750 4349 primum

2168 4341 2447 4419 invexisse
2498 4343 2560 4419 τδ
2613 4344 2937 4419 ῥμοιούσιον.
2981 4347 3097 4419 ASed
3137 4355 3192 4403 et
3232 4341 3570 4419 Srozomenus
3631 4352 3752 4419 ipse

2173 4411 2806 4484 hanc_emendationem
2855 4417 3182 4484 conﬁrmat;
3231 4418 3306 4471 ait
3347 4421 3494 4472 enim
3541 4421 3598 4475 in
3645 4411 3750 4477 bac

2172 4482 2383 4557 synodo
2409 4484 2709 4557 sta‘bilitum
2749 4500 2873 4557 esse
2903 4487 2964 4540 τὸ
3001 4482 3187 4557 ὅμοιον
3212 4489 3332 4541 κατ’
3366 4489 3581 4543 οὐσίαν.

2242 4553 2353 4623 (65)
2398 4554 2510 4608 Τοῦ
2543 4555 2752 4630 ρμοἰου
2781 4555 2907 4630 τὴν.
2938 4553 3313 4626 προσθήκην.
3347 4559 3748 4630 Christophor-

2173 4635 2345 4698 sonus
2417 4631 2485 4698 et‘
2540 4623 3327 4698 Musculusjnterpretantur
3376 4623 3744 4697 adjectionem

2175 4693 2339 4769 hujus
2369 4694 2542 4769 vocis,
2586 4695 2797 4769 similis.
2841 4696 2953 4769 Ego
2984 4693 3166 4753 tainen
3214 4693 3567 4768 interpretari
3597 4703 3742 4755 mai-

2172 4762 2297 4840 le_n_1,
2331 4763 2695 4834 adjectionem
2739 4762 2929 4840 harum
2960 4785 3157 4840 vocum
3197 4770 3318 4840 κατ’
3356 4762 3572 4833 οὐσίαν,
3620 4787 3746 4840 qua

2170 4833 2399 4900 adjecta:
2449 4843 2578 4890 sunt
2610 4837 2878 4891 vocabulo
2926 4839 3142 4893 similis.
3197 4839 3290 4894 llis
3335 4841 3481 4893 enim
3509 4833 3741 4896 vocibus

2169 4902 2545 4985 placedoniani
2597 4905 2818 4985 aiebant
2849 4910 3017 4963 everti
3069 4925 3310 4965 errorem
3351 4909 3612 4978 Sabellii,
3649 4913 3745 4985 qui

2166 4973 2493 5044 hypostases
2521 4976 2913 5032 confundebat.

2261 5044 2357 5118 64)
2395 5046 2512 5115 Τῆς
2555 5048 2779 5114 οἰκείας
2814 5048 3055 5118 μερίδος
3112 5048 3382 5118 ποιῆσαι.
3441 5053 3504 5106 in
3554 5053 3743 5108 codice

2169 5113 2474 5237 Flukettiano
2523 5113 2931 5188 scriptum'est
2987 5113 3300 5185 ποιεῖσθαι,
3361 5121 3511 5191 quod
3567 5125 3742 5195 magis

2169 5199 2322 5237 bace

2167 5193 2347 5254 placet

1931 5357 2317 5417 VARIORUM.

557 5441 598 5513 -ι-
637 5441 695 5516 Si
726 5440 980 5516 Valesius
1014 5442 1447 5516 subscriptiones
1497 5445 1679 5516 legum
1711 5446 1846 5502 Cod.
1880 5445 2060 5503 Theo-

487 5514 702 5569 dosiani
748 5529 872 5568 cum
911 5513 1198 5568 Ammiano
1238 5513 1605 5580 Contulisset',
1639 5529 1791 5573 certo
1825 5518 1873 5573 ei
1924 5534 2058 5573 con-

488 5585 722 5639 stitisset
761 5583 984 5656 praefata
1011 5586 1193 5656 omnia
1220 5601 1342 5654 quae
1375 5602 1440 5640 ex
1472 5602 1538 5641 eo
1567 5587 1830 5645 historico
1863 5588 2054 5656 refert,

489 5668 632 5734 {trino
665 5654 959 5734 praeterito
1013 5654 1170 5734 (scil:
1211 5671 1358 5734 anno
1398 5656 1853 5734 5tii)_conti_gissc
1879 5702 1894 5726 ,
1943 5654 2053 5729 quo

494 5721 905 5781 Valentinianus
935 5721 1116 5782 varias
1157 5726 1302 5800 leges
1328 5727 1478 5784 dedit
1507 5721 1840 5797 'Mcdiol'ani,
1882 5721 2050 5802 Aq'ni-

2165 5453 2552 5535 leimLAltini,
2572 5455 2914 5535 et_Ve_ron:e,
2941 5469 3231 5535 postquam
3263 5460 3734 5535 Constantinopoli

2166 5541 2267 5602 seu
2303 5525 2506 5602 Sirmio
2539 5529 2593 5602 in
2625 5527 2835 5602 italiam
2882 5525 3243 5590 rediit.'Ant.
3287 5531 3447 5602 Pagi,
3495 5533 3565 5588 ad
3604 5525 3734 5592 a'nn.

2162 5596 2288 5663 565,
2319 5613 2374 5651 n.
2402 5597 2458 5661 4,
2499 5598 2592 5667 qui
2635 5597 2847 5670 ibidem
2877 5603 3196 5670 contendit,
3232 5596 3524 5660 concilium
3569 5605 3735 5662 Lam.

2161 5683 2458 5737 psaucnum
2498 5683 2642 5723 anno
2678 5668 2782 5724 564
2824 5668 2994 5730 fuisse
3021 5668 3372 5732 celebratum.
