4040 6216
367 333 502 392 11613
1237 328 1564 386 HISTORIA
1605 322 2162 388 ECCLESIASTICA.
2197 352 2270 363 —-
2317 323 2446 379 Llli.
2489 322 2578 380 Vl.
3465 331 3602 386 151/,

339 452 577 506 ’ἐποίουν
597 490 612 514 ,
645 448 917 502 ἐπανιόντι
961 447 1218 503 Οὐάλεντι
1264 449 1342 520 τῷ
1382 449 1592 520 βασιλεῖ
1622 451 1686 503 ἐκ
1717 449 1933 523 Θρᾴκης

2037 443 2118 499 eis
2154 442 2430 500 fecerunt.
2471 442 2579 498 Sed
2633 457 2758 497 cum
2813 442 2904 499 isti
2961 445 3184 502 utinime
3228 447 3605 519 obtemperas-

360 545 418 595 ἐν
473 539 768 611 Ἡρακλείᾳ
824 539 1226 609 περιτυχόντες.
1269 539 1664 612 ’Λποδημοῦντι
1707 544 1816 613 γάρ
1863 541 1933 613 τῷ

2042 546 2186 600 sent,
2215 536 2458 606 episcopi
2495 535 2714 590 decreta
2759 553 2859 591 sua
2907 539 3166 595 omnibus
3197 540 3396 610 ubique
3428 545 3604 598 eccle-

359 629 572 701 άδελφῷ
610 630 690 692 είς
737 628 836 696 τὴν
868 629 1242 700 πρεσϐυτέραν
1293 631 1512 703 Ῥώμην
1542 673 1557 697 ,
1587 633 1746 703 μέχρι
1797 631 1933 694 τινὸς

2043 629 2142 684 siis
2174 642 2269 698 per
2305 628 2518 683 litteras
2552 626 2950 698 signiﬁcarunt.
2980 630 3115 683 Cum
3145 642 3325 685 autem
3353 635 3603 702 suspica-
3686 621 3700 643 ³

361 723 641 795 συνῆλθεν.
669 721 903 794 Εὺδοξίῳ
928 723 985 776 δὲ
1016 723 1085 778 τά
1108 724 1244 795 πρὸς
1281 725 1504 795 βασιλέα
1533 727 1625 779 καὶ
1655 726 1779 787 τοὺς
1803 725 1938 794 ἀμφ’

359 816 519 870 αὑτὸν
552 815 653 886 ἤδη
691 813 833 868 κατὰ
879 813 1105 885 γνώμην
1137 815 1401 886 διῳκεῖτο.
1431 815 1825 888 Προσελθοῦσιν
1847 811 1940 870 οὖν

358 909 471 970 τοῖς
512 908 577 959 ἐκ
621 903 926 976 Λαμψάκου
982 906 1340 976 πρεσϐευταῖς
1394 907 1830 978 παρεκελεύσατο
1864 906 1939 978 μὴ

357 997 712 1068 διαφέρεσθαι
759 998 896 1070 πρὸς
934 998 1205 1064 Εὐδόξιον.
1235 999 1386 1052 Ἐπεὶ
1429 999 1485 1052 δὲ
1527 1001 1778 1054 ἀντεῖπον
1802 1041 1816 1064 ,
1846 1001 1938 1054 καὶ

356 1092 454 1162 τὴν
487 1093 543 1143 ἐν
569 1091 1136 1144 Κωνσταντινουπόλει
1156 1090 1453 1162 γενομένην
1485 1091 1720 1160 ἀπάτην,
1751 1092 1843 1144 καὶ
1870 1091 1939 1145 τὰ

359 1181 760 1252 βεϐουλευμένα
793 1180 937 1235 κατὰ
956 1180 1065 1235 τῶν
1087 1184 1144 1235 ἐν
1171 1181 1455 1251 Σελευκείᾳ
1477 1181 1808 1250 δεδογμένων
1837 1183 1939 1235 Εὐ-

356 1273 517 1344 δοξίῳ
564 1271 911 1344 ἐμέμφοντο,
946 1272 1191 1343 κινηθεὶς
1251 1273 1386 1343 πρὸς
1436 1272 1641 1344 όργὴν,
1669 1273 1797 1336 τοὺς
1839 1273 1936 1342 μὲν

357 1364 652 1435 ὑπερορίαν
675 1364 840 1416 οἰκεῖν
870 1362 1165 1433 προσέταξε
1188 1404 1202 1429 ,
1233 1362 1329 1426 τὰς
1359 1362 1414 1415 δὲ
1444 1362 1738 1433 ἐκκλησίας
1760 1379 1938 1433 παρα-

354 1453 593 1508 δίδοσθαι
635 1455 745 1516 τοῖς
789 1453 933 1524 ἀμφὶ
979 1453 1071 1507 τὸν
1122 1454 1391 1519 Εὑδόξιον.
1430 1455 1516 1509 Ἐν
1545 1455 1721 1525 τούτῳ
1744 1455 1800 1508 δὲ
1838 1456 1936 1526 τὴν

358 1547 558 1616 Συρίαν
587 1544 903 1600 κατέλαϐεν.
946 1545 1229 1617 ’Υφωρᾶτο
1252 1546 1379 1619 γάρ,
1409 1549 1482 1618 μή
1513 1566 1629 1611 πως
1657 1549 1704 1600 oi
1731 1547 1935 1618 Πέρσαι

354 1637 454 1700 τὰς
486 1637 579 1690 ἐπὶ
615 1636 875 1690 Ἰοϐιανοῦ
916 1637 1216 1708 γενομένας
1241 1642 1678 1710 τριακονταετεῖς
1703 1640 1935 1704 σπονδάς

356 1731 580 1786 λύσωσι.
616 1730 734 1784 Τῶν
767 1732 824 1785 δὲ
866 1732 1032 1803 μηδὲν
1065 1732 1514 1804 νεωτεριζόντων,
1546 1734 1602 1786 ἐν
1637 1733 1934 1804 Ἀντιοχείᾳ

356 1822 642 1895 διέτριϐεν.
688 1822 878 1876 Ἠνίκα
919 1823 984 1893 δὴ
1037 1823 1298 1877 Μελετίου
1327 1823 1450 1895 ,μὲν
1493 1823 1588 1877 τοῦ
1631 1824 1930 1879 ἐπισκόπου

359 1915 654 1987 ὑπερορίαν
687 1913 863 1986 φυγὴν
888 1914 1206 1969 κατεδίκασε
1224 1923 1252 1952 ιι
1275 1932 1288 1948 ·
1325 1915 1587 1970 Παυλίνου
1615 1915 1672 1968 δὲ
1694 1915 1785 1968 τὸν
1821 1915 1932 1985 βίον

2040 726 2234 772 rentur
2257 716 2587 781 Eudoxium,
2639 728 2696 771 ut
2729 727 2847 773 erat
2883 720 3204 785 verisimile,
3238 722 3420 776 aulam
3455 723 3605 792 prin-

2039 808 2178 878 cipis
2229 808 2297 862 ad
2352 817 2535 878 partes
2590 824 2722 865 suas
2769 810 3172 877 traducturum,
3227 820 3280 866 et
3327 812 3475 882 ipsos
3514 828 3606 867 ca-

2039 902 2438 956 lumniaturum
2474 917 2628 970 esse;
2667 903 2966 972 praevenire
2999 903 3152 956 illum
3189 910 3518 968 statuerunt,
3550 912 3604 959 et

2037 1004 2098 1042 ea
2123 1005 2244 1059 quae
2284 989 2572 1059 Lampsaci
2603 999 2756 1060 gesta
2794 1001 2952 1045 erant
2990 990 3255 1044 indicare.
3282 989 3439 1056 Quod
3479 992 3604 1060 qui-

2037 1081 2158 1135 dem
2199 1082 2382 1135 etiam
2436 1082 2832 1152 praestiterunt,
2881 1081 3162 1136 Valentem
3218 1083 3603 1150 imperatorem

2037 1166 2316 1222 Heraclea:
2367 1169 2653 1234 adeuntes,
2704 1183 2736 1222 c
2779 1167 3013 1222 Thracia
3057 1175 3170 1220 tum
3215 1178 3599 1221 revertentem.

2036 1254 2286 1310 Fratrem
2323 1257 2466 1310 enim
2499 1255 2728 1311 Romam
2764 1254 3202 1326 proﬁciscentem
3257 1255 3603 1324 aliquatenus

2037 1345 2332 1401 comitatus
2371 1345 2570 1400 fuerat.
2607 1343 2806 1400 Verum
2844 1343 3124 1400 Eudoxius
3173 1344 3520 1414 imperatoris
3548 1351 3604 1396 et

2037 1433 2346 1488 aulicorum
2399 1434 2614 1488 animos
2661 1434 2774 1502 jam
2822 1433 2878 1486 in
2929 1433 3250 1487 sententiam
3291 1446 3445 1486 suam
3481 1446 3604 1501 per-

2037 1510 2297 1580 traxerat.
2367 1523 2556 1595 Itaque
2615 1525 2918 1595 imperator
2969 1524 3175 1594 legatos
3236 1521 3600 1592 Lampsaceni

2039 1616 2258 1670 concilii
2309 1618 2486 1686 ipsum
2525 1615 2791 1670 adeuntes
2842 1615 3093 1670 hortatus
3127 1621 3232 1678 est,
3266 1628 3334 1667 ne
3379 1614 3447 1667 ab
3494 1612 3602 1665 Eu-

2036 1708 2199 1762 doxio
2258 1707 2616 1763 dissiderent.
2671 1706 2884 1771 Quibus
2939 1705 3485 1770 contradicentibus,
3547 1713 3604 1759 et

2035 1797 2284 1856 fraudem
2313 1798 2788 1868 Constantinopoli
2825 1796 3050 1859 laetam,
3100 1798 3346 1867 initaque
3392 1798 3460 1850 ab
3492 1796 3603 1852 Eu-

2033 1893 2198 1948 doxio
2233 1893 2468 1948 consilia
2505 1894 2771 1947 adversus
2805 1889 3119 1946 Seleucenae
3159 1890 3352 1960 synodi
3379 1888 3602 1943 decreta

358 2007 644 2070 αἰδεσθεὶς,
681 2007 954 2078 ἐφείσατο.
980 2006 1118 2071 Τοὺς
1149 2006 1206 2060 δὲ
1229 2006 1455 2077 Εὑζωῖῳ
1488 2007 1564 2078 μὴ
1611 2007 1930 2061 κοινωνοῦν-

2036 2005 2449 2075 objicientibus,
2480 2004 2777 2072 imperator
2817 2001 2900 2055 ira
2928 2015 3256 2067 succensus,
3290 1999 3419 2054 illos
3479 1997 3604 2068 qui-

359 2115 456 2160 τας
485 2135 500 2161 ,
530 2098 640 2151 τῶν
686 2095 993 2166 ἐκκλησιῶν
1044 2095 1351 2166 ἀπήλαυνεν
1378 2135 1394 2160 ,
1441 2097 1520 2163 είς
1571 2097 1829 2168 χρήματά
1871 2115 1933 2151 τε

2036 2095 2155 2150 dem
2190 2096 2341 2150 abire
2385 2095 2441 2148 in
2488 2092 2743 2149 exsilium
2784 2091 2974 2161 jussit,
3009 2091 3276 2146 ecclesias
3327 2104 3458 2145 vero
3493 2088 3603 2143 Eu-

358 2188 605 2262 ἐζημίου,
641 2189 735 2243 καὶ
754 2189 994 2262 ᾐκίζετο,
1023 2189 1118 2242 καὶ
1146 2187 1321 2252 ἄλλως
1342 2188 1619 2259 ἐπέτριϐε.

2042 2186 2300 2242 doxianis
2353 2182 2517 2238 tradi.
2562 2181 2696 2237 Post
2746 2181 2863 2237 hazc
2916 2183 3218 2252 imperator
3274 2181 3330 2236 in
3385 2179 3602 2252 Syriam

363 2283 620 2353 perrexit.
674 2282 974 2338 Verebatur
1006 2283 1151 2337 enim
1217 2297 1286 2337 ne
1329 2280 1514 2337 Persa:
1553 2283 1774 2354 triginta
1807 2295 2076 2336 annorum
2131 2277 2400 2340 inducias,
2445 2291 2586 2347 quas
2644 2290 2770 2330 cum
2833 2274 3070 2328 Joviano
3136 2271 3282 2342 pacti
3355 2271 3601 2338 fuerant,

363 2382 694 2443 rumperent.
749 2371 855 2428 Sed
907 2387 1034 2427 cum
1065 2370 1253 2426 Persa:
1291 2371 1430 2426 nihil
1501 2373 1628 2427 novi
1673 2372 1849 2426 moliti
1927 2378 2132 2435 essent,
2217 2365 2530 2420 Antiochia
2581 2362 2852 2418 consedit.
2907 2362 3028 2427 Quo
3075 2361 3299 2430 quidem
3353 2370 3601 2431 tempore

363 2468 632 2524 Meletium
695 2461 1014 2534 episcophm
1074 2462 1278 2519 exsilio
1339 2462 1640 2518 damnavit.
1700 2463 1933 2518 Paulino
1970 2469 2152 2514 autem
2228 2457 2520 2527 pepercit,
2566 2455 2692 2510 vita:
2743 2455 2893 2508 illius
2935 2452 3356 2507 sanctimoniam
3401 2451 3603 2506 reveri-

362 2566 468 2616 tus.
505 2555 612 2612 Eos
636 2563 814 2611 autem
842 2557 936 2624 qui
985 2569 1108 2610 cum
1147 2553 1356 2609 Euzoio
1395 2569 1504 2608 non
1571 2554 2070 2614 communicarent,
2112 2548 2366 2604 ecclesiis
2411 2547 2651 2617 expulit,
2702 2555 2756 2601 et
2816 2545 3015 2614 partim
3089 2543 3338 2612 pecuniis
3403 2545 3602 2597 multa-

363 2654 478 2720 vit,
526 2651 727 2722 partim
789 2649 1076 2705 tormentis
1133 2647 1335 2716 ali‘ecit,
1393 2655 1488 2702 aut
1541 2647 1668 2705 aliis
1727 2647 1904 2704 modis
1956 2642 2190 2700 vexavit.

953 2761 1204 2817 ΚΕΦΛΛ.
1235 2764 1320 2816 ιιι.

2550 2750 2714 2822 229
2751 2750 2906 2805 CAP.
2940 2747 3081 2802 vm.

362 2853 497 2923 Περὶ
520 2853 628 2922 τῆς
654 2851 1029 2923 ᾀποστασίας
1059 2853 1392 2923 Προκοπιου
1444 2853 1541 2907 καὶ
1582 2852 1925 2923 παραδόξου

2036 2843 2385 2923 Περι-θερμῇ
2404 2843 2689 2923 defectione
2716 2855 2764 2896 et
2796 2840 3086 2923 miserabili:
3110 2839 3342 2923 interitu:
3372 2837 3505 2923 Item
3535 2839 3602 2923 de

430 2909 858 2996 celebrﬁgjért
887 2909 1084 2996 δὲνἱαὶ
1103 2909 1241 2996 περὶ
1277 2922 1597 2996 ΑἘλευσέου
1623 2909 1727 2996 τοῦ
1760 2909 1928 2996 Igitr.

2104 2909 2322 2996 Eleusin.
2345 2909 2819 2996 Cyziceno..deque
2862 2910 3119 2996 Eunomia
3150 2909 3520 2974 Iucrest'arclta,
3547 2917 3599 2964 et

432 3012 563 3055 κου,
605 2982 708 3046 καί
749 2991 1048 3059 Εὑνομίου
1089 2982 1197 3045 tot}
1231 2991 1524 3060 αίρετικοῦ
1549 3008 1564 3022 ’
1613 2992 1709 3046 καὶ
1767 2982 1926 3059 ὅπως

2099 2991 2356 3054 quomodo
2386 2982 2431 3038 t's
2467 2982 2682 3038 Eleusin
2714 2982 3039 3035 successerit.

431 3067 538 3118 τὸν
572 3062 886 3116 Ἐλεύσιον
920 3060 1242 3125 διεδέξατο.

432 3153 623 3221 Γέγονε
653 3151 697 3204 δ’
723 3151 788 3204 ἂν
819 3150 958 3214 τότε,
1003 3149 1078 3213 ὡς
1109 3149 1400 3219 συμϐαλεῖν
1439 3148 1574 3213 ἐστι,
1603 3150 1698 3203 καὶ
1722 3150 1925 3205 τούτων

360 3215 651 3316 δεινότερα,
679 3243 727 3296 εἰ
756 3243 828 3314 μὴ
858 3244 886 3296 ὁ
912 3241 1052 3295 κατὰ
1084 3215 1384 3312 Προκόπιον
1412 3241 1642 3296 ἐπέλαϐε
1673 3242 1926 3312 πόλεμος.
1956 3215 2000 3275 C

362 3335 714 3406 Τυραννήσας
748 3331 857 3402 γὰρ
893 3331 952 3384 ἐν
978 3331 1570 3398 Κωνσταντινουπόλει,
1600 3331 1692 3385 καί¹
1730 3332 1928 3403 πολλὴν

362 3429 420 3479 ἐν
455 3425 646 3496 βραχεῖ
674 3424 848 3494 χρόνῳ
889 3421 1145 3493 στρατιάν
1181 3421 1459 3493 ἁθροίσας,
1501 3421 1760 3492 ἠπείγετο
1786 3423 1928 3477 κατὰ

363 3517 676 3580 Οὐάλεντος.
721 3516 780 3568 '0
811 3514 888 3580 δὲ,
930 3514 994 3567 ἐκ
1025 3513 1122 3585 τῆς
1160 3513 1356 3582 Συρίας
1385 3513 1601 3578 ἐλάσας,
1634 3513 1928 3584 συμϐάλλει

361 3608 511 3680 αὺτῷ
536 3609 664 3678 περὶ
701 3607 1002 3661 Νακόλειαν
1025 3605 1128 3675 τῆς
1154 3604 1392 3675 Φρυγίας
1424 3606 1577 3659 πόλιν
1604 3621 1618 3636 ⁸
1671 3604 1929 3676 προδοσία

361 3719 420 3755 τε
465 3699 759 3768 Ἀγέλωνος
807 3699 902 3752 καὶ
938 3695 1222 3768 Γωμαρίου
1254 3695 1361 3750 τῶν
1389 3695 1553 3751 αὐτοῦ
1611 3697 1928 3768 στρατηγῶν

363 3794 686 3864 ζωγρήσας,
735 3791 896 3844 αὐτόν
947 3806 1008 3842 τε
1071 3789 1166 3843 καὶ
1208 3791 1332 3853 τοὺς
1381 3789 1644 3859 προδότας
1684 3788 1928 3852 ἐλεεινῶς

363 3886 562 3940 ἀνεῖλε.
591 3883 729 3946 Τοὺς
759 3883 856 3954 μὲν
885 3881 995 3951 γάρ
1023 3880 1259 3950 λέγεται,
1291 3881 1493 3951 καίπερ
1521 3881 1724 3935 εὐνοεῖν
1746 3881 1929 3945 αὐτοῖς

362 3978 581 4048 ὀμόσας,
607 3974 788 4048 πρίοσι
808 3975 927 4045 διχῆ
949 3973 1159 4026 διελεῖνο
1184 3973 1486 4044 Προκοπίου
1512 3973 1568 4026 δὲ
1588 3972 1681 4026 δύο
1697 3973 1930 4044 δένδροις

362 4068 464 4121 οὐκ
501 4067 610 4120 ἀπὸ
652 4065 848 4118 πολλοῦ
891 4063 1139 4118 διεστῶσι
1173 4063 1613 4135 κατακαμφθεῖσι
1660 4063 1800 4135 πρὸς
1829 4063 1929 4136 τὴν

363 4157 629 4225 ἑκατέραν
655 4155 770 4227 (65)
814 4155 1058 4227 ἐκατέρῳ
1101 4154 1254 4226 φυτῷ
1293 4154 1540 4227 προσῆψε
1589 4155 1796 4222 σκέλος,
1835 4155 1930 4209 καὶ

363 4249 572 4318 ἀφῆκεν
597 4246 992 4318 άνεγείρεσθαι’
1035 4246 1103 4300 τὰ
1133 4245 1212 4312 δὲ,
1235 4247 1370 4317 πρὸς
1393 4245 1490 4317 τὴν
1519 4247 1720 4318 συνήθη
1744 4246 1929 4300 στάσιν

361 4337 755 4408 ἁνορθωθέντα,
784 4337 1044 4390 διέσπασε
1071 4336 1162 4392 τὸν
1190 4336 1493 4409 ἄνθρωπον.
1525 4336 1679 4390 Ἐπεὶ
1699 4337 1757 4390 δὲ
1779 4337 1929 4400 τέλος

362 4429 519 4500 εσχεν
548 4432 576 4484 ό
606 4430 840 4500 πόλεμος
861 4468 875 4492 ,
925 4424 1058 4501 ἦκεν
1095 4431 1174 4493 είς
1206 4429 1437 4482 Νίκαιαν
1468 4444 1483 4459 ο
1535 4428 1594 4481 ἐν
1635 4429 1836 4500 ἡσυχίᾳ
1867 4446 1928 4482 τε

364 4521 620 4590 γεγονὼς,
649 4517 802 4584 αὖθις
833 4521 1094 4592 ἐτάραττε
1121 4521 1245 4585 τοὺς
1273 4521 1369 4592 οὐχ
1396 4521 1596 4591 ὁμοίως
1624 4521 1770 4593 αὐτῷ
1801 4522 1929 4593 περὶ

2101 3161 2178 3214 Ac
2207 3158 2472 3230 profecto,
2501 3169 2560 3214 ut
2583 3158 2860 3227 conjicere
2885 3157 3039 3220 licet,
3066 3156 3155 3212 his
3189 3154 3440 3226 graviora
3470 3165 3601 3211 tunc

2033 3251 2296 3321 temporis
2327 3236 2562 3307 fuissent
2592 3256 2925 3320 perpetrata,
2960 3248 3068 3303 nisi
3105 3247 3308 3302 bellum
3346 3247 3600 3316 ProcOpii

2035 3344 2461 3414 supervenisset.
2516 3340 2650 3397 Nam
2719 3356 2844 3397 cum
2915 3341 3014 3396 iste
3074 3337 3418 3411 tyrannidem
3461 3339 3604 3394 arri-

2036 3434 2247 3502 puisset
2286 3431 2784 3502 Constantinopoli,
2825 3445 2888 3484 ac
2931 3430 3089 3484 brevi
3137 3430 3400 3499 temporis
3425 3431 3602 3498 spatio

2035 3525 2305 3580 maximas
2332 3524 2522 3592 copias
2551 3522 2656 3576 sibi
2689 3529 3088 3591 comparasset,
3116 3519 3382 3575 adversus
3407 3521 3602 3575 Valen-

2036 3620 2144 3667 tem
2191 3613 2496 3668 contendit.
2551 3611 2754 3667 Valens
2797 3611 2963 3682 igitur
3009 3626 3040 3666 e
3088 3611 3245 3680 Syria
3295 3610 3599 3681 digressus,

2032 3705 2188 3776 juxta
2238 3705 2519 3760 Nacoliam
2574 3704 2767 3758 urbem
2823 3703 3104 3775 Phrygiae,
3157 3717 3285 3758 cum
3332 3704 3602 3774 Procopio

2034 3808 2257 3847 manum
2286 3793 2586 3848 conseruit.
2619 3793 2790 3858 Quem
2817 3793 3066 3863 Agilonis
3108 3801 3162 3847 et
3194 3794 3466 3848 Comoarii
3499 3797 3602 3850 du-

2036 3899 2160 3938 cum
2215 3884 2391 3956 ipsius
2438 3885 2782 3955 proditione,
2832 3884 3014 3939 vivum
3064 3900 3189 3939 cum
3229 3885 3498 3954 cepisset,
3547 3894 3602 3943 et

2035 3975 2214 4044 ipsum
2253 3984 2308 4030 et
2340 3975 2649 4046 proditores
2681 3975 2800 4046 ejus
2835 3975 3136 4030 miserabili
3177 3976 3370 4030 mortis
3402 3991 3600 4046 genere

2037 4065 2330 4123 interfecit.
2363 4067 2474 4122 llos
2505 4069 2676 4133 enim,
2711 4068 2840 4122 licet
2875 4083 2934 4123 se
2962 4067 3071 4120 illis
3103 4067 3240 4122 bene
3272 4067 3410 4121 velle
3446 4067 3598 4136 jure-

2031 4158 2268 4230 jurando
2311 4157 2668 4223 afﬁrmasset,
2721 4159 2932 4214 medios
2961 4173 3116 4213 serra
3147 4157 3485 4213 dissecuisse
3517 4158 3601 4212 di-

2035 4250 2199 4304 citur.
2227 4249 2487 4320 Proc0pii
2517 4265 2648 4306 vero
2671 4265 2856 4314 crura,
2884 4250 3101 4304 duabus
3139 4248 3430 4304 arboribus
3453 4249 3596 4304 haud

2035 4341 2225 4410 procul
2257 4356 2285 4394 a
2319 4341 2632 4396 seinvicem
2663 4341 2994 4397 distantibus
3022 4339 3090 4394 ad
3129 4348 3329 4395 terram
3359 4339 3596 4407 inﬂexis,

2036 4434 2266 4487 alterum
2298 4432 2455 4488 alteri
2493 4432 2680 4488 arbori
2711 4433 2956 4505 alligavit
2995 4449 3008 4484 :
3040 4447 3104 4488 ac
3134 4447 3326 4488 rursus
3368 4433 3599 4490 arbores

2038 4524 2092 4577 in
2126 4521 2362 4578 sublime
2393 4522 2526 4593 erigi
2564 4522 2831 4592 permisit.
2863 4521 2993 4587 Quae
3023 4536 3148 4575 cum
3189 4520 3254 4575 ad
3293 4521 3598 4575 naturalem

363 4581 425 4668 τὸ
441 4581 594 4667 ὸεῖον
608 4581 957 4678 δοξάζοντας.
1004 4581 1763 4684 Ὑπερφυῶςίδέἐχαλέπαινε
1789 4581 1929 4668 κατὰ

2036 4614 2329 4670 stationem
2361 4622 2793 4680 reverterentur,
2841 4613 3116 4668 hominem
3165 4612 3596 4682 discerpserunt.

361 4706 470 4760 τῶν
502 4707 560 4758 ἐν
607 4704 892 4775 Λαμψάκῳ
921 4704 1298 4771 συνελθόντων,
1343 4703 1528 4757 καθότι
1572 4703 1666 4758 καὶ
1707 4705 1832 4769 τοὺς
1859 4703 1928 4758 τά

2033 4704 2298 4761 Confecto
2328 4705 2432 4762 hoc
2457 4706 2601 4763 bello
2634 4705 2830 4761 Valens
2856 4705 3094 4760 Nicaeam
3125 4704 3296 4760 venit.
3349 4703 3602 4776 Cumque

374 4796 586 4867 Ἀρείου
609 4793 932 4865 φρονοῦντας
961 4791 1304 4856 ἐπισκόπους,
1335 4793 1428 4846 καὶ
1449 4790 1550 4863 τὴν
1576 4794 1632 4845 ἐν
1655 4793 1930 4865 Ἀριμήνῳ

2036 4796 2145 4866 jam
2192 4797 2246 4852 in
2288 4800 2472 4868 quiete
2508 4805 2562 4854 et
2614 4800 2727 4854 otio
2765 4799 3007 4871 degeret,
3045 4813 3141 4853 eos
3187 4797 3278 4868 qui
3311 4811 3420 4852 non
3457 4797 3598 4852 idem

365 4886 495 4958 περὶ
532 4887 628 4956 τῆς
670 4887 904 4951 πίστεως
951 4883 1262 4939 ἐκτεθεῖσαν
1299 4883 1516 4957 γραφὴν
1554 4885 1924 4957 άπεκήρυξαν.

2036 4905 2160 4946 cum
2211 4891 2335 4960 ipso
2373 4891 2441 4948 de
2473 4890 2772 4948 Divinitato
2806 4893 3099 4957 sentirent,
3143 4889 3369 4946 turbare
3402 4890 3598 4946 iterum

1527 5072 1616 5127 VA
1626 5071 1796 5128 LESII
1867 5073 2418 5136 ANNOTATIONES.

433 5209 544 5282 (65)
576 5210 730 5279 Πρὸς
745 5210 922 5282 τὴν...
964 5211 1268 5282 ἑκατέραν.
1312 5209 1465 5267 Hunc
1497 5213 1675 5267 locum
1704 5213 1806 5268 levi
1842 5229 1943 5268 ne-

364 5280 532 5353 gotio'
574 5283 763 5353 sanavi
808 5281 926 5353 hoc
964 5280 1126 5353 modo
1176 5281 1780 5353 xa‘thapQOEzctiﬁpb;
1808 5284 1934 5353 γῆν,

361 5352 620 5421 ἑκάτερον
659 5351 903 5422 ἐκατέρῳ
930 5351 1080 5421 φυτῷ
1108 5352 1353 5423 προσῆψε
1397 5351 1606 5416 σκέλος.
1635 5351 1782 5408 Nihil
1828 5351 1930 5408 hac

2048 5215 2431 5288 emendatione
2485 5218 2727 5283 certius,
2778 5233 2942 5287 quam
2984 5232 3047 5272 ex
3103 5226 3256 5288 parte
3316 5213 3600 5270 continuat

2042 5284 2382 5358 Nicephorus
2412 5289 2464 5342 in
2501 5289 2641 5344 libro
2673 5303 2732 5352 ιι,
2765 5284 2884 5358 cap.
2915 5289 2966 5341 ὁ.

1781 5505 2084 5564 νΑιιιοιιυ
2097 5505 2166 5561 Μ.

429 5623 457 5652 ι
504 5616 702 5689 ’ῌνίκα
758 5617 834 5686 δὴ
887 5620 1174 5674 Mela/'01)
1209 5619 1324 5688 μὲν
1369 5621 1693 5687 ὑπερορίαν
1722 5619 1927 5689 φυγὴν

361 5686 739 5741 κατεδίκασε.
781 5689 916 5743 Cum
962 5690 1120 5744 initio
1153 5686 1370 5744 tantum
1416 5686 1543 5744 anni
1590 5690 1694 5743 372
1725 5686 1923 5746 Valens

361 5757 706 5811 Antiochiam
736 5760 1065 5829 pervenctit,
1114 5767 1240 5815 ante
1266 5775 1388 5815 eum
1425 5775 1626 5816 annum
1673 5759 1919 5818 M:lctius

2033 5619 2413 5677 Antiochcnus
2439 5620 2732 5691 episcopus
2759 5619 2813 5673 in
2841 5617 3091 5691 essilium
3121 5629 3228 5670 non
3251 5608 3596 5668 amandatus.

2031 5695 2159 5749 Ant.
2191 5691 2340 5758 Pam,
2371 5692 2435 5747 ad
2470 5686 2599 5746 ann.
2627 5686 2752 5754 370,
2788 5705 2844 5744 ιι.
2874 5686 2962 5741 28.
