4040 6216
479 317 616 374 {Elii

1873 306 2218 368 SOZDMENI

3614 306 3734 360 ’516

475 445 775 505 aggressus
805 436 914 486 est.
959 428 1246 499 Praecipue
1285 443 1415 484 vero
1455 429 1524 484 iis
1557 429 1917 484 succensebat
1955 429 2047 498 qui

2153 425 2310 480 Οὕτω
2333 425 2389 478 δέ
2415 423 2553 495 ἔχων
2571 423 2759 494 ὀργῆς,
2786 422 2907 490 ἄγει
2933 421 2996 475 ἐκ
3018 420 3120 490 τῆς
3147 418 3390 485 Κυζίκου
3411 417 3718 471 Ἐλεῦσιον·

477 525 765 594 Lampsaci
821 529 1235 584 convenerant,
1285 536 1353 576 eo
1410 523 1557 590 quod
1611 522 1901 592 episcopos
1954 521 2048 590 qui

477 615 593 670 Arii
642 613 954 684 opinionem
1025 612 1430 682 sequebantur,
1479 620 1533 666 et
1581 610 1874 665 formulam
1926 610 2049 665 fidei

477 721 599 776 quae
631 705 862 758 Arimini
899 703 1075 760 fuerat
1115 704 1389 772 exposita,
1417 703 1903 757 condemnassent.
1939 703 2050 756 llu-

472 796 717 868 jusmodi
764 797 842 850 ira
894 809 1195 851 succensus
1239 795 1514 850 Eleusium
1562 795 1630 848 ab
1672 794 1809 849 urbe
1853 795 2050 866 Cyzico

477 891 733 945 accersit.
779 888 846 942 Et
877 890 1259 959 episcoporum
1290 889 1618 942 Arianorum
1652 888 1885 942 collecto
1917 904 2050 942 con-

475 981 628 1044 cilio,
663 980 892 1034 invitum
939 994 1134 1050 cogere
1165 993 1290 1033 eum
1339 979 1538 1048 cmpit,
1589 985 1650 1031 ut
1683 993 1807 1031 cum
1843 977 1953 1032 illis
1993 978 2048 1031 in

474 1073 725 1129 doctrina
765 1072 888 1126 fidei
939 1071 1298 1126 consentiret.
1350 1071 1418 1123 At
1468 1071 1589 1134 ille,
1634 1070 1796 1123 initio
1829 1069 2047 1138 quidem

477 1165 701 1220 restitit.
760 1165 960 1218 Postea
1011 1176 1144 1216 vero
1187 1161 1443 1216 exsilium
1490 1168 1546 1216 et
1584 1161 2049 1231 proscriptionem

476 1253 748 1310 bonorum
779 1251 1144 1308 reformidans
1173 1269 1187 1303 :
1220 1253 1333 1306 lucc
1357 1251 1504 1306 enim
1543 1251 1837 1320 imperator
1862 1250 1911 1305 ei
1942 1250 2048 1304 mi-

477 1346 715 1399 nabatur
749 1344 855 1399 nisi
903 1343 1214 1414 paruisset;
1270 1343 1400 1396 fecit
1438 1343 1584 1413 quod
1630 1343 2044 1412 imperabatur,

478 1434 775 1503 statimque
823 1433 1003 1503 ipsum
1055 1433 1184 1486 facti
1223 1433 1308 1487 sui
1359 1432 1638 1501 paenituit.
1689 1432 1755 1485 Et
1787 1431 2046 1504 Cyzicum

479 1540 757 1590 reversus,
805 1531 1089 1594 peccatum
1125 1538 1284 1577 suum
1329 1524 1511 1593 palam
1555 1524 1611 1578 in
1650 1525 1881 1579 ecclesia
1909 1538 2049 1577 con-

479 1614 663 1672 fessus
694 1625 798 1678 est,
832 1615 1198 1684 hortatusque
1244 1622 1304 1668 ut
1353 1615 1586 1669 alterum
1619 1630 1722 1670 suo
1769 1617 1891 1670 loco
1929 1615 2049 1686 epi-

474 1725 702 1780 scopum
734 1709 1091 1763 ordinarent:
1130 1721 1304 1776 neque
1332 1707 1475 1760 enim
1522 1705 1605 1762 fas
1657 1721 1799 1775 esse,
1845 1714 1906 1761 ut
1933 1708 2049 1777 ipse

473 1801 714 1869 amplius
763 1799 1080 1855 sacerdotio
1139 1797 1481 1868 fungeretur,
1534 1799 1738 1869 quippe
1790 1799 1884 1869 qui
1935 1814 2048 1854 suae

475 1891 601 1947 ﬁdei
634 1891 881 1960 proditor
913 1891 1242 1946 exstitisset.
1275 1889 1473 1944 Verum
1504 1889 1786 1961 Cyziceni,
1819 1904 1944 1943 cum
1977 1889 2046 1944 ob

475 1983 600 2035 vitae
627 1980 748 2050 ejus
771 1981 1142 2051 integritatem
1165 1981 1431 2049 singulari
1457 1995 1582 2035 eum
1606 1980 1956 2035 observantia
1981 1994 2047 2034 ac

477 2072 857 2125 benevolentia
899 2079 1400 2140 prosequerentur,
1453 2072 1684 2126 alterum
1725 2073 2044 2144 episc0pum

474 2164 678 2219 habere
707 2163 1019 2218 noluerunt.
1043 2162 1177 2228 Qua:
1197 2177 1321 2218 cum
1351 2161 1634 2218 Eudoxius
1663 2165 2044 2233 comperisset,

472 2257 566 2327 qui
596 2256 926 2311 Arianorum
955 2262 1118 2310 sectae
1146 2264 1378 2325 praeerat
1407 2253 1908 2325 Constantinopoli,
1940 2255 2051 2310 Eu-

477 2351 720 2404 nominm
761 2346 948 2418 Cyzici
981 2345 1302 2417 episcopum
1347 2346 1640 2402 ordinavit.
1693 2346 1852 2401 llunc
1899 2349 2048 2404 enim

476 2446 664 2506 utpote
698 2434 952 2490 facundia
981 2435 1297 2505 pollentem,
1324 2435 1625 2505 Cyzicenos
1655 2435 1709 2490 in
1741 2451 1894 2492 suam
1921 2452 2052 2492 sen-

473 2528 704 2583 tentiam
766 2527 1049 2583 suadendo
1106 2525 1266 2582 facile
1313 2527 1707 2596 perducturum
1771 2529 2049 2598 sperabat.

2151 518 2245 572 καὶ
2288 517 2560 588 ὁμοδόξων
2609 515 2761 586 αύτῷ
2806 513 3122 568 ἐπισκόπων
3169 512 3425 579 σύλλογον
3471 509 3736 573 καθίσας,

2150 608 2397 672 ἐϐιάζετο
2429 610 2704 661 κοινωνεῖν
2743 607 2926 670 αὐτοῖς
2975 605 3077 674 τῆς
3119 604 3377 666 πίστεως.
3433 602 3496 654 Ὀ
3535 601 3622 666 δὲ,
3666 599 3740 653 τὰ

2150 702 2344 772 πρῶτα
2373 699 2632 772 ἀνδρείως
2652 699 2952 753 ἁντέτεινεν
2977 713 2990 725 ”
3027 695 3326 767 ὑπερορίαν
3348 695 3406 748 δέ
3435 694 3619 763 φυγὴν
3638 691 3739 746 καὶ

2148 797 2245 867 τῆς
2276 797 2464 859 οὐσίας
2499 795 2786 864 ἀφαίρεσιν
2808 793 2989 854 δείσας
3038 790 3248 860 (ταῦτα
3274 790 3384 861 γὰρ
3405 788 3625 859 ὴπείλει
3658 787 3736 856 μὴ

2149 886 2501 958 πειθομένῳ),
2531 886 2592 939 τὸ
2618 883 2953 955 προσταχθὲν
2991 881 3232 950 ἐποίησε.
3269 879 3380 932 Καὶ
3407 879 3568 942 εὐθὺς
3609 894 3738 946 μετ-

2149 977 2395 1048 εμελεῖτο
2419 995 2432 1008 ·
2478 975 2790 1030 ἐπανελθών
2821 991 2881 1028 τε
2928 973 3008 1036 είς
3035 972 3306 1036 Κύζικον,
3357 970 3596 1040 δημοσίᾳ
3634 971 3738 1038 τὴν

2147 1069 2422 1140 ἁμαρτίαν
2452 1069 2544 1121 ἐπὶ
2589 1068 2687 1138 τῆς
2733 1064 3028 1136 ἐκκλησίας
3063 1061 3364 1133 ἐξήγγειλε,
3400 1059 3496 1113 καὶ
3539 1061 3736 1130 ἓτερον

2150 1161 2448 1214 ἐπίσκοπον
2487 1159 2812 1228 χειροτονεῖν
2864 1153 3280 1226 παρεκελεύετο.
3345 1150 3567 1204 Ἑαυτὸν
3625 1150 3738 1220 γὰρ

2151 1249 2399 1322 ἱερᾶσθαι
2453 1249 2527 1320 μὴ
2576 1240 3040 1319 προσήκεινέτι,
3089 1243 3162 1308 ὡς
3211 1242 3412 1296 οίκείου
3457 1241 3736 1311 δόγματος

2148 1340 2412 1410 προδότην
2436 1338 2744 1408 γενόμενον.
2770 1335 3068 1405 Κυζικηνοὶ
3095 1334 3172 1396 δὲ,
3203 1333 3340 1385 αἰδοῖ
3370 1331 3468 1397 τῆς
3495 1329 3597 1382 τοῦ
3632 1330 3732 1382 ἀν-

2147 1432 2272 1502 δρὸς
2304 1429 2574 1493 πολίτείας
2617 1427 2761 1481 εὖνοι
2803 1425 3113 1497 ταμάλιστα
3156 1422 3305 1492 αὐτῷ
3340 1421 3730 1490 τυγχάνοντες,

2147 1523 2334 1595 ἕτερον
2378 1522 2521 1593 ἔχειν
2546 1521 2842 1575 ἐπίσκοπον
2871 1520 2970 1589 οὐχ
3001 1517 3225 1571 εἴλοντο.
3273 1516 3424 1568 Ἐπεὶ
3454 1514 3514 1567 δὲ
3549 1512 3732 1566 ταῦτα

2148 1617 2396 1683 Εὐδόξιος
2437 1617 2580 1685 ἔγνω
2626 1617 2656 1669 ό
2679 1617 2743 1668 ’ἐν
2772 1609 3337 1668 Κωνσταντινουπόλει
3368 1609 3468 1678 τῆς
3510 1606 3729 1677 ’Δρείου

2145 1709 2303 1779 δόξης
2333 1706 2628 1779 προεστὼς,
2661 1706 2956 1776 χειροτονεῖ
2985 1703 3248 1772 Εὐνόμιον
3276 1707 3300 1737 °
3341 1701 3441 1771 τῆς
3478 1701 3728 1762 Κυζίκου

2081 1786 2118 1840 Β
2147 1799 2462 1855 ἐπίσκοπον.
2504 1799 2663 1869 ᾯετο
2687 1796 2796 1868 γὰρ
2824 1797 2985 1850 αὑτὸν
3009 1794 3180 1848 δεινὸν
3224 1793 3354 1848 ὅντα
3379 1793 3589 1860 λέγειν,
3622 1791 3731 1846 τινὶ

2149 1890 2330 1944 πειθοῖ
2349 1887 2458 1960 (66)
2495 1889 2694 1960 ῥᾳδίως
2720 1887 2855 1960 πρὸς
2879 1888 2942 1940 τὸ
2971 1888 3168 1940 οἰκεῖον
3195 1885 3370 1956 δόγμα
3397 1884 3527 1947 τοὺς
3557 1883 3729 1946 Κυζι-

2149 1985 2346 2053 κηνοὺς
2367 1980 2792 2050 ὲφελκύσασθαι.
2829 1980 2916 2043 Ὦς
2938 1980 2995 2033 δὲ
3021 1981 3102 2043 είς
3123 1978 3361 2044 Κύζικον
3391 1974 3732 2046 παρεγένετο

2149 2070 2533 2141 προστάγματι
2580 2071 2862 2141 βασιλέως,
2905 2067 3180 2123 Ἐλευσίου
3229 2067 3539 2134 ἐξελθόντος
3590 2067 3728 2136 (67),

2148 2166 2247 2230 τὰς
2296 2167 2485 2221 ἐνθάδε
2557 2166 2853 2238 ἐκκλησίας
2917 2164 3202 2235 κατέσχεν.
3248 2163 3314 2216 Ut
3360 2162 3419 2215 δὲ
3465 2161 3732 2230 Ἐλευσίῳ

2146 2256 2492 2328 πειθόμενοι,
2536 2257 2824 2328 εὐκτήριον
2857 2251 3003 2310 οἷκον
3050 2255 3155 2324 ἔξω
3192 2253 3729 2315 κατασκευάσαντες,

2147 2347 2255 2420 πρὸ
2299 2349 2398 2420 τῆς
2447 2348 2656 2412 πόλεως
2715 2347 3090 2419 ἐκκλησίαζον.
3159 2345 3428 2415 Εύνομίου
3488 2343 3592 2414 μὲν
3635 2339 3732 2396 ονῖδν

2149 2440 2302 2511 πέρι;
2347 2441 2442 2494 καὶ
2491 2441 2592 2512 τῆς
2621 2439 2912 2512 ὁμωνύμου
2951 2439 3155 2494 τούτων
3189 2438 3480 2511 αἱρέσεως,
3532 2435 3732 2508 μικρὸν

2151 2531 2374 2604 ὕστερον
2403 2532 2552 2601 ἐρῶ(

484 2620 792 2675 Eunomius
834 2619 1022 2690 itaque
1070 2633 1196 2673 cum
1272 2619 1514 2674 venisset
1567 2618 1826 2691 Cyzicum
1855 2662 1872 2688 ,
1924 2621 2084 2690 juxta
2157 2624 2508 2695 imperatoris
2557 2633 2891 2698 praeceptum
2938 2623 3236 2681 excedente
3283 2623 3440 2678 illinc
3481 2621 3729 2689 Eleusin,

473 2713 735 2768 ecclesias
783 2709 1092 2781 occupavit.
1143 2709 1307 2781 23o
1349 2711 1392 2765 li
1431 2725 1564 2767 vero
1611 2712 1705 2782 qui
1740 2711 2031 2782 Eleusium
2073 2717 2446 2785 sectabantur,
2494 2727 2652 2775 extra
2694 2719 2888 2775 urbem
2955 2724 3271 2773 constructa
3337 2717 3602 2779 ecclesia,
3651 2717 3731 2770 ibi

474 2809 736 2864 collectas
761 2813 1014 2876 egerunt.
1069 2802 1174 2860 Sed
1207 2803 1276 2860 de
1309 2805 1598 2871 Eunomio,
1633 2820 1698 2862 ac
1737 2807 1806 2862 de
1848 2808 2043 2865 haeresi
2084 2825 2204 2881 quae
2239 2813 2308 2868 ab
2338 2812 2434 2868 illo
2461 2814 2849 2885 cognominata
2889 2820 2993 2877 est,
3028 2812 3196 2882 paulo
3258 2818 3450 2881 postea
3520 2811 3728 2866 dicam.

1107 2897 1274 2962 .CAP.
1316 2897 1408 2952 IX.

475 2991 650 3056 Quam
683 2990 912 3060 graviter
934 2991 1107 3043 vexati
1133 2991 1239 3043 sint
1274 3006 1333 3044 eo
1361 3001 1605 3056 tempore,
1632 2991 1722 3060 qui
1752 2991 1907 3060 ﬁdem
1939 2991 2042 3045 Ni-

545 3060 678 3113 cami
707 3059 915 3139 concilii
943 3061 1349 3127 proﬁtebantur,
1380 3070 1428 3114 et
1453 3061 1516 3114 de
1555 3059 1735 3131 Agelt'o
1754 3059 1757 3060 ⁷
1776 3061 2043 3118 Novatia-

547 3144 736 3182 norum
759 3143 1022 3195 episcopo.

547 3217 750 3272 Eodem
785 3217 950 3272 modo
987 3218 1248 3288 exagitati
1295 3225 1426 3274 sunt
1456 3220 1620 3275 etiam
1658 3220 1718 3284 ii,
1764 3221 1856 3291 qui
1903 3221 2048 3278 Con-

476 3309 838 3378 stantinopoli
873 3309 1031 3364 tidem
1067 3308 1272 3365 Nicaeni
1305 3311 1526 3366 concilii
1561 3315 1955 3383 sequebantur,
1991 3324 2048 3370 et

479 3416 586 3456 una
616 3416 742 3456 cum
763 3401 876 3458 illis
906 3401 1192 3456 Navatiani
1214 3403 1254 3456 ⁸.
1283 3401 1416 3456 Nam
1445 3417 1638 3460 omnes
1667 3405 1888 3474 quidem
1917 3405 2050 3460 urbe

475 3493 640 3564 ejici,
688 3491 1118 3548 Novatianorum
1169 3507 1300 3547 vero
1341 3492 1506 3548 etiam
1550 3496 1816 3551 ecclesias
1868 3494 2048 3551 claudi

479 3587 779 3654 imperator
822 3585 1100 3655 praecepit.
1133 3583 1241 3637 Alii
1265 3584 1414 3640 enim
1456 3599 1565 3640 non
1595 3585 1872 3641 habebant
1904 3585 2048 3655 quod

475 3678 788 3741 clauderet;
823 3677 1026 3746 quippe
1053 3675 1166 3746 jam
1195 3677 1403 3746 pridem
1432 3685 1698 3746 regnante
1729 3675 2050 3733 Constantio

477 3769 745 3839 adempta:
777 3769 860 3824 eis
906 3770 1127 3824 fuerant
1173 3768 1445 3824 ecclesiae.
1487 3768 1594 3824 Sed
1623 3778 1678 3824 et
1709 3769 1958 3839 Agelium
1985 3785 2051 3827 eo

476 3870 722 3930 tempore
772 3859 970 3914 exsilio
995 3859 1302 3932 ‘damnavit
1333 3877 1346 3914 :
1381 3860 1477 3930 qui
1522 3861 1634 3929 jam
1681 3859 1810 3915 inde
1841 3876 1873 3914 a
1904 3861 2049 3915 Con-

477 3953 665 4010 stantii
689 3951 1051 4022 temporibus,
1078 3949 1510 4006 Novatianorum
1539 3951 1796 4007 Ecclesia:
1816 3960 2050 4022 praeerat

475 4044 980 4114 Constantinopoli,
1011 4050 1067 4098 et
1103 4043 1344 4098 mirabili
1377 4041 1612 4113 quadam
1654 4042 1871 4097 ratione
1892 4042 2049 4112 juxta

477 4141 625 4210 leges
652 4139 1059 4195 ecclesiasticas
1082 4137 1267 4192 vivere
1294 4136 1599 4195 dicebatur.
1651 4135 1786 4190 Nam
1816 4137 1960 4206 quod
1992 4138 2049 4192 in

479 4230 827 4301 philosOphia
859 4229 1193 4300 praecipuum
1227 4237 1335 4293 est,
1374 4243 1405 4283 a
1436 4226 1791 4299 pecuniarum
1825 4243 2050 4298 posses-

476 4324 634 4380 sione
678 4338 894 4394 semper
925 4322 1139 4379 alienus
1174 4321 1332 4387 vixit,
1373 4320 1601 4392 ejusque
1649 4319 1862 4374 vivendi
1908 4321 2051 4376 ratio

477 4417 530 4471 id
560 4417 698 4472 satis
729 4415 1083 4481 declarabat;
1120 4414 1375 4470 utebatur
1405 4414 1551 4470 enim
1583 4412 1815 4483 simplici
1841 4413 2048 4480 tunica,

585 4592 601 4622 ¹
634 4589 794 4647 Socr.
819 4591 916 4648 lib.
952 4607 1028 4658 IV,
1058 4606 1108 4645 c.
1141 4589 1194 4645 9.

2074 3139 2117 3200 C
2220 3137 2340 3192 τῶν
2369 3135 2757 3192 Ναυατίανῶν
2782 3136 3044 3205 ἀρχομέν

2757 2905 3005 2958 ΚΕΦΑΔ.
3046 2903 3120 2958 Θ’.

2153 2996 2282 3051 Ὀτι
2355 2993 2552 3063 κακῶς
2609 2996 2745 3050 τότε
2803 2995 3097 3066 ἔπασχονΔ
3137 2995 3190 3048 οι
3232 2992 3348 3066 τὴν
3390 2992 3462 3048 ἐν
3508 2995 3730 3061 Nimio

2220 3067 2429 3122 πίστιν
2475 3068 2907 3134 πρεσϐεύοντες
2941 3063 3102 3118 σ”καί
3136 3065 3270 3134 περὶ
3311 3065 3584 3134 Ἀτελίου
3622 3065 3730 3120 τοῦ

3045 3153 3138 3190 ου.

2220 3228 2624 3300 Παραπλησίων
2655 3227 2712 3281 δὲ
2739 3227 2925 3281 κακῶν
2948 3227 3243 3298 ἐπειρῶντο
3270 3227 3318 3280 oi
3347 3225 3406 3280 ἐν
3433 3227 3732 3280 Κωνστανο

2147 3319 2450 3371 τινουπόλει
2501 3317 2893 3389 πρεσϐεύοντες
2935 3316 2996 3370 τὸ
3042 3316 3222 3385 δόγμα
3263 3314 3372 3368 τῶν
3416 3316 3476 3369 ἐν
3517 3317 3730 3387 Natat;

2151 3407 2537 3474 συνελθόντων,
2586 3410 2682 3463 σὺν
2709 3409 2894 3470 αὐτοῖς
2919 3408 2976 3462 δὲ
3013 3409 3106 3461 καὶΙ
3134 3409 3186 3460 οἱ
3215 3408 3283 3460 τὰ
3313 3406 3568 3461 Ναυάτου
3595 3425 3729 3478 φρο-

2149 3499 2386 3564 νοῦντες.
2445 3501 2558 3555 Καὶ
2607 3502 2814 3564 πάντας
2861 3501 2959 3571 μὲν
2993 3499 3310 3553 ἐλαύνεσθαι
3335 3500 3436 3570 τῆς
3471 3500 3681 3561 πόλεως
3709 3516 3724 3528 ·

2149 3593 2506 3648 Ναυατιανῶν
2571 3593 2630 3648 δέ
2686 3594 2781 3648 καὶ
2826 3593 2926 3656 τὰς
2981 3592 3275 3663 ἐκκλησίας
3334 3593 3726 3646 ἀποκλείεσθαι

2149 3685 2481 3756 προσέταξεν
2513 3686 2541 3740 ό
2571 3683 2842 3754 βασιλεύς·
2868 3683 2978 3736 τῶν
3001 3684 3058 3737 δέ
3087 3683 3260 3737 ἄλλων
3291 3684 3390 3737 οὐκ
3421 3681 3567 3755 εἶχεν
3604 3686 3634 3737 ὃ
3670 3703 3723 3737 τι

2149 3774 2519 3830 ἀποκλείσειεν
2541 3790 2557 3807 ο
2607 3774 2709 3846 ἤδη
2746 3775 2856 3845 γὰρ
2883 3774 3142 3846 πρότερον
3170 3775 3263 3827 ἐπὶ
3292 3775 3391 3844 τῆς
3428 3775 3722 3829 Κωνσταν-

2147 3869 2265 3921 τίου
2293 3866 2568 3938 βασιλείας
2594 3865 2893 3938 ἀφῄρηντο.
2939 3865 3012 3918 Ού
3051 3865 3156 3937 μὴν
3181 3864 3316 3918 ἀλλὰ
3345 3867 3438 3919 καὶ
3477 3866 3726 3934 ’Δγέλιον

2148 3960 2272 4013 τότε
2310 3959 2390 4022 είς
2431 3956 2731 4028 ὑπερορίαν
2769 3956 2948 4027 φυγὴν
2978 3955 3329 4010 κατεδίκασεν
3356 3973 3370 3987 ’
3421 3956 3481 4020 ὃς
3519 3960 3583 4010 ἐκ
3615 3959 3726 4012 τῶν

2150 4049 2526 4106 Κωνσταντίου
2574 4049 2780 4120 χρόνων
2819 4049 3002 4118 ἡγεῖτο
3039 4049 3098 4100 ἐν
3127 4048 3534 4102 Κωνσταντίνου
3571 4049 3726 4104 πόλει

2149 4141 2246 4210 τῆς
2268 4138 2620 4193 Ναυατιανῶν
2659 4137 3000 4208 Ἑκκλησίας.
3031 4137 3277 4206 Ἐλέγετο
3299 4138 3354 4192 δὲ
3373 4139 3454 4191 ὅτι
3488 4139 3724 4210 μάλιστα

2150 4228 2470 4299 θαυμασίως
2502 4227 2880 4282 πολιτεύεσθαι
2918 4228 3060 4282 κατὰ
3087 4229 3212 4291 τοὺς
3240 4227 3724 4299 ἐκκλησιαστικοὺς

2149 4319 2346 4389 νόμους
2371 4335 2386 4350 ⁸
2437 4321 2466 4372 ό
2496 4318 2552 4372 δὲ
2581 4318 2694 4389 βίος
2722 4314 2790 4390 ἦν
2822 4318 2990 4389 αὐτῷ,
3018 4319 3175 4373 τοῦτο
3197 4319 3263 4390 δὴ
3293 4320 3356 4373 τὸ
3397 4316 3638 4392 προῦχον
3667 4323 3724 4373 ἐν

2151 4410 2472 4483 φιλοσοφίᾳ,
2527 4412 2771 4482 κτήσεως
2816 4411 3112 4484 χρημάτων
3162 4412 3446 4486 ἐλεύθερος
3471 4430 3489 4446 ο
3547 4416 3643 4468 καὶ
3689 4416 3721 4483 ὴ

1640 4750 1906 4806 VALESII
1949 4751 2385 4811 ΑΝΝΟΤΑἹῚΟΝ
2395 4756 2496 4813 ES.

551 4885 663 4952 (66)
699 4887 1047 4959 Τινζ-πειθοῖ.
1077 4885 1416 4959 Nicephorius
1451 4885 1505 4940 in
1547 4885 1656 4959 lib.
1693 4900 1755 4959 tl,
1805 4899 1927 4955 cap.
1981 4885 2035 4959 5,
2072 4889 2114 4943 D
2142 4890 2406 4946 C:eterum
2430 4891 2662 4945 libenter
2699 4889 2864 4959 hujus
2893 4888 2993 4942 loci
3027 4888 3436 4944 distinctionem
3477 4899 3726 4947 mutave-

478 4969 668 5008 wcem
711 4954 861 5010 addit
883 4959 987 5011 hoc
1015 4957 1174 5011 modo
1198 4954 1374 5010 πειθοί
1399 4973 1505 5010 τινι
1543 4954 1814 5026 δαιμονίᾳ,
1849 4954 1908 5010 ut
1932 4957 2039 5009 sci-

480 5026 605 5095 licet
629 5026 845 5092 phrasis
865 5035 1014 5080 esset
1038 5027 1357 5095 elegantior.

551 5094 662 5165 (67)
711 5096 1020 5165 Ἐλευσίοο
1047 5093 1414 5161 ἐξελθόντος.
1441 5095 1663 5150 Rectius
1697 5094 1838 5163 apud
1883 5093 2044 5150 Nice-

480 5164 710 5236 phOrum
761 5165 958 5236 legitur
976 5164 1331 5236 ἐξελαθέντος.
1356 5166 1527 5236 Quam
1549 5166 1885 5236 scripturam,
1912 5181 2045 5220 con-

481 5233 660 5290 firmat
682 5233 846 5292 codex
894 5233 1129 5296 Fuketii,
1179 5236 1233 5288 in
1263 5250 1372 5304 quo
1430 5234 1625 5306 legitur
1663 5234 2041 5306 ἐξηλαθέντος.

2152 4963 2251 5014 rint
2280 4965 2332 5017 in
2358 4963 2501 5016 hunc
2528 4963 2745 5030 modum
2774 4979 2786 5013 :
2813 4960 2887 5022 ὡς
2914 4959 2968 5012 δέ
3002 4960 3080 5022 εἰς
3102 4960 3344 5030 ,Κύζικον
3366 4963 3724 5030 παρεγένετο,

2152 5031 2537 5102 προστάγματι
2569 5029 2684 5102 τοῦ
2716 5029 2980 5102 βασιλέως
3038 5029 3311 5102 Ἐλευσίου
3351 5029 3722 5096 ἐξελαθέντος.

2151 5098 2314 5182 quam
2338 5098 2746 5156 distinctionem
2769 5098 3058 5156 conﬁrmat
3105 5098 3447 5169 Nicephorus
3500 5101 3559 5156 iu
3609 5102 3727 5156 loco

2153 5179 2344 5226 Citato.

1913 5407 2301 5464 V’ARIORUM.

553 5561 579 5587 ο
611 5547 944 5618 Χειροτονεῖ
967 5541 1430 5618 Εὐνόμιονᾌευὶ)
1473 5541 1717 5618 Valente,
1748 5544 1927 5616 inquit
1954 5546 2046 5618 hic

483 5613 837 5679 Snzmncnns.
868 5619 952 5672 cui
975 5613 1259 5687 consentit
1293 5613 1694 5687 Socrates,jib.
1725 5631 1799 5687 ιγ,
1825 5613 1953 5687 cap.
1990 5616 2041 5682 7;

481 5702 534 5744 at
559 5690 924 5746 Theodoritus
959 5686 1128 5750 Hist,
1169 5686 1265 5742 lib.
1299 5701 1362 5751 ιι,
1387 5701 1508 5758 cap.
1541 5685 1632 5752 27,
1660 5696 1711 5742 ct
1735 5685 2042 5742 PhiloStor-

2151 5547 2294 5618 gius,
2326 5547 2419 5601 lin.
2457 5565 2508 5618 v,
2559 5562 2680 5618 cap.
2718 5547 2795 5618 3,,
2825 5561 2974 5616 eum,
3009 5546 3334 5606 Constantio
3385 5547 3711 5618 imperante,

2151 5617 2463 5673 Ordinatum
2489 5617 2660 5674 fuisse
2684 5617 2924 5674 tradunt.
