4040 6216
344 283 479 341 l3”

1301 277 1626 337 HISTORIA
1660 277 2217 340 ECCLESIASTICA.
2255 314 2324 326 —
2363 283 2490 339 LIB.
2537 283 2626 340 Vl.

3455 285 3596 343 1358

339 400 534 472 ἀγωγὴ
559 399 769 453 ἐδείκνυ
795 413 810 428 ⁶
847 397 930 453 ἐνί
949 414 1006 452 τε
1036 397 1146 467 γὰρ
1179 399 1413 470 χιτωνίῳ
1441 400 1662 469 ἐχρῆτο,
1695 399 1786 453 καὶ
1804 398 1926 470 δίχα

2026 408 2082 455 et
2109 401 2320 472 absque
2349 403 2554 458 calceis
2582 409 2848 473 perpetuo
2881 401 3189 459 incedebat.
3235 405 3381 459 idem
3411 412 3594 459 tamen

342 491 708 563 ὑποδημάτων
732 491 819 544 ἀεὶ
844 487 1092 554 ἐϐάδιζεν
1115 505 1131 520 ⁸
1181 490 1242 543 ού
1273 490 1454 561 πολλῷ
1482 492 1540 545 δὲ
1567 491 1791 563 ὕστερον
1823 493 1922 546 αὑ-

340 586 431 649 τδς
461 581 794 655 μετεκλήθη,
833 579 929 635 καὶ
962 579 1060 644 τάς
1099 580 1190 633 ὑπ’
1219 581 1381 636 αὑτὸν
1424 583 1750 654 Ἐκκλησίας
1811 584 1918 638 ἀπο

345 676 540 739 έλαϐε,
577 673 673 728 καὶ
715 671 886 735 ἀδεῶς
947 669 1323 741 ἐκκλησίαζεν.
1389 673 1570 738 Λῐτιος
1613 675 1670 729 δὲ
1719 675 1924 731 τούτων

341 763 657 835 Μαρκιανός
681 779 794 826 τιςο
833 761 892 826 ὃς
918 761 1012 814 ἐπὶ
1039 760 1138 832 βίῳ
1160 761 1254 815 καὶ
1281 762 1460 832 λόγοις
1489 763 1919 836 θαυμαζόμενος,

343 857 510 911 πάλαι
560 855 660 926 μὲν
705 855 762 907 ἐν
788 856 900 918 τοῖς
931 854 1219 925 βασιλείοις
1264 855 1620 927 ἐστρατεύετο
1643 873 1658 888 ο
1702 857 1824 912 τότε
1866 859 1925 913 δὲ

346 946 713 1020 πρεσϐύτερος
736 945 813 999 ὢν
837 947 935 1018 τῆς
961 947 1322 1003 Ναυατιανῶν
1348 947 1633 1022 αἱρέσεως,
1666 965 1924 1022 γραμμαρ

343 1040 528 1102 τικοὺς
565 1039 758 1108 λόγους
799 1037 1104 1103 ἐξεδίδασκε
1138 1039 1238 1104 τὰς
1281 1039 1544 1110 βασιλέως
1588 1041 1920 1113 θυγατέρας,

358 1131 714 1188 ’Δναστασίαν
758 1146 820 1182 τε
853 1130 950 1184 καὶ
978 1130 1252 1204 Καρῶσαν
1291 1128 1442 1202 (68)°
1488 1125 1564 1185 ὧν
1611 1131 1780 1187 είσέτι
1829 1133 1924 1187 νῦν

345 1227 607 1298 ἐπώνυμα
636 1223 838 1296 λουτρὰ
873 1222 1016 1278 κατὰ
1042 1205 1144 1295 τὴν
1183 1223 1752 1279 Κωνσταντινούπολίν
1785 1227 1921 1283 ἐστι.

345 1320 444 1373 Διὰ
468 1319 577 1390 γάρ
599 1317 697 1389 τὴν
726 1317 862 1386 πρὸς
885 1315 1049 1371 αὐτὸν
1069 1317 1202 1370 αίδῶ
1223 1319 1320 1373 καὶ
1336 1318 1519 1391 χάριν,
1547 1319 1729 1389 μόνοις
1746 1319 1924 1375 Ναυα-

345 1415 550 1476 τιανοῖς
582 1411 652 1466 τά
683 1409 950 1481 εἰρημένα
985 1408 1218 1482 ὑπῆρξε.

965 1587 1217 1645 ΚΕΦΑΔ.
1259 1589 1317 1644 Ῑ’.

346 1679 1017 1760 Περί-Οὺαζεντιῖιανοῇ
1041 1677 1508 1760 ῙοῦᾹνέουκκαί
1542 1679 1876 1760 Ilionae-oi)
1905 1695 1920 1712 ο

416 1739 514 1806 erat
547 1753 677 1820 περὶ
715 1751 823 1805 τοῦ
853 1748 1338 1820 κατὰκοὺιμεντα
1360 1739 1624 1820 διωγμῴ
1643 1765 1658 1780 °
1700 1750 1799 1804 καί
1832 1750 1920 1804 ὅτι
1954 1739 1996 1799 Β

416 1825 467 1877 ei
513 1823 578 1876 τὸ
617 1817 949 1890 *ὁμοούσιον
997 1817 1370 1890 δοξάζοντες,
1403 1817 1523 1890 ὑπὸ
1553 1817 1671 1872 τῶν
1709 1821 1918 1890 Ἀρεια-

415 1891 538 1963 νηῶν
572 1887 671 1945 καί
697 1887 1160 1963 Μακεδονςιανῶν
1185 1888 1597 1963 ἐλαυνόμενοι,
1626 1889 1778 1963 πρὸς
1808 1889 1923 1958 τὴν

427 1960 656 2030 Ῥώμην
683 1961 1215 2028 διαπρεσϐεύονται
1251 1958 1389 2029 (69).

429 2051 566 2106 Ὑπὸ
597 2051 655 2105 δὲ
683 2051 873 2107 τοῦτον
907 2052 1001 2107 τὸν
1026 2049 1239 2123 χρόνον,
1279 2049 1570 2121 ὁμώνυμος
1605 2048 1685 2120 τῷ
1716 2047 1925 2119 βασιλεῖ

348 2141 776 2214 Οὐαλεντινιανῷ
828 2141 1040 2212 γίνεται
1092 2144 1224 2207 παῖς
1269 2140 1412 2196 κατὰ
1464 2141 1564 2213 τὴν
1596 2140 1798 2197 Δύσιν⁶
1858 2141 1922 2195 ού

347 2233 526 2305 πολλῷ
552 2235 610 2288 δὲ
649 2232 897 2304 ὕστερον,
928 2235 1021 2289 καὶ
1054 2233 1349 2306 Γρατιανὸς
1383 2233 1442 2288 ὃν
1475 2233 1583 2302 πρὸ
1618 2233 1720 2304 τῆς
1748 2234 1922 2306 ἀρχῆς

347 2323 481 2397 εἶχε,
507 2327 798 2382 καθίστατο
829 2327 1099 2398 βασιλεύς.
1137 2329 1226 2382 Ἐν
1251 2325 1424 2397 τούτῳ
1443 2326 1519 2391 δὲ,
1549 2327 1753 2397 καίπερ
1774 2325 1924 2396 παρά

346 2417 408 2472 τὸ
441 2417 631 2482 εἰωθὸς
655 2417 896 2490 χαλάζης
923 2417 1198 2491 ἐμφεροῦς
1226 2419 1396 2484 λίθοις
1425 2422 1484 2474 ἐν
1506 2419 1722 2484 πολλοῖς
1739 2421 1924 2485 τόποις

348 2507 806 2580 καταρραγείσης,
826 2507 923 2561 καὶ
949 2508 1220 2580 μεγίστων
1246 2509 1510 2580 σεισμῶν,
1543 2509 1732 2574 άλλαις
1749 2526 1809 2563 τε
1833 2509 1926 2563 πό-

346 2599 482 2662 λεσι,
519 2599 612 2651 καὶ
643 2599 847 2670 Νικαίᾳ
872 2601 937 2670 τῇ
971 2599 1210 2653 Βιθυνῶν
1235 2601 1316 2663 είς
1343 2600 1482 2669 άγαν
1503 2600 1922 2672 λυμηναμένων,

345 2691 445 2744 οὐκ
470 2690 776 2745 ἐπαύσαντο
807 2691 1018 2762 Οὐάλης
1045 2707 1106 2744 τε
1143 2693 1172 2745 ὁ
1207 2689 1458 2761 βασιλεὺς
1488 2693 1582 2746 καὶ
1619 2692 1869 2757 Εύδόξιος
1896 2691 1926 2744 ὁ

347 2783 662 2848 ἐπίσκοπος,
701 2783 825 2848 τοὺς
855 2784 1056 2854 ἑτέρως
1095 2785 1278 2848 αὐτοῖς
1308 2783 1630 2851 δοξάζοντας
1669 2785 1928 2856 Χριστια-

347 2876 471 2939 νοὺς
505 2873 875 2940 ἐκδιώκοντες.
907 2875 1020 2928 Καὶ
1046 2876 1182 2947 πρὸς
1218 2876 1317 2947 μὲν
1342 2861 1470 2939 τοὺς
1495 2875 1779 2947 ὁμοδόξους
1812 2877 1927 2940 τοῖς

347 2967 405 3019 ἐν
433 2965 637 3036 Νικαίᾳ
665 2965 1027 3033 συνελθοῦσιν,
1067 2966 1242 3020 ἐδόκει
1275 2984 1396 3031 πως
1427 2966 1612 3030 αὐτοῖς
1650 2965 1927 3037 κατορθῶ-

2023 492 2173 547 haud
2214 494 2385 550 multo
2421 502 2545 565 post
2605 494 2674 549 ab
2720 496 2914 550 exsilio
2955 503 3283 561 revocatus,
3331 496 3598 551 ecclesias

2023 600 2156 642 suas
2199 587 2429 657 recepit,
2468 595 2523 642 et
2551 586 2814 642 collectas
2855 586 3028 642 libere
3069 586 3390 641 celebravit.
3423 586 3597 656 Cujus

2023 676 2105 731 rei
2135 691 2358 733 causam
2396 676 2628 747 praebuit
2674 675 2991 730 Marcianus
3035 673 3256 745 quidam
3283 715 3299 739 ,
3350 674 3433 727 vir
3479 682 3597 727 tum

2024 768 2096 823 ob
2145 769 2270 823 vita:
2319 768 2714 839 integritatem,
2755 775 2868 821 tum
2918 767 2989 821 ob
3018 765 3326 820 doctrinam
3361 764 3600 818 admira-

2026 860 2179 916 bilis.
2227 859 2331 926 Qui
2384 861 2542 930 prius
2588 859 2812 930 quidem
2866 857 2922 912 in
2971 857 3174 927 palatio
3215 855 3596 910 militaverat:

2024 960 2156 1008 tunc
2195 968 2328 1010 vero
2369 952 2800 1008 Novatianorum
2850 960 3015 1007 secta:
3059 949 3349 1021 presbyter
3395 947 3598 1011 factus,

2023 1043 2376 1099 Anastasiam
2433 1052 2486 1098 et
2538 1043 2802 1098 Carosam
2854 1041 3206 1112 imperatoris
3255 1039 3416 1105 tilias,
3461 1041 3600 1095 artis

2023 1135 2403 1204 grammatica:
2443 1135 2728 1205 pra'ccptis
2757 1132 3078 1198 erudiebat;
3114 1146 3346 1202 quarum
3379 1131 3601 1186 nomine

2023 1226 2217 1282 balnea
2249 1225 2496 1297 quaedam
2532 1225 3014 1295 ConstantinOpoli
3061 1223 3364 1292 etiamnum
3415 1220 3601 1291 appel-

2022 1319 2227 1375 lantur.
2278 1319 2359 1374 Ob
2393 1319 2559 1389 hujus
2597 1320 2745 1376 enim
2795 1318 2900 1372 viri
2946 1315 3333 1371 auctoritatem
3379 1321 3434 1368 et
3477 1327 3604 1384 gra-

2025 1413 2192 1477 tiam,
2240 1426 2305 1468 ea
2359 1426 2486 1483 quae
2540 1411 2705 1467 modo
2745 1411 2896 1476 dixi,
2958 1407 3282 1464 Novatianis
3333 1419 3601 1462 concessa

2023 1508 2172 1556 sunt.

2677 1590 2833 1647 CAP.
2869 1589 2940 1647 Χ.

2027 1681 2100 1736 De
2132 1681 2500 1737 Valentiniano
2544 1681 2768 1736 Juniore
2803 1691 2854 1736 et
2882 1680 3163 1742 Gratiano,
3191 1687 3241 1734 et
3269 1679 3333 1734 de
3355 1694 3602 1748 peractae

2095 1754 2234 1806 tione
2252 1770 2283 1806 a
2316 1752 2530 1807 Valente
2550 1755 2802 1814 excitata,
2825 1761 2873 1806 et
2889 1752 3147 1820 quomodo
3165 1747 3515 1820 ilomousiatti
3535 1747 3601 1800 ab

2091 1823 2312 1906 Ariani:
2341 1833 2389 1877 et
2421 1821 2817 1877 Macedonianis
2843 1819 3121 1892 exagitati,
3151 1819 3374 1874 Romam
3403 1820 3602 1890 legatos

2092 1908 2297 1947 νπιδετε.

2109 2048 2215 2103 Per
2260 2047 2405 2104 idem
2456 2055 2676 2118 tempus
2740 2048 3063 2118 imperatori
3117 2047 3504 2104 Valentiniano
3548 2048 3607 2103 in

2022 2137 2341 2193 Occidentis
2368 2139 2616 2207 partibus
2654 2147 2816 2194 natus
2843 2146 2928 2194 est
2967 2138 3115 2194 illius
3145 2139 3393 2208 ejusdem
3425 2140 3613 2196 nomio

2024 2229 2170 2283 nis‘.
2212 2227 2325 2283 Nec
2364 2229 2540 2283 multo
2568 2237 2694 2298 post
2729 2228 3050 2291 Gratianus,
3079 2244 3242 2299 quem
3271 2239 3398 2284 ante
3434 2228 3608 2300 impe-

2023 2321 2164 2375 rium
2196 2329 2538 2392 susceperat,
2565 2321 2848 2390 Augustus
2868 2321 2937 2376 ab
2967 2322 3088 2392 ipso
3117 2329 3200 2377 est
3231 2330 3604 2392 nuncupatus.

2023 2412 2230 2469 Eodem
2281 2420 2552 2484 tempore,
2590 2413 2722 2469 licet
2762 2413 2973 2483 grando
3020 2413 3298 2470 inusitatae
3329 2415 3609 2486 magnitu-

2022 2502 2171 2558 dinis
2199 2503 2380 2556 instar
2409 2501 2654 2573 lapidum
2699 2503 2890 2558 multis
2932 2501 2988 2555 in
3024 2501 3166 2557 locis
3196 2503 3513 2569 cecidisset,
3550 2511 3608 2558 et

2025 2594 2341 2664 gravissimi
2366 2601 2528 2650 terra
2547 2601 2730 2652 motus
2766 2601 2882 2648 tum
2910 2593 3050 2650 alias
3083 2595 3274 2658 urbes,
3313 2602 3428 2648 tum
3463 2610 3607 2665 pra:-

2025 2689 2184 2760 cipue
2211 2687 2450 2744 Nicaeam
2480 2689 2830 2754 evertissent,
2860 2689 3019 2759 231
3055 2689 3256 2745 Valens
3288 2699 3468 2746 tamen
3501 2706 3606 2744 lm-

2024 2791 2250 2852 perator
2279 2789 2336 2838 et
2369 2781 2655 2838 Eudoxius
2681 2783 2998 2853 episcopus,
3039 2783 3384 2839 Christianos
3410 2786 3504 2854 qui
3536 2783 3611 2838 ab

2029 2875 2167 2945 ipsis
2204 2875 2591 2938 dissentirent,
2621 2875 2878 2946 persequi
2909 2890 3018 2930 non
3049 2885 3359 2932 cessarunt.
3387 2875 3453 2930 Et
3483 2877 3611 2947 qui-

2027 2965 2151 3021 dem
2188 2967 2454 3021 adversus
2479 2981 2576 3021 eos
2609 2964 2703 3036 qui
2747 2964 3094 3021 Nicanorum
3128 2967 3441 3023 antistitum
3481 2983 3612 3023 sen-

349 3073 438 3110 σαι
461 3057 522 3110 τὸ
553 3058 1004 3129 σπουδαζόμενον.
1056 3059 1147 3114 Ἑν
1187 3058 1300 3129 γὰρ
1349 3059 1428 3130 τῷ
1461 3058 1665 3114 πλείονι
1692 3059 1794 3130 τῆς
1822 3058 1926 3113 ὑπὸ

2029 3060 2256 3114 tentiam
2303 3058 2699 3128 sequebantur,
2748 3073 2840 3114 res
2875 3058 3014 3129 ipsis
3046 3059 3334 3114 videbatur
3371 3075 3436 3115 ex
3477 3075 3608 3116 sen-

347 3148 642 3212 Ούάλεντος
673 3150 1016 3221 ἀρχομένης,
1065 3152 1160 3205 καὶ
1195 3152 1430 3223 μάλιστα
1460 3149 1568 3207 ἀνά
1609 3168 1672 3205 τε
1702 3150 1926 3224 Θρᾴκην

347 3240 443 3294 καὶ
496 3239 747 3296 Βιθυνίαν
795 3241 892 3296 καὶ
955 3242 1348 3314 Ἑλλήσποντον
1369 3285 1386 3310 ,
1442 3243 1538 3298 καὶ
1588 3243 1672 3297 ἐτι
1721 3242 1928 3298 τούτων

347 3331 680 3403 προσωτέρω
703 3369 718 3395 ,
767 3331 892 3386 οὕτε
946 3333 1276 3406 ἐκκλησίας,
1338 3333 1463 3388 ούτε
1526 3335 1711 3406 ἱερέας
1759 3329 1926 3408 εἶχον.

349 3424 491 3494 Πρὸς
510 3423 566 3476 δέ
580 3425 705 3487 τοὺς
723 3423 792 3477 τά
810 3424 1139 3478 Μακεδονίω
1158 3425 1510 3498 φρονοῦντας,
1532 3425 1930 3492 πολυπλασίους

347 3515 529 3570 αὐτῶν
557 3516 718 3580 ὄντας
751 3516 893 3571 κατὰ
919 3517 1038 3572 τόδε
1064 3518 1128 3572 τὸ
1157 3518 1348 3590 κλίμα,
1380 3518 1743 3588 ἐχαλέπαινον
1768 3533 1783 3549 ·
1829 3519 1926 3572 καὶ

346 3601 646 3678 τραπέντες
686 3609 773 3662 ἐπ’
801 3609 1027 3674 αὐτοὺς,
1078 3611 1139 3664 ού
1175 3612 1414 3684 μετρίως
1457 3611 1700 3665 ἐδίωκον.
1755 3610 1819 3664 Ol
1844 3609 1924 3677 δὲ,

347 3700 455 3754 δέει
506 3699 612 3756 τῶν
659 3701 1023 3772 ἐπικειμένων
1079 3701 1303 3768 κακῶν,
1361 3703 1926 3776 διαπρεσϐευσάμενοι

348 3793 485 3860 πρὸς
516 3791 778 3870 ἀλλήλους
809 3794 950 3848 κατὰ
981 3794 1185 3859 πόλεις,
1213 3795 1437 3867 ἄμεινον
1465 3795 1794 3869 ἐδοκίμασαν
1831 3797 1925 3851 ἐπὶ

349 3877 790 3941 υύαλεντινιανὺν
822 3888 918 3943 καὶ
951 3887 1044 3942 τὸν
1087 3888 1373 3960 Ῥωμαίων
1420 3890 1719 3944 ἐπίσκοπον
1757 3907 1928 3944 καταο

349 3979 563 4046 φυγεῖν,
596 3978 870 4042 κάκείνοις
903 3978 1102 4050 μᾶλλον
1135 3979 1275 4052 (69⁸)
1305 3981 1340 4052 ἢ
1369 3980 1604 4052 Εύδοξίῳ
1649 3981 1746 4034 καὶ
1784 3981 1928 4038 Ούά-

349 4066 493 4122 λεντι
541 4068 636 4122 καὶ
678 4071 792 4133 τοῖς
834 4071 972 4142 ἀμφ’
998 4070 1196 4136 αὐτοὺς
1237 4075 1514 4127 κοινωνεῖν
1540 4073 1642 4144 τῆς
1670 4073 1926 4138 πίστεως.

350 4161 458 4213 Καὶ
501 4161 624 4214 ἐπεὶ
653 4161 781 4216 τάδε
829 4163 1012 4226 καλῶς
1053 4162 1199 4234 ἐχειν
1249 4164 1462 4230 ἔδοξεν,
1519 4165 1800 4237 αἱροῦνται
1839 4166 1930 4220 ἐπὶ

347 4253 557 4318 τούτοις
582 4257 735 4326 τρεῖς
765 4254 826 4320 ἐξ
853 4255 1052 4321 αὐτῶν,
1100 4257 1396 4312 Εὑστάθιόν
1439 4275 1499 4312 τε
1539 4258 1633 4312 τὸν
1665 4259 1730 4312 ἐκ
1758 4259 1929 4312 Σεϐα-

2031 3151 2202 3204 tentia
2252 3149 2602 3220 aliquatenus
2657 3148 2972 3206 succedere.
3022 3149 3236 3206 Etenim
3286 3152 3495 3220 majore
3550 3151 3612 3212 in

2031 3253 2186 3315 parte
2231 3243 2446 3314 imperii
2497 3241 2769 3308 Valentis,
2821 3257 2888 3298 ac
2924 3243 3200 3314 praecipue
3245 3242 3301 3296 in
3351 3241 3610 3307 Thracia,

2031 3335 2308 3406 Bithynia,
2339 3333 2712 3405 Hellesponto,
2741 3341 2798 3390 et
2817 3333 2872 3388 in
2900 3334 3258 3389 ulterioribus
3287 3334 3610 3404 provinciis,

2032 3428 2088 3483 hi
2121 3441 2221 3482 nec
2252 3425 2517 3482 ecclesias
2566 3426 2840 3480 habebant
2886 3439 2986 3481 nec
3027 3426 3363 3481 sacerdotes.
3401 3425 3612 3481 Adver-

2033 3533 2130 3575 sus
2168 3516 2594 3572 Macedonia-nos
2623 3531 2776 3580 vero,
2813 3517 2907 3588 qui
2945 3516 2999 3571 in
3032 3516 3146 3572 illis
3180 3517 3427 3588 partibus
3457 3518 3611 3587 ipsos

2031 3609 2384 3664 multitudine
2443 3609 2814 3678 superabant,
2867 3609 3181 3665 vehementi
3233 3609 3611 3682 indignatione

2029 3701 2289 3758 commoti
2342 3710 2494 3764 sunt,
2542 3706 2598 3755 et
2637 3699 2842 3771 impetu
2891 3701 2948 3757 in
3004 3701 3132 3757 illos
3170 3717 3462 3771 converso,
3497 3721 3612 3760 non

2029 3793 2386 3850 mediocriter
2417 3810 2516 3851 eos
2543 3803 2836 3849 vexarunt.
2871 3793 2979 3862 Qui
3023 3794 3458 3866 impendentium
3497 3813 3612 3853 ma-

2033 3887 2210 3942 lorum
2237 3895 2382 3943 metu
2412 3888 2716 3959 perterriti,
2749 3887 2938 3945 missis
2976 3887 3120 3944 inter
3148 3904 3208 3944 se
3236 3905 3333 3959 per
3361 3891 3611 3961 singulas

2031 3978 2200 4035 nrbes
2239 3980 2630 4051 legationibus,
2684 3981 2862 4037 satius
2908 3995 3031 4036 esse
3073 3980 3420 4049 judicarunt,
3452 3989 3511 4035 ut
3540 3980 3611 4034 ad

2033 4071 2479 4129 Valentinianum
2509 4082 2564 4128 et
2598 4072 2666 4126 ad
2697 4073 3015 4142 episcopum
3037 4069 3192 4126 urbis
3215 4069 3402 4126 Romae
3417 4070 3610 4126 confu-

2032 4172 2244 4235 gerent,
2277 4177 2581 4232 eorumque
2608 4160 2984 4217 communioni
3022 4159 3409 4231 iungerentur,
3445 4176 3609 4232 quam

2035 4263 2092 4310 ut
2125 4268 2250 4309 cum
2278 4253 2528 4308 Eudoxio
2553 4259 2608 4307 et
2639 4251 2887 4317 Valente,
2939 4267 3241 4332 eorumque
3268 4253 3520 4319 asseclis,
3554 4254 3612 4307 in

351 4346 534 4409 στείας
574 4346 908 4412 ἐπίσκοπον,
955 4346 1052 4401 καὶ
1101 4348 1356 4404 Σιλσανὺν
1397 4349 1490 4403 τὸν
1539 4349 1786 4422 Ταρσοῦ,
1833 4351 1926 4404 καὶ¹

2034 4345 2288 4400 doctrina
2321 4342 2445 4398 ﬁdei
2486 4343 2979 4398 communicarent.
3033 4341 3158 4397 Haec
3207 4357 3332 4396 cum
3376 4342 3455 4399 illi
3492 4359 3524 4400 e
3553 4359 3613 4399 re

348 4435 607 4503 Θεόφιλον
636 4435 728 4490 τὸν
761 4437 1157 4503 Καπαὸάλων,
1191 4440 1289 4494 καὶ
1320 4439 1458 4512 πρὸς
1487 4439 1926 4494 ούαλεντινιανὸν

2037 4451 2136 4490 sua
2168 4433 2286 4489 fore
2327 4432 2676 4498 statuissent,
2718 4442 2832 4488 tres
2867 4431 2936 4486 ad
2977 4432 3031 4487 id
3071 4431 3366 4502 episcopos
3399 4447 3464 4487 ex
3509 4449 3615 4488 suo

345 4528 441 4580 τὸν
472 4526 692 4596 βασιλέα
721 4529 1031 4599 πέμπουσι,
1064 4530 1377 4601 γράψαντες
1409 4531 1646 4602 Λιϐερίῳ
1683 4529 1760 4601 τῷ
1798 4530 1926 4584 Ῥω-

2036 4539 2269 4581 numero
2322 4525 2665 4596 delegerunt,
2710 4522 3059 4580 Eustathium
3104 4523 3388 4589 Sebastiaz,
3433 4525 3612 4579 Silva-

354 4619 530 4688 μαίων
573 4619 887 4689 ἐπισκόπῳ,
935 4623 1169 4687 καὶτοῖς
1197 4623 1300 4678 άνὰ
1335 4623 1434 4695 τὴν
1465 4623 1628 4676 Δύσιν
1671 4620 1926 4694 ἱερεῦσιν,

2037 4634 2167 4674 num
2198 4618 2398 4683 Tarsi,
2441 4626 2497 4674 et
2535 4615 2900 4687 Theophilum
2940 4617 3254 4687 epismpum
3289 4617 3612 4672 Castabalu-

348 4706 437 4764 οἷα
465 4709 529 4784 δὴ
561 4711 747 4766 πίστιν
772 4711 992 4786 δόκιμον
1023 4715 1120 4768 καὶ
1156 4713 1378 4785 βεϐαίαν
1421 4715 1531 4770 ἀπὸ
1558 4713 1665 4769 τῶν
1697 4713 1926 4769 ἀποστό-

2036 4727 2184 4776 rum,
2219 4725 2426 4782 eosque
2459 4709 2528 4766 ad
2570 4707 3019 4764 Valentinianum
3061 4709 3450 4779 imperatorem
3488 4709 3616 4765 mit-

418 4849 438 4878 ⁸
482 4850 668 4916 Socr.,
701 4850 798 4905 lib.
833 4867 907 4916 iv,
941 4867 993 4908 c.
1036 4855 1123 4908 ιο.

1589 4957 1848 5014 VALESII
1891 4954 2432 5012 ANNOTATIONES.

419 5083 974 5154 (68)]Λναστασίακ
1004 5079 1104 5135 καὶ
1158 5076 1495 5154 Καριῖισαῃ..
1532 5072 1674 5154 Idem
1702 5073 1926 5154 _legitur

2037 5069 2228 5154 Graeco
2251 5069 2343 5124 illo
2372 5069 3005 5154 scriptoreg‘quiuitulos
3030 5071 3268 5142 capitum
3316 5069 3480 5154 hujus
3513 5071 3613 5126 lli-

349 5139 492 5222 apud
514 5139 808 5209 'Socratem
836 5153 890 5206 in
920 5153 1016 5222 lib.
1048 5166 1122 5214 Iv,
1154 5139 1279 5222 cap.
1314 5149 1368 5203 8.
1397 5145 1505 5222 Ubi
1526 5145 1728 5222 vide_si_
1749 5139 1929 5214 placet
2038 5141 2224 5222 storias
2261 5140 2591 5222 composuit.
2635 5139 2807 5222 ‘Quod
2847 5141 3056 5222 idcirco
3099 5139 3454 5222 ‘inonendum
3489 5158 3616 5198 esse

349 5209 471 5292 qua:
509 5224 795 5279 annotavi.
832 5224 896 5276 Et
922 5209 1596 5292 Anastasianas__quidem
1640 5209 1871 5292 balneas
1902 5227 1934 5266 a
2037 5211 2193 5292 duxi,
2245 5225 2314 5264 ne
2343 5209 2588 5292 studiosi
2635 5209 2869 5290 lectores
2896 5211 2948 5292 in
2984 5210 3230 5292 fraudem
3290 5213 3612 5292 induceren-

351 5278 581 5350 Valcnte
616 5278 915 5348 adiﬁcatas
950 5306 1060 5346 non
1110 5303 1235 5345 esse
1288 5278 1408 5342 illiti
1457 5285 1676 5340 ostendi
1701 5304 1730 5352 ;,
1759 5285 1933 5340 Caro-
2035 5289 2149 5352 tur,
2174 5294 2384 5350 nosque
2414 5278 2466 5333 id
2522 5279 2749 5352 latuisse
2783 5282 3090 5340 crederent.
3138 5283 3338 5338 Veram
3387 5283 3611 5352 exripso

348 5367 518 5420 siana:
546 5371 727 5419 autem
753 5363 962 5417 balnea:
992 5376 1022 5415 a
1055 5357 1284 5414 Valente
1315 5365 1646 5425 constructa:
1691 5350 1754 5412 ac
1780 5353 1934 5410 dedi-
2037 5351 2346 5425 Soaomeno
2378 5350 2612 5425 perspici
2647 5350 2804 5407 facile
2831 5359 3031 5425 potest,
3087 5354 3414 5425 legationem
3458 5350 3611 5425 illam

348 5445 484 5490 catae
509 5441 660 5496 sunt,
693 5444 888 5502 agente
905 5431 1162 5502 praefecto
1186 5424 1930 5502 urbis_Vinda_lonioMagno,
2035 5420 2395 5477 Orientalium
2418 5420 2816 5502 eRiScopornm.
2832 5420 2898 5477 ad
2922 5420 3200 5502 Liberium
3228 5436 3446 5502 papam,
3479 5422 3613 5502 ruis-

350 5487 850 5576 postconsula‘tum
870 5487 1131 5576 Gratiani
1157 5510 1239 5576 ter
1265 5497 1668 5576 et‘l‘iquitiitut
1698 5487 1932 5576 legimus
2033 5507 2192 5576 sam“
2211 5507 2336 5547 esse
2384 5507 2414 5574 a
2444 5487 2872 5573 Macedonianis,
2908 5508 3017 5546 non
3039 5487 3615 5547 autem'a'Catliolicis

350 5561 404 5628 in
445 5573 630 5629 Fastis
662 5573 890 5628 Idatiict
920 5573 973 5626 in
1001 5571 1263 5627 Chronico
1299 5561 1684 5623 Ateiandrina.
1733 5561 1930 5623 V'erum
2032 5561 2558 5640 setl‘lh'lontousianis.
2643 5631 2751 5640 __‘
2906 5630 2946 5640 _
3046 5630 3058 5640 _
3191 5629 3204 5640 ,
3305 5627 3347 5640 _
3385 5625 3402 5640 _
3458 5627 3494 5640 ﬂ

350 5625 913 5713 undcvsiciappellatm
942 5625 1073 5706 sint,
1105 5642 1374 5713 incertum
1409 5649 1512 5693 est.

2097 5632 2231 5713 (φ’)
2265 5633 2532 5713 Κάθκεινῳ
2589 5631 2851 5713 μᾶμονἰ
2906 5630 3133 5713 Rectius
3191 5629 3276 5713 in“
3305 5625 3615 5713 Fultetia'no

420 5697 533 5785 (69)
566 5697 761 5785 lluj'u'si
791 5697 988 5785 capitis
1019 5697 1211 5771 titulus
1250 5711 1392 5767 male
1420 5715 1718 5781 conceptus
1757 5713 1841 5764 est
1892 5719 1922 5760 a
2027 5697 2222 5758 codice
2251 5697 2518 5772 scriptum
2555 5697 2638 5758 est
2693 5701 2986 5762 κάκείνοις.
3044 5700 3283 5770 Opponit
3323 5700 3468 5756 enim
3505 5697 3610 5753 Va-
