4040 6216
494 277 638 336 1519

1942 273 2164 331 SOZOM
2173 272 2258 330 ΕΝ
2265 272 2284 327 1

3581 274 3728 330 1320

484 402 630 459 tunt,
678 408 802 448 cum
832 393 1029 451 litteris
1063 395 1130 450 ad
1163 395 1442 450 Liberium
1489 394 1795 450 Romanum
1838 394 2046 463 episco-

2152 396 2256 449 λων
2312 395 2492 465 ἔχουσι
2515 436 2531 459 ,
2586 396 2679 448 καὶ
2735 394 2840 465 πρὸ
2893 393 3002 447 τῶν
3055 392 3230 448 ἄλλων
3253 433 3268 456 ,
3326 394 3576 463 προνοεῖν
3622 392 3731 462 τῆς

485 497 609 552 pum
642 489 696 538 et
732 483 800 536 ad
833 479 1215 538 Occidentales
1247 481 1523 538 antistites
1561 483 1802 552 scriptis,
1852 481 2052 551 quibus

480 588 577 629 eos
625 575 1010 636 hortabantur,
1044 584 1104 628 ut
1150 575 1359 645 legatos
1399 589 1529 630 suos
1571 574 1721 627 omni
1762 589 1867 643 ope
1895 571 2052 642 adju-

479 673 696 730 varent,
729 674 784 720 et
816 681 941 720 cum
971 667 1079 722 illis
1109 667 1241 736 quid
1273 669 1540 738 agendum
1571 673 1717 720 esset
1751 665 2052 734 perpende-

481 765 623 824 rent,
681 765 735 812 et
765 767 963 812 statum
1011 757 1268 813 Ecclesiae
1298 765 1462 828 prout
1507 757 1643 827 ipsis
1691 756 1868 811 visum
1904 761 2052 810 esset

482 851 850 920 corrigerent;
888 850 1086 919 quippe
1117 850 1211 919 qui
1244 849 1471 918 probam
1506 863 1570 902 ac
1603 847 1852 902 stabilem
1889 845 2048 900 ﬁdem

483 942 549 995 ab
594 943 860 1010 apostolis
905 943 1161 996 traditam
1210 940 1530 1002 retinerent,
1570 953 1634 992 ac
1675 952 1786 1007 prae
1828 937 2050 992 cmteris

479 1033 737 1086 omnibus
782 1033 1065 1101 religionis
1108 1046 1296 1086 curam
1330 1046 1520 1102 gerere
1548 1030 1834 1085 deberent.
1873 1028 1939 1081 Et
1969 1028 2050 1083 le-

479 1125 590 1194 gati
618 1122 837 1192 quidem
866 1138 989 1176 cum
1014 1123 1064 1176 in
1100 1123 1307 1176 Italiam
1333 1125 1635 1188 venissent,
1667 1123 2046 1191 imperatorem

481 1219 534 1270 in
566 1213 758 1269 Galliis
786 1215 986 1268 morari
1017 1214 1352 1280 didicerunt,
1387 1215 1588 1269 bellum
1625 1221 1897 1284 gerentem
1922 1227 2048 1266 cum

476 1307 728 1360 barbaris
760 1321 853 1360 eas
896 1307 1293 1362 accolentibus.
1347 1306 1595 1376 Cumque
1650 1305 1788 1375 ipsis
1833 1303 2050 1359 diﬂicile

476 1399 653 1452 visum
692 1408 840 1453 esset
870 1399 976 1453 iter
1007 1399 1062 1452 in
1093 1398 1298 1453 Callias
1332 1405 1554 1468 propter
1584 1397 1806 1460 bellum,
1838 1395 2048 1451 litteras

476 1487 744 1541 dederunt
772 1487 1009 1542 Liberio.
1053 1486 1118 1541 Et
1154 1489 1292 1542 inito
1327 1502 1452 1541 cum
1483 1487 1576 1540 illo
1600 1485 1834 1540 consilio
1866 1483 1933 1538 de
1963 1498 2049 1539 re-

475 1577 578 1631 bus
611 1593 840 1648 quarum
899 1593 1066 1632 causa
1110 1579 1263 1634 missi
1319 1578 1557 1643 fuerant,
1601 1578 1794 1634 Arium
1839 1591 2047 1646 eosque

475 1671 564 1739 qui
603 1670 744 1725 idem
777 1685 901 1724 cum
948 1670 1041 1724 illo
1080 1671 1352 1726 sentirent
1400 1685 1464 1724 ac
1499 1670 1880 1739 praedicarent,
1917 1685 2044 1724 sen-

2152 485 2444 556 θρησκείας
2472 483 2772 552 ὀφείλουσι,
2813 483 2978 536 παντὶ
3017 480 3194 534 σθένει
3222 479 3580 533 συλλαϐέσθαι
3610 483 3729 544 τοῖς

2151 576 2329 630 αὐτῶν
2358 574 2638 645 πρέσϐεσι,
2666 575 2760 627 καὶ
2801 574 2895 627 σὺν
2928 573 3112 635 αὐτοῖς
3144 572 3270 640 περὶ
3297 571 3407 624 τῶν
3430 570 3729 640 πρακτέων

2152 666 2558 738 βουλεύσασθαι,
2589 667 2692 729 ἓως
2722 665 2786 718 ἂν
2817 663 3154 735 δοκιμάσωσι
3188 662 3298 734 (70)
3329 661 3623 733 διορθῶσαι
3652 662 3728 714 τά

2149 760 2247 824 τῆς
2275 757 2600 827 Ἐκκλησίας
2629 757 2945 826 πράγματα.
2994 755 3104 807 Καὶ
3143 755 3193 806 οί
3240 753 3360 824 μὲν,
3389 753 3469 814 είς
3491 751 3728 806 Ἰταλίαν

2149 851 2488 919 ἀφικόμενοι,
2533 848 2773 916 ἔγνωσαν
2805 847 2896 898 τὸν
2927 845 3152 916 βασιλέα
3201 845 3283 907 είς
3326 843 3591 896 Γαλατίαν
3642 841 3730 894 δι-

2149 943 2321 1011 άγειν,
2339 943 2449 1003 τοῖς
2471 939 2894 1010 παρακειμένοις
2915 936 3042 1008 τῇδε
3066 935 3362 1006 βαρὸάροις
3391 933 3726 1004 μαχόμενον.

2161 1033 2390 1104 Ἀπόρου
2423 1033 2480 1086 δὲ
2516 1031 2774 1100 φανείσης
2803 1031 2985 1091 αὐτοῖς
3030 1028 3130 1099 τῆς
3180 1029 3272 1078 ἐπὶ
3313 1021 3560 1086 Γαλάτας
3601 1024 3727 1076 ὁδοῦ

2147 1125 2233 1178 διὰ
2255 1127 2344 1177 τὸν
2370 1124 2623 1194 πόλεμον,
2653 1122 2858 1175 ἔδωκαν
2890 1119 3128 1190 Λιϐερίῳ
3156 1118 3266 1189 (Ἠ)
3294 1117 3363 1170 τὰ
3393 1116 3726 1187 γράμματα..

2147 1215 2551 1286 Κοινωσάμενοί
2607 1230 2670 1266 τε
2735 1213 2864 1283 περὶ
2924 1206 2999 1265 ὧν
3051 1208 3439 1281 ἐπρεσϐεύοντο
3465 1247 3482 1271 ,
3546 1224 3729 1261 κατα-

2148 1307 2502 1377 γινώσκουσιν
2534 1305 2767 1376 Ἀρείου,
2795 1305 2888 1358 καὶ
2915 1302 3025 1355 τῶν
3055 1302 3254 1372 ὁμοίως
3283 1300 3429 1370 αὑτῴ
3458 1299 3724 1369 φρονούν-

2146 1413 2253 1448 των
2282 1395 2374 1448 καὶ
2404 1394 2780 1448 διδασκόντων.
2825 1391 3290 1462 ’Δποκηρύττουσι
3329 1390 3386 1442 δὲ
3417 1391 3509 1442 καὶ
3540 1390 3727 1442 πᾶσαν

2147 1486 2359 1556 αἵρεσιν
2400 1484 2817 1554 ἐναντιουμένην
2865 1484 2930 1551 τῇ
2997 1482 3177 1534 πίστει
3235 1480 3336 1550 τῆς
3397 1481 3453 1532 ὲν
3518 1479 3728 1549 Nimia

2149 1574 2363 1628 συνόδου
2391 1590 2405 1605 ο
2457 1574 2549 1626 καὶ
2578 1572 2639 1625 τὸ
2670 1570 2952 1642 ὁμοούσιον
2995 1569 3165 1640 ὁνομα
3208 1569 3472 1639 δέχονται,
3522 1570 3600 1632 ὡς
3648 1568 3726 1638 τῷ

2147 1667 2318 1736 ὁμοίῳ
2364 1666 2484 1718 κατ’
2517 1664 2704 1717 οὐσίαν
2733 1661 2801 1716 τὰ
2827 1662 2965 1716 αὐτὰ
2997 1664 3278 1731 σημαῖνον.
3319 1661 3408 1723 Ὣς
3431 1661 3490 1713 δὲ
3515 1661 3725 1712 τούτων

476 1760 641 1814 tentia
671 1776 770 1815 sua
807 1761 1160 1815 damnarunt.
1215 1761 1442 1815 Omnem
1484 1768 1742 1830 prmterea
1793 1760 2039 1816 hzeresim

2149 1733 2420 1826 ἔγγραφον
2441 1755 2725 1826 ὁμολογίαν
2747 1752 2926 1808 αὐτῶν
2955 1753 3114 1806 ἐλαὸε
3141 1751 3408 1822 Λιϐέριος,
3433 1749 3726 1820 ἐκοινώνη-

477 1852 601 1906 ﬁdei
665 1853 868 1908 Nicaani
932 1855 1157 1909 concilii
1225 1847 1609 1910 adversantem
1672 1853 2041 1923 reiecerunt:

402 1937 405 1944 ’
474 1943 947 1998 consubstantialis
1006 1947 1241 2015 denique
1286 1946 1615 2000 vocabulum
1662 1951 2044 2013 susceperunt,

473 2033 673 2103 quippe
707 2034 853 2102 quod
884 2033 1026 2088 idem
1054 2033 1393 2103 signiﬁcaret
1418 2034 1565 2103 quod
1605 2033 1805 2087 similis
1844 2047 2044 2086 secun-

473 2123 603 2179 dum
659 2125 1047 2180 substantiam.
1118 2123 1324 2178 Harum
1385 2139 1575 2179 rerum
1637 2121 2043 2179 confessionem

472 2215 696 2284 scriptis
721 2215 990 2284 proditam
1017 2230 1139 2269 cum
1174 2213 1430 2272 Liberius
1459 2215 1530 2270 ab
1562 2215 1696 2284 ipsis
1722 2215 2047 2284 accepisset,

472 2323 594 2362 cum
641 2307 721 2362 eis
782 2307 1208 2363 communicavit
1260 2325 1274 2363 :

2148 1863 2238 1900 σεν
2265 1847 2444 1909 αὐτοῖς
2469 1861 2483 1876 ο
2523 1844 2619 1898 καί⁵
2646 1846 2756 1907 τοῖς
2782 1842 3120 1914 ἀνὰοτὴνἜω
3147 1841 3462 1904 ἐπισκόποις
3492 1841 3722 1910 ἔγραψε,

2145 1939 2246 2008 τῆς
2293 1935 2543 2007 ὁμονοίας
2595 1935 2689 1989 καὶ
2738 1934 2834 2004 τῆς
2889 1933 3019 2004 περὶ
3061 1932 3122 1985 τὸ
3167 1932 3343 2002 δόγμα
3403 1933 3727 2001 συμφωνίας

2147 2025 2423 2081 ἐπαινῶν·
2476 2023 2572 2078 καὶ
2613 2023 2682 2076 τὰ
2718 2022 2854 2091 πρὸς
2888 2023 3014 2085 τοὺς
3057 2019 3314 2091 πρέσδεις
3355 2021 3726 2090 πεπραγμένα

2149 2119 2437 2188 ἐμήνυσεν.
2466 2112 2575 2187 Ἦν
2608 2115 2666 2168 δὲ
2691 2119 2800 2173 τῶν
2839 2115 2980 2185 ἀμφὶ
3020 2114 3110 2167 τὸν
3139 2113 3435 2168 Εὑστάθιον
3469 2114 3505 2184 ἡ
3533 2113 3728 2183 ὁμολο-

2147 2211 2241 2280 γία
2264 2210 2379 2280 ἥδε.

1325 2308 1658 2379 scripsitque
1714 2309 1928 2362 litteras
1976 2305 2048 2360 ad
2084 2303 2389 2361 Orientales
2437 2302 2754 2370 episcopos,
2790 2299 2860 2355 ob
2899 2298 3255 2354 concordiam
3321 2308 3378 2354 et
3435 2297 3563 2353 ﬁdei
3590 2312 3728 2351 con-

473 2416 696 2455 sensum
747 2415 844 2454 eos
896 2398 1163 2466 laudans,
1216 2408 1272 2456 et
1317 2396 1442 2470 quae
1488 2415 1614 2456 cum
1661 2400 1860 2476 legatis
1897 2405 2050 2470 gesta
2085 2403 2264 2462 erant,
2299 2391 2495 2450 iisdem
2528 2393 2876 2462 signiﬁcavit.
2912 2391 3085 2448 Porro
3108 2389 3381 2448 Eustatbii
3442 2401 3498 2447 et
3556 2394 3727 2450 colle'

471 2507 663 2561 garum
695 2491 970 2546 confessio
1000 2491 1272 2561 ejusmodi
1302 2491 1423 2548 fuit.

1009 2583 1170 2655 232
1209 2584 1362 2640 CAP.
1402 2583 1495 2639 x1.

473 2673 762 2741 Eustathii,
797 2675 1001 2747 Silvani
1036 2693 1098 2731 ac
1136 2677 1422 2746 Theophili,
1461 2678 1610 2747 quia
1638 2675 2038 2732 Macedonianis

681 2747 751 2800 ad
788 2746 1055 2802 Liberium
1094 2748 1245 2802 missi
1278 2748 1512 2818 fuerant,
1545 2749 1822 2818 confessio.

470 2894 696 2967 Domino
727 2897 885 2965 fratri
925 2907 975 2952 et
1019 2899 1382 2952 comministro
1423 2898 1654 2965 Liberio,
1697 2898 2032 2967 Eustathius,

576 2965 825 3021 Silvanus
855 2977 905 3022 et
950 2967 1289 3038 Theophilus,
1327 2971 1382 3023 in
1422 2970 1646 3024 Domino
1691 2970 1935 3023 salutem.

545 3119 773 3190 Propter
800 3119 1028 3175 insanas
1055 3121 1437 3176 haereticorum
1470 3121 1777 3191 Opiniones,
1807 3121 1901 3191 qui
1935 3121 2042 3176 Ec-

472 3209 653 3266 clesia:
696 3209 980 3264 catholicae
1017 3208 1338 3265 offensionis
1383 3224 1609 3266 causam
1658 3211 1904 3280 praebere
1937 3225 2045 3265 non

473 3308 715 3365 cessant,
753 3314 852 3354 nos
888 3313 1104 3356 omnem
1136 3301 1248 3356 illis
1279 3302 1632 3359 occasionem
1666 3302 1914 3359 adimere
1951 3318 2051 3359 eu-

472 3391 705 3461 pientes,
738 3389 1059 3460 proﬁtemur
1092 3397 1146 3445 et
1195 3405 1601 3458 asseveramus,
1640 3392 1908 3465 synodum
1939 3395 2054 3464 epi-

471 3495 765 3551 scopcrutn
789 3480 1252 3549 Orthodoxorum,
1275 3499 1397 3553 quae
1421 3483 1706 3556 Lampsaci
1729 3493 1785 3541 et
1805 3485 2053 3558 Smyrnae

476 3576 708 3644 aliisque
747 3575 802 3628 in
837 3573 971 3629 locis
1008 3574 1198 3630 habita
1236 3583 1358 3645 est;
1401 3577 1563 3647 cujus
1590 3577 1784 3649 synodi
1822 3579 2051 3650 legatio-

473 3679 597 3717 nem
632 3664 923 3726 obeuntes,
949 3671 1068 3717 tum
1099 3664 1164 3718 ad
1197 3673 1344 3720 tuam
1385 3667 1797 3738 benignitatem,
1837 3677 1952 3723 tum
1979 3669 2048 3722 ad

476 3750 764 3806 universos
813 3752 983 3805 Italiae
1034 3761 1088 3806 et
1137 3754 1450 3812 Occidentis
1496 3759 1784 3827 episcopos
1840 3759 2049 3814 litteras

476 3841 776 3908 aﬁ‘erimns,
829 3843 1154 3898 catholicam
1200 3845 1358 3901 ﬁdem
1399 3861 1586 3906 tenere
1635 3859 1690 3906 et
1735 3849 2048 3920 custodire;

472 3948 595 4003 qua:
651 3933 707 3988 in
758 3943 1118 3990 sacrosancta
1187 3940 1398 4008 synodo
1444 3939 1663 3995 Nicama
1707 3943 2050 4012 temporibus

474 4023 646 4078 beatae
675 4023 952 4078 memoriae
991 4025 1363 4093 Constantini,
1413 4044 1443 4082 a
1476 4031 1736 4089 trecentis
1773 4032 1960 4087 decem
1992 4043 2047 4088 et

473 4120 601 4167 octo
658 4111 926 4168 divinitus
990 4114 1271 4184 inspiratis
1333 4118 1608 4190 episcopis
1665 4121 2041 4190 comprobata,

475 4207 741 4261 hactenus
765 4204 972 4276 integra
993 4213 1046 4261 et
1075 4209 1402 4266 inconcussa
1425 4223 1686 4282 perpetuo
1708 4215 2043 4284 permansit:

476 4302 530 4354 in
581 4313 689 4368 qua
734 4298 1204 4356 consubstantiatis
1252 4305 1572 4361 vocabulum
1619 4307 1883 4364 adversus
1926 4308 2044 4364 Arii

583 4489 598 4517 ¹
627 4486 785 4543 Socr.
813 4485 912 4542 lib.
935 4501 1010 4551 tv,
1037 4499 1088 4541 c.
1123 4485 1210 4539 t2.

2743 2577 2994 2633 ΚΕΦΑΛ.
3032 2577 3134 2632 IA’.

2166 2666 2478 2739 Ὀμολογία
2521 2670 2879 2740 Εὑσταθίου,
2918 2670 3232 2740 Σιλϐιινοῦ,
3267 2671 3584 2740 Θεοφίλου.
3611 2673 3730 2726 τῶν

2221 2738 2339 2794 ἀπὸ
2381 2738 2772 2806 Μακεδονίας,
2827 2738 2975 2807 πρὸς
3021 2742 3289 2810 Λιϐέριον
3337 2738 3446 2795 τὸν
3497 2741 3729 2810 Ῥώμης

2221 2810 2572 2864 ἐπίσκοπον.

2153 2901 2346 2968 Κυρίῳ
2377 2900 2615 2970 ἀδελφῷ
2632 2942 2647 2964 ,
2685 2900 2786 2970 καὶ,
2821 2899 3265 2970 συλλειτουργῷ
3300 2900 3564 2967 Λιϐερίφ,
3604 2902 3724 2954 Εὐ-

2217 2969 2495 3036 στάθιος,
2528 2968 2865 3036 Σιλϐανός,
2904 2968 3208 3042 Θεόφιλος,
3244 2971 3315 3024 ἐν
3355 2972 3553 3039 Κυρίῳ
3595 2971 3727 3039 χαί-

2208 3057 2364 3108 perv.

2216 3131 2316 3185 Διά
2344 3131 2443 3196 τὰς
2472 3132 2581 3185 τῶν
2609 3135 2898 3205 αἱρετικῶν
2928 3133 3216 3205 μανιώδεις
3248 3132 3528 3197 ὑπονοίας,
3569 3133 3621 3185 οἳ
3664 3134 3726 3187 οὗ

2148 3222 2412 3277 παύονται
2478 3226 2603 3288 ταῖς
2664 3224 2978 3288 καθολικαίς
3034 3223 3383 3296 Ἐκκλησίαις
3448 3221 3727 3276 σκάνδαλα

2149 3315 2521 3385 ὲπισπείρειν,
2571 3314 2760 3369 τούτου
2807 3315 2964 3387 χάριν
3011 3315 3191 3369 πᾶσαν
3244 3312 3496 3384 ἀφορμὴν
3539 3311 3728 3364 αὐτῶν

2147 3405 2496 3477 ἀναιροῦντες
2520 3446 2535 3470 ,
2589 3406 2957 3477 ὁμολογοῦμεν
3005 3407 3104 3478 τὴν
3157 3405 3372 3459 σύνοδον
3419 3404 3522 3475 τὴν
3571 3420 3728 3471 γενο-

2153 3495 2319 3566 μένην
2363 3499 2420 3550 ὲν
2469 3497 2778 3568 Λαμψάκῳ,
2825 3499 2920 3552 καὶ
2970 3497 3213 3568 Σμύρνῃ,
3261 3496 3356 3551 καὶ
3403 3497 3462 3549 ἑν
3514 3494 3727 3565 ἑτέροις

2150 3587 2425 3658 διαφόροις
2464 3589 2648 3653 τόποις
2701 3588 2810 3642 τῶν
2854 3586 3146 3661 ὁρθοδόξων
3212 3587 3526 3642 ἐπισκόπων
3569 3602 3584 3615 ⁶
3655 3581 3730 3656 ἦς

2149 3677 2367 3730 συνόδου
2393 3678 2686 3748 πρεσϐείαν
2717 3679 3047 3749 ποιούμενοι,
3085 3679 3219 3750 πρὸς
3252 3678 3350 3749 τὴν
3373 3677 3728 3749 χρηστότητά

2148 3784 2240 3820 σου
2273 3769 2367 3820 καὶ
2407 3768 2614 3831 πάντας
2655 3769 2784 3833 τοὺς
2817 3767 3047 3833 Ἰταλοὺς
3091 3770 3184 3823 καὶ⁴
3217 3768 3467 3831 δυτικοὺς
3497 3768 3727 3820 ἐπισκόο

2147 3876 2282 3923 πους
2306 3859 2605 3930 γράμματα
2629 3860 2948 3932 κομίζομεν,
2969 3861 3069 3930 τὴν
3093 3861 3273 3914 πίστιν
3297 3859 3395 3928 τὴν
3425 3857 3727 3925 καθολικὴν

2148 3953 2371 4022 κρατεῖν
2420 3953 2515 4006 καὶ
2560 3951 2874 4022 φυλάσσειν,
2920 3954 3043 4023 ἥτις
3085 3953 3143 4006 ὲν
3189 3955 3255 4023 τῇ
3309 3952 3440 4022 ἁγίᾳ
3467 3950 3729 4003 Νικαέων

2155 4040 2358 4111 συνόδῳ
2390 4042 2484 4095 ἐπὶ
2531 4040 2623 4094 τοῦ
2678 4042 2944 4113 μακαρίου
2976 4040 3383 4095 Κωνσταντίνου
3431 4040 3538 4091 ὑπὸ
3563 4056 3726 4108 τρια-

2149 4128 2346 4182 κοσίων
2391 4129 2521 4183 δέκα
2564 4133 2659 4184 καὶ
2700 4130 2843 4183 όκτὼ
2878 4131 3150 4202 θεοφόρων
3186 4131 3443 4201 Πατέρων
3487 4129 3728 4199 βεϐαιω-

2152 4221 2325 4286 θείσα,
2357 4224 2590 4295 ἁκεραίᾳ
2616 4225 2711 4278 καὶ
2741 4223 3020 4292 ἀσαλεύτῳ
3048 4226 3114 4294 τῇ
3141 4223 3470 4277 καταστάσει
3499 4222 3608 4283 ἓως
3628 4219 3726 4272 νῦν

2151 4314 2245 4367 καὶ
2275 4315 2536 4386 διηνεκῶς
2586 4317 2756 4387 μένει,
2805 4311 2928 4388 ὲνῇ
2975 4315 3038 4371 τὸ
3086 4315 3365 4387 ὀμοούσιον
3414 4315 3588 4383 ἁγίως
3628 4313 3726 4365 καὶ

1667 4642 1938 4698 VALESII
1981 4642 2533 4701 ANNOTATIONES.

476 4815 833 4900 lenii‘n‘iannnum
865 4831 930 4900 ac
972 4816 1268 4900 Eiberiqm,
1305 4815 1547 4900 Valenti”
1573 4826 1737 4900 atque
1771 4817 2038 4900 Eudoxio.
2075 4830 2116 4884 1)
2143 4821 2347 4900 Christi
2365 4825 2516 4900 __568?
2543 4825 2648 4900 S_cd_
2683 4824 3001 4900 responderi
3033 4834 3236 4900 potest,
3264 4839 3490 4900 propter
3517 4833 3720 4887 bellum

548 4885 659 4958 (70)
693 4886 841 4958 "Em;
869 4885 946 4939 ἂν
975 4885 1363 4958 δοκιμάσωσι.
1409 4885 1776 4942 Seribendum
1809 4899 1938 4958 puto
1967 4890 2042 4952 ὡς

475 4953 541 5006 ἂν
569 4954 680 5008 δοκ.
712 4954 884 5017 Quam
911 4957 1236 5025 scripturam
1290 4957 1343 5009 in
1373 4959 1620 5013 versione
1675 4973 1793 5011 mea
1812 4953 2043 5014 'secutus

478 5038 618 5099 sunt.
657 5025 730 5076 Ita
754 5033 899 5099 certe
913 5041 1108 5080 sensus
1127 5026 1302 5099 longe
1329 5028 1566 5097 apertior
1594 5029 1834 5093 exsistit,
1865 5031 1958 5099 qui
1990 5031 2044 5083 in

477 5093 693 5159 vulgata
744 5095 1012 5161 scriptura
1048 5093 1363 5152 nullns'est.

548 5163 657 5232 (Ἠ)
690 5161 956 5216 Ἕὸωκαν
983 5166 1246 5232 Λιϐερίῳ.
1285 5169 1538 5222 Socrates
1571 5165 1624 5221 in
1677 5167 1814 5223 libro
1850 5185 1923 5232 ιν,
1956 5184 2047 5223 ea-

480 5235 588 5303 pite
612 5234 678 5288 1‘2
701 5234 843 5286 hanc
898 5234 1225 5303 legationem
1281 5237 1791 5292 Macedonianorum
1842 5239 2046 5294 referre

482 5303 689 5359 videtur
722 5303 1007 5359 consulatu
1036 5304 1278 5359 secundo
1315 5305 1680 5363 Valentiniani
1703 5317 1757 5364 et
1781 5307 2044 5371 Valentis,

479 5374 532 5426 id
563 5383 648 5430 cst
681 5391 823 5429 anno
848 5375 1047 5430 Christi
1080 5375 1204 5430 368.
1241 5376 1434 5432 Verum
1461 5379 1725 5433 Baronius
1749 5382 1812 5431 ad
1841 5395 2046 5433 annum

476 5443 684 5517 Christi
716 5445 818 5500 565
852 5447 1093 5516 graviter
1140 5461 1261 5517 eum
1315 5450 1682 5517 reprehendit.
1733 5449 1868 5502 Nam
1918 5464 2043 5501 cum

479 5512 1103 5587 Lampsacenasynodus
1129 5512 1403 5572 celebrata
1423 5520 1494 5574 sit
1515 5535 1660 5574 anno
1690 5518 1893 5574 Christi
1911 5518 2039 5582 365,

479 5592 540 5658 nt
565 5601 635 5658 ex
665 5587 908 5658 Socratis
939 5588 1110 5657 ipsius
1147 5590 1456 5643 testimonio
1488 5598 1726 5652 constat,
1763 5589 2040 5658 quomodo

2149 4891 2424 4972 Rrocopii,
2477 4905 2531 4972 et
2561 4891 2854 4972 Orientalis
2908 4891 3122 4965 imperii
3156 4891 3421 4972 tuin-ultus
3452 4904 3549 4970 qui
3601 4914 3724 4972 post

2151 4961 2298 5035 illam
2332 4961 2606 5035 synodum
2661 4961 3034 5035 contigerunt,
3083 4968 3294 5022 tardius
3335 4961 3540 5026 missos
3601 4961 3721 5027 Esse

2150 5032 2383 5104 legatos.
2415 5033 2678 5090 Praeterea
2716 5032 2841 5089 nec'
2872 5037 3150 5098 Socrates,
3197 5053 3299 5092 nec
3358 5040 3717 5104 Sozomenus,

2151 5101 2528 5180 legatos__illos
2558 5106 2755 5180 missos
2787 5120 2907 5160 esse
2927 5105 3117 5159 dicunt
3154 5122 3184 5158 a
3216 5110 3426 5180 synodo
3459 5101 3720 5180 LatnpsaL

2151 5185 2306 5228 cena.
2342 5171 2495 5250 Missi
2525 5175 2744 5242 quidem
2787 5182 2916 5250 sunt
2957 5185 3078 5250 post
3133 5171 3402 5250 synodum
3457 5171 3721 5250 Lampsa-

2152 5253 2425 5315 eenam,et
2451 5245 2659 5315 litteras
2683 5244 2969 5315 synodicas
2998 5245 3116 5312 ejus
3137 5244 3354 5300 concilii
3381 5244 3716 5304 detulerunt.

2152 5310 2485 5389 Sontamen
2521 5313 2588 5367 ab
2615 5310 2942 5389 illa'synodo
2979 5310 3176 5389 directi,
3213 5326 3378 5389 sunt,
3425 5321 3468 5376 si
3502 5336 3720 5389 proprie

2145 5381 2292 5461 loqui
2321 5385 2572 5461 velimus.
2605 5385 2731 5461 {ﬁcio
2767 5381 3000 5454 quidem
3031 5386 3109 5461 in
3169 5381 3372 5461 libellu'
3401 5381 3525 5444 fidei
3557 5381 3716 5461 quem

2141 5450 2485 5528 Eustathius,
2520 5464 2575 5509 et
2610 5450 2866 5528 Silvanus
2920 5470 2984 5528 ac
3031 5454 3370 5528 Theophilus
3394 5450 3716 5516 obtulerunt

2141 5520 2356 5602 Libet-io
2391 5539 2561 5602 papae,
2591 5526 2796 5602 diserte
2820 5526 2988 5602 scribi
3047 5520 3203 5602 illos:
3223 5532 3512 5602 episcopos
3568 5532 3716 5602 lega-

2144 5594 2345 5666 tionem
2375 5597 2583 5651 obiisse
2610 5594 2969 5666 Lampsaceni
2997 5600 3238 5657 concilii.
3257 5594 3461 5658 Verum
3499 5603 3605 5657 hoc
3623 5594 3716 5655 'ita

480 5651 640 5723 legati
731 5657 799 5714 ab
876 5651 976 5712 illa
1046 5658 1255 5729 synodo
1322 5659 1464 5716 mitti
1537 5651 1830 5730 potuerunt
1897 5673 2041 5715 anno
2139 5661 2572 5736 intelligendum,
2605 5674 2687 5722 est
2713 5651 2770 5722 υἱ
2793 5651 2928 5724 disi.
