4040 6216
390 262 531 319 1⁸5ἱὸ

1374 248 1693 308 HISTORIA
1734 244 2285 305 ECCLESIAS’I‘ICA.
2324 275 2395 287 --
2430 245 2560 303 LIB.
2603 242 2691 303 VI.

3489 255 3629 313 I320
3644 244 3659 258 ί

387 380 598 442 πάντας
622 375 1023 447 καταγαγόντα,
1066 372 1225 445 μόνον
1262 372 1424 427 αύτδν
1450 368 1639 437 διῶξαι
1664 387 1678 409 ν
1730 368 1890 424 πάλιν
1917 365 1960 421 δ’

2064 375 2270 422 essent.
2302 364 2664 422 Athanasium
2700 382 2865 439 porro
2903 369 3122 427 aiebant
3164 372 3464 447 relegatum
3503 377 3630 447 qui-

327 513 335 520 .
385 466 456 525 αὗ
486 468 741 524 Ἰοϐιανὸν
770 469 932 522 αὐτὸν
966 464 1458 538 μετακαλέσασθαι.
1482 463 1667 518 Ταῦτα
1692 463 1958 531 λέγοντες,

385 563 485 616 οὐκ
524 558 761 614 ἔπειθον.
802 560 1075 628 Ἀντεῖχον
1121 557 1179 612 δέ
1214 557 1396 628 ὅμως,
1445 554 1541 609 καὶ
1575 552 1854 624 βιάζεσθαι
1897 550 1958 604 ού

387 650 754 722 συνεχώρουν.
795 646 1140 719 Πανταχόθεν
1183 648 1241 702 δέ
1265 646 1360 701 τοῦ
1394 646 1566 719 δήμου
1617 643 1957 715 συρρέοντος,

384 742 481 796 καὶ
539 734 738 794 πολλοῦ
802 737 1034 810 θορύϐου
1081 738 1177 793 καὶ
1235 737 1476 809 ταραχῆς
1518 735 1622 791 ἀνὰ
1668 736 1770 806 τὴν
1806 733 1983 787 πόλινκ

384 832 578 894 ὄντων,
633 830 730 885 καὶ
781 829 1024 894 στάσεως
1072 828 1548 901 προσδοκωμένης,
1610 827 1877 898 ἐμήνυσεν

387 922 633 994 ὕπαρχος
662 920 872 992 βασιλεῖ
897 920 967 975 τὰ
995 920 1283 991 γενόμενα,
1319 919 1679 990 συγχωρήσας
1714 916 1875 972 αὐτὸν
1901 917 1962 969 ὲν

385 1015 451 1082 τῇ
509 1011 661 1066 πόλει
709 1010 938 1081 διάγειν.
1003 1009 1144 1081 Ἤδη
1203 1010 1261 1064 δὲ
1308 1008 1516 1063 πολλῶν
1566 1008 1960 1079 διαγενομένων

386 1101 651 1174 ἡμερῶν,
706 1100 801 1155 καὶ
844 1101 947 1173 τῆς
990 1101 1306 1172 κινηθείσης
1355 1101 1596 1164 στάσεως
1644 1098 1958 1155 πεπαῦσθαι

300 1260 309 1268 ο
384 1193 668 1263 δοκούσης,
720 1193 956 1264 ἑσπέρας
1026 1191 1205 1246 λαθὼν
1254 1191 1573 1257 Ἀθανάσιος
1624 1190 1814 1262 ἐξῆλθε
1859 1192 1960 1264 τῆς

386 1286 617 1349 πόλεως,
656 1285 751 1339 καὶ
777 1284 858 1347 εἰς
904 1302 961 1338 τι
991 1283 1188 1355 χωρίον
1228 1282 1548 1355 ἐκρύπτετο.
1580 1284 1745 1355 Ἀωρὶ
1773 1283 1832 1338 δέ
1862 1284 1960 1354 τῆς

385 1372 779 1444 αὐτῆςνυκτδς
821 1374 850 1425 ό
889 1371 1132 1444 ὕπαρχος
1165 1373 1462 1441 Αἰγύπτου,
1506 1373 1601 1426 καὶ
1640 1375 1668 1427 ό
1699 1373 1806 1426 τῶν
1831 1372 1958 1444 τῇδε

388 1465 815 1536 στρατευμάτων
839 1462 1084 1534 ἡγεμὼν,
1115 1464 1415 1518 κατέλαϐον
1440 1465 1539 1538 τὴν
1565 1463 1875 1535 ἐκκλησίαν,
1900 1465 1959 1516 ἐν

386 1547 505 1627 ᾖτὸ
522 1552 866 1621 καταγώγιον
886 1548 1001 1623 εἶχε
1022 1570 1038 1586 ο
1074 1553 1349 1625 πανταχοῦ
1371 1571 1429 1608 τε
1455 1556 1549 1609 καὶ
1575 1557 1656 1618 είς
1681 1555 1779 1618 τὰς
1798 1555 1961 1624 ὑπερ-

385 1642 527 1714 ῴους
556 1646 797 1715 οἰκήσεις
822 1642 1261 1716 άναζητήσαντες
1289 1645 1473 1711 αὑτὸν,
1507 1645 1822 1716 ὑπεχώρουν
1846 1644 1960 1698 δια-

391 1736 687 1808 μαρτόντες
707 1736 804 1806 τῆς
831 1735 1045 1807 βουλῆς.
1068 1738 1257 1809 ᾯοντο
1273 1736 1382 1808 γὰρ
1401 1736 1585 1791 λοιπὸν
1608 1736 1703 1791 τοῦ
1726 1736 1963 1808 πλήθους

300 1904 303 1905 ν
389 1827 814 1899 ἐπιλελησμένου
839 1827 941 1898 τῆς
973 1831 1246 1901 προτέρας
1280 1831 1568 1901 κινήσεως,
1603 1832 1653 1884 εί
1692 1829 1963 1885 ἐπίθοιντο

387 1920 608 1974 πάντων
635 1919 770 1990 πρὸς
792 1917 970 1973 ὕπνον
1003 1920 1415 1991 τετραμμένων,
1457 1920 1654 1991 ῥᾳδίως
1685 1920 1783 1993 τὴν
1810 1921 1963 1992 βασι-

386 2011 523 2075 λέως
556 2010 851 2081 πρόσταξιν
889 2010 1243 2075 ἐπιτελέσειν,
1282 2012 1376 2066 καὶ
1406 2010 1504 2084 τὴν
1527 2012 1679 2066 πόλιν
1700 2013 1963 2066 ἀστασία-

390 2119 515 2157 στον
539 2101 811 2172 φυλάξειν.
841 2100 954 2154 Θαῦ
961 2118 1036 2172 μα
1055 2101 1112 2154 δέ
1135 2101 1343 2165 πάντας
1364 2102 1587 2166 εἰκότως
1609 2098 1774 2173 εἶχεν,
1800 2103 1962 2156 Ἀθα-

387 2195 571 2250 νασίου
599 2194 675 2266 μὴ
704 2193 1036 2265 εὑρεθέντος.
1058 2192 1182 2247 Εἴτε
1211 2193 1320 2266 γὰρ
1350 2193 1501 2259 θείας
1518 2194 1798 2266 δυνάμεως
1826 2211 1963 2266 προο

387 2290 647 2362 ειπούσης
671 2288 1117 2361 ὑπανεχώρησεν,
1157 2288 1266 2342 εῐτε
1309 2286 1472 2342 τινῶν
1505 2286 1961 2357 ἀναγγειλάντων,

386 2382 675 2453 ἀμφότερα
699 2382 780 2445 εἰς
822 2380 1018 2435 ταυτὸν
1055 2379 1220 2435 τελεῖ.
1263 2379 1373 2432 Καὶ
1410 2378 1749 2451 προμηθείας
1782 2379 1895 2448 (76)
1928 2378 1966 2450 ἢ

387 2474 529 2529 κατὰ
550 2472 833 2545 ἄνθρωπον
854 2471 1049 2535 ἐδόκει,
1071 2472 1153 2533 είς
1172 2469 1467 2536 ἀναγκαῖον
1488 2461 1591 2522 ὧδε
1618 2468 1809 2540 καιρὸν
1832 2484 1965 2539 προ-

386 2563 579 2635 μαθεῖν
588 2563 684 2635 τὴν
700 2561 989 2631 ἐπιϐουλὴν
1002 2560 1096 2614 καὶ
1110 2558 1693 2631 φυλάξασθαι.Ἕτεροι
1705 2558 1762 2612 δέ
1776 2574 1962 2628 φασιν,

387 2654 462 2718 ὡς
485 2652 582 2726 τήν
605 2640 700 2707 τοῦ
730 2651 969 2720 πλήθους
994 2649 1303 2721 παράλογον
1330 2648 1546 2719 κίνησιν
1573 2648 1843 2720 προορῶν,
1865 2648 1968 2702 δεί-

389 2733 485 2809 σας
518 2762 577 2797 τε
606 2745 681 2815 μή
705 2743 812 2796 τῶν
839 2741 1086 2795 ἐντεῦθεν
1118 2738 1552 2813 συμϐησομένων
1576 2740 1765 2794 δεινῶν
1795 2741 1967 2804 αἴτιος

387 2831 528 2889 εἶναι
582 2834 744 2901 δόξει,
785 2834 962 2888 πάντα
1018 2830 1206 2886 τοῦτον
1254 2831 1344 2886 τὸν
1392 2831 1584 2902 χρόνον
1634 2833 1693 2886 ἐν
1729 2829 1966 2903 πατρῴῳ

386 2924 629 2994 μνήματι
657 2921 909 2992 διέτριϐε.
946 2921 1053 2977 Καὶ
1077 2923 1105 2975 ὁ
1135 2922 1233 2992 μέν
1263 2914 1364 2975 ὦδε
1395 2920 1710 2991 διαφυγὼντ
1741 2920 1967 2975 ἐλάνθα-

384 3027 497 3065 νεν.
525 3010 600 3064 Ού
628 3010 807 3082 πολλῷ
830 3011 886 3064 δὲ
914 3010 1134 3083 ὕστερον
1164 3011 1403 3082 ἔγραψεν
1437 3014 1466 3066 ό
1496 3012 1768 3083 βασιλεὺς,
1804 3011 1965 3065 αὑτὸν

387 3098 699 3155 ἐπανελθεῖν
730 3075 823 3156 καὶ
851 3100 949 3173 τὴν
987 3075 1279 3173 ἐκκλησίαν
1308 3075 1471 3173 ἐχειν.
1496 3075 1879 3174 ’Τεκμαίρομαι
1907 3101 1964 3156 δὲ
1990 3075 2032 3132 C

385 3191 657 3246 Οὐάλεντα
686 3194 838 3264 παρά
868 3192 1065 3247 σκοπὸν
1113 3194 1205 3247 ἐπὶ
1248 3193 1452 3264 ταύτην
1492 3195 1592 3265 τὴν
1633 3192 1850 3266 γραφὴν
1881 3192 1966 3246 ἐλε-

387 3283 581 3355 θεῖν,ῆ
616 3283 713 3356 τὴν
758 3284 1065 3356 κρατοῦσαν
1109 3285 1237 3355 περ)¹
1276 3284 1591 3339 Ἀθανασίου
1631 3285 1786 3349 δόξαν
1818 3283 1965 3354 λογι-

386 3374 630 3445 ζόμενον,
674 3376 767 3429 καὶ
798 3376 880 3430 ὅτι
924 3375 1112 3429 τούτου
1155 3376 1314 3447 χάριν
1356 3376 1503 3440 εἰκὸς
1543 3371 1612 3447 ἦν
1649 3374 1965 3447 μέμψασθαι

384 3466 844 3532 Ούαλεντινιανὸν,
875 3467 1060 3539 ἐπειδὴ
1105 3468 1215 3521 τῶν
1262 3469 1321 3520 ἐν
1368 3468 1574 3539 Νικαίᾳ⁵
1606 3468 1964 3523 συνελθόντων

384 3556 447 3610 τὸ
494 3557 670 3627 δόγμα
721 3557 1117 3629 ἐπρέσϐευσεντ
1159 3557 1193 3629 ἢ
1243 3557 1353 3611 τῶν
1397 3558 1759 3611 ἐπαινούντων
1805 3557 1965 3612 αὐτὸν

369 3636 598 3705 ’πολλῶν
624 3647 814 3716 ὄντων,
841 3648 940 3719 τὴν
967 3647 1176 3719 κίνησιν
1220 3646 1588 3721 ὑφορώμενον,
1620 3648 1694 3719 μή
1737 3664 1792 3700 τι
1828 3664 1965 3701 νεω-

383 3741 673 3811 τερίσωσιν
703 3741 794 3793 ἐπὶ
823 3738 996 3814 βλάϐῃ
1026 3740 1133 3795 τῶν
1162 3740 1357 3797 κοινῶν
1407 3740 1765 3812 πραγμάτων.
1797 3737 1964 3812 Οἶμαι

384 3833 461 3898 δέ,
489 3830 571 3895 ὠς
595 3832 761 3896 εἰκὸς,
790 3833 883 3884 καὶ
910 3832 1035 3894 τοὺς
1063 3832 1409 3902 προεστῶτας
1439 3832 1541 3903 τῆς
1577 3833 1784 3906 Ἀρείου
1815 3832 1966 3905 αίρὲ-

386 3941 549 3988 σεως,
592 3924 666 3994 μὴ
699 3922 819 3976 λίαν
868 3921 1152 3976 ἐπιθέσθαι
1202 3925 1269 3995 τῇ
1317 3924 1446 3992 περὶ
1492 3923 1683 3977 τούτου
1737 3923 1961 3995 σπουδῇ·

384 4014 787 4086 λογισαμένους,
820 4013 895 4078 ὡς
924 4015 1021 4085 τῆς
1051 4013 1258 4078 πόλεως
1287 4014 1593 4087 ἐκϐληθεὶς,
1622 4011 1777 4080 αὖθις
1803 4015 1965 4087 ὀχλή-

386 4124 470 4161 σει
515 4109 627 4170 τοῖς
659 4105 963 4178 βασιλεῦσι,
1005 4105 1100 4159 καὶ
1144 4105 1397 4178 ἀφορμὴν
1429 4105 1676 4161 ἐντεῦθεν
1721 4106 1832 4172 ἔξει
1866 4108 1965 4179 τῆς

383 4199 521 4269 πρὸς
573 4198 772 4261 αὐτοὺς
823 4196 1074 4267 ὁμιλίας,
1118 4198 1213 4251 καὶ
1273 4196 1593 4264 μεταπείσει
1656 4197 1958 4250 Οὐάλεντα·

384 4289 827 4344 Οὐαλεντινιανὸν
866 4288 923 4343 δὲ
967 4288 1060 4343 καὶ
1109 4289 1188 4352 είς
1234 4287 1405 4360 ὀργὴν
1454 4290 1684 4361 κινήσει,
1720 4288 1796 4353 ὠς
1836 4288 1965 4367 ὁμό-

385 4397 579 4451 φρονα.
629 4381 879 4435 Μάλιστα
909 4380 1019 4449 γὰρ
1070 4380 1336 4450 περιδεεῖς
1386 4375 1526 4452 ἦσαν
1584 4382 1649 4435 ἐκ
1702 4380 1812 4434 τῶν
1866 4383 1960 4435 ἐπὶ

384 4473 764 4525 Κωνσταντίου
819 4473 1161 4542 συμϐάντων,
1211 4471 1606 4542 πεπειραμένοι
1649 4472 1747 4543 τῆς
1791 4472 1957 4526 αὐτοῦ

384 4563 602 4631 ἀρετῆς.
641 4563 1014 4617 Ἐπιτοσοῦτον
1052 4562 1159 4634 γὰρ
1202 4563 1297 4615 καὶ
1347 4564 1468 4617 τότε
1517 4564 1618 4634 τῆς
1647 4564 1757 4617 τῶν
1801 4565 1958 4618 ἐναν-

382 4653 515 4707 τίων
542 4654 841 4727 ἐκράτησεν
868 4655 1175 4723 ἐπιϐουλῆς,
1216 4653 1571 4725 ώςάσμένως
1603 4655 1750 4726 αὐτῷ
1782 4672 1957 4726 παραε

384 4746 538 4819 χωρῆ
550 4761 631 4799 σαι
659 4746 767 4799 τῶν
788 4746 890 4800 ἀνὰ
922 4747 1021 4817 τὴν
1047 4746 1317 4813 Αἴγυπτον
1349 4746 1702 4817 Ἐκκλησίων,
1737 4746 1833 4802 καὶ
1860 4747 1955 4800 ἐπὶ

2066 454 2189 510 dem
2215 455 2386 513 fuisse
2417 459 2524 515 sub
2549 458 2899 526 Constantio,
2925 462 3043 529 sed,
3078 464 3272 521 eodem
3305 466 3631 527 Constantio

2067 555 2376 612 revocante,
2413 549 2786 620 episcopatum
2818 564 2978 606 suum
3008 567 3397 627 recuperasse;
3428 568 3483 615 et
3527 558 3630 614 Ju-

2066 632 2275 689 lianum
2303 635 2523 705 quidem
2554 653 2678 693 cum
2713 639 2856 702 alios
2894 655 3085 698 omnes
3119 643 3190 698 ab
3227 647 3426 703 exsilio
3471 663 3633 705 revo-
3704 704 3715 718 ,

2065 735 2268 793 casset,
2287 726 2433 782 hunc
2458 729 2637 784 solum
2664 740 3008 800 persecutum
3027 734 3482 803 esse;.lovianum
3504 757 3634 799 vero

2064 812 2249 870 denuo
2291 830 2417 870 eum
2468 819 2797 878 restituisse.
2851 821 2976 878 llaec
3018 838 3144 880 cum
3191 827 3471 895 dicerent,
3520 846 3634 889 non

2064 918 2460 976 persuaserunt
2512 910 2814 980 praefecto:
2875 915 3197 973 restiterunt
3249 919 3630 991 nihilominus,

2064 1011 2168 1052 nec
2218 1000 2362 1068 passi
2415 1010 2546 1057 sunt
2604 1005 2714 1058 vim
2734 1012 2749 1015 "
2770 1004 2964 1062 inlerri
3013 1009 3332 1067 Athanasio.
3381 1011 3635 1087 Cumque

2065 1089 2359 1144 multitudo
2388 1093 2533 1163 vulgi
2567 1094 2889 1162 conﬂueret,
2931 1097 3237 1171 ingensque
3272 1105 3541 1164 tumultus
3566 1121 3635 1163 ac

2065 1186 2413 1254 perturbatio
2467 1194 2637 1244 tutam
2697 1191 2885 1247 urbem
2933 1204 3265 1265 occuparet,
3313 1212 3379 1254 ac
3434 1200 3635 1257 seditio

2060 1276 2287 1347 jamjam
2324 1278 2508 1355 futura
2531 1291 2968 1354 exspectaretur,
2995 1287 3286 1358 praefectura
3314 1305 3429 1347 rem
3458 1292 3635 1363 impe-

2064 1371 2235 1435 ratori
2291 1372 2643 1443 signiﬁcavit,
2692 1392 2890 1447 passus
2923 1379 3143 1436 interim
3176 1383 3537 1442 Athanasium
3577 1388 3635 1444 in

2065 1463 2201 1519 urbe
2230 1479 2536 1523 remanere.
2556 1466 2752 1525 Postea
2771 1486 2919 1538 vero,
2949 1474 3134 1531 multis
3161 1475 3273 1545 jam
3299 1478 3502 1552 elapsis
3525 1481 3637 1538 die-

2064 1557 2190 1623 bus,
2223 1571 2352 1612 cum
2388 1560 2588 1616 seditio
2616 1564 2886 1619 exstincta
2917 1580 3041 1621 esse
3091 1567 3384 1638 videretur,
3415 1584 3639 1644 vesper-

2064 1648 2181 1703 tino
2230 1655 2479 1722 tempore
2523 1652 2858 1712 Athanasius
2889 1656 3028 1712 clam
3065 1673 3131 1714 ex
3166 1659 3393 1717 civitate
3420 1663 3637 1734 digres-

1997 1719 2037 1775 Β
2065 1755 2182 1807 sus,
2233 1741 2290 1796 in
2343 1719 2580 1813 quodam
2627 1745 2749 1802 loco
2793 1762 2917 1804 sese
2960 1751 3276 1808 occultavit.
3321 1719 3637 1824 Eademque

2065 1845 2227 1890 nocte
2261 1836 2555 1905 praefectus
2601 1838 2963 1909 Alexandriae,
3005 1851 3060 1899 et
3104 1845 3215 1899 dux
3262 1847 3497 1901 militum
3536 1846 3638 1901 ΑΞ-

2062 1925 2532 1994 gypti,ecclesiam
2567 1927 2622 1982 in
2651 1943 2759 1998 qua
2789 1929 3150 1987 diversorium
3180 1940 3300 1988 erat
3324 1935 3634 2004 Athanasii,

2063 2023 2427 2084 occuparunt.
2471 2018 2538 2071 Et
2574 2033 2698 2073 cum
2731 2020 2884 2075 illum
2921 2022 3145 2093 ubique,
3186 2023 3246 2078 in
3296 2023 3433 2095 ipsis
3471 2029 3636 2103 etiam

2064 2105 2230 2161 tectis
2263 2113 2318 2160 et
2347 2106 2685 2165 culminibus
2733 2110 3212 2181 perquisivissent,
3258 2114 3497 2170 consilio
3530 2130 3638 2171 suo

2063 2196 2314 2253 frustrati
2345 2199 2745 2257 discesserunt.
2783 2201 2874 2259 Sic
2902 2204 3049 2259 enim
3087 2206 3502 2273 existimabant.
3534 2223 3636 2279 po-

2063 2287 2193 2358 pulo
2208 2289 2320 2359 jam
2345 2290 2548 2360 prioris
2573 2292 2864 2351 seditionis
2880 2295 3076 2363 oblito,
3093 2299 3420 2369 cunctisque
3441 2314 3638 2366 somno

2064 2378 2366 2447 oppressis,
2421 2395 2499 2445 se,
2559 2380 2607 2437 si
2663 2382 2927 2454 impetum
2975 2384 3243 2455 lacerent,
3290 2390 3637 2461 imperatoris

2059 2466 2218 2538 jussa
2249 2466 2410 2522 facile
2432 2479 2817 2537 exsecuturos,
2835 2484 2889 2530 et
2915 2476 3105 2532 urbem
3128 2480 3415 2538 seditionis
3441 2498 3638 2554 exper-

2064 2566 2173 2612 tem
2217 2567 2535 2616 servaturos
2567 2576 2710 2618 esse.
2746 2561 2944 2634 Ingens
2968 2576 3147 2636 porro
3176 2569 3470 2626 admiratio
3499 2587 3638 2628 cun-

2063 2657 2184 2705 ctos
2229 2649 2422 2717 subiit,
2462 2652 2610 2722 quod
2654 2653 2990 2711 Athanasius
3034 2657 3291 2714 inventus
3320 2675 3433 2715 non
3467 2670 3637 2718 esset.

2062 2736 2199 2793 Nam
2227 2739 2343 2796 sive
2375 2739 2559 2796 divina
2593 2744 2945 2811 revelatione,
2981 2746 3095 2811 sive
3139 2748 3504 2819 quorumdam
3535 2750 3637 2806 ho-

2065 2832 2272 2887 miuum
2300 2831 2502 2890 indicio
2530 2837 2888 2906 praemonitus
2917 2836 3188 2909 ellugerit,
3222 2848 3515 2913 utrumque
3542 2857 3638 2898 eo-

2064 2919 2189 2975 dem
2220 2919 2437 2976 recidit.
2470 2922 2632 2979 Certe
2666 2934 2725 2979 ut
2756 2927 2881 2996 quis
2911 2933 3023 2982 tam
3057 2941 3363 3001 opportuno
3391 2940 3636 3004 tempore

2068 3026 2410 3082 praenoscere
2456 3012 2688 3071 insidias
2732 3025 2786 3072 et
2828 3031 3023 3074 cavere
3070 3022 3268 3091 possit,
3305 3023 3354 3077 id
3406 3025 3637 3095 majoris

2066 3103 2285 3160 videtur
2318 3120 2442 3161 esse
2481 3106 2856 3177 providentiae,
2887 3124 3052 3180 quam
3086 3126 3209 3182 quae
3255 3112 3417 3187 235
3452 3115 3509 3170 in
3538 3115 3637 3171 ho-

2067 3195 2269 3249 minem
2321 3195 2502 3252 cadat.
2538 3197 2645 3251 Alii
2688 3198 2922 3265 dicunt,
2962 3200 3349 3270 Athanasium,
3391 3218 3515 3260 cum
3552 3206 3636 3263 in-

2065 3284 2376 3338 consultum
2419 3285 2608 3357 populi
2656 3287 2949 3343 tumultum
3002 3291 3366 3360 prmvideret,
3404 3296 3656 3352 veritum’

2066 3389 2137 3430 ne
2182 3376 2448 3430 malorum
2498 3392 2618 3446 quae
2659 3393 2726 3434 ex
2779 3394 2844 3435 eo
2874 3391 3137 3437 eventura
3188 3394 3394 3453 essent,
3444 3396 3639 3444 auctor

2067 3464 2240 3522 fuisse
2266 3468 2563 3532 diceretur,
2613 3478 2728 3525 toto
2767 3471 2877 3526 hoc
2911 3482 3152 3544 tempore
3181 3475 3237 3529 in
3279 3488 3636 3535 monumento

2065 3556 2246 3625 patrio
2297 3558 2603 3613 delituisse.
2644 3559 2710 3614 Et
2747 3562 3081 3618 Athanasius
3127 3563 3349 3635 quidem
3404 3566 3507 3621 hac
3548 3583 3636 3623 ra-

2066 3647 2215 3702 tione
2245 3648 2486 3719 elapsus,
2522 3665 2644 3705 sese
2672 3654 2985 3709 occultavit.
3012 3653 3315 3727 Imperator
3336 3673 3488 3726 vero,
3520 3674 3631 3716 non

2065 3741 2238 3795 multo
2274 3750 2395 3811 post
2443 3742 2667 3813 scripsit
2721 3743 2794 3809 ei,
2843 3752 2904 3799 ut
2959 3748 3179 3815 rediret,
3227 3756 3284 3803 et
3326 3748 3631 3823 Ecclesiam

2065 3846 2220 3888 suam
2263 3833 2548 3902 reciperet.
2598 3833 2867 3890 Caeterum
2922 3838 3177 3924 susp/icor
3207 3837 3490 3898 Valentem
3520 3858 3631 3898 non

2064 3941 2131 3981 ex
2156 3925 2322 3981 animi
2349 3927 2435 3982 sui
2468 3928 2739 3983 sententia
2767 3928 2870 3984 ista
2903 3929 3215 4001 scripsisse,
3248 3934 3343 3989 sed
3374 3934 3458 3989 vel
3481 3936 3629 4006 quod

2065 4026 2407 4074 constantem
2444 4022 2686 4076 omnium
2725 4021 3009 4077 hominum
3057 4024 3521 4081 existimatlonem
3562 4027 3632 4082 de

2063 4108 2268 4165 virtute
2297 4108 2584 4165 Athanasii
2617 4123 2800 4166 secum
2831 4111 2948 4180 ipse
2975 4118 3272 4180 reputaret,
3304 4120 3359 4168 et
3390 4113 3462 4169 ob
3488 4115 3632 4170 hanc

2063 4214 2287 4255 causam
2322 4200 2510 4270 procul
2542 4200 2708 4255 dubio
2735 4198 3178 4256 Valentinianum
3213 4200 3268 4256 id
3294 4204 3521 4261 moleste
3551 4205 3632 4260 la-

2066 4297 2248 4344 turum
2278 4307 2292 4344 :
2327 4288 2646 4359 quippe’qui
2684 4286 2891 4343 Nicaeni
2920 4289 3141 4344 concilii
3171 4288 3477 4347 doctrinam
3511 4307 3630 4348 am-
3693 4300 3706 4315 ‘

2064 4382 2260 4453 plexus
2305 4387 2494 4438 esset:
2548 4380 2632 4437 vel
2665 4381 2809 4452 quod
2844 4381 3249 4438 multitudinem
3294 4397 3483 4440 eorum
3532 4386 3629 4457 qui

2061 4472 2365 4534 Athanasio
2408 4471 2685 4539 favebant,
2720 4472 3060 4538 formidaret,
3100 4487 3169 4529 ne
3204 4474 3335 4546 quid
3370 4475 3428 4531 in
3469 4475 3628 4531 dam-

2063 4582 2196 4622 num
2245 4565 2563 4636 reipublieae
2616 4564 2958 4621 molirentur.
3009 4564 3262 4620 Arbitror
3311 4565 3520 4647 etiam,
3571 4566 3627 4623 id

2061 4658 2209 4730 quod
2239 4656 2537 4713 verisimile
2575 4663 2680 4719 est,
2711 4654 3040 4715 Arianorum
3083 4656 3361 4713 antistites
3406 4672 3517 4712 non
3550 4657 3627 4713 ita

2059 4745 2368 4803 vehementi
2397 4744 2583 4801 studio
2614 4745 2671 4802 in
2702 4744 2854 4801 illum
2893 4745 3237 4804 incubuisse:
3269 4746 3628 4819 pmvideutes

1556 4890 1825 4959 VALESII
1869 4903 2426 4963 ANNOTATIONES.

457 4999 710 5072 (776),!{al
761 4999 1169 5072 προμηθείας-,η
1197 4998 1546 5072 Supplendus
1593 4999 1814 5057 videtur
1858 5001 1951 5057 hic

2062 5017 2144 5060 :us
2187 5003 2245 5058 in
2289 5002 2437 5057 hunc
2499 5001 2727 5058 modum
2796 4999 2891 5055 καὶ
2934 4998 3276 5072 προμηθείας
3317 5000 3560 5071 μείζονος
3590 4998 3625 5068 ἢ

386 5065 528 5125 κατᾶ
550 5065 833 5142 ἄνθρωπον
860 5065 999 5123 εἶναι
1024 5070 1191 5136 δοκεῖ,
1226 5065 1527 5125 νέίὲδόκει.

1789 5221 1881 5278 VA
1890 5221 2098 5280 RIORU
2109 5221 2179 5276 Μ.

461 5324 484 5351 ι’
518 5314 627 5368 Καὶ
657 5315 773 5384 μὲν
791 5306 909 5371 ὦδε
936 5315 1261 5386 διαφυγών.
1301 5315 1507 5386 Fugam
1534 5314 1823 5386 Athanasii
1855 5330 1958 5386 po-

384 5392 671 5451 stremam.
709 5401 832 5439 cum
870 5384 1084 5442 erudito
1112 5384 1229 5439 viro
1260 5384 1500 5439 Antonio
1532 5384 1726 5454 Pagio,
1759 5385 1819 5454 in
1854 5384 1950 5439 an-

385 5470 514 5510 num
546 5453 829 5522 rejieimus
859 5457 1082 5511 circiter
1109 5455 1234 5509 567.
1259 5454 1398 5520 Quia
1432 5453 1645 5509 scilicet
1671 5456 1749 5507 ait
1780 5453 1959 5509 Theo-

384 5524 597 5596 phanes
624 5525 982 5596 Athanasium
1018 5525 1379 5595 quadraginta
1414 5540 1507 5579 sex
1541 5524 1701 5596 annis
1736 5525 1956 5596 episco-

383 5593 496 5664 pali
556 5593 903 5661 perfunctum
964 5593 1225 5659 munere,
1283 5602 1426 5648 totos
1482 5593 1845 5664 quadraginta
1898 5594 1954 5649 in

384 5662 649 5730 periculis
700 5665 1217 5736 calamitatibusque
1264 5673 1563 5730 versatum,
1613 5662 1798 5719 ita’ut
1851 5679 1946 5720 sex

2062 5312 2358 5389 postremis
2386 5313 2565 5389 solum
2588 5317 2727 5389 vitae
2756 5330 2872 5389 sua;
2902 5316 3064 5372 annis
3087 5314 3136 5371 ei
3170 5310 3624 5389 licuerit.alta_.et

2060 5379 2460 5460 imperturbata
2492 5384 2601 5460 frui
2649 5402 2820 5460 pace1
2838 5385 2972 5460 Quae
3014 5397 3147 5460 sane
3186 5379 3448 5460 temporis
3484 5379 3624 5433 ratio

2059 5450 2355 5531 constabit.
2380 5452 2429 5506 si
2463 5450 2766 5531 adannnm
2792 5450 2894 5512 367
2920 5454 3246 5531 ejus_l‘ugarn
3282 5450 3623 5531 {editumque

2058 5513 2427 5579 conferamus.
2468 5524 2713 5595 (Clariss.
2752 5513 3006 5583 monachi
3037 5513 3378 5578 Benedictini
3428 5516 3482 5570 iu
3500 5513 3622 5571 Vita

2058 5596 2341 5657 Athenas"
2370 5606 2490 5665 pag.
2525 5595 2637 5668 85.)
