  <div class='ocr_page' id='page_1' title='image "/cluster/home/n/w/nwhite01/storage/ocr_20150623/67/hvd.32044020707378/670.png"; bbox 0 0 4040 6216; ppageno 0'>
   <div class='ocr_carea' id='block_1_1' title="bbox 330 390 469 443">
    <p class='ocr_par' dir='ltr' id='par_1_1' title="bbox 330 390 469 443">
     <span class='ocr_line' id='line_1_1' title="bbox 330 390 469 443; baseline 0.007 -1"><span class='ocrx_word' id='word_1_1' title='bbox 330 390 469 443; x_wconf 73' lang='grc'><strong>1539</strong></span> 
     </span>
    </p>
   </div>
   <div class='ocr_carea' id='block_1_2' title="bbox 1325 381 2635 440">
    <p class='ocr_par' dir='ltr' id='par_1_2' title="bbox 1325 381 2635 440">
     <span class='ocr_line' id='line_1_2' title="bbox 1325 381 2635 440; baseline -0.003 -1"><span class='ocrx_word' id='word_1_2' title='bbox 1325 384 1647 440; x_wconf 75' lang='lat' dir='ltr'><strong>HISTORIA</strong></span> <span class='ocrx_word' id='word_1_3' title='bbox 1686 381 2232 440; x_wconf 77' lang='lat' dir='ltr'><strong>ECCLESIASTICA.</strong></span> <span class='ocrx_word' id='word_1_4' title='bbox 2274 414 2341 422; x_wconf 88' lang='lat'>—</span> <span class='ocrx_word' id='word_1_5' title='bbox 2380 384 2507 439; x_wconf 84' lang='lat' dir='ltr'><strong>LIB.</strong></span> <span class='ocrx_word' id='word_1_6' title='bbox 2553 384 2635 437; x_wconf 68' lang='grc' dir='ltr'><strong>γι.</strong></span> 
     </span>
    </p>
   </div>
   <div class='ocr_carea' id='block_1_3' title="bbox 3431 388 3568 445">
    <p class='ocr_par' dir='ltr' id='par_1_3' title="bbox 3431 388 3568 445">
     <span class='ocr_line' id='line_1_3' title="bbox 3431 388 3568 445; baseline 0 -1"><span class='ocrx_word' id='word_1_7' title='bbox 3431 388 3568 445; x_wconf 76' lang='lat' dir='ltr'><strong>I330</strong></span> 
     </span>
    </p>
   </div>
   <div class='ocr_carea' id='block_1_4' title="bbox 326 503 1907 575">
    <p class='ocr_par' dir='ltr' id='par_1_4' title="bbox 326 503 1900 575">
     <span class='ocr_line' id='line_1_4' title="bbox 326 503 1900 575; baseline -0.003 -15"><span class='ocrx_word' id='word_1_8' title='bbox 326 507 683 560; x_wconf 69' lang='grc' dir='ltr'><strong>ἐπεϐούλευον</strong></span> <span class='ocrx_word' id='word_1_9' title='bbox 718 508 830 575; x_wconf 81' lang='grc' dir='ltr'><strong>τοῖς</strong></span> <span class='ocrx_word' id='word_1_10' title='bbox 866 507 972 560; x_wconf 84' lang='grc' dir='ltr'><strong>ἀπὸ</strong></span> <span class='ocrx_word' id='word_1_11' title='bbox 1004 507 1102 575; x_wconf 80' lang='grc' dir='ltr'><strong>τῆς</strong></span> <span class='ocrx_word' id='word_1_12' title='bbox 1130 506 1377 569; x_wconf 73' lang='grc' dir='ltr'><strong>ἐναντίας</strong></span> <span class='ocrx_word' id='word_1_13' title='bbox 1398 505 1572 575; x_wconf 75' lang='grc' dir='ltr'><strong>δόξης.</strong></span> <span class='ocrx_word' id='word_1_14' title='bbox 1626 507 1691 561; x_wconf 77' lang='lat' dir='ltr'><strong>Oi</strong></span> <span class='ocrx_word' id='word_1_15' title='bbox 1716 505 1794 570; x_wconf 81' lang='grc' dir='ltr'><strong>δὲ,</strong></span> <span class='ocrx_word' id='word_1_16' title='bbox 1821 503 1900 566; x_wconf 83' lang='grc' dir='ltr'><strong>εἴς</strong></span> 
     </span>
    </p>
   </div>
   <div class='ocr_carea' id='block_1_5' title="bbox 2008 503 3568 575">
    <p class='ocr_par' dir='ltr' id='par_1_5' title="bbox 2008 503 3568 575">
     <span class='ocr_line' id='line_1_5' title="bbox 2008 503 3568 575; baseline 0.004 -20"><span class='ocrx_word' id='word_1_17' title='bbox 2008 504 2353 559; x_wconf 81' lang='lat' dir='ltr'><strong>acerbissime</strong></span> <span class='ocrx_word' id='word_1_18' title='bbox 2406 505 2656 575; x_wconf 84' lang='lat' dir='ltr'><strong>persequi</strong></span> <span class='ocrx_word' id='word_1_19' title='bbox 2712 503 3066 559; x_wconf 84' lang='lat' dir='ltr'><strong>instituerunt</strong></span> <span class='ocrx_word' id='word_1_20' title='bbox 3097 506 3135 558; x_wconf 84' lang='lat'><strong>&#39;.</strong></span> <span class='ocrx_word' id='word_1_21' title='bbox 3172 505 3288 571; x_wconf 62' lang='lat' dir='ltr'><strong>~Qui</strong></span> <span class='ocrx_word' id='word_1_22' title='bbox 3340 520 3462 560; x_wconf 88' lang='lat' dir='ltr'><strong>cum</strong></span> <span class='ocrx_word' id='word_1_23' title='bbox 3514 514 3568 562; x_wconf 80' lang='lat' dir='ltr'><strong>et</strong></span> 
     </span>
    </p>
   </div>
   <div class='ocr_carea' id='block_1_6' title="bbox 325 594 1900 668">
    <p class='ocr_par' dir='ltr' id='par_1_6' title="bbox 325 594 1900 668">
     <span class='ocr_line' id='line_1_6' title="bbox 325 594 1900 668; baseline -0.001 -19"><span class='ocrx_word' id='word_1_24' title='bbox 325 616 384 651; x_wconf 89' lang='grc' dir='ltr'><strong>τε</strong></span> <span class='ocrx_word' id='word_1_25' title='bbox 421 598 580 668; x_wconf 83' lang='grc' dir='ltr'><strong>σῶμα</strong></span> <span class='ocrx_word' id='word_1_26' title='bbox 625 597 993 667; x_wconf 70' lang='grc' dir='ltr'><strong>ὑϐριζόμενοι,</strong></span> <span class='ocrx_word' id='word_1_27' title='bbox 1031 597 1256 668; x_wconf 81' lang='grc' dir='ltr'><strong>ἄρχουσί</strong></span> <span class='ocrx_word' id='word_1_28' title='bbox 1301 615 1358 651; x_wconf 92' lang='grc' dir='ltr'><strong>τε</strong></span> <span class='ocrx_word' id='word_1_29' title='bbox 1385 597 1479 651; x_wconf 74' lang='grc' dir='ltr'><strong>καὶ</strong></span> <span class='ocrx_word' id='word_1_30' title='bbox 1506 594 1900 666; x_wconf 79' lang='grc' dir='ltr'><strong>δεσμωτηρίοις</strong></span> 
     </span>
    </p>
   </div>
   <div class='ocr_carea' id='block_1_7' title="bbox 326 686 1902 761">
    <p class='ocr_par' dir='ltr' id='par_1_7' title="bbox 326 686 1902 761">
     <span class='ocr_line' id='line_1_7' title="bbox 326 686 1902 761; baseline -0.001 -19"><span class='ocrx_word' id='word_1_31' title='bbox 326 689 766 761; x_wconf 83' lang='grc' dir='ltr'><strong>παραδιδόμενοι,</strong></span> <span class='ocrx_word' id='word_1_32' title='bbox 806 688 1023 751; x_wconf 77' lang='grc' dir='ltr'><strong>καὶτὰς</strong></span> <span class='ocrx_word' id='word_1_33' title='bbox 1060 690 1246 752; x_wconf 90' lang='grc' dir='ltr'><strong>οὑσίας</strong></span> <span class='ocrx_word' id='word_1_34' title='bbox 1295 692 1415 743; x_wconf 82' lang='grc' dir='ltr'><strong>κατ’</strong></span> <span class='ocrx_word' id='word_1_35' title='bbox 1450 689 1627 756; x_wconf 83' lang='grc' dir='ltr'><strong>ὀλίγον</strong></span> <span class='ocrx_word' id='word_1_36' title='bbox 1648 686 1902 741; x_wconf 83' lang='grc' dir='ltr'><strong>δαπανώ-</strong></span> 
     </span>
    </p>
   </div>
   <div class='ocr_carea' id='block_1_8' title="bbox 328 778 1898 851">
    <p class='ocr_par' dir='ltr' id='par_1_8' title="bbox 328 778 1898 851">
     <span class='ocr_line' id='line_1_8' title="bbox 328 778 1898 851; baseline -0.003 -16"><span class='ocrx_word' id='word_1_37' title='bbox 328 799 479 851; x_wconf 84' lang='grc' dir='ltr'><strong>μενοι</strong></span> <span class='ocrx_word' id='word_1_38' title='bbox 524 783 644 843; x_wconf 86' lang='grc' dir='ltr'><strong>ταῖς</strong></span> <span class='ocrx_word' id='word_1_39' title='bbox 682 780 892 833; x_wconf 75' lang='grc' dir='ltr'><strong>ἐνθένδε</strong></span> <span class='ocrx_word' id='word_1_40' title='bbox 934 780 1142 850; x_wconf 84' lang='grc' dir='ltr'><strong>συχνῶς</strong></span> <span class='ocrx_word' id='word_1_41' title='bbox 1183 781 1606 851; x_wconf 76' lang='grc' dir='ltr'><strong>συμϐαινούσαις</strong></span> <span class='ocrx_word' id='word_1_42' title='bbox 1650 778 1898 849; x_wconf 75' lang='grc' dir='ltr'><strong>ζημίαις,</strong></span> 
     </span>
    </p>
   </div>
   <div class='ocr_carea' id='block_1_9' title="bbox 324 870 1901 942">
    <p class='ocr_par' dir='ltr' id='par_1_9' title="bbox 324 870 1901 942">
     <span class='ocr_line' id='line_1_9' title="bbox 324 870 1901 942; baseline -0.002 -17"><span class='ocrx_word' id='word_1_43' title='bbox 324 874 567 940; x_wconf 78' lang='grc' dir='ltr'>ἔγνωσαν</span> <span class='ocrx_word' id='word_1_44' title='bbox 594 871 851 941; x_wconf 85' lang='grc' dir='ltr'><strong>δεηθῆναι</strong></span> <span class='ocrx_word' id='word_1_45' title='bbox 879 872 973 926; x_wconf 83' lang='grc' dir='ltr'><strong>τοῦ</strong></span> <span class='ocrx_word' id='word_1_46' title='bbox 1014 872 1299 942; x_wconf 80' lang='grc' dir='ltr'><strong>βασιλέως,</strong></span> <span class='ocrx_word' id='word_1_47' title='bbox 1330 872 1476 936; x_wconf 84' lang='grc' dir='ltr'><strong>ὅπως</strong></span> <span class='ocrx_word' id='word_1_48' title='bbox 1508 870 1631 929; x_wconf 72' lang='grc' dir='ltr'><strong>τινὰ</strong></span> <span class='ocrx_word' id='word_1_49' title='bbox 1656 870 1765 925; x_wconf 83' lang='grc' dir='ltr'><strong>τῶν</strong></span> <span class='ocrx_word' id='word_1_50' title='bbox 1791 870 1901 923; x_wconf 80' lang='grc' dir='ltr'><strong>δει-</strong></span> 
     </span>
    </p>
   </div>
   <div class='ocr_carea' id='block_1_10' title="bbox 324 960 1900 1035">
    <p class='ocr_par' dir='ltr' id='par_1_10' title="bbox 324 960 1900 1035">
     <span class='ocr_line' id='line_1_10' title="bbox 324 960 1900 1035; baseline -0.001 -19"><span class='ocrx_word' id='word_1_51' title='bbox 324 964 428 1017; x_wconf 79' lang='grc' dir='ltr'><strong>νῶν</strong></span> <span class='ocrx_word' id='word_1_52' title='bbox 455 963 667 1035; x_wconf 75' lang='grc' dir='ltr'>εὕροιεν</span> <span class='ocrx_word' id='word_1_53' title='bbox 692 962 1030 1033; x_wconf 82' lang='grc' dir='ltr'><strong>ἀπαλλαγήν.</strong></span> <span class='ocrx_word' id='word_1_54' title='bbox 1066 965 1176 1017; x_wconf 80' lang='grc' dir='ltr'><strong>Καὶ</strong></span> <span class='ocrx_word' id='word_1_55' title='bbox 1205 962 1691 1032; x_wconf 68' lang='grc' dir='ltr'><strong>ἐκκλησιαστικοὺς</strong></span> <span class='ocrx_word' id='word_1_56' title='bbox 1712 960 1900 1032; x_wconf 75' lang='grc' dir='ltr'><strong>ὀγδοή-</strong></span> 
     </span>
    </p>
   </div>
   <div class='ocr_carea' id='block_1_11' title="bbox 325 1046 1901 1125">
    <p class='ocr_par' dir='ltr' id='par_1_11' title="bbox 325 1046 1901 1125">
     <span class='ocr_line' id='line_1_11' title="bbox 325 1046 1901 1125; baseline 0.001 -18"><span class='ocrx_word' id='word_1_57' title='bbox 325 1071 487 1107; x_wconf 82' lang='grc' dir='ltr'><strong>κοντα</strong></span> <span class='ocrx_word' id='word_1_58' title='bbox 514 1053 712 1125; x_wconf 75' lang='grc' dir='ltr'><strong>ἄνδρας</strong></span> <span class='ocrx_word' id='word_1_59' title='bbox 733 1054 1000 1106; x_wconf 77' lang='grc' dir='ltr'><strong>ἐπὶτοῦτο</strong></span> <span class='ocrx_word' id='word_1_60' title='bbox 1024 1053 1247 1116; x_wconf 83' lang='grc' dir='ltr'><strong>εἴλοντο,</strong></span> <span class='ocrx_word' id='word_1_61' title='bbox 1270 1046 1346 1107; x_wconf 80' lang='grc' dir='ltr'><strong>ὧν</strong></span> <span class='ocrx_word' id='word_1_62' title='bbox 1368 1053 1599 1124; x_wconf 78' lang='grc' dir='ltr'><strong>ἡγοῦντο</strong></span> <span class='ocrx_word' id='word_1_63' title='bbox 1625 1052 1901 1123; x_wconf 76' lang='grc' dir='ltr'><strong>Οὐρϐανὸς</strong></span> 
     </span>
    </p>
   </div>
   <div class='ocr_carea' id='block_1_12' title="bbox 326 1144 1900 1219">
    <p class='ocr_par' dir='ltr' id='par_1_12' title="bbox 326 1144 1900 1219">
     <span class='ocr_line' id='line_1_12' title="bbox 326 1144 1900 1219; baseline 0 -22"><span class='ocrx_word' id='word_1_64' title='bbox 326 1146 419 1197; x_wconf 76' lang='grc' dir='ltr'><strong>καὶ</strong></span> <span class='ocrx_word' id='word_1_65' title='bbox 442 1144 717 1215; x_wconf 77' lang='grc' dir='ltr'><strong>θεόδωρος</strong></span> <span class='ocrx_word' id='word_1_66' title='bbox 746 1144 840 1198; x_wconf 75' lang='grc' dir='ltr'><strong>καὶ</strong></span> <span class='ocrx_word' id='word_1_67' title='bbox 867 1144 1202 1214; x_wconf 73' lang='grc' dir='ltr'><strong>Μενέδημος.</strong></span> <span class='ocrx_word' id='word_1_68' title='bbox 1239 1145 1328 1208; x_wconf 83' lang='grc' dir='ltr'><strong>Ὧς</strong></span> <span class='ocrx_word' id='word_1_69' title='bbox 1350 1144 1408 1198; x_wconf 72' lang='grc' dir='ltr'><strong>δὲ</strong></span> <span class='ocrx_word' id='word_1_70' title='bbox 1433 1146 1511 1207; x_wconf 87' lang='grc' dir='ltr'><strong>είς</strong></span> <span class='ocrx_word' id='word_1_71' title='bbox 1532 1144 1900 1219; x_wconf 72' lang='grc' dir='ltr'><strong>Νικομήδειαν</strong></span> 
     </span>
    </p>
   </div>
   <div class='ocr_carea' id='block_1_13' title="bbox 322 1234 1900 1305">
    <p class='ocr_par' dir='ltr' id='par_1_13' title="bbox 322 1234 1900 1305">
     <span class='ocr_line' id='line_1_13' title="bbox 322 1234 1900 1305; baseline -0.001 -16"><span class='ocrx_word' id='word_1_72' title='bbox 322 1234 600 1305; x_wconf 81' lang='grc' dir='ltr'><strong>ἀφίκοντο,</strong></span> <span class='ocrx_word' id='word_1_73' title='bbox 651 1234 855 1303; x_wconf 82' lang='grc' dir='ltr'><strong>βιϐλίον</strong></span> <span class='ocrx_word' id='word_1_74' title='bbox 894 1235 1173 1288; x_wconf 73' lang='grc' dir='ltr'><strong>ἐπέδωκαν</strong></span> <span class='ocrx_word' id='word_1_75' title='bbox 1221 1234 1290 1287; x_wconf 81' lang='grc' dir='ltr'><strong>τά</strong></span> <span class='ocrx_word' id='word_1_76' title='bbox 1330 1235 1448 1288; x_wconf 78' lang='grc' dir='ltr'><strong>κατ’</strong></span> <span class='ocrx_word' id='word_1_77' title='bbox 1470 1236 1667 1298; x_wconf 74' lang='grc' dir='ltr'><strong>αὑτοὺς</strong></span> <span class='ocrx_word' id='word_1_78' title='bbox 1694 1234 1900 1305; x_wconf 82' lang='grc' dir='ltr'><strong>ἐγγρά-</strong></span> 
     </span>
    </p>
   </div>
   <div class='ocr_carea' id='block_1_14' title="bbox 323 1324 1900 1399">
    <p class='ocr_par' dir='ltr' id='par_1_14' title="bbox 323 1324 1900 1399">
     <span class='ocr_line' id='line_1_14' title="bbox 323 1324 1900 1399; baseline -0.003 -17"><span class='ocrx_word' id='word_1_79' title='bbox 323 1332 542 1399; x_wconf 75' lang='grc' dir='ltr'><strong>ψαντες.</strong></span> <span class='ocrx_word' id='word_1_80' title='bbox 603 1328 662 1382; x_wconf 88' lang='lat'><strong>&#39;0</strong></span> <span class='ocrx_word' id='word_1_81' title='bbox 693 1328 771 1390; x_wconf 83' lang='grc' dir='ltr'><strong>δὲ,</strong></span> <span class='ocrx_word' id='word_1_82' title='bbox 801 1327 1003 1395; x_wconf 84' lang='grc' dir='ltr'><strong>σφόδρα</strong></span> <span class='ocrx_word' id='word_1_83' title='bbox 1031 1325 1319 1395; x_wconf 76' lang='grc' dir='ltr'><strong>θυμωθεὶς,</strong></span> <span class='ocrx_word' id='word_1_84' title='bbox 1366 1326 1489 1378; x_wconf 84' lang='grc' dir='ltr'><strong>ὅσον</strong></span> <span class='ocrx_word' id='word_1_85' title='bbox 1523 1324 1769 1395; x_wconf 74' lang='grc' dir='ltr'><strong>ὠργίσθη</strong></span> <span class='ocrx_word' id='word_1_86' title='bbox 1798 1325 1900 1378; x_wconf 88' lang='grc' dir='ltr'><strong>οὑκ</strong></span> 
     </span>
    </p>
   </div>
   <div class='ocr_carea' id='block_1_15' title="bbox 324 1413 1900 1488">
    <p class='ocr_par' dir='ltr' id='par_1_15' title="bbox 324 1413 1900 1488">
     <span class='ocr_line' id='line_1_15' title="bbox 324 1413 1900 1488; baseline -0.003 -16"><span class='ocrx_word' id='word_1_87' title='bbox 324 1420 541 1488; x_wconf 85' lang='grc' dir='ltr'><strong>ἐγένετο</strong></span> <span class='ocrx_word' id='word_1_88' title='bbox 559 1418 716 1487; x_wconf 84' lang='grc' dir='ltr'><strong>δῆλος</strong></span> <span class='ocrx_word' id='word_1_89' title='bbox 730 1434 743 1447; x_wconf 90' lang='grc'><strong>·</strong></span> <span class='ocrx_word' id='word_1_90' title='bbox 777 1417 948 1487; x_wconf 81' lang='grc' dir='ltr'><strong>λάθρα</strong></span> <span class='ocrx_word' id='word_1_91' title='bbox 966 1417 1029 1470; x_wconf 77' lang='grc' dir='ltr'><strong>δέ</strong></span> <span class='ocrx_word' id='word_1_92' title='bbox 1046 1415 1276 1486; x_wconf 78' lang='grc' dir='ltr'><strong>ὑπάρχῳ</strong></span> <span class='ocrx_word' id='word_1_93' title='bbox 1297 1413 1596 1484; x_wconf 80' lang='grc' dir='ltr'><strong>προσέταξε</strong></span> <span class='ocrx_word' id='word_1_94' title='bbox 1617 1413 1900 1468; x_wconf 73' lang='grc' dir='ltr'><strong>συλλαϐεῖν</strong></span> 
     </span>
    </p>
   </div>
   <div class='ocr_carea' id='block_1_16' title="bbox 322 1505 1895 1579">
    <p class='ocr_par' dir='ltr' id='par_1_16' title="bbox 322 1505 1895 1579">
     <span class='ocr_line' id='line_1_16' title="bbox 322 1505 1895 1579; baseline -0.003 -15"><span class='ocrx_word' id='word_1_95' title='bbox 322 1512 518 1573; x_wconf 79' lang='grc' dir='ltr'><strong>αὐτοὺς</strong></span> <span class='ocrx_word' id='word_1_96' title='bbox 546 1509 641 1562; x_wconf 77' lang='grc' dir='ltr'><strong>καὶ</strong></span> <span class='ocrx_word' id='word_1_97' title='bbox 664 1508 892 1566; x_wconf 81' lang='grc' dir='ltr'><strong>ἀνελεῖν.</strong></span> <span class='ocrx_word' id='word_1_98' title='bbox 959 1509 1019 1561; x_wconf 87' lang='lat'><strong>&#39;0</strong></span> <span class='ocrx_word' id='word_1_99' title='bbox 1055 1507 1112 1561; x_wconf 84' lang='grc' dir='ltr'><strong>δὲ</strong></span> <span class='ocrx_word' id='word_1_100' title='bbox 1155 1507 1403 1579; x_wconf 77' lang='grc' dir='ltr'><strong>ὕπαρχος</strong></span> <span class='ocrx_word' id='word_1_101' title='bbox 1444 1505 1624 1568; x_wconf 82' lang='grc' dir='ltr'><strong>δείσας</strong></span> <span class='ocrx_word' id='word_1_102' title='bbox 1662 1508 1737 1579; x_wconf 75' lang='grc' dir='ltr'><strong>μὴ</strong></span> <span class='ocrx_word' id='word_1_103' title='bbox 1767 1523 1895 1560; x_wconf 81' lang='grc' dir='ltr'><strong>στα-</strong></span> 
     </span>
    </p>
   </div>
   <div class='ocr_carea' id='block_1_17' title="bbox 324 1595 1899 1670">
    <p class='ocr_par' dir='ltr' id='par_1_17' title="bbox 324 1595 1899 1670">
     <span class='ocr_line' id='line_1_17' title="bbox 324 1595 1899 1670; baseline -0.003 -17"><span class='ocrx_word' id='word_1_104' title='bbox 324 1602 490 1670; x_wconf 85' lang='grc' dir='ltr'><strong>σιάσῃ</strong></span> <span class='ocrx_word' id='word_1_105' title='bbox 521 1600 582 1652; x_wconf 82' lang='grc' dir='ltr'><strong>τὸ</strong></span> <span class='ocrx_word' id='word_1_106' title='bbox 608 1599 831 1670; x_wconf 81' lang='grc' dir='ltr'><strong>πλῆθος,</strong></span> <span class='ocrx_word' id='word_1_107' title='bbox 854 1597 1121 1651; x_wconf 83' lang='grc' dir='ltr'><strong>τοσούτων</strong></span> <span class='ocrx_word' id='word_1_108' title='bbox 1143 1596 1388 1650; x_wconf 77' lang='grc' dir='ltr'><strong>εύλαϐὼν</strong></span> <span class='ocrx_word' id='word_1_109' title='bbox 1424 1595 1633 1667; x_wconf 84' lang='grc' dir='ltr'><strong>ἀνδρῶν</strong></span> <span class='ocrx_word' id='word_1_110' title='bbox 1665 1597 1760 1649; x_wconf 76' lang='grc' dir='ltr'><strong>καὶ</strong></span> <span class='ocrx_word' id='word_1_111' title='bbox 1795 1611 1899 1667; x_wconf 88' lang='grc' dir='ltr'><strong>μη-</strong></span> 
     </span>
    </p>
   </div>
   <div class='ocr_carea' id='block_1_18' title="bbox 321 1678 1899 1762">
    <p class='ocr_par' dir='ltr' id='par_1_18' title="bbox 321 1678 1899 1762">
     <span class='ocr_line' id='line_1_18' title="bbox 321 1678 1899 1762; baseline -0.001 -17"><span class='ocrx_word' id='word_1_112' title='bbox 321 1693 410 1745; x_wconf 72' lang='grc' dir='ltr'><strong>δὲν</strong></span> <span class='ocrx_word' id='word_1_113' title='bbox 439 1692 775 1762; x_wconf 82' lang='grc' dir='ltr'><strong>ἠδικηκότων</strong></span> <span class='ocrx_word' id='word_1_114' title='bbox 806 1690 1132 1761; x_wconf 82' lang='grc' dir='ltr'><strong>παραλόγως</strong></span> <span class='ocrx_word' id='word_1_115' title='bbox 1162 1678 1574 1760; x_wconf 71' lang='grc' dir='ltr'><strong>ἀναιρουμένων</strong></span> <span class='ocrx_word' id='word_1_116' title='bbox 1602 1728 1617 1753; x_wconf 91' lang='lat'><strong>,</strong></span> <span class='ocrx_word' id='word_1_117' title='bbox 1664 1688 1899 1743; x_wconf 85' lang='grc' dir='ltr'><strong>πλάττε-</strong></span> 
     </span>
    </p>
   </div>
   <div class='ocr_carea' id='block_1_19' title="bbox 321 1780 1899 1852">
    <p class='ocr_par' dir='ltr' id='par_1_19' title="bbox 321 1780 1899 1852">
     <span class='ocr_line' id='line_1_19' title="bbox 321 1780 1899 1852; baseline 0.001 -18"><span class='ocrx_word' id='word_1_118' title='bbox 321 1799 411 1836; x_wconf 84' lang='grc' dir='ltr'><strong>ται</strong></span> <span class='ocrx_word' id='word_1_119' title='bbox 437 1781 816 1851; x_wconf 76' lang='grc' dir='ltr'><strong>καταδικάζειν</strong></span> <span class='ocrx_word' id='word_1_120' title='bbox 845 1780 1023 1834; x_wconf 85' lang='grc' dir='ltr'><strong>αὑτῶν</strong></span> <span class='ocrx_word' id='word_1_121' title='bbox 1064 1782 1361 1852; x_wconf 81' lang='grc' dir='ltr'><strong>ὑπερορίαν</strong></span> <span class='ocrx_word' id='word_1_122' title='bbox 1403 1780 1602 1851; x_wconf 81' lang='grc' dir='ltr'><strong>φυγήν.</strong></span> <span class='ocrx_word' id='word_1_123' title='bbox 1671 1781 1761 1845; x_wconf 83' lang='grc' dir='ltr'><strong>Ὠς</strong></span> <span class='ocrx_word' id='word_1_124' title='bbox 1806 1783 1899 1835; x_wconf 81' lang='grc' dir='ltr'><strong>ἐπὶ</strong></span> 
     </span>
    </p>
   </div>
   <div class='ocr_carea' id='block_1_20' title="bbox 2001 596 3568 666">
    <p class='ocr_par' dir='ltr' id='par_1_20' title="bbox 2001 596 3568 666">
     <span class='ocr_line' id='line_1_20' title="bbox 2001 596 3568 666; baseline -0.001 -14"><span class='ocrx_word' id='word_1_125' title='bbox 2001 597 2280 655; x_wconf 86' lang='lat' dir='ltr'><strong>cruciatus</strong></span> <span class='ocrx_word' id='word_1_126' title='bbox 2328 598 2578 666; x_wconf 85' lang='lat' dir='ltr'><strong>corporis</strong></span> <span class='ocrx_word' id='word_1_127' title='bbox 2629 596 3004 662; x_wconf 80' lang='lat' dir='ltr'><strong>sustinerent,</strong></span> <span class='ocrx_word' id='word_1_128' title='bbox 3058 604 3112 651; x_wconf 91' lang='lat' dir='ltr'><strong>et</strong></span> <span class='ocrx_word' id='word_1_129' title='bbox 3158 597 3225 651; x_wconf 93' lang='lat' dir='ltr'><strong>ad</strong></span> <span class='ocrx_word' id='word_1_130' title='bbox 3277 598 3568 666; x_wconf 69' lang='lat' dir='ltr'><strong>praesidum</strong></span> 
     </span>
    </p>
   </div>
   <div class='ocr_carea' id='block_1_21' title="bbox 2000 687 3571 755">
    <p class='ocr_par' dir='ltr' id='par_1_21' title="bbox 2000 687 3571 755">
     <span class='ocr_line' id='line_1_21' title="bbox 2000 687 3571 755; baseline 0 -13"><span class='ocrx_word' id='word_1_131' title='bbox 2000 688 2296 747; x_wconf 81' lang='lat' dir='ltr'><strong>tribunalia</strong></span> <span class='ocrx_word' id='word_1_132' title='bbox 2348 699 2403 743; x_wconf 90' lang='lat' dir='ltr'><strong>et</strong></span> <span class='ocrx_word' id='word_1_133' title='bbox 2448 704 2700 755; x_wconf 81' lang='lat' dir='ltr'><strong>carceres</strong></span> <span class='ocrx_word' id='word_1_134' title='bbox 2749 690 3118 750; x_wconf 82' lang='lat' dir='ltr'><strong>traherentur,</strong></span> <span class='ocrx_word' id='word_1_135' title='bbox 3172 696 3227 741; x_wconf 92' lang='lat' dir='ltr'><strong>et</strong></span> <span class='ocrx_word' id='word_1_136' title='bbox 3269 688 3341 742; x_wconf 87' lang='lat' dir='ltr'><strong>ob</strong></span> <span class='ocrx_word' id='word_1_137' title='bbox 3377 687 3571 742; x_wconf 76' lang='lat' dir='ltr'><strong>crebra</strong></span> 
     </span>
    </p>
   </div>
   <div class='ocr_carea' id='block_1_22' title="bbox 1999 778 3570 849">
    <p class='ocr_par' dir='ltr' id='par_1_22' title="bbox 1999 778 3570 849">
     <span class='ocr_line' id='line_1_22' title="bbox 1999 778 3570 849; baseline 0.001 -15"><span class='ocrx_word' id='word_1_138' title='bbox 1999 794 2122 849; x_wconf 69' lang='lat' dir='ltr'><strong>qua:</strong></span> <span class='ocrx_word' id='word_1_139' title='bbox 2152 780 2276 837; x_wconf 86' lang='lat' dir='ltr'><strong>inde</strong></span> <span class='ocrx_word' id='word_1_140' title='bbox 2314 779 2448 849; x_wconf 79' lang='lat' dir='ltr'><strong>ipsis</strong></span> <span class='ocrx_word' id='word_1_141' title='bbox 2478 780 2803 843; x_wconf 82' lang='lat' dir='ltr'><strong>eveniebant</strong></span> <span class='ocrx_word' id='word_1_142' title='bbox 2829 778 3051 842; x_wconf 82' lang='lat' dir='ltr'><strong>damna,</strong></span> <span class='ocrx_word' id='word_1_143' title='bbox 3071 778 3425 849; x_wconf 78' lang='lat' dir='ltr'><strong>facultatibus</strong></span> <span class='ocrx_word' id='word_1_144' title='bbox 3451 780 3570 835; x_wconf 88' lang='lat' dir='ltr'><strong>suis</strong></span> 
     </span>
    </p>
   </div>
   <div class='ocr_carea' id='block_1_23' title="bbox 2002 869 3570 941">
    <p class='ocr_par' dir='ltr' id='par_1_23' title="bbox 2002 869 3570 941">
     <span class='ocr_line' id='line_1_23' title="bbox 2002 869 3570 941; baseline -0.002 -14"><span class='ocrx_word' id='word_1_145' title='bbox 2002 870 2260 939; x_wconf 67' lang='lat' dir='ltr'><strong>paulatim</strong></span> <span class='ocrx_word' id='word_1_146' title='bbox 2296 869 2655 936; x_wconf 78' lang='lat' dir='ltr'><strong>nudarentur,</strong></span> <span class='ocrx_word' id='word_1_147' title='bbox 2686 870 3011 939; x_wconf 79' lang='lat' dir='ltr'><strong>imperatori</strong></span> <span class='ocrx_word' id='word_1_148' title='bbox 3037 870 3349 941; x_wconf 82' lang='lat' dir='ltr'><strong>supplicare</strong></span> <span class='ocrx_word' id='word_1_149' title='bbox 3376 870 3570 929; x_wconf 76' lang='lat' dir='ltr'><strong>decre—</strong></span> 
     </span>
    </p>
   </div>
   <div class='ocr_carea' id='block_1_24' title="bbox 1999 962 3566 1032">
    <p class='ocr_par' dir='ltr' id='par_1_24' title="bbox 1999 962 3566 1032">
     <span class='ocr_line' id='line_1_24' title="bbox 1999 962 3566 1032; baseline 0 -15"><span class='ocrx_word' id='word_1_150' title='bbox 1999 971 2217 1028; x_wconf 77' lang='lat' dir='ltr'><strong>verunt,</strong></span> <span class='ocrx_word' id='word_1_151' title='bbox 2253 972 2312 1019; x_wconf 91' lang='grc' dir='ltr'><strong>ιιι</strong></span> <span class='ocrx_word' id='word_1_152' title='bbox 2358 963 2445 1018; x_wconf 85' lang='lat' dir='ltr'><strong>his</strong></span> <span class='ocrx_word' id='word_1_153' title='bbox 2475 964 2882 1025; x_wconf 78' lang='lat' dir='ltr'><strong>calamitatibus</strong></span> <span class='ocrx_word' id='word_1_154' title='bbox 2916 963 3099 1032; x_wconf 82' lang='lat' dir='ltr'><strong>aliqua</strong></span> <span class='ocrx_word' id='word_1_155' title='bbox 3136 978 3199 1017; x_wconf 82' lang='lat' dir='ltr'><strong>ex</strong></span> <span class='ocrx_word' id='word_1_156' title='bbox 3244 969 3402 1032; x_wconf 84' lang='lat' dir='ltr'><strong>parte</strong></span> <span class='ocrx_word' id='word_1_157' title='bbox 3429 962 3566 1021; x_wconf 89' lang='lat' dir='ltr'><strong>libe-</strong></span> 
     </span>
    </p>
   </div>
   <div class='ocr_carea' id='block_1_25' title="bbox 2003 1052 3569 1124">
    <p class='ocr_par' dir='ltr' id='par_1_25' title="bbox 2003 1052 3569 1124">
     <span class='ocr_line' id='line_1_25' title="bbox 2003 1052 3569 1124; baseline -0.002 -16"><span class='ocrx_word' id='word_1_158' title='bbox 2003 1062 2273 1109; x_wconf 78' lang='lat' dir='ltr'><strong>rarentur.</strong></span> <span class='ocrx_word' id='word_1_159' title='bbox 2302 1052 2480 1123; x_wconf 73' lang='lat' dir='ltr'><strong>Hujus</strong></span> <span class='ocrx_word' id='word_1_160' title='bbox 2509 1056 2587 1111; x_wconf 96' lang='lat' dir='ltr'><strong>rei</strong></span> <span class='ocrx_word' id='word_1_161' title='bbox 2616 1068 2785 1111; x_wconf 80' lang='lat' dir='ltr'><strong>causa</strong></span> <span class='ocrx_word' id='word_1_162' title='bbox 2819 1055 3098 1124; x_wconf 76' lang='lat' dir='ltr'><strong>octoginta</strong></span> <span class='ocrx_word' id='word_1_163' title='bbox 3126 1053 3274 1111; x_wconf 77' lang='lat' dir='ltr'><strong>viros</strong></span> <span class='ocrx_word' id='word_1_164' title='bbox 3311 1053 3569 1109; x_wconf 73' lang='lat' dir='ltr'><strong>ecclesia-</strong></span> 
     </span>
    </p>
   </div>
   <div class='ocr_carea' id='block_1_26' title="bbox 2001 1144 3569 1217">
    <p class='ocr_par' dir='ltr' id='par_1_26' title="bbox 2001 1144 3569 1217">
     <span class='ocr_line' id='line_1_26' title="bbox 2001 1144 3569 1217; baseline 0.001 -16"><span class='ocrx_word' id='word_1_165' title='bbox 2001 1146 2172 1201; x_wconf 87' lang='lat' dir='ltr'><strong>sticos</strong></span> <span class='ocrx_word' id='word_1_166' title='bbox 2206 1145 2546 1216; x_wconf 76' lang='lat' dir='ltr'><strong>delegerunt,</strong></span> <span class='ocrx_word' id='word_1_167' title='bbox 2578 1146 2719 1211; x_wconf 82' lang='lat' dir='ltr'><strong>inter</strong></span> <span class='ocrx_word' id='word_1_168' title='bbox 2749 1160 2887 1217; x_wconf 79' lang='lat' dir='ltr'><strong>quos</strong></span> <span class='ocrx_word' id='word_1_169' title='bbox 2937 1146 3211 1210; x_wconf 83' lang='lat' dir='ltr'><strong>Urbanus,</strong></span> <span class='ocrx_word' id='word_1_170' title='bbox 3244 1144 3569 1202; x_wconf 79' lang='lat' dir='ltr'><strong>Theodorus</strong></span> 
     </span>
    </p>
   </div>
   <div class='ocr_carea' id='block_1_27' title="bbox 2002 1234 3566 1305">
    <p class='ocr_par' dir='ltr' id='par_1_27' title="bbox 2002 1234 3566 1305">
     <span class='ocr_line' id='line_1_27' title="bbox 2002 1234 3566 1305; baseline 0.001 -15"><span class='ocrx_word' id='word_1_171' title='bbox 2002 1250 2068 1291; x_wconf 80' lang='lat' dir='ltr'><strong>ac</strong></span> <span class='ocrx_word' id='word_1_172' title='bbox 2120 1234 2472 1295; x_wconf 76' lang='lat' dir='ltr'><strong>Menedemus</strong></span> <span class='ocrx_word' id='word_1_173' title='bbox 2507 1236 2806 1305; x_wconf 80' lang='lat' dir='ltr'><strong>principem</strong></span> <span class='ocrx_word' id='word_1_174' title='bbox 2852 1236 3028 1297; x_wconf 73' lang='lat' dir='ltr'><strong>laeum</strong></span> <span class='ocrx_word' id='word_1_175' title='bbox 3066 1235 3407 1297; x_wconf 80' lang='lat' dir='ltr'><strong>obtinebant.</strong></span> <span class='ocrx_word' id='word_1_176' title='bbox 3461 1236 3566 1302; x_wconf 77' lang='lat' dir='ltr'><strong>Qui</strong></span> 
     </span>
    </p>
   </div>
   <div class='ocr_carea' id='block_1_28' title="bbox 2003 1318 3567 1392">
    <p class='ocr_par' dir='ltr' id='par_1_28' title="bbox 2003 1318 3567 1392">
     <span class='ocr_line' id='line_1_28' title="bbox 2003 1318 3567 1392; baseline 0.001 -9"><span class='ocrx_word' id='word_1_177' title='bbox 2003 1343 2126 1384; x_wconf 78' lang='lat' dir='ltr'><strong>uuln</strong></span> <span class='ocrx_word' id='word_1_178' title='bbox 2162 1326 2530 1385; x_wconf 74' lang='lat' dir='ltr'><strong>Nicomediam</strong></span> <span class='ocrx_word' id='word_1_179' title='bbox 2571 1327 2886 1392; x_wconf 82' lang='lat' dir='ltr'><strong>venissent,</strong></span> <span class='ocrx_word' id='word_1_180' title='bbox 2928 1328 3168 1382; x_wconf 84' lang='lat' dir='ltr'><strong>libellum</strong></span> <span class='ocrx_word' id='word_1_181' title='bbox 3208 1318 3421 1383; x_wconf 64' lang='lat' dir='ltr'><strong>Valenti</strong></span> <span class='ocrx_word' id='word_1_182' title='bbox 3468 1329 3567 1385; x_wconf 53' lang='lat' dir='ltr'><strong>ob.</strong></span> 
     </span>
    </p>
   </div>
   <div class='ocr_carea' id='block_1_29' title="bbox 2004 1410 3565 1490">
    <p class='ocr_par' dir='ltr' id='par_1_29' title="bbox 2004 1410 3565 1490">
     <span class='ocr_line' id='line_1_29' title="bbox 2004 1410 3565 1490; baseline -0.001 -16"><span class='ocrx_word' id='word_1_183' title='bbox 2004 1419 2266 1485; x_wconf 85' lang='lat' dir='ltr'><strong>tulerunt,</strong></span> <span class='ocrx_word' id='word_1_184' title='bbox 2309 1420 2362 1475; x_wconf 90' lang='lat' dir='ltr'><strong>in</strong></span> <span class='ocrx_word' id='word_1_185' title='bbox 2393 1435 2503 1489; x_wconf 87' lang='lat' dir='ltr'><strong>quo</strong></span> <span class='ocrx_word' id='word_1_186' title='bbox 2538 1435 2599 1475; x_wconf 91' lang='lat' dir='ltr'><strong>ea</strong></span> <span class='ocrx_word' id='word_1_187' title='bbox 2633 1418 3066 1488; x_wconf 80' lang='lat' dir='ltr'><strong>perscripseram</strong></span> <span class='ocrx_word' id='word_1_188' title='bbox 3096 1434 3217 1490; x_wconf 65' lang='lat' dir='ltr'><strong>quae</strong></span> <span class='ocrx_word' id='word_1_189' title='bbox 3246 1421 3313 1474; x_wconf 92' lang='lat' dir='ltr'><strong>ad</strong></span> <span class='ocrx_word' id='word_1_190' title='bbox 3344 1410 3565 1477; x_wconf 76' lang='lat' dir='ltr'><strong>causam</strong></span> 
     </span>
    </p>
   </div>
   <div class='ocr_carea' id='block_1_30' title="bbox 2001 1510 3566 1581">
    <p class='ocr_par' dir='ltr' id='par_1_30' title="bbox 2001 1510 3566 1581">
     <span class='ocr_line' id='line_1_30' title="bbox 2001 1510 3566 1581; baseline -0.001 -17"><span class='ocrx_word' id='word_1_191' title='bbox 2001 1510 2246 1581; x_wconf 90' lang='lat' dir='ltr'><strong>ipsorum</strong></span> <span class='ocrx_word' id='word_1_192' title='bbox 2297 1513 2643 1580; x_wconf 81' lang='lat' dir='ltr'><strong>pertinerent.</strong></span> <span class='ocrx_word' id='word_1_193' title='bbox 2694 1513 2763 1565; x_wconf 82' lang='lat' dir='ltr'><strong>At</strong></span> <span class='ocrx_word' id='word_1_194' title='bbox 2817 1510 3056 1574; x_wconf 77' lang='lat' dir='ltr'><strong>Valens,</strong></span> <span class='ocrx_word' id='word_1_195' title='bbox 3106 1510 3355 1581; x_wconf 82' lang='lat' dir='ltr'><strong>quamvis</strong></span> <span class='ocrx_word' id='word_1_196' title='bbox 3401 1526 3566 1580; x_wconf 84' lang='lat' dir='ltr'><strong>supra</strong></span> 
     </span>
    </p>
   </div>
   <div class='ocr_carea' id='block_1_31' title="bbox 2001 1603 3565 1674">
    <p class='ocr_par' dir='ltr' id='par_1_31' title="bbox 2001 1603 3565 1674">
     <span class='ocr_line' id='line_1_31' title="bbox 2001 1603 3565 1674; baseline 0.001 -19"><span class='ocrx_word' id='word_1_197' title='bbox 2001 1604 2221 1656; x_wconf 88' lang='lat' dir='ltr'><strong>modum</strong></span> <span class='ocrx_word' id='word_1_198' title='bbox 2276 1603 2671 1673; x_wconf 81' lang='lat' dir='ltr'><strong>indignaretur,</strong></span> <span class='ocrx_word' id='word_1_199' title='bbox 2722 1605 2824 1658; x_wconf 52' lang='lat' dir='ltr'><strong>ira:</strong></span> <span class='ocrx_word' id='word_1_200' title='bbox 2864 1612 3044 1658; x_wconf 87' lang='lat' dir='ltr'><strong>tamen</strong></span> <span class='ocrx_word' id='word_1_201' title='bbox 3084 1618 3197 1659; x_wconf 75' lang='lat' dir='ltr'><strong>sua:</strong></span> <span class='ocrx_word' id='word_1_202' title='bbox 3245 1603 3565 1674; x_wconf 77' lang='lat' dir='ltr'><strong>gravitatem</strong></span> 
     </span>
    </p>
   </div>
   <div class='ocr_carea' id='block_1_32' title="bbox 2000 1694 3568 1765">
    <p class='ocr_par' dir='ltr' id='par_1_32' title="bbox 2000 1694 3568 1765">
     <span class='ocr_line' id='line_1_32' title="bbox 2000 1694 3568 1765; baseline 0.003 -18"><span class='ocrx_word' id='word_1_203' title='bbox 2000 1708 2111 1747; x_wconf 86' lang='lat' dir='ltr'><strong>non</strong></span> <span class='ocrx_word' id='word_1_204' title='bbox 2158 1695 2427 1763; x_wconf 80' lang='lat' dir='ltr'><strong>prodidit,</strong></span> <span class='ocrx_word' id='word_1_205' title='bbox 2459 1695 2552 1750; x_wconf 87' lang='lat' dir='ltr'><strong>sed</strong></span> <span class='ocrx_word' id='word_1_206' title='bbox 2584 1696 2725 1750; x_wconf 81' lang='lat' dir='ltr'><strong>clam</strong></span> <span class='ocrx_word' id='word_1_207' title='bbox 2757 1696 3037 1751; x_wconf 82' lang='lat' dir='ltr'><strong>mandavit</strong></span> <span class='ocrx_word' id='word_1_208' title='bbox 3078 1694 3354 1765; x_wconf 55' lang='lat' dir='ltr'><strong>praefecto,</strong></span> <span class='ocrx_word' id='word_1_209' title='bbox 3390 1706 3448 1751; x_wconf 92' lang='lat' dir='ltr'><strong>ut</strong></span> <span class='ocrx_word' id='word_1_210' title='bbox 3473 1710 3568 1752; x_wconf 85' lang='lat' dir='ltr'><strong>eos</strong></span> 
     </span>
    </p>
   </div>
   <div class='ocr_carea' id='block_1_33' title="bbox 2002 1787 3567 1855">
    <p class='ocr_par' dir='ltr' id='par_1_33' title="bbox 2002 1787 3567 1855">
     <span class='ocr_line' id='line_1_33' title="bbox 2002 1787 3567 1855; baseline 0.003 -16"><span class='ocrx_word' id='word_1_211' title='bbox 2002 1787 2427 1854; x_wconf 78' lang='lat' dir='ltr'><strong>comprehensos</strong></span> <span class='ocrx_word' id='word_1_212' title='bbox 2461 1789 2811 1844; x_wconf 81' lang='lat' dir='ltr'><strong>interﬁceret.</strong></span> <span class='ocrx_word' id='word_1_213' title='bbox 2843 1789 3139 1844; x_wconf 46' lang='lat' dir='ltr'><strong>Praefectus</strong></span> <span class='ocrx_word' id='word_1_214' title='bbox 3181 1804 3329 1855; x_wconf 90' lang='lat' dir='ltr'><strong>vero,</strong></span> <span class='ocrx_word' id='word_1_215' title='bbox 3367 1789 3567 1844; x_wconf 87' lang='lat' dir='ltr'><strong>timens</strong></span> 
     </span>
    </p>
   </div>
   <div class='ocr_carea' id='block_1_34' title="bbox 322 1872 1907 1951">
    <p class='ocr_par' dir='ltr' id='par_1_34' title="bbox 322 1872 1898 1942">
     <span class='ocr_line' id='line_1_34' title="bbox 322 1872 1898 1942; baseline -0.002 -15"><span class='ocrx_word' id='word_1_216' title='bbox 322 1873 481 1927; x_wconf 81' lang='grc' dir='ltr'><strong>τοῦτο</strong></span> <span class='ocrx_word' id='word_1_217' title='bbox 507 1873 565 1927; x_wconf 85' lang='grc' dir='ltr'><strong>δέ</strong></span> <span class='ocrx_word' id='word_1_218' title='bbox 594 1873 827 1942; x_wconf 79' lang='grc' dir='ltr'><strong>πέμπων</strong></span> <span class='ocrx_word' id='word_1_219' title='bbox 858 1873 1076 1935; x_wconf 81' lang='grc' dir='ltr'><strong>αὐτοὺς,</strong></span> <span class='ocrx_word' id='word_1_220' title='bbox 1105 1874 1183 1935; x_wconf 85' lang='grc' dir='ltr'><strong>είς</strong></span> <span class='ocrx_word' id='word_1_221' title='bbox 1219 1872 1402 1925; x_wconf 89' lang='grc' dir='ltr'><strong>πλοῖον</strong></span> <span class='ocrx_word' id='word_1_222' title='bbox 1434 1872 1767 1936; x_wconf 73' lang='grc' dir='ltr'><strong>ἐνεϐίϐασεν,</strong></span> <span class='ocrx_word' id='word_1_223' title='bbox 1799 1873 1898 1925; x_wconf 84' lang='grc' dir='ltr'><strong>οὑκ</strong></span> 
     </span>
    </p>
   </div>
   <div class='ocr_carea' id='block_1_35' title="bbox 2008 1872 3566 1951">
    <p class='ocr_par' dir='ltr' id='par_1_35' title="bbox 2008 1880 3566 1951">
     <span class='ocr_line' id='line_1_35' title="bbox 2008 1880 3566 1951; baseline 0.004 -22"><span class='ocrx_word' id='word_1_224' title='bbox 2008 1894 2068 1931; x_wconf 91' lang='lat' dir='ltr'><strong>ne</strong></span> <span class='ocrx_word' id='word_1_225' title='bbox 2104 1880 2294 1948; x_wconf 76' lang='lat' dir='ltr'><strong>vulgus</strong></span> <span class='ocrx_word' id='word_1_226' title='bbox 2328 1881 2652 1934; x_wconf 72' lang='lat' dir='ltr'><strong>seditionem</strong></span> <span class='ocrx_word' id='word_1_227' title='bbox 2684 1883 3009 1945; x_wconf 83' lang='lat' dir='ltr'><strong>ceucitarct,</strong></span> <span class='ocrx_word' id='word_1_228' title='bbox 3039 1882 3085 1935; x_wconf 88' lang='lat' dir='ltr'><strong>si</strong></span> <span class='ocrx_word' id='word_1_229' title='bbox 3117 1892 3191 1936; x_wconf 87' lang='lat' dir='ltr'><strong>tot</strong></span> <span class='ocrx_word' id='word_1_230' title='bbox 3225 1883 3298 1951; x_wconf 88' lang='lat' dir='ltr'><strong>pii</strong></span> <span class='ocrx_word' id='word_1_231' title='bbox 3327 1882 3427 1935; x_wconf 87' lang='lat' dir='ltr'><strong>viri</strong></span> <span class='ocrx_word' id='word_1_232' title='bbox 3472 1882 3566 1951; x_wconf 91' lang='lat' dir='ltr'><strong>qui</strong></span> 
     </span>
    </p>
   </div>
   <div class='ocr_carea' id='block_1_36' title="bbox 323 1961 1902 2031">
    <p class='ocr_par' dir='ltr' id='par_1_36' title="bbox 323 1961 1902 2031">
     <span class='ocr_line' id='line_1_36' title="bbox 323 1961 1902 2031; baseline -0.004 -12"><span class='ocrx_word' id='word_1_233' title='bbox 323 1965 564 2031; x_wconf 80' lang='grc' dir='ltr'><strong>ἀγεννῶς</strong></span> <span class='ocrx_word' id='word_1_234' title='bbox 604 1966 729 2020; x_wconf 86' lang='grc' dir='ltr'><strong>τάδε</strong></span> <span class='ocrx_word' id='word_1_235' title='bbox 781 1963 971 2017; x_wconf 82' lang='grc' dir='ltr'><strong>παθεῖν</strong></span> <span class='ocrx_word' id='word_1_236' title='bbox 1002 1963 1395 2031; x_wconf 86' lang='grc' dir='ltr'><strong>ὑπομένοντας.</strong></span> <span class='ocrx_word' id='word_1_237' title='bbox 1450 1962 1604 2014; x_wconf 78' lang='grc' dir='ltr'><strong>Ἐπεὶ</strong></span> <span class='ocrx_word' id='word_1_238' title='bbox 1629 1962 1687 2014; x_wconf 87' lang='grc' dir='ltr'><strong>δὲ</strong></span> <span class='ocrx_word' id='word_1_239' title='bbox 1715 1961 1902 2013; x_wconf 86' lang='grc' dir='ltr'><strong>πλέον-</strong></span> 
     </span>
    </p>
   </div>
   <div class='ocr_carea' id='block_1_37' title="bbox 325 2049 1899 2123">
    <p class='ocr_par' dir='ltr' id='par_1_37' title="bbox 325 2049 1899 2123">
     <span class='ocr_line' id='line_1_37' title="bbox 325 2049 1899 2123; baseline -0.003 -17"><span class='ocrx_word' id='word_1_240' title='bbox 325 2073 416 2118; x_wconf 87' lang='grc' dir='ltr'><strong>τες</strong></span> <span class='ocrx_word' id='word_1_241' title='bbox 464 2054 604 2108; x_wconf 82' lang='grc' dir='ltr'><strong>κατά</strong></span> <span class='ocrx_word' id='word_1_242' title='bbox 655 2052 818 2123; x_wconf 82' lang='grc' dir='ltr'><strong>μέσον</strong></span> <span class='ocrx_word' id='word_1_243' title='bbox 842 2051 937 2105; x_wconf 80' lang='grc' dir='ltr'><strong>τοῦ</strong></span> <span class='ocrx_word' id='word_1_244' title='bbox 982 2052 1268 2105; x_wconf 86' lang='grc' dir='ltr'><strong>Ἀστακίου</strong></span> <span class='ocrx_word' id='word_1_245' title='bbox 1315 2050 1654 2122; x_wconf 80' lang='grc' dir='ltr'><strong>καλουμένου</strong></span> <span class='ocrx_word' id='word_1_246' title='bbox 1696 2049 1899 2103; x_wconf 89' lang='grc' dir='ltr'><strong>κόλπου</strong></span> 
     </span>
    </p>
   </div>
   <div class='ocr_carea' id='block_1_38' title="bbox 305 2125 1898 2217">
    <p class='ocr_par' dir='ltr' id='par_1_38' title="bbox 305 2125 1898 2217">
     <span class='ocr_line' id='line_1_38' title="bbox 305 2125 1898 2217; baseline -0.004 -18"><span class='ocrx_word' id='word_1_247' title='bbox 305 2125 594 2215; x_wconf 50' lang='grc' dir='ltr'><strong>ἐγένοντο,</strong></span> <span class='ocrx_word' id='word_1_248' title='bbox 632 2146 681 2198; x_wconf 88' lang='grc' dir='ltr'><strong>οί</strong></span> <span class='ocrx_word' id='word_1_249' title='bbox 718 2145 819 2217; x_wconf 81' lang='grc' dir='ltr'><strong>μὲν</strong></span> <span class='ocrx_word' id='word_1_250' title='bbox 853 2143 1046 2198; x_wconf 81' lang='grc' dir='ltr'><strong>ναῦται</strong></span> <span class='ocrx_word' id='word_1_251' title='bbox 1077 2145 1212 2215; x_wconf 74' lang='grc' dir='ltr'><strong>πυρὶ</strong></span> <span class='ocrx_word' id='word_1_252' title='bbox 1239 2142 1301 2196; x_wconf 80' lang='grc' dir='ltr'><strong>τὸ</strong></span> <span class='ocrx_word' id='word_1_253' title='bbox 1328 2144 1535 2212; x_wconf 81' lang='grc' dir='ltr'><strong>σκάφος</strong></span> <span class='ocrx_word' id='word_1_254' title='bbox 1566 2141 1898 2211; x_wconf 72' lang='grc' dir='ltr'><strong>ὑφάψαντες,</strong></span> 
     </span>
    </p>
   </div>
   <div class='ocr_carea' id='block_1_39' title="bbox 326 2231 1900 2306">
    <p class='ocr_par' dir='ltr' id='par_1_39' title="bbox 326 2231 1900 2306">
     <span class='ocr_line' id='line_1_39' title="bbox 326 2231 1900 2306; baseline -0.003 -17"><span class='ocrx_word' id='word_1_255' title='bbox 326 2238 399 2300; x_wconf 81' lang='grc' dir='ltr'><strong>ὡς</strong></span> <span class='ocrx_word' id='word_1_256' title='bbox 426 2232 492 2306; x_wconf 79' lang='grc' dir='ltr'><strong>ἦν</strong></span> <span class='ocrx_word' id='word_1_257' title='bbox 516 2237 697 2300; x_wconf 80' lang='grc' dir='ltr'><strong>αὐτοῖς</strong></span> <span class='ocrx_word' id='word_1_258' title='bbox 722 2236 1218 2306; x_wconf 76' lang='grc' dir='ltr'><strong>προστεταγμένον,</strong></span> <span class='ocrx_word' id='word_1_259' title='bbox 1246 2233 1564 2304; x_wconf 84' lang='grc' dir='ltr'><strong>ὑπεχώρουν</strong></span> <span class='ocrx_word' id='word_1_260' title='bbox 1607 2235 1687 2296; x_wconf 86' lang='grc' dir='ltr'><strong>είς</strong></span> <span class='ocrx_word' id='word_1_261' title='bbox 1713 2231 1772 2285; x_wconf 86' lang='grc' dir='ltr'><strong>τὺ</strong></span> <span class='ocrx_word' id='word_1_262' title='bbox 1802 2233 1900 2302; x_wconf 80' lang='grc' dir='ltr'><strong>ἐφ-</strong></span> 
     </span>
    </p>
   </div>
   <div class='ocr_carea' id='block_1_40' title="bbox 326 2323 1901 2397">
    <p class='ocr_par' dir='ltr' id='par_1_40' title="bbox 326 2323 1901 2397">
     <span class='ocr_line' id='line_1_40' title="bbox 326 2323 1901 2397; baseline -0.003 -17"><span class='ocrx_word' id='word_1_263' title='bbox 326 2329 503 2381; x_wconf 86' lang='grc' dir='ltr'><strong>όλκιον</strong></span> <span class='ocrx_word' id='word_1_264' title='bbox 557 2326 1056 2397; x_wconf 80' lang='grc' dir='ltr'><strong>μεταπηδήσαντες.</strong></span> <span class='ocrx_word' id='word_1_265' title='bbox 1117 2326 1181 2378; x_wconf 86' lang='grc' dir='ltr'><strong>Ἦ</strong></span> <span class='ocrx_word' id='word_1_266' title='bbox 1227 2326 1284 2377; x_wconf 84' lang='grc' dir='ltr'><strong>δὲ</strong></span> <span class='ocrx_word' id='word_1_267' title='bbox 1328 2323 1458 2387; x_wconf 82' lang='grc' dir='ltr'><strong>ναῦς</strong></span> <span class='ocrx_word' id='word_1_268' title='bbox 1502 2323 1607 2377; x_wconf 83' lang='grc' dir='ltr'><strong>ὑπὸ</strong></span> <span class='ocrx_word' id='word_1_269' title='bbox 1637 2323 1901 2394; x_wconf 87' lang='grc' dir='ltr'><strong>ἐπιφόρου</strong></span> 
     </span>
    </p>
   </div>
   <div class='ocr_carea' id='block_1_41' title="bbox 326 2414 1903 2488">
    <p class='ocr_par' dir='ltr' id='par_1_41' title="bbox 326 2414 1903 2488">
     <span class='ocr_line' id='line_1_41' title="bbox 326 2414 1903 2488; baseline -0.003 -17"><span class='ocrx_word' id='word_1_270' title='bbox 326 2418 529 2486; x_wconf 82' lang='grc' dir='ltr'><strong>ἀνέμου</strong></span> <span class='ocrx_word' id='word_1_271' title='bbox 558 2417 910 2488; x_wconf 83' lang='grc' dir='ltr'><strong>ἐλαυνομένη,</strong></span> <span class='ocrx_word' id='word_1_272' title='bbox 934 2418 1063 2487; x_wconf 81' lang='grc' dir='ltr'><strong>ἄχρι</strong></span> <span class='ocrx_word' id='word_1_273' title='bbox 1087 2416 1400 2486; x_wconf 78' lang='grc' dir='ltr'><strong>Δακιὸίςης,</strong></span> <span class='ocrx_word' id='word_1_274' title='bbox 1438 2414 1637 2486; x_wconf 88' lang='grc' dir='ltr'><strong>χωρίον</strong></span> <span class='ocrx_word' id='word_1_275' title='bbox 1659 2414 1715 2467; x_wconf 90' lang='grc' dir='ltr'><strong>δέ</strong></span> <span class='ocrx_word' id='word_1_276' title='bbox 1744 2414 1903 2467; x_wconf 79' lang='grc' dir='ltr'><strong>τοῦτο</strong></span> 
     </span>
    </p>
   </div>
   <div class='ocr_carea' id='block_1_42' title="bbox 326 2504 1900 2579">
    <p class='ocr_par' dir='ltr' id='par_1_42' title="bbox 326 2504 1900 2579">
     <span class='ocr_line' id='line_1_42' title="bbox 326 2504 1900 2579; baseline -0.002 -19"><span class='ocrx_word' id='word_1_277' title='bbox 326 2509 426 2578; x_wconf 78' lang='grc' dir='ltr'><strong>τῆς</strong></span> <span class='ocrx_word' id='word_1_278' title='bbox 491 2508 756 2579; x_wconf 82' lang='grc' dir='ltr'><strong>παραλίου</strong></span> <span class='ocrx_word' id='word_1_279' title='bbox 812 2508 1105 2570; x_wconf 83' lang='grc' dir='ltr'><strong>Βιθυνίας,</strong></span> <span class='ocrx_word' id='word_1_280' title='bbox 1157 2507 1412 2577; x_wconf 84' lang='grc' dir='ltr'><strong>διήρκεσε</strong></span> <span class='ocrx_word' id='word_1_281' title='bbox 1466 2505 1603 2575; x_wconf 87' lang='grc' dir='ltr'><strong>πρὸς</strong></span> <span class='ocrx_word' id='word_1_282' title='bbox 1660 2505 1752 2558; x_wconf 82' lang='grc' dir='ltr'><strong>τὸν</strong></span> <span class='ocrx_word' id='word_1_283' title='bbox 1806 2504 1900 2557; x_wconf 79' lang='grc' dir='ltr'><strong>ἐκ-</strong></span> 
     </span>
    </p>
   </div>
   <div class='ocr_carea' id='block_1_43' title="bbox 330 2595 1899 2670">
    <p class='ocr_par' dir='ltr' id='par_1_43' title="bbox 330 2595 1899 2670">
     <span class='ocr_line' id='line_1_43' title="bbox 330 2595 1899 2670; baseline -0.002 -18"><span class='ocrx_word' id='word_1_284' title='bbox 330 2602 495 2654; x_wconf 84' lang='grc' dir='ltr'><strong>πλουν</strong></span> <span class='ocrx_word' id='word_1_285' title='bbox 521 2599 652 2670; x_wconf 85' lang='grc'><strong>(80).</strong></span> <span class='ocrx_word' id='word_1_286' title='bbox 688 2600 838 2669; x_wconf 78' lang='grc' dir='ltr'><strong>Ἀμα</strong></span> <span class='ocrx_word' id='word_1_287' title='bbox 872 2598 929 2652; x_wconf 83' lang='grc' dir='ltr'><strong>δὲ</strong></span> <span class='ocrx_word' id='word_1_288' title='bbox 954 2601 1020 2669; x_wconf 74' lang='grc' dir='ltr'><strong>τῇ</strong></span> <span class='ocrx_word' id='word_1_289' title='bbox 1058 2600 1130 2669; x_wconf 77' lang='grc' dir='ltr'><strong>γῇ</strong></span> <span class='ocrx_word' id='word_1_290' title='bbox 1180 2597 1470 2667; x_wconf 83' lang='grc' dir='ltr'><strong>προσέσχε,</strong></span> <span class='ocrx_word' id='word_1_291' title='bbox 1519 2597 1613 2650; x_wconf 74' lang='grc' dir='ltr'><strong>καὶ</strong></span> <span class='ocrx_word' id='word_1_292' title='bbox 1656 2595 1899 2667; x_wconf 81' lang='grc' dir='ltr'><strong>διελύθη,</strong></span> 
     </span>
    </p>
   </div>
   <div class='ocr_carea' id='block_1_44' title="bbox 332 2690 1348 2762">
    <p class='ocr_par' dir='ltr' id='par_1_44' title="bbox 332 2690 1348 2762">
     <span class='ocr_line' id='line_1_44' title="bbox 332 2690 1348 2762; baseline -0.003 -16"><span class='ocrx_word' id='word_1_293' title='bbox 332 2694 428 2746; x_wconf 80' lang='grc' dir='ltr'><strong>σὺν</strong></span> <span class='ocrx_word' id='word_1_294' title='bbox 456 2692 635 2755; x_wconf 86' lang='grc' dir='ltr'><strong>αὑτοῖς</strong></span> <span class='ocrx_word' id='word_1_295' title='bbox 660 2691 887 2762; x_wconf 79' lang='grc' dir='ltr'><strong>ἀνδράσι</strong></span> <span class='ocrx_word' id='word_1_296' title='bbox 922 2690 1348 2758; x_wconf 79' lang='grc' dir='ltr'><strong>καταφλεγείσα.</strong></span> 
     </span>
    </p>
   </div>
   <div class='ocr_carea' id='block_1_45' title="bbox 2000 1967 3565 2041">
    <p class='ocr_par' dir='ltr' id='par_1_45' title="bbox 2000 1967 3565 2041">
     <span class='ocr_line' id='line_1_45' title="bbox 2000 1967 3565 2041; baseline 0.004 -21"><span class='ocrx_word' id='word_1_297' title='bbox 2000 1968 2134 2021; x_wconf 82' lang='lat' dir='ltr'><strong>nihil</strong></span> <span class='ocrx_word' id='word_1_298' title='bbox 2164 1967 2529 2038; x_wconf 82' lang='lat' dir='ltr'><strong>deliquerant,</strong></span> <span class='ocrx_word' id='word_1_299' title='bbox 2559 1981 2755 2040; x_wconf 66' lang='lat' dir='ltr'><strong>prazter</strong></span> <span class='ocrx_word' id='word_1_300' title='bbox 2786 1972 2878 2041; x_wconf 87' lang='lat' dir='ltr'><strong>jus</strong></span> <span class='ocrx_word' id='word_1_301' title='bbox 2935 1988 3001 2028; x_wconf 90' lang='lat' dir='ltr'><strong>ac</strong></span> <span class='ocrx_word' id='word_1_302' title='bbox 3039 1974 3308 2025; x_wconf 87' lang='lat' dir='ltr'><strong>rationem</strong></span> <span class='ocrx_word' id='word_1_303' title='bbox 3342 1972 3565 2027; x_wconf 83' lang='lat' dir='ltr'><strong>occide-</strong></span> 
     </span>
    </p>
   </div>
   <div class='ocr_carea' id='block_1_46' title="bbox 2002 2059 3568 2134">
    <p class='ocr_par' dir='ltr' id='par_1_46' title="bbox 2002 2059 3568 2134">
     <span class='ocr_line' id='line_1_46' title="bbox 2002 2059 3568 2134; baseline 0.003 -22"><span class='ocrx_word' id='word_1_304' title='bbox 2002 2067 2210 2122; x_wconf 90' lang='lat' dir='ltr'><strong>rentur,</strong></span> <span class='ocrx_word' id='word_1_305' title='bbox 2232 2059 2452 2114; x_wconf 87' lang='lat' dir='ltr'><strong>simulat</strong></span> <span class='ocrx_word' id='word_1_306' title='bbox 2475 2076 2535 2115; x_wconf 84' lang='lat' dir='ltr'><strong>se</strong></span> <span class='ocrx_word' id='word_1_307' title='bbox 2560 2062 2754 2115; x_wconf 81' lang='lat' dir='ltr'><strong>exsilio</strong></span> <span class='ocrx_word' id='word_1_308' title='bbox 2783 2076 2878 2116; x_wconf 88' lang='lat' dir='ltr'><strong>eos</strong></span> <span class='ocrx_word' id='word_1_309' title='bbox 2908 2062 3160 2117; x_wconf 79' lang='lat' dir='ltr'><strong>addicere</strong></span> <span class='ocrx_word' id='word_1_310' title='bbox 3180 2102 3194 2125; x_wconf 89' lang='lat'><strong>,</strong></span> <span class='ocrx_word' id='word_1_311' title='bbox 3226 2074 3277 2118; x_wconf 91' lang='lat' dir='ltr'><strong>et</strong></span> <span class='ocrx_word' id='word_1_312' title='bbox 3308 2071 3568 2134; x_wconf 87' lang='lat' dir='ltr'><strong>tanquam</strong></span> 
     </span>
    </p>
   </div>
   <div class='ocr_carea' id='block_1_47' title="bbox 2002 2143 3569 2220">
    <p class='ocr_par' dir='ltr' id='par_1_47' title="bbox 2002 2143 3569 2220">
     <span class='ocr_line' id='line_1_47' title="bbox 2002 2143 3569 2220; baseline 0.004 -24"><span class='ocrx_word' id='word_1_313' title='bbox 2002 2143 2056 2197; x_wconf 88' lang='lat' dir='ltr'><strong>in</strong></span> <span class='ocrx_word' id='word_1_314' title='bbox 2088 2144 2339 2199; x_wconf 79' lang='lat' dir='ltr'><strong>exsilium</strong></span> <span class='ocrx_word' id='word_1_315' title='bbox 2370 2146 2685 2212; x_wconf 85' lang='lat' dir='ltr'><strong>mittendos,</strong></span> <span class='ocrx_word' id='word_1_316' title='bbox 2720 2149 2934 2219; x_wconf 81' lang='lat' dir='ltr'><strong>navigio</strong></span> <span class='ocrx_word' id='word_1_317' title='bbox 2977 2148 3182 2219; x_wconf 89' lang='lat' dir='ltr'><strong>imponi</strong></span> <span class='ocrx_word' id='word_1_318' title='bbox 3219 2149 3392 2219; x_wconf 82' lang='lat' dir='ltr'><strong>jubet,</strong></span> <span class='ocrx_word' id='word_1_319' title='bbox 3423 2149 3569 2220; x_wconf 92' lang='lat' dir='ltr'><strong>quod</strong></span> 
     </span>
    </p>
   </div>
   <div class='ocr_carea' id='block_1_48' title="bbox 2001 2233 3571 2308">
    <p class='ocr_par' dir='ltr' id='par_1_48' title="bbox 2001 2233 3571 2308">
     <span class='ocr_line' id='line_1_48' title="bbox 2001 2233 3571 2308; baseline 0.006 -23"><span class='ocrx_word' id='word_1_320' title='bbox 2001 2233 2221 2302; x_wconf 86' lang='lat' dir='ltr'><strong>quidem</strong></span> <span class='ocrx_word' id='word_1_321' title='bbox 2278 2235 2357 2288; x_wconf 93' lang='lat' dir='ltr'><strong>illi</strong></span> <span class='ocrx_word' id='word_1_322' title='bbox 2410 2236 2537 2290; x_wconf 78' lang='lat' dir='ltr'><strong>forti</strong></span> <span class='ocrx_word' id='word_1_323' title='bbox 2583 2237 2767 2300; x_wconf 86' lang='lat' dir='ltr'><strong>animo</strong></span> <span class='ocrx_word' id='word_1_324' title='bbox 2796 2237 2940 2294; x_wconf 77' lang='lat' dir='ltr'><strong>ferre</strong></span> <span class='ocrx_word' id='word_1_325' title='bbox 2970 2239 3144 2308; x_wconf 87' lang='lat' dir='ltr'><strong>parati</strong></span> <span class='ocrx_word' id='word_1_326' title='bbox 3184 2250 3363 2295; x_wconf 87' lang='lat' dir='ltr'><strong>erant.</strong></span> <span class='ocrx_word' id='word_1_327' title='bbox 3396 2239 3571 2295; x_wconf 89' lang='lat' dir='ltr'><strong>Porro</strong></span> 
     </span>
    </p>
   </div>
   <div class='ocr_carea' id='block_1_49' title="bbox 2002 2328 3569 2402">
    <p class='ocr_par' dir='ltr' id='par_1_49' title="bbox 2002 2328 3569 2402">
     <span class='ocr_line' id='line_1_49' title="bbox 2002 2328 3569 2402; baseline 0.003 -19"><span class='ocrx_word' id='word_1_328' title='bbox 2002 2341 2127 2383; x_wconf 89' lang='lat' dir='ltr'><strong>cum</strong></span> <span class='ocrx_word' id='word_1_329' title='bbox 2159 2328 2226 2381; x_wconf 88' lang='lat' dir='ltr'><strong>ad</strong></span> <span class='ocrx_word' id='word_1_330' title='bbox 2262 2328 2500 2383; x_wconf 88' lang='lat' dir='ltr'><strong>medimn</strong></span> <span class='ocrx_word' id='word_1_331' title='bbox 2531 2329 2784 2385; x_wconf 84' lang='lat' dir='ltr'><strong>Astaceui</strong></span> <span class='ocrx_word' id='word_1_332' title='bbox 2819 2332 2975 2386; x_wconf 88' lang='lat' dir='ltr'><strong>sinus</strong></span> <span class='ocrx_word' id='word_1_333' title='bbox 3022 2332 3331 2402; x_wconf 81' lang='lat' dir='ltr'><strong>navigando</strong></span> <span class='ocrx_word' id='word_1_334' title='bbox 3376 2347 3569 2402; x_wconf 85' lang='lat' dir='ltr'><strong>perve-</strong></span> 
     </span>
    </p>
   </div>
   <div class='ocr_carea' id='block_1_50' title="bbox 2002 2419 3574 2494">
    <p class='ocr_par' dir='ltr' id='par_1_50' title="bbox 2002 2419 3574 2494">
     <span class='ocr_line' id='line_1_50' title="bbox 2002 2419 3574 2494; baseline 0.002 -21"><span class='ocrx_word' id='word_1_335' title='bbox 2002 2419 2236 2479; x_wconf 86' lang='lat' dir='ltr'><strong>nissent,</strong></span> <span class='ocrx_word' id='word_1_336' title='bbox 2276 2431 2471 2483; x_wconf 61' lang='lat' dir='ltr'><strong>nautae,</strong></span> <span class='ocrx_word' id='word_1_337' title='bbox 2526 2437 2791 2476; x_wconf 83' lang='lat' dir='ltr'><strong>succensa</strong></span> <span class='ocrx_word' id='word_1_338' title='bbox 2828 2436 2984 2481; x_wconf 89' lang='lat' dir='ltr'><strong>nave.</strong></span> <span class='ocrx_word' id='word_1_339' title='bbox 3019 2424 3162 2477; x_wconf 89' lang='lat' dir='ltr'><strong>sicut</strong></span> <span class='ocrx_word' id='word_1_340' title='bbox 3204 2424 3340 2494; x_wconf 85' lang='lat' dir='ltr'><strong>ipsis</strong></span> <span class='ocrx_word' id='word_1_341' title='bbox 3394 2424 3574 2478; x_wconf 76' lang='lat' dir='ltr'><strong>fuerat</strong></span> 
     </span>
    </p>
   </div>
   <div class='ocr_carea' id='block_1_51' title="bbox 2006 2507 3575 2580">
    <p class='ocr_par' dir='ltr' id='par_1_51' title="bbox 2006 2507 3575 2580">
     <span class='ocr_line' id='line_1_51' title="bbox 2006 2507 3575 2580; baseline 0.006 -21"><span class='ocrx_word' id='word_1_342' title='bbox 2006 2507 2357 2576; x_wconf 83' lang='lat' dir='ltr'><strong>imperatum,</strong></span> <span class='ocrx_word' id='word_1_343' title='bbox 2379 2510 2433 2563; x_wconf 91' lang='lat' dir='ltr'><strong>in</strong></span> <span class='ocrx_word' id='word_1_344' title='bbox 2468 2511 2728 2580; x_wconf 82' lang='lat' dir='ltr'><strong>scapham</strong></span> <span class='ocrx_word' id='word_1_345' title='bbox 2761 2512 3079 2567; x_wconf 79' lang='lat' dir='ltr'><strong>desilientes</strong></span> <span class='ocrx_word' id='word_1_346' title='bbox 3108 2514 3431 2568; x_wconf 87' lang='lat' dir='ltr'><strong>abscedunt.</strong></span> <span class='ocrx_word' id='word_1_347' title='bbox 3463 2512 3575 2568; x_wconf 85' lang='lat' dir='ltr'><strong>Na-</strong></span> 
     </span>
    </p>
   </div>
   <div class='ocr_carea' id='block_1_52' title="bbox 2006 2599 3572 2672">
    <p class='ocr_par' dir='ltr' id='par_1_52' title="bbox 2006 2599 3572 2672">
     <span class='ocr_line' id='line_1_52' title="bbox 2006 2599 3572 2672; baseline 0.003 -21"><span class='ocrx_word' id='word_1_348' title='bbox 2006 2599 2089 2652; x_wconf 85' lang='lat' dir='ltr'><strong>vis</strong></span> <span class='ocrx_word' id='word_1_349' title='bbox 2137 2614 2268 2654; x_wconf 77' lang='lat' dir='ltr'><strong>vero</strong></span> <span class='ocrx_word' id='word_1_350' title='bbox 2306 2601 2423 2670; x_wconf 89' lang='lat' dir='ltr'><strong>ipsa</strong></span> <span class='ocrx_word' id='word_1_351' title='bbox 2475 2602 2719 2658; x_wconf 89' lang='lat' dir='ltr'><strong>secundo</strong></span> <span class='ocrx_word' id='word_1_352' title='bbox 2756 2614 2920 2659; x_wconf 83' lang='lat' dir='ltr'><strong>vento</strong></span> <span class='ocrx_word' id='word_1_353' title='bbox 2953 2604 3210 2672; x_wconf 87' lang='lat' dir='ltr'><strong>impulsa,</strong></span> <span class='ocrx_word' id='word_1_354' title='bbox 3261 2603 3572 2658; x_wconf 86' lang='lat' dir='ltr'><strong>Daeibizam</strong></span> 
     </span>
    </p>
   </div>
   <div class='ocr_carea' id='block_1_53' title="bbox 2004 2694 3576 2767">
    <p class='ocr_par' dir='ltr' id='par_1_53' title="bbox 2004 2694 3576 2767">
     <span class='ocr_line' id='line_1_53' title="bbox 2004 2694 3576 2767; baseline 0.004 -24"><span class='ocrx_word' id='word_1_355' title='bbox 2004 2705 2199 2760; x_wconf 90' lang='lat' dir='ltr'><strong>usque,</strong></span> <span class='ocrx_word' id='word_1_356' title='bbox 2230 2694 2322 2761; x_wconf 91' lang='lat' dir='ltr'><strong>qui</strong></span> <span class='ocrx_word' id='word_1_357' title='bbox 2374 2695 2535 2765; x_wconf 75' lang='lat'><strong>237</strong></span> <span class='ocrx_word' id='word_1_358' title='bbox 2586 2696 2737 2751; x_wconf 92' lang='lat' dir='ltr'><strong>locus</strong></span> <span class='ocrx_word' id='word_1_359' title='bbox 2776 2696 2950 2751; x_wconf 89' lang='lat' dir='ltr'><strong>estin</strong></span> <span class='ocrx_word' id='word_1_360' title='bbox 3000 2696 3256 2767; x_wconf 84' lang='lat' dir='ltr'><strong>Bithynia</strong></span> <span class='ocrx_word' id='word_1_361' title='bbox 3307 2694 3374 2749; x_wconf 88' lang='lat' dir='ltr'><strong>ad</strong></span> <span class='ocrx_word' id='word_1_362' title='bbox 3422 2710 3576 2749; x_wconf 86' lang='lat' dir='ltr'><strong>mare</strong></span> 
     </span>
    </p>
   </div>
   <div class='ocr_carea' id='block_1_54' title="bbox 332 2783 3574 2863">
    <p class='ocr_par' dir='ltr' id='par_1_54' title="bbox 332 2783 3574 2863">
     <span class='ocr_line' id='line_1_54' title="bbox 332 2783 3574 2863; baseline -0 -21"><span class='ocrx_word' id='word_1_363' title='bbox 332 2789 495 2851; x_wconf 85' lang='lat' dir='ltr'><strong>situs,</strong></span> <span class='ocrx_word' id='word_1_364' title='bbox 528 2787 698 2843; x_wconf 89' lang='lat' dir='ltr'><strong>valuit</strong></span> <span class='ocrx_word' id='word_1_365' title='bbox 735 2785 1039 2858; x_wconf 84' lang='lat' dir='ltr'><strong>pervenire.</strong></span> <span class='ocrx_word' id='word_1_366' title='bbox 1068 2783 1178 2840; x_wconf 88' lang='lat' dir='ltr'><strong>Sed</strong></span> <span class='ocrx_word' id='word_1_367' title='bbox 1204 2784 1371 2840; x_wconf 88' lang='lat' dir='ltr'><strong>simul</strong></span> <span class='ocrx_word' id='word_1_368' title='bbox 1400 2791 1563 2854; x_wconf 87' lang='lat' dir='ltr'><strong>atque</strong></span> <span class='ocrx_word' id='word_1_369' title='bbox 1594 2783 1662 2838; x_wconf 89' lang='lat' dir='ltr'><strong>ad</strong></span> <span class='ocrx_word' id='word_1_370' title='bbox 1693 2792 1897 2839; x_wconf 88' lang='lat' dir='ltr'><strong>terram</strong></span> <span class='ocrx_word' id='word_1_371' title='bbox 1936 2785 2165 2855; x_wconf 87' lang='lat' dir='ltr'><strong>appulit,</strong></span> <span class='ocrx_word' id='word_1_372' title='bbox 2194 2786 2460 2845; x_wconf 90' lang='lat' dir='ltr'><strong>dissoluta</strong></span> <span class='ocrx_word' id='word_1_373' title='bbox 2494 2805 2603 2855; x_wconf 83' lang='lat' dir='ltr'><strong>una</strong></span> <span class='ocrx_word' id='word_1_374' title='bbox 2630 2805 2755 2844; x_wconf 91' lang='lat' dir='ltr'><strong>cum</strong></span> <span class='ocrx_word' id='word_1_375' title='bbox 2820 2789 2955 2863; x_wconf 87' lang='lat' dir='ltr'><strong>ipsis</strong></span> <span class='ocrx_word' id='word_1_376' title='bbox 2988 2788 3304 2844; x_wconf 85' lang='lat' dir='ltr'><strong>hominibus</strong></span> <span class='ocrx_word' id='word_1_377' title='bbox 3369 2785 3574 2843; x_wconf 77' lang='lat' dir='ltr'><strong>conﬂa-</strong></span> 
     </span>
    </p>
   </div>
   <div class='ocr_carea' id='block_1_55' title="bbox 332 2885 533 2954">
    <p class='ocr_par' dir='ltr' id='par_1_55' title="bbox 332 2885 533 2954">
     <span class='ocr_line' id='line_1_55' title="bbox 332 2885 533 2954; baseline 0.02 -19"><span class='ocrx_word' id='word_1_378' title='bbox 332 2885 533 2954; x_wconf 77' lang='lat' dir='ltr'><strong>gravit.</strong></span> 
     </span>
    </p>
   </div>
   <div class='ocr_carea' id='block_1_56' title="bbox 927 2969 1305 3029">
    <p class='ocr_par' dir='ltr' id='par_1_56' title="bbox 927 2969 1305 3029">
     <span class='ocr_line' id='line_1_56' title="bbox 927 2969 1305 3029; baseline -0.003 0"><span class='ocrx_word' id='word_1_379' title='bbox 927 2971 1178 3029; x_wconf 78' lang='grc' dir='ltr'><strong>ΚΕΦΑΛ.</strong></span> <span class='ocrx_word' id='word_1_380' title='bbox 1204 2969 1305 3028; x_wconf 83' lang='grc' dir='ltr'><strong>1Ε’.</strong></span> 
     </span>
    </p>
   </div>
   <div class='ocr_carea' id='block_1_57' title="bbox 337 3060 1911 3141">
    <p class='ocr_par' dir='ltr' id='par_1_57' title="bbox 337 3060 1911 3141">
     <span class='ocr_line' id='line_1_57' title="bbox 337 3060 1911 3141; baseline -0.008 -17"><span class='ocrx_word' id='word_1_381' title='bbox 337 3069 478 3138; x_wconf 77' lang='grc' dir='ltr'><strong>Περὶ</strong></span> <span class='ocrx_word' id='word_1_382' title='bbox 510 3068 619 3136; x_wconf 83' lang='grc' dir='ltr'><strong>τῆς</strong></span> <span class='ocrx_word' id='word_1_383' title='bbox 646 3065 933 3141; x_wconf 74' lang='grc' dir='ltr'><strong>διαφορᾶς</strong></span> <span class='ocrx_word' id='word_1_384' title='bbox 956 3064 1248 3141; x_wconf 77' lang='grc' dir='ltr'><strong>Εὐσεϐίου</strong></span> <span class='ocrx_word' id='word_1_385' title='bbox 1268 3061 1385 3141; x_wconf 37' lang='grc' dir='ltr'><strong>.ζοιῖ</strong></span> <span class='ocrx_word' id='word_1_386' title='bbox 1411 3065 1784 3141; x_wconf 60' lang='grc' dir='ltr'><strong>Καισαρείας,</strong></span> <span class='ocrx_word' id='word_1_387' title='bbox 1810 3060 1911 3141; x_wconf 59' lang='grc' dir='ltr'><strong>καί</strong></span> 
     </span>
    </p>
   </div>
   <div class='ocr_carea' id='block_1_58' title="bbox 410 3131 1911 3205">
    <p class='ocr_par' dir='ltr' id='par_1_58' title="bbox 410 3131 1911 3205">
     <span class='ocr_line' id='line_1_58' title="bbox 410 3131 1911 3205; baseline -0.005 -13"><span class='ocrx_word' id='word_1_388' title='bbox 410 3131 730 3192; x_wconf 67' lang='grc' dir='ltr'><strong>ῖίασιξλείου</strong></span> <span class='ocrx_word' id='word_1_389' title='bbox 745 3131 857 3191; x_wconf 50' lang='grc' dir='ltr'><strong>τοῦ</strong></span> <span class='ocrx_word' id='word_1_390' title='bbox 910 3131 1208 3205; x_wconf 70' lang='grc' dir='ltr'><strong>Μεγάλου.</strong></span> <span class='ocrx_word' id='word_1_391' title='bbox 1256 3133 1480 3205; x_wconf 43' lang='grc' dir='ltr'><strong>Καὶ-ὠς</strong></span> <span class='ocrx_word' id='word_1_392' title='bbox 1521 3131 1809 3205; x_wconf 58' lang='grc' dir='ltr'><strong>ἐντεῦθεὴ</strong></span> <span class='ocrx_word' id='word_1_393' title='bbox 1854 3133 1911 3184; x_wconf 84' lang='grc' dir='ltr'><strong>οι</strong></span> 
     </span>
    </p>
   </div>
   <div class='ocr_carea' id='block_1_59' title="bbox 423 3199 1913 3278">
    <p class='ocr_par' dir='ltr' id='par_1_59' title="bbox 423 3199 1913 3278">
     <span class='ocr_line' id='line_1_59' title="bbox 423 3199 1913 3278; baseline -0.006 -15"><span class='ocrx_word' id='word_1_394' title='bbox 423 3207 699 3278; x_wconf 72' lang='grc' dir='ltr'><strong>Ἅρειαγοὶ</strong></span> <span class='ocrx_word' id='word_1_395' title='bbox 725 3206 951 3278; x_wconf 76' lang='grc' dir='ltr'><strong>θάρσος</strong></span> <span class='ocrx_word' id='word_1_396' title='bbox 975 3199 1284 3278; x_wconf 70' lang='grc' dir='ltr'><strong>λαόόντες,</strong></span> <span class='ocrx_word' id='word_1_397' title='bbox 1318 3201 1391 3270; x_wconf 74' lang='grc' dir='ltr'><strong>τῇ</strong></span> <span class='ocrx_word' id='word_1_398' title='bbox 1422 3199 1767 3269; x_wconf 82' lang='grc' dir='ltr'><strong>Καισαρέων</strong></span> <span class='ocrx_word' id='word_1_399' title='bbox 1782 3200 1913 3254; x_wconf 77' lang='grc' dir='ltr'><strong>ἐπι-</strong></span> 
     </span>
    </p>
   </div>
   <div class='ocr_carea' id='block_1_60' title="bbox 409 3276 1275 3348">
    <p class='ocr_par' dir='ltr' id='par_1_60' title="bbox 409 3276 1275 3348">
     <span class='ocr_line' id='line_1_60' title="bbox 409 3276 1275 3348; baseline -0.006 -16"><span class='ocrx_word' id='word_1_400' title='bbox 409 3276 677 3348; x_wconf 75' lang='grc' dir='ltr'><strong>φοιτῶσι,</strong></span> <span class='ocrx_word' id='word_1_401' title='bbox 700 3277 798 3330; x_wconf 78' lang='grc' dir='ltr'><strong>καὶ</strong></span> <span class='ocrx_word' id='word_1_402' title='bbox 819 3276 1275 3343; x_wconf 80' lang='grc' dir='ltr'><strong>ἁποκρούονται.</strong></span> 
     </span>
    </p>
   </div>
   <div class='ocr_carea' id='block_1_61' title="bbox 412 3360 1912 3440">
    <p class='ocr_par' dir='ltr' id='par_1_61' title="bbox 412 3360 1912 3440">
     <span class='ocr_line' id='line_1_61' title="bbox 412 3360 1912 3440; baseline -0.007 -16"><span class='ocrx_word' id='word_1_403' title='bbox 412 3370 625 3440; x_wconf 78' lang='grc' dir='ltr'><strong>Οὐάλης</strong></span> <span class='ocrx_word' id='word_1_404' title='bbox 657 3370 713 3423; x_wconf 85' lang='grc' dir='ltr'><strong>δέ</strong></span> <span class='ocrx_word' id='word_1_405' title='bbox 752 3366 1062 3423; x_wconf 85' lang='grc' dir='ltr'><strong>καταλιπὼν</strong></span> <span class='ocrx_word' id='word_1_406' title='bbox 1104 3368 1203 3435; x_wconf 79' lang='grc' dir='ltr'><strong>τὴν</strong></span> <span class='ocrx_word' id='word_1_407' title='bbox 1247 3364 1638 3435; x_wconf 82' lang='grc' dir='ltr'><strong>Νικομήδειαν,</strong></span> <span class='ocrx_word' id='word_1_408' title='bbox 1683 3362 1777 3416; x_wconf 78' lang='grc' dir='ltr'><strong>ἐπὶ</strong></span> <span class='ocrx_word' id='word_1_409' title='bbox 1816 3360 1912 3431; x_wconf 78' lang='grc' dir='ltr'><strong>τὴν</strong></span> 
     </span>
    </p>
   </div>
   <div class='ocr_carea' id='block_1_62' title="bbox 2010 3036 3579 3105">
    <p class='ocr_par' dir='ltr' id='par_1_62' title="bbox 2010 3036 3579 3105">
     <span class='ocr_line' id='line_1_62' title="bbox 2010 3036 3579 3105; baseline -0.004 -8"><span class='ocrx_word' id='word_1_410' title='bbox 2010 3042 2088 3097; x_wconf 84' lang='lat' dir='ltr'><strong>De</strong></span> <span class='ocrx_word' id='word_1_411' title='bbox 2122 3041 2452 3096; x_wconf 70' lang='lat' dir='ltr'><strong>dissensione</strong></span> <span class='ocrx_word' id='word_1_412' title='bbox 2486 3040 2623 3095; x_wconf 81' lang='lat' dir='ltr'><strong>inter</strong></span> <span class='ocrx_word' id='word_1_413' title='bbox 2652 3036 2935 3094; x_wconf 73' lang='lat' dir='ltr'><strong>Eusebium</strong></span> <span class='ocrx_word' id='word_1_414' title='bbox 2967 3036 3350 3094; x_wconf 74' lang='lat' dir='ltr'><strong>Cwsarienscm</strong></span> <span class='ocrx_word' id='word_1_415' title='bbox 3376 3038 3579 3105; x_wconf 77' lang='lat' dir='ltr'><strong>episco-</strong></span> 
     </span>
    </p>
   </div>
   <div class='ocr_carea' id='block_1_63' title="bbox 2078 3108 3576 3182">
    <p class='ocr_par' dir='ltr' id='par_1_63' title="bbox 2078 3108 3576 3182">
     <span class='ocr_line' id='line_1_63' title="bbox 2078 3108 3576 3182; baseline -0.002 -18"><span class='ocrx_word' id='word_1_416' title='bbox 2078 3128 2202 3182; x_wconf 80' lang='lat' dir='ltr'><strong>pum</strong></span> <span class='ocrx_word' id='word_1_417' title='bbox 2245 3123 2293 3165; x_wconf 83' lang='lat' dir='ltr'><strong>et</strong></span> <span class='ocrx_word' id='word_1_418' title='bbox 2338 3110 2597 3182; x_wconf 75' lang='lat' dir='ltr'><strong>Basiliam</strong></span> <span class='ocrx_word' id='word_1_419' title='bbox 2623 3108 2936 3182; x_wconf 69' lang='lat' dir='ltr'><strong>_Meguuut,°</strong></span> <span class='ocrx_word' id='word_1_420' title='bbox 2990 3120 3047 3182; x_wconf 71' lang='lat' dir='ltr'><strong>et</strong></span> <span class='ocrx_word' id='word_1_421' title='bbox 3080 3108 3340 3182; x_wconf 58' lang='lat' dir='ltr'><strong>quomodp</strong></span> <span class='ocrx_word' id='word_1_422' title='bbox 3363 3108 3576 3182; x_wconf 63' lang='lat' dir='ltr'><strong>Afieui,</strong></span> 
     </span>
    </p>
   </div>
   <div class='ocr_carea' id='block_1_64' title="bbox 2083 3175 3579 3249">
    <p class='ocr_par' dir='ltr' id='par_1_64' title="bbox 2083 3175 3579 3249">
     <span class='ocr_line' id='line_1_64' title="bbox 2083 3175 3579 3249; baseline -0.003 -14"><span class='ocrx_word' id='word_1_423' title='bbox 2083 3175 2293 3249; x_wconf 68' lang='lat' dir='ltr'><strong>sumpta</strong></span> <span class='ocrx_word' id='word_1_424' title='bbox 2337 3196 2401 3234; x_wconf 74' lang='lat' dir='ltr'><strong>ea:</strong></span> <span class='ocrx_word' id='word_1_425' title='bbox 2449 3197 2508 3235; x_wconf 78' lang='lat' dir='ltr'><strong>eo</strong></span> <span class='ocrx_word' id='word_1_426' title='bbox 2560 3175 2788 3246; x_wconf 63' lang='lat' dir='ltr'><strong>ﬁducia,</strong></span> <span class='ocrx_word' id='word_1_427' title='bbox 2842 3175 3227 3232; x_wconf 72' lang='lat' dir='ltr'><strong>Cwsarieusem</strong></span> <span class='ocrx_word' id='word_1_428' title='bbox 3284 3175 3579 3232; x_wconf 80' lang='lat' dir='ltr'><strong>Ecclesium</strong></span> 
     </span>
    </p>
   </div>
   <div class='ocr_carea' id='block_1_65' title="bbox 2085 3250 2771 3317">
    <p class='ocr_par' dir='ltr' id='par_1_65' title="bbox 2085 3250 2771 3317">
     <span class='ocr_line' id='line_1_65' title="bbox 2085 3250 2771 3317; baseline -0.006 -14"><span class='ocrx_word' id='word_1_429' title='bbox 2085 3252 2261 3305; x_wconf 81' lang='lat' dir='ltr'><strong>adorti</strong></span> <span class='ocrx_word' id='word_1_430' title='bbox 2291 3261 2437 3315; x_wconf 78' lang='lat' dir='ltr'><strong>sunt,</strong></span> <span class='ocrx_word' id='word_1_431' title='bbox 2471 3266 2532 3301; x_wconf 89' lang='lat' dir='ltr'><strong>ac</strong></span> <span class='ocrx_word' id='word_1_432' title='bbox 2560 3250 2771 3317; x_wconf 79' lang='lat' dir='ltr'><strong>repulsi.</strong></span> 
     </span>
    </p>
   </div>
   <div class='ocr_carea' id='block_1_66' title="bbox 2084 3337 3581 3406">
    <p class='ocr_par' dir='ltr' id='par_1_66' title="bbox 2084 3337 3581 3406">
     <span class='ocr_line' id='line_1_66' title="bbox 2084 3337 3581 3406; baseline -0.004 -9"><span class='ocrx_word' id='word_1_433' title='bbox 2084 3345 2152 3397; x_wconf 80' lang='lat' dir='ltr'><strong>At</strong></span> <span class='ocrx_word' id='word_1_434' title='bbox 2192 3342 2405 3406; x_wconf 83' lang='lat' dir='ltr'><strong>Valens,</strong></span> <span class='ocrx_word' id='word_1_435' title='bbox 2459 3344 2645 3397; x_wconf 85' lang='lat' dir='ltr'><strong>relicta</strong></span> <span class='ocrx_word' id='word_1_436' title='bbox 2681 3338 3017 3404; x_wconf 84' lang='lat' dir='ltr'><strong>Nicomedia,</strong></span> <span class='ocrx_word' id='word_1_437' title='bbox 3066 3337 3417 3399; x_wconf 79' lang='lat' dir='ltr'><strong>Antiochiam</strong></span> <span class='ocrx_word' id='word_1_438' title='bbox 3459 3353 3581 3393; x_wconf 83' lang='lat' dir='ltr'><strong>ver-</strong></span> 
     </span>
    </p>
   </div>
   <div class='ocr_carea' id='block_1_67' title="bbox 356 3422 1907 3530">
    <p class='ocr_par' dir='ltr' id='par_1_67' title="bbox 356 3422 1907 3530">
     <span class='ocr_line' id='line_1_67' title="bbox 356 3422 1907 3530; baseline -0.008 -14"><span class='ocrx_word' id='word_1_439' title='bbox 356 3422 683 3530; x_wconf 72' lang='grc' dir='ltr'><strong>’Δντιόχέίαν</strong></span> <span class='ocrx_word' id='word_1_440' title='bbox 707 3459 825 3513; x_wconf 79' lang='grc' dir='ltr'><strong>ὁδὸν</strong></span> <span class='ocrx_word' id='word_1_441' title='bbox 851 3460 1104 3513; x_wconf 82' lang='grc' dir='ltr'><strong>ἐποιεῖτο.</strong></span> <span class='ocrx_word' id='word_1_442' title='bbox 1154 3422 1242 3510; x_wconf 62' lang='lat' dir='ltr'><strong>:Ev</strong></span> <span class='ocrx_word' id='word_1_443' title='bbox 1285 3422 1464 3525; x_wconf 56' lang='grc' dir='ltr'><strong>τούτω</strong></span> <span class='ocrx_word' id='word_1_444' title='bbox 1502 3454 1581 3518; x_wconf 83' lang='grc' dir='ltr'><strong>δὲ,</strong></span> <span class='ocrx_word' id='word_1_445' title='bbox 1617 3422 1907 3507; x_wconf 64' lang='grc' dir='ltr'><strong>Καππαδό-</strong></span> 
     </span>
    </p>
   </div>
   <div class='ocr_carea' id='block_1_68' title="bbox 2008 3422 3582 3530">
    <p class='ocr_par' dir='ltr' id='par_1_68' title="bbox 2015 3429 3582 3502">
     <span class='ocr_line' id='line_1_68' title="bbox 2015 3429 3582 3502; baseline -0.004 -12"><span class='ocrx_word' id='word_1_446' title='bbox 2015 3450 2110 3490; x_wconf 84' lang='lat' dir='ltr'><strong>sus</strong></span> <span class='ocrx_word' id='word_1_447' title='bbox 2135 3436 2237 3488; x_wconf 84' lang='lat' dir='ltr'><strong>iter</strong></span> <span class='ocrx_word' id='word_1_448' title='bbox 2264 3434 2411 3489; x_wconf 83' lang='lat' dir='ltr'><strong>fecit.</strong></span> <span class='ocrx_word' id='word_1_449' title='bbox 2444 3433 2565 3499; x_wconf 85' lang='lat' dir='ltr'><strong>Quo</strong></span> <span class='ocrx_word' id='word_1_450' title='bbox 2598 3432 2820 3502; x_wconf 83' lang='lat' dir='ltr'><strong>quidem</strong></span> <span class='ocrx_word' id='word_1_451' title='bbox 2853 3440 3100 3499; x_wconf 89' lang='lat' dir='ltr'><strong>tempore</strong></span> <span class='ocrx_word' id='word_1_452' title='bbox 3126 3445 3250 3484; x_wconf 90' lang='lat' dir='ltr'><strong>cum</strong></span> <span class='ocrx_word' id='word_1_453' title='bbox 3280 3429 3335 3482; x_wconf 88' lang='lat' dir='ltr'><strong>in</strong></span> <span class='ocrx_word' id='word_1_454' title='bbox 3372 3429 3582 3498; x_wconf 86' lang='lat' dir='ltr'><strong>Cappa-</strong></span> 
     </span>
    </p>
   </div>
   <div class='ocr_carea' id='block_1_69' title="bbox 341 3542 1914 3620">
    <p class='ocr_par' dir='ltr' id='par_1_69' title="bbox 341 3542 1914 3620">
     <span class='ocr_line' id='line_1_69' title="bbox 341 3542 1914 3620; baseline -0.007 -15"><span class='ocrx_word' id='word_1_455' title='bbox 341 3569 467 3612; x_wconf 84' lang='grc' dir='ltr'><strong>καις</strong></span> <span class='ocrx_word' id='word_1_456' title='bbox 489 3550 816 3620; x_wconf 70' lang='grc' dir='ltr'><strong>ἐνδημῆσας,</strong></span> <span class='ocrx_word' id='word_1_457' title='bbox 847 3550 982 3619; x_wconf 75' lang='grc' dir='ltr'><strong>ὅπερ</strong></span> <span class='ocrx_word' id='word_1_458' title='bbox 1022 3547 1203 3601; x_wconf 84' lang='grc' dir='ltr'><strong>είώθει</strong></span> <span class='ocrx_word' id='word_1_459' title='bbox 1255 3548 1452 3609; x_wconf 88' lang='grc' dir='ltr'><strong>ποιεῖν,</strong></span> <span class='ocrx_word' id='word_1_460' title='bbox 1483 3542 1784 3607; x_wconf 75' lang='grc' dir='ltr'><strong>ἐσπούδαζε</strong></span> <span class='ocrx_word' id='word_1_461' title='bbox 1812 3559 1914 3595; x_wconf 86' lang='grc' dir='ltr'><strong>κα-</strong></span> 
     </span>
    </p>
   </div>
   <div class='ocr_carea' id='block_1_70' title="bbox 344 3632 1918 3712">
    <p class='ocr_par' dir='ltr' id='par_1_70' title="bbox 344 3632 1918 3712">
     <span class='ocr_line' id='line_1_70' title="bbox 344 3632 1918 3712; baseline -0.005 -18"><span class='ocrx_word' id='word_1_462' title='bbox 344 3641 476 3695; x_wconf 81' lang='grc' dir='ltr'><strong>κοῦν</strong></span> <span class='ocrx_word' id='word_1_463' title='bbox 533 3642 657 3702; x_wconf 84' lang='grc' dir='ltr'><strong>τοὺς</strong></span> <span class='ocrx_word' id='word_1_464' title='bbox 705 3638 1059 3712; x_wconf 78' lang='grc' dir='ltr'><strong>ὀρθόφρονας,</strong></span> <span class='ocrx_word' id='word_1_465' title='bbox 1107 3637 1325 3699; x_wconf 76' lang='grc' dir='ltr'><strong>καὶτὰς</strong></span> <span class='ocrx_word' id='word_1_466' title='bbox 1366 3635 1555 3688; x_wconf 87' lang='grc' dir='ltr'><strong>ἐνθάδε</strong></span> <span class='ocrx_word' id='word_1_467' title='bbox 1595 3632 1918 3703; x_wconf 85' lang='grc' dir='ltr'><strong>Ἐκκλησίας</strong></span> 
     </span>
    </p>
   </div>
   <div class='ocr_carea' id='block_1_71' title="bbox 344 3723 1917 3806">
    <p class='ocr_par' dir='ltr' id='par_1_71' title="bbox 344 3723 1917 3806">
     <span class='ocr_line' id='line_1_71' title="bbox 344 3723 1917 3806; baseline -0.008 -20"><span class='ocrx_word' id='word_1_468' title='bbox 344 3733 693 3806; x_wconf 82' lang='grc' dir='ltr'><strong>παραδιδόναι</strong></span> <span class='ocrx_word' id='word_1_469' title='bbox 758 3735 870 3796; x_wconf 84' lang='grc' dir='ltr'><strong>τοῖς</strong></span> <span class='ocrx_word' id='word_1_470' title='bbox 920 3732 989 3785; x_wconf 81' lang='grc' dir='ltr'><strong>τά</strong></span> <span class='ocrx_word' id='word_1_471' title='bbox 1022 3729 1228 3800; x_wconf 82' lang='grc' dir='ltr'><strong>’Δρείου</strong></span> <span class='ocrx_word' id='word_1_472' title='bbox 1274 3725 1551 3798; x_wconf 81' lang='grc' dir='ltr'><strong>φρονοῦσι.</strong></span> <span class='ocrx_word' id='word_1_473' title='bbox 1599 3723 1822 3795; x_wconf 73' lang='grc' dir='ltr'><strong>Ῥᾳδίως</strong></span> <span class='ocrx_word' id='word_1_474' title='bbox 1857 3739 1917 3775; x_wconf 89' lang='grc' dir='ltr'><strong>τε</strong></span> 
     </span>
    </p>
   </div>
   <div class='ocr_carea' id='block_1_72' title="bbox 342 3815 1916 3897">
    <p class='ocr_par' dir='ltr' id='par_1_72' title="bbox 342 3815 1916 3897">
     <span class='ocr_line' id='line_1_72' title="bbox 342 3815 1916 3897; baseline -0.007 -18"><span class='ocrx_word' id='word_1_475' title='bbox 342 3826 502 3880; x_wconf 85' lang='grc' dir='ltr'><strong>τοῦτο</strong></span> <span class='ocrx_word' id='word_1_476' title='bbox 529 3824 892 3897; x_wconf 83' lang='grc' dir='ltr'><strong>κατορθώσειν</strong></span> <span class='ocrx_word' id='word_1_477' title='bbox 919 3822 1075 3894; x_wconf 84' lang='grc' dir='ltr'><strong>ᾢετο,</strong></span> <span class='ocrx_word' id='word_1_478' title='bbox 1117 3822 1183 3873; x_wconf 90' lang='grc' dir='ltr'><strong>ἐκ</strong></span> <span class='ocrx_word' id='word_1_479' title='bbox 1220 3819 1313 3873; x_wconf 83' lang='grc' dir='ltr'><strong>τοῦ</strong></span> <span class='ocrx_word' id='word_1_480' title='bbox 1341 3819 1604 3889; x_wconf 77' lang='grc' dir='ltr'><strong>διαφορᾶς</strong></span> <span class='ocrx_word' id='word_1_481' title='bbox 1626 3833 1767 3880; x_wconf 88' lang='grc' dir='ltr'><strong>τινος</strong></span> <span class='ocrx_word' id='word_1_482' title='bbox 1802 3815 1916 3886; x_wconf 80' lang='lat'><strong>(8|)</strong></span> 
     </span>
    </p>
   </div>
   <div class='ocr_carea' id='block_1_73' title="bbox 344 3907 1919 3988">
    <p class='ocr_par' dir='ltr' id='par_1_73' title="bbox 344 3907 1919 3988">
     <span class='ocr_line' id='line_1_73' title="bbox 344 3907 1919 3988; baseline -0.01 -17"><span class='ocrx_word' id='word_1_483' title='bbox 344 3920 425 3981; x_wconf 84' lang='grc' dir='ltr'><strong>εἰς</strong></span> <span class='ocrx_word' id='word_1_484' title='bbox 449 3919 625 3988; x_wconf 87' lang='grc' dir='ltr'><strong>λύπην</strong></span> <span class='ocrx_word' id='word_1_485' title='bbox 676 3916 1010 3985; x_wconf 84' lang='grc' dir='ltr'><strong>καταστῆναι</strong></span> <span class='ocrx_word' id='word_1_486' title='bbox 1052 3912 1331 3966; x_wconf 86' lang='grc' dir='ltr'><strong>Βασίλειον</strong></span> <span class='ocrx_word' id='word_1_487' title='bbox 1363 3910 1611 3978; x_wconf 71' lang='grc' dir='ltr'><strong>Εὑσεὸίῳ</strong></span> <span class='ocrx_word' id='word_1_488' title='bbox 1642 3908 1762 3963; x_wconf 85' lang='grc' dir='ltr'><strong>τότε</strong></span> <span class='ocrx_word' id='word_1_489' title='bbox 1801 3907 1919 3958; x_wconf 84' lang='grc' dir='ltr'><strong>ἐπι-</strong></span> 
     </span>
    </p>
   </div>
   <div class='ocr_carea' id='block_1_74' title="bbox 343 3994 1916 4078">
    <p class='ocr_par' dir='ltr' id='par_1_74' title="bbox 343 3994 1916 4078">
     <span class='ocr_line' id='line_1_74' title="bbox 343 3994 1916 4078; baseline -0.01 -17"><span class='ocrx_word' id='word_1_490' title='bbox 343 4008 659 4078; x_wconf 86' lang='grc' dir='ltr'><strong>τροπεύοντι</strong></span> <span class='ocrx_word' id='word_1_491' title='bbox 681 4007 780 4076; x_wconf 82' lang='grc' dir='ltr'><strong>τὴν</strong></span> <span class='ocrx_word' id='word_1_492' title='bbox 801 4002 1119 4075; x_wconf 70' lang='grc' dir='ltr'><strong>Καισαρέων</strong></span> <span class='ocrx_word' id='word_1_493' title='bbox 1148 4000 1493 4070; x_wconf 84' lang='grc' dir='ltr'><strong>Ἐκκλησίαν.</strong></span> <span class='ocrx_word' id='word_1_494' title='bbox 1534 3997 1624 4050; x_wconf 83' lang='grc' dir='ltr'><strong>Διὸ</strong></span> <span class='ocrx_word' id='word_1_495' title='bbox 1644 3996 1738 4050; x_wconf 73' lang='grc' dir='ltr'><strong>καὶ</strong></span> <span class='ocrx_word' id='word_1_496' title='bbox 1782 3994 1916 4065; x_wconf 79' lang='grc' dir='ltr'><strong>πρὸς</strong></span> 
     </span>
    </p>
   </div>
   <div class='ocr_carea' id='block_1_75' title="bbox 343 4081 1918 4165">
    <p class='ocr_par' dir='ltr' id='par_1_75' title="bbox 343 4081 1918 4165">
     <span class='ocr_line' id='line_1_75' title="bbox 343 4081 1918 4165; baseline -0.012 -13"><span class='ocrx_word' id='word_1_497' title='bbox 343 4100 436 4152; x_wconf 84' lang='grc' dir='ltr'><strong>τὸν</strong></span> <span class='ocrx_word' id='word_1_498' title='bbox 464 4098 662 4150; x_wconf 86' lang='grc' dir='ltr'><strong>Πόντον</strong></span> <span class='ocrx_word' id='word_1_499' title='bbox 693 4093 1036 4165; x_wconf 83' lang='grc' dir='ltr'><strong>ὑπεχώρησε,</strong></span> <span class='ocrx_word' id='word_1_500' title='bbox 1071 4091 1165 4145; x_wconf 79' lang='grc' dir='ltr'><strong>καὶ</strong></span> <span class='ocrx_word' id='word_1_501' title='bbox 1198 4092 1308 4153; x_wconf 89' lang='grc' dir='ltr'><strong>τοῖς</strong></span> <span class='ocrx_word' id='word_1_502' title='bbox 1349 4086 1536 4141; x_wconf 83' lang='grc' dir='ltr'><strong>ἐνθάδε</strong></span> <span class='ocrx_word' id='word_1_503' title='bbox 1568 4081 1918 4153; x_wconf 56' lang='grc' dir='ltr'><strong>φιλοσοψούσι</strong></span> 
     </span>
    </p>
   </div>
   <div class='ocr_carea' id='block_1_76' title="bbox 348 4173 1918 4260">
    <p class='ocr_par' dir='ltr' id='par_1_76' title="bbox 348 4173 1918 4260">
     <span class='ocr_line' id='line_1_76' title="bbox 348 4173 1918 4260; baseline -0.013 -16"><span class='ocrx_word' id='word_1_504' title='bbox 348 4190 600 4260; x_wconf 82' lang='grc' dir='ltr'><strong>μοναχοῖς</strong></span> <span class='ocrx_word' id='word_1_505' title='bbox 621 4186 804 4255; x_wconf 83' lang='grc' dir='ltr'><strong>συνῆν.</strong></span> <span class='ocrx_word' id='word_1_506' title='bbox 835 4185 909 4237; x_wconf 81' lang='grc' dir='ltr'>Τὸ</span> <span class='ocrx_word' id='word_1_507' title='bbox 953 4184 1011 4236; x_wconf 84' lang='grc' dir='ltr'><strong>δέ</strong></span> <span class='ocrx_word' id='word_1_508' title='bbox 1051 4181 1269 4251; x_wconf 78' lang='grc' dir='ltr'><strong>πλῆθος,</strong></span> <span class='ocrx_word' id='word_1_509' title='bbox 1314 4180 1407 4232; x_wconf 71' lang='grc' dir='ltr'><strong>καὶ</strong></span> <span class='ocrx_word' id='word_1_510' title='bbox 1439 4176 1673 4247; x_wconf 85' lang='grc' dir='ltr'><strong>μάλιστα</strong></span> <span class='ocrx_word' id='word_1_511' title='bbox 1704 4173 1918 4260; x_wconf 11' lang='grc' dir='ltr'><strong>οἱνκρά-</strong></span> 
     </span>
    </p>
   </div>
   <div class='ocr_carea' id='block_1_77' title="bbox 345 4259 1913 4347">
    <p class='ocr_par' dir='ltr' id='par_1_77' title="bbox 345 4259 1913 4347">
     <span class='ocr_line' id='line_1_77' title="bbox 345 4259 1913 4347; baseline -0.012 -13"><span class='ocrx_word' id='word_1_512' title='bbox 345 4297 519 4334; x_wconf 85' lang='grc' dir='ltr'><strong>τιστοι</strong></span> <span class='ocrx_word' id='word_1_513' title='bbox 547 4280 642 4333; x_wconf 75' lang='grc' dir='ltr'><strong>καὶ</strong></span> <span class='ocrx_word' id='word_1_514' title='bbox 673 4260 989 4347; x_wconf 61' lang='grc' dir='ltr'><strong>σοφώτεροι,</strong></span> <span class='ocrx_word' id='word_1_515' title='bbox 1011 4277 1068 4327; x_wconf 81' lang='grc' dir='ltr'><strong>ἐν</strong></span> <span class='ocrx_word' id='word_1_516' title='bbox 1102 4271 1327 4342; x_wconf 79' lang='grc' dir='ltr'><strong>ὑπονοίᾳ</strong></span> <span class='ocrx_word' id='word_1_517' title='bbox 1342 4269 1429 4323; x_wconf 84' lang='grc' dir='ltr'><strong>τὸν</strong></span> <span class='ocrx_word' id='word_1_518' title='bbox 1454 4265 1709 4320; x_wconf 80' lang='grc' dir='ltr'><strong>Εὑσέϐιον</strong></span> <span class='ocrx_word' id='word_1_519' title='bbox 1738 4259 1880 4334; x_wconf 80' lang='grc' dir='ltr'><strong>εἶχον</strong></span> <span class='ocrx_word' id='word_1_520' title='bbox 1900 4280 1913 4293; x_wconf 81' lang='grc'><em>’</em></span> 
     </span>
    </p>
   </div>
   <div class='ocr_carea' id='block_1_78' title="bbox 347 4354 1916 4441">
    <p class='ocr_par' dir='ltr' id='par_1_78' title="bbox 347 4354 1916 4441">
     <span class='ocr_line' id='line_1_78' title="bbox 347 4354 1916 4441; baseline -0.014 -14"><span class='ocrx_word' id='word_1_521' title='bbox 347 4374 442 4426; x_wconf 77' lang='grc' dir='ltr'><strong>καὶ</strong></span> <span class='ocrx_word' id='word_1_522' title='bbox 463 4373 538 4436; x_wconf 82' lang='grc' dir='ltr'><strong>ὡς</strong></span> <span class='ocrx_word' id='word_1_523' title='bbox 566 4371 744 4441; x_wconf 78' lang='grc' dir='ltr'><strong>φυγῆς</strong></span> <span class='ocrx_word' id='word_1_524' title='bbox 769 4369 940 4423; x_wconf 76' lang='grc' dir='ltr'><strong>αἴτιον</strong></span> <span class='ocrx_word' id='word_1_525' title='bbox 966 4364 1255 4434; x_wconf 84' lang='grc' dir='ltr'><strong>γενόμενον</strong></span> <span class='ocrx_word' id='word_1_526' title='bbox 1277 4359 1467 4431; x_wconf 83' lang='grc' dir='ltr'><strong>ἀνδρὸς</strong></span> <span class='ocrx_word' id='word_1_527' title='bbox 1485 4354 1916 4426; x_wconf 85' lang='grc' dir='ltr'><strong>εὑδοκιμωτάτου</strong></span> 
     </span>
    </p>
   </div>
   <div class='ocr_carea' id='block_1_79' title="bbox 347 4442 1916 4534">
    <p class='ocr_par' dir='ltr' id='par_1_79' title="bbox 347 4442 1916 4534">
     <span class='ocr_line' id='line_1_79' title="bbox 347 4442 1916 4534; baseline -0.015 -17"><span class='ocrx_word' id='word_1_528' title='bbox 347 4468 407 4517; x_wconf 87' lang='grc' dir='ltr'><strong>ἐν</strong></span> <span class='ocrx_word' id='word_1_529' title='bbox 443 4463 522 4534; x_wconf 84' lang='grc' dir='ltr'><strong>τῷ</strong></span> <span class='ocrx_word' id='word_1_530' title='bbox 552 4462 698 4532; x_wconf 79' lang='grc' dir='ltr'><strong>βιοῦν</strong></span> <span class='ocrx_word' id='word_1_531' title='bbox 723 4462 817 4516; x_wconf 62' lang='grc' dir='ltr'><strong>καί⁵</strong></span> <span class='ocrx_word' id='word_1_532' title='bbox 841 4458 1042 4525; x_wconf 81' lang='grc' dir='ltr'><strong>λέγειν,</strong></span> <span class='ocrx_word' id='word_1_533' title='bbox 1063 4454 1349 4509; x_wconf 82' lang='grc' dir='ltr'><strong>ἀπολιπεῖν</strong></span> <span class='ocrx_word' id='word_1_534' title='bbox 1376 4449 1535 4503; x_wconf 85' lang='grc' dir='ltr'><strong>αὑτὸν</strong></span> <span class='ocrx_word' id='word_1_535' title='bbox 1553 4442 1916 4534; x_wconf 73' lang='grc' dir='ltr'><strong>ἐϐουλεύοντο,</strong></span> 
     </span>
    </p>
   </div>
   <div class='ocr_carea' id='block_1_80' title="bbox 348 4533 1917 4615">
    <p class='ocr_par' dir='ltr' id='par_1_80' title="bbox 348 4533 1917 4615">
     <span class='ocr_line' id='line_1_80' title="bbox 348 4533 1917 4615; baseline -0.014 -8"><span class='ocrx_word' id='word_1_536' title='bbox 348 4555 445 4607; x_wconf 80' lang='grc' dir='ltr'><strong>καὶ</strong></span> <span class='ocrx_word' id='word_1_537' title='bbox 469 4533 590 4606; x_wconf 82' lang='grc' dir='ltr'><strong>καθ’</strong></span> <span class='ocrx_word' id='word_1_538' title='bbox 622 4550 848 4611; x_wconf 70' lang='grc' dir='ltr'><strong>ἑαυτοὺς</strong></span> <span class='ocrx_word' id='word_1_539' title='bbox 893 4543 1291 4615; x_wconf 76' lang='grc' dir='ltr'><strong>ἐκκλησιάζειν.</strong></span> <span class='ocrx_word' id='word_1_540' title='bbox 1336 4537 1474 4592; x_wconf 83' lang='grc' dir='ltr'><strong>Ἀλλ’</strong></span> <span class='ocrx_word' id='word_1_541' title='bbox 1504 4539 1533 4592; x_wconf 85' lang='grc' dir='ltr'>ὁ</span> <span class='ocrx_word' id='word_1_542' title='bbox 1576 4537 1694 4607; x_wconf 80' lang='grc' dir='ltr'><strong>μὲν,</strong></span> <span class='ocrx_word' id='word_1_543' title='bbox 1728 4534 1813 4587; x_wconf 84' lang='grc' dir='ltr'><strong>ἵνα</strong></span> <span class='ocrx_word' id='word_1_544' title='bbox 1842 4533 1917 4604; x_wconf 81' lang='grc' dir='ltr'><strong>μὴ</strong></span> 
     </span>
    </p>
   </div>
   <div class='ocr_carea' id='block_1_81' title="bbox 350 4625 1918 4703">
    <p class='ocr_par' dir='ltr' id='par_1_81' title="bbox 350 4625 1918 4703">
     <span class='ocr_line' id='line_1_81' title="bbox 350 4625 1918 4703; baseline -0.013 -6"><span class='ocrx_word' id='word_1_545' title='bbox 350 4642 446 4697; x_wconf 71' lang='grc' dir='ltr'><strong>καὶ</strong></span> <span class='ocrx_word' id='word_1_546' title='bbox 490 4640 551 4694; x_wconf 80' lang='grc' dir='ltr'><strong>τὸ</strong></span> <span class='ocrx_word' id='word_1_547' title='bbox 595 4640 717 4695; x_wconf 83' lang='grc' dir='ltr'><strong>καθ’</strong></span> <span class='ocrx_word' id='word_1_548' title='bbox 770 4636 963 4691; x_wconf 82' lang='grc' dir='ltr'><strong>ἐαυτὸν</strong></span> <span class='ocrx_word' id='word_1_549' title='bbox 1006 4632 1273 4703; x_wconf 71' lang='grc' dir='ltr'><strong>ἐπιτρέψῃ</strong></span> <span class='ocrx_word' id='word_1_550' title='bbox 1302 4630 1401 4701; x_wconf 83' lang='grc' dir='ltr'><strong>τὴν</strong></span> <span class='ocrx_word' id='word_1_551' title='bbox 1453 4625 1778 4694; x_wconf 82' lang='grc' dir='ltr'><strong>Ἐκκλησίαν</strong></span> <span class='ocrx_word' id='word_1_552' title='bbox 1818 4625 1918 4677; x_wconf 87' lang='grc' dir='ltr'><strong>οὑκ</strong></span> 
     </span>
    </p>
   </div>
   <div class='ocr_carea' id='block_1_82' title="bbox 2015 3521 3579 3590">
    <p class='ocr_par' dir='ltr' id='par_1_82' title="bbox 2015 3521 3579 3590">
     <span class='ocr_line' id='line_1_82' title="bbox 2015 3521 3579 3590; baseline -0.002 -11"><span class='ocrx_word' id='word_1_553' title='bbox 2015 3525 2228 3579; x_wconf 81' lang='lat' dir='ltr'><strong>dociam</strong></span> <span class='ocrx_word' id='word_1_554' title='bbox 2261 3525 2522 3586; x_wconf 88' lang='lat' dir='ltr'><strong>venisset,</strong></span> <span class='ocrx_word' id='word_1_555' title='bbox 2549 3522 2905 3585; x_wconf 82' lang='lat' dir='ltr'><strong>orthodoxos,</strong></span> <span class='ocrx_word' id='word_1_556' title='bbox 2932 3529 2989 3574; x_wconf 93' lang='lat' dir='ltr'><strong>ut</strong></span> <span class='ocrx_word' id='word_1_557' title='bbox 3019 3521 3249 3584; x_wconf 85' lang='lat' dir='ltr'><strong>solebat,</strong></span> <span class='ocrx_word' id='word_1_558' title='bbox 3277 3522 3579 3590; x_wconf 73' lang='lat' dir='ltr'><strong>exagitare,</strong></span> 
     </span>
    </p>
   </div>
   <div class='ocr_carea' id='block_1_83' title="bbox 2016 3611 3582 3682">
    <p class='ocr_par' dir='ltr' id='par_1_83' title="bbox 2016 3611 3582 3682">
     <span class='ocr_line' id='line_1_83' title="bbox 2016 3611 3582 3682; baseline -0.002 -14"><span class='ocrx_word' id='word_1_559' title='bbox 2016 3624 2070 3668; x_wconf 91' lang='lat' dir='ltr'><strong>et</strong></span> <span class='ocrx_word' id='word_1_560' title='bbox 2115 3614 2259 3668; x_wconf 89' lang='lat' dir='ltr'><strong>illius</strong></span> <span class='ocrx_word' id='word_1_561' title='bbox 2305 3613 2601 3682; x_wconf 77' lang='lat' dir='ltr'><strong>provincia:</strong></span> <span class='ocrx_word' id='word_1_562' title='bbox 2647 3612 2925 3667; x_wconf 84' lang='lat' dir='ltr'><strong>Ecclesias</strong></span> <span class='ocrx_word' id='word_1_563' title='bbox 2956 3611 3177 3665; x_wconf 82' lang='lat' dir='ltr'><strong>Arianis</strong></span> <span class='ocrx_word' id='word_1_564' title='bbox 3204 3611 3421 3666; x_wconf 86' lang='lat' dir='ltr'><strong>tradere</strong></span> <span class='ocrx_word' id='word_1_565' title='bbox 3465 3617 3582 3666; x_wconf 83' lang='lat' dir='ltr'><strong>stu-</strong></span> 
     </span>
    </p>
   </div>
   <div class='ocr_carea' id='block_1_84' title="bbox 2014 3700 3632 3772">
    <p class='ocr_par' dir='ltr' id='par_1_84' title="bbox 2014 3700 3632 3772">
     <span class='ocr_line' id='line_1_84' title="bbox 2014 3700 3632 3772; baseline -0.002 -15"><span class='ocrx_word' id='word_1_566' title='bbox 2014 3704 2152 3758; x_wconf 87' lang='lat' dir='ltr'><strong>duit.</strong></span> <span class='ocrx_word' id='word_1_567' title='bbox 2186 3704 2349 3772; x_wconf 86' lang='lat' dir='ltr'><strong>ldque</strong></span> <span class='ocrx_word' id='word_1_568' title='bbox 2375 3718 2441 3757; x_wconf 90' lang='lat' dir='ltr'><strong>eo</strong></span> <span class='ocrx_word' id='word_1_569' title='bbox 2473 3701 2690 3756; x_wconf 82' lang='lat' dir='ltr'><strong>facilius</strong></span> <span class='ocrx_word' id='word_1_570' title='bbox 2733 3717 2793 3756; x_wconf 88' lang='lat' dir='ltr'><strong>se</strong></span> <span class='ocrx_word' id='word_1_571' title='bbox 2837 3709 3269 3756; x_wconf 83' lang='lat' dir='ltr'><strong>consecuturum</strong></span> <span class='ocrx_word' id='word_1_572' title='bbox 3304 3700 3581 3770; x_wconf 86' lang='lat' dir='ltr'><strong>sperabat,</strong></span> <span class='ocrx_word' id='word_1_573' title='bbox 3627 3712 3632 3722; x_wconf 80' lang='lat'><strong>&#39;</strong></span> 
     </span>
    </p>
   </div>
   <div class='ocr_carea' id='block_1_85' title="bbox 2015 3793 3585 3869">
    <p class='ocr_par' dir='ltr' id='par_1_85' title="bbox 2015 3793 3585 3869">
     <span class='ocr_line' id='line_1_85' title="bbox 2015 3793 3585 3869; baseline -0.002 -20"><span class='ocrx_word' id='word_1_574' title='bbox 2015 3798 2160 3869; x_wconf 79' lang='lat' dir='ltr'><strong>quod</strong></span> <span class='ocrx_word' id='word_1_575' title='bbox 2204 3796 2475 3852; x_wconf 89' lang='lat' dir='ltr'><strong>dissensio</strong></span> <span class='ocrx_word' id='word_1_576' title='bbox 2520 3793 2770 3866; x_wconf 68' lang='lat' dir='ltr'><strong>qumdam</strong></span> <span class='ocrx_word' id='word_1_577' title='bbox 2811 3809 2875 3848; x_wconf 90' lang='lat' dir='ltr'><strong>ac</strong></span> <span class='ocrx_word' id='word_1_578' title='bbox 2922 3795 3176 3850; x_wconf 84' lang='lat' dir='ltr'><strong>simultas</strong></span> <span class='ocrx_word' id='word_1_579' title='bbox 3222 3794 3585 3849; x_wconf 86' lang='lat' dir='ltr'><strong>intercederet</strong></span> 
     </span>
    </p>
   </div>
   <div class='ocr_carea' id='block_1_86' title="bbox 2017 3886 3583 3958">
    <p class='ocr_par' dir='ltr' id='par_1_86' title="bbox 2017 3886 3583 3958">
     <span class='ocr_line' id='line_1_86' title="bbox 2017 3886 3583 3958; baseline -0.004 -12"><span class='ocrx_word' id='word_1_580' title='bbox 2017 3892 2160 3946; x_wconf 85' lang='lat' dir='ltr'><strong>inter</strong></span> <span class='ocrx_word' id='word_1_581' title='bbox 2200 3889 2457 3945; x_wconf 83' lang='lat' dir='ltr'><strong>Basiliam</strong></span> <span class='ocrx_word' id='word_1_582' title='bbox 2481 3896 2534 3944; x_wconf 92' lang='lat' dir='ltr'><strong>et</strong></span> <span class='ocrx_word' id='word_1_583' title='bbox 2565 3888 2880 3955; x_wconf 84' lang='lat' dir='ltr'><strong>Eusebium,</strong></span> <span class='ocrx_word' id='word_1_584' title='bbox 2911 3888 3006 3958; x_wconf 91' lang='lat' dir='ltr'><strong>qui</strong></span> <span class='ocrx_word' id='word_1_585' title='bbox 3031 3897 3162 3941; x_wconf 90' lang='lat' dir='ltr'><strong>tunc</strong></span> <span class='ocrx_word' id='word_1_586' title='bbox 3191 3886 3583 3941; x_wconf 64' lang='lat' dir='ltr'><strong>Caesariensem</strong></span> 
     </span>
    </p>
   </div>
   <div class='ocr_carea' id='block_1_87' title="bbox 2018 3976 3583 4046">
    <p class='ocr_par' dir='ltr' id='par_1_87' title="bbox 2018 3976 3583 4046">
     <span class='ocr_line' id='line_1_87' title="bbox 2018 3976 3583 4046; baseline -0.006 -10"><span class='ocrx_word' id='word_1_587' title='bbox 2018 3982 2311 4037; x_wconf 71' lang='lat' dir='ltr'><strong>Ecclesiam</strong></span> <span class='ocrx_word' id='word_1_588' title='bbox 2366 3980 2801 4035; x_wconf 88' lang='lat' dir='ltr'><strong>administrabat.</strong></span> <span class='ocrx_word' id='word_1_589' title='bbox 2851 3978 2971 4046; x_wconf 85' lang='lat' dir='ltr'><strong>Qua</strong></span> <span class='ocrx_word' id='word_1_590' title='bbox 3020 3979 3089 4035; x_wconf 87' lang='lat' dir='ltr'><strong>de</strong></span> <span class='ocrx_word' id='word_1_591' title='bbox 3140 3992 3306 4032; x_wconf 84' lang='lat' dir='ltr'><strong>causa</strong></span> <span class='ocrx_word' id='word_1_592' title='bbox 3348 3976 3583 4029; x_wconf 79' lang='lat' dir='ltr'><strong>Basilius</strong></span> 
     </span>
    </p>
   </div>
   <div class='ocr_carea' id='block_1_88' title="bbox 2016 4067 3585 4141">
    <p class='ocr_par' dir='ltr' id='par_1_88' title="bbox 2016 4067 3585 4141">
     <span class='ocr_line' id='line_1_88' title="bbox 2016 4067 3585 4141; baseline -0.004 -13"><span class='ocrx_word' id='word_1_593' title='bbox 2016 4089 2077 4128; x_wconf 88' lang='lat' dir='ltr'><strong>se</strong></span> <span class='ocrx_word' id='word_1_594' title='bbox 2121 4074 2174 4127; x_wconf 90' lang='lat' dir='ltr'><strong>in</strong></span> <span class='ocrx_word' id='word_1_595' title='bbox 2225 4071 2455 4126; x_wconf 90' lang='lat' dir='ltr'><strong>Pontum</strong></span> <span class='ocrx_word' id='word_1_596' title='bbox 2507 4080 2820 4141; x_wconf 77' lang='lat' dir='ltr'><strong>receperat,</strong></span> <span class='ocrx_word' id='word_1_597' title='bbox 2867 4078 2922 4125; x_wconf 90' lang='lat' dir='ltr'><strong>et</strong></span> <span class='ocrx_word' id='word_1_598' title='bbox 2961 4085 3085 4123; x_wconf 88' lang='lat' dir='ltr'><strong>cum</strong></span> <span class='ocrx_word' id='word_1_599' title='bbox 3136 4069 3422 4132; x_wconf 78' lang='lat' dir='ltr'><strong>monachis</strong></span> <span class='ocrx_word' id='word_1_600' title='bbox 3467 4067 3585 4121; x_wconf 83' lang='lat' dir='ltr'><strong>illic</strong></span> 
     </span>
    </p>
   </div>
   <div class='ocr_carea' id='block_1_89' title="bbox 2019 4159 3584 4235">
    <p class='ocr_par' dir='ltr' id='par_1_89' title="bbox 2019 4159 3584 4235">
     <span class='ocr_line' id='line_1_89' title="bbox 2019 4159 3584 4235; baseline -0.004 -18"><span class='ocrx_word' id='word_1_601' title='bbox 2019 4163 2532 4235; x_wconf 79' lang='lat' dir='ltr'><strong>pltilOSOphantibus</strong></span> <span class='ocrx_word' id='word_1_602' title='bbox 2588 4162 2927 4217; x_wconf 86' lang='lat' dir='ltr'><strong>versabatur.</strong></span> <span class='ocrx_word' id='word_1_603' title='bbox 2987 4159 3228 4228; x_wconf 83' lang='lat' dir='ltr'><strong>Populus</strong></span> <span class='ocrx_word' id='word_1_604' title='bbox 3280 4173 3449 4221; x_wconf 89' lang='lat' dir='ltr'><strong>vero,</strong></span> <span class='ocrx_word' id='word_1_605' title='bbox 3519 4173 3584 4211; x_wconf 84' lang='lat' dir='ltr'><strong>ac</strong></span> 
     </span>
    </p>
   </div>
   <div class='ocr_carea' id='block_1_90' title="bbox 2018 4248 3585 4326">
    <p class='ocr_par' dir='ltr' id='par_1_90' title="bbox 2018 4248 3585 4326">
     <span class='ocr_line' id='line_1_90' title="bbox 2018 4248 3585 4326; baseline -0.003 -17"><span class='ocrx_word' id='word_1_606' title='bbox 2018 4256 2291 4326; x_wconf 70' lang='lat' dir='ltr'><strong>pra-cipue</strong></span> <span class='ocrx_word' id='word_1_607' title='bbox 2336 4253 2521 4322; x_wconf 82' lang='lat' dir='ltr'><strong>optimi</strong></span> <span class='ocrx_word' id='word_1_608' title='bbox 2568 4254 2773 4322; x_wconf 89' lang='lat' dir='ltr'><strong>quique</strong></span> <span class='ocrx_word' id='word_1_609' title='bbox 2820 4265 2887 4305; x_wconf 85' lang='lat' dir='ltr'><strong>ae</strong></span> <span class='ocrx_word' id='word_1_610' title='bbox 2933 4249 3368 4319; x_wconf 86' lang='lat' dir='ltr'><strong>prudentissimi,</strong></span> <span class='ocrx_word' id='word_1_611' title='bbox 3416 4248 3585 4304; x_wconf 84' lang='lat' dir='ltr'><strong>Euse-</strong></span> 
     </span>
    </p>
   </div>
   <div class='ocr_carea' id='block_1_91' title="bbox 2016 4341 3582 4412">
    <p class='ocr_par' dir='ltr' id='par_1_91' title="bbox 2016 4341 3582 4412">
     <span class='ocr_line' id='line_1_91' title="bbox 2016 4341 3582 4412; baseline -0.005 -11"><span class='ocrx_word' id='word_1_612' title='bbox 2016 4346 2171 4401; x_wconf 83' lang='lat' dir='ltr'><strong>bium</strong></span> <span class='ocrx_word' id='word_1_613' title='bbox 2215 4351 2525 4412; x_wconf 70' lang='lat' dir='ltr'><strong>suspectum</strong></span> <span class='ocrx_word' id='word_1_614' title='bbox 2583 4342 2783 4397; x_wconf 79' lang='lat' dir='ltr'><strong>habere</strong></span> <span class='ocrx_word' id='word_1_615' title='bbox 2838 4349 3162 4411; x_wconf 76' lang='lat' dir='ltr'><strong>cmperuut:</strong></span> <span class='ocrx_word' id='word_1_616' title='bbox 3195 4343 3355 4409; x_wconf 89' lang='lat' dir='ltr'><strong>eique</strong></span> <span class='ocrx_word' id='word_1_617' title='bbox 3402 4341 3582 4410; x_wconf 78' lang='lat' dir='ltr'><strong>fugam</strong></span> 
     </span>
    </p>
   </div>
   <div class='ocr_carea' id='block_1_92' title="bbox 1992 4430 3584 4500">
    <p class='ocr_par' dir='ltr' id='par_1_92' title="bbox 1992 4430 3584 4500">
     <span class='ocr_line' id='line_1_92' title="bbox 1992 4430 3584 4500; baseline -0.006 -11"><span class='ocrx_word' id='word_1_618' title='bbox 1992 4435 2145 4497; x_wconf 80' lang='lat' dir='ltr'><strong>.viri,</strong></span> <span class='ocrx_word' id='word_1_619' title='bbox 2189 4440 2300 4486; x_wconf 90' lang='lat' dir='ltr'><strong>tum</strong></span> <span class='ocrx_word' id='word_1_620' title='bbox 2342 4434 2412 4487; x_wconf 87' lang='lat' dir='ltr'><strong>ob</strong></span> <span class='ocrx_word' id='word_1_621' title='bbox 2441 4433 2628 4496; x_wconf 84' lang='lat' dir='ltr'><strong>\itam,</strong></span> <span class='ocrx_word' id='word_1_622' title='bbox 2670 4440 2783 4485; x_wconf 91' lang='lat' dir='ltr'><strong>tum</strong></span> <span class='ocrx_word' id='word_1_623' title='bbox 2817 4431 2890 4485; x_wconf 93' lang='lat' dir='ltr'><strong>ob</strong></span> <span class='ocrx_word' id='word_1_624' title='bbox 2932 4430 3300 4500; x_wconf 87' lang='lat' dir='ltr'><strong>eloquentiant</strong></span> <span class='ocrx_word' id='word_1_625' title='bbox 3337 4431 3584 4485; x_wconf 55' lang='lat' dir='ltr'><strong>celeber.</strong></span> 
     </span>
    </p>
   </div>
   <div class='ocr_carea' id='block_1_93' title="bbox 2021 4522 3583 4596">
    <p class='ocr_par' dir='ltr' id='par_1_93' title="bbox 2021 4522 3583 4596">
     <span class='ocr_line' id='line_1_93' title="bbox 2021 4522 3583 4596; baseline -0.004 -15"><span class='ocrx_word' id='word_1_626' title='bbox 2021 4529 2146 4582; x_wconf 89' lang='lat' dir='ltr'><strong>rimi</strong></span> <span class='ocrx_word' id='word_1_627' title='bbox 2191 4527 2558 4596; x_wconf 81' lang='lat' dir='ltr'><strong>assignantes,</strong></span> <span class='ocrx_word' id='word_1_628' title='bbox 2588 4524 2842 4580; x_wconf 88' lang='lat' dir='ltr'><strong>deserere</strong></span> <span class='ocrx_word' id='word_1_629' title='bbox 2872 4524 3049 4585; x_wconf 91' lang='lat' dir='ltr'><strong>illum,</strong></span> <span class='ocrx_word' id='word_1_630' title='bbox 3095 4530 3149 4576; x_wconf 84' lang='lat' dir='ltr'><strong>et</strong></span> <span class='ocrx_word' id='word_1_631' title='bbox 3184 4537 3436 4576; x_wconf 85' lang='lat' dir='ltr'><strong>seorsum</strong></span> <span class='ocrx_word' id='word_1_632' title='bbox 3466 4522 3583 4577; x_wconf 87' lang='lat' dir='ltr'><strong>eol-</strong></span> 
     </span>
    </p>
   </div>
   <div class='ocr_carea' id='block_1_94' title="bbox 2022 4612 3582 4687">
    <p class='ocr_par' dir='ltr' id='par_1_94' title="bbox 2022 4612 3582 4687">
     <span class='ocr_line' id='line_1_94' title="bbox 2022 4612 3582 4687; baseline -0.006 -14"><span class='ocrx_word' id='word_1_633' title='bbox 2022 4620 2191 4673; x_wconf 85' lang='lat' dir='ltr'><strong>lertas</strong></span> <span class='ocrx_word' id='word_1_634' title='bbox 2214 4631 2373 4687; x_wconf 80' lang='lat' dir='ltr'><strong>agere</strong></span> <span class='ocrx_word' id='word_1_635' title='bbox 2397 4615 2820 4671; x_wconf 87' lang='lat' dir='ltr'><strong>meditabantur.</strong></span> <span class='ocrx_word' id='word_1_636' title='bbox 2855 4612 3049 4669; x_wconf 81' lang='lat' dir='ltr'><strong>Verum</strong></span> <span class='ocrx_word' id='word_1_637' title='bbox 3075 4613 3308 4667; x_wconf 78' lang='lat' dir='ltr'><strong>Basilius</strong></span> <span class='ocrx_word' id='word_1_638' title='bbox 3338 4612 3582 4681; x_wconf 87' lang='lat' dir='ltr'><strong>quidem,</strong></span> 
     </span>
    </p>
   </div>
   <div class='ocr_carea' id='block_1_95' title="bbox 348 4703 1907 4809">
    <p class='ocr_par' dir='ltr' id='par_1_95' title="bbox 348 4714 1907 4809">
     <span class='ocr_line' id='line_1_95' title="bbox 348 4714 1907 4809; baseline -0.015 -22"><span class='ocrx_word' id='word_1_639' title='bbox 348 4734 506 4787; x_wconf 84' lang='grc' dir='ltr'><strong>ἐνδεᾶ</strong></span> <span class='ocrx_word' id='word_1_640' title='bbox 534 4716 776 4800; x_wconf 78' lang='grc' dir='ltr'><strong>θορύϐων</strong></span> <span class='ocrx_word' id='word_1_641' title='bbox 804 4728 892 4781; x_wconf 79' lang='grc' dir='ltr'><strong>διὰ</strong></span> <span class='ocrx_word' id='word_1_642' title='bbox 911 4726 1008 4790; x_wconf 85' lang='grc' dir='ltr'><strong>τὰς</strong></span> <span class='ocrx_word' id='word_1_643' title='bbox 1034 4721 1430 4782; x_wconf 86' lang='grc' dir='ltr'><strong>ἐπαναστάσεις</strong></span> <span class='ocrx_word' id='word_1_644' title='bbox 1449 4717 1556 4770; x_wconf 79' lang='grc' dir='ltr'><strong>τῶν</strong></span> <span class='ocrx_word' id='word_1_645' title='bbox 1577 4718 1660 4768; x_wconf 87' lang='grc' dir='ltr'><strong>ἐτε</strong></span> <span class='ocrx_word' id='word_1_646' title='bbox 1670 4714 1907 4809; x_wconf 58' lang='grc' dir='ltr'><strong>ροδόςων²</strong></span> 
     </span>
    </p>
   </div>
   <div class='ocr_carea' id='block_1_96' title="bbox 2008 4703 3586 4809">
    <p class='ocr_par' dir='ltr' id='par_1_96' title="bbox 2023 4703 3586 4777">
     <span class='ocr_line' id='line_1_96' title="bbox 2023 4703 3586 4777; baseline -0.003 -15"><span class='ocrx_word' id='word_1_647' title='bbox 2023 4725 2091 4763; x_wconf 89' lang='lat' dir='ltr'><strong>ne</strong></span> <span class='ocrx_word' id='word_1_648' title='bbox 2127 4708 2368 4762; x_wconf 76' lang='lat' dir='ltr'><strong>Ecclesia</strong></span> <span class='ocrx_word' id='word_1_649' title='bbox 2401 4708 2573 4777; x_wconf 89' lang='lat' dir='ltr'><strong>ipsius</strong></span> <span class='ocrx_word' id='word_1_650' title='bbox 2613 4721 2780 4760; x_wconf 80' lang='lat' dir='ltr'><strong>causa</strong></span> <span class='ocrx_word' id='word_1_651' title='bbox 2825 4707 3260 4776; x_wconf 87' lang='lat' dir='ltr'><strong>perturbaretur,</strong></span> <span class='ocrx_word' id='word_1_652' title='bbox 3291 4719 3414 4773; x_wconf 65' lang='lat' dir='ltr'><strong>quae</strong></span> <span class='ocrx_word' id='word_1_653' title='bbox 3446 4703 3586 4757; x_wconf 81' lang='lat' dir='ltr'><strong>alio-</strong></span> 
     </span>
    </p>
   </div>
   <div class='ocr_carea' id='block_1_97' title="bbox 350 4802 1914 4895">
    <p class='ocr_par' dir='ltr' id='par_1_97' title="bbox 350 4802 1914 4895">
     <span class='ocr_line' id='line_1_97' title="bbox 350 4802 1914 4895; baseline -0.013 -16"><span class='ocrx_word' id='word_1_654' title='bbox 350 4827 409 4879; x_wconf 89' lang='grc' dir='ltr'><strong>ἐν</strong></span> <span class='ocrx_word' id='word_1_655' title='bbox 438 4830 550 4888; x_wconf 87' lang='grc' dir='ltr'><strong>τοῖς</strong></span> <span class='ocrx_word' id='word_1_656' title='bbox 582 4824 708 4895; x_wconf 78' lang='grc' dir='ltr'><strong>περὶ</strong></span> <span class='ocrx_word' id='word_1_657' title='bbox 740 4822 831 4876; x_wconf 84' lang='grc' dir='ltr'><strong>τὸν</strong></span> <span class='ocrx_word' id='word_1_658' title='bbox 864 4820 1063 4873; x_wconf 85' lang='grc' dir='ltr'><strong>Πόντον</strong></span> <span class='ocrx_word' id='word_1_659' title='bbox 1079 4812 1509 4887; x_wconf 85' lang='grc' dir='ltr'><strong>φροντιστηρίοις</strong></span> <span class='ocrx_word' id='word_1_660' title='bbox 1543 4808 1770 4878; x_wconf 80' lang='grc' dir='ltr'><strong>ἡσυχίαν</strong></span> <span class='ocrx_word' id='word_1_661' title='bbox 1790 4802 1914 4876; x_wconf 80' lang='grc' dir='ltr'><strong>ἦγε.</strong></span> 
     </span>
    </p>
   </div>
   <div class='ocr_carea' id='block_1_98' title="bbox 351 4898 1920 4979">
    <p class='ocr_par' dir='ltr' id='par_1_98' title="bbox 351 4898 1920 4979">
     <span class='ocr_line' id='line_1_98' title="bbox 351 4898 1920 4979; baseline -0.015 -9"><span class='ocrx_word' id='word_1_662' title='bbox 351 4916 584 4969; x_wconf 79' lang='grc' dir='ltr'><strong>Βασιλέα</strong></span> <span class='ocrx_word' id='word_1_663' title='bbox 606 4914 664 4967; x_wconf 84' lang='grc' dir='ltr'><strong>δὲ</strong></span> <span class='ocrx_word' id='word_1_664' title='bbox 692 4912 786 4965; x_wconf 82' lang='grc' dir='ltr'><strong>καὶ</strong></span> <span class='ocrx_word' id='word_1_665' title='bbox 815 4913 941 4975; x_wconf 79' lang='grc' dir='ltr'><strong>τοὺς</strong></span> <span class='ocrx_word' id='word_1_666' title='bbox 961 4907 1098 4979; x_wconf 80' lang='grc' dir='ltr'><strong>ἀμφ’</strong></span> <span class='ocrx_word' id='word_1_667' title='bbox 1116 4906 1278 4959; x_wconf 77' lang='grc' dir='ltr'><strong>αὑτὸν</strong></span> <span class='ocrx_word' id='word_1_668' title='bbox 1313 4901 1663 4970; x_wconf 68' lang='grc' dir='ltr'><strong>ἐπισκόπους,</strong></span> <span class='ocrx_word' id='word_1_669' title='bbox 1698 4898 1785 4952; x_wconf 84' lang='grc' dir='ltr'><strong>ἀεὶ</strong></span> <span class='ocrx_word' id='word_1_670' title='bbox 1813 4898 1920 4968; x_wconf 83' lang='grc' dir='ltr'><strong>γὰρ</strong></span> 
     </span>
    </p>
   </div>
   <div class='ocr_carea' id='block_1_99' title="bbox 350 4987 1925 5074">
    <p class='ocr_par' dir='ltr' id='par_1_99' title="bbox 350 4987 1925 5074">
     <span class='ocr_line' id='line_1_99' title="bbox 350 4987 1925 5074; baseline -0.013 -14"><span class='ocrx_word' id='word_1_671' title='bbox 350 5006 500 5061; x_wconf 84' lang='grc' dir='ltr'><strong>αὑτῶ</strong></span> <span class='ocrx_word' id='word_1_672' title='bbox 528 5005 764 5074; x_wconf 83' lang='grc' dir='ltr'><strong>συνῆσαν</strong></span> <span class='ocrx_word' id='word_1_673' title='bbox 789 5004 886 5071; x_wconf 82' lang='grc' dir='ltr'><strong>τῆς</strong></span> <span class='ocrx_word' id='word_1_674' title='bbox 926 4999 1135 5074; x_wconf 72' lang='grc' dir='ltr'><strong>Ἀρείου</strong></span> <span class='ocrx_word' id='word_1_675' title='bbox 1166 4995 1446 5067; x_wconf 79' lang='grc' dir='ltr'><strong>αἱρέσεως.</strong></span> <span class='ocrx_word' id='word_1_676' title='bbox 1488 4987 1925 5061; x_wconf 66' lang='grc' dir='ltr'><strong>προθυμοτέρους</strong></span> 
     </span>
    </p>
   </div>
   <div class='ocr_carea' id='block_1_100' title="bbox 326 5176 1154 5256">
    <p class='ocr_par' dir='ltr' id='par_1_100' title="bbox 326 5176 1154 5256">
     <span class='ocr_line' id='line_1_100' title="bbox 326 5176 1154 5256; baseline -0.006 -22"><span class='ocrx_word' id='word_1_677' title='bbox 326 5184 329 5187; x_wconf 85' lang='grc'><em>’</em></span> <span class='ocrx_word' id='word_1_678' title='bbox 441 5180 456 5210; x_wconf 89' lang='grc'>¹</span> <span class='ocrx_word' id='word_1_679' title='bbox 480 5180 657 5245; x_wconf 81' lang='lat' dir='ltr'><strong>Socr.,</strong></span> <span class='ocrx_word' id='word_1_680' title='bbox 688 5178 782 5256; x_wconf 81' lang='lat' dir='ltr'><strong>lib.</strong></span> <span class='ocrx_word' id='word_1_681' title='bbox 813 5194 887 5243; x_wconf 85' lang='lat' dir='ltr'><strong>tv,</strong></span> <span class='ocrx_word' id='word_1_682' title='bbox 916 5191 1037 5234; x_wconf 80' lang='lat' dir='ltr'><strong>cap.</strong></span> <span class='ocrx_word' id='word_1_683' title='bbox 1071 5176 1154 5229; x_wconf 84' lang='lat' dir='ltr'><strong>I6.</strong></span> 
     </span>
    </p>
   </div>
   <div class='ocr_carea' id='block_1_101' title="bbox 2023 4797 3587 4872">
    <p class='ocr_par' dir='ltr' id='par_1_101' title="bbox 2023 4797 3587 4872">
     <span class='ocr_line' id='line_1_101' title="bbox 2023 4797 3587 4872; baseline -0.002 -20"><span class='ocrx_word' id='word_1_684' title='bbox 2023 4801 2113 4872; x_wconf 91' lang='lat' dir='ltr'><strong>qui</strong></span> <span class='ocrx_word' id='word_1_685' title='bbox 2132 4801 2203 4854; x_wconf 86' lang='lat' dir='ltr'><strong>ob</strong></span> <span class='ocrx_word' id='word_1_686' title='bbox 2225 4800 2603 4853; x_wconf 63' lang='lat' dir='ltr'><strong>lucretio-orum</strong></span> <span class='ocrx_word' id='word_1_687' title='bbox 2632 4798 2868 4852; x_wconf 88' lang='lat' dir='ltr'><strong>insultus</strong></span> <span class='ocrx_word' id='word_1_688' title='bbox 2894 4797 3220 4852; x_wconf 90' lang='lat' dir='ltr'><strong>tumultibus</strong></span> <span class='ocrx_word' id='word_1_689' title='bbox 3243 4811 3587 4865; x_wconf 85' lang='lat' dir='ltr'><strong>nequaquam</strong></span> 
     </span>
    </p>
   </div>
   <div class='ocr_carea' id='block_1_102' title="bbox 2028 4891 3585 4977">
    <p class='ocr_par' dir='ltr' id='par_1_102' title="bbox 2028 4891 3585 4977">
     <span class='ocr_line' id='line_1_102' title="bbox 2028 4891 3585 4977; baseline -0.004 -29"><span class='ocrx_word' id='word_1_690' title='bbox 2028 4909 2196 4948; x_wconf 80' lang='lat' dir='ltr'><strong>vacua</strong></span> <span class='ocrx_word' id='word_1_691' title='bbox 2236 4901 2374 4956; x_wconf 77' lang='lat' dir='ltr'><strong>erat,</strong></span> <span class='ocrx_word' id='word_1_692' title='bbox 2420 4893 2473 4946; x_wconf 90' lang='lat' dir='ltr'><strong>iu</strong></span> <span class='ocrx_word' id='word_1_693' title='bbox 2520 4893 2873 4977; x_wconf 57' lang='lat' dir='ltr'><strong>monasteriis</strong></span> <span class='ocrx_word' id='word_1_694' title='bbox 2907 4891 3065 4946; x_wconf 87' lang='lat' dir='ltr'><strong>Ponti</strong></span> <span class='ocrx_word' id='word_1_695' title='bbox 3108 4892 3291 4961; x_wconf 88' lang='lat' dir='ltr'><strong>quiete</strong></span> <span class='ocrx_word' id='word_1_696' title='bbox 3333 4891 3585 4959; x_wconf 78' lang='lat' dir='ltr'><strong>degebat.</strong></span> 
     </span>
    </p>
   </div>
   <div class='ocr_carea' id='block_1_103' title="bbox 1982 4983 3584 5081">
    <p class='ocr_par' dir='ltr' id='par_1_103' title="bbox 1982 4983 3584 5081">
     <span class='ocr_line' id='line_1_103' title="bbox 1982 4983 3584 5081; baseline -0.002 -45"><span class='ocrx_word' id='word_1_697' title='bbox 1982 5056 1995 5081; x_wconf 51' lang='lat' dir='ltr'><strong><em>I</em></strong></span> <span class='ocrx_word' id='word_1_698' title='bbox 2031 4983 2347 5052; x_wconf 85' lang='lat' dir='ltr'><strong>Imperatori</strong></span> <span class='ocrx_word' id='word_1_699' title='bbox 2388 4999 2517 5038; x_wconf 87' lang='lat' dir='ltr'><strong>vero</strong></span> <span class='ocrx_word' id='word_1_700' title='bbox 2557 4993 2611 5038; x_wconf 82' lang='lat' dir='ltr'><strong>et</strong></span> <span class='ocrx_word' id='word_1_701' title='bbox 2653 4984 2931 5054; x_wconf 85' lang='lat' dir='ltr'><strong>episc0pis</strong></span> <span class='ocrx_word' id='word_1_702' title='bbox 2962 4984 3055 5054; x_wconf 90' lang='lat' dir='ltr'><strong>qui</strong></span> <span class='ocrx_word' id='word_1_703' title='bbox 3102 4990 3227 5040; x_wconf 75' lang='lat' dir='ltr'><strong>cum</strong></span> <span class='ocrx_word' id='word_1_704' title='bbox 3272 4983 3365 5039; x_wconf 92' lang='lat' dir='ltr'><strong>illo</strong></span> <span class='ocrx_word' id='word_1_705' title='bbox 3409 4988 3584 5043; x_wconf 87' lang='lat' dir='ltr'><strong>erant,</strong></span> 
     </span>
    </p>
   </div>
   <div class='ocr_carea' id='block_1_104' title="bbox 1527 5320 2378 5379">
    <p class='ocr_par' dir='ltr' id='par_1_104' title="bbox 1527 5320 2378 5379">
     <span class='ocr_line' id='line_1_104' title="bbox 1527 5320 2378 5379; baseline 0.002 -3"><span class='ocrx_word' id='word_1_706' title='bbox 1527 5323 1792 5379; x_wconf 80' lang='lat' dir='ltr'><strong>VALESII</strong></span> <span class='ocrx_word' id='word_1_707' title='bbox 1824 5320 2378 5379; x_wconf 76' lang='lat' dir='ltr'><strong>ANNOTATIONES.</strong></span> 
     </span>
    </p>
   </div>
   <div class='ocr_carea' id='block_1_105' title="bbox 432 5482 1921 5561">
    <p class='ocr_par' dir='ltr' id='par_1_105' title="bbox 432 5482 1921 5561">
     <span class='ocr_line' id='line_1_105' title="bbox 432 5482 1921 5561; baseline -0.006 -16"><span class='ocrx_word' id='word_1_708' title='bbox 432 5493 547 5561; x_wconf 73' lang='lat'><strong>(80)</strong></span> <span class='ocrx_word' id='word_1_709' title='bbox 585 5492 814 5561; x_wconf 60' lang='grc' dir='ltr'><strong>Διῴκει</strong></span> <span class='ocrx_word' id='word_1_710' title='bbox 847 5492 993 5561; x_wconf 77' lang='grc' dir='ltr'><strong>πρὸς</strong></span> <span class='ocrx_word' id='word_1_711' title='bbox 1023 5487 1129 5546; x_wconf 76' lang='grc' dir='ltr'><strong>τὸν</strong></span> <span class='ocrx_word' id='word_1_712' title='bbox 1169 5484 1553 5561; x_wconf 42' lang='grc' dir='ltr'><strong>ἔκπλουνηίιι</strong></span> <span class='ocrx_word' id='word_1_713' title='bbox 1596 5485 1784 5561; x_wconf 79' lang='lat' dir='ltr'><strong>codice</strong></span> <span class='ocrx_word' id='word_1_714' title='bbox 1815 5482 1921 5561; x_wconf 42' lang='lat' dir='ltr'><strong>Fu:</strong></span> 
     </span>
    </p>
   </div>
   <div class='ocr_carea' id='block_1_106' title="bbox 356 5555 1916 5644">
    <p class='ocr_par' dir='ltr' id='par_1_106' title="bbox 356 5555 1916 5644">
     <span class='ocr_line' id='line_1_106' title="bbox 356 5555 1916 5644; baseline -0.006 -26"><span class='ocrx_word' id='word_1_715' title='bbox 356 5555 580 5644; x_wconf 62' lang='lat' dir='ltr'><strong>Retiano</strong></span> <span class='ocrx_word' id='word_1_716' title='bbox 610 5555 986 5644; x_wconf 50' lang='lat' dir='ltr'><strong>scriptum&#39;est</strong></span> <span class='ocrx_word' id='word_1_717' title='bbox 1011 5559 1424 5644; x_wconf 50' lang='lat' dir='ltr'><strong>§tﬁpX€6§,‘Icy_I</strong></span> <span class='ocrx_word' id='word_1_718' title='bbox 1456 5557 1794 5621; x_wconf 88' lang='lat' dir='ltr'><strong>discrimine,</strong></span> <span class='ocrx_word' id='word_1_719' title='bbox 1824 5555 1916 5611; x_wconf 88' lang='lat' dir='ltr'><strong>sed</strong></span> 
     </span>
    </p>
   </div>
   <div class='ocr_carea' id='block_1_107' title="bbox 354 5629 1441 5704">
    <p class='ocr_par' dir='ltr' id='par_1_107' title="bbox 354 5629 1441 5704">
     <span class='ocr_line' id='line_1_107' title="bbox 354 5629 1441 5704; baseline -0.004 -19"><span class='ocrx_word' id='word_1_720' title='bbox 354 5633 510 5704; x_wconf 82' lang='lat' dir='ltr'><strong>quod</strong></span> <span class='ocrx_word' id='word_1_721' title='bbox 544 5649 573 5686; x_wconf 90' lang='lat' dir='ltr'><strong>a</strong></span> <span class='ocrx_word' id='word_1_722' title='bbox 616 5629 775 5688; x_wconf 83' lang='lat' dir='ltr'><strong>nobis</strong></span> <span class='ocrx_word' id='word_1_723' title='bbox 814 5629 1208 5704; x_wconf 35' lang='lat' dir='ltr'><strong>prajteriri‘non</strong></span> <span class='ocrx_word' id='word_1_724' title='bbox 1234 5629 1441 5685; x_wconf 88' lang='lat' dir='ltr'><strong>debuit.</strong></span> 
     </span>
    </p>
   </div>
   <div class='ocr_carea' id='block_1_108' title="bbox 427 5694 1917 5771">
    <p class='ocr_par' dir='ltr' id='par_1_108' title="bbox 427 5694 1917 5771">
     <span class='ocr_line' id='line_1_108' title="bbox 427 5694 1917 5771; baseline -0.005 -17"><span class='ocrx_word' id='word_1_725' title='bbox 427 5703 545 5770; x_wconf 82' lang='lat' dir='ltr'><strong>(8i)</strong></span> <span class='ocrx_word' id='word_1_726' title='bbox 597 5705 697 5757; x_wconf 76' lang='grc' dir='ltr'><strong>Ἐκ</strong></span> <span class='ocrx_word' id='word_1_727' title='bbox 753 5694 858 5757; x_wconf 56' lang='lat' dir='ltr'><strong>eo?)</strong></span> <span class='ocrx_word' id='word_1_728' title='bbox 896 5700 1182 5771; x_wconf 68' lang='grc' dir='ltr'><strong>διαφορᾶς</strong></span> <span class='ocrx_word' id='word_1_729' title='bbox 1225 5716 1405 5762; x_wconf 79' lang='grc' dir='ltr'><strong>τινος.</strong></span> <span class='ocrx_word' id='word_1_730' title='bbox 1439 5695 1720 5771; x_wconf 71' lang='lat' dir='ltr'><strong>Assentior</strong></span> <span class='ocrx_word' id='word_1_731' title='bbox 1759 5694 1917 5771; x_wconf 61' lang='lat' dir='ltr'><strong>fibri-</strong></span> 
     </span>
    </p>
   </div>
   <div class='ocr_carea' id='block_1_109' title="bbox 356 5763 1917 5843">
    <p class='ocr_par' dir='ltr' id='par_1_109' title="bbox 356 5763 1917 5843">
     <span class='ocr_line' id='line_1_109' title="bbox 356 5763 1917 5843; baseline -0.01 -10"><span class='ocrx_word' id='word_1_732' title='bbox 356 5763 731 5839; x_wconf 77' lang='lat' dir='ltr'><strong>Stophorsono</strong></span> <span class='ocrx_word' id='word_1_733' title='bbox 758 5782 812 5829; x_wconf 88' lang='lat' dir='ltr'><strong>et</strong></span> <span class='ocrx_word' id='word_1_734' title='bbox 842 5763 1084 5829; x_wconf 47' lang='lat' dir='ltr'><strong>Savilio:</strong></span> <span class='ocrx_word' id='word_1_735' title='bbox 1108 5763 1199 5843; x_wconf 78' lang='lat' dir='ltr'><strong>qui</strong></span> <span class='ocrx_word' id='word_1_736' title='bbox 1237 5769 1676 5840; x_wconf 72' lang='lat' dir='ltr'><strong>praepositionem</strong></span> <span class='ocrx_word' id='word_1_737' title='bbox 1711 5763 1917 5819; x_wconf 84' lang='lat' dir='ltr'><strong>addunt</strong></span> 
     </span>
    </p>
   </div>
   <div class='ocr_carea' id='block_1_110' title="bbox 2030 5474 3590 5551">
    <p class='ocr_par' dir='ltr' id='par_1_110' title="bbox 2030 5474 3590 5551">
     <span class='ocr_line' id='line_1_110' title="bbox 2030 5474 3590 5551; baseline -0.012 -13"><span class='ocrx_word' id='word_1_738' title='bbox 2030 5485 2130 5539; x_wconf 85' lang='lat' dir='ltr'><strong>hoc</strong></span> <span class='ocrx_word' id='word_1_739' title='bbox 2166 5481 2325 5537; x_wconf 87' lang='lat' dir='ltr'><strong>modo</strong></span> <span class='ocrx_word' id='word_1_740' title='bbox 2362 5501 2375 5537; x_wconf 89' lang='lat'>:</span> <span class='ocrx_word' id='word_1_741' title='bbox 2416 5483 2480 5536; x_wconf 86' lang='grc' dir='ltr'><strong>ἐκ</strong></span> <span class='ocrx_word' id='word_1_742' title='bbox 2502 5481 2593 5535; x_wconf 83' lang='grc' dir='ltr'><strong>τοῦ</strong></span> <span class='ocrx_word' id='word_1_743' title='bbox 2630 5483 2694 5534; x_wconf 80' lang='grc' dir='ltr'><strong>ἐκ</strong></span> <span class='ocrx_word' id='word_1_744' title='bbox 2719 5481 3000 5551; x_wconf 65' lang='grc' dir='ltr'><strong>διαφορᾶς,</strong></span> <span class='ocrx_word' id='word_1_745' title='bbox 3035 5484 3142 5530; x_wconf 79' lang='lat' dir='ltr'><strong>etc.</strong></span> <span class='ocrx_word' id='word_1_746' title='bbox 3186 5474 3257 5527; x_wconf 85' lang='lat' dir='ltr'><strong>De</strong></span> <span class='ocrx_word' id='word_1_747' title='bbox 3294 5474 3392 5551; x_wconf 63' lang='lat' dir='ltr'><strong>hac</strong></span> <span class='ocrx_word' id='word_1_748' title='bbox 3428 5479 3590 5551; x_wconf 78' lang='lat' dir='ltr'><strong>porro</strong></span> 
     </span>
    </p>
   </div>
   <div class='ocr_carea' id='block_1_111' title="bbox 2026 5537 3588 5620">
    <p class='ocr_par' dir='ltr' id='par_1_111' title="bbox 2026 5537 3588 5620">
     <span class='ocr_line' id='line_1_111' title="bbox 2026 5537 3588 5620; baseline -0.012 -12"><span class='ocrx_word' id='word_1_749' title='bbox 2026 5537 2306 5609; x_wconf 84' lang='lat' dir='ltr'><strong>simultate</strong></span> <span class='ocrx_word' id='word_1_750' title='bbox 2363 5554 2502 5606; x_wconf 87' lang='lat' dir='ltr'><strong>inter</strong></span> <span class='ocrx_word' id='word_1_751' title='bbox 2554 5537 2831 5607; x_wconf 54' lang='lat' dir='ltr'><strong>Basiliuut&#39;</strong></span> <span class='ocrx_word' id='word_1_752' title='bbox 2871 5537 3122 5620; x_wconf 41' lang='lat' dir='ltr'><strong>magnum</strong></span> <span class='ocrx_word' id='word_1_753' title='bbox 3181 5553 3234 5596; x_wconf 86' lang='lat' dir='ltr'><strong>et</strong></span> <span class='ocrx_word' id='word_1_754' title='bbox 3294 5537 3588 5620; x_wconf 73' lang='lat' dir='ltr'><strong>Eusebium</strong></span> 
     </span>
    </p>
   </div>
   <div class='ocr_carea' id='block_1_112' title="bbox 2024 5618 3593 5693">
    <p class='ocr_par' dir='ltr' id='par_1_112' title="bbox 2024 5618 3593 5693">
     <span class='ocr_line' id='line_1_112' title="bbox 2024 5618 3593 5693; baseline -0.01 -18"><span class='ocrx_word' id='word_1_755' title='bbox 2024 5627 2377 5693; x_wconf 78' lang='lat' dir='ltr'><strong>episcopum.</strong></span> <span class='ocrx_word' id='word_1_756' title='bbox 2417 5625 2537 5676; x_wconf 70' lang='lat' dir='ltr'><strong>ride</strong></span> <span class='ocrx_word' id='word_1_757' title='bbox 2569 5620 2893 5693; x_wconf 74' lang='lat' dir='ltr'><strong>Gregorian</strong></span> <span class='ocrx_word' id='word_1_758' title='bbox 2928 5618 3326 5693; x_wconf 65' lang='lat' dir='ltr'><strong>N_:i_ziatizrtiutit</strong></span> <span class='ocrx_word' id='word_1_759' title='bbox 3380 5618 3433 5663; x_wconf 83' lang='lat' dir='ltr'><strong>tu</strong></span> <span class='ocrx_word' id='word_1_760' title='bbox 3475 5620 3593 5661; x_wconf 84' lang='lat' dir='ltr'><strong>ora-</strong></span> 
     </span>
    </p>
   </div>
   <div class='ocr_carea' id='block_1_113' title="bbox 2025 5687 3040 5751">
    <p class='ocr_par' dir='ltr' id='par_1_113' title="bbox 2025 5687 3040 5751">
     <span class='ocr_line' id='line_1_113' title="bbox 2025 5687 3040 5751; baseline -0.005 -4"><span class='ocrx_word' id='word_1_761' title='bbox 2025 5687 2171 5751; x_wconf 65' lang='lat' dir='ltr'><strong>tione</strong></span> <span class='ocrx_word' id='word_1_762' title='bbox 2201 5687 2411 5747; x_wconf 73' lang='lat' dir='ltr'><strong>funebri</strong></span> <span class='ocrx_word' id='word_1_763' title='bbox 2441 5693 2505 5747; x_wconf 87' lang='lat' dir='ltr'><strong>de</strong></span> <span class='ocrx_word' id='word_1_764' title='bbox 2542 5687 2794 5746; x_wconf 87' lang='lat' dir='ltr'><strong>laudibus</strong></span> <span class='ocrx_word' id='word_1_765' title='bbox 2831 5687 3040 5743; x_wconf 85' lang='lat' dir='ltr'><strong>Basilii.</strong></span> 
     </span>
    </p>
   </div>
  </div>
