4040 6216
413 231 554 289 I533

1357 227 1680 284 HISTORIA
1717 222 2265 282 ECCLESIASTICA.
2305 254 2376 263 —
2413 223 2542 279 LIB.
2588 223 2676 277 \‘l.

3504 222 3641 279 £351

410 351 614 406 τούτων
629 352 779 404 οὐδέν
797 370 863 423 με
882 353 1035 423 ἀνιᾷν
1064 351 1371 422 δυνήσεται.
1390 351 1515 420 Εῖγε
1541 350 1729 403 οὑσίαν
1751 349 1848 420 μὲν
1865 346 1976 417 (δε)

2086 345 2210 400 dum
2248 344 2549 414 conspicui,
2598 357 2698 398 nec
2742 341 2971 397 modicae
3008 332 3161 397 orbis
3194 350 3464 396 terrarum
3501 339 3641 410 parti

409 446 510 498 οὑκ
537 443 666 513 ἔχω,
698 444 863 514 ρᾶκός
887 461 946 498 τε
963 445 1056 498 καὶ
1082 444 1258 515 βιϐλία
1286 442 1458 511 ὀλίγα.
1485 442 1630 495 Οἰκῶ
1654 441 1710 495 δὲ
1738 443 1835 512 τὴν
1851 441 1975 510 γῆν,

411 534 487 597 ὡς
519 534 607 587 ἀεὶ
635 534 965 604 παροδεύων.
995 522 1163 607 Σῶμα
1191 534 1249 587 δὲ
1277 533 1344 588 δι’
1376 532 1683 596 ἀσθένειαν,
1717 531 1854 602 μετά
1881 531 1979 603 τὴν

413 623 637 698 πρώτην
687 624 920 694 πληγὴν,
954 624 1259 696 αἰσθήσεως
1297 625 1390 678 καὶ
1438 623 1685 695 βασάνων
1710 625 1976 692 κρεῖττον.

412 715 650 769 Τοιαῦτα
674 715 954 769 Βασιλεῖου
997 715 1533 787 παρρησιασαμένου,
1578 713 1864 784 θαυμάσας
1886 712 1978 766 τοῦ

412 804 606 874 ἀνδρὸς
651 804 751 875 τὴν
778 804 982 876 ἀρετὴν
1013 806 1042 858 δ
1063 804 1307 874 ὕπαρχος
1335 803 1622 874 ἀνήγγειλε
1650 802 1727 873 τῷ
1751 801 1978 872 βασιλεῖ.

425 895 482 948 Ὀ
507 894 580 956 δὲ,
609 894 1029 964 ἐπιτελουμένης
1046 895 1146 965 τῆς
1168 893 1277 948 τῶν
1300 893 1608 964 Θεοφανίων
1639 893 1850 964 ἑορτῆς,
1883 893 1981 946 σὺν

414 986 526 1048 τοῖς
553 985 779 1055 ἄρχουσι
801 984 894 1038 καὶ
918 985 1232 1059 δορυφόροις
1258 985 1337 1047 είς
1365 984 1465 1055 τὴν
1486 984 1778 1054 ἐκκλησίαν
1804 1000 1981 1054 παρα-

418 1078 724 1146 γενόμενος,
759 1075 911 1147 δῶρά
942 1093 999 1129 τε
1030 1078 1095 1147 τῇ
1142 1077 1264 1149 ἱερᾷ
1298 1074 1546 1148 τραπέζῃ
1585 1077 1978 1147 προσήνεγκεν,

336 1214 339 1221 ,
416 1163 509 1217 καὶ
540 1165 617 1228 είς
672 1163 861 1233 λόγους
905 1163 1050 1235 αὑτῷ
1075 1160 1227 1237 ἦλθε,
1274 1165 1368 1219 καὶ
1396 1165 1587 1235 σοφίας
1629 1165 1723 1218 καὶ
1746 1165 1839 1218 τοῦ
1854 1166 1986 1235 περὶ

415 1253 477 1307 τὸ
504 1253 755 1323 ἱερᾶσθαι
778 1259 872 1307 καὶ
893 1254 1274 1325 ἐκκλησιάζειν
1301 1254 1505 1325 κόσμου
1533 1255 1700 1308 τεκαὶ
1731 1250 1985 1320 εὐταξίας

417 1343 699 1414 ἐπῄνεσεν.
738 1343 989 1414 Ἐκράτει
1010 1343 1067 1397 δὲ
1108 1344 1259 1416 ὅμως
1306 1345 1407 1399 οὑκ
1430 1345 1511 1408 είς
1535 1344 1752 1415 μακρὰν
1774 1345 1838 1397 ἐκ
1866 1343 1983 1397 δια-

417 1433 579 1502 ϐολῆς
606 1433 715 1486 τῶν
747 1433 1023 1499 ἐναντίων,
1065 1433 1363 1507 ὑπερορίαν
1410 1418 1571 1485 ἀὺτὸν
1597 1433 1783 1487 οἰκεῖν.
1818 1432 1981 1502 Καλή

416 1520 514 1585 νὺξ
536 1520 739 1590 παρῆν.
762 1521 895 1574 κα.θί
914 1520 981 1591 ην
1013 1520 1189 1574 ἐδόκει
1211 1519 1367 1573 τοῦτο
1404 1518 1650 1588 γίνεσθαι
1676 1533 1691 1549 θ
1726 1516 1983 1586 ἐξαπίνης

416 1613 471 1666 δὲ
494 1612 724 1684 πυρετὸς
741 1610 1013 1665 ὲπιλαὸὼν
1028 1610 1121 1665 τοῦ
1143 1610 1506 1681 βασιλέωςτὺν
1522 1609 1656 1672 υἱὸν,
1678 1610 1757 1672 είς
1780 1607 1984 1679 ἀθρόαν

416 1704 511 1756 καὶ
543 1701 816 1774 σφαλερὰν
835 1702 988 1755 νόσον
1020 1700 1309 1756 κατέϐαλε.
1330 1700 1437 1754 Καὶ
1472 1701 1502 1753 ὁ
1523 1698 1703 1769 πατὴρ
1726 1697 1868 1750 κατά
1887 1696 1980 1753 τοῦ
2013 1696 2053 1751 B

415 1793 644 1860 ἐδάφους
686 1792 994 1865 ἐῤῥίπτετο,
1050 1790 1131 1844 ἔτι
1180 1789 1359 1854 ζῶντα
1400 1789 1493 1843 τὸν
1545 1789 1707 1845 παῖδα
1732 1786 1940 1841 πενθῶν
1963 1803 1977 1818 ·

414 1885 710 1954 ἀμηχανῶν
731 1883 786 1936 δὲ
809 1884 904 1937 καὶ
930 1881 1265 1953 πανταχόθεν
1300 1881 1437 1936 σῶον
1471 1882 1632 1935 αὑτὸν
1663 1879 1982 1944 σπουδάζων

416 1975 578 2046 ἔχειν,
611 1975 1027 2046 ἐπιτρέπειτοῖς
1047 1974 1264 2038 οίκείοις
1305 1972 1775 2043 μετακαλέσασθαι
1820 1970 1983 2023 Βασί-

415 2068 560 2121 λειον
624 2069 705 2131 είς
756 2067 1044 2137 ἐπίσκεψιν
1097 2064 1190 2120 τοῦ
1248 2065 1537 2137 κειμένου·
1582 2064 1807 2134 ἔναγχος
1874 2062 1982 2133 γὰρ

418 2160 749 2232 ὑϐρισμένῳ,
778 2160 957 2232 ᾐδεῖτο
987 2158 1148 2222 αὐτὸς
1180 2175 1243 2212 πε
1254 2159 1306 2229 pl.
1332 2157 1519 2212 τούτου
1547 2156 1808 2211 κελεύειν.
1833 2157 1984 2227 Ἅμα

415 2248 471 2303 δὲ
497 2250 703 2321 παρῆν,
735 2250 829 2303 καί⁵
892 2249 922 2301 ὁ
959 2250 1086 2311 παῖς
1112 2248 1239 2319 ῥᾷον
1268 2247 1441 2317 ἔσχεν,
1493 2247 1568 2310 ὼς
1604 2246 1831 2309 πολλοὺς
1860 2246 1984 2299 τότε

334 2342 349 2347 “
420 2339 813 2412 ἰσχυρίζεσθαι.
849 2338 925 2403 ὡς
942 2339 1043 2393 οὑκ
1075 2339 1142 2393 ἀν
1169 2337 1456 2401 ἀπολώλει,
1496 2339 1545 2391 εί
1574 2337 1648 2409 μὴ
1683 2338 1778 2392 καὶ
1804 2339 1985 2409 ἑτερο-

415 2431 596 2496 δόξους
612 2433 728 2502 αμα
752 2431 1011 2501 Βασιλείῳ
1039 2430 1393 2486 συνεκάλεσεν
1415 2470 1431 2494 ,
1478 2430 1619 2501 ὑπὲρ
1662 2430 1758 2484 τοῦ
1798 2431 1987 2495 παιδὸς

416 2523 757 2593 εὑξομένους.
775 2524 945 2593 Λόγος
966 2522 1023 2576 δὲ
1044 2524 1140 2577 καὶ
1163 2522 1252 2576 τὸν
1267 2523 1509 2593 ὕπαρχον
1529 2522 1669 2594 νόσῳ
1689 2521 1807 2575 τότε
1829 2539 1981 2594 περια

417 2616 601 2669 πεσεῖν
623 2627 637 2645 ⁸
692 2614 1071 2670 ἀντιϐολοῦντα
1117 2614 1176 2669 δὲ
1218 2616 1314 2669 καὶ
1346 2612 1776 2686 παραιτούμενον
1821 2614 1982 2668 αὑτὸν

418 2705 549 2771 ὑγιᾶ
576 2703 846 2772 γενέσθαι.
891 2705 1051 2762 Ἀλλά
1081 2706 1253 2762 ταῦτα
1300 2704 1397 2779 μὲν
1440 2698 1503 2763 οὑ
1534 2704 1821 2779 θαυμαστά
1853 2704 1983 2772 ἴσως

417 2796 619 2863 δόξειεν
658 2798 751 2850 ἐπὶ
780 2797 1043 2871 Βασιλείῳ
1082 2798 1448 2871 σκοπούμενα,
1481 2798 1637 2871 ἀνδρὶ
1677 2798 1984 2869 φιλοσοφομ-

416 2887 564 2959 sitq)
582 2905 642 2942 τε
672 2890 763 2943 καὶ
794 2889 970 2959 λόγοις
995 2889 1284 2962 ὑπερφυῶς
1311 2890 1744 2959 εὐδοκιμήσαντι.

2079 436 2386 506 imperatis,
2432 450 2538 490 non
2581 435 2702 490 ideo
2748 442 2930 489 tamen
2980 434 3293 491 hominibus
3343 431 3643 503 gratificari

2078 526 2254 587 decet.
2307 527 2466 582 ﬁdem
2516 542 2646 583 vero
2679 527 2733 582 in
2769 526 2934 582 Deum
2982 526 3255 596 negligere
3299 540 3502 594 :quam
3541 540 3644 592 ego

2077 616 2297 686 quidem
2356 633 2633 688 nunquam
2681 615 3048 688 prodiderim,
3102 631 3205 670 nee
3267 615 3314 669 si
3375 616 3642 668 bonorum

2080 707 2506 778 proscriptione.
2553 719 2648 763 aut
2695 708 2914 771 exsilio,
2969 715 3064 762 aut
3105 705 3326 777 capitali
3376 704 3642 759 sententia

2079 798 2368 853 damnatus
2407 800 2582 854 fuero.
2613 798 2755 853 Nihil
2795 801 2939 855 enim
2968 800 3164 853 horum
3195 811 3280 852 me
3308 794 3501 851 dolore
3533 792 3648 847 atii-

2078 904 2208 945 cere
2238 890 2460 960 poterit.
2504 889 2639 944 Nam
2687 906 2817 960 opes
2849 891 3065 961 quidem
3108 887 3290 943 nullas
3322 886 3516 948 habeo,
3549 882 3645 938 sed

2081 980 2305 1051 pallium
2338 981 2605 1036 duntaxat
2638 989 2692 1037 et
2723 997 2927 1052 paucos
2959 981 3146 1036 libros.
3183 981 3240 1033 In
3268 979 3430 1032 terris
3461 983 3643 1029 autem

2082 1071 2156 1125 ita
2228 1071 2405 1141 dego,
2466 1072 2624 1141 quasi
2679 1073 3024 1143 peregrinus.
3079 1071 3295 1141 Corpus
3355 1076 3485 1123 vero
3537 1079 3649 1135 pra:

2081 1160 2474 1226 imbecillitate,
2508 1168 2629 1232 post
2659 1162 2888 1232 primam
2921 1161 3181 1217 inﬂictam
3214 1160 3451 1230 plagam.
3480 1169 3648 1211 sensu

2080 1252 2291 1311 doloris
2347 1262 2402 1309 et
2458 1255 2799 1310 cruciatibus
2835 1255 3088 1324 superius
3145 1252 3273 1308 erit.
3333 1249 3466 1318 Qme
3521 1262 3648 1301 cum

2082 1342 2250 1398 libere
2299 1343 2533 1400 dixisset
2587 1343 2845 1409 Basilius,
2895 1343 3184 1414 praefectus
3227 1342 3489 1395 virtutem
3541 1335 3648 1390 viri

2082 1435 2420 1503 admiratus,
2469 1452 2581 1491 rem
2620 1436 2934 1505 imperatori
2989 1434 3281 1489 nuntiavit.
3338 1430 3463 1494 Ille,
3522 1442 3648 1482 cum

2083 1524 2257 1584 festus
2314 1527 2794 1598 Theophaniorum
2847 1527 2966 1582 dies
3020 1535 3292 1596 ageretur,
3352 1537 3459 1577 una
3517 1533 3645 1574 eum

2082 1618 2377 1674 comitibus
2415 1620 2533 1674 suis
2569 1626 2623 1673 et
2659 1617 3059 1688 protectoribus
3099 1615 3163 1669 ad
3203 1613 3491 1670 ecclesiam
3525 1623 3653 1679 pro-

2083 1710 2288 1765 cessit:
2319 1719 2373 1764 et
2427 1709 2747 1764 muneribus
2790 1708 2906 1763 suis
2961 1706 3028 1760 ad
3091 1707 3265 1761 altare
3315 1701 3545 1764 oblatis,
3595 1697 3649 1751 in

2083 1800 2416 1870 colloquium
2466 1801 2613 1854 venit
2667 1814 2791 1853 cum
2837 1797 3060 1861 Basilio,
3110 1810 3346 1865 eumque
3405 1801 3521 1847 tum
3581 1790 3655 1844 ob

2084 1890 2455 1962 prudentiam,
2484 1900 2596 1943 tum
2636 1889 2707 1945 ob
2728 1889 2978 1943 decorem
3010 1897 3173 1956 atque.
3198 1886 3518 1957 gravitatem
3545 1896 3654 1950 qua

2082 1980 2376 2038 sacerdotii
2435 1996 2634 2035 munus
2681 1980 2887 2043 obibat,
2950 1985 3005 2033 et
3058 1983 3362 2035 conventus
3425 1972 3640 2042 agebat,

2084 2085 2413 2140 magnopere
2449 2070 2720 2140 suspexit.
2749 2069 2916 2123 Paulo
2949 2075 3072 2137 post
3102 2075 3283 2120 tamen
3306 2060 3655 2118 adversario-

2083 2176 2206 2215 rum
2239 2162 2532 2217 calumniis
2555 2160 2808 2216 eﬂ‘ectmu
2843 2168 2949 2225 est,
2980 2167 3042 2214 ut
3092 2159 3144 2212 in
3172 2156 3429 2213 exsilium
3464 2153 3653 2208 mitte~

2083 2261 2257 2308 retur.
2318 2253 2551 2324 Jamque
2608 2253 2796 2308 aderat
2849 2268 2955 2305 nox
2995 2267 3101 2322 qua
3158 2251 3211 2305 id
3260 2245 3693 2320 perficiendum.

2085 2344 2391 2399 videbatur.
2433 2345 2568 2398 Cum
2612 2353 2835 2413 repente
2880 2344 3047 2399 febris
3094 2338 3443 2411 imperatoris
3479 2336 3652 2391 lilium

2085 2433 2414 2503 corripiens,
2446 2432 2675 2501 ancipiti
2709 2448 2772 2485 ac
2807 2432 3118 2502 periculoso
3143 2430 3337 2485 morbo
3362 2423 3652 2497 oppressit.

2091 2522 2248 2579 Pater
2287 2524 2408 2594 ipse
2448 2524 2598 2577 humi
2652 2525 2996 2592 provolutus,
3031 2523 3203 2576 tilium
3242 2521 3420 2575 adhuc
3460 2532 3654 2588 super-

2088 2616 2272 2672 stitem
2304 2615 2544 2685 lugebat.
2575 2616 2823 2684 Cumque
2857 2614 2928 2670 ad
2959 2613 3198 2684 in0piam
3242 2610 3457 2666 consilii
3496 2607 3655 2662 reda-

2086 2716 2211 2762 ctus
2234 2713 2402 2771 esset,
2427 2713 2481 2761 et
2501 2704 2755 2762 omnibus
2789 2704 2961 2760 modis
2985 2702 3314 2759 incolumem
3344 2699 3451 2756 sibi
3481 2697 3653 2753 tilium

2087 2798 2302 2854 restitui
2334 2798 2599 2861 studeret,
2626 2797 2880 2868 permisit
2899 2795 3282 2858 familiaribus,
3309 2803 3365 2846 ut
3395 2790 3654 2847 Basilium

2086 2895 2435 2944 accerserent
2472 2887 2542 2942 ad
2579 2886 2865 2943 visendum
2908 2901 3135 2956 aegrum.
3168 2883 3225 2937 id
3264 2883 3411 2937 enim
3454 2881 3574 2950 ipse
3604 2879 3656 2933 ei

420 2978 679 3034 mandare
698 2996 808 3034 non
834 2979 1090 3045 audebat,
1122 2995 1284 3050 quem
1311 2978 1471 3048 paulo
1494 2986 1620 3032 ante
1648 2977 1980 3033 contumelia
2019 2975 2320 3033 affecisset.
2362 2975 2534 3031 Simul
2581 2984 2748 3043 atque
2815 2973 2990 3028 adfuit
3042 2971 3481 3050 Basilius,_puer
3547 2981 3661 3020 mc-

426 3069 533 3123 lius
562 3068 762 3126 habere
788 3071 956 3140 capit
988 3088 1005 3127 :
1037 3045 1172 3126 adeo
1200 3045 1365 3141 239
1392 3076 1454 3123 ut
1521 3069 1679 3125 multi
1753 3068 2165 3133 affirmaverint,
2211 3083 2441 3139 puerum
2477 3070 2702 3121 omnino
2747 3065 3071 3119 moriturum
3146 3078 3253 3116 non
3296 3045 3488 3123 fuisse,
3554 3057 3663 3111 nisi

422 3180 529 3217 una
557 3178 684 3217 cum
706 3163 904 3231 Basilio
927 3165 1396 3222 hereticosetiam
1426 3164 1747 3219 advocasset
1799 3161 2021 3229 Valens,
2095 3163 2189 3234 qui
2246 3178 2346 3234 pro
2406 3162 2517 3216 lilio
2576 3168 2953 3233 precarentur.
3009 3155 3318 3223 Quinetiam
3378 3151 3665 3223 praefectus

421 3257 891 3324 eodemtempore
926 3257 980 3311 in
1010 3256 1264 3313 morbum
1298 3256 1560 3312 incidisse
1591 3254 1810 3310 fertur:
1879 3269 2116 3325 cumque
2157 3255 2497 3326 supplicaret
2540 3269 2605 3309 ac
2664 3254 2879 3308 veniant
2952 3242 3180 3320 peteret,
3229 3245 3460 3303 salutem
3510 3258 3665 3297 recu-

425 3363 669 3420 perasse.
720 3346 920 3403 Verum
971 3350 1087 3404 haec
1128 3350 1310 3405 minus
1357 3347 1706 3403 admirabilia
1755 3347 1988 3403 fortasse
2026 3348 2360 3404 videbuntur
2405 3348 2460 3402 in
2535 3346 2760 3410 Basilio,
2809 3347 2928 3401 viro
2956 3342 3247 3399 excellenti
3321 3338 3663 3409 philosophia

425 3443 673 3512 praedito,
725 3451 778 3497 et
820 3442 893 3498 ob
926 3442 1231 3511 doctrinam
1268 3451 1435 3510 atque
1463 3441 1833 3512 eloquentiam
1879 3441 2082 3510 ubique
2112 3423 2417 3496 celebrato.

1016 3537 1267 3592 ΚΕΦΑΛ.
1298 3536 1396 3591 1Ζ’.

2178 3530 2221 3547 ⁵
2410 3590 2417 3593 _
2690 3528 2844 3584 CAP.
2894 3526 3057 3582 XVII.

424 3627 561 3695 Περί
582 3626 694 3693 τῆς
715 3627 1060 3697 συμμαχίας
1084 3627 1407 3682 Βασιλείου
1430 3626 1525 3681 καί
1545 3626 1871 3695 Γρηγορίου
1888 3625 1988 3680 τοῦ

2096 3627 2174 3682 De
2220 3627 2469 3681 societate
2514 3627 2668 3697 inter
2693 3607 2950 3697 Basiliam
2992 3629 3042 3675 et
3072 3617 3413 3697 paparium
3442 3615 3662 3672 Theolo-

496 3698 822 3767 Θεολόγου·
872 3696 969 3767 καί
1027 3698 1106 3762 ὠς
1126 3696 1293 3765 ἄκροι
1327 3697 1632 3767 γενόμενοι
1663 3697 1761 3751 ἐπὶ
1785 3696 1991 3765 σοφίᾳ,

496 3767 600 3821 τοῦ
618 3766 920 3834 tlthpr
938 3766 1228 3836 δόγματος
1254 3766 1680 3835 ὑπερίσταντο.

495 3858 791 3930 Σύγχρονοι
843 3859 900 3913 δὲ
947 3858 1099 3922 ὄντες
1129 3858 1289 3921 αὑτός
1317 3874 1377 3911 τε
1394 3859 1488 3911 καὶ
1514 3858 1836 3930 Γρηγόριος,
1864 3858 1995 3929 ὁμό-

426 3948 578 4018 ζηλοι
604 3951 723 4012 ταῖς
758 3948 1007 4020 ἀρεταῖς,
1043 3947 1117 4012 ὡς
1155 3949 1350 4008 εἰπεῖν,
1394 3948 1765 4018 ὲγνωρίζοντο.
1795 3950 1996 4019 Ἀμφω

427 4038 536 4109 γὰρ
560 4039 665 4092 νέοι
722 4038 897 4104 ὄντες,
932 4038 1148 4109 Ἰμερίῳ
1179 4039 1273 4092 καὶ
1304 4039 1660 4111 Προαιρεσίῳ,
1717 4043 1828 4103 τοῖς
1875 4040 1995 4094 τότε

426 4130 818 4201 δοκιμωτάτοις
846 4133 1126 4200 σοφισταῖς
1158 4133 1215 4184 ὲν
1243 4131 1491 4202 Ἀθήναις
1516 4132 1837 4203 ὲφοίτησαν·
1860 4134 1995 4203 μετά

427 4221 598 4276 ταῦτα
621 4222 697 4283 δὲ,
723 4223 780 4275 ὲν
810 4222 1105 4294 Ἀντιοχείᾳ
1121 4223 1446 4295 Λιϐανίῳτῷ
1462 4223 1634 4294 Σύρῳ.
1650 4225 1994 4294 Σοφιστεύειν

425 4311 484 4365 δὲ
512 4313 604 4366 καὶ
624 4313 778 4377 δίκας
800 4312 1084 4384 ἀγορεύειν
1110 4313 1473 4384 ὑπεριδόντες,
1506 4313 1815 4383 φιλοσοφεῖν
1836 4314 1995 4383 ἔγνω·
2046 4360 2055 4365 -

429 4417 531 4454 σαν
564 4404 703 4456 κατά
763 4402 854 4456 τὸν
889 4404 988 4472 τῆς
1019 4402 1343 4474 Ἑκκλησίας
1397 4402 1581 4471 νόμον.
1622 4403 1743 4455 Ἐπί
1781 4421 1899 4457 τινα
1938 4404 1993 4458 δὲ

430 4490 620 4563 χρόνον
644 4494 754 4555 τοῖς
789 4492 1073 4564 μαθήμασι
1116 4492 1223 4545 τῶν
1272 4492 1401 4563 παρ’
1433 4491 1658 4563 Ἕλλησι
1691 4492 1994 4564 φιλοσόφων

432 4584 883 4655 ἐνδιατρίψαντες,
917 4584 1126 4647 καὶτὰς
1157 4585 1446 4653 ἐξηγήσεις
1474 4583 1583 4638 τῶν
1612 4584 1772 4655 ἱερῶν
1804 4586 1991 4654 Λόγων

434 4674 896 4745 ἔξακριϐὠσαντες
953 4677 1017 4729 ὲκ
1060 4675 1169 4729 τῶν
1215 4675 1538 4746 Ὠριγένους,
1600 4678 1692 4730 καὶ
1731 4675 1840 4729 τῶν
1890 4677 1995 4748 πρὸ

430 4764 594 4819 αὑτοῦ
632 4766 727 4819 καὶ
757 4767 870 4837 μετ’
901 4767 1106 4820 ἐκεῖνον
1142 4767 1200 4819 ὲν
1219 4768 1336 4829 ταῖς
1365 4767 1680 4838 ἑρμηνείαις
1699 4767 1807 4820 τῶν
1834 4767 1994 4838 ἱερῶν

2165 3714 2291 3766 gum
2323 3707 2417 3767 ;7_et
2444 3695 2705 3767 quanton
2747 3694 2914 3767 amita;
2934 3690 3213 3767 excellenti
3243 3690 3488 3744 doctrina
3525 3703 3663 3757 prcr-

2165 3759 2599 3830 Iliti,.i\'icd'nam
2631 3763 2788 3833 ﬁdem
2820 3759 3187 3827 defenderunt.

2166 3853 2272 3908 Iste
2323 3868 2489 3923 porro
2540 3859 2593 3907 et
2647 3850 2969 3920 Gregorius,
3030 3848 3147 3918 pari
3197 3845 3419 3901 virtutis
3480 3843 3664 3899 studio

2094 3944 2286 4008 dediti,
2315 3945 2511 3999 iisdem
2547 3944 2886 4014 temporibus
2928 3941 3255 3996 floruerunt.
3306 3937 3481 3991 Ambo
3515 3936 3662 3991 enim

2096 4032 2278 4088 adhuc
2335 4032 2732 4095 adolescentes,
2792 4029 3093 4084 Himerium
3149 4038 3203 4083 et
3269 4025 3662 4089 Proreresium,

2094 4126 2371 4196 sophistas
2404 4140 2468 4181 ea
2503 4131 2825 4193 tempestate
2851 4122 3268 4183 celeberrimos,
3300 4117 3531 4173 Athenis
3553 4133 3654 4171 au-

2095 4215 2317 4270 dierunt
2365 4234 2378 4269 :
2427 4223 2615 4285 postea
2671 4230 2798 4270 vero
2858 4212 3147 4270 Libanium
3211 4209 3409 4282 Syrum
3470 4208 3665 4264 Antio-

2095 4307 2233 4362 chia:
2253 4307 2290 4361 ¹.
2328 4305 2434 4361 Sed
2464 4321 2588 4361 cum
2623 4306 2983 4376 sephisticam
3018 4302 3418 4375 professionem
3449 4308 3504 4356 et
3534 4315 3666 4354 cau-

2098 4400 2386 4455 sidicinam
2413 4398 2631 4455 tandem
2662 4399 3025 4469 sprevissent,
3059 4397 3214 4465 juxta
3257 4409 3446 4449 sacras
3488 4394 3666 4448 Eccle-

2094 4493 2188 4546 sia:
2240 4492 2384 4561 leges
2445 4490 2821 4561 philosophari
2872 4484 3488 4556 decreverunt..Porro
3540 4498 3662 4566 cum

2098 4582 2434 4653 aliquantum
2473 4583 2731 4653 temporis
2771 4581 2826 4635 in
2857 4578 3171 4650 disciplinis
3205 4575 3661 4647 philosophorum

2096 4673 2375 4743 gentilium
2409 4672 2905 4743 consumpsissem,
2921 4677 2976 4725 et
3003 4683 3286 4725 sacrarum
3324 4667 3656 4721 Litterarum

2094 4766 2490 4835 expositionem
2545 4766 2741 4837 partim
2787 4779 2851 4818 ex
2908 4761 3320 4818 commentariis
3371 4758 3663 4829 Origenis,

431 4856 637 4909 Βίόλων
670 4856 1159 4927 εὐδοκιμησάντων,
1187 4855 1331 4926 μέγα
1355 4856 1545 4925 ὄφελος
1571 4857 1712 4911 κατὰ
1730 4857 1820 4929 τόν
1851 4875 1988 4926 παρ-

2098 4858 2296 4927 partim
2343 4873 2406 4911 ex
2449 4858 2596 4922 aliis,
2625 4857 2718 4926 qui
2769 4855 2851 4911 vel
2893 4862 3022 4909 ante
3065 4853 3379 4925 Origmem,
3419 4853 3499 4907 vel
3543 4859 3664 4921 post

429 4948 557 5000 ὄντα
585 4948 774 5018 καιρὸν
831 4949 1074 5017 ἐγένοντο
1118 4950 1229 5010 τοῖς
1281 4947 1553 5018 ὁμοδόξοις
1576 4947 1682 5002 τῶν
1707 4951 1764 5003 ἐν
1789 4949 1988 5020 Νικαίᾳ

2098 4949 2275 5015 illum,
2320 4951 2373 5005 in
2413 4951 2589 5006 sacris
2633 4946 3020 5005 Voluminibus
3076 4945 3505 5018 interpretandis
3556 4961 3660 4998 non

504 5129 520 5161 ³
555 5129 735 5192 Socr.,
771 5128 864 5185 lib.
898 5144 969 5193 tv,
1009 5142 1058 5184 c.
1089 5127 1179 5184 26.

1605 5280 1870 5338 VALESII
1910 5280 2467 5341 ANNOTATIONES.

501 5398 611 5467 (82)
648 5398 858 5470 Είγὰρ
882 5399 1103 5455 οὐσίαν
1120 5398 1251 5469 μέν.
1278 5395 1433 5470 Hunc
1456 5397 1886 5470 locumcorrcxj
1915 5413 1982 5454 ex
2092 5399 2456 5470 terrogatione
2494 5397 2682 5454 Basilii
2714 5394 3484 5470 coram)lodestohprtel‘eeto
3514 5409 3655 5470 pra;-

429 5469 621 5524 codice
649 5467 984 5535 Fuk‘ctiano,
1036 5471 1088 5523 in
1124 5467 1246 5539 quo
1291 5468 1498 5522 diserte
1535 5467 1795 5539 scribitur
1822 5467 1876 5519 εί
1920 5486 1985 5538 γε
2093 5467 2261 5539 torio,
2292 5469 2413 5524 vide
2439 5484 2561 5539 qua:
2592 5470 2777 5523 notavi
2815 5469 2881 5523 ad
2904 5467 3142 5524 Socratis
3178 5467 3272 5520 lib.
3308 5479 3379 5527 ιν,
3414 5480 3536 5539 cap.
3564 5467 3654 5539 σω.

430 5539 616 5593 οὐσίαν
662 5540 759 5609 μὲν
795 5539 1073 5610 οὑκνέχω·
1112 5535 1276 5610 ρἀός
1304 5554 1383 5603 τε,
1425 5547 1530 5610 etc.
1572 5537 1779 5589 Mallem
1806 5535 1986 5610 tamen

2093 5536 2279 5608 Neque
2310 5535 2472 5592 euim'
2489 5555 2629 5609 opus
2665 5547 2746 5595 est
2775 5539 2861 5593 hic
2904 5544 3152 5609 repetere
3186 5550 3250 5592 ea
3278 5549 3398 5606 quae
3428 5535 3538 5590 illic
3564 5538 3658 5592 ub-

433 5606 674 5664 scribere
704 5611 868 5679 ρἄος
898 5606 997 5674 δέ’,
1043 5606 1148 5664 etc.
1197 5607 1367 5662 Porro
1412 5608 1479 5663 de
1511 5607 1611 5661 hac
1640 5606 1878 5661 secunda
1911 5607 1992 5661 in-
2100 5606 2313 5664 servata
2344 5616 2492 5664 sunt.
