4040 6216
321 267 457 323 ΙῖῦῚ

1269 274 1590 334 HISTORIA
1630 278 2180 336 ECCLESIASTICA.
2222 312 2289 322 --
2331 280 2458 333 LIB.
2499 277 2583 333 Vl.

3421 280 3448 336 1
3458 279 3562 338 358

312 380 392 450 τῷ
414 379 644 452 ὑπάρχῳ
704 376 792 452 ἦν,
848 382 1048 452 καίπερ
1098 384 1400 455 ἑτερόδοξος
1438 387 1534 453 ὢν,
1583 388 1757 461 λάθρα
1782 393 1893 454 τοῖς

2006 401 2296 450 conventus
2319 393 2433 447 lieri
2458 391 2816 462 permisisset.
2850 391 2918 443 At
2946 390 3252 459 Modestus,
3282 393 3387 450 hoc
3404 397 3563 451 enim

325 469 628 541 Ἐδεσηνοῖς
660 472 919 540 ἐμήνυσε,
967 472 1304 541 φυλάξασθαι
1348 476 1446 547 τὴν
1484 479 1774 552 ὑστεραίαν
1815 480 1889 554 μὴ

316 560 591 614 συνελθεῖν
644 562 725 624 είς
766 562 858 615 τὸν
904 564 1131 619 εἰωθότα
1164 566 1327 621 τόπον
1377 568 1709 640 εὐξαμένους
1753 572 1889 643 (8'7).

314 650 467 706 Εἶναι
496 652 605 721 γάρ
634 651 783 723 αὐτῷ
817 657 1293 727 προστεταγμένον
1314 660 1462 729 παρὰ
1481 660 1573 713 τοῦ
1606 659 1891 730 βασιλέως,

315 744 671 815 τιμωρεῖσθαι
723 745 849 808 τοὺς
904 746 1308 819 ἁλισκομένους.
1365 751 1477 804 Καὶ
1511 753 1540 805 6
1585 752 1682 820 μὲν
1721 751 1913 833 ταῦτα,

314 836 547 905 ἠπείλει,
579 835 866 905 ῆόλίγους,
922 837 956 909 ἢ
1015 841 1217 911 μηδένα
1255 843 1498 913 προνοῶν
1528 844 1893 907 κινδυνεῦσαι,

319 931 411 984 καὶ
430 930 589 985 αὑτὸν
644 933 1027 1002 παραιτεῖσθαι
1094 937 1411 1000 σπουδάζων
1469 936 1606 1008 πρὸς
1652 937 1752 1007 τὴν
1801 934 1895 990 τοῦ

319 1021 645 1093 κρατοῦντος
678 1024 867 1095 ὀργήν.
892 1026 953 1077 Ol
978 1024 1034 1078 δὲ
1084 1024 1377 1096 Ἐδεσηνοὶ,
1409 1030 1535 1098 παρ’
1557 1027 1706 1081 οὐδὲν
1738 1044 1892 1097 ποιη-

324 1114 548 1183 σάμενοι
575 1115 674 1186 τὴν
705 1116 955 1187 ἀπειλὴν,
1002 1118 1412 1188 σπουδαιότερον
1449 1119 1481 1189 ἢ
1522 1117 1743 1190 προτοῦ,
1777 1135 1899 1171 συν-

318 1209 508 1279 έρρεον
538 1208 728 1273 ἕωθεν,
765 1211 859 1262 καὶ
909 1210 998 1263 τὸν
1048 1210 1272 1264 εἰωθότα
1307 1211 1468 1265 τόπον
1499 1212 1794 1282 ἐπλήρουν.
1839 1211 1898 1263 Ὀ

314 1299 375 1352 δὲ
408 1300 699 1365 Μόδεστος,
727 1300 1087 1370 ἀγγελθέντος
1133 1302 1346 1365 τούτου,
1379 1303 1476 1355 οῦκ
1498 1298 1642 1372 εἶχεν
1670 1303 1698 1355 ὃ
1721 1319 1773 1355 τι
1806 1301 1901 1355 καὶ

321 1391 619 1462 ποιήσειεν,
651 1392 949 1463 ἀμηχανῶν
981 1393 1038 1446 δὲ
1067 1395 1181 1456 τοῖς
1208 1392 1499 1465 παροῦσιν,
1547 1395 1695 1464 ὅμως
1722 1394 1813 1446 ἐπὶ
1840 1393 1899 1446 τὸ

320 1482 503 1537 πεδίον
555 1483 665 1554 ﬁat.
713 1483 855 1556 Γυνὴ
903 1483 961 1537 δέ
994 1501 1079 1548 τις
1108 1484 1392 1557 παιδάριον
1430 1487 1681 1549 ἐλκουσα,
1716 1486 1809 1540 καὶ
1841 1486 1901 1539 τὸ

323 1574 496 1644 φᾶρος
533 1575 655 1644 είκῆ
684 1575 1053 1647 ἐπισυρομένη
1077 1577 1230 1648 παρά
1256 1578 1347 1631 τὸν
1377 1577 1654 1648 πρέποντα
1683 1578 1902 1647 γυναικὶ

323 1665 548 1737 κόσμον,
582 1665 657 1729 ὡς
686 1664 780 1719 ἐπί
816 1684 867 1721 τι
905 1667 1188 1722 σπουδαῖον
1229 1668 1578 1740 ἐπειγομένη,
1608 1668 1706 1739 τὴν
1740 1671 1900 1740 ἡγου-

1993 484 2216 540 nomine
2264 484 2559 539 vocabatur
2601 480 2927 554 praefectus,
2971 483 3098 537 licet
3129 486 3359 541 alterius
3399 496 3565 544 secta

1994 582 2165 643 esset,
2195 576 2338 631 clam
2376 584 2558 630 tamen
2592 574 2899 630 Edessenos
2938 574 3280 640 submonuit,
3315 585 3373 631 ut
3407 593 3566 633 cave-

1993 673 2117 720 rent
2146 680 2215 720 ne
2250 671 2475 735 postero
2502 664 2591 719 die
2618 663 2684 717 ad
2728 671 3051 716 consuetum
3084 662 3261 731 locum
3307 666 3565 732 precandi

1993 771 2161 811 causa
2214 755 2594 809 convenirent.
2657 753 2771 808 Sibi
2834 767 3068 822 namque
3116 752 3187 807 ab
3241 753 3566 822 imperatore

1996 852 2327 917 praeceptum
2371 858 2515 905 esse,
2560 842 2693 896 utin
2737 857 2833 896 eos
2885 843 2977 911 qui
3013 841 3340 911 deprehensi
3384 855 3570 899 essent

1996 935 2477 990 animadverteret.
2514 933 2594 988 Ac
2621 930 2913 1001 prafectus
2938 932 3157 1001 quidem
3189 932 3293 987 ista
3322 933 3571 987 minaba-

1997 1038 2107 1092 tur,
2144 1026 2485 1096 prospicieus
2535 1035 2594 1078 ut
2645 1040 2806 1079 nemo
2836 1039 3047 1084 eorum,
3090 1024 3173 1078 vel
3216 1032 3369 1079 certe
3402 1040 3571 1095 quam

1997 1120 2324 1191 paucissimi
2374 1119 2429 1172 in
2477 1117 2774 1173 discrimen
2809 1116 3084 1179 venirent,
3122 1124 3305 1186 utque.
3338 1117 3572 1187 ipsemet

1998 1211 2346 1281 imperatoris
2377 1211 2514 1264 iram
2549 1208 2828 1278 ellugeret.
2868 1206 3070 1262 Verum
3106 1207 3390 1273 Edesseni,
3415 1223 3571 1278 spre-

1999 1302 2074 1356 tis
2102 1300 2415 1371 hujusmodi
2448 1300 2633 1363 minis,
2665 1301 2844 1370 primo
2876 1299 3140 1363 diluculo,
3177 1298 3383 1366 majore
3405 1314 3569 1368 quam

2000 1404 2161 1449 antea
2202 1393 2385 1449 studio
2433 1392 2858 1459 conﬂuxerunt,
2912 1399 2966 1447 et
3014 1402 3338 1447 consuetum
3389 1392 3570 1447 locum

2001 1495 2357 1558 occuparunt.
2399 1487 2473 1541 Ea
2504 1503 2562 1541 re
2585 1486 2859 1547 nuntiata,
2907 1483 3191 1543 Modestus
3226 1482 3575 1563 quid\ageret

2002 1582 2300 1636 nesciebat.
2342 1578 2410 1633 Et
2455 1580 2706 1649 quamvis
2758 1579 2812 1632 in
2857 1576 2959 1631 hoc
2991 1590 3170 1630 rerum
3219 1585 3363 1630 statu
3412 1575 3574 1644 inops

2003 1669 2218 1723 consilii
2261 1677 2429 1730 esset,
2485 1665 2845 1722 nihilominus
2897 1664 2965 1719 ad
3007 1678 3260 1732 campum
3310 1663 3572 1732 perrexit.

325 1728 496 1829 μένην
536 1728 645 1811 τοῦ
677 1758 923 1829 ὑπάρχου
972 1728 1374 1843 στρατιωτικὴν⁷
1421 1728 1579 1829 ἔτιχᾶ
1630 1728 1896 1829 δίέτεμεν.

2006 1757 2215 1813 interea
2263 1758 2462 1817 mulier
2518 1759 2765 1828 quaedam
2821 1769 3051 1826 puerum
3098 1768 3264 1810 manu
3307 1762 3575 1823 raptans,

334 1849 482 1903 Ἰδὼν
508 1850 565 1904 δὲ
596 1849 887 1916 Μόδεστος,
932 1849 1262 1923 προσέταξεν
1303 1850 1474 1920 αὐτὴν
1509 1850 1895 1921 συλληφθῆναι.

325 1941 437 1995 Καὶ
485 1942 1031 2013 προσκαλεσάμενος,
1087 1943 1288 2013 ἀπῄτει
1338 1940 1518 2009 λέγειν
1560 1941 1653 1993 τοῦ
1698 1942 1900 2012 δρόμου

325 2031 424 2101 τήν
450 2030 645 2085 αἰτίαν.
700 2031 811 2101 Τῆς
838 2031 894 2084 δὲ
933 2030 1213 2101 εἰπούσης,
1252 2029 1340 2083 ἵνα
1367 2029 1559 2083 θᾶττον
1605 2028 1902 2083 καταλάϐοι

325 2119 387 2174 τὸ
417 2120 617 2180 πεδίον,
648 2118 776 2173 ἔνθα
805 2122 1048 2175 συνιᾶσιν
1074 2121 1122 2173 οί
1145 2120 1254 2173 ἀπὸ
1283 2119 1384 2190 τῆς
1400 2119 1629 2174 καθόλου
1674 2121 1903 2191 Ἐκκλη-

328 2208 469 2273 σίας.
523 2212 675 2279 Μόνη
726 2206 840 2275 οὖν,
897 2211 999 2283 ἔφη
1039 2212 1332 2276 Μόδεστος,
1365 2212 1466 2265 οὐκ
1506 2211 1678 2281 έγνως
1707 2211 1903 2266 αὐτίκα

330 2301 544 2371 μέλλειν
577 2304 754 2356 ἐκεῖσε
793 2304 884 2355 τὸν
920 2303 1163 2375 ὕπαρχον
1196 2304 1349 2366 ἰέναι,
1383 2304 1476 2358 καὶ
1505 2303 1597 2368 οῦς
1636 2302 1701 2358 ἂν
1727 2304 1901 2375 εῦροι,

329 2393 537 2459 πάντας
594 2395 1147 2467 ἀναιρήσειν;Ναίχι
1200 2395 1436 2464 ἀκήκοα,
1492 2395 1646 2465 φησὶ,
1688 2395 1783 2448 καὶ
1814 2394 1905 2449 διὰ

329 2487 489 2541 τοῦτο
543 2489 777 2559 μάλιστα
834 2489 1034 2562 δρόμου
1077 2489 1158 2543 δεῖ
1209 2507 1329 2561 μοι,
1371 2489 1458 2544 ἴνα
1489 2489 1562 2560 μὴ
1589 2488 1683 2542 τοῦ
1710 2491 1903 2561 καιροῦ

327 2580 557 2633 κατόπιν
582 2581 845 2651 γένωμαι,
884 2582 978 2636 καὶ
1022 2581 1255 2653 ἁμάρτω
1286 2584 1385 2653 τῆς
1420 2582 1547 2653 περὶ
1597 2581 1732 2636 Θεοῦ
1764 2600 1901 2653 μαρο

328 2670 523 2742 τυρίας
545 2670 677 2739 (88).
695 2673 881 2765 ’Λτάρ,
910 2673 963 2727 τί
981 2690 1045 2742 γε
1069 2672 1299 2726 τοῦτο-τὸ
1326 2671 1535 2726 παιδίον
1567 2672 1684 2744 μεθ’
1707 2673 1906 2744 ἑαυτῆς

302 2804 303 2807 η
329 2760 508 2828 ἄγεις,
560 2762 723 2834 ἤρετο
768 2766 796 2818 6
826 2760 1076 2837 ’ὕπαρχος
1101 2781 1115 2796 ·
1152 2765 1227 2831 ὡς
1257 2766 1322 2821 ἀν
1353 2781 1417 2834 γε
1463 2764 1557 2819 καὶ
1586 2764 1748 2830 αὐτὸ,
1778 2763 1904 2834 ἔφη,

330 2851 424 2903 τοῦ
451 2853 625 2906 κοινοῦ
667 2852 871 2918 πάθους
899 2856 1163 2928 μετάσχῃ,
1197 2855 1294 2909 καὶ
1320 2856 1427 2909 τῶν
1461 2854 1591 2909 ῐσων
1623 2854 1903 2925 ἀξιωθείη.

330 2941 629 3013 θαυμάσας
656 2944 712 2997 δὲ
745 2944 775 2996 6
812 2936 1083 3010 Μόδεστος
1121 2945 1220 3017 τὴν
1244 2948 1481 3015 γυναῖκα
1512 2945 1609 3016 τῆς
1630 2945 1902 3015 ἀνδρείας,

2002 1864 2163 1905 secus
2202 1864 2366 1919 quam
2415 1850 2696 1904 mulierem
2728 1848 2906 1913 decet,
2948 1846 3174 1915 pallium
3216 1844 3576 1914 incomposite

2001 1940 2250 2005 trahens,
2274 1939 2565 1993 militarem
2598 1953 2819 1992 manum
2852 1953 2972 2007 qua:
3002 1936 3316 2006 praefectum
3337 1934 3572 1990 anteibat

2002 2031 2269 2101 perrupit,
2301 2032 2459 2100 quasi
2488 2030 2555 2084 ad
2596 2031 2776 2100 magni
2819 2030 3082 2084 momenti
3117 2028 3393 2097 negotium
3424 2026 3568 2082 festi-

2002 2137 2166 2176 nans.
2189 2104 2495 2188 Quodcum
2527 2121 2754 2176 vidisset
2775 2120 3080 2184 Modestus,
3112 2120 3394 2176 mulierem
3424 2133 3577 2173 com-

2005 2213 2270 2284 prehendi
2298 2213 2487 2281 jussit.
2522 2211 2586 2265 Et
2623 2212 2947 2267 accersitam
2996 2211 3063 2265 ad
3109 2225 3171 2265 se
3201 2208 3577 2279 interrogavit,

2003 2318 2125 2373 qua:
2171 2318 2339 2357 causa
2371 2318 2569 2358 cursus
2616 2313 2726 2356 tam
2768 2302 3013 2357 contenti
3059 2310 3224 2357 esset.
3277 2299 3576 2370 Respondit

2004 2398 2096 2452 illa
2139 2415 2155 2454 :
2192 2395 2260 2450 Ut
2310 2395 2478 2450 citius
2533 2393 2845 2464 perveniam
2893 2394 2961 2449 ad
3019 2408 3297 2463 campum,
3358 2394 3416 2447 in
3470 2408 3579 2461 quo

2003 2486 2242 2558 populus
2272 2485 2527 2540 Ecclesia:
2555 2484 2840 2539 catholica
2876 2493 3264 2554 congregatur.
3292 2483 3432 2538 Tum
3463 2484 3575 2539 Mo-

2004 2580 2194 2635 destus
2229 2597 2240 2631 :
2278 2575 2437 2630 Tune
2462 2575 2601 2640 sola,
2646 2576 2845 2644 inquit,
2893 2576 3118 2644 ignoras
3149 2573 3465 2642 praefectum
3513 2588 3579 2630 eo

2005 2669 2190 2724 statim
2222 2676 2509 2721 venturum
2534 2680 2680 2728 esse,
2713 2673 2768 2720 et
2789 2671 3067 2734 quotquot
3090 2663 3381 2728 invenerit,
3411 2663 3577 2719 simul

2005 2775 2202 2816 omnes
2252 2756 2715 2814 interfecturum?
2750 2755 2862 2810 lmo
2903 2771 3055 2819 vero,
3090 2756 3166 2809 ait
3215 2754 3434 2820 mulier,
3482 2768 3568 2808 au-

2005 2853 2137 2908 divi.
2183 2852 2363 2921 Atque
2414 2849 2623 2905 idcirco
2673 2864 2839 2903 cursu
2879 2848 3011 2902 mihi
3043 2863 3183 2923 opus
3228 2844 3335 2912 est,
3367 2862 3434 2901 ne
3464 2856 3577 2899 tar-

2004 2946 2129 2999 dius
2171 2958 2237 2999 eo
2275 2944 2519 3007 veniam,
2567 2950 2621 2998 et
2673 2940 2925 3011 martyrii
2981 2940 3156 3010 gloria
3193 2940 3396 3009 priver.
3436 2937 3580 2992 Tum

330 3030 659 3103 ἀνέστρεψεν
694 3033 805 3105 (89)
832 3036 912 3098 είς
951 3034 1021 3088 τὰ
1068 3034 1332 3106 βασίλεια.
1364 3036 1473 3090 Καὶ
1508 3035 1901 3105 κοινωσάμενος

2006 3032 2165 3104 241
2213 3031 2503 3103 praefectus
2562 3030 2971 3101 interrogavit:
3018 3030 3129 3085 Cur
3163 3044 3299 3085 vero
3350 3026 3580 3100 puerum

331 3118 410 3190 τῷ
435 3123 724 3194 κρατοῦντι
748 3126 877 3196 περὶ
901 3125 1093 3196 αὐτῆς,
1129 3126 1313 3179 ἔπεισε
1338 3124 1414 3197 μὴ
1439 3126 1633 3197 χρῆναι
1661 3124 1722 3177 τὸ
1747 3124 1901 3191 δόξαν

2006 3126 2160 3189 hunc
2215 3135 2394 3180 tecum
2450 3122 2650 3179 ducis?
2703 3120 2775 3177 Ut
2808 3129 2864 3178 et
2908 3123 3058 3193 ipse,
3111 3121 3291 3192 inquit
3350 3118 3611 3182 mulier;

333 3212 618 3275 ἐπιτελεῖν,
671 3215 896 3287 αἰσχρὸν
922 3215 1081 3270 τοῦτο
1119 3216 1574 3287 καὶιάσύμφορον
1607 3212 1901 3278 ἐπιδείξας.

346 3303 410 3357 Ἦ
441 3304 540 3375 μὲν
567 3305 630 3376 δὴ
658 3305 766 3359 τῶν
802 3305 1098 3377 Ἐδεσηνῶν
1120 3307 1292 3371 πόλις,
1318 3305 1589 3376 πανδημεὶ
1626 3306 1716 3360 τὸν
1755 3307 1908 3376 εἰρη-

337 3396 497 3463 μένον
517 3398 716 3467 τρόπον
746 3398 884 3470 ὑπέρ
907 3398 1001 3452 τοῦ
1025 3399 1292 3470 δόγματος
1320 3399 1692 3469 ὡμολόγησεν.

2009 3217 2285 3288 particeps
2334 3215 2408 3272 sit
2454 3213 2767 3271 communis
2811 3213 2961 3279 mali,
3010 3220 3064 3267 et
3119 3213 3237 3282 pari
3280 3224 3406 3263 cum
3458 3209 3581 3266 aliis

2010 3313 2235 3380 prarmio
2255 3309 2554 3365 afﬁciatur.
2582 3307 2907 3362 Admiratus
2935 3306 3181 3360 mulieris
3205 3303 3581 3360 fortitudinem

2014 3402 2313 3464 Modestus,
2352 3400 2417 3453 ad
2454 3399 2718 3470 palatium
2756 3398 3018 3454 recurrit.
3051 3396 3299 3465 Cumque
3336 3394 3583 3449 mulieris

336 3486 551 3543 facinus
571 3488 806 3560 principi
840 3490 1142 3555 retulisset,
1178 3490 1451 3559 persuasit
1479 3501 1538 3544 ut
1567 3491 1636 3543 ah
1664 3491 1908 3562 incoepto
1946 3492 2279 3559 desisteret;
2310 3507 2411 3545 nec
2441 3492 2757 3556 honestum,
2793 3504 2894 3544 nec
2957 3488 3092 3543 utile
3154 3486 3209 3540 id
3240 3501 3363 3542 esse
3397 3494 3581 3543 osten-

329 3584 490 3639 dens.
541 3583 624 3639 Ad
660 3584 807 3640 hunc
851 3585 1072 3639 modum
1122 3578 1522 3640 Edessenorum
1549 3586 1743 3644 civitas
1785 3588 2039 3643 universa
2072 3587 2278 3643 Christi
2306 3587 2515 3641 cultum
2549 3583 2799 3639 confessa
2827 3590 2927 3637 est.

932 3677 1183 3730 ΚΕΦΑΛ.
1223 3677 1324 3731 19'.

340 3766 594 3838 7318th
639 3768 745 3822 τοῦ
786 3768 1054 3838 μεγάλου
1106 3768 1473 3832 Ἀθανασίου,
1520 3769 1616 3823 καὶ
1646 3771 1903 3825 Λουκίου

408 3837 513 3909 τοῦ
556 3837 1037 3909 Ἀρειοντόφρονος
1068 3839 1289 3905 ἄνοδος
1308 3842 1393 3905 είς
1413 3841 1520 3893 τὸν
1543 3842 1777 3909 θρόνον,
1807 3841 1904 3893 καὶ

406 3906 524 3967 ὅσα
548 3908 702 3961 κακὰ
719 3906 827 3974 τάξ
843 3910 914 3963 ἐν
925 3908 1197 3977 Αἰγύπτῳ
1211 3906 1901 3977 Ἐκκλησίαᾷκιξτέλαόε·

337 4036 341 4041 ,
407 3977 513 4048 καὶ»
532 3978 613 4043 ὡς
638 3969 859 4048 Πέτρος
886 3982 917 4033 ό
950 3969 1103 4047 μετὰ
1143 3969 1511 4046 Rauracum“,
1543 3969 1787 4048 διαδρὰς
1818 3983 1907 4045 εὶς

417 4046 647 4117 Ῥώμην
668 4047 849 4117 διέϐη.

418 4139 555 4192 Ὑπὸ
568 4139 623 4193 δέ
640 4137 826 4192 τοῦτον
851 4139 940 4200 τὸν
953 4139 1161 4211 χρόνον,
1180 4139 1528 4209 ἐτελεύτησεν
1545 4140 1572 4191 6
1595 4138 1907 4203 Ἀθανάσιος

332 4231 436 4300 τῆς
470 4229 862 4301 Ἀλεξανδρέων
900 4229 1225 4300 Ἐκκλησίας
1264 4230 1579 4295 ἐπίσκοπος,
1613 4230 1755 4301 ἀμφὶ
1785 4247 1908 4283 τεσ-

337 4319 647 4389 σαράκοντα
690 4322 783 4373 καὶ
819 4318 877 4387 ἓξ
906 4321 1185 4385 ἐνιαυτοὺς
1222 4320 1321 4391 τὴν
1350 4319 1758 4391 ἀρχιερωσύνην
1786 4320 1913 4374 ἁνύ-

2617 3673 2771 3730 CAP.
2821 3672 2964 3729 XIX.

2015 3770 2090 3826 De
2121 3769 2264 3825 obitu
2292 3768 2471 3838 magni
2509 3765 2811 3830 Athanasii,
2853 3763 3004 3838 cujus
3023 3762 3209 3838 sedem
3247 3760 3438 3838 invasit
3479 3757 3587 3838 ιιι.

2085 3843 2197 3894 cius
2232 3829 2463 3892 Ariaiius
2492 3853 2509 3890 :
2535 3846 2584 3890 et
2618 3845 2739 3905 quot
2775 3829 2928 3888 malis
2960 3834 3179 3904 amicta:
3224 3832 3328 3905 sint
3359 3829 3587 3905 ,θρωπε
3640 3852 3651 3861 -

2082 3909 2332 3963 Ecclesia:
2352 3925 2369 3961 :
2394 3918 2441 3962 et
2462 3900 2720 3977 quomodo
2741 3905 2955 3977 Petrus,
2976 3900 3247 3957 successor
3278 3900 3583 3960 Athanasii,

2083 3982 2209 4051 luga
2234 3976 2479 4048 elapsus,
2499 3978 2721 4031 Romam
2753 3976 3002 4045 perrexit.

2090 4133 2203 4188 Sub
2236 4133 2379 4188 idem
2424 4142 2639 4201 tempus
2672 4128 3009 4184 Athanasius
3047 4122 3432 4181 Alexandrina:
3481 4118 3584 4173 Ec-

2016 4227 2198 4282 clesiae
2242 4226 2560 4305 cpiscOpus,
2612 4223 2725 4275 fato
2783 4220 3010 4273 functus
3064 4224 3171 4280 est,
3218 4230 3341 4269 cum
3391 4227 3485 4267 sex
3531 4219 3586 4264 et

2018 4300 2375 4387 quadraginta
2426 4315 2645 4368 circiter
2679 4325 2852 4365 annos
2897 4306 3263 4365 sacerdotium
3307 4300 3585 4357 obtinuis-

341 4428 457 4476 σας.
510 4413 630 4466 Τῶν
667 4412 724 4465 δὲ
760 4412 828 4466 τὰ
890 4406 1100 4482 ’Δρείου
1151 4411 1489 4484 φρονούντων
1527 4412 1585 4464 ἐν
1635 4412 1788 4482 τάχει
1814 4411 1901 4484 τὴν

2012 4417 2097 4466 set
2120 4409 2159 4462 ⁵.
2225 4409 2474 4476 Cumque
2536 4420 2687 4461 mors
2745 4402 2865 4472 ejus
2936 4398 3187 4456 celeriter
3241 4395 3311 4452 ab
3367 4392 3587 4448 Arianis

416 4585 433 4616 ¹
457 4580 751 4649 Sucr.,lib.
781 4601 853 4650 iv,
880 4599 929 4637 c.
957 4582 1049 4650 ‘10,
1090 4582 1179 4637 2|.

1512 4732 1788 4787 VALESII
1850 4730 2410 4790 ANNOTATIONES.

408 4831 521 4899 (87)
579 4829 982 4897 Εὐξαμένους.
1037 4830 1323 4899 Assentior
1355 4827 1902 4899 _Christophorsono,

332 4909 393 4954 et
419 4897 628 4955 'Savilio
659 4914 725 4953 ac
752 4899 1019 4960 Musculo,
1049 4901 1142 4967 qui
1171 4897 1494 4967 εὐξομένους
1515 4898 1901 4951 emendarunt.

341 4971 394 5023 ΙιΙ
433 4972 580 5025 enim
616 4970 858 5039 postulat
909 4966 1082 5024 series
1113 4966 1401 5039 orationis.
1456 4966 1711 5039 Libenter
1739 4968 1903 5021 etiam

338 5039 444 5094 hoc
476 5040 596 5093 loco
619 5037 915 5095 scriberem
945 5038 1324 5163 tmbctepaia,
1349 5039 1471 5092 licet
1502 5037 1904 5108 refragantibus

340 5109 561 5163 scriptis
594 5109 879 5163 codicibus
906 5124 970 5162 ac
999 5146 1018 5162 .
1048 5108 1329 5163 iceuhoro.

340 5109 561 5176 scriptis
594 5109 879 5164 codicibus
906 5124 970 5162 ac
998 5108 1329 5177 Nicephoru.

410 5179 521 5249 (88)
553 5177 665 5245 Τῆς
694 5179 825 5247 περὶ
847 5178 992 5232 θεοῦ
1012 5176 1906 5249 μαρτυρίας.βΙιΔτὶειορῃοτεοηιιε

338 5257 393 5303 et
420 5245 674 5304 'Sa'vilius
716 5245 1080 5304 emendarunt
1116 5250 1215 5369 τὶς
1251 5247 1400 5318 παρὰ
1435 5245 1607 5299 Θεοῦ.
1634 5245 1726 5300 Sic
1762 5249 1909 5300 etum

339 5327 506 5369 vertit
542 5319 1118 5369 Christonhorsonns.
1182 5316 1220 5368 ἰ
1267 5329 1540 5369 vrovterea
1579 5332 1739 5369 cursu
1778 5317 1904 5368 mihi

339 5327 506 5373 vertit
542 5319 1118 5388 Christophorsonus,
1152 5316 1220 5369 Et
1267 5316 1540 5388 propterea
1579 5332 1739 5370 cursu
1778 5317 1904 5368 mihi

340 5406 468 5455 opus
494 5397 601 5449 est,
643 5405 704 5443 ne
730 5387 847 5456 past
888 5396 1084 5457 tempus
1127 5387 1330 5441 veniant
1353 5426 1367 5446 ,
1413 5395 1462 5441 et
1493 5387 1567 5457 ita
1591 5388 1845 5453 martyrio
1876 5403 1909 5439 a

340 5458 450 5512 Deo
484 5460 661 5513 oblato
712 5456 995 5512 destituar.
1039 5457 1118 5511 Ita
1170 5472 1406 5526 quoque
1440 5456 1636 5525 legisse
1695 5458 1909 5509 videtur

340 5528 642 5595 Musonius,
677 5537 739 5582 ut
769 5544 833 5583 ex
869 5525 1325 5598 interpretatione
1362 5525 1482 5595 eius
1522 5533 1766 5598 apparet.
1814 5527 1907 5598 Sic

339 5600 485 5652 enim
523 5600 637 5660 ille,
695 5615 758 5652 ne
799 5596 1029 5652 tardius
1059 5597 1153 5651 illo
1184 5598 1414 5659 ueniam,
1451 5607 1499 5649 et
1536 5612 1565 5645 (ι
1607 5596 1905 5648 testimonio

343 5669 437 5724 Dei
466 5669 727 5735 deﬁciant.
765 5666 1105 5739 Nicephorus
1131 5683 1347 5737 quoque
1393 5667 1445 5719 in
1484 5665 1578 5719 lib.
1616 5680 1676 5732 ll,
1709 5680 1759 5718 c.
1810 5664 1902 5731 22,

2009 4820 2163 4898 παρά
2200 4827 2326 4898 legit
2380 4827 2435 4898 in
2475 4826 2578 4880 hoc
2616 4824 2905 4881 Sozomeni
2951 4823 3097 4898 loco.
3143 4820 3236 4898 Sic
3287 4819 3437 4898 enim
3475 4818 3590 4898 Aha:

2012 4888 2103 4951 bet
2144 4916 2157 4950 :
2196 4888 2314 4949 Ἵνα
2362 4896 2435 4967 μὴ
2471 4897 2699 4949 κατόπιν
2746 4892 3248 4967 γεγενημένη,ᾼτῆς
3288 4890 3438 4967 παρὰ
3470 4888 3591 4958 Θεῷ

2009 4968 2167 5036 δόξης
2197 4962 2443 5037 ἁμάρτω.
2481 4971 2654 5036 Atque
2688 4962 2801 5022 haec
2827 4962 3172 5037 Vlectiouutilti
3216 4962 3437 5037 quidem
3479 4974 3588 5037 nun

2012 5028 2267 5109 displicet
2288 5075 2302 5100 ,
2321 5028 2495 5090 'moilu
2527 5028 2839 5109 μαρτυρίαν
2868 5028 3256 5109 intelligamus:
3286 5028 3590 5087 confessio-

2014 5104 2137 5178 nem
2169 5107 2355 5170 illam,
2387 5122 2494 5176 qua
2529 5104 2674 5163 Deus
2714 5104 2767 5162 in
2801 5105 3097 5175 Evangelio
3130 5104 3420 5178 pollicetur
3449 5114 3587 5178 con—

2013 5176 2298 5246 fessuruin
2338 5170 2419 5231 se-
2451 5192 2582 5240 eos,
2643 5178 2735 5246 qui
2793 5170 2979 5246 ipsum'
3030 5170 3216 5228 coram
3266 5170 3589 5246 hominibus

2010 5246 2247 5301 confessi
2278 5243 2503 5301 fuerint.
2535 5240 2715 5300 Maliin
2749 5240 2930 5301 tamen
2956 5245 3073 5300 haec
3106 5242 3393 5297 Sozumeni
3420 5240 3588 5292 verba

2009 5316 2313 5383 intelligere
2333 5314 2402 5370 de
2431 5319 2781 5373 confessione
2800 5318 2926 5381 illa,
2961 5330 3068 5383 qua
3119 5320 3389 5383 martyres
3414 5305 3585 5383 Deut"

2007 5375 2358 5509 geniiténtur.
2417 5388 2508 5443 Sic
2556 5388 2685 5459 περὶ
2746 5375 2925 5452 Θεοῦ,
2981 5375 3125 5441 idem
3178 5375 3288 5437 erit
3327 5393 3392 5432 ac
3445 5375 3588 5446 ὑπὲρ

2053 5474 2166 5509 εου.

2053 5474 2166 5509 εου.

2079 5527 2213 5651 (3d?)é
2232 5525 2646 5597 'Aréorpegl'er.
2678 5527 2733 5582 ln
2756 5527 2949 5583 codice
2978 5521 3280 5577 Fuketiano
3304 5514 3576 5584 scriptum

2079 5608 2097 5651 t
2159 5615 2186 5651 ν
2219 5613 2427 5651 τοεγεν.

2013 5608 2097 5655 est
2120 5608 2427 5668 ἀνέτρεχεν.
