4040 6216
366 277 496 336 1541

1293 274 1617 334 HISTORIA
1660 276 2216 338 ECCLESIASTICA.
2254 311 2318 324 -—
2352 281 2479 338 LIB.
2512 281 2602 337 Vl.

3471 283 3608 338 1542

359 395 576 466 ἐφρόνει
647 394 987 462 διαλέγεσθαι
1044 395 1140 464 μὲν
1174 395 1273 448 καὶ
1326 397 1460 464 περὶ
1502 397 1789 468 δογμάτων
1821 398 1974 460 ἀδοο,

2079 400 2354 469 piuionem
2400 400 2514 454 Arii
2557 396 2974 452 aversabantur.
3016 395 3259 460 Quorum
3294 399 3611 452 testimonio

358 487 573 556 λεσχεῖν
597 485 722 538 οὔτε
755 486 926 550 θέλον,
952 484 1075 538 οὔτε
1105 485 1469 556 ἐπιστάμενον
1489 504 1502 517 ·
1534 489 1664 558 παρ’
1711 487 1940 552 ἐκείνοις

359 577 416 630 δέ
441 575 762 646 πειθόμενον
793 572 931 630 εῖναι
968 577 1065 647 τὴν
1107 577 1388 648 ἀλήθειαν,
1419 578 1468 632 οῖ
1493 581 1604 642 τοῖς
1633 577 1816 648 ἔργοις
1842 580 1941 650 τὴν

361 667 565 738 ἀρετὴν
607 667 1002 722 ἐπεδείκνυντο.
1039 668 1286 732 Ὀποίους
1335 669 1459 722 τότε
1495 669 1603 723 τῶν
1630 669 1942 737 Αἰγυπτίων

363 762 620 832 ἀσκητῶν
678 761 954 832 ἡγεμόνας
1000 761 1254 830 γενέσθαι
1304 761 1612 832 ἀκούομεν,
1669 762 1795 825 τοὺς
1850 761 1943 816 δύο

363 855 708 924 Μακαρίους,
774 853 866 917 οὓς
929 854 987 907 ἐν
1047 857 1158 917 τοῖς
1216 853 1448 925 πρόσθεν
1510 852 1785 923 ἔγνωμεν·
1849 852 1943 905 καὶ

365 946 600 1015 Πάμϐω,
662 946 758 999 καὶ
810 943 1189 1016 Ἡρακλείδην,
1239 945 1350 998 καῖ’
1384 943 1607 1007 λοιποὺς
1659 943 1942 996 Ἀντωνίου

370 1035 638 1107 μαθητάς.
673 1035 1045 1106 Λογισάμενος
1076 1031 1170 1089 οῦν
1205 1034 1458 1098 Λούκιος,
1486 1034 1562 1098 ὡς
1591 1035 1690 1088 οὐκ
1716 1035 1944 1104 ἐγγενή-

369 1141 520 1178 σεται
568 1128 682 1189 τοῖς
719 1125 934 1197 Ἀρείου
994 1124 1229 1208 βεϐαίως
1271 1125 1546 1195 κρατῆσαι
1578 1124 1686 1178 τῶν
1715 1124 1822 1178 ἀπὸ
1845 1126 1946 1195 τῆς

369 1217 600 1270 καθόλου
644 1216 992 1287 Ἐκκλησίας,
1043 1217 1093 1270 εί
1142 1217 1217 1287 μὴ
1247 1218 1376 1280 τοὺς
1409 1217 1676 1287 μοναχοὺς
1725 1216 1948 1281 τούτους

368 1309 674 1380 ὁμόφρονας
707 1308 890 1377 σφίσιν
917 1306 1272 1374 ἀποδείξειεν,
1315 1307 1590 1378 ἐπεχείρει
1625 1306 1941 1377 βιάζεσθαι·

371 1396 582 1451 πείθειν
609 1397 718 1468 γάρ
745 1399 844 1452 οὐκ
892 1398 1144 1470 ἠδύνατο.
1188 1399 1532 1470 Διημάρτανε
1561 1399 1616 1452 δὲ
1653 1399 1749 1454 καὶ
1778 1397 1949 1463 οὕτως

368 1488 464 1543 τοῦ
496 1489 721 1544 σκοποῦ.
739 1490 904 1544 Elaea).
929 1491 1220 1544 ἀποθανεῖν
1237 1490 1368 1554 δέοι,
1403 1491 1951 1560 παρεσκευασμένων

374 1581 574 1645 αὐτῶν,
609 1583 704 1636 καὶ⁸
727 1583 854 1647 τοὺς
881 1582 1113 1654 αὐχένας
1145 1583 1378 1654 ἑτοίμως
1408 1582 1818 1637 ὑποϐαλλόντων
1840 1584 1951 1645 τοῖς

376 1672 608 1742 ξίφεσιν,
635 1673 668 1745 ἢ
698 1672 808 1726 τῶν
833 1675 890 1727 ὲν
913 1675 1116 1746 Νικαίᾳ
1157 1673 1425 1738 δοξάντων
1463 1675 1756 1746 ὑπεριδεῖν.
1785 1672 1952 1741 Λέγε-

2041 492 2328 546 adltmrens
2380 488 2672 545 multitudo
2709 487 2875 558 vulgi,
2923 488 3168 542 eatudem
3219 503 3344 542 cum
3374 483 3480 543 illis
3513 490 3613 543 do-

2039 583 2272 637 ctrinam
2304 581 2427 636 ﬁdei
2475 580 2869 650 proﬁtebantur
2902 597 2915 632 :
2949 579 3153 647 quippe
3201 590 3322 647 quae
3355 578 3423 631 de
3478 579 3611 648 dog-

2043 675 2278 730 matibus
2316 673 2596 743 disputare
2624 679 2677 726 et
2710 672 2920 740 garrire
2977 684 3156 738 neque
3202 670 3401 733 vellet,
3439 685 3614 737 neque

2043 771 2229 818 nosset
2259 781 2271 817 :
2306 777 2474 832 penes
2533 762 2655 816 illos
2705 771 2886 814 autem
2932 759 3218 812 veritatem
3253 771 3377 811 esse
3429 760 3619 811 crede-

2043 866 2148 919 ret,
2183 855 2276 925 qui
2307 854 2564 908 virtutem
2609 852 2766 906 faelis
2799 852 2934 921 ipsis
2976 849 3387 920 proﬁterentur.
3413 847 3609 915 Cujus-

2044 943 2192 998 modi
2243 951 2375 996 tunc
2422 939 2818 996 monachorum
2872 937 3161 1008 praefectos
3204 935 3377 990 fuisse
3415 933 3618 1000 accepi-

2045 1050 2168 1091 mus
2188 1035 2228 1099 ¹,
2261 1033 2530 1089 Macarios
2561 1032 2724 1098 duos,
2747 1031 2814 1085 de
2847 1030 3046 1099 quibus
3069 1028 3180 1098 jam
3213 1033 3373 1080 antea
3409 1025 3616 1077 dictum

2044 1133 2156 1192 est;
2187 1133 2240 1180 et
2264 1123 2474 1179 Pantho
2499 1131 2663 1193 atque
2691 1119 3059 1181 lleraclidem,
3091 1124 3146 1172 et
3177 1124 3406 1170 caeteros
3443 1114 3618 1166 Anto-

2046 1215 2122 1269 nii
2165 1213 2494 1285 discipulos.
2529 1212 2734 1267 Lucius
2767 1211 2954 1281 igitur,
2991 1223 3115 1262 eum
3161 1204 3622 1259 animadverteret

2049 1303 2164 1359 ﬁeri
2193 1319 2302 1359 non
2340 1318 2502 1373 posse
2533 1314 2591 1358 ut
2624 1301 2810 1355 Ariani
2859 1297 3176 1367 superiores
3207 1300 3391 1348 essent
3414 1290 3622 1343 Catho-

2049 1397 2192 1460 lieis,
2241 1396 2349 1450 nisi
2398 1396 2536 1452 istos
2585 1393 2888 1450 monachos
2935 1391 2990 1444 in
3038 1387 3367 1441 Arianorum
3409 1390 3625 1438 senten-

2051 1488 2180 1540 tiam
2235 1486 2620 1563 pertraxisset,
2669 1485 2722 1538 vi
2783 1498 2880 1539 eos
2938 1494 3135 1551 cogere
3183 1489 3476 1548 aggressus
3515 1481 3620 1532 est.

2050 1578 2270 1647 quando
2300 1577 2486 1632 verbis
2515 1574 2847 1646 persuadere
2875 1589 2984 1628 non
3024 1577 3260 1642 poterat.
3294 1567 3399 1621 Sed
3444 1580 3510 1620 ne
3543 1566 3625 1620 sic

2053 1669 2274 1740 quidem
2326 1670 2434 1723 voti
2483 1669 2571 1723 sui
2618 1682 2844 1738 compos
2889 1665 3071 1718 factus
3129 1669 3215 1716 est
3261 1677 3274 1712 :
3320 1658 3432 1712 illis
3485 1655 3624 1708 mori

373 1780 462 1818 ται
483 1763 539 1816 δὲ
567 1764 686 1816 τότε
740 1765 1205 1836 προσδοκωμένων
1236 1766 1416 1828 αὐτοῖς
1455 1743 1809 1836 ἐπιθήσεσθαι
1844 1764 1950 1816 τῶν

2075 1777 2294 1830 pioque,
2334 1761 2381 1815 si
2429 1775 2570 1830 opus
2612 1766 2780 1819 esset,
2828 1755 3058 1826 paratis,
3101 1760 3156 1807 et
3201 1749 3446 1805 cervices
3496 1761 3628 1800 suas

378 1855 768 1926 στρατιωτῶν,
824 1856 1238 1927 διακομισθῆναι
1291 1856 1412 1909 τινά
1484 1855 1620 1928 πρὸς
1657 1856 1852 1919 αὐτοὺς
1891 1857 1956 1908 ἐκ

378 1945 574 1999 πολλοῦ
605 1946 672 1998 τά
699 1946 876 2019 ἄρθρα
895 1947 1304 2018 ἀπεσκληκότα,
1337 1947 1430 2000 καὶ
1457 1947 1549 1999 ἐπὶ
1573 1945 1748 2000 ποδῶν
1767 1946 1956 2016 στῆναι

383 2037 457 2110 μὴ
490 2037 808 2108 δυνάμενον.
853 2036 1008 2092 Ἐπεί⁸
1032 2037 1087 2091 δὲ
1129 2037 1292 2106 ἐλαίῳ
1325 2036 1513 2090 τοῦτον
1541 2037 1785 2106 ἔχρισαν,
1818 2053 1960 2107 παρ-

382 2132 752 2195 εκελεύσαντο,
784 2130 870 2184 ἐπ’
894 2131 1117 2200 ὀνόματι
1140 2127 1400 2200 Χριστοῦ,
1421 2129 1480 2182 ὃν
1506 2128 1733 2191 Λούκιος
1753 2126 1957 2192 διώκει,

383 2223 784 2288 ἐξανίστασθαι,
832 2222 925 2275 καὶ
950 2221 1134 2275 οἴκαδε
1161 2221 1381 2274 ἀπιέναι
1402 2237 1414 2250 ·
1437 2219 1698 2290 ἐξαπίνης
1724 2219 1779 2271 δὲ
1804 2219 1962 2288 ὑγιὴς

381 2315 668 2384 γενόμενος
701 2316 729 2367 ὁ
751 2314 1054 2385 ἄνθρωπος,
1079 2313 1380 2383 ἀναφανδὸν
1395 2312 1641 2376 ἀπέδειξε
1673 2311 1964 2382 παραπλή-

388 2425 476 2460 σια
504 2408 697 2478 χρῆναι
723 2406 966 2471 δοξάζειν
988 2405 1221 2471 τούτοις,
1248 2401 1329 2469 οἷς
1357 2405 1449 2457 καὶ
1478 2404 1610 2465 Θεὸς
1633 2404 1794 2466 αὐτὸς
1836 2403 1966 2475 ἀλή-

387 2497 536 2551 θειαν
554 2497 948 2568 ἐπεψηφίσατο,
966 2496 1444 2568 κατηγορουμένου
1463 2495 1574 2565 (92)
1601 2496 1855 2560 Λουκίου,
1870 2495 1966 2548 καὶ

387 2587 690 2641 καλούντων
735 2587 1046 2652 ἐπακούσας
1092 2589 1185 2642 καὶ
1225 2591 1317 2640 τὸν
1355 2587 1630 2656 κάμνοντα
1657 2586 1965 2656 ίασάμενος.

401 2681 540 2734 Ἀλλ’
565 2681 624 2734 ού
659 2682 808 2751 παρά
845 2680 1004 2733 τοῦτο
1052 2697 1179 2751 μετε
1191 2677 1501 2750 μελήθησαν
1522 2678 1571 2730 οἱ
1618 2677 1825 2741 τούτοις
1857 2679 1969 2740 τοῖς

393 2774 644 2845 μοναχοῖς
691 2770 1164 2834 ἐπιϐουλεύοντες’
1211 2769 1384 2823 είσότε
1421 2769 1484 2840 δὴ
1532 2767 1749 2840 νύκτωρ
1775 2767 1971 2830 αὐτοὺς

393 2861 809 2932 συλλαϐόμενοι,
854 2860 1115 2930 διήγαγον
1159 2859 1239 2922 είς
1283 2856 1588 2926 Αἰγυπτίαν
1624 2854 1745 2908 τινὰ
1809 2853 1972 2924 νῆσον

393 2953 496 3007 ὑπὸ
528 2952 731 3024 λιμνῶν
750 2951 1148 3022 κυκλουμένην.
1187 2950 1393 3020 ’ῼκουν
1433 2949 1490 3003 δὲ
1536 2946 1742 3016 ταύτην
1783 2945 1972 3016 ἄνδρες

347 3093 352 3106 ,
393 3041 626 3114 ἀμύητοι
645 3039 740 3094 τοῦ
761 3039 1104 3112 Χριστιανῶν
1129 3039 1417 3110 δόγματος,
1445 3038 1537 3092 καὶ
1553 3036 1969 3107 δεισιδαίμονες’

395 3134 584 3188 καθότι
611 3134 704 3187 καὶ
739 3132 1101 3187 παλαιοτάτου
1124 3132 1252 3186 ναοῦ
1278 3133 1408 3202 παρ’
1426 3132 1607 3194 αὐτοῖς
1635 3129 1808 3195 ὄντος,
1839 3127 1973 3182 πολὺ

395 3225 584 3280 τούτου
605 3224 783 3288 ισέϐας
814 3221 976 3296 εἶχον.
1025 3224 1112 3287 Ὠς
1145 3223 1202 3276 δὲ
1231 3225 1480 3292 κατῆραν
1516 3219 1770 3282 ἐνταῦθα,
1812 3218 1976 3288 φασὶν

398 3319 514 3390 ἃμα
543 3321 609 3390 τῇ
645 3317 896 3370 ἐπιϐάσει
945 3313 1050 3368 τῶν
1087 3312 1316 3384 ἀνδρῶν,
1361 3311 1574 3380 δαίμονι
1615 3308 1978 3382 κρατηθεῖσαν

397 3413 496 3482 τὴν
517 3411 790 3481 θυγατέρα
816 3408 910 3462 τοῦ
929 3407 1120 3480 ἱερέως
1145 3408 1224 3470 εἰς
1252 3405 1558 3473 ἀπάντησιν
1585 3403 1766 3464 αὐτοῖς
1784 3401 1976 3454 ἐλθεῖν.

400 3502 641 3571 Θεούσης
669 3500 726 3552 δὲ
753 3501 844 3552 καὶ
864 3497 1074 3569 βοώσης
1096 3497 1196 3566 τῆς
1220 3495 1410 3566 κόρης,
1448 3491 1891 3560 καταπλαγέντες
1929 3489 1979 3542 oi.

398 3595 528 3664 τῇδε
559 3592 834 3663 ἄνθρωποι
863 3590 941 3662 τῷ
977 3589 1227 3659 αἰφνιδίῳ
1258 3588 1368 3640 ικαὶ
1406 3583 1694 3655 παραδόξῳ
1723 3581 1818 3634 τοῦ
1851 3581 1984 3650 πρά-

403 3702 632 3755 γματος,
674 3683 910 3736 εἵποντο.
963 3682 1051 3744 Ὠς
1081 3681 1136 3733 δὲ
1159 3679 1296 3752 πρὸς
1319 3680 1384 3748 τῇ
1417 3675 1506 3746 νηῒ
1535 3675 1754 3742 ἐγένετο
1783 3674 1817 3743 ἠ
1855 3673 1984 3735 τοὺς

408 3778 594 3847 ἱεροὺς
642 3774 954 3848 πρεσϐύτας
1012 3772 1195 3845 ἔφερε,
1241 3769 1586 3838 ποτνιωμένη
1635 3765 1726 3818 καὶ
1759 3763 1851 3816 ἐπὶ
1883 3763 1986 3833 γῆν

407 3866 819 3936 κυλινδουμένη,
849 3864 1056 3919 ἱκέτευε
1086 3864 1181 3916 καὶ
1208 3860 1352 3931 μέγα
1383 3858 1674 3927 ἀνέκραγε.
1702 3855 1768 3907 Τί
1799 3853 1864 3924 δὴ
1895 3853 1988 3907 καὶ

409 3962 546 4030 πρὸς
576 3962 722 4032 ἡμᾶς
745 3961 929 4031 ἥκετε,
949 3952 993 4012 ὧ
1016 3957 1112 4011 τοῦ
1149 3954 1382 4026 μεγάλου
1434 3950 1571 4004 Θεοῦ
1618 3949 1986 4020 θεράποντεςς

410 4059 598 4128 νησίον
633 4055 741 4124 γάρ
785 4052 943 4105 τοῦτο
995 4048 1223 4101 παλαιὸν
1273 4047 1403 4117 ἡμῖν
1449 4044 1596 4095 ἐστιν
1655 4039 1988 4109 οίκητήριον.

424 4145 718 4216 Ὀχλοῦμεν
746 4144 804 4198 δὲ
835 4140 1009 4195 ούδενί
1033 4155 1048 4170 ο
1081 4140 1217 4192 πᾶσι
1244 4137 1299 4190 δὲ
1331 4133 1443 4198 τοῖς
1469 4129 1778 4204 ἀνθρώποις
1811 4129 1992 4199 ἀγνῶ-

413 4256 526 4302 τες,
555 4235 742 4291 αὐτόοι
804 4232 1159 4301 λανθάνομεν,
1199 4227 1424 4290 ταύταις
1453 4228 1570 4290 ταῖς
1592 4224 1806 4294 λίμναις
1838 4237 1992 4293 περι-

418 4328 795 4398 κεκλεισμένοι
829 4324 1111 4379 πάντοθεν.
1145 4323 1208 4376 Εί
1250 4321 1307 4374 δὲ
1348 4318 1509 4372 τοῦτο
1553 4317 1704 4385 φίλον
1731 4317 1880 4385 ὑμῖν,
1915 4313 1997 4366 δέ-

2057 1850 2252 1920 gladiis
2282 1850 2424 1904 ultro
2452 1849 2878 1918 subiicientibus
2903 1845 3106 1914 potius,
3138 1850 3299 1911 quam
3335 1845 3393 1891 ut
3433 1835 3628 1906 synodi

2059 1941 2291 1997 Nicaenae
2331 1942 2551 1996 decreta
2581 1941 2874 1994 violarent.
2912 1937 3086 1991 Porro
3119 1951 3185 1990 eo
3231 1935 3353 2004 ipso
3384 1944 3632 1998 tempore

2057 2048 2168 2102 quo
2200 2033 2404 2087 milites
2439 2032 2492 2084 in
2536 2046 2632 2085 eos
2672 2031 2932 2098 impetum
2970 2026 3171 2081 facturi
3195 2031 3374 2084 erant,
3408 2017 3632 2089 quidam

2059 2126 2128 2181 ad
2170 2142 2264 2182 eos
2298 2126 2541 2196 perlatus
2583 2139 2708 2179 esse
2746 2123 2969 2187 dicitur,
3019 2119 3181 2188 cujus
3226 2124 3380 2170 artus
3416 2110 3636 2182 jamdu-

2061 2217 2190 2272 dum
2230 2217 2302 2270 ita
2331 2215 2554 2271 arefacti
2588 2221 2744 2269 erant
2775 2220 2937 2282 atque
2971 2206 3273 2270 extenuati,
3312 2212 3371 2258 ut
3400 2199 3633 2272 pedibus

2062 2310 2323 2365 insistere
2373 2323 2480 2362 non
2523 2313 2729 2376 posset.
2764 2302 2934 2369 Quem
2971 2316 3096 2356 cum
3143 2302 3264 2351 oleo
3315 2293 3631 2352 iuuissent,

2059 2403 2346 2472 jusserunt
2374 2406 2432 2453 ut
2457 2398 2512 2452 in
2542 2396 2761 2451 nomine
2785 2392 3013 2456 Christi,
3038 2405 3199 2472 quem
3222 2386 3424 2440 Lucius
3445 2395 3633 2452 perse-

2067 2493 2355 2563 quebatur,
2401 2495 2721 2559 exsurgeret
2755 2501 2820 2540 ac
2861 2484 3084 2539 domum
3122 2455 3345 2534 rediret.
3399 2475 3494 2528 Ille
3534 2487 3638 2525 au-

2068 2593 2177 2638 tem
2240 2590 2463 2652 repente
2542 2586 2800 2641 sanatus,
2876 2573 3166 2645 perspicue
3245 2564 3642 2623 demonstravit

2071 2677 2289 2732 illorum
2340 2673 2603 2729 doctrinae
2645 2668 3052 2726 assentiendum
3103 2677 3247 2727 esse,
3289 2673 3455 2730 penes
3500 2670 3642 2724 quos

2069 2773 2216 2827 Deus
2267 2766 2554 2822 veritatem
2603 2776 2723 2816 esse
2775 2766 3008 2813 testatus
3046 2753 3241 2807 fuisset
3269 2769 3281 2804 :
3309 2749 3472 2804 etiam
3516 2760 3640 2799 cum

2074 2860 2426 2918 accusatione
2461 2855 2617 2910 Lucii
2654 2847 3176 2915 iuvocantesipsum
3223 2839 3548 2899 exaudiens,
3590 2839 3646 2888 et

2073 2958 2338 3020 aegrotum
2383 2943 2608 3000 sanitati
2663 2939 2983 2994 restituens.
3034 2932 3146 2987 Nec
3200 2929 3408 2984 idcirco
3457 2934 3645 2978 tamen

1999 3070 2044 3126 ε
2079 3019 2427 3111 resipuerunt
2473 3036 2509 3091 ii
2567 3033 2660 3104 qui
2685 3028 2974 3086 monachis
3025 3026 3148 3080 istis
3196 3019 3642 3076 insidiabantur:

2077 3133 2173 3190 sed
2194 3107 2374 3186 'noctu
2405 3142 2502 3183 eos
2543 3123 2990 3194 comprehensos,
3024 3119 3078 3172 in
3107 3111 3400 3186 quamdam
3427 3107 3649 3179 IEgypti

2078 3225 2316 3281 insulam
2361 3235 2482 3291 qua
2529 3215 2821 3289 paludibus
2866 3210 3110 3278 undique
3155 3206 3337 3262 cincta
3385 3210 3505 3266 est,
3551 3199 3652 3291 ab:

2078 3319 2374 3373 duxerunt.
2436 3311 2634 3366 Incolae
2698 3307 2821 3377 ejus
2875 3304 3106 3365 insulae,
3174 3293 3455 3366 religionis
3491 3289 3652 3362 25.3

2080 3410 2406 3465 Christianae
2463 3404 2680 3474 penitus
2725 3405 2977 3469 expertes
3011 3401 3192 3455 erant,
3241 3397 3294 3443 et
3345 3387 3652 3440 dsemonum

2081 3499 2250 3555 cultui
2277 3495 2462 3551 dediti.
2492 3490 2776 3559 Templum
2821 3487 2967 3541 enim
2999 3480 3146 3552 quod
3175 3477 3317 3548 apud
3347 3477 3498 3545 ipsos
3538 3480 3657 3527 erat

2083 3588 2538 3646 vetustissimum,
2570 3593 2785 3637 summa
2825 3575 3088 3645 religione
3123 3569 3548 3626 venerabantur.
3580 3562 3657 3615 Eo

2083 3697 2210 3736 cum
2255 3675 2618 3748 appulissent,
2669 3670 2844 3726 fertur
2890 3668 3053 3720 ﬁliam
3108 3659 3410 3718 sacerdotis
3451 3670 3574 3726 qua:
3627 3667 3660 3706 a

2086 3771 2332 3826 daemone
2371 3765 2598 3819 obsessa
2641 3767 2788 3826 erat,
2837 3758 2951 3813 illis
2983 3773 3014 3810 e
3061 3769 3200 3809 nave
3245 3742 3658 3822 egredientibus

2087 3860 2302 3915 obviam
2341 3856 2580 3908 venisse.
2623 3851 2756 3916 Qua:
2792 3862 2916 3902 cum
2974 3848 3223 3899 curreret
3268 3840 3660 3905 clamaretque,

2090 3951 2327 4009 insulani
2398 3945 2682 4017 repentina
2747 3948 2802 3995 et
2861 3935 3156 4007 improvisa
3215 3947 3275 3986 re
3329 3924 3663 3996 stupefacti,

2093 4045 2328 4116 puellam
2375 4038 2770 4109 sequebantur.
2797 4031 3093 4104 Postquam
3134 4037 3268 4078 vero
3310 4017 3546 4074 accessit
3597 4014 3664 4066 ad

2095 4107 2287 4190 navem
2347 4107 2470 4200 quae
2538 4131 2765 4182 sanctos
2814 4133 2974 4176 senes
3034 4113 3287 4175 vehebat,
3348 4107 3561 4176 ejulans
3614 4112 3663 4157 et

2098 4223 2247 4278 humi
2303 4218 2592 4291 provoluta
2639 4211 2954 4283 supplicare
2999 4204 3200 4274 ccepit,
3263 4200 3482 4266 altaque
3535 4207 3670 4247 voce

2098 4315 2382 4370 clamare:
2413 4307 2553 4373 Quid
2605 4305 2670 4359 ad
2714 4282 2829 4356 nos
2868 4297 3121 4357 venistis,
3167 4309 3199 4347 o
3243 4288 3429 4345 famuli
3481 4282 3666 4354 magni

417 4378 580 4492 χεσθε
590 4378 937 4490 τδῗημέτερον
964 4415 1174 4485 κτῆμα,
1191 4411 1284 4465 καί⁵
1303 4411 1502 4463 οἰκεῖον
1521 4378 1782 4476 ποιήσατε
1797 4423 1810 4436 ·
1836 4406 1974 4476 ἡμεῖ⁴

2105 4403 2239 4459 Dei?
2292 4401 2421 4456 Hmc
2461 4398 2621 4470 enim.
2673 4394 2852 4448 insula
2914 4389 3073 4444 nobis
3125 4394 3280 4439 vetus
3333 4378 3668 4434 domicilium

2385 4491 2390 4492 ⁷
2445 4491 2453 4492 ί
2579 4488 2588 4492 ³
2684 4487 2695 4492 ⁸
3067 4479 3078 4492 ¹
3227 4474 3314 4492 ς·⁹-
3350 4469 3668 4492 -μ.-...ο..121...η

419 4513 478 4568 δὲ
536 4511 856 4582 ὑπείχομεν.
918 4507 1028 4561 Καὶ
1059 4507 1094 4577 ἠ
1150 4505 1249 4575 μὲν
1289 4500 1542 4564 τοιαύτας
1585 4499 1736 4569 ἠφίει
1773 4496 1955 4567 φωνάς
1980 4510 1995 4525 ⁸

423 4602 864 4674 ἐπιτιμησάντων
882 4599 937 4652 δὲ
977 4597 1056 4668 τῷ
1076 4593 1341 4665 δαιμονίῳ
1361 4591 1468 4646 τῶν
1503 4590 1648 4660 ἀμφὶ
1680 4587 1992 4657 Μακάριον,

423 4699 457 4768 ἠ
489 4698 616 4759 παῖς
679 4693 1065 4764 ὲσοφρὸνησεν.
1119 4685 1399 4742 Ἐντεῦθεν
1439 4682 1494 4735 δὲ
1536 4683 1564 4734 ό
1593 4679 1794 4748 ταύτης
1821 4677 2002 4748 πατὴρ

423 4788 522 4841 σὺν
539 4789 652 4851 τοῖς
679 4784 921 4847 οἰκείοις,
949 4781 1044 4835 καὶ
1065 4781 1100 4851 ἠ
1133 4777 1294 4849 νῆσος
1329 4771 1600 4844 πανδημεὶ
1625 4772 1702 4834 είς
1737 4770 2000 4838 Χριστια-

500 4925 516 4955 ¹
549 4921 674 4978 Lib.
710 4938 794 4983 ιιι,
825 4935 873 4975 c.
897 4919 985 4972 M.

2104 4503 2209 4551 est.
2244 4491 2458 4547 Nemini
2484 4469 2700 4542 molesti
2725 4497 2917 4540 sumus
2945 4499 2957 4534 :
2989 4479 3081 4535 sed
3105 4474 3318 4531 cunctis
3349 4469 3674 4525 mortalibus

2107 4585 2298 4658 ignoti,
2345 4583 2437 4637 hic
2485 4577 2884 4635 delitescimus,
2926 4569 3215 4641 paludibus
3273 4564 3392 4619 istis
3437 4561 3676 4629 undique

2107 4654 2488 4734 circumclusi.
2532 4668 2688 4736 Quod
2740 4667 2784 4720 si
2831 4665 2984 4719 vobis
3027 4662 3103 4714 ita
3137 4660 3336 4729 placet,
3387 4654 3526 4707 lianc
3577 4665 3675 4704 no-

2111 4777 2280 4825 stram
2307 4761 2711 4836 possessionem
2752 4754 3003 4825 accipite,
3033 4758 3091 4806 et
3142 4757 3326 4803 vestro
3355 4743 3467 4816 juri
3498 4739 3676 4798 vindi-

1626 5021 1892 5079 VALESII
1921 5013 2467 5076 ANNOTATIONES.

502 5133 615 5207 (92)
687 5128 1032 5207 ξΑλήᾷειανκ
1059 5123 1440 5207 ἐψηφίσατο.
1465 5114 2011 5207 κακηγορουμένοιί.

434 5183 665 5262 Rectius
696 5183 966 5257 {dcimam
994 5183 1295 5251 Fttlfetiano
1334 5183 1715 5262 scriptum—est
1741 5183 2014 5262 ἐπεψηφί-

433 5257 1095 5341 σατοηκνατηγορουμένου
1151 5263 1408 5341 Λουκίου..
1441 5257 1538 5341 λΕῐ
1577 5264 1710 5341 post
1761 5257 2014 5308 ultimam

433 5329 626 5403 vocem
681 5329 944 5412 apposita
982 5349 1064 5392 est
1101 5334 1287 5412 media
1315 5329 1778 5412 .distiuctionseu
1833 5338 2009 5412 Hiera.

434 5393 625 5484 ῥῖἷεῖπὶῖ
651 5393 944 5468 lerrtirouem
964 5422 1053 5484 Aa_c
1084 5403 1494 5484 distinctionem
1529 5395 1820 5484 conﬁrmat
1845 5393 2015 5484 (biec-

437 5463 928 5560 Eti'oﬁiis"iri'¢np.
959 5477 1315 5560 27,_Iib;fxt.
1359 5473 1453 5560 §ig
1487 5469 1646 5560 enin}-
1669 5466 1816 5549 hunc
1845 5463 2015 5547 δοιο-

438 5533 796 5613 {deificath
819 5533 896 5606 ei
908 5533 1142 5617 pressit,
1167 5537 1262 5617 Οἷς
1289 5542 1388 5617 καὶ.
1413 5539 1550 5617 Θεὸς
1584 5536 1683 5605 τὴν
1715 5533 1874 5617 χάριν
1900 5535 2016 5617 ἐπι-

879 5603 1491 5698 κατηγορίαηᾹουκίου..
1511 5603 1684 5674 Quein
1723 5603 2014 5698 locum-“ita

954 5672 1313 5760 ᾳιὶῖὸιὶεὐειιε
1361 5672 1582 5735 Lucium
1641 5672 2015 5730 accusantibus

2120 5112 2352 5182 gratiam
2383 5122 2536 5162 suam
2571 5100 2892 5182 concederet.
2920 5095 3378 5182 Optimebangus
3408 5091 3679 5182 interpre-

2123 5158 2269 5236 tatus
2330 5158 2440 5232 est,
2472 5158 2648 5230 verba
2708 5158 3019 5225 Sozmnen'i.
3103 5158 3488 5236 Neque-genitu
3547 5158 3687 5210 alius

2160 5257 2302 5304 otest
2339 5230 2475 5302 esse
2527 5259 2727 5299 sensus
2787 5242 2980 5295 horum
3032 5230 3684 5304 Sozomeni_verborum.

2123 5301 2609 5387 gevaicepborus
2650 5328 2758 5367 non
2806 5311 2947 5366 idem
2977 5309 3118 5387 dicit
3140 5303 3287 5375 quod
3330 5301 3687 5387 Soz‘ome'nitts.

2121 5365 2250 5444 vim
2279 5365 2954 5452 enini;idicere,vquantum
2990 5365 3208 5452 quidem
3239 5367 3513 5452 exjverbis
3543 5365 3691 5452 illiqu

2124 5434 2393 5528 conjicio,
2449 5434 3152 5528 Deut-titinonachis.'i_llis_
3183 5439 3417 5528 gratiam
3464 5434 3693 5513 sanandi

2123 5513 2253 5600 aegri
2282 5513 2403 5584 ideo
2441 5525 2808 5588 concessisse,
2850 5517 2995 5591 quod
3026 5513 3252 5569 Lucium
3289 5518 3552 5577 tanquam
3591 5519 3697 5558 tm~

2126 5605 2274 5673 pium
2315 5603 2692 5656 accusassent.
