4040 6216
319 295 457 353 4545

1254 294 1580 354 HISTORIA
1618 294 2178 354 ECCLESIASTICA.
2214 326 2282 336 —
2315 294 2444 353 LIB.
2480 294 2570 352 Vi.

3413 302 3553 357 4546

315 415 515 478 παντὸς
544 414 728 479 ἔθνους
750 416 843 470 ἕνα
860 415 957 479 τὰς
995 416 1317 487 Ἐκκλησίας
1344 420 1660 472 ἐπισκοπεῖν
1692 435 1706 449 ’
1742 417 1886 472 κατά

1988 417 2041 470 in
2085 416 2309 472 sinistro
2343 416 2513 470 latere
2562 413 2723 471 Ponti
2774 415 2992 471 Euxini.
3028 416 3205 475 Porro
3244 431 3396 477 vetus
3443 424 3553 478 illic

312 506 377 575 δὴ
402 504 494 557 τὸν
521 504 765 573 παρόντα
797 502 1008 572 καιρδν,
1050 504 1380 575 ἐπετρόπευε
1413 505 1619 558 τούτων
1648 505 1885 574 Βρεττα-

312 595 443 647 νίων
456 594 571 662 (97)
592 610 606 625 ·
643 594 737 647 καὶ
788 592 1001 661 Οὐάλης
1029 593 1057 645 ὁ
1088 593 1334 661 βασιλεὺς
1359 590 1494 667 ἧκεν
1527 596 1605 658 είς
1644 594 1813 663 Τόμιν
1834 602 1897 661 ³.,

324 687 474 740 Ἐπεὶ
504 686 561 739 δέ
585 686 666 748 είς
723 686 825 755 τὴν
876 685 1171 755 ἐκκλησίαν
1211 686 1456 752 ἀφίκετο,
1480 688 1573 740 καὶ
1608 686 1684 748 ὡς
1707 682 1887 738 εἰώθει

315 777 530 856 ξπειΟεν
551 777 712 830 αὐτὸν
740 779 1016 830 κοινωνεῖν
1062 779 1175 839 τοῖς
1200 776 1308 830 ἀπὸ
1344 776 1444 846 τῆς
1472 777 1716 840 ἐναντίας
1738 776 1887 847 αἱρέο

316 888 473 934 σεως,
510 869 767 941 ἀνδρείως
795 868 940 937 μάλα
959 867 1094 939 πρὸς
1131 867 1223 921 τὸν
1250 868 1551 939 κρατοῦντα
1580 870 1888 939 παρρησια-

315 963 547 1033 σάμενος
580 961 710 1031 περὶ
734 959 829 1013 τοῦ
850 960 1116 1030 δόγματος
1146 959 1251 1013 τῶν
1288 963 1345 1012 ἐν
1374 961 1577 1030 Nimia
1612 960 1890 1014 συνελθόν-

311 1068 439 1114 των,
466 1050 753 1104 κατέλιπεν
816 1050 997 1116 αὐτὸν,
1035 1052 1126 1103 καὶ
1156 1050 1236 1112 εἰς
1267 1049 1458 1121 ἑτέραν
1493 1046 1656 1120 ἦλθεν
1688 1049 1889 1119 ἐκκλη-

316 1145 473 1198 σίαν·
506 1142 605 1197 καὶ
652 1144 681 1195 6
737 1140 866 1205 λαὸς
922 1142 1343 1213 ἐπηκολούθησε.
1402 1142 1594 1212 Σχεδὸν
1632 1142 1689 1194 δὲ
1738 1143 1888 1195 πᾶσα

312 1237 346 1303 ἡ
376 1234 530 1294 πόλις
555 1231 1022 1303 συνεληλύθεισαν,
1050 1232 1270 1302 βασιλέα
1291 1232 1564 1302 ὀψόμενοι,
1582 1232 1677 1285 καὶ
1699 1230 1892 1285 νεώτα-

314 1341 407 1396 ρον
464 1318 681 1376 ἔσεσθαί
737 1340 790 1375 τι
834 1322 1320 1393 προσδοκήσαντες.
1386 1321 1758 1390 Ἀπολειφθεὶς
1830 1322 1890 1375 δὲ

314 1414 527 1485 Οὐάλης
576 1414 672 1466 σὺν
718 1416 832 1476 τοῖς
865 1414 1002 1482 ἀμφ’
1055 1414 1237 1476 αὐτὸν,
1286 1412 1539 1484 χαλεπῶς
1566 1414 1764 1483 ἤνεγκε
1792 1411 1890 1481 τὴν

315 1505 487 1576 ὕϐριν.
517 1503 626 1557 Καὶ
651 1503 1017 1573 συλληφθέντα
1051 1504 1449 1574 Βρεττανίωνα,
1486 1505 1565 1564 είς
1592 1501 1890 1574 ὑπερορίαν

312 1595 540 1665 ἄγεσθαι
561 1595 859 1666 προσέταξε
885 1635 900 1657 ,
927 1597 1021 1648 καὶ
1047 1595 1147 1648 οὐκ
1178 1597 1257 1660 είς
1277 1598 1491 1668 μακρὰν
1507 1591 1660 1660 αὖθις
1682 1595 1881 1648 ἐπανά-

314 1689 503 1759 γεσθαι
532 1688 818 1757 ἐπέτρεψε.
839 1686 1271 1751 Χαλεπαίνοντας
1307 1687 1416 1757 γὰρ
1448 1684 1600 1758 οϊμαι
1627 1686 1761 1756 πρὸς
1792 1685 1889 1757 τὴν

315 1747 492 1851 (ρυγὴν
519 1777 614 1831 τοῦ
640 1747 940 1831 ἐπισκόπου
971 1777 1094 1831 ίδὼν
1128 1747 1263 1841 τοὺς⁷
1284 1747 1517 1841 Σκύθας,
1574 1747 1761 1830 ἐδεδίει
1924 1747 1965 1802 Β

321 1887 379 1924 τι
436 1869 852 1940 νεωτερίσωσινο
892 1868 1167 1938 ἀνδρείους
1201 1884 1259 1922 τε
1299 1868 1677 1937 ἐπιστάμενος,
1701 1868 1796 1921 καὶ
1823 1868 1888 1937 τῇ

316 1959 462 2013 θέσει
482 1959 590 2012 τῶν
604 1958 804 2023 τόπων,
822 1958 1154 2026 ἀναγκαίους
1177 1960 1242 2029 τῇ
1269 1958 1553 2027 Ῥωμαίων
1572 1957 1887 2030 οἰκουμένῃ,

315 2054 412 2108 καὶ
433 2052 696 2106 τῶνκατά
737 2051 852 2103 τοδε
886 2051 946 2103 τὸ
975 2050 1143 2120 κλίμα
1168 2049 1468 2120 Βαρϐάρων
1510 2049 1890 2119 προϐεϐλημέ-

315 2162 460 2208 νους.
490 2142 821 2216 Βρεττανίων
846 2142 943 2213 μὲν
975 2136 1067 2195 οῦν
1093 2134 1194 2194 ὧδε
1230 2142 1493 2212 κρείττων
1523 2141 1764 2210 ἀνεφάνη
1790 2139 1891 2209 τῆς

315 2236 410 2290 τοῦ
451 2234 776 2307 κρατοῦντος
819 2235 1083 2306 σπουδῆς·
1138 2234 1277 2306 ἀνὴρ
1302 2233 1372 2287 τά
1408 2250 1469 2286 τε
1506 2231 1640 2287 ἀλλα
1667 2232 1891 2300 ἀγαθὸς,

315 2329 411 2382 καὶ
444 2327 536 2380 ἐπὶ
564 2326 730 2396 ἀρετῇ
783 2323 897 2394 βίου
959 2325 1247 2397 ἐπίσημος,
1289 2325 1365 2388 ὡς
1393 2324 1488 2378 καὶ
1505 2323 1657 2381 αὐτοὶ
1686 2322 1893 2377 Σκῦθαι

317 2414 702 2487 μαρτυροῦσιν.
747 2413 833 2479 Ὠς
883 2415 1085 2468 ἐπίπαν
1141 2413 1196 2467 δὲ
1236 2415 1343 2476 πᾶς
1379 2412 1580 2483 κλῆρος
1621 2411 1891 2482 ἐπειράθη

314 2508 405 2560 διὰ
431 2506 606 2560 ταῦτα
661 2506 763 2577 τῆς
790 2504 886 2559 τοῦ
918 2504 1191 2576 βασιλέως
1237 2502 1431 2573 ὀργῆς,
1456 2502 1593 2573 πλὴν
1621 2502 1729 2556 τῶν
1758 2502 1893 2573 πρὸς

318 2599 557 2669 ἑσπέραν
578 2597 679 2669 τῆς
699 2598 1005 2669 ἀρχομένης
1031 2596 1139 2650 τῶν
1167 2593 1521 2665 Ἐκκλησιῶν.
1552 2594 1752 2650 Καθότι
1784 2593 1893 2647 τῶν

316 2666 587 2743 ἐπέκειναὶ
607 2666 891 2760 Ῥωμαίων
920 2666 1093 2759 ἦρχεν
1119 2685 1579 2753 Οὐαλεντινιανὸς,
1608 2683 1893 2755 ἐπαινέτης

314 2798 377 2835 τε
402 2781 477 2834 ὢν
511 2780 605 2834 τοῦ
630 2780 897 2850 δόγματος
923 2779 1021 2848 τῆς
1043 2781 1101 2831 ἐν
1122 2777 1325 2848 Νικαίᾳ
1347 2777 1585 2839 συνόδου,
1617 2778 1712 2830 καὶ
1737 2776 1893 2830 εὐλα-

315 2871 428 2935 ϐῶς
456 2872 537 2934 είς
569 2870 708 2939 ἀγαν
740 2871 867 2941 περὶ
901 2869 963 2921 τὸ
995 2869 1149 2922 Θεϊον
1188 2869 1357 2938 ἔχων·
1394 2868 1469 2932 ὡς
1507 2869 1642 2938 μήτε
1674 2868 1883 2921 ἐπιτάτ-

315 2977 433 3013 τειν
460 2964 573 3024 τοῖς
598 2959 800 3031 ἱερεῦσι
826 2958 1011 3030 μηδὲν,
1048 2958 1183 3030 μήτε
1206 2958 1380 3022 ἄλλως
1407 2957 1674 3029 αἱρεῖσθαι
1705 2974 1893 3010 νεωτε-

1986 505 2330 562 eonsuetudo
2369 507 2669 561 etiamnum
2719 516 2919 568 manet.
2960 516 3022 561 ιιι
3063 509 3231 564 totius
3264 512 3555 579 provincim

1986 594 2266 650 Eeclesias
2317 610 2463 649 unus
2520 601 2733 648 tantum
2784 603 2934 665 regat
2982 597 3295 667 episc0pns.
3349 599 3453 654 Per
3498 604 3554 656 id

1987 695 2208 757 tempus
2263 686 2530 742 Ecclesiis
2587 696 2819 756 praeerat
2868 687 3168 754 Vetranio,
3227 697 3361 744 tunc
3422 706 3549 746 cum

1987 778 2289 849 imperator
2322 777 2518 833 Valens
2559 779 2628 833 ad
2665 780 2852 834 urbem
2906 779 3113 838 Tomes
3159 779 3398 835 advenit.
3450 783 3553 848 Qui

1986 885 2111 925 cum
2162 868 2451 925 ecclesiam
2499 868 2622 936 ejus
2674 869 2781 924 loci
2828 870 3113 941 ingressus
3162 879 3329 934 esset,
3379 878 3454 933 et,
3492 880 3554 924 ut

1988 961 2224 1025 solebat,
2267 959 2527 1015 suaderet
2558 959 2839 1031 episeopo,
2881 970 2944 1015 ut
2973 978 3097 1015 cum
3135 962 3355 1017 Arianis
3404 977 3545 1015 com-

1989 1052 2325 1115 municaret,
2371 1030 3006 1108 Vetranio'constanter
3059 1062 3112 1107 et
3157 1053 3327 1107 libere
3368 1067 3557 1106 coram

1990 1143 2325 1211 imperatore
2360 1144 2579 1198 locutus
2624 1143 2691 1199 de
2739 1145 2992 1199 doctrina
3039 1143 3163 1198 iidei
3202 1142 3452 1205 Nicaeum.
3488 1146 3558 1198 ab

1987 1250 2053 1290 eo
2084 1236 2362 1315 discessit,
2409 1245 2463 1292 et
2498 1236 2564 1289 ad
2611 1236 2771 1291 aliam
2826 1236 3117 1293 ecclesiam
3172 1250 3232 1289 se
3277 1236 3554 1289 contulit:

1989 1340 2152 1393 quem
2205 1325 2440 1395 populus
2472 1341 2694 1396 quoque
2727 1335 2950 1381 secutus
2995 1333 3101 1380 est.
3146 1323 3415 1379 Universa
3455 1340 3558 1379 au-

1991 1425 2097 1470 tem
2148 1416 2260 1471 fere
2301 1418 2496 1473 civitas
2542 1417 2902 1479 conﬂuxerat,
2949 1416 3301 1486 imperatoris
3339 1414 3557 1470 videndi

1952 1508 1971 1519 ‘
1990 1521 2177 1570 causa,
2206 1514 2261 1560 et
2291 1510 2420 1577 quia
2460 1510 2585 1564 novi
2615 1509 2899 1578 quidpiam
2929 1517 3257 1563 eventurum
3294 1507 3558 1564 credeba-

1990 1606 2102 1651 tur.
2140 1598 2209 1652 At
2246 1596 2448 1654 Valens
2481 1614 2590 1653 una
2618 1615 2742 1654 eum
2778 1598 2896 1653 suis
2923 1598 3223 1654 derelictus
3267 1606 3557 1654 contume-

1992 1690 2119 1743 liam
2169 1689 2363 1758 iniquo
2411 1691 2597 1747 animo
2654 1691 2801 1743 tulit.
2852 1688 3122 1754 Quocirca
3174 1688 3558 1746 Vetranionem

1991 1782 2490 1850 comprehensum,
2545 1781 2602 1835 in
2667 1781 2924 1836 exsilium
2978 1779 3173 1834 abduci
3223 1781 3558 1849 j-ubet:neo

1991 1872 2165 1924 multo
2209 1878 2333 1940 post
2367 1869 2635 1927 redeundi
2685 1871 2734 1924 ei
2777 1869 2990 1936 copiam
3040 1867 3192 1922 fecit.
3249 1866 3386 1923 Nam
3429 1883 3558 1924 eum

1992 1961 2252 2032 Scythas,
2290 1970 2355 2015 ut
2385 1961 2605 2030 opinor,
2632 1960 2703 2013 ob
2737 1960 2993 2015 exsilium
3021 1959 3267 2029 episcopi
3294 1958 3383 2012 sui
3413 1958 3558 2014 indi-

1988 2056 2221 2118 gnantes
2251 2049 2482 2114 videret,
2526 2056 2771 2101 metuere
2819 2047 2986 2116 coepit
3018 2062 3085 2101 ne
3122 2047 3250 2116 quid
3291 2062 3555 2102 novarum

1991 2154 2176 2193 rerum
2231 2139 2576 2193 molirentur.
2635 2135 2808 2191 Norat
2850 2138 2997 2191 enim
3047 2151 3143 2192 eos
3197 2136 3326 2191 forti
3374 2138 3559 2192 animo

1991 2229 2251 2300 prazditos
2284 2244 2429 2305 esse,
2466 2235 2521 2284 et
2553 2228 2626 2283 ob
2651 2228 2816 2283 situm
2852 2227 3100 2283 locorum
3153 2226 3316 2282 utiles
3368 2241 3431 2280 ac
3466 2242 3559 2281 ne-

1989 2318 2265 2375 cessarios
2304 2333 2428 2372 esse
2462 2318 2693 2387 imperio
2725 2316 2996 2382 Romano,
3026 2317 3154 2372 valli
3188 2318 3364 2372 instar
3403 2316 3559 2386 obje-

1990 2418 2109 2462 ctos
2144 2407 2389 2461 ﬁnitimis
2426 2407 2708 2461 Barbaris.
2747 2407 2906 2462 Hunc
2953 2409 3008 2461 in
3050 2408 3270 2461 modum
3300 2408 3560 2462 Vetranio

1990 2505 2227 2552 conatus
2270 2496 2536 2577 principis
2588 2496 2867 2565 superavit
2909 2513 2924 2548 :
2973 2495 3060 2549 vir
3109 2503 3165 2548 et
3217 2495 3273 2547 in
3328 2496 3558 2565 reliquis

1994 2590 2166 2643 rebus
2231 2586 2489 2647 eximius,
2542 2592 2597 2640 et
2630 2585 2772 2639 -νίιω
2830 2585 3144 2653 integritate
3202 2585 3557 2654 conspicuus.

1990 2680 2135 2736 sicut
2195 2678 2415 2749 ipsimet
2462 2675 2677 2749 Scytha:
2727 2683 3025 2731 testantur.
3082 2674 3182 2731 His
3244 2677 3312 2732 de
3371 2678 3557 2731 causis

1989 2786 2181 2829 omnes
2208 2772 2320 2825 fere
2347 2769 2551 2837 ubique
2576 2767 2761 2822 clerici
2801 2766 3151 2836 imperatoris
3183 2767 3316 2821 iram
3348 2769 3557 2836 experti

1990 2873 2140 2928 sunt,
2194 2860 2446 2930 exet-ptis
2497 2856 2922 2913 occidentalium
2973 2858 3209 2926 partium
3265 2856 3549 2913 Ecclesiis.

1989 2955 2048 3011 In
2090 2957 2200 3013 illis
2248 2958 2393 3011 enim
2438 2951 2756 3027 regionibus
2808 2950 3069 3020 regnabat
3114 2947 3556 3017 Valentinianus,

319 3051 490 3122 ρίζειν
522 3052 613 3104 ἐπὶ
644 3050 847 3121 χείρονι
870 3048 903 3119 ἢ
924 3047 1167 3119 ἀμείνονι
1205 3046 1449 3102 δοκοῦντι
1490 3046 1617 3117 περὶ
1635 3046 1760 3111 τοὺς
1787 3045 1888 3115 τῆς

1990 3048 2084 3119 qui
2115 3057 2171 3104 et
2216 3046 2447 3104 Nicaenaa
2501 3045 2694 3120 synodi
2751 3044 3057 3103 doctrinam
3103 3044 3454 3118 sequebatur,
3502 3051 3556 3099 et

327 3141 654 3215 Ἐκκλησίας
697 3140 949 3211 θεσμοὺς.
981 3139 1117 3194 Τάδε
1143 3139 1252 3210 γάρ
1310 3139 1544 3210 κρείττω
1592 3137 1691 3207 τῆς
1720 3134 1885 3190 αὐτοῦ

1990 3154 2121 3211 erga
2170 3140 2418 3195 divinum
2451 3138 2664 3194 Numen
2715 3140 2852 3194 adeo
2898 3140 2985 3209 pie
3021 3145 3141 3194 erat
3200 3138 3446 3203 alTectus,
3498 3146 3557 3191 ut

315 3232 637 3304 δοκιμασίας
662 3233 864 3302 ἡγεῖτο,
896 3229 1096 3300 καίπερ
1114 3227 1360 3299 βασιλεὺς
1387 3229 1607 3300 ἀριστος
1624 3225 1884 3303 γεγονὼς,

317 3326 412 3380 καὶ
447 3324 629 3389 ἱκανὸς
651 3325 838 3396 ἄρχειν
864 3323 952 3377 διά
975 3321 1084 3376 τῶν
1111 3322 1447 3393 πραγμάτων
1474 3319 1684 3389 φανείς.

1990 3246 2171 3301 neque
2218 3232 2513 3302 imperaret
2567 3231 2864 3305 quidquam
2915 3229 3327 3291 sacerdotibus,
3380 3243 3557 3299 neque

1989 3320 2152 3396 245
2181 3321 2412 3377 omnino
2445 3338 2652 3378 novare
2690 3319 2895 3391 aliquid
2932 3320 2987 3373 in
3030 3321 3424 3376 ecclesiasticis
3464 3337 3559 3375 su-

317 3418 568 3481 stineret,
619 3417 666 3473 si
720 3415 851 3487 quid
890 3416 993 3470 sibi
1035 3413 1278 3469 deterius
1347 3425 1441 3469 aut
1487 3416 1695 3469 rectius
1739 3414 1918 3471 visum
1960 3416 2175 3473 fuisset.
2225 3417 2338 3471 llas
2392 3417 2535 3471 enim
2592 3431 2703 3481 res,
2762 3415 3016 3469 examine
3073 3429 3136 3467 ac
3196 3414 3407 3483 judicio
3458 3430 3559 3471 suo

320 3508 726 3577 prastantinres
758 3522 881 3561 esse
923 3506 1291 3571 existimabat,
1345 3506 1599 3575 quamvis
1627 3507 1865 3564 eximius
1903 3517 2052 3564 esset
2077 3510 2396 3579 imperator,
2423 3516 2478 3563 et
2501 3508 2569 3563 ad
2611 3522 2699 3563 res
2738 3505 3023 3577 gerendas,
3065 3512 3123 3559 ut
3184 3506 3558 3575 experimento

320 3597 517 3665 patuit,
556 3598 897 3666 aptissimus.

899 3685 1147 3738 ΚΕΦΑΔ.
1190 3685 1316 3738 KB'.

329 3782 453 3833 Ὅτι
477 3780 605 3831 κατ’
639 3777 835 3830 ἐκεῖνο
867 3776 1071 3844 καιροῦ
1098 3776 1447 3842 κινηθέντος
1472 3775 1577 3830 τοῦ
1619 3773 1749 3841 περί
1778 3774 1885 3829 τοῦ

391 3847 563 3915 ἁγίου
606 3848 951 3914 Πνεύματος
971 3848 1179 3913 λόγου.
1213 3846 1499 3915 ίέκυιώθη
1568 3845 1889 3914 ὀμοούσιον

388 3914 669 3985 λέγεσθαι
701 3916 884 3983 Harp!
908 3931 973 3968 τε
993 3916 1091 3968 καί
1132 3914 1260 3979 Υιῷ.

401 4007 490 4061 Ἐν
516 4005 687 4075 τούᾨρ
718 4005 773 4058 δέ
806 4005 987 4068 πάλιν,
1017 4003 1118 4074 ἤδη
1152 4004 1248 4074 μέν
1288 4004 1550 4075 πρότερον
1584 4004 1887 4075 ἀρξαμένη,

317 4097 416 4150 νῦν
432 4095 488 4149 δὲ
520 4095 679 4148 πλέον
720 4094 975 4147 ἐπιδοῦσα
1010 4095 1042 4163 ἠ
1076 4092 1297 4164 ζήτησις
1327 4090 1417 4165 ἦν,
1468 4096 1516 4147 εί
1539 4096 1711 4149 καὶτὸ
1735 4094 1889 4163 ἅγιον

320 4186 546 4255 Πνεῦμα
576 4183 747 4255 Πατρί
774 4199 831 4235 τε
876 4184 968 4236 καὶ
999 4182 1113 4252 Υίῴ
1140 4182 1421 4252 ὁμοούσιον
1449 4181 1688 4247 δοξάζειν
1720 4197 1888 4255 προσ-

317 4278 472 4346 ῆκεν.
530 4273 832 4343 Ἐριστικαί
876 4290 935 4325 τε
979 4274 1105 4343 περὶ
1149 4271 1337 4324 τούτου
1379 4272 1568 4325 πολλαὶ
1599 4272 1884 4340 διαλέξεις,

2588 3678 2742 3734 CAP.
2787 3677 2951 3733 XXII.

1992 3770 2267 3841 Quomodo
2325 3780 2450 3823 tunc
2506 3769 2752 3836 temporis
2808 3785 2925 3841 cum
2979 3767 3044 3841 de
3106 3766 3309 3841 Spiritu
3369 3780 3556 3841 sancto

2063 3850 2208 3895 mota
2236 3850 2369 3895 esset
2406 3842 2646 3909 quwstio,
2692 3853 2810 3892 eum
2845 3837 3001 3890 Patri
3046 3844 3097 3891 et
3144 3836 3286 3889 Filio
3328 3839 3555 3892 consub-

2061 3911 2364 3964 stantialem
2390 3925 2501 3962 esse
2522 3909 2788 3962 decretum
2815 3917 2916 3961 est.

2064 4003 2264 4058 Eodem
2291 4011 2535 4071 tempore
2566 4014 2758 4053 rursus
2790 4006 2937 4053 mota
2970 4004 3054 4052 est
3085 3994 3338 4065 quaestio,
3372 4005 3553 4051 utrum

1992 4092 2232 4162 Spiritus
2266 4098 2494 4144 sanctus
2532 4088 2775 4156 ejusdem
2804 4101 2929 4160 cum
2960 4083 3121 4139 Patre
3147 4090 3201 4138 et
3242 4082 3382 4136 Filio
3420 4082 3553 4137 sub-

1990 4182 2208 4237 stantiae
2239 4177 2550 4235 censendus
2579 4181 2757 4231 esset:
2777 4189 2897 4244 qua:
2926 4173 3143 4241 quidem
3171 4170 3400 4241 quaestio
3429 4184 3554 4224 cum

1986 4272 2099 4341 jam
2146 4270 2358 4339 pridem
2406 4274 2585 4336 erepta
2624 4266 2844 4328 fuisset,
2885 4271 3002 4317 tum
3031 4262 3325 4317 maximum
3374 4260 3557 4314 incre-

317 4368 420 4438 οὐχ
452 4361 613 4437 ἦττον
641 4364 674 4435 ἦ
707 4363 970 4434 πρότερον
1017 4363 1145 4432 περὶ
1182 4361 1274 4414 τοῦ
1301 4361 1435 4414 Θεοῦ
1463 4363 1635 4429 Λόγου
1667 4364 1890 4433 συνέϐη-

1995 4371 2233 4423 mentum
2257 4357 2605 4428 acceperat‘.
2640 4354 2823 4409 Multae
2850 4355 3019 4425 igitur
3044 4352 3146 4406 hac
3178 4351 3245 4407 de
3272 4365 3331 4406 re
3358 4349 3553 4418 dispu-

319 4474 447 4511 σαν.
476 4456 631 4509 Κατά
663 4454 818 4507 τοῦτο
861 4455 917 4507 δὲ
950 4453 1195 4523 ἀλλήλοις
1240 4452 1594 4523 συνεφέροντο
1629 4453 1762 4504 οἵτε
1795 4454 1890 4505 ἀν-

319 4549 507 4620 όμοιον
530 4548 623 4602 καὶ
645 4546 978 4618 ὁμοιοούσιον
1006 4544 1097 4598 τὸν
1128 4544 1255 4597 Υίδν
1276 4538 1414 4598 εἶναι
1447 4544 1709 4611 λέγοντες.
1758 4545 1889 4613 Ἀμ-

394 4726 409 4755 ¹
446 4725 626 4793 Somn,
662 4725 755 4778 lib.
789 4740 851 4788 ιι,
887 4739 938 4778 c.
975 4724 1063 4778 45.

1997 4453 2232 4506 taliones
2292 4462 2487 4519 magna
2532 4446 2886 4501 contentione
2945 4443 3137 4508 iacta,
3199 4457 3306 4497 non
3373 4441 3556 4497 minus

1995 4557 2159 4612 quam
2187 4548 2348 4595 antea
2395 4538 2463 4594 de
2489 4536 2602 4593 Deo
2631 4535 2828 4594 Verbo.
2866 4535 3040 4591 Porro
3094 4534 3152 4590 in
3185 4534 3289 4590 hac
3326 4540 3553 4588 contro-

1519 4868 1789 4926 VALESH
1826 4867 2371 4924 ANNOTATIONES.

391 5012 501 5083 (97)
530 5010 917 5083 Bpstta'rlwr.
954 5010 1280 5083 Interprctcs
1313 5002 1750 5083 Britannioncmn
1774 5021 1887 5083 ver:

1989 5004 2323 5072 Constantii,
2371 5006 2462 5060 ubi
2499 5004 2565 5060 dc
2600 5004 2941 5074 Vetranione
2962 5010 3194 5074 tyranno
3239 5000 3297 5058 lit
3330 5005 3555 5074 mentio.

321 5072 526 5140 terunt.
560 5072 670 5154 Ego
708 5072 1298 5154 Vetranioncm'dicerc
1326 5078 1511 5154 malui.
1542 5073 1676 5128 Nam
1704 5074 1882 5154 tirgeci
1988 5074 2165 5154 l_’orro
2200 5074 2579 5154 thranionem
2630 5075 2738 5128 dici
2775 5089 2872 5152 pro
2904 5072 3289 5154 Veteranione,
3324 5072 3557 5154 jampri-

323 5154 428 5208 hoc
454 5143 676 5214 nomen,
703 5151 845 5221 quod
879 5149 1124 5203 Latinam
1159 5147 1320 5221 habet
1346 5146 1637 5221 originem,
1672 5145 1751 5197 sic
1778 5146 1886 5221 lere
1988 5146 2111 5221 {lem
2161 5145 2446 5221 observavi
2492 5146 2545 5198 in
2591 5144 3042 5199 annotationibus
3085 5145 3152 5199 ad
3203 5143 3553 5197 Ammianum

324 5222 505 5279 solent
533 5216 817 5291 scribere,
867 5230 925 5275 ut
952 5232 1118 5290 supra
1156 5217 1396 5271 vidimus
1423 5219 1477 5269 in
1519 5216 1685 5269 rebus
1716 5216 1886 5285 gestis
1988 5216 2391 5268 Marcellinum.

1728 5382 2119 5442 VARIORUM.

468 5537 523 5587 '0
554 5534 844 5599 βασιλεὺς
893 5527 1042 5601 ἧκεν
1083 5532 1191 5601 ειςΔ
1228 5528 1431 5601 Τᾴμιν,
1458 5527 1616 5601 Anno
1658 5524 1796 5601 599,
1831 5532 1888 5601 ut

326 5615 471 5661 recte
503 5594 727 5672 conjicit
770 5594 1155 5672 Gothofredus
1182 5598 1247 5672 in
1280 5594 1642 5672 Chronologia
1666 5594 1887 5672 Codicis

324 5664 715 5740 Theodosium,
740 5674 955 5727 videtur
980 5669 1178 5725 Valens
1207 5666 1392 5722 Tomos
1412 5665 1694 5735 prolectus
1715 5679 1728 5716 :
1751 5664 1883 5720 urbs

1995 5536 2078 5582 est
2122 5527 2187 5580 ad
2236 5542 2383 5583 mare
2422 5528 2527 5581 sita
2574 5529 2626 5582 in
2666 5529 2889 5583 sinistro
2936 5520 3107 5579 latere
3136 5521 3292 5578 Ponti
3328 5518 3553 5582 Euxini.

1996 5599 2147 5666 (Ant.
2186 5597 2312 5651 PAGI
2337 5639 2349 5661 ,
2383 5597 2447 5652 ad
2482 5614 2685 5653 annum
2721 5598 2840 5658 509,
2878 5614 2929 5647 ιι.
2970 5593 3079 5660 l8.)
