4054 6188
359 290 498 348 1349

1353 298 1672 357 HISTORIA
1705 302 2259 361 ECCLESIASTIC.\.
2311 339 2379 348 —
2412 309 2537 362 LIB.
2588 310 2672 365 Vl.

3459 321 3599 394 4550

356 403 707 475 μηνυσάντων
725 406 780 458 δὲ
797 407 904 461 τῶν
929 409 1040 462 ἀπὸ
1059 410 1158 479 τῆς
1174 411 1398 479 Γαλλίας
1427 418 1522 471 καὶ
1550 420 1803 485 Βενετίας
1825 421 1900 492 (2)

2030 441 2348 494 scoparum,
2401 427 2514 482 Arii
2569 429 2881 497 opinionem
2934 432 3206 498 stabilire,
3256 446 3473 492 etcum
3529 444 3598 500 iis

353 495 450 547 καὶ
497 497 625 564 παρ’
676 496 876 566 ἑτέρων
921 498 1083 553 τινῶν
1126 501 1298 556 ταῦτα
1345 508 1738 572 σπουδάζεσθαι
1795 512 1926 582 παρ’

351 586 567 649 αὐτοῖς,
620 590 680 638 οὐ
730 589 907 659 πολλῷ
953 590 1176 664 ὕστερον
1218 597 1559 663 συνελθόντες
1591 602 1671 663 είς
1707 600 1927 672 Ῥώμην

349 675 683 727 ἐπίσκοποι*
729 677 938 762 πολλῶν
989 682 1179 748 ἐθνῶν,
1223 685 1559 756 ἐψηφίσαντο
1610 690 1707 759 τῆς
1747 691 1926 744 αὐτῶν

348 765 629 829 κοινωνίας
655 767 934 840 ἀλλότριον
957 767 1096 827 εἶναι
1123 775 1427 843 Αὑξέντιον,
1462 779 1556 830 καὶ
1580 780 1706 842 τοὺς
1725 781 1925 847 ὁμοίως

347 852 494 924 αὐτῷ
524 854 843 921 δοξάζοντας
867 875 880 887 ·
925 860 1147 929 βεϐαίαν
1172 863 1226 914 δὲ
1265 864 1445 933 μένειν
1477 866 1575 936 τὴν
1608 868 1923 938 παραδοθεῖ-

347 961 445 997 σαν
487 947 671 1000 πίστιν
716 951 867 1019 παρὰ
911 953 1008 1022 τῆς
1061 955 1118 1005 ὲν
1150 955 1352 1026 Νικαίςι
1397 958 1656 1010 συνόδου⁸
1706 959 1813 1012 τῶν
1862 961 1920 1014 ὲν

357 1035 618 1108 Ἀριμίνῳ
682 1039 951 1106 δοξάντων
998 1045 1331 1098 ὑπεναντίων
1397 1047 1635 1119 ταύτης,
1699 1049 1919 1118 ἀκύρων

342 1125 530 1190 ὅντων,
565 1128 640 1192 ὡς
673 1133 810 1200 μήτε
841 1133 936 1185 τοῦ
965 1134 1073 1186 τῶν
1109 1135 1391 1206 Ῥωμαίων
1419 1139 1742 1205 ἐπισκόπου,
1778 1142 1916 1210 μήτε

341 1213 448 1266 τῶν
478 1215 652 1268 ἄλλων
687 1220 1031 1290 συνθεμένων
1060 1223 1244 1287 αὐτοῖς
1266 1241 1280 1254 ·
1333 1226 1426 1278 καὶ
1458 1227 1534 1291 ὡς
1567 1228 1776 1283 πολλῶν
1808 1230 1916 1283 τῶν

342 1305 525 1358 αὐτόθι
566 1309 948 1378 συνελθόντων,
1001 1315 1417 1386 ἀπαρεσθέντων
1467 1323 1580 1384 τοῖς
1619 1322 1739 1375 τότε
1783 1322 1914 1393 παρ’

339 1396 518 1448 αὐτῶν
543 1397 906 1468 δεδογμένοις.
957 1404 1138 1459 Ταῦτα
1171 1408 1228 1460 δὲ
1255 1408 1396 1462 οὕτω
1419 1412 1670 1479 γενέσθαι
1704 1413 1798 1467 καὶ
1828 1414 1913 1466 δό-

2033 519 2124 586 qui
2156 516 2352 571 Filium
2385 534 2450 573 ac
2485 517 2748 589 Spiritum
2781 531 3053 585 sanctum,
3091 523 3249 590 juxta
3281 534 3618 585 controver-'

2028 610 2164 661 siam
2196 624 2388 664 recens
2422 620 2688 672 exortam,
2727 610 2879 665 Patri
2904 613 3222 668 dissimilem
3252 630 3375 672 esse
3401 633 3598 678 cense.

2025 693 2176 759 bant,
2209 697 2524 750 consentire
2555 697 2850 752 nitebatur.
2898 698 3004 753 Sed
3036 714 3162 753 cum
3191 701 3430 774 episcopi
3463 706 3594 760 Gal-

2025 783 2112 837 liae
2147 793 2200 838 et
2231 783 2491 850 Venetiae,
2528 786 2667 841 idem
2700 803 2917 858 quoque
2952 791 3151 844 tentari
3186 805 3214 844 a
3265 792 3593 860 quibusdam

2024 872 2144 927 aliis
2179 873 2518 941 retulissent,
2572 875 2724 930 brevi
2775 887 2898 946 post
2950 889 3195 956 tempore
3237 881 3481 952 episcopi
3524 899 3594 938 ex

2023 964 2210 1019 multis
2269 967 2572 1036 provinciis
2620 966 2850 1022 Romam
2902 972 3317 1036 convenientes,
3371 973 3595 1029 Auxen-

2021 1053 2156 1108 tium
2188 1069 2393 1126 eosque
2426 1059 2520 1126 qui
2575 1057 2714 1112 idem
2750 1074 2876 1113 cum
2913 1061 3008 1116 illo
3054 1062 3349 1128 sentirent,
3383 1063 3594 1120 alienos

2017 1154 2141 1196 esse
2182 1156 2212 1194 a
2245 1145 2628 1197 communione
2658 1160 2757 1200 sua
2803 1148 3167 1204 decreverunt
3205 1167 3218 1203 :
3258 1159 3423 1220 utque
3456 1152 3594 1210 lides

2017 1246 2138 1300 quae
2186 1248 2216 1285 a
2270 1234 2507 1287 concilio
2575 1234 2796 1292 Nicaeno
2851 1241 3052 1294 tradita
3105 1250 3264 1307 erat,
3328 1244 3483 1297 ﬁrma
3523 1259 3591 1298 ac

2016 1323 2230 1378 stabilis
2259 1337 2638 1394 permaneret,
2697 1330 2992 1386 inﬁrmatis
3023 1334 3089 1387 iis
3129 1349 3250 1402 qua:
3285 1335 3337 1387 in
3382 1333 3589 1388 Arimi-

2013 1414 2170 1468 nensi
2207 1416 2418 1485 synodo
2452 1428 2644 1472 contra
2676 1420 2823 1473 illam
2858 1422 3015 1477 ﬁdem
3047 1424 3266 1479 decreta
3308 1434 3486 1485 erant,
3521 1441 3590 1480 eo

340 1485 449 1587 Eat,
503 1494 772 1587 μαρτυρεῖ
817 1493 910 1546 καὶ
954 1496 987 1565 ή
1034 1497 1322 1570 Ἐπιστολὴ
1348 1501 1602 1570 Δαμάσου
1633 1502 1727 1555 τοῦ
1778 1503 1901 1557 Ῥω-

2012 1505 2158 1574 quod
2189 1520 2288 1560 nec
2319 1505 2599 1565 Romanus
2633 1512 2948 1582 episcopus,
3000 1530 3103 1569 nec
3139 1516 3232 1570 alii
3275 1517 3444 1587 gestis
3477 1518 3590 1573 illis

341 1574 516 1642 μαίων
556 1577 890 1646 ἐπισκόπου,
938 1581 1030 1634 καὶ
1068 1583 1176 1639 τῶν
1219 1586 1335 1655 ἅμα
1385 1587 1531 1657 αὐτῷ
1569 1588 1688 1641 τότε
1726 1590 1901 1643 συνελ-

2010 1597 2456 1660 consensissent,
2519 1603 2790 1671 multique
2847 1605 3012 1659 etiam
3080 1622 3144 1662 ex
3198 1609 3264 1663 iis
3310 1610 3402 1678 qui
3459 1609 3588 1662 huic

338 1664 556 1769 θέντων,
590 1669 726 1769 πρὸς
763 1672 887 1736 τοὺς
930 1673 1195 1728 Ίλλυοιῶν
1236 1677 1568 1743 ἐπισκόπους
1612 1683 1901 1752 γραφεῖσα.

2012 1685 2219 1753 synodo
2259 1686 2642 1754 interfuerant,
2676 1693 2894 1748 decreta
2921 1696 3040 1765 ejus
3088 1664 3577 1769 improbavissent.

339 1756 490 1825 Ἐχει
521 1758 576 1809 δὲ
604 1753 728 1812 ὧδε·

2008 1774 2131 1831 Ιιιεο
2167 1792 2333 1847 porro
2376 1780 2452 1834 ita
2509 1791 2663 1850 gesta
2711 1788 3121 1860 constitutaque
3165 1809 3288 1847 esse
3340 1800 3584 1846 testatur

335 1849 1174 1952 Epis-tti-lanDamasi,quam'ille
1205 1873 1312 1913 una
1350 1874 1473 1915 cum
1505 1860 1779 1932 episcopis
1808 1863 1903 1933 qui
1978 1873 2111 1922 tunc
2181 1867 2413 1923 Romam
2463 1886 2851 1948 convenerant,
2907 1849 3129 1950 scripsit
3179 1884 3248 1938 ad
3295 1883 3584 1952 episeopos

333 1934 553 2013 Illyrici.
585 1943 677 1998 Sic
706 1953 884 2000 autem
917 1947 1080 2002 habet.
1117 1965 1131 2003 :

336 2036 400 2086 Ol
427 2033 747 2107 ἐπίσκοποι
790 2036 843 2087 οἱ
890 2034 988 2086 ἐπὶ
1015 2035 1146 2107 ,τῶν
1186 2035 1482 2106 Ῥωμαίων
1509 2039 1596 2104 εἰς
1629 2038 1695 2092 τό
1745 2040 1904 2107 lepor

406 2103 726 2175 συνέδριον
756 2106 1177 2175 συνελθόντες,
1225 2103 1346 2175 τοῖς
1383 2107 1451 2158 ἐν
1478 2103 1907 2175 τῷἾΙλλυρικῷ

402 2172 777 2246 καθεστῴσιν
811 2174 1187 2246 ἐπισκόποις,
1212 2173 1486 2246 Δάμασος
1509 2175 1610 2246 (5),
1634 2178 1732 2230 καὶ
1757 2172 1907 2232 Οὐαέ

402 2241 600 2314 λέριος
629 2243 725 2312 (4),
771 2243 867 2314 καὶ
891 2245 944 2296 ol
965 2245 1198 2314 λοιποὶ,
1233 2241 1358 2311 τοῖς
1377 2241 1702 2314 ἀγαπητοῖς
1731 2247 1908 2303 ἀδελ-

403 2311 540 2378 φοῖς
564 2311 634 2363 ἐν
661 2311 852 2380 Κυρίῳ
870 2313 1120 2380 χαίρειν.

404 2401 735 2471 Πιστεύομεν
757 2402 855 2472 τὴν
881 2403 1043 2471 ἁγίαν
1078 2405 1261 2459 πίστιν
1287 2405 1466 2476 ἡμῶν,
1489 2406 1586 2478 τὴν
1607 2407 1664 2460 ὲν
1682 2411 1746 2479 τῇ
1772 2408 1909 2463 διδα-

334 2494 532 2564 σκαλίᾳ.
572 2494 679 2546 τῶν
722 2495 1033 2549 ἀποστόλων
1071 2496 1515 2565 θεμελιωθεῖσαν,
1547 2499 1748 2569 ταύτην
1778 2519 1906 2553 κατ-

331 2589 477 2660 έχειν
511 2590 602 2642 καὶ
625 2588 825 2659 ταύτην
853 2589 932 2660 τῷ
963 2590 1076 2660 λαῷ
1107 2591 1471 2662 ὑφηγεῖσθαι·
1517 2593 1638 2662 ἥτις
1669 2593 1775 2645 ἀπὸ
1797 2593 1904 2648 τῶν

333 2678 661 2752 όρισθέντων
682 2678 832 2750 παρὰ
852 2680 958 2733 τῶν
982 2681 1260 2752 Πατέρων,
1276 2682 1449 2735 οὐδενὶ
1467 2683 1609 2754 λόγῳ
1630 2683 1900 2752 διαφωνεῖ.

327 2769 462 2822 Οὐδὲ
495 2769 605 2840 γὰρ
647 2769 817 2834 ἄλλως
849 2771 1079 2842 ἁρμόζει
1118 2773 1447 2827 διανοεῖσθαι
1495 2774 1619 2839 τοὺς
1651 2774 1744 2827 τοῦ
1769 2774 1903 2828 Θεοῦ

332 2858 518 2927 ἱερεῖς,
544 2857 633 2926 ὑφ’
661 2851 736 2911 ὧν
763 2859 967 2912 δίκαιόν
1009 2861 1126 2913 ὲστι
1151 2862 1277 2924 τοὺς
1308 2864 1502 2930 σοφοὺς
1537 2862 1900 2918 παιδεύεσθαι.

342 2947 505 3000 Ἀλλά
546 2947 611 3000 δι’
638 2950 914 3020 ἀναφορᾶς
945 2950 1053 3003 τῶν
1080 2954 1136 3004 ὲν
1168 2952 1369 3024 Γαλλίᾳ
1387 2954 1481 3006 καὶ
1503 2954 1724 3024 Βενετίᾳ
1751 2954 1902 3007 ἀδελο

329 3037 469 3105 φῶν,
497 3037 740 3108 ἔγνωμεν
763 3055 913 3100 τινας
933 3039 1145 3109 αἵρεσιν
1169 3039 1510 3103 σπουδάζειν.
1538 3041 1713 3110 Ὅπερ
1735 3040 1900 3092 κακὸν

327 3129 392 3182 οὐ
427 3129 584 3199 μόνον
613 3129 1128 3201 παραφυλάττεσθαι
1172 3131 1475 3198 ὀφείλουσιν
1513 3130 1561 3182 οἱ
1591 3131 1900 3193 ἐπίσκοποι,

327 3219 468 3273 ἀλλὰ
517 3221 610 3274 καὶ
656 3220 758 3274 ὃσα
808 3218 1036 3292 ἀπειρίᾳ
1079 3220 1241 3274 τινῶν
1283 3219 1314 3291 ἢ
1373 3220 1637 3291 ἁπλότητι
1675 3220 1906 3280 οἰκείαις

2010 2037 2263 2118 Episcopi
2301 2038 2404 2121 μά.
2443 2056 2653 2123 sacrum
2697 2043 2976 2123 concilium
3006 2044 3202 2123 itaque
3253 2059 3578 2123 congregati,

2078 2110 2339 2176 episcopis
2474 2110 2695 2185 Illyrico
2739 2115 3063 2185 constitutis,
3112 2110 3394 2185 Damasus,
3434 2110 3583 2181 vale,-

2077 2194 2192 2302 {ius
2234 2190 2283 2232 et
2323 2180 2532 2248 reliqui,
2573 2181 2785 2234 dilectis
2829 2183 3088 2250 fratribus
3135 2189 3187 2240 in
3219 2180 3443 2248 Domino
3485 2180 3580 2251 sa-

2099 2259 2258 2302 atem.
3145 2267 3148 2272 '

2078 2401 2368 2457 Credimus
2427 2417 2524 2458 vos
2591 2415 3000 2460 sacrosanctam
3068 2409 3230 2464 ﬁdem
3293 2423 3576 2484 nostram,

2006 2505 2128 2561 qua:
2153 2507 2318 2562 super
2351 2493 2600 2546 doctrina
2623 2496 3000 2562 apostolorum
3027 2497 3252 2555 fundata
3275 2504 3438 2575 247
3471 2519 3576 2573 est,

2004 2581 2261 2645 retinere,
2288 2585 2750 2654 eamquepopulo
2782 2587 3114 2652 praedicare:
3140 2605 3262 2658 quae
3294 2607 3322 2643 a
3354 2591 3575 2648 Patrum

2003 2671 2238 2724 decretis
2269 2670 2420 2722 nulla
2459 2671 2670 2724 ratione
2697 2671 2978 2727 dissentit.
3028 2676 3212 2747 Neque
3242 2681 3385 2735 enim
3418 2683 3575 2738 decet

2003 2761 2162 2814 aliter
2193 2760 2399 2815 sentire
2453 2759 2764 2815 sacerdotes
2804 2762 2919 2827 Dei,
2955 2781 2982 2817 a
3016 2768 3215 2836 quibus
3267 2771 3432 2827 etiam
3486 2790 3576 2829 sa-

2003 2850 2214 2920 pientes
2262 2850 2464 2904 erudiri
2515 2848 2734 2905 debent.
2771 2851 2968 2907 Verum
3008 2856 3236 2912 lratrum
3287 2877 3351 2916 ex
3399 2863 3573 2919 Gallia

2001 2953 2055 2996 et
2087 2941 2303 2995 Venetia
2333 2941 2602 2994 relatione
2633 2941 2924 2997 didicimus
2987 2949 3281 3006 nonnullos
3321 2951 3571 3008 haeresim
3621 2973 3626 2980 ε

2001 3032 2258 3088 inducere
2299 3033 2542 3087 studere.
2572 3033 2726 3098 Quod
2761 3035 2958 3088 malum
2998 3053 3104 3092 non
3157 3042 3332 3094 solum
3366 3059 3566 3111 praeca-

1999 3142 2127 3180 vere
2161 3125 2357 3179 debent
2389 3125 2658 3196 episc0pi,
2705 3127 2801 3181 sed
2852 3143 3191 3200 quascunque
3222 3147 3315 3188 seu
3348 3151 3443 3204 per
3470 3136 3572 3189 im-

2003 3217 2272 3288 peritiam,
2323 3231 2417 3270 seu
2453 3233 2548 3286 per
2578 3217 2984 3288 simplicitatem
3014 3225 3395 3291 quorumdam,
3427 3228 3572 3282 veris

1519 3393 1787 3450 VALESH
1825 3389 2374 3448 ANNOTATIONES.

398 3489 474 3560 (2)
511 3490 634 3560 Τῶν
672 3490 791 3546 ἀπὸ
828 3490 938 3559 τῆς
966 3491 1236 3557 Γαλλίας
1264 3491 1360 3545 καὶ
1413 3491 1710 3555 Βενετίας.
1752 3489 1898 3543 Idem

2005 3504 2125 3541 nem
2153 3497 2348 3560 nactus
2384 3487 2614 3552 fueram,
2643 3490 2930 3558 epistolam
2979 3491 3125 3545 illam
3161 3493 3302 3546 sicut
3328 3507 3357 3546 a
3411 3493 3571 3550 nobis

324 3559 558 3631 testatur
593 3559 860 3616 Damasus
891 3564 944 3614 in
979 3563 1212 3631 epistola
1262 3562 1531 3631 synodica
1564 3575 1727 3627 quam
1763 3560 1896 3612 sub-

320 3631 448 3700 jicit
479 3629 835 3696 Sozome‘nus,
892 3632 977 3686 his
1015 3629 1235 3687 verbis:
1275 3629 1376 3685 Sed
1413 3630 1688 3683 Gallorum
1747 3640 1902 3700 atque

337 3699 698 3754 Venetensium
721 3701 949 3767 fratrum
993 3702 1247 3755 relatione
1277 3701 1642 3768 comperimus,
1674 3698 1901 3768 nonnul-

325 3771 403 3823 los
428 3785 529 3839 non
560 3765 773 3823 lueresis
795 3770 990 3830 studio,
1020 3778 1126 3824 etc.
1174 3765 1402 3839 Denique
1431 3769 1748 3822 Auxentium
1782 3765 1900 3822 He-

321 3838 678 3908 diolanensem
708 3841 805 3891 hac
828 3843 1086 3908 prwcipue
1119 3856 1280 3892 causa
1307 3838 1618 3891 damnatum
1639 3854 1750 3908 esse
1779 3855 1900 3906 per-

322 3907 576 3979 scribunt.
611 3908 707 3979 Ubi
735 3905 951 3963 nomine
988 3905 1206 3979 quidem
1247 3907 1631 3963 Venetensium
1665 3905 1896 3961 fratrum

324 3977 586 4046 intelligit
671 3977 1020 4032 Pbilastriuui
1073 3979 1408 4032 Brixiensem
1466 3981 1781 4046 episcopum
1841 3985 1897 4031 et

321 4046 638 4115 Evagrium.
675 4046 737 4100 Hi
767 4048 911 4100 enim
938 4053 1208 4116 praecipue
1231 4048 1484 4100 insectati
1514 4055 1642 4100 sunt
1673 4047 1896 4100 Auxen-

321 4117 482 4180 timn,
516 4124 575 4170 ut
604 4132 670 4187 es
700 4116 1032 4187 Higronymo
1063 4116 1559 4187 notavit_Baronius
1588 4118 1654 4187 ad
1691 4130 1892 4187 annum

319 4187 526 4240 Christi
579 4186 698 4240 569.
758 4184 990 4241 Nomine
1032 4194 1212 4240 autem
1248 4185 1549 4250 Gallorum,
1603 4185 1895 4255 designare

318 4256 537 4310 videtur
569 4255 832 4308 Hilarium
870 4263 1140 4316 nostrum.
1198 4257 1288 4324 qui
1339 4255 1440 4308 hoc
1499 4255 1688 4308 eodem
1747 4272 1892 4310 anno

319 4327 547 4393 scripsit
577 4325 863 4394 epistolam
897 4325 962 4394 ad
1003 4339 1192 4380 omnes
1248 4324 1553 4379 catholicos
1603 4331 1891 4394 episcopos

317 4405 516 4449 contra
544 4393 872 4446 Auxentium
903 4393 1383 4448 Mediolanensem.

393 4464 472 4530 (5)
509 4462 782 4532 Δάμασος
807 4463 902 4516 καὶ
932 4463 1272 4532 Οὐαλέριος.
1292 4461 1416 4516 Haec
1444 4461 1887 4532 epistolasynodi

317 4530 595 4584 Romam}!
631 4535 864 4586 refertur
908 4535 1070 4586 etiam
1098 4547 1126 4584 a
1159 4531 1497 4586 Theodorito
1544 4532 1596 4583 in
1667 4530 1805 4584 libro
1851 4547 1887 4584 ιι

318 4600 583 4654 Historia:
637 4601 1049 4670 ecclesiasticae,
1109 4617 1228 4670 cap.
1289 4602 1380 4654 22.
1446 4601 1636 4653 Latine
1677 4608 1884 4670 autem

316 4679 505 4740 exstat
538 4669 934 4740 incolleetioue
962 4668 1200 4724 Romana
1220 4712 1234 4735 ,
1270 4686 1393 4740 qua:
1424 4685 1596 4738 nuper
1625 4668 1768 4740 edita
1805 4680 1888 4740 est

317 4753 350 4790 a
385 4738 532 4794 Luca
592 4739 893 4803 Holstenio,
931 4743 1047 4795 viro
1091 4737 1434 4802 doctissimo,
1495 4737 1616 4807 pag.
1663 4737 1782 4792 163.
1823 4738 1883 4793 Ει

2003 3559 2268 3627 translata
2299 3558 2476 3611 fuerat
2517 3560 2891 3627 ascripsimus.
2937 3560 3111 3614 Porro
3160 3563 3454 3616 notandum
3485 3571 3571 3618 est.

2002 3626 2270 3700 synodum
2322 3627 2466 3700 illam
2512 3626 2826 3700 _lto_manam
2886 3643 2944 3700 a7
2976 3630 3210 3686 Baronio
3267 3631 3484 3700 quidem
3513 3645 3569 3688 et

2001 3695 2283 3748 Holstenio
2329 3695 2524 3750 referri
2557 3697 2622 3750 ad
2670 3713 2870 3750 annum
2907 3699 3115 3755 Christi
3146 3695 3432 3754 369.'Mihi
3482 3713 3566 3755 ta-

1999 3781 2122 3820 men
2157 3766 2563 3836 insequentem
2624 3767 2808 3836 potius
2869 3783 3071 3822 annum
3132 3770 3346 3824 videtur
3377 3771 3566 3827 conle-

1997 3836 2188 3890 renda.
2232 3833 2366 3888 Nam
2421 3851 2546 3888 cum
2601 3833 2722 3904 post
2771 3837 3013 3891 libellum
3060 3837 3250 3892 Hilarii
3304 3841 3565 3896 adversus

1995 3905 2326 3958 Auxentium
2369 3905 2599 3959 collecta
2641 3906 2732 3968 sit,
2759 3917 2954 3961 cuncta
2980 3918 3158 3962 autem
3186 3910 3276 3962 illa
3299 3912 3564 3965 adversus

1995 3974 2327 4028 Auxentium
2365 3975 2432 4028 ab
2460 3973 2667 4029 Hilario
2693 3984 2840 4044 gesta
2871 3981 2980 4032 sint
3019 3993 3163 4031 anno
3202 3978 3402 4031 Christi
3437 3978 3560 4042 569,

1997 4053 2055 4097 ιιι
2093 4059 2156 4098 ex
2192 4044 2370 4112 ipsius
2401 4045 2658 4097 Auxentii
2688 4046 2864 4098 libello
2888 4054 3034 4099 recte
3061 4047 3371 4099 observavit
3402 4047 3566 4098 Baro-

1996 4115 2158 4179 nius;
2189 4112 2428 4182 synodus
2461 4113 2721 4168 adversus
2741 4115 2988 4167 eumdem
3017 4114 3345 4167 Auxentium
3377 4117 3563 4168 Romae

1995 4185 2082 4236 vix
2115 4185 2288 4252 potuit
2318 4184 2637 4252 congregari
2657 4193 2780 4236 ante
2804 4197 3006 4235 annum
3043 4185 3294 4252 proxime
3329 4198 3564 4252 sequen-

1994 4260 2121 4306 tem.
2152 4251 2362 4303 Etenim
2388 4251 2456 4304 93
2483 4253 2720 4319 episr-Opi
2755 4252 2802 4304 ei
2842 4252 3050 4320 synodo
3080 4251 3373 4307 interfuere
3402 4251 3416 4305 ἑ
3465 4252 3563 4319 qui

2033 4321 2268 4381 relecto,
2306 4320 2525 4373 nonnisi
2555 4321 2716 4387 longo
2739 4321 2998 4386 temporis
3016 4323 3192 4388 spatio
3217 4321 3560 4390 interposito,

2014 4391 2216 4444 lomam
2248 4389 2543 4442 convenire
2573 4404 2763 4442 omnes
2790 4396 3101 4456 potuerunt.

2061 4461 2137 4528 (4)
2166 4459 2506 4525 Οὐαλέριος.
2526 4458 2599 4528 In,
2619 4458 2936 4511 Collectione
2967 4457 3199 4511 Hontaua
3232 4457 3562 4515 Valerianus

1989 4527 2214 4588 dicitur,
2265 4530 2527 4598 rectius.
2561 4527 2687 4580 Erat
2721 4528 2805 4581 hic
2837 4529 3451 4598 cpiscopusqunileim,
3508 4541 3564 4585 et

1989 4596 2644 4668 Fortunatianoinriano
2689 4595 3064 4668 successerat.
3135 4595 3246 4650 Vir'
3269 4595 3560 4668 admodum

1989 4665 2192 4738 piuset
2231 4665 2558 4738 catholicus.
2617 4667 2718 4721 sub
2772 4682 2879 4734 quo
2909 4668 3272 4738 Aquileiensis
3315 4667 3558 4738 Ecclesia

1987 4735 2222 4792 maxime
2245 4735 2446 4788 ﬂoruit.
2476 4735 2612 4803 Ejus
2643 4737 2878 4805 elogium
2907 4737 3076 4789 habes
3119 4738 3259 4805 apud
3289 4736 3550 4805 Hierony-

319 4808 377 4860 in
413 4810 664 4878 versione
714 4797 932 4878 quidem
993 4809 1327 4870 Theodoriti,
1359 4797 1649 4878 epistolam
1717 4809 1886 4876 ipsam
1921 4814 1964 4868 ι)
1993 4807 2224 4878 mutnin
2256 4797 2536 4878 Epistolis:
2576 4797 3047 4878 Exsltdhepistola
3064 4797 3247 4878 Basilii
3281 4806 3458 4878 Magni
3492 4797 3557 4859 ad

318 4886 484 4946 prout
526 4894 558 4948 a7
587 4877 820 4932 Damaso
853 4879 1056 4933 dictata
1101 4889 1183 4933 est
1233 4877 1485 4948 apposui.
1535 4880 1589 4931 In
1637 4891 1888 4948 versione

317 4958 500 5002 autem
539 4947 848 5013 Sozomeni,
903 4951 1029 5017 quia
1064 4946 1314 5028 nondum
1353 4947 1656 5002 Romanam
1691 4946 1888 5002 editio-

1993 4874 2340 4929 Valerianum
2372 4877 2688 4944 episcopium
2743 4875 2965 4943 Illyrici.
3017 4874 3124 4930 Sed
3157 4877 3251 4931 hic
3305 4874 3562 4932 diversus

1994 4953 2078 4999 est
2111 4945 2178 4998 ab
2204 4943 2539 5015 Aquiléiensi
2565 4943 2893 5010 ’Valerianq.
3361 4966 3364 4968 -

1751 5098 2137 5155 VARIORUM.

398 5206 422 5232 '
455 5197 858 5262 Συνελθόντες
883 5197 970 5261 εις
1007 5194 1232 5263 Ῥώμην
1259 5195 1598 5248 ἐπίσκοποι.
1646 5193 1895 5249 Secunda

320 5269 568 5333 synodus
607 5264 854 5318 Romana
903 5282 932 5318 a
969 5265 1201 5320 Damaso
1245 5265 1513 5318 adversus
1563 5265 1892 5318 Auxentium

319 5343 512 5404 coacta
537 5349 678 5386 anno
706 5336 830 5388 572.
859 5334 990 5402 Ejus
1016 5335 1330 5404 synodicam
1356 5335 1423 5387 ad
1450 5334 1893 5404 episcopos_llly-

320 5403 435 5457 rios
475 5405 732 5472 scriptam
760 5401 1002 5458 referunt
1047 5401 1682 5472 (praeterﬂSozomenum)
1715 5401 1891 5455 Theo-

319 5473 534 5526 doritus
577 5471 673 5526 lib.
725 5489 784 5536 ιι,
833 5489 952 5542 cap.
999 5472 1091 5535 ἐξ,
1155 5482 1208 5526 et
1256 5471 1594 5542 Nicephorus
1649 5472 1745 5542 lib.
1812 5486 1888 5533 ιι,

318 5555 443 5610 cap.
471 5543 565 5604 3t.
595 5545 741 5608 (Ant.
768 5539 918 5611 Pagi,
956 5542 1024 5596 ad
1055 5557 1182 5611 au_n.
1211 5540 1335 5611 569,
1356 5539 1410 5597 υ.
1435 5541 1507 5608 7.)
1541 5540 1669 5604 Quae
1706 5539 1891 5611 hacte-

323 5609 426 5663 nus
480 5620 732 5682 superest
788 5609 1052 5682 synodica
1090 5609 1622 5682 Damasicpistola,
1675 5609 1888 5682 videtur

320 5671 703 5750 compendium
738 5671 859 5737 esse
891 5680 1144 5749 Epistula:
1175 5679 1242 5733 ad
1273 5671 1453 5748 Afros,
1490 5693 1584 5733 seu
1634 5678 1811 5748 potius
1838 5678 1886 5733 ei

1996 5189 2299 5246 consimilis
2353 5203 2516 5258 quam
2581 5188 2646 5243 ad
2686 5187 2975 5246 Damasum
3015 5191 3278 5246 miserant
3317 5187 3557 5260 Egyptii

1995 5262 2294 5331 przesules,
2349 5261 2598 5331 ejusque
2631 5260 2918 5315 occasione
2971 5263 3303 5331 conscripta.
3368 5261 3444 5312 lla
3493 5273 3557 5331 ea

1992 5329 2196 5399 quippe
2232 5330 2535 5399 Auxentius
2570 5329 2880 5399 damnatus,
2917 5330 3280 5399 Ariminensis
3313 5330 3559 5399 proscri-

1992 5397 2107 5469 pta'
2138 5399 2388 5462 l'ormula,
2437 5397 2657 5469 Nicazna
2711 5398 2844 5469 lides
2903 5398 3221 5469 conﬁrmata
3253 5403 3382 5469 est_.__
3407 5397 3557 5459 Quas

1991 5463 2297 5540 resotnues
2329 5468 2718 5540 complectitur
2742 5467 2985 5540 Epistola
3015 5467 3084 5540 ad
3107 5467 3282 5540 Afros.
3303 5463 3560 5540 (Clamo-
3611 5533 3616 5538 φ

1987 5539 2150 5592 nachi
2179 5532 2517 5591 Betiedietiiii
2548 5538 2602 5590 in
2646 5535 2764 5589 Vita
2791 5532 3102 5593 ‘Athauasii,
3132 5532 3183 5602 p.
3216 5532 3304 5594 86,
3336 5533 3428 5600 qui
3466 5548 3556 5602 sy-
3609 5539 3612 5542 ’

1986 5607 2189 5661 nodum
2255 5607 2394 5662 hanc
2455 5613 2698 5663 coactam
2758 5604 2928 5660 fuisse
2971 5617 3116 5657 anno
3155 5602 3276 5668 570,
3326 5602 3410 5657 vel
3449 5602 3546 5659 δτι

1995 5676 2353 5746 existimant.)
