4054 6188
508 316 640 373 1⁷551

1110 300 1137 323 ’⁸
1329 295 1333 299 ’
1944 310 2281 366 SOZOMENI

3628 299 3777 359 i352

507 451 571 491 ac
634 433 871 506 propriis
920 433 1467 504 interpretationibus
1516 434 1921 486 adversantur:
1979 444 2069 483 nec

2184 429 2499 500 ἑρμηνείαις
2529 429 2602 498 (εἰ)
2627 427 2978 481 ἀνθίσταντοο
3006 422 3115 477 ἀπὸ
3136 417 3230 476 οὖν
3248 420 3324 492 (ϐ)
3354 419 3467 475 τῶν
3494 419 3774 490 διαφόρου

507 526 576 580 ab
642 525 751 579 illis
818 523 912 595 qui
970 524 1186 579 diversa
1253 523 1507 593 dogmata
1562 522 2076 585 comminiscuntur,

508 616 685 684 abripi
732 616 787 669 in
820 630 1085 681 errorem,
1136 614 1231 669 sed
1269 615 1451 683 potius
1501 611 1726 665 Patrum
1761 619 2078 666 nostrorum

506 703 726 760 decreta
761 707 1018 770 retinere,
1041 706 1261 777 quoties
1291 707 1367 759 illi
1394 705 1562 760 variis
1593 703 1844 759 consiliis
1875 713 2081 757 temere

508 797 995 852 circumferuntur.
1042 796 1387 868 Quapropter
1435 797 1764 853 Auxentium
1818 795 2081 850 Mediola-

506 904 727 943 nensem
780 888 1054 959 praecipue
1097 890 1150 942 in
1186 890 1287 943 hoc
1336 889 1553 960 negotio
1587 887 1907 944 damnatum
1956 902 2080 942 esse

507 978 876 1048 perscribunt.
919 976 1157 1047 Equum
1193 977 1359 1047 igitur
1397 988 1501 1041 est,
1540 988 1597 1031 ut
1634 991 1824 1031 omnes
1862 976 1917 1029 in
1948 976 2080 1030 orbe

506 1064 756 1121 Romano
782 1066 1153 1121 Ecclesiarum
1170 1067 1423 1124 doctores
1455 1068 1594 1122 inter
1620 1083 1679 1123 se
1706 1066 2074 1128 consentiant,

505 1170 608 1209 nec
649 1157 1091 1226 discrepantibus
1139 1157 1409 1214 doctrinis
1465 1158 1624 1212 iidem
1672 1156 2073 1212 contaminent.

504 1244 638 1298 Nam
680 1260 803 1299 cum
851 1246 1235 1299 haereticorum
1265 1247 1588 1315 improbitas
1627 1246 1808 1313 vigere
1840 1245 2074 1313 primum

508 1336 792 1407 cmpisset,
823 1336 1280 1405 quemadmodum
1312 1351 1476 1401 nunc,
1505 1334 1652 1406 quod
1680 1333 1899 1403 quidem
1932 1331 2076 1386 Dens

505 1435 735 1491 avertat,
766 1428 1094 1482 Arianorum
1126 1429 1270 1499 viget
1294 1426 1652 1497 blasphemia,
1681 1424 1874 1479 Patres
1902 1423 2074 1478 nostri

502 1521 731 1574 trecenti
757 1519 942 1574 decem
975 1528 1029 1574 et
1055 1528 1181 1573 octo
1216 1518 1427 1581 selecti,
1454 1517 1640 1571 habito
1670 1515 1810 1584 apud
1839 1513 2074 1569 Nicaeam

501 1619 762 1678 tractatu,
803 1612 1065 1667 adversus
1105 1624 1257 1664 arma
1288 1609 1491 1664 diaboli
1540 1607 1686 1662 hunc
1714 1622 1926 1660 murum
1960 1620 2077 1660 ere-

501 1708 722 1760 xerunt,
751 1708 805 1755 et
834 1700 937 1754 bac
981 1699 1223 1753 antidoto
1251 1697 1432 1753 letalia
1475 1712 1680 1752 venena
1724 1697 2070 1766 repulerunt,

502 1796 565 1842 ut
590 1786 750 1844 Pater
777 1797 830 1844 et
854 1786 1047 1855 Filius,
1081 1788 1244 1842 unius
1272 1785 1600 1850 divinitatis,
1634 1786 1798 1841 unius
1832 1784 2073 1849 virtutis,

502 1880 777 1949 uniusque
813 1882 996 1949 ﬁguras
1033 1895 1156 1935 esse
1185 1880 1559 1936 crederentur.
1587 1876 1852 1947 Spiritum
1892 1882 2073 1929 autem

504 1979 757 2024 sanctum
797 1970 1043 2039 ejusdem
1079 1986 1297 2039 quoque
1335 1985 1457 2025 esse
1486 1968 1810 2024 substantiae
1852 1966 2076 2021 credere

501 2057 791 2114 debemus.
838 2060 976 2113 Eum
1033 2074 1162 2113 vero
1191 2057 1284 2128 qui
1314 2058 1473 2113 aliter
1499 2058 1719 2120 sentiat,
1760 2071 1791 2110 a
1823 2070 2072 2109 commu-

501 2155 669 2207 nione
698 2156 887 2205 nostra
916 2150 1156 2205 alienum
1182 2165 1308 2205 esse
1328 2149 1694 2205 decrevimus.
1719 2148 1893 2214 Quam
1924 2147 2074 2202 salu-

501 2252 674 2299 tarem
705 2242 947 2313 regulsm
978 2249 1033 2296 et
1058 2240 1392 2296 adorandam
1425 2240 1791 2303 sanctionem,
1820 2238 2071 2293 nonnulli

502 2337 710 2391 violare
738 2335 920 2391 conati
949 2342 1097 2390 sunt.
1130 2333 1331 2389 Verum
1369 2333 1421 2387 in
1454 2334 1572 2403 ipso
1606 2332 1791 2388 statim
1821 2331 2070 2394 exordio,

501 2430 571 2483 ab
610 2428 679 2485 iis
717 2428 852 2498 ipsis
887 2427 979 2497 qui
1014 2425 1245 2480 Arimini
1296 2425 1439 2480 istud
1476 2426 1737 2479 innovare
1768 2433 1861 2478 aut
1894 2430 2073 2475 atten-

498 2526 618 2574 tare
650 2518 829 2571 coacti
860 2514 1097 2581 l‘uerant,
1142 2530 1208 2570 co
1254 2530 1427 2585 usque
1469 2514 1813 2569 emendatum
1858 2520 1964 2576 est,
2012 2521 2071 2566 ut

500 2606 744 2664 confessi
776 2607 887 2663 sint
911 2598 971 2663 se
1007 2607 1112 2662 alia
1143 2607 1379 2677 quadam
1411 2605 1785 2676 disputatione
1813 2605 2071 2674 deceptos

496 2716 641 2765 esse,
678 2715 844 2771 quam
887 2700 1174 2754 sententia:
1202 2714 1230 2752 a
1260 2696 1496 2753 Nicmnis
1530 2696 1787 2752 Patribus
1828 2694 2071 2766 promul-

503 2797 645 2861 gata:
681 2790 1013 2844 contrariam
1043 2802 1166 2843 esse
1207 2787 1432 2841 minime
1465 2785 1850 2841 advertissent.
1883 2782 2072 2852 Neque

495 2881 644 2935 enim
677 2879 1051 2950 praejudicium
1092 2878 1266 2932 ullum
1306 2875 1489 2932 aﬂ‘erri
1520 2876 1697 2946 potuit
1724 2891 1791 2929 ex
1842 2887 2070 2927 numero

497 2987 686 3053 eorum
718 2973 809 3041 qui
841 2969 1071 3025 Arimini
1099 2983 1406 3024 convenere
1434 2982 1448 3019 :
1493 2964 1959 3036 quandoquidem,
1990 2964 2071 3019 uti

497 3076 665 3132 supra
710 3061 969 3127 diximus,
1018 3059 1098 3114 illi
1150 3058 1253 3128 ipsi
1301 3058 1393 3126 qui
1448 3072 1545 3126 per
1591 3055 1839 3111 fraudem
1874 3054 2139 3144 cederec

497 3151 902 3221 aliquantulum
933 3150 1034 3204 visi
1068 3159 1217 3212 sunt,
1257 3155 1442 3218 postea
1472 3147 1922 3216 mi-liorejndicio
1951 3148 2061 3212 usi,

494 3258 558 3296 ea
589 3232 692 3298 Sibi
722 3241 1016 3308 displicere
1053 3242 1235 3293 testati
1267 3249 1413 3292 sunt.
1442 3237 1708 3306 Perspicit
1753 3238 1915 3307 igitur
1944 3240 2063 3292 sin-

493 3333 694 3387 ceritas
722 3339 925 3389 vestra.
947 3330 1088 3384 hanc
1114 3330 1285 3385 solam
1311 3328 1468 3384 iidem
1496 3344 1618 3399 quae
1639 3330 1794 3397 juxta
1824 3330 2064 3383 auctori-

494 3432 659 3480 tatem
706 3423 1080 3494 apostolorum
1128 3421 1182 3475 in
1237 3420 1375 3475 urbe
1416 3419 1636 3475 Nicmna
1687 3420 1911 3475 fundata
1954 3427 2063 3484 est,

494 3520 750 3582 perpetua
777 3510 1033 3564 ﬁrmitate
1066 3508 1405 3563 retinendam
1444 3523 1606 3564 esse:
1641 3523 1814 3578 eaque
1840 3496 2063 3578 gloriari

490 3605 780 3660 nobiscum
811 3609 925 3656 tum
965 3600 1277 3656 Orientales
1312 3602 1403 3671 qui
1459 3600 1625 3673 25.8
1664 3616 1724 3656 se
1767 3600 2067 3655 catholicos

492 3708 613 3749 esse
654 3694 999 3762 proﬁtentur,
1048 3699 1161 3745 tum
1196 3690 1598 3747 Occidentales.
1643 3691 1930 3746 Credimus
1969 3706 2067 3745 au—

505 3793 615 3840 tem
663 3784 905 3837 futurum
945 3783 1119 3846 brevi,
1153 3791 1213 3837 ut
1243 3785 1335 3855 qui
1369 3786 1472 3838 alia
1500 3770 1767 3848 sentiunt,
1798 3800 1828 3839 a
1872 3793 2065 3841 nostra

492 3874 880 3931 communione
913 3883 1256 3942 separentur,
1286 3874 1472 3928 ablato
1496 3875 1635 3944 ipsis
1674 3877 2064 3945 episcoporum

500 3960 762 4015 nomine:
811 3960 885 4013 ita
925 3969 981 4012 ut
1026 3959 1212 4029 populi
1242 3961 1523 4017 ab~errore
1552 3963 1796 4031 ipsorum
1846 3964 2065 4019 liberati

390 4052 397 4057 ’
492 4055 761 4125 respirare
801 4051 1033 4122 possint.
1069 4051 1231 4106 Nullo
1276 4051 1422 4107 enim
1454 4051 1616 4108 modo
1645 4067 1885 4109 errorem
1924 4056 2064 4109 mul-

489 4147 743 4204 titudinis
769 4144 1042 4216 corrigere
1093 4152 1374 4214 poterunt,
1409 4159 1534 4200 eum
1585 4143 1687 4215 ipsi
1728 4160 1918 4202 errore
1956 4147 2064 4201 im-

2181 519 2530 581 διδασκαλίας
2564 517 2958 587 διανοουμένων
2994 513 3070 585 μὴ
3113 510 3575 584 παρολισθαίνειν,
3630 507 3778 563 ἀλλὰ

2181 610 2491 679 καὶμᾶλλον
2511 610 2620 663 τῶν
2640 609 2897 679 Πατέρων
2917 608 2951 678 ἡ
2959 606 3075 677 μῶν
3104 605 3355 675 κατέχειν
3380 602 3479 674 τὴν
3509 599 3775 671 γνώμην,

2180 699 2367 763 ὁσάκις
2389 700 2455 753 ἂν
2476 700 2751 770 διαφόροις
2776 699 2993 769 βουλαῖς
3008 697 3433 769 περιφέρωνται.
3453 693 3776 765 Τοιγαροῦν

2179 791 2466 857 Δύξέντιον
2511 791 2603 843 τὸν
2641 790 2987 844 Μεδιολάνων
3039 787 3332 853 ἐξαιρέτως
3380 789 3440 840 ἐν
3471 788 3659 857 τούτῳ
3695 786 3775 851 τῷ

2181 881 2466 951 πράγματι
2497 879 2928 950 κατακεκρίσθαι
2955 879 3390 949 προγέγραπται.
3428 872 3734 931 Δίκαιονῶ
3752 895 3776 929 δ

2180 970 2321 1034 ἐστι,
2356 971 2563 1034 πάντας
2594 971 2718 1034 τοὺς
2752 971 2809 1022 ἐν
2851 969 2928 1040 τῷ
2965 969 3250 1039 Ῥωμαίων
3285 969 3475 1039 κόσμῳ
3504 969 3776 1022 διδασκά-

2178 1058 2303 1123 λους
2329 1063 2672 1132 ὁμοφρονετν,
2714 1061 2809 1113 καὶ
2843 1059 2916 1131 μὴ
2949 1060 3223 1133 διαςόροις
3251 1059 3634 1123 διδασκαλίαις
3665 1061 3772 1131 τὴν

2154 1152 2360 1207 -πίστιν
2388 1153 2643 1223 μιαίνειν.
2667 1156 2777 1208 Καὶ
2814 1156 2923 1226 γὰρ
2947 1153 3109 1224 ἡνίκα
3142 1150 3410 1223 πρῶτονή
3444 1150 3623 1205 κακία
3657 1157 3777 1209 τῶν

2178 1243 2470 1313 αίρετικῶν
2518 1245 2785 1313 ἀκμάζειν
2834 1242 3058 1317 ἤρξατο,
3103 1243 3178 1307 ὡς
3222 1243 3315 1298 καὶ
3354 1242 3448 1294 νῦν
3497 1242 3774 1313 μάλιστα,

2176 1335 2312 1406 ὅπερ
2338 1335 2526 1405 ἀπείη,
2556 1335 2666 1389 τῶν
2689 1336 2979 1408 ’Δρειανῶν
3008 1337 3041 1407 ἠ
3073 1335 3407 1405 βλασφημία,
3436 1336 3487 1388 οί
3522 1335 3774 1405 πατέρες

2164 1425 2333 1494 ’ἡμῶν
2364 1427 2665 1496 τριακόσιοι
2692 1426 2823 1480 δέκα
2858 1428 2952 1481 καὶ
2972 1425 3116 1479 ὁκτὼ
3140 1426 3430 1491 ἐπίλεκτοι,
3465 1427 3526 1478 ὲν
3550 1426 3774 1496 Nimia.

2176 1515 2466 1585 γενομένου
2494 1518 2828 1587 σκέμματος,
2852 1517 3009 1570 τοῦτο
3032 1516 3093 1570 τὸ
3109 1518 3285 1588 τεῖχος
3310 1517 3635 1570 ὑπεναντίον
3657 1516 3773 1570 τῶν

2176 1598 2356 1658 ὅπλων
2388 1606 2481 1660 τοῦ
2510 1607 2756 1662 διαϐόλου
2790 1607 3015 1680 ὥρισαν,
3059 1608 3154 1662 καὶ
3199 1609 3371 1680 ταύτῃ
3395 1611 3460 1679 τῇ
3492 1608 3771 1678 ἀντιδότῳ

2177 1694 2247 1747 τά
2273 1694 2546 1764 θανάσιμα
2574 1698 2840 1769 φάρμακα
2861 1696 3179 1751 ἀπεώσαντο
3202 1713 3217 1727 ·
3245 1695 3383 1749 ὥστε
3407 1696 3498 1749 τὸν
3532 1695 3768 1765 Πατέρα

2106 1751 2152 1808 Β
2178 1785 2272 1838 καὶ
2304 1786 2395 1839 τὸν
2428 1751 2740 1859 Υίὺνίμίάς
2772 1788 3041 1859 θεότητος,
3078 1789 3207 1858 μιᾶς
3235 1787 3453 1858 ἀρετῆς.
3511 1788 3608 1839 καὶ
3641 1751 3767 1851 é‘v'bs

2179 1875 2459 1945 χρήματος
2488 1875 2563 1947 (7)
2598 1877 2985 1931 πιστεύεσθαι·
3026 1876 3134 1949 χρὴ
3172 1877 3228 1931 δὲ
3270 1879 3367 1948 τῆς
3394 1878 3601 1948 ταύτης
3628 1878 3764 1930 ὕπο-

2178 1967 2421 2031 στάσεως
2459 1968 2551 2020 καὶ
2583 1968 2643 2021 τὸ
2680 1967 2902 2039 Πνεῦμα
2933 1969 2994 2023 τὸ
3033 1968 3185 2037 ᾶγιον
3216 1968 3516 2023 πιστεύειν.
3568 1968 3682 2022 Τὸν
3704 1970 3763 2023 δὲ

2176 2057 2350 2122 ἄλλως
2378 2058 2699 2129 φρονοῦντα,
2741 2060 3015 2133 ἀλλότριον
3045 2057 3185 2114 εἶναι
3208 2061 3305 2130 τῆς
3338 2061 3618 2132 ἡμετέρας
3640 2078 3758 2114 κοι-

2175 2149 2371 2211 νωνίας
2398 2150 2713 2220 ἐκρίναμεν.
2766 2154 2975 2222 ὐνπερ
3005 2150 3318 2224 σωτηριὼδη
3357 2153 3505 2222 ὅρον,
3535 2152 3632 2205 καὶ
3658 2154 3760 2224 τὴν

2177 2241 2555 2313 προσκυνητὴν
2587 2241 2782 2312 σκέψιν
2826 2243 2971 2307 τινὲς
3006 2244 3193 2314 μιᾶναι
3227 2243 3526 2314 ἠθέλησαν.
3593 2245 3759 2298 Ἀλλά

2174 2332 2233 2383 ὲν
2259 2331 2395 2403 αὐτῇ
2424 2335 2490 2403 τῇ
2517 2334 2681 2404 ἀρχῇ,
2710 2334 2805 2388 ἀπ’
2828 2334 3009 2389 αὐτῶν
3031 2334 3233 2388 τούτων
3269 2334 3469 2398 οἵτινες
3488 2333 3654 2388 τοῦτο
3698 2339 3759 2389 ἐν

2187 2420 2447 2492 Ἀριμίνῳ
2482 2421 2910 2489 ἀνανεώσασθαι,
2942 2423 2974 2494 ἢ
3003 2423 3320 2494 ψηλαφῆσαι
3348 2424 3755 2494 ἠναγκάζοντο,

2178 2510 2339 2581 μέχρι
2366 2511 2553 2565 τούτου
2585 2511 2868 2583 διωρθώθη
2898 2513 2974 2576 ὡς
3016 2514 3294 2584 ὁμολογεῖν
3343 2515 3548 2578 αὐτοὺς
3589 2514 3757 2587 ἑτέρᾳ

2172 2605 2281 2656 τινὶ
2320 2603 2551 2669 διαλέξει
2581 2604 2951 2675 ὑφαρπάσθαι,
3003 2606 3084 2659 ὅτι
3136 2606 3235 2659 οὐκ
3269 2606 3502 2675 ἐνόησαν
3552 2610 3619 2678 τῇ
3646 2608 3759 2659 τῶν

2174 2694 2435 2766 Πατέρων
2475 2694 2669 2767 γνώμῃ
2712 2698 2777 2766 τῇ
2833 2696 2892 2747 ὲν
2935 2696 3142 2768 Νικαίᾳ
3188 2697 3435 2768 ἀρεσάσῃ
3505 2697 3758 2750 ἐναντίον

2173 2780 2331 2840 εἶναι.
2362 2786 2495 2839 Οὐδὲ
2525 2786 2632 2858 γὰρ
2671 2788 2955 2859 πρόκριμά
2984 2805 3038 2841 τι
3083 2786 3322 2859 ἠδυνήθη
3350 2788 3613 2856 γενέσθαι
3646 2789 3763 2841 duo

2173 2876 2268 2930 τοῦ
2308 2877 2539 2948 ἀριθμοῦ
2572 2878 2678 2931 τῶν
2715 2881 2772 2931 ὲν
2826 2879 3086 2950 Ἀριμίνῳ
3130 2878 3543 2949 συναχθέντων,
3588 2880 3755 2933 ὁπότε

2178 2970 2505 3041 συνέστηκε,
2560 2971 2697 3041 μήτε
2736 2970 2830 3024 τοῦ
2873 2971 3155 3042 Ῥωμαίων
3197 2970 3518 3032 ἐπισκόπου,
3554 2965 3618 3024 οὗ
3646 2971 3756 3039 πρὸ

2174 3058 2392 3112 πάντων
2415 3059 2519 3112 ἔδει
2540 3059 2636 3130 τὴν
2666 3060 2889 3132 γνώμην
2924 3061 3262 3127 ἐκδέξασθαι,
3298 3060 3752 3126 οὗτεΒικεντίου,

2169 3147 2227 3210 ὃς
2254 3151 2346 3202 ἐπὶ
2372 3150 2644 3215 τοσούτοις
2683 3151 2825 3204 ἔτεσι
2863 3152 2981 3223 τὴν
3010 3152 3314 3223 ἐπισκοπὴν
3345 3153 3593 3215 ἀσπίλως
3618 3154 3757 3221 ἐτρύ-

2169 3238 2349 3303 λαξεν,
2386 3240 2508 3293 οὔτε
2541 3242 2647 3294 τῶν
2678 3243 2851 3296 ἄλλων
2896 3247 3008 3306 τοῖς
3038 3243 3297 3306 τοιούτοις
3325 3244 3753 3313 συγκαταθεμέο

2170 3339 2355 3383 νωνν·
2398 3333 2557 3384 ὁπότε
2604 3334 2838 3402 μάλιστα
2880 3333 3061 3397 καθὼς
3104 3336 3534 3404 προειρήκαμεν,
3592 3336 3753 3387 αὐτοὶ

2168 3411 2312 3473 οὗτοι
2357 3420 2552 3485 οἵτινες
2595 3424 2735 3478 κατά
2781 3424 3047 3495 συσκευὴν
3099 3425 3480 3478 ὁποκλίνεσθαι
3534 3425 3747 3492 ἔδοξαν,

2168 3499 2312 3564 οὗτοι
2342 3511 2577 3566 καλλίονι
2606 3515 2797 3586 γνώμῃ
2820 3515 3176 3587 χρησάμενοι,
3202 3516 3537 3587 ἀπαρέσκειν
3562 3518 3749 3582 αὐτοῖς

2166 3601 2336 3655 ταῦτα
2378 3604 2774 3675 ἐμαρτύραντο.
2804 3607 3012 3678 Συνορᾷ
3037 3604 3129 3660 οὖν
3168 3610 3201 3679 ἡ
3232 3609 3474 3680 ὑμετέρα
3504 3610 3748 3682 καθαρό-

2163 3709 2283 3763 της,
2310 3695 2514 3765 ταύτην
2545 3697 2711 3767 μόνην
2739 3698 2837 3769 τὴν
2871 3700 3074 3764 πίστιν,
3102 3701 3224 3769 ἥτις
3267 3702 3325 3754 ἐν
3361 3702 3569 3773 Νικαίᾳ
3601 3703 3751 3756 κατά

2166 3782 2264 3851 τὴν
2295 3783 2579 3837 αύθεντίαν
2603 3786 2711 3838 τῶν
2754 3787 3069 3844 ἀποστόλων
3107 3789 3461 3862 castrensem
3504 3792 3752 3863 διηνεκεῐ

2168 3871 2477 3945 βεὸαιότητι
2524 3875 2817 3959 καθεκτέον
2854 3874 3029 3944 εἶναι,
3109 3882 3202 3935 καὶ
3251 3882 3371 3951 μεθ’
3412 3883 3574 3953 ἡμῶν
3617 3887 3748 3950 τοὺς

2180 3969 2553 4033 Ἀνατολικοὺς
2594 3971 2791 4035 οἵτινες
2843 3972 3070 4037 ἑαυτοὺς
3127 3977 3229 4042 τῆς
3273 3975 3567 4047 καθολικῆς
3605 3973 3747 4031 εἶναι
3834 3972 3853 3989 ⁶

2163 4060 2606 4129 ὲπιγινώσκουσι,
2640 4064 2764 4127 τοὺς
2793 4063 2849 4117 δὲ
2874 4065 3122 4130 δυτικοὺς
3152 4065 3229 4137 (8)
3261 4068 3589 4136 καυχᾶσθαι.
3647 4071 3746 4123 Πι-

2172 4151 2434 4221 στεύομεν
2479 4150 2536 4205 δὲ
2576 4152 2677 4208 οὐκ
2726 4154 2806 4217 είς
2848 4155 3067 4226 μακρὰν
3113 4155 3237 4220 τοὺς
3283 4154 3419 4215 ἄλλα
3462 4158 3743 4225 νοοῦντας,

1683 4322 1953 4381 VALESII
1984 4322 2537 4386 ANNOTATIONES.

561 4418 640 4486 (5)
699 4418 955 4482 Οίκείιιις
1008 4417 1363 4485 ἑρμηνείαις.
1432 4413 1629 4470 Totum
1684 4416 1830 4470 hunc
1886 4419 2064 4472 locum

2171 4421 2314 4498 libro
2351 4422 2593 4498 secundo
2633 4422 2901 4498 ⁵Ηίθεοι-ζα»
2940 4439 3062 4493 cap.
3096 4423 3188 4491 ει,
3229 4428 3428 4485 rectior
3458 4429 3738 4498 scriptura

488 4491 728 4609 [essiiiie
759 4491 917 4569 vertit
967 4486 1192 4567 Graacus
1243 4486 1516 4566 interpres
1598 4486 1765 4552 hujus
1795 4488 2057 4555 epistolae.

536 4567 683 4609 atina
728 4557 947 4609 quidem
992 4557 1221 4609 euistola
1268 4570 1351 4609 ste
1400 4556 1610 4609 habet:
1648 4556 1750 4609 Sed
1782 4553 2057 4609 Gallorum

2171 4490 2398 4545 habetur
2436 4493 2599 4561 liujus
2633 4494 2758 4557 loci,
2789 4495 2897 4549 τῶν
2922 4486 3137 4563 σκᾶιαίς
3174 4486 3527 4571 κεχρημένων
3564 4486 3739 4573 έρμη-

2171 4560 2304 4609 ιξαις
2330 4561 2698 4609 ἀνθίστασθαι-
2731 4574 2835 4609 μιν-

536 4559 683 4610 atina
728 4557 947 4625 quidem
992 4557 1221 4624 epistola
1268 4555 1351 4610 sic
1392 4553 1563 4626 liabet
1596 4571 1610 4609 :
1648 4556 1750 4610 Sed
1782 4553 2057 4612 GaIlorum

2171 4560 2304 4623 siam;
2330 4553 2698 4626 ἀνθίστασθαι,
2731 4553 2836 4620 etc.

488 4635 642 4694 atque
709 4627 1066 4681 Venetensium
1105 4628 1331 4692 fratrum
1384 4625 1638 4678 relatione
1687 4628 2058 4694 comperimus,

489 4698 767 4749 nomiullos
795 4712 898 4750 non
915 4695 1126 4749 Itwresis
1147 4695 1358 4755 studio;
1388 4710 1548 4762 neque
1568 4695 1708 4747 enim
1729 4695 1824 4749 hoc
1852 4706 2058 4750 tantum

487 4763 618 4814 mali
638 4765 821 4818 cadere
848 4766 903 4818 in
934 4764 1035 4817 Dei
1092 4764 1360 4817 antistites
1412 4772 1620 4831 potest;
1675 4768 1763 4817 sed
1820 4766 2054 4828 inscitia,

488 4833 566 4885 sel
598 4848 663 4885 ea:
691 4835 1026 4901 simplicitate
1042 4833 1295 4899 quadam,
1321 4833 1501 4885 scwvis
1535 4835 2056 4899 interpretationibus

486 4912 791 4966 wstuantes,
815 4920 918 4954 non
971 4903 1102 4956 satis
1155 4902 1407 4972 dispicere
1454 4917 1571 4971 qua:
1612 4903 1779 4972 magis
1829 4903 2056 4958 Patrum

486 4979 783 5025 nostrorum
806 4973 882 5043 sit
912 4973 1133 5043 tenenda
1158 4968 1434 5043 sententia,
1457 4968 1575 5024 cum
1592 4968 1803 5043 .dive'rsa
1833 4976 2057 5028 consilia

482 5055 665 5095 eorum
695 5040 921 5113 auribus
968 5042 1319 5113 ingerantur.
1346 5040 1602 5113 Graecus
1629 5043 1897 5111 interpres
1958 5061 2055 5113 pro

484 5113 665 5164 serenis
695 5110 839 5181 Quod
872 5109 1015 5162 idem
1050 5113 1195 5181 valet
1239 5110 1319 5164 ac'
1354 5112 1611 5175 sinistris,
1664 5109 1856 5181 legisse
1896 5109 2048 5168 vide-

2238 4630 2311 4709 ςθ)
2354 4631 2487 4709 Ἆιξὸ
2517 4628 2653 4709 οὖν.
2678 4631 2917 4709 [lectius
2934 4638 3080 4709 apud
3107 4636 3499 4709 Trlicodoritum
3532 4638 3734 4709 legitur

2164 4699 2513 4778 ἀνθίστασθαι
2558 4702 2667 4756 ἀπὸ
2713 4704 2805 4758 τοῦ
2859 4699 3286 4778 νῦν’διαφὸρους
3338 4699 3733 4771 διδασκαλίαις.

2164 4769 2593 4839 διανοουμένους,
2624 4782 2729 4828 etc.

2236 4837 2312 4919 (.7)
2344 4837 2509 4906 Ἐνὸς
2549 4841 2870 4919 χρήματος.
2905 4845 3059 4916 Apud
3108 4844 3496 4919 Tlteodoritum
3539 4847 3734 4919 melius

2164 4908 2385 5047 ἔξειμιιῇ
2386 4908 2749 4983 χαρακτῆρος.
2782 4908 3017 4971 Certe-in
3042 4917 3275 4987 epistola
3306 4915 3501 4971 Latina
3533 4918 3735 4988 legitur

2216 4996 2318 5032 nus
2390 4996 2551 5047 gurrv.
2760 5010 2765 5015 -

2163 4993 2318 5032 unius
2349 4993 2551 5047 pgnrrv.
2760 5010 2765 5015 -

2234 5048 2312 5130 (ξ)
2369 5049 2513 5130 Τοξις
2546 5049 2614 5103 δὲ
2634 5050 2984 5130 ﬁnem-orig
3017 5054 3374 5130 Scribcndum
3420 5061 3506 5130 es}
3541 5056 3731 5130 procul

2160 5117 2326 5171 dubio
2369 5118 2493 5181 τούς
2521 5136 2579 5172 τε
2629 5117 3025 5187 δυτικούςξδὶα
3071 5128 3218 5180 enim
3271 5126 3431 5179 liabet
3472 5117 3730 5178 Latinum

486 5191 579 5261 tur
611 5179 744 5235 suis.
770 5179 1117 5261 'Vertitfniru
1136 5180 1387 5261 οίκεξαις,
1419 5179 1844 5261 inagna-errore:
1872 5182 1978 5261 Sed
1996 5192 2049 5238 et
2155 5190 2432 5261 exemplar
2462 5179 2625 5259 liujus
2646 5179 2911 5261 cpistola).
2948 5193 3064 5249 [lac
3084 5179 3365 5249 nobiscum
3405 5193 3729 5259 Orientales,

485 5251 690 5321 reliqua
714 5249 931 5303 minime
944 5249 1236 5321 intellexit.
1251 5248 1449 5321 Verum
1473 5248 1730 5304 incndice.
1748 5251 2050 5307 Fuketiano

2156 5258 2245 5335 qni
2268 5275 2323 5335 se
2358 5258 2645 5315 catholicos
2681 5258 3071 5335 recognoscant,
3110 5264 3582 5335 Occidentemque
3616 5258 3731 5335 glo?

482 5318 641 5375 aliter
658 5322 919 5376 scribitur
942 5320 1026 5371 hic
1049 5318 1222 5381 locus,
1248 5319 1351 5373 lioc
1371 5320 1581 5373 scilicet
1601 5322 1761 5373 modo
1784 5340 1796 5375 :
1818 5324 2051 5384 είκαίαις
2124 5368 2129 5373 .
2159 5318 2312 5379 riari.

480 5392 768 5462 έρμηνίαις
816 5389 1183 5443 ἀνθίστανται.
1221 5386 1325 5443 Sed
1380 5389 1519 5459 apud
1571 5388 1959 5445 Tlieodoritum
1994 5392 2048 5444 in

1885 5540 2272 5600 VABIORUM.

552 5647 579 5673 ν
631 5638 831 5690 Ὁπότε
880 5636 1308 5702 cruentatus...

484 5708 785 5776 supplenda
816 5717 896 5761 est
923 5724 987 5762 ex
1018 5706 1372 5771 'l‘licodorito,
1405 5705 1496 5759 lib.
1529 5718 1591 5770 ll,
1627 5718 1750 5773 cap.
1791 5702 1880 5755 22.

1370 5631 1919 5709 συγκαταθεμένων.
1950 5632 2069 5690 llor‘

2192 5640 2473 5692 \crEoium
2531 5639 2928 5709 interpretatio,
2998 5636 3274 5695 aValesio
3343 5636 3429 5691 bic
3494 5634 3720 5701 omissa,
