4054 6188
372 283 512 338 1555

1348 289 1668 348 HISTORIA
1707 292 2250 354 ECCLESIASTICA.
2275 330 2344 340 -—
2367 301 2496 358 LIB.
2528 303 2618 362 VI.

3498 313 3520 367 I
3531 317 3628 371 55-!

370 398 509 468 αὐτῇ
559 401 625 468 τῇ
671 398 1008 472 ἐπιχειρήσει
1043 404 1152 457 ἀπὸ
1189 406 1287 476 τῆς
1338 408 1611 479 ἡμετέρας
1667 411 1925 464 κοινωνίαε

2048 414 2340 484 plicentur.
2379 417 2587 475 Vestrae
2633 420 2801 492 igitur
2847 433 3167 480 reverentiae
3201 427 3472 496 Judicium
3506 443 3630 483 cum

370 490 806 561 χωρισθήσεσθαι
857 494 1037 547 αὐτῶν
1073 497 1150 563 (9)
1194 499 1254 551 τὸ
1283 501 1376 552 τοῦ
1410 503 1708 556 ἐπισκόπου
1735 503 1906 573 ὄνομα
1932 519 1944 532 ·

369 581 510 635 ὥστε
560 581 685 645 τοὺς
721 582 884 646 λαοὺς
931 585 1109 641 αὐτῶν
1168 589 1269 660 τῆς
1314 591 1520 663 πλάνης
1558 593 1950 664 ἐλευθερωθέν-

367 688 488 735 τας,
533 673 891 728 ἀναπνεῦσαι.
960 677 1150 732 Ούδενὶ
1183 680 1289 752 γὰρ
1320 683 1504 752 τρόπῳ
1541 683 1828 752 διορθῶσαι
1860 683 1951 736 δυ-

369 766 624 836 νήσονται
661 765 760 837 τὴν
800 767 1008 840 πλάνην
1046 771 1154 824 τῶν
1205 771 1394 842 ὄχλων,
1430 775 1592 826 ὁπότε
1644 776 1798 828 αὐτοὶ
1844 776 1949 829 ὐπὸ

2056 505 2304 560 omnium
2356 507 2703 564 sacerdotum
2746 511 2955 580 judicio
3008 518 3354 572 consentiat:
3410 517 3464 571 in
3522 533 3631 588 qua

2057 593 2161 650 ﬁde
2215 611 2314 651 vos
2377 599 2600 655 stabiles
2655 608 2710 656 et
2761 602 2948 658 ﬁrmos
2999 619 3221 660 n'ianere
3276 609 3626 664 conlidimus.

2056 685 2167 742 Nos
2212 703 2342 743 vero
2383 689 2457 744 ita
2492 691 2775 747 vobiscum
2818 694 3047 750 credere
3096 707 3366 764 Oportere.
3421 703 3629 756 mutuis

2054 777 2343 834 charitatis
2368 790 2568 837 vestrae
2595 783 2794 840 litteris
2820 785 2888 839 ad
2918 801 3021 842 nos
3046 786 3190 843 datis
3222 789 3516 846 ostendite.

368 852 469 921 τῆς
503 852 712 926 πλάνης
747 855 1088 926 κατέχονται.
1124 861 1490 931 Συμφωνείτω
1535 859 1627 917 οὖν
1672 864 1810 934 μετά
1875 865 2092 919 πάντων
2121 866 2230 918 τῶν
2261 867 2356 922 τοῦ
2385 870 2518 924 Θεοῦ
2547 873 2770 944 ἱερέων,
2818 876 2914 930 καὶ
2952 879 3051 948 τῆς
3110 879 3381 950 ὑμετέρας
3447 887 3640 951 τιμιό-

368 965 529 1019 τητος
562 947 833 1020 ἡγνὼμη,
867 951 924 1003 ἐν
959 945 993 1022 ᾖ
1031 952 1176 1023 ὑμᾶς
1207 955 1394 1023 ἁγίους
1419 956 1510 1008 καὶ
1544 957 1796 1027 βεϐαίους
1866 958 1980 1028 (l0)
2020 959 2366 1032 πιστεύομεν.
2439 967 2561 1019 Ὅτι
2636 969 2692 1021 δὲ
2735 969 2907 1035 οὕτως

367 1040 643 1094 πιστεύειν
688 1041 1000 1112 ὀφείλομεν,
1043 1048 1155 1110 τοῖς
1188 1048 1498 1117 ἀμοιϐαίοις
1530 1050 1627 1118 τῆς
1673 1050 1943 1121 ὑμετέρας
1981 1051 2200 1127 ἀγάπης
2229 1056 2615 1123 ἐπιδείξασθαι.

950 1135 1201 1191 ΚΕΦΑΛ.
1253 1138 1375 1193 ΚΔ¹.

365 1225 506 1294 Περὶ
548 1224 656 1304 τςιξ
683 1225 872 1304 Διξγιόυ
913 1225 1292 1304 ᾉμϐροίζίρυ,
1345 1229 1506 1304 ὁπως
1549 1234 1635 1304 εις
1673 1232 1949 1304 ἀρχιερέα

435 1295 934 1366 προεϐλήθη,ίκαὶ
971 1298 1244 1352 εὐσεϐεῖν
1287 1299 1432 1364 τοὺς
1477 1295 1668 1366 λαοὺς
1706 1295 1948 1357 ἆὶῖέἀει-

433 1380 568 1440 σςν·
640 1365 726 1440 ἔτι
756 1365 844 1440 δὲι
858 1367 1121 1440 και-περί
1153 1367 1274 1422 τῶν
1298 1370 1370 1424 ἐν
1406 1373 1628 1440 Φρυγίᾳ
1651 1365 1948 1428 Ναυατια-

432 1435 576 1500 νῶν,
611 1435 710 1488 καὶ
741 1435 848 1490 τοῦ
883 1436 1122 1505 Πάσχα.

432 1529 494 1580 Οἱ
522 1526 622 1597 μὲν
650 1523 743 1579 οὖν
775 1526 913 1597 πρὸς
951 1526 1102 1582 δύσιν
1137 1530 1302 1600 ἱερεῖς
1343 1527 1444 1585 ὦδε
1479 1531 1786 1601 φθάσαντες
1814 1535 1940 1599 τοὺς

360 1615 490 1686 παρ’
519 1615 701 1677 αὐτοῖς
731 1615 1177 1687 νεωτερίζοντας,
1221 1620 1495 1690 ἐπιμελῶς
1525 1623 1818 1692 ἐφύλαττον
1843 1627 1939 1696 τὴν

359 1705 601 1777 ἀρχῆθεν
622 1706 1018 1778 παραδοθεῖσαν
1039 1710 1221 1774 αὐτοῖς
1245 1711 1447 1769 πίστιν.
1483 1715 1574 1778 Ὠς
1595 1717 1792 1787 κομιδῇ
1823 1717 1937 1770 ὀλί-

357 1815 488 1866 γους
521 1796 706 1851 ἐνθάδε
739 1798 1077 1869 ἑτεροδόξους
1099 1800 1372 1869 γενέσθαι,
1407 1804 1503 1858 καὶ
1525 1805 1710 1876 σχεδὸν
1744 1808 1939 1876 μόνους

354 1891 480 1952 τοὺς
530 1891 676 1960 ἀμφὶ
715 1889 806 1943 τὸν
833 1890 1140 1955 Αὺξέντιον.
1201 1895 1316 1947 Οὐκ
1358 1897 1438 1960 εἰς
1485 1899 1702 1969 μακρὰν
1739 1898 1797 1952 δὲ
1843 1900 1939 1954 ποια)⁸

353 1972 513 2044 οὗτος
560 1980 801 2034 ἐκποδὼν
853 1983 1071 2051 ἐγένετο
1100 2002 1114 2015 ·
1173 1985 1593 2056 τελευτήσαντος
1639 1990 1697 2042 δὲ
1745 1991 1933 2056 αὑτοῦ,

353 2071 644 2136 ἐστασίαζε
679 2073 740 2125 τὸ
778 2072 1000 2144 πλῆθος,
1040 2075 1102 2127 ού
1150 2078 1240 2129 τὸν
1283 2077 1446 2130 αὐτὸν
1485 2079 1798 2149 αἱρούμενοι
1839 2080 1937 2151 τὴν

354 2163 698 2216 Μεδιολάνων
754 2163 1081 2238 Ἐκκλησίαν
1133 2169 1452 2222 ἐπισκοπεῖν
1475 2186 1489 2200 ·
1551 2171 1642 2223 καὶ
1691 2172 1723 2242 ἡ
1780 2171 1936 2234 πόλις

353 2255 712 2310 ἐκινδύνευεν.
777 2258 1038 2311 Ἕκαστοι
1096 2260 1206 2330 γὰρ
1251 2260 1614 2329 ἀποτυχόντες
1674 2262 1932 2330 ἠπείλουν

353 2351 527 2401 ποιεῖν
564 2348 600 2402 ἃ
635 2348 776 2416 φιλεῖ
805 2348 1058 2418 γίνεσθαι
1092 2353 1148 2404 ὲν
1185 2354 1306 2415 ταῖς
1339 2352 1616 2416 τοιαύταις
1641 2358 1926 2426 ταραχαῖς.

351 2441 545 2504 Δείσας
574 2442 630 2494 δὲ
665 2442 764 2512 τὴν
788 2442 880 2496 τοῦ
911 2443 1082 2514 δήμου
1108 2443 1326 2514 κίνησιν
1361 2445 1704 2516 ’Λμϐρόσιος,
1741 2447 1770 2496 ὁ
1806 2446 1927 2499 τότε

351 2532 444 2585 τοῦ
489 2532 674 2596 ἔθνους
718 2534 1049 2604 ἡγούμενος,
1095 2533 1264 2588 ἐλθὼν
1317 2537 1395 2598 είς
1448 2535 1548 2606 τὴν
1608 2535 1927 2606 ἐκκλησίαν,

351 2623 704 2676 συνεϐούλευε
737 2624 1004 2678 παύεσθαι
1041 2626 1138 2696 τῆς
1169 2626 1364 2698 ἔριδος,
1409 2627 1588 2697 νόμων
1617 2627 1931 2697 ὑπομιμνή-

349 2727 517 2776 σκων,
562 2715 813 2784 ὁμονοίας
838 2733 895 2769 τε
919 2717 1012 2770 καὶ
1042 2717 1152 2770 τῶν
1175 2717 1282 2771 ἀπὸ
1314 2717 1412 2788 τῆς
1429 2718 1655 2789 εἰρήνης
1684 2717 1925 2786 ἀγαθῶν.

347 2808 516 2860 Οὔπω
556 2805 612 2858 δὲ
654 2806 816 2860 αὐτοῦ
866 2808 1219 2878 παυσαμένου
1259 2809 1389 2880 περ)⁸
1433 2809 1638 2863 τούτων
1685 2808 1928 2878 δημηγο-

349 2899 498 2969 ρεῖν,
552 2897 812 2969 ἐξαπίνης
853 2899 1051 2962 πάντες
1102 2899 1362 2970 ἀφέμενοι
1410 2899 1510 2969 τῆς
1567 2899 1704 2970 πρὸς
1764 2899 1927 2969 ἀλλή-

348 2997 471 3052 λους
509 2990 697 3060 ὀργῆς,
747 2991 831 3042 ἐπ’
861 2990 1024 3043 αὐτὸν
1067 2990 1159 3043 τὸν
1207 2989 1504 3061 σύμϐουλον
1536 2991 1634 3062 τῆς
1675 2989 1924 3060 ὁμονοίας

2955 973 3116 1044 ἡμεῖς
3155 975 3274 1045 μεθ’
3319 976 3472 1047 ὑμῶν
3514 977 3623 1046 (l-I)

2637 1150 2790 1206 CAP.
2840 1152 3032 1208 XXIV.

2047 1231 2126 1287 De
2167 1246 2349 1290 sancto
2387 1237 2688 1319 Ambrosio,
2737 1261 2843 1319 qua
2896 1247 3102 1319 ratione
3141 1248 3219 1319 ad
3257 1249 3620 1319 episcopatum

2115 1311 2507 1382 proritatursit,
2541 1321 2590 1364 et
2613 1311 2834 1380 populos
2864 1316 2948 1382 pie
2967 1319 3160 1370 sentire
3187 1311 3444 1375 docuerit:
3483 1318 3619 1374 Item

2117 1375 2180 1428 de
2213 1375 2531 1433 Novatianis
2565 1375 2622 1435 iri
2650 1375 2914 1454 Phrygia,
2944 1395 2992 1439 et
3023 1389 3086 1440 de
3117 1389 3202 1440 die
3235 1387 3476 1444 Paschw.

2120 1530 2232 1586 Hoc
2275 1535 2438 1589 modo
2487 1538 2858 1596 occidentales
2899 1542 3175 1612 episcopi,
3217 1557 3342 1597 cum
3391 1559 3488 1600 eos
3523 1547 3616 1615 qui

2043 1621 2210 1678 rebus
2262 1627 2417 1680 novis
2467 1628 2610 1697 apud
2661 1630 2810 1701 ipsos
2854 1633 3150 1687 studebant
3199 1636 3613 1702 praevenisscnt.

1969 1750 2013 1805 Β
2045 1713 2202 1768 ﬁdem
2246 1716 2350 1770 sibi
2394 1717 2464 1772 ab
2502 1719 2659 1774 initio
2706 1721 2965 1776 traditam
3016 1723 3264 1777 studiose
3319 1739 3617 1779 conserva-

2040 1816 2170 1860 runt
2201 1808 2240 1870 ¹,
2290 1808 2430 1862 adeo
2463 1818 2522 1863 ut
2554 1813 2713 1881 pauci
2754 1813 3049 1867 admodmn
3098 1814 3151 1867 in
3208 1815 3318 1870 illis
3363 1817 3613 1886 partibus

2037 1911 2194 1953 nova:
2214 1897 2479 1956 doctrinae
2512 1911 2814 1958 sectatores
2838 1904 3062 1971 fuerint,
3079 1922 3142 1961 ac
3168 1909 3319 1963 solus
3347 1908 3459 1964 fere
3484 1925 3610 1963 cum

2038 1983 2155 2037 suis
2203 1986 2532 2043 Auxentius.
2575 1987 2696 2053 Quo
2745 1990 2968 2058 quidem
3006 2001 3245 2056 mortuo,
3295 1992 3484 2062 ingens
3515 2009 3613 2062 po-

2037 2074 2150 2142 puli
2198 2075 2395 2130 seditio
2443 2086 2637 2138 ,exorta
2683 2089 2790 2143 est,
2823 2095 2947 2134 cum
2984 2096 3092 2135 non
3134 2082 3386 2137 eumdem
3418 2099 3611 2138 omnes

2036 2163 2459 2223 Mediolanensis
2493 2169 2751 2223 Ecclesiae
2784 2171 3090 2227 antistitem
3132 2173 3400 2242 eligerent
3427 2191 3439 2226 :
3472 2183 3612 2228 tota-

2031 2272 2138 2325 que
2163 2257 2358 2313 civitas
2387 2259 2442 2312 in
2474 2261 2862 2330 gravissimum
2889 2263 3196 2332 periculum
3233 2265 3468 2319 adducta
3501 2274 3606 2322 est.

2031 2347 2166 2402 Nam
2203 2350 2295 2418 qui
2335 2352 2609 2420 repulsam
2657 2353 2808 2422 passi
2856 2353 3095 2419 fuerant,
3143 2371 3206 2411 ea
3258 2373 3318 2412 se
3361 2358 3608 2414 facturos

2032 2455 2153 2509 qua:
2200 2442 2254 2495 in
2301 2441 2618 2510 hujusmodi
2664 2445 3171 2514 perturbationibus
3227 2449 3345 2504 fieri
3389 2452 3604 2517 solent,

2031 2533 2234 2603 singuli
2284 2533 2658 2588 minabantur.
2707 2535 3032 2592 Ambrosius
3090 2538 3254 2607 igitur
3315 2541 3407 2607 qui
3476 2550 3607 2596 tunc

2029 2624 2331 2693 provinciae
2375 2636 2558 2680 rector
2597 2635 2747 2691 erat,
2803 2628 3098 2682 tumultum
3151 2631 3336 2699 populi
3374 2633 3602 2698 veritus,

2028 2729 2155 2768 cum
2201 2713 2270 2768 ad
2311 2713 2602 2770 ecclesiam
2644 2715 2927 2778 venisset,
2973 2715 3208 2771 suadere
3261 2717 3430 2786 cmpit
3471 2726 3531 2772 ut
3571 2732 3606 2773 ει

2027 2806 2379 2861 contentione
2421 2805 2769 2873 desisterent,
2816 2808 2964 2879 leges
3015 2810 3122 2864 illis
3176 2809 3231 2864 in
3283 2810 3602 2865 memoriam

2029 2913 2317 2962 revocans,
2344 2907 2401 2953 et
2424 2898 2778 2955 concordiam
2810 2902 3073 2971 pacisque
3101 2902 3242 2958 bona
3267 2903 3347 2958 eis
3373 2903 3446 2959 ob
3467 2919 3602 2959 ocu-

2027 2990 2111 3046 los
2149 3004 2480 3060 proponens.
2519 2990 2618 3045 Vix
2647 2992 2738 3048 ille
2779 2993 2939 3048 ﬁnem
2971 2995 3186 3049 dicendi
3217 2994 3440 3060 fecerat,
3474 3012 3600 3050 cum

346 3081 540 3146 ἄγουσι
591 3082 690 3151 τὴν
734 3082 831 3151 τῆς
879 3083 1183 3153 ἐπισκοπῆς
1238 3082 1438 3152 ψῆφον.
1515 3082 1627 3136 Καὶ
1683 3081 1925 3151 βαπτίζε·

2034 3088 2259 3149 repente
2278 3096 2488 3145 omnes,
2512 3080 2725 3151 abjecto
2758 3091 2960 3137 mutuae
2993 3085 3361 3140 contentionis
3395 3086 3599 3150 studio,

349 3172 473 3224 σθαι
539 3171 1000 3242 παρεκελεύοντο’
1060 3175 1138 3226 ἔτι
1184 3176 1294 3245 γὰρ
1348 3173 1593 3244 ἀμύητος
1649 3168 1736 3243 ἦν.
1811 3173 1921 3226 Καὶ

347 3263 446 3333 τὴν
493 3262 789 3333 ἱερωσύνην
838 3263 1284 3334 παραλαμϐάνειν
1328 3264 1554 3319 ἐδέοντο.
1606 3265 1758 3316 Ἐπεὶ
1794 3264 1850 3317 δὲ
1892 3266 1921 3317 ὁ

349 3356 448 3423 μὲν
499 3358 811 3427 παρῃτεῖτο,
855 3357 948 3410 καὶ
993 3357 1313 3410 ἀνεϐάλλετο
1365 3358 1500 3428 (1‘2),
1550 3357 1645 3411 καὶ
1681 3356 1921 3428 ἀτεχνῶς

353 3445 407 3498 τὸ
445 3449 674 3516 πρᾶγμα
728 3448 1066 3516 ἀπέφευγεν
1118 3451 1147 3502 ὁ
1200 3449 1256 3501 δὲ
1297 3448 1469 3518 δῆμος
1515 3449 1782 3503 ἐπέκειτο.
1827 3448 1920 3501 καὶ

416 3627 430 3660 ¹
463 3626 646 3695 Soer.,
678 3631 773 3685 lib.
811 3646 883 3693 Iv,
911 3645 964 3687 c.
1000 3630 1088 3684 30.

2035 3170 2138 3239 ipsi
2194 3170 2504 3224 concordia:
2568 3172 2785 3226 suasori
2847 3173 3222 3242 episcopatum
3289 3177 3601 3229 communi-

2028 3261 2132 3316 bus
2201 3260 2479 3330 sntl‘ragiis
2548 3261 2850 3328 deferunt,
2920 3263 3202 3320 hortantes
3262 3273 3322 3319 ut
3384 3281 3599 3322 sacrum

2029 3353 2357 3420 baptismum
2408 3355 2715 3424 susciperet
2758 3373 2772 3409 :
2823 3357 3061 3411 nondum
3117 3357 3263 3412 enim
3321 3365 3437 3412 erat
3493 3359 3601 3413 ini-

2029 3446 2194 3502 tiatus
2230 3466 2242 3500 :
2273 3445 2439 3517 249
2469 3461 2832 3518 rogantesque
2871 3458 2931 3505 ut
2959 3451 3251 3507 sacerdotii
3293 3466 3434 3506 onus
3470 3453 3602 3507 sub-

1543 3787 1815 3846 VALESII
1843 3785 2409 3844 ANNO'I'ATIONES.

418 3890 492 3960 (9)
528 3893 1018 3962 Χωρισθήσεσθαι
1067 3893 1286 3949 αὐτῶν.
1325 3895 1480 3965 Apud
1529 3895 1923 3950 Thcodoritum

343 3961 434 4016 hic
453 3965 983 4036 locusemendatius
1009 3965 1224 4036 legitur
1258 3967 1360 4020 hoc
1375 3961 1555 4036 'modo
1581 3985 1592 4020 :
1630 3967 1923 4036 Χωρισθήο

349 4032 537 4104 σεσθαι
559 4034 652 4104 καὶ
702 4051 767 4085 πε
781 4032 1218 4104 ριαιρεθήσέσθαι
1251 4037 1358 4089 ἀπ’
1397 4035 1575 4090 αὐτῶν
1599 4037 1661 4090 τὺ
1683 4032 1777 4090 τοῦ
1805 4032 1926 4089 ἐπὶ·

343 4102 546 4172 σκόπου
576 4102 790 4172 ὄνομα(
809 4104 863 4158 In

344 4171 544 4226 desunt
568 4173 655 4227 hic
677 4171 970 4228 nonnulla.

419 4243 530 4315 (10)
572 4243 794 4315 Ἀγιους
822 4245 920 4297 καὶ
950 4244 1258 4315 βεϐαίους.
1284 4245 1700 4315 ,ϐοηὶ-ςεηᾱιιηι
1732 4259 1814 4302 est
1848 4261 1914 4301 ex

344 4311 678 4385 Theodorito
733 4315 962 4382 παγίους
1007 4317 1102 4367 καὶ
1136 4313 1387 4385 βεϐαίους
1427 4311 1584 4369 εἶναι.
1636 4316 1727 4369 Sic
1768 4317 1912 4369 enim

344 4383 509 4456 habet
561 4382 809 4438 Latinum
849 4382 1172 4456 exemplar:
1226 4383 1292 4438 In
1321 4401 1426 4455 qua
1460 4402 1546 4440 vos
1575 4387 1712 4455 ﬁxos
1759 4395 1914 4456 atque

343 4453 602 4520 ﬁrmatos.
630 4463 735 4508 etc.

2023 3906 2106 3952 est
2165 3911 2385 3952 sensus.
2449 3892 2558 3948 Nec
2608 3891 2732 3957 erit,
2787 3901 2846 3946 ut
2894 3895 3102 3965 opinor_
3136 3883 3450 3962 quisquam.
3504 3894 3595 3961 qui

2023 3983 2133 4021 non
2183 3965 2421 4020 fateatur
2464 3967 2609 4018 hunc
2668 3965 2848 4020 locum
2875 3963 2950 4018 ita
2998 3979 3027 4016 a
3076 3963 3308 4016 Damaso
3332 3965 3594 4028 scriptum

2023 4037 2213 4092 fuisse.
2250 4037 2518 4090 Caeterum
2563 4036 2709 4102 quod
2757 4035 2811 4088 in
2856 4034 3094 4088 editione
3125 4027 3371 4084 Romana
3397 4027 3598 4102 titulus

941 4101 1090 4158 ati'no
1124 4106 1420 4175 exemplari
1471 4107 1634 4175 hujus
1671 4108 1923 4177 epistola:
2020 4107 2188 4172 hujus
2209 4106 2455 4174 epistolae
2475 4101 2713 4177 μετείθη.
2749 4119 2867 4158 eam
2894 4103 3154 4177 scriptam
3183 4116 3305 4177 esse
3323 4101 3598 4170 episcopis

2022 4170 2305 4230 catholicis
2363 4170 2779 4242 per'Orientem
2838 4172 3174 4242 constitutis.
3207 4170 3400 4242 falsum
3436 4177 3521 4223 est
3547 4183 3594 4226 υ.

2025 4240 2379 4314 δοτίριιιίεει
2428 4243 2570 4296 enim
2623 4243 2691 4296 ad
2733 4242 3034 4314 episcopos
3103 4240 3325 4314 ll|y_rici,
3353 4250 3409 4292 ut
3450 4249 3597 4314 recte

2024 4308 2190 4369 habet
2243 4313 2580 4365 Sozomenus
2616 4327 2680 4364 ac
2733 4308 3117 4364 Theoderitns.
3171 4308 3333 4364 Certe
3373 4308 3597 4363 eamad

2023 4384 2329 4439 Orientales
2361 4381 2620 4449 scriptam
2653 4395 2760 4434 non
2794 4396 2936 4439 esse.
2983 4382 3117 4435 satis
3146 4388 3368 4449 apparet
3405 4395 3470 4432 ex
3508 4381 3594 4432 his

2022 4455 2204 4509 verbis
2233 4473 2245 4506 :
2283 4451 2400 4505 Hac
2453 4450 2722 4504 nobiscum
2757 4450 3050 4505 Orientales
3077 4451 3165 4516 qui
3222 4466 3277 4503 se
3307 4449 3592 4503 catholicos

398 4523 446 4591 (ι
463 4503 866 4594 1⁷)Ϊί1ᾑεῖξίμεφ
881 4523 1061 4594 ὑμῶν.
1077 4523 1330 4581 Mendum
1352 4525 1505 4580 estin
1529 4524 1721 4578 Latino
1738 4540 1915 4594 exem-

2028 4503 2889 4594 re—c-ogtioscuat,occidentalesque
2913 4503 3228 4594 gloriariﬂt
3249 4521 3408 4588 paulo
3431 4529 3552 4587 post
3577 4535 3589 4570 :

343 4594 479 4664 piari
506 4593 862 4664 interpretum
881 4593 1045 4663 hujus
1064 4596 1477 4664 cpistolm,quod
1496 4595 1744 4651 Graecum
1767 4593 1915 4649 fefel-

347 4663 437 4732 lit;
463 4664 556 4715 sed
596 4679 816 4732 nequea
851 4663 996 4718 Luca
1033 4663 1310 4720 Holstenio
1333 4667 1773 4720 animadversmn
1806 4671 1909 4718 est.

344 4731 438 4784 Sic
459 4735 604 4806 enim
631 4731 792 4788 habet
815 4734 1066 4806 Latinum
1100 4737 1378 4806 exemplar
1409 4754 1420 4788 :
1445 4733 1511 4788 In
1532 4752 1635 4804 qua
1667 4751 1753 4788 vos
1777 4735 1912 4806 fixos

340 4811 498 4870 atque
509 4804 750 4870 ﬁrmatos
785 4805 980 4858 utbeue
1004 4803 1282 4871 credimus,
1321 4805 1397 4858 ita
1417 4803 1575 4859 etiam
1611 4821 1703 4857 nos
1743 4803 1914 4856 vobis-

339 4887 458 4945 cum
480 4883 614 4945 recte
639 4877 830 4926 sentire
847 4874 1090 4929 debemus
1110 4877 1389 4945 reciprocis
1414 4877 1716 4928 sanctitatis
1734 4885 1917 4928 vestra:

2019 4590 2279 4650 Concinat
2329 4608 2452 4661 ergo
2499 4590 2736 4645 omnibus

2839 4589 2886 4644 ei
2921 4591 3281 4644 sacerdotibus
3333 4599 3382 4643 et
3409 4599 3596 4643 vestra:

2019 4665 2277 4718 sententia
2335 4659 2646 4716 clraritatis.
2685 4661 2789 4716 Ubi
2852 4659 3001 4714 vides
3063 4659 3354 4714 Damasum
3390 4675 3486 4712 eos
3527 4660 3592 4712 ad

2020 4750 2159 4804 quos
2185 4733 2397 4804 scribit,
2433 4732 2772 4804 distinguere
2807 4732 2874 4784 ab
2897 4728 3291 4804 Orientalibus
3327 4737 3388 4804 et
3436 4727 3594 4804 Occi-

2019 4800 2346 4859 dentalibus.
2380 4802 2722 4872 lllyricianos
2744 4800 3168 4872 crgointelligit,
3202 4801 3293 4868 qui
3327 4800 3378 4872 i_n
3409 4801 3594 4872 jnetlio

2019 4883 2175 4928 erant
2199 4873 2385 4942 positi,
2433 4868 2486 4925 id
2524 4879 2608 4926 est
2640 4872 2782 4924 inter
2807 4868 3113 4925 Orientales
3139 4879 3300 4938 atque
3325 4868 3596 4924 Occiden-

342 4943 533 4996 litteris
569 4945 878 5014 approbare.
909 4946 964 4998 In
1011 4943 1225 5014 quibus
1254 4946 1437 5000 verbis
1474 4947 1657 5000 nullus
1689 4945 1916 4998 Omnino
2017 4945 2175 5014 tales.

340 5026 543 5085 sensus
563 5023 670 5085 est.
689 5012 801 5068 Nos
832 5031 960 5085 vero
981 5012 1084 5085 ope
1103 5031 1166 5069 ac
1191 5015 1440 5070 subsidio
1465 5015 1673 5069 critica:
1689 5022 1913 5076 nosti-2c.

2086 5013 2200 5082 (12)
2233 5012 2343 5066 Καὶ
2374 5010 2848 5082 ἀνεϐάλλετοειιι
2891 5008 3082 5082 codice
3125 5008 3428 5082 Fuketiano
3451 5010 3594 5082 scri-

343 5081 526 5134 locum
561 5083 634 5137 ita
664 5084 972 5138 sanandum
995 5078 1118 5140 esse
1149 5086 1509 5140 allirmamus:
1542 5085 1629 5138 Ita
1651 5087 1807 5160 etiam
1829 5100 1917 5160 vos
2014 5078 2188 5160 ptuni'
2229 5080 2935 5160 ἱιινοιιίηκαὶ.ἀπεμάχετο.
2997 5078 3188 5160 Quod.
3223 5087 3374 5134 certe
3415 5080 3591 5160 magis

339 5152 614 5224 nobiscum
649 5163 783 5208 recte
812 5157 1025 5219 sentire,
1053 5155 1248 5224 debetis
1288 5157 1566 5224 reciprocis
1609 5155 1913 5210 sanctitatis
2014 5149 2214 5222 placet,
2247 5154 2373 5206 licet
2403 5149 2746 5222 Nicephorus
2766 5151 3038 5219 vulgatam
3067 5149 3355 5206 lectionem
3389 5149 3590 5203 conﬁr-

340 5229 511 5275 vestra
552 5223 744 5278 litteris
774 5225 1084 5294 approbare.
1122 5222 1242 5278 .lam
1275 5222 1460 5277 clarus
1509 5234 1562 5280 et
1591 5225 1910 5280 manifestus

2018 5231 2147 5278 met.

1790 5401 2179 5460 VARIORUM.

412 5497 577 5555 ulloc
637 5499 993 5572 falsuminon
1045 5509 1154 5557 est.
1186 5500 1343 5562 Nam.
1410 5511 1472 5555 ut
1519 5499 1902 5555 animadvertit
2011 5500 2233 5555 modum
2265 5505 2320 5554 et
2374 5499 2440 5553 ad
2475 5499 2989 5572 Illyrios,rmissum
3035 5500 3246 5572 fuisset.
3296 5495 3457 5572 Quod
3494 5495 3592 5572 de-

339 5563 692 5626 Ilerniantius
725 5574 777 5626 in
819 5571 940 5626 Vita
975 5572 1032 5625 S.
1085 5573 1382 5631 Ambrosii,
1429 5572 1520 5626 lib.
1557 5587 1594 5634 t,
1628 5586 1750 5639 cap.
1811 5572 1899 5634 l7,

338 5639 462 5711 ltiti!)
493 5643 606 5696 lucc
647 5643 874 5711 epistola
911 5643 974 5696 ad
1009 5642 1322 5696 Catholir-os
1344 5642 1584 5697 Orientis
1615 5643 1902 5710 episcopos

344 5708 568 5771 ‘lirccta,
598 5708 740 5780 quod
790 5713 907 5780 ejus
939 5714 1214 5782 exemplar
1249 5713 1314 5765 ad
1358 5712 1602 5776 eosdem,
1641 5708 1900 5780 quemad-

669 5806 939 5867 I’A'r:.m..
981 5807 1095 5867 Gn.
1157 5809 1312 5868 LXV
1327 5808 1398 5873 II.

2010 5578 2327 5642 monstrant
2384 5566 2556 5625 verba
2617 5571 2856 5640 praefatae
2897 5571 3191 5642 synodicae
3247 5566 3594 5642 collectionis

2013 5640 2557 5710 Romanaersubjecta
2597 5636 2631 5695 ι’
2664 5642 2772 5710 Ego
2806 5636 3036 5694 Sabinus
3076 5640 3332 5710 diaconus
3385 5636 3594 5690 Medio-

2014 5711 2242 5766 lanensis
2277 5709 2477 5779 legatus
2505 5712 2566 5765 de
2597 5708 2893 5764 authentico
2919 5711 3057 5763 dedi.
3091 5708 3444 5763 Hei-manlius
3475 5710 3596 5762 luco

3196 5801 3265 5863 43
