4054 6188
488 230 629 289 ἱ555
1941 224 2284 283 SOZOMENI
3623 226 3780 283 i556

491 349 614 404 iret.
658 345 766 402 Sed
794 361 918 400 eum
954 346 1042 400 ille
1069 345 1288 415 quidem
1331 355 1616 401 recusaret
1647 359 1712 401 ac
1755 345 2056 402 reluctare-

2181 346 2259 417 ἧς
2287 346 2460 415 ἔριδος
2489 349 2587 401 οὐκ
2625 348 2799 412 ἄλλως
2844 351 3064 421 ἀνήσειν
3116 349 3452 420 ἰσχυρίζετο,
3489 345 3778 417 μηνύεται

481 452 602 506 'tur,
656 452 995 510 prorsusque
1050 436 1415 493 sacerdotium
1461 437 1759 510 refugeret,
1829 440 2064 510 populus

2181 438 2290 492 τάδε
2337 441 2460 502 ταῖς
2516 441 2574 494 ἐν
2624 442 2738 503 τοῖς
2790 439 3082 509 βασιλείοις
3131 442 3346 510 ἀρχαῖς.
3398 439 3553 508 ’Λμα
3600 436 3657 489 δὲ
3701 441 3776 506 τῇ

493 545 622 587 vero
671 531 920 595 instaret,
975 543 1075 584 nec
1124 529 1232 584 alia
1274 529 1592 586 conditione
1643 532 1958 601 quieturum
2006 546 2065 586 se

493 621 803 685 afﬁrmaret,
834 635 926 676 res
965 620 1034 674 ad
1077 634 1338 689 proceres
1369 622 1556 692 palatii
1590 622 1848 678 refertur.
1888 620 2065 692 Impe-

490 722 646 768 rator
697 719 880 767 autem
935 711 1384 778 Valentinianus,
1418 728 1485 769 eo
1545 713 1738 768 nuntio
1801 723 2064 784 accepto,

494 805 662 860 Deum
691 810 951 876 precatus
985 811 1110 862 esse
1156 804 1382 871 dicitur,
1419 805 1581 876 eique
1617 804 1826 876 gratias
1862 805 2063 877 egisse,

487 897 639 969 quod
679 912 776 954 eos
808 897 876 952 ad
906 896 1204 953 sacerdotii
1231 912 1434 954 munus
1462 897 1778 952 obeundum
1808 899 2053 969 eligeret,

492 1004 633 1061 quos
664 988 781 1058 ipse
812 987 1069 1059 regendis
1103 987 1410 1059 provinciis
1433 989 1792 1059 praefecisset.
1819 989 2069 1059 Cumque

491 1079 681 1150 populi
716 1078 966 1149 pertinax
1003 1078 1246 1134 studium
1309 1086 1364 1133 et
1405 1079 1686 1135 Ambrosii
1713 1079 2069 1136 detrectatio-

492 1187 620 1227 nem
673 1171 994 1234 didicisset,
1056 1169 1125 1224 ad
1175 1169 1586 1226 conciliandam
1641 1171 2069 1227 Mediolanensis

493 1262 761 1318 Ecclesiae
811 1261 1170 1318 concordiam
1228 1259 1402 1317 Deum
1464 1262 1582 1319 haec
1640 1264 1717 1318 ita
1775 1263 2070 1333 disponere

495 1356 754 1425 conjecit,
797 1369 1032 1425 eumque
1064 1369 1229 1425 quam
1266 1356 1506 1426 primum
1557 1349 1879 1426 episcopum
1918 1353 2071 1409 ordi-

495 1448 616 1502 nari
648 1447 836 1516 jussit.
886 1446 1151 1512 Quicum
1196 1446 1535 1517 baptismum
1583 1461 1647 1502 ac
1694 1447 2069 1503 sacerdotium

495 1542 663 1599 simul
689 1540 1054 1611 suscepisset,
1085 1539 1270 1595 statim
1306 1534 1609 1595 Ecclesiam
1647 1553 1822 1599 suam,
1856 1553 1977 1609 qua:
2001 1539 2071 1593 ob

496 1633 1034 1690 administrationem
1066 1632 1324 1687 Auxentii
1355 1631 1618 1686 diuturno
1647 1630 1885 1686 discidio
1920 1631 2072 1686 labo-

2167 528 2295 600 περὶ
2338 529 2542 584 τούτων
2585 530 2812 601 ἀγγελίᾳ
2874 531 3091 600 λέγεται
3127 530 3572 592 Οὐαλεντινιανὸς
3615 531 3643 582 ό
3671 527 3772 597 βα-

2169 621 2346 686 σιλεὺς
2379 621 2658 688 εὔξασθαι,
2695 623 2790 678 καὶ
2822 625 2982 694 χάριν
3008 625 3175 694 φάναι
3203 623 3487 695 ὁμολογεῖν
3513 621 3594 693 τῷ
3625 620 3776 691 Θεῷ,

2166 717 2243 780 ὡς
2290 715 2536 787 ἱερᾶσθαι
2591 717 2995 789 ἐπιλεγομένῳ,
3041 717 3132 782 οὓς
3186 717 3349 778 αὐτὸς
3392 717 3586 787 ἄρχειν
3635 731 3781 785 προ-

2170 804 2439 860 ϐάλλεται.
2475 804 2684 860 Μαθὼν
2720 806 2778 859 δὲ
2808 806 2907 878 τὴν
2951 806 3045 860 τοῦ
3088 804 3327 876 πλήθους
3365 805 3626 858 ἔνστασιν
3674 802 3779 855 καὶ

2167 897 2268 969 τὴν
2312 896 2639 968 Ἀμϐροσίου
2669 898 3020 968 παραίτησιν,
3074 896 3367 951 συνέϐαλεν
3404 896 3497 949 ἐπὶ
3537 895 3783 965 ὁμονοίᾳ.

2170 987 2267 1058 τῆς
2297 987 2356 1039 ἐν
2388 986 2702 1058 Μεδιολάνῳ
2735 987 3064 1060 Ἐκκλησίας
3115 987 3288 1042 ταῦτα
3338 985 3638 1058 βραὸεὑειν
3677 987 3781 1039 τὸν

2169 1078 2302 1133 Θεόν
2333 1089 2362 1120 ν
2383 1095 2396 1109 ·
2428 1080 2522 1133 καὶ
2549 1079 2645 1151 τὴν
2674 1080 2936 1152 ταχίστην
2959 1079 3121 1134 αὑτὸν
3143 1078 3568 1151 χειροτονεῖσθαι
3595 1095 3782 1148 προσ-

2173 1171 2380 1237 έταξεν.
2406 1173 2559 1243 Ἀμα
2593 1172 2650 1226 δὲ
2683 1172 2897 1245 ἐμυήθη
2958 1173 3053 1228 καὶ
3087 1171 3187 1244 τὴν
3242 1170 3577 1243 χειροτονίαν
3631 1187 3784 1240 παρ-

2171 1264 2384 1328 έλαϐεν,
2425 1267 2746 1337 όμοφρονεῖν
2785 1265 3016 1319 πέπεικε
3067 1264 3196 1337 περὶ
3235 1264 3304 1318 τὰ
3352 1263 3471 1316 θεῖα
3521 1264 3630 1333 τὴν
3681 1265 3780 1317 ὑπ’

2171 1355 2332 1408 αὑτὸν
2360 1355 2706 1426 Ἐκκλησίαν,
2737 1355 2828 1408 ἐπὶ
2860 1355 3039 1426 πολλῷ
3073 1355 3250 1426 χρόνῳ
3281 1353 3516 1424 διχονοίᾳ
3553 1353 3782 1422 καμοῦο

2174 1462 2272 1502 σαν
2314 1447 2377 1498 ἐκ
2417 1447 2514 1517 τῆς
2559 1447 2896 1518 προστασίας
2948 1446 3258 1512 Λὺξεντίου.
3313 1446 3451 1499 Ἀλλ’
3503 1443 3624 1509 οἷος
3674 1445 3780 1516 μὲν

2184 1534 2506 1607 ’Δμδρόσιος
2533 1532 2686 1600 οὗτος
2721 1535 2857 1607 μετά
2898 1537 2998 1607 τὴν
3034 1534 3365 1606 χειροτονίαν
3393 1532 3640 1602 ἐγένετο,
3679 1531 3779 1586 καὶ

2173 1627 2248 1689 ὼς
2277 1627 2532 1698 ἀνδρείως
2566 1628 2662 1682 καὶ
2694 1627 2838 1698 μάλα
2864 1625 3022 1690 θείως
3049 1625 3146 1697 τὴν
3169 1624 3466 1697 ἱερωσύνην
3490 1624 3780 1696 διήνυσεν,

495 1733 736 1792 raverat,
761 1725 827 1780 ad
859 1724 1197 1780 concordem
1231 1723 1299 1780 de
1330 1725 1446 1780 Deo
1473 1726 1806 1780 sententiam
1833 1723 2068 1780 reduxit.

2181 1719 2232 1771 ἐν
2260 1719 2372 1779 τοῖς
2404 1716 2531 1788 ἑξῆς
2565 1717 2706 1771 κατὰ
2748 1715 2932 1787 χώραν
2970 1714 3267 1782 λελέξεται.
3309 1713 3447 1786 Περὶ
3483 1713 3542 1767 δέ
3577 1711 3780 1766 τοῦτον

498 1817 704 1873 Verum
745 1815 962 1886 qualem
999 1830 1056 1870 se
1090 1814 1421 1871 Ambrosius
1463 1815 1567 1870 iste
1598 1825 1725 1885 post
1767 1814 2073 1870 ordinatio-

501 1925 622 1965 nem
651 1907 994 1978 praestiterit,
1031 1916 1085 1962 et
1113 1921 1277 1976 quam
1319 1914 1642 1962 constanter
1677 1922 1741 1961 ac
1770 1907 1855 1978 pie
1889 1922 2076 1962 sacer-

501 2002 714 2057 dotium
781 1997 1276 2062 administraverit,
1334 1996 1479 2051 infra
1543 2013 1646 2057 suo
1700 1999 1820 2052 loco
1875 1999 2074 2053 dicturi

502 2107 718 2150 sumus.
752 2088 857 2145 Per
891 2088 1033 2144 idem
1074 2096 1293 2159 tempus
1328 2087 1621 2144 Novatiani
1672 2090 1764 2160 qui
1809 2091 1863 2144 in
1911 2089 2077 2161 Phry-

497 2183 589 2254 gia
612 2182 842 2252 degunt,
866 2185 1061 2234 contra
1082 2186 1330 2234 veterum
1355 2194 1560 2235 morem
1587 2178 1800 2234 Pascha
1816 2195 1926 2234 una
1949 2196 2076 2235 cum

508 2272 714 2328 Judzeis
769 2269 1054 2325 celebrare
1102 2271 1443 2339 cmperunt‘.
1501 2268 1640 2324 Nam
1691 2269 1936 2327 Novatus
1984 2273 2078 2342 qui

501 2365 624 2434 ejus
674 2371 837 2419 sectae
901 2369 1103 2416 auctor
1159 2359 1287 2426 luit,
1341 2363 1678 2431 poenitentes
1735 2363 1960 2431 quidem
2012 2363 2076 2418 ad

504 2453 949 2511 communionem
1004 2450 1234 2506 minime
1274 2451 1544 2506 admisit:
1576 2450 1742 2522 idque
1782 2453 1961 2508 solum
2009 2454 2082 2509 ab

505 2547 602 2602 illo
659 2545 986 2601 innovatum
1045 2551 1150 2599 est.
1210 2541 1484 2600 Caeterum
1535 2551 1644 2598 tam
1706 2545 1859 2614 ipse,
1913 2559 2080 2614 quam

506 2651 864 2694 successores
904 2634 1048 2704 ejus,
1101 2649 1212 2690 non
1269 2635 1433 2690 aliter
1462 2651 1626 2706 quam
1675 2635 1918 2693 Ecclesia
1965 2637 2082 2691 Ro-

514 2741 692 2795 mana,
740 2734 864 2796 post
910 2725 1304 2795 aequinoctium
1353 2741 1580 2781 vernum
1612 2727 1810 2783 festum
1859 2727 2084 2785 Paschae

511 2817 659 2872 diem
715 2825 983 2886 perpetuo
1038 2815 1413 2870 celebrarunt.
1453 2813 1700 2870 Tandem
1756 2831 1886 2872 vero
1932 2819 2084 2872 circa

507 2909 631 2962 haec
692 2915 972 2975 tempora,
1035 2906 1260 2976 quidam
1330 2921 1429 2976 per
1495 2905 1786 2978 Phrygiam
1840 2907 2082 2978 episcopi

507 2997 966 3059 Novatianorum,
991 2998 1308 3067 congregati
1355 2998 1409 3050 in
1448 2996 1576 3052 Pazi
1613 3001 1756 3063 vico,
1792 3001 1885 3068 qui
1929 3001 2084 3056 locus

2174 1807 2264 1860 τὸν
2286 1809 2474 1880 χρόνον
2512 1809 2562 1862 οἱ
2609 1808 2752 1880 ἀμφὶ
2798 1807 2896 1879 τὴν
2928 1806 3166 1880 Φρυγίαν
3209 1805 3573 1871 Ναυατιανοὶ,
3619 1805 3779 1877 παρὰ

2176 1899 2235 1952 τὺ
2263 1900 2526 1971 πρότερον
2549 1899 2761 1964 είωθὸς,
2798 1898 3030 1971 ἤρξαντο
3055 1898 3194 1970 μετά
3231 1898 3341 1951 τῶν
3375 1897 3658 1952 Ἰουδαίων
3679 1897 3778 1966 τὴν

2175 1991 2269 2045 τοῦ
2310 1992 2500 2063 Πάσχα
2551 1993 2744 2064 ἑορτὴν
2788 1992 3076 2046 ἐπιτελεῖν.
3109 1989 3361 2055 Ναυάτος
3407 1989 3510 2061 μὲν
3545 1992 3690 2061 γὰρ,
3721 1991 3777 2052 ὃς

2177 2082 2415 2154 ἀρχηγὸς
2435 2083 2650 2152 ἐγένετο
2677 2084 2776 2154 τῆς
2801 2084 3085 2155 αἱρέσεως,
3104 2083 3231 2145 τοὺς
3261 2082 3779 2152 μεταμελουμένους

2178 2173 2270 2225 ἐπὶ
2293 2175 2404 2235 τοῖς
2432 2173 2824 2244 ἁμαρτήμασιν
2849 2174 2927 2238 είς
2973 2172 3252 2227 κοινωνίαν
3279 2171 3339 2226 οὐ
3363 2172 3649 2241 προσίετο,
3686 2173 3781 2224 καὶ

2179 2263 2335 2317 τοῦτο
2381 2263 2539 2334 μόνον
2588 2266 2948 2336 ἐκαινοτόμει.
2987 2263 3390 2335 Παραπλησίως
3428 2263 3488 2316 δὲ
3527 2266 3598 2334 τῇ
3635 2262 3778 2316 Ῥω-

2184 2354 2358 2425 μαίων
2392 2353 2709 2427 Ἐκκλησίᾳ,
2738 2355 2880 2426 μετὰ
2907 2353 3005 2427 τὴν
3028 2354 3249 2426 ἐαρινὴν
3282 2353 3581 2426 ἰσημερίαν
3606 2355 3782 2408 sine-

2180 2447 2333 2500 λεσεν
2378 2446 2548 2509 αὑτός
2600 2463 2660 2499 τε
2706 2448 2802 2501 καὶ
2844 2449 2892 2500 oi
2940 2447 3055 2518 μετ’
3097 2447 3260 2500 αὐτὸν
3302 2444 3510 2515 ταύτην
3553 2446 3784 2514 ἄγοντες

2179 2539 2278 2610 τὴν
2317 2539 2528 2610 ἑορτήν.
2568 2538 2756 2592 Είσότε
2809 2538 2874 2610 δὴ
2921 2540 3016 2592 ἐπὶ
3056 2537 3260 2608 ταύτης
3305 2536 3409 2606 τῆς
3445 2537 3784 2608 ἡγεμονίας,

2179 2631 2324 2696 τινὲς
2350 2630 2458 2683 τῶν
2496 2631 2600 2684 άνά
2639 2629 2736 2702 τὴν
2779 2630 3022 2700 Φρυγίαν
3059 2629 3420 2683 Ναυατιανῶν
3460 2630 3787 2684 ἐπισκόπων

2184 2720 2524 2784 συνελθόντες
2559 2721 2618 2774 ἐν
2659 2719 2835 2785 Γάζου
2888 2719 3051 2792 κώμῃ
3103 2719 3237 2790 (15)·
3291 2718 3492 2790 χωρίον
3535 2719 3597 2772 δὲ
3641 2717 3783 2788 αὕτη

2181 2813 2428 2882 Φρυγῶν,
2481 2811 2601 2866 ὃθεν
2659 2811 2970 2883 Σαγγαρίου
3028 2810 3122 2864 τοῦ
3186 2810 3432 2881 ποταμοῦ
3491 2813 3545 2863 al
3601 2814 3785 2882 πηγαὶ

2187 2905 2366 2977 ῥέουσι
2387 2923 2400 2936 ·
2437 2905 2511 2968 ὡς
2548 2905 2668 2958 οὑδέ
2697 2905 2867 2976 ταύτῃ
2898 2907 3173 2958 κοινωνεῖν
3204 2904 3481 2968 ἀξιοῦντες
3516 2905 3634 2968 τοῖς
3664 2906 3779 2957 ἑτέο

2191 3015 2297 3070 ρως
2325 2998 2507 3062 αὐτοῖς
2528 2995 2862 3063 δοξάζουσιν,
2889 2995 3019 3049 ἴδιον
3047 2995 3231 3049 ἔθεντο
3289 2995 3476 3067 νόμον·
3499 2995 3646 3048 ὥστε
3677 2996 3776 3070 τὴν

507 3096 593 3144 est
652 3088 706 3140 in
757 3086 1034 3156 Phrygia,
1093 3089 1238 3142 unde
1299 3073 1550 3159 Sangarii
1599 3089 1839 3146 ﬂuminis
1903 3091 2078 3147 fontes

2185 3090 2294 3143 τῶν
2332 3089 2455 3153 Ἀζύ
2464 3106 2579 3160 μων
2601 3090 2880 3159 ἐπιτηρεῖν
2897 3087 3108 3159 ἑορτὴν,
3134 3087 3228 3142 καὶ
3251 3089 3346 3142 σὺν
3362 3090 3476 3151 τοῖς
3502 3087 3780 3148 Ἰουδαίοις

504 3185 842 3245 erumpunt,
883 3190 1006 3230 cum
1034 3191 1102 3230 ne
1143 3177 1246 3232 hac
1272 3177 1492 3248 quidem
1525 3179 1580 3233 in
1616 3190 1770 3250 parte
1801 3197 1925 3234 cum
1959 3182 2028 3237 iis
2052 3198 2082 3236 a

505 3267 716 3339 quibus
758 3266 1159 3322 dissentiebant
1197 3269 1609 3327 communicare
1643 3273 1868 3335 vellent,
1915 3289 2082 3344 pecu-

513 3361 707 3415 liarem
761 3359 1004 3431 regulam
1041 3364 1472 3430 constituerunt,
1522 3373 1581 3418 ut
1624 3368 1956 3436 Azymorum
2008 3366 2086 3422 l'e-

513 3451 662 3508 sthm
714 3449 768 3503 in
833 3458 1116 3520 posterum
1173 3451 1556 3520 observarent,
1603 3463 1658 3508 et
1707 3469 1830 3509 cum
1880 3454 2088 3511 iudicis

2197 3181 2257 3233 τὸ
2282 3181 2471 3250 Πάσχα
2501 3181 2788 3234 ἐπιτελεῖν.
2807 3181 2921 3233 Οὐκ
2945 3177 3218 3233 ἐκοινώνει
3245 3179 3302 3234 δὲ
3334 3179 3510 3252 ταύτῃ
3560 3181 3631 3248 τῇ
3661 3195 3780 3231 ou»-

2190 3272 2295 3343 όδῳ
2316 3270 2442 3324 οὔτε
2469 3270 2729 3340 Ἀγέλιος,
2749 3274 2777 3325 ὁ
2793 3273 2901 3325 τῶν
2919 3275 2976 3326 ἐν
2995 3271 3560 3326 Κωνσταντινουπόλει
3591 3271 3779 3323 Ναυσ-

2190 3363 2388 3418 τιανῶν
2415 3365 2733 3429 ἐπίσκοπος,
2768 3363 2891 3418 οὔτε
2925 3367 2955 3418 ό
2977 3364 3233 3429 Νικαίας,
3269 3364 3304 3435 ἦ
3324 3366 3353 3417 ό
3381 3363 3779 3433 Νικομηδείας.

2184 3455 2282 3526 ἢὸ
2325 3454 2624 3509 Κοτυαείου
2685 3455 2825 3526 (14)*
2881 3454 3037 3519 πόλις
3093 3454 3151 3508 δὲ
3207 3453 3346 3526 αὕτη
3397 3454 3641 3525 Φρυγίας
3681 3457 3783 3510 οὐκ

512 3543 725 3598 Pascha
785 3542 1153 3598 celebrarent.
1213 3541 1417 3598 Verum
1471 3545 1600 3600 huic
1642 3547 1853 3617 synodo
1911 3563 2078 3617 neque

2186 3546 2425 3615 ἄσημος’
2462 3544 2556 3608 οὓς
2601 3544 2666 3616 δὴ
2717 3545 2940 3616 κυρίους
2970 3547 3064 3598 καὶ
3103 3543 3432 3613 κολοφῶνας,
3465 3546 3542 3608 ὡς
3582 3548 3778 3606 εἰπεῖν,

513 3633 735 3704 Agelius
790 3633 1079 3699 interfuit,
1142 3633 1235 3704 qui
1291 3632 1725 3692 Novatianorum
1796 3640 2078 3710 episcopus

2189 3640 2236 3690 οἱ
2270 3637 2601 3690 Ναυατιανοὶ
2629 3636 2912 3706 νομίζουσι
2939 3636 3048 3690 τῶν
3080 3638 3206 3708 περὶ
3242 3639 3340 3709 τὴν
3387 3637 3595 3691 οἰκείαν
3633 3640 3779 3709 αἴρει

513 3733 633 3780 erat
658 3723 1176 3793 Constantinopoli,
1204 3740 1386 3794 neque
1408 3725 1456 3780 is
1486 3726 1581 3798 qui
1614 3726 1832 3793 Nicaeae,
1869 3743 1966 3782 nec
1992 3730 2087 3798 qui

625 3898 642 3930 ⁸
670 3897 826 3954 Socr.
863 3897 956 3952 lib.
995 3911 1068 3960 tv,
1100 3910 1150 3949 c.
1190 3895 1280 3950 98.

2198 3745 2280 3782 σιν
2330 3727 2424 3780 καὶ
2465 3726 2563 3790 τὰς
2621 3726 2798 3780 αὐτῶν
2850 3727 3176 3798 Ἐκκλησίας
3227 3727 3634 3798 πραττομένων.
3687 3729 3781 3782 Ἐκ

1712 4051 1980 4108 VALESII
2014 4050 2570 4112 ANNOTATIONES.

589 4188 698 4264 (ιδ)
749 4187 1170 4264 Ἰξλθόντεςλέν.
1192 4185 1382 4264 Γᾴζου
1407 4187 1786 4264 κῴμῃε-Αριιιὶ
1813 4185 2078 4264 Socraten

2201 4187 2437 4264 ketiauo
2458 4191 2727 4264 scriptum
2758 4202 2842 4250 est
2884 4195 3202 4252 Κοτυαείου.
3255 4197 3345 4254 Sic
3378 4200 3523 4256 enim
3569 4201 3777 4260 dictum

518 4266 572 4335 et
605 4256 993 4335 hiet-phorum
1049 4256 1172 4335 Pa_zi
1223 4257 1375 4312 vicus
1425 4258 1512 4312 hic
1549 4256 1789 4335 'Adieiiur,
1843 4261 1987 4316 situs
2039 4261 2092 4313 in
2201 4267 2286 4335 est
2309 4256 2592 4335 oppidum’
2603 4263 2879 4335 Phrygiae,
2909 4275 3048 4322 teste
3073 4267 3338 4324 Strabone
3367 4273 3420 4325 in
3463 4271 3604 4327 libro
3639 4256 3778 4329 duo:

518 4327 858 4409 Phrygia'ad
904 4328 1226 4408 Sangarium
1272 4343 1510 4382 amnem.
1541 4327 1652 4410 .Sed
1705 4345 1815 4385 non
1868 4344 2091 4410 possum
2201 4327 2898 4414 decimé,.et.Step'hvatto,
2958 4345 3013 4391 et
3061 4341 3419 4394 Constantino
3461 4340 3573 4397 Por
3617 4327 3779 4414 Ιππο-

520 4407 778 4468 assentirt
829 4398 1086 4468 liaronto,
1125 4413 1216 4466 qui
1253 4397 1398 4468 hunc
1428 4397 1553 4451 Pazt
1589 4415 1769 4453 vncum
1799 4401 2094 4454 confundit
2199 4409 2425 4468 geumto
2455 4417 2508 4454 ιιι
2545 4402 2686 4460 libro
2726 4409 2906 4468 primo
2950 4405 3028 4459 De
3051 4409 3388 4468 thematibus.
3414 4426 3536 4468 can.
3659 4417 3776 4468 Steo

520 4397 778 4481 assentiri
829 4398 1086 4481 Baro-nio,
1125 4398 1216 4466 qui
1253 4397 1400 4481 hunc
1428 4397 1769 4481 Pan-vicum
1799 4397 2094 4481 confundit
2199 4401 2425 4481 geunito
2455 4403 2508 4454 in
2544 4397 2906 4481 libro-primo
2950 4405 3028 4481 De
3051 4409 3388 4473 thematibus,
3414 4426 3536 4481 cap.

518 4482 641 4520 cum
677 4466 910 4536 Pcpuza.
969 4466 1139 4521 Porro
1182 4467 1528 4532 συνελθόντες
1561 4469 1663 4523 hoc
1721 4472 1842 4526 loco
1873 4471 2070 4526 restitu

2203 4466 2417 4536 phanus

519 4551 583 4588 ex
619 4539 808 4590 codice
836 4536 1157 4591 Fukctiano.

591 4606 701 4674 (Μ)
747 4609 806 4658 '0
848 4608 1194 4660 Κωτυλείου.
1232 4605 1414 4678 Longe
1447 4608 1654 4661 rectius
1684 4607 1738 4662 in
1771 4609 1958 4664 codice
1990 4608 2096 4665 Fu-

2466 4419 2508 4454 ηιι
2545 4419 2686 4460 ιιι)ιο
2726 4421 2906 4476 primo
2950 4419 3028 4459 Ue
3051 4419 3388 4473 thematibus,
3414 4426 3536 4481 cap.
3569 4419 3621 4468 4.
3659 4419 3776 4469 διοο

2466 4472 2680 4549 quidem
2716 4545 2729 4549 _
2750 4475 3043 4549 Byza_ntius
3072 4481 3264 4534 scribit
3296 4483 3622 4549 regulariter
3680 4485 3776 4540 hoc

2129 4519 2172 4574 Ῑ)
2202 4519 2625 4610 trippidum‘diciv
2645 4519 3773 4609 ιδίειῖιΐί

2210 4619 2294 4664 est
2329 4611 2477 4665 enim
2506 4628 2534 4665 a
2573 4613 2715 4670 Cosa
2767 4617 3035 4687 quodam.
3089 4618 3282 4674 Postea
3333 4637 3462 4676 vero
3515 4623 3775 4679 insertui

1970 4789 2331 4850 VARIORUM
2337 4837 2352 4851 .

521 4911 740 4969 laudato
768 4914 978 4976 scribit,
1008 4916 1154 4972 hunc
1179 4915 1444 4971 Sabinum
1470 4932 1579 4971 non
1609 4916 1780 4973 videri
1807 4919 2085 4975 diversum

522 5001 550 5037 a
582 4981 808 5044 Sabino.
842 4999 1002 5052 quem
1064 4988 1120 5040 S.
1156 4986 1394 5042 Basilius
1428 4986 1656 5043 Romam
1701 4989 1767 5042 ad
1797 4989 2086 5045 Damasum

521 5053 692 5126 misit.
730 5052 859 5118 Qua:
893 5054 1210 5122 conjectura
1257 5073 1482 5126 prorsus
1509 5065 1661 5112 certa
1683 5098 1698 5119 ,
1728 5075 1851 5114 cum
1890 5059 1947 5114 S.
1994 5060 2093 5114 Ba-

521 5125 677 5180 silius
738 5125 792 5178 in
847 5126 1076 5192 epistola
1113 5125 1237 5188 275,
1259 5125 1358 5181 ide
1386 5129 1586 5183 litteris
1617 5127 1682 5180 ad
1711 5129 2092 5185 Occidentales

521 5194 826 5267 scribendis
867 5198 1130 5267 loquens,
1180 5197 1368 5251 dicat:
1405 5196 1515 5267 Ego
1561 5213 1680 5250 cum
1732 5199 2008 5253 inciderim
2038 5203 2092 5252 in

521 5265 1123 5335 Sabinumidiaconum,
1159 5282 1262 5335 quo
1289 5265 1473 5320 nuntio
1508 5268 1609 5320 huc
1643 5268 1711 5320 ad
1758 5286 1849 5323 nos
1898 5270 1979 5323 illi
2011 5270 2093 5322 usi

522 5344 663 5397 sunt,
697 5336 762 5386 ad
785 5334 1032 5405 Illyricos
1053 5334 1260 5404 scripsi,
1294 5337 1363 5389 ad
1403 5337 1572 5391 Italos
1601 5348 1856 5405 praeterea
1884 5349 1932 5393 et
1966 5338 2094 5393 Gal-

519 5405 597 5457 los
637 5403 1039 5478 episcopesaEx
1087 5422 1197 5477 quo
1232 5407 1411 5478 liquet
1462 5403 1732 5478 synodum
1789 5409 2091 5464 Romanam

519 5485 644 5528 ante
695 5491 898 5529 annum
930 5477 1054 5542 571,
1087 5493 1196 5548 quo
1227 5477 1458 5550 Basilius
1498 5477 1763 5550 Caesarea:
1802 5481 2094 5550 episc0pus

518 5553 787 5622 creatus:
859 5556 1110 5622 coactam
1174 5565 1282 5604 non
1351 5549 1544 5606 fuisse.
1615 5549 1743 5606 Ant.
1808 5549 2093 5622 P’agi,’ad

517 5627 644 5666 ann.
677 5615 801 5678 569.
831 5631 883 5669 ιι.
911 5618 962 5670 8.

2270 4937 2296 5012 IV
2353 4929 2542 4984 Ταῦτα
2599 4933 2923 5012 ,βραϐεύειν
2977 4936 3085 5012 τόν
3124 4939 3291 5012 ἐξεόν,
3328 4938 3598 5012 Hincest
3630 4942 3771 5012 quod

2200 4997 2352 5071 salvo
2408 5015 2616 5056 canone
2643 4997 2955 5071 apostolico
3009 5009 3100 5063 80.
3139 5006 3200 5061 ἰ).
3252 5009 3578 5067 Ambrosius
3609 4997 3771 5066 simul

2200 5074 2254 5122 et
2290 5069 2608 5139 baptizatus
2639 5069 2697 5145 eti
2725 5076 3022 5145 episcopus
3051 5077 3343 5134 ordinatus
3375 5088 3478 5135 est.
3518 5080 3771 5138 Prohibet

2200 5153 2397 5220 nempe
2448 5156 2626 5196 canon
2687 5144 3004 5220 ille,_ne'is,
3049 5148 3138 5216 qui
3173 5165 3205 5201 a
3243 5151 3432 5220 gentili
3471 5154 3580 5206 vita
3613 5168 3772 5219 nuper

2201 5214 2438 5289 accessit.
2476 5220 2544 5289 ,ει
2602 5214 2779 5289 ηιοάοΔ
2810 5214 3114 5282 baptizatus
3159 5214 3262 5282 est,
3311 5222 3584 5289 cpiscopus
3634 5214 3770 5276 illico

2194 5279 2364 5359 ﬁere-ti.
2400 5278 2653 5359 lniquum_
2697 5284 2834 5359 enim
2864 5278 2995 5359 esse,
3019 5298 3077 5340 ut
3115 5291 3204 5358 qui
3228 5278 3313 5344 sui
3338 5278 3583 5344 'nond'um
3617 5309 3770 5359 erpe-

2194 5349 2437 5440 rienfigni
2471 5353 2895 5436 ostendet-itum
2929 5349 3158 5440 aliorum
3212 5361 3477 5440 magister,
3520 5363 3569 5440 εἰ
3609 5349 3770 5440 μήπω

2193 5421 2332 5498 κατὰ
2354 5417 2504 5498 θείαν
2536 5423 2885 5498 χάρινλτουτο
2912 5428 3154 5497 γένηται,
3212 5417 3323 5483 nisi
3348 5417 3486 5498 forte
3534 5417 3632 5485 Ιιοὶ·
3669 5417 3763 5484 ’άί-

2193 5490 2314 5613 agisne
2343 5493 2514 5559 gratia
2539 5490 2660 5561 ﬁcit.
2693 5490 3227 5554 Ainbros'ius'autcm
3263 5490 3530 5556 divinitus
3562 5502 3763 5558 electus

2227 5574 2293 5613 ει.
