4054 6188
455 319 594 374 1557

1419 283 1740 375 ιη’δτοιιιλ
1788 317 2347 378 ECCLESIASTICA.
2389 352 2441 363 -
2472 323 2598 378 LIB.
2636 323 2724 381 Vl.

3579 331 3601 386 Ι
3613 331 3718 387 358

449 413 654 484 ταύτης
691 411 748 464 δὲ
780 412 876 480 τῆς
926 412 1124 474 αἰτίας,
1172 412 1316 475 ὅπως
1355 413 1446 465 καὶ
1487 405 1634 466 οὗτοι
1667 414 1748 477 είς
1777 413 1998 484 διαφορὰ

2106 463 2111 474 ,
2140 414 2492 477 Nicomediae,
2528 431 2631 472 nec
2651 416 2746 488 qui
2775 414 2992 473 Cotuaii
3017 418 3392 492 episcopatum
3414 425 3713 493 gerebant:

449 504 807 574 κατέστησαν,
867 505 962 556 καὶ
1020 506 1159 573 σφᾶς
1212 505 1406 568 αὐτοὺς
1461 505 1801 577 διατεμόντες
1866 507 2031 577 χωρίς

447 595 826 665 ἐκκλησίαζον,
857 596 998 649 κατά
1031 597 1222 668 καιρὸν
1253 597 1384 668 ἐρῶ.

2139 517 2224 563 est
2256 517 2440 564 autem
2471 509 2784 578 Cotuaium,
2834 509 3084 584 Phrygia:
3121 513 3258 569 urbs
3289 529 3401 570 non
3433 517 3712 588 ignobilis.

2141 600 2293 665 Quos
2340 611 2523 656 tamen
2563 600 2856 657 Novatiani
2889 604 3038 658 velut
3077 605 3320 661 arbitros
3348 621 3413 661 ac
3454 609 3709 665 modera-

446 695 595 743 tores
653 687 853 742 habent
896 703 1086 742 eorum
1161 703 1284 759 quae
1341 688 1394 742 in
1433 687 1681 745 Ecclesia
1724 698 1778 744 et
1819 691 1872 743 in
1922 697 2073 746 secta
2111 690 2356 759 ipsorum
2395 701 2683 763 geruntur.
2750 693 2997 762 Qualiter
3041 713 3173 753 vero
3223 699 3390 754 etiam
3441 700 3530 757 isti
3573 704 3714 758 hanc

445 779 516 834 ob
564 792 793 832 causam
849 778 994 835 inter
1039 796 1100 836 se
1148 781 1539 847 dissenserint,
1587 797 1758 853 seque
1809 783 1960 848 ipsos
2005 798 2036 838 a
2077 784 2306 855 reliquis
2331 787 2718 856 prmeidentes,
2765 792 3062 860 separatim
3128 792 3393 850 collectas
3461 795 3712 851 celebra-

445 872 645 937 verint,
679 871 858 928 dicam
893 887 996 928 suo
1029 882 1296 942 tempore.

1033 964 1282 1017 ΚΕΦΑΛ.
1308 963 1436 1018 KE'.

439 1055 576 1123 Περὶ
598 1053 716 1107 τῶν
747 1054 1185 1123 Ἀπολιναρίων,
1215 1055 1322 1108 τοῦ
1345 1057 1566 1124 πατρὸς
1594 1057 1694 1110 καὶ
1727 1057 1860 1112 υἱοῦ
1880 1074 1894 1088 ⁸
1926 1058 2024 1113 καί

509 1125 630 1195 τοῦθ
661 1125 1068 1195 πρεσϐυτέρου
1123 1126 1510 1179 Βιταλιανοῦ’
1565 1127 1660 1180 καί
1725 1127 1793 1180 ἐκ
1844 1127 2023 1195 ποίας

507 1194 790 1262 αΙρέσεως
840 1194 1180 1261 κινηθέντες
1224 1199 1308 1261 εἰς
1359 1197 1618 1265 αἱρέσεις
1679 1194 2016 1262 ἐξέκλιναν.

519 1286 608 1338 Ἐν
639 1287 811 1354 τούτῳ
840 1286 896 1338 δὲ
939 1288 1018 1350 είς
1061 1287 1120 1340 τὸ
1164 1289 1437 1358 προφανὲς
1477 1290 1768 1362 προϊστατο
1811 1289 2023 1344 Ἀπολι-

436 1379 619 1448 νάριος
665 1377 764 1447 τῆς
811 1377 903 1430 ἀπ’
942 1379 1106 1432 αὐτοῦ
1147 1380 1554 1453 ὀνομαζομένης
1599 1382 1890 1453 αἱρέσεως·
1927 1384 2020 1436 καὶ⁴

438 1468 660 1530 πολλοὺς
700 1467 989 1539 ἀποτεμὼν
1025 1470 1123 1540 τῆς
1154 1464 1485 1542 Ἐκκλησίας
1509 1473 1631 1527 καθ’
1671 1473 1862 1527 ἑαυτὸν
1898 1492 2020 1527 συν-

434 1561 552 1631 ἦγε.
590 1559 919 1614 Συνελάὁετο
951 1563 1006 1615 δὲ
1034 1564 1183 1634 αὐτῷ
1229 1565 1366 1635 πρὸς
1415 1567 1512 1636 τὴν
1540 1566 1634 1620 τοῦ
1663 1570 1859 1621 οἰκείου
1888 1570 2016 1638 δόγ⁴

437 1670 605 1722 ματος
644 1652 902 1707 σύστασιν
966 1654 1061 1707 καὶ
1109 1656 1355 1720 Βιτάλιος
1408 1665 1454 1721 ι,
1488 1659 1856 1732 πρεσϐύτερος
1897 1662 2015 1714 ‘Av-

434 1745 644 1812 τιοχεὺς
680 1743 788 1795 τῶν
832 1744 935 1797 ὑπὸ
972 1745 1226 1800 Μελίτιον
1267 1748 1608 1820 ἱερωμένων*
1640 1751 1798 1822 ἀνὴρ,
1839 1751 1886 1803 εί
1925 1752 2017 1805 καί

431 1851 513 1896 τις
540 1833 716 1896 ἄλλος,
753 1836 815 1887 ὲκ
855 1835 947 1887 τοῦ
1003 1835 1118 1905 βίου
1165 1839 1257 1891 καὶ
1287 1839 1385 1908 τῆς
1411 1839 1685 1905 πολιτείας
1722 1841 2012 1914 ἐπιφανὴς,

430 1930 525 1980 καὶ
567 1927 693 1998 περὶ
734 1929 858 1990 τοὺς
901 1928 991 1979 ὑπ’
1028 1929 1189 1982 αὐτὸν
1237 1930 1534 2001 ἀγομένους
1579 1933 1883 1999 σπουδαῖος,
1921 1936 2015 1988 καὶ

428 2019 616 2071 τούτου
651 2021 808 2089 χάριν
841 2019 920 2090 τῷ
953 2019 1067 2090 λαῷ
1103 2021 1414 2092 σεϐάσμιος.
1441 2024 1575 2077 Μετ’
1616 2025 1675 2077 ού
1727 2025 1861 2078 πολὺ
1903 2027 2012 2097 γὰρ

429 2111 733 2180 ἀποσχίσας
778 2111 966 2165 ἑαυτὸν
1015 2113 1116 2182 τῆς
1155 2113 1409 2167 Μελιτίου
1457 2116 1759 2181 κοινωνίας,
1800 2118 2014 2171 Ἀπολι-

429 2204 598 2273 ναρίῳ
636 2201 951 2273 προσέθετο’
990 2204 1082 2256 καὶ
1113 2203 1220 2259 τῶν
1259 2204 1329 2258 τά
1371 2205 1508 2260 αύτά
1553 2206 1881 2273 δοξαζόντων
1919 2211 2011 2265 ὲπὶ

425 2295 523 2363 τῆς
566 2295 880 2364 Ἀντιοχέων
924 2296 1137 2366 ἡγεῖτο·
1174 2295 1312 2348 αίδοϊ
1353 2298 1454 2367 τῆς
1499 2297 1662 2351 αὐτοῦ
1715 2297 2009 2362 πολιτείας,

429 2387 628 2457 πλῆθος
644 2387 743 2440 οὐκ
760 2386 937 2453 ὀλίγον
971 2387 1294 2456 πειθόμενον
1321 2386 1480 2457 ἔχων,
1515 2387 1563 2441 οἳ
1602 2390 1696 2442 καὶ
1726 2390 1820 2442 ἀπ’
1842 2391 2009 2445 αὐτοῦ

425 2477 522 2550 τὴν
573 2478 943 2550 προσηγορίαν
991 2477 1201 2548 ἔλαχον,
1247 2478 1553 2533 Βιταλιανοὶ
1597 2481 1748 2551 παρά
1804 2481 2008 2534 Ἀντιο-

424 2571 610 2642 χεῦσιν
655 2573 732 2633 είς
775 2569 856 2622 ἔτι
902 2569 996 2622 νῦν
1034 2569 1442 2640 ὀνομαζόμενοι.
1476 2569 1706 2639 Λέγεται
1753 2570 1811 2623 δὲ
1853 2571 2010 2624 τοῦτο

425 2663 615 2716 παθεῖν
647 2662 750 2715 ὑπὸ
793 2662 988 2732 λύπης,
1020 2661 1094 2724 ὡς
1138 2661 1466 2732 ὑπεροφθεὶς
1511 2661 1658 2733 παρά
1685 2660 2005 2729 Φλαόιανοῦ,

422 2753 480 2816 ὃς
511 2751 735 2823 ὕστερον
781 2752 1064 2823 ἐπετράπη
1110 2752 1202 2803 τὸν
1227 2753 1239 2773 ’
1264 2751 1565 2821 Αντιοχέων
1605 2752 1815 2824 θρόνον,
1867 2771 2008 2824 συμ-

423 2843 792 2916 πρεσϐυτέρου
836 2843 957 2896 τότε
1004 2842 1155 2904 ὄντος
1211 2842 1393 2912 αὐτῷ,
1442 2842 1705 2906 κωλυθεὶς
1762 2842 2007 2912 συνήθως

426 2936 552 2988 ἰδεῖν
576 2935 666 2988 τὸν
705 2934 1019 2988 ἐπίσκοπον.
1065 2933 1585 3004 Παρευδοκιμεῖσθαι
1612 2933 1721 3005 γάρ
1757 2934 2003 3004 νομίσας,

2653 967 2818 1039 250
2845 968 2999 1024 CAP.
3039 968 3203 1025 xxv.

2132 1053 2212 1111 De
2239 1056 2444 1130 duobus
2478 1058 2879 1128 Apollinaribus
2911 1070 3062 1130 patre
3092 1074 3141 1114 et
3176 1061 3308 1129 ﬁlio,
3353 1072 3402 1117 et
3441 1063 3502 1118 de
3541 1063 3710 1119 Vitale

2200 1129 2504 1250 presbytero
2535 1145 2553 1182 :
2581 1145 2684 1199 qua
2713 1129 2987 1186 occasione
3019 1133 3166 1197 moti,
3200 1134 3252 1186 in
3281 1133 3502 1188 haereses
3525 1136 3707 1202 prola-

2196 1214 2278 1265 psi
2311 1215 2393 1252 sm
2426 1239 2438 1252 .

2202 1285 2406 1341 Eodem
2454 1297 2704 1358 tempore
2775 1289 3115 1359 Apollinaris
3190 1291 3416 1348 haeresis
3467 1293 3536 1348 ab
3587 1293 3706 1364 ipso

2129 1376 2532 1445 cognominata:
2558 1375 2756 1432 ducem
2791 1379 2967 1447 palam
3005 1395 3064 1434 se
3086 1380 3317 1449 pra-buit
3352 1399 3364 1434 ;
3393 1383 3706 1451 multosque

2127 1466 2197 1521 ab
2231 1465 2497 1524 Ecclesia:
2525 1484 2759 1538 corpore
2789 1469 3095 1533 abducens,
3137 1487 3385 1527 seorsum
3423 1474 3700 1542 collegit".

2126 1557 2300 1624 Quem
2339 1561 2563 1631 quidem
2609 1561 2662 1614 in
2696 1562 3030 1617 stabilienda
3074 1563 3266 1618 haeresi
3313 1565 3521 1634 adjuvit
3551 1563 3704 1618 Vita-

2126 1650 2216 1713 lis,
2277 1653 2566 1723 presbyter
2611 1653 2994 1710 Antiocbemts
3043 1670 3106 1710 ex
3160 1654 3360 1710 Melelii
3389 1657 3538 1711 clero
3572 1677 3584 1710 :
3623 1658 3702 1710 vir

2121 1757 2231 1810 prae
2283 1747 2496 1798 caeteris
2549 1744 2622 1798 ob
2685 1743 2814 1797 vitae
2874 1758 2938 1797 ac
2992 1743 3298 1813 disciplinae
3350 1745 3697 1799 severitatem

2117 1829 2370 1896 illustris,
2420 1841 2476 1886 et
2514 1833 2568 1886 in
2610 1833 2863 1904 regendis
2917 1833 2986 1888 iis
3016 1834 3218 1903 quibus
3253 1842 3484 1904 praeerat
3531 1837 3699 1889 sedu-

2118 1919 2225 1983 lus,
2259 1937 2432 1990 eaque
2460 1922 2529 1978 de
2557 1938 2727 1978 causa
2753 1924 2895 1994 plebi
2921 1925 3278 1978 venerabilis.
3309 1924 3505 1980 Verum
3536 1927 3698 1994 paulo

2116 2019 2274 2080 post,
2323 2029 2448 2065 cum
2484 2029 2543 2068 se
2594 2032 2624 2067 ιι
2665 2015 3051 2069 cowmunione
3098 2014 3296 2070 Meletii
3331 2016 3692 2084 abjunxisset.

2113 2102 2424 2173 Apollinari
2454 2105 2685 2159 adhaesit
2719 2124 2731 2158 :
2767 2106 2947 2175 iisque
2978 2107 3069 2175 qui
3104 2106 3408 2161 Antiochiae
3443 2108 3694 2162 eamdem

2115 2197 2430 2265 opinionem
2469 2197 2826 2252 sectabantur
2862 2198 3105 2266 praefuit,
3149 2199 3219 2254 ob
3263 2199 3384 2252 vitae
3422 2213 3534 2252 suae
3570 2213 3698 2253 san-

2113 2288 2433 2340 ctimoniam
2479 2287 2622 2342 haud
2657 2303 2865 2357 paucos
2906 2288 3189 2343 auditores
3229 2289 3459 2353 habens,
3492 2292 3585 2360 qui
3623 2293 3691 2343 ab

2115 2378 2236 2448 ipso
2270 2367 2697 2449 cognomentum
2731 2381 2940 2443 sortiti,
2987 2377 3245 2433 Vitaliani
3279 2381 3583 2434 etiamnum
3623 2381 3690 2433 ab

2111 2472 2583 2526 Antiochensibus
2625 2472 2993 2540 appellantur.
3028 2471 3144 2525 lluc
3172 2481 3352 2526 autem
3399 2474 3690 2543 prolapsus

2111 2579 2236 2620 esse
2275 2564 2480 2617 dicitur
2507 2580 2574 2618 ex
2619 2563 2923 2618 olfensione
2969 2563 3164 2626 animi,
3211 2579 3278 2617 eo
3310 2565 3458 2634 quod
3495 2565 3691 2634 despe-

2115 2664 2244 2712 ctus
2314 2654 2512 2709 fuisset
2571 2670 2600 2707 a
2651 2653 2951 2719 Flaviano,
3007 2665 3136 2709 tunc
3200 2657 3685 2726 compresbytero,
3741 2639 3746 2645 ’

2112 2754 2303 2817 postea
2365 2762 2494 2800 vero
2555 2745 2946 2801 Antiochensis
2999 2744 3258 2800 Ecclesiae
3314 2749 3617 2818 episcopo:
3655 2766 3686 2802 a

2109 2852 2222 2907 quo
2271 2837 2586 2908 prohibitus
2633 2836 2812 2891 fuerat
2853 2853 2920 2891 ne
2954 2838 3274 2908 episcopum
3325 2853 3476 2894 more
3521 2840 3686 2893 solito

2109 2929 2340 2984 videret.
2405 2930 2695 2984 Contemni
2751 2931 2899 2984 enim
2953 2947 3013 2987 se
3065 2931 3404 2997 arbitratus,
3459 2931 3682 2986 humani

421 3026 758 3097 ἀνθρώπινον
803 3025 1043 3096 ὑπέστη’
1095 3025 1189 3078 καὶ
1237 3025 1372 3095 πρὸς
1412 3024 1782 3096 Ἀπολινάριον
1808 3025 1998 3088 ἐλθὼν,

2110 3022 2391 3092 quidpiam
2417 3037 2612 3092 passus
2640 3031 2725 3078 est
2759 3041 2772 3076 :
2801 3032 2852 3077 et
2876 3023 2940 3076 ad
2966 3022 3340 3092 Apollinarem
3374 3032 3683 3094 transgres-

420 3120 764 3189 ἐκοινώνησε,
820 3120 913 3172 καὶ
966 3116 1118 3186 φίλον
1146 3116 1307 3172 αὑτὸν
1359 3113 1523 3187 εἶχεν.
1581 3118 1674 3172 Ἐκ
1713 3118 1902 3171 τούτου
1947 3118 2003 3171 δὲ

419 3213 512 3266 καὶ
550 3216 606 3265 ἐν
635 3212 821 3273 ἄλλαις
852 3209 1038 3263 πόλεσι
1065 3209 1232 3280 χωρὶς
1265 3208 1622 3280 ἐκκλησίαζον
1652 3210 1755 3262 ὑπὸ
1781 3209 2005 3263 ἐπισκό-

419 3320 539 3366 ποις
571 3302 740 3364 ἰδίοις,
768 3302 861 3354 καὶ
892 3301 1110 3371 θεσμοῖς
1148 3301 1385 3373 ἐχρῶντο
1405 3301 1705 3372 ἀλλοτρίοις
1729 3300 1828 3371 τῆς
1864 3301 2001 3355 καθ-

426 3394 611 3463 ολικῆς
654 3392 994 3464 Ἐκκλησίας.
1059 3393 1206 3463 παρά
1259 3393 1357 3456 τὰς
1404 3391 1794 3463 νενομισμένας
1847 3393 2000 3464 ἱερὰς

416 3483 578 3554 ᾠδὰς,
614 3483 863 3556 ἔμμετρά
891 3502 1012 3537 τινα
1051 3484 1309 3556 μελύδρια
1335 3485 1646 3554 ψάλλοντες,
1682 3485 1812 3556 παρ’
1834 3484 1996 3538 αὐτοῦ

430 3573 796 3643 ’Λπολιναρίου
823 3575 1120 3645 εὑρημένα.
1149 3576 1291 3646 Πρὸς
1315 3576 1420 3645 γὰρ
1445 3577 1508 3644 τῇ
1539 3574 1672 3645 ἄλλῃ
1699 3573 1994 3637 παιδεύσει,

416 3667 510 3718 καὶ
536 3665 816 3736 ποιητικὸς
847 3666 940 3731 ὢν,
978 3668 1069 3719 καὶ
1104 3665 1460 3720 παντοδαπῶν
1497 3666 1707 3736 μέτρων
1733 3665 1992 3735 είδήμων,

415 3758 510 3810 καὶ
555 3760 665 3821 τοῖς
720 3756 964 3810 ἐντεῦθεν
1007 3756 1280 3828 ἡδύσμασι
1332 3758 1459 3820 τοὺς
1508 3757 1732 3819 πολλοὺς
1778 3756 1995 3810 ἔπειθεν

413 3848 562 3919 αύτῴ
593 3849 896 3919 προσέχειν.
931 3849 1153 3920 ’Ἄνδρες
1192 3867 1251 3903 τε
1277 3848 1427 3917 παρὰ
1451 3850 1576 3908 τοὺς
1597 3849 1794 3911 πότους
1815 3849 1910 3902 καὶ
1935 3852 1993 3902 ὲν

413 3943 612 4011 ἔργοις,
637 3944 729 3996 καὶ
755 3945 1008 4010 γυναῖκες
1035 3943 1186 4012 παρά
1217 3946 1340 4004 τοὺς
1365 3943 1541 4004 ἱστοὺς
1563 3941 1632 3992 τὰ
1652 3939 1818 3993 αὑτοῦ
1854 3941 1990 4011 μέλη

411 4033 656 4101 ἔψαλλον.
683 4033 924 4102 Σπουδῆς
945 4033 1052 4102 γὰρ
1084 4033 1176 4085 καὶ
1208 4032 1462 4094 ἀνέσεως,
1516 4033 1610 4085 καὶ
1645 4031 1866 4102 ἑορτῶν,
1897 4033 1990 4085 καὶ

409 4125 518 4177 τῶν
557 4123 751 4187 ἄλλων,
782 4124 914 4194 πρὸς
949 4123 1040 4176 τὸν
1076 4123 1302 4175 ἑκάστου
1347 4121 1535 4190 καιρὸν
1575 4121 1811 4174 είδύλλια
1843 4121 1990 4191 αύτῷ

410 4216 701 4286 πεπόνητο,
733 4214 908 4268 πάντα
936 4215 1015 4277 είς
1047 4213 1296 4281 εὐλογίαν
1329 4211 1464 4265 Θεοῦ
1497 4213 1762 4266 τείνοντα.
1785 4211 1988 4267 Μαθὼν

405 4302 500 4359 οὖν
530 4306 730 4376 ταύτην
761 4306 860 4377 τὴν
895 4305 1104 4375 αἵρεσιν
1152 4306 1232 4369 είς
1272 4303 1498 4367 πολλοὺς
1542 4303 1730 4375 ἕρπειν
1770 4304 1988 4376 πρῶτος

517 4485 531 4514 ¹
567 4481 725 4539 Socr.
761 4482 854 4538 lib.
888 4495 949 4545 It,
990 4495 1040 4535 c.
1077 4481 1166 4534 46.

2109 3133 2248 3182 sus,
2317 3119 2640 3171 societatem
2699 3129 2750 3172 et
2813 3117 3110 3172 amicitiam
3180 3132 3305 3171 cum
3361 3133 3426 3171 eo
3475 3118 3680 3186 junxit.

2103 3209 2320 3264 Abhinc
2362 3209 2414 3263 in
2450 3210 2576 3264 aliis
2607 3223 2830 3280 quoque
2854 3210 3177 3266 civitatibus
3207 3211 3504 3280 separatim
3548 3226 3680 3265 con-

2101 3309 2304 3357 ventus
2351 3317 2515 3372 agere
2558 3310 2848 3372 coeperunt
2890 3303 2995 3357 sub
3021 3303 3299 3373 episcopis
3337 3319 3452 3359 suae
3489 3313 3675 3368 sectae.

2101 3401 2156 3448 et
2196 3393 2398 3449 ritibus
2430 3394 2515 3449 usi
2548 3404 2678 3450 sunt
2732 3393 2803 3449 ab
2835 3393 3102 3464 .Ecclesia
3136 3395 3407 3452 catholica
3434 3397 3632 3452 alienis
3661 3417 3674 3450 :

2101 3495 2302 3554 praeter
2333 3500 2526 3540 sacros
2562 3485 2794 3556 hymnos
2821 3486 2916 3554 qui
2951 3487 3007 3540 in
3043 3485 3288 3541 Ecclesia
3320 3489 3443 3542 cani
3472 3490 3673 3550 solent.

2099 3579 2316 3631 cantica
2350 3577 2598 3646 quaedam
2645 3577 2892 3632 numeris
2937 3576 3165 3632 astricta
3209 3577 3527 3647 psallentes,
3555 3595 3678 3650 quae

2097 3669 2166 3723 ab
2198 3668 2513 3739 Apollinare
2551 3676 2711 3722 erant
2745 3667 3078 3739 excogitata.
3111 3667 3357 3740 Namque
3390 3671 3508 3736 hic,
3534 3687 3678 3742 pra:—

2104 3763 2191 3812 ter
2250 3757 2521 3826 reliquam
2582 3755 2990 3824 eruditionem,
3044 3760 3289 3830 poetices
3335 3773 3561 3832 quoque
3621 3773 3674 3817 ct

2095 3847 2279 3903 omnis
2309 3847 2530 3918 generis
2564 3847 2876 3903 carminum
2916 3862 3142 3924 gnarus,
3178 3850 3367 3906 multis
3397 3853 3670 3922 ejusmodi

2095 3943 2502 3998 oblectamento
2528 3945 2725 4012 captis,
2763 3952 2823 3999 ut
2857 3943 2960 4016 ipsi
2987 3945 3332 4002 adhaererent
3362 3949 3668 4016 persuasit;

2095 4033 2330 4102 denique
2355 4033 2456 4086 viri
2490 4033 2544 4087 in
2593 4034 2885 4096 conviviis,
2918 4042 2973 4088 et
3017 4035 3145 4087 dum
3191 4050 3331 4104 opus
3394 4021 3665 4096 facerent,

2094 4122 2353 4177 mulieres
2381 4138 2511 4177 vero
2554 4124 2699 4177 inter
2720 4123 3016 4177 texendum
3071 4124 3289 4178 cantica
3315 4124 3437 4193 ejus
3470 4125 3670 4194 psalle-

2091 4213 2245 4270 bant.
2282 4213 2494 4268 Etenim
2532 4227 2632 4284 pro
2683 4213 2871 4269 labore
2919 4224 3086 4284 atque
3130 4215 3267 4277 otio,
3324 4231 3426 4286 pro
3469 4216 3664 4271 diebus

2091 4303 2251 4360 festis
2280 4317 2344 4357 ac
2371 4303 2598 4373 reliquis
2625 4302 2906 4367 omnibus,
2941 4303 3129 4358 brevia
3161 4304 3406 4374 quaedam
3436 4319 3663 4376 compo-

1603 4631 1874 4689 VALESII
1911 4628 2467 4689 ANNOTATIONES.

403 4812 611 4866 dictum
639 4819 723 4866 est
746 4809 1022 4868 Cosiaium
1054 4831 1067 4866 :
1107 4811 1324 4880 tandem
1363 4817 1573 4866 mutata
1627 4810 1834 4870 littera,
1871 4809 1974 4880 Go-

2106 4807 2207 4880 ιερὶ
2246 4805 2611 4880 παντοδαπῆς⁸
2637 4804 2788 4876 ὕλης,
2814 4815 2895 4880 _nt_
2916 4805 3081 4880 refert
3113 4804 3424 4880 Stephanus
3455 4807 3665 4880 Byzan-

403 4883 620 4935 tiainm.
645 4880 708 4935 Et
732 4880 808 4937 ita
844 4883 1064 4949 quidem
1095 4879 1430 4951 Stephanus,
1457 4882 1549 4951 qui
1579 4900 1609 4934 υ
1641 4883 1693 4934 in
1725 4879 1972 4951 secunda

403 4953 610 5023 syllaba
637 4951 799 5021 hujus
830 4953 1016 5023 oppidi
1042 4966 1152 5006 non
1171 4949 1454 5023 agnoscit.
1485 4949 1560 5004 Ex
1593 4952 1698 5005 hoc
1724 4949 1973 5020 Phrygiae

401 5022 600 5092 oppido
631 5032 790 5092 ortus
834 5021 920 5077 εει
943 5021 1252 5092 Alexander
1287 5021 1521 5091 insignis
1553 5024 1970 5092 grammaticus,

399 5089 743 5162 Asclepiadis
782 5093 950 5157 (ilius,
993 5093 1087 5162 qui
1114 5091 1182 5162 de
1214 5092 1380 5162 variis
1406 5089 1758 5160 argumentis
1796 5089 1970 5144 libros

399 5161 764 5232 quadraginta
780 5162 922 5218 duos
947 5161 1282 5232 conscripsit
1309 5161 1409 5216 hoc
1430 5162 1585 5216 titulo
1611 5170 1968 5232 praenotatos,

2082 4874 2211 4933 tiu's.
2247 4877 2305 4930 In
2339 4878 2458 4946 ejus
2491 4874 2704 4930 laudem
2725 4874 3001 4931 Aristides
3029 4874 3346 4932 Orationem
3379 4874 3661 4933 iuni-Shretn

2079 4947 2326 5017 scripsit,
2380 4962 2504 5017 quae
2560 4947 2718 5000 hodie
2742 4955 2920 5002 exstat
2965 4962 3092 5002 cum
3127 4949 3358 5017 epistola
3412 4949 3659 5017 ejus.lem

2079 5013 2434 5090 Aristidisad
2458 5013 2733 5090 Δὃοιιξιιιιιη
2753 5026 2804 5069 et
2831 5019 3089 5090 populum
3118 5013 3534 5090 Cbtyaensiu—In.
3567 5017 3661 5090 Ti-

2076 5088 2229 5162 tulus
2271 5087 2520 5162 epistolae
2548 5085 2637 5162 _hic
2669 5097 2790 5162 est:
2837 5085 3188 5161 "Apis-zelon;
3225 5085 3299 5162 τῇ
3354 5088 3518 5160 βουλῇ
3567 5088 3661 5140 καὶ

2073 5156 2154 5229 τῷ
2174 5155 2330 5229 δήμῳ
2350 5155 2641 5209 Κοτυαέων
2668 5157 2898 5228 χαίρειν.

1843 5335 2230 5392 VABIORUM.

470 5519 497 5548 ι
547 5511 843 5579 Βιτὰλιος.
883 5513 1005 5566 Ἐπὶ
1051 5513 1148 5581 τῆς
1217 5511 1533 5581 Ἀντιοχέων
1584 5512 1866 5582 γενόμενοι
1919 5541 1974 5551 -

397 5580 533 5637 Cum
598 5599 830 5637 essemus
895 5580 1209 5646 Antiocliiw,
1276 5583 1330 5634 in
1394 5580 1972 5649 primarios‘illorum

397 5649 860 5724 [Dimmritarum]
902 5654 1204 5714 incidimus,
1247 5652 1412 5724 inter,
1440 5669 1568 5722 quos
1612 5663 1724 5706 erat
1785 5651 1974 5706 Vitatis

395 5723 690 5801 episcopus.
713 5723 864 5801 homo
887 5725 1014 5791 vita,
1037 5724 1291 5790 moribus,
1314 5733 1362 5776 et
1398 5723 1642 5778 instituto
1674 5725 1965 5794 religiosis‘

2081 5513 2268 5567 simus.
2298 5512 2375 5564 Ac
2427 5527 2546 5565 cum
2579 5528 2887 5582 magnopere
2941 5513 3092 5582 illum
3146 5510 3574 5575 adlrortaremur,
3605 5525 3655 5568 et

2085 5592 2328 5636 auctores
2378 5598 2631 5643 essemus.
2671 5581 2737 5636 fut
2769 5581 2909 5636 cum
2946 5581 3198 5653 Ecclesia:
3241 5581 3519 5642 catholica!
3551 5586 3654 5653 ﬁde

2081 5654 2422 5724 consentiret,
2449 5663 2557 5708 etc.
2609 5653 2950 5724 Epiphanius
3001 5653 3056 5706 in
3085 5652 3281 5708 haeresi
3336 5652 3653 5711 Dimmrita-

2073 5740 2216 5790 rum,
2247 5739 2368 5796 pag.
2398 5723 2552 5778 10H.
