4054 6188
391 292 521 349 Γόὓι

1314 285 1641 342 HISTORIA
1680 282 2227 341 ECCLESIASTICA.
2270 314 2338 322 —
2375 282 2503 338 LIB.
2547 281 2631 336 νι.

3504 285 3641 341 1562

385 413 612 485 γνώμην
645 411 876 480 ἔνειμεν.
923 406 1282 475 Ἀπολιναρίω
1326 405 1383 459 δέ
1430 407 1597 477 ἄμφω
1641 406 1737 478 τὴν
1785 407 1963 477 ἁμαρ-

2068 403 2336 474 ejusmodi
2379 404 2608 475 hymnos
2653 402 2869 473 publice
2915 402 3182 469 recitent,
3231 410 3459 458 cunctos
3515 419 3641 473 pro-

383 506 506 558 τίαν
551 500 786 572 δημοσίᾳ
839 495 1083 564 ἐλέγξας,
1132 497 1228 567 τῆς
1276 496 1600 568 Ἐκκλησίας
1650 498 1960 568 ἀφώρισενο

385 594 555 663 ἤστην
582 591 690 658 γὰρ
733 585 996 658 κληρικώ’
1044 588 1073 640 ό
1117 587 1214 657 μὲν
1259 586 1439 658 πατὴρ
1476 589 1877 660 πρεσϐύτερος.
1934 589 1962 640 ό

382 678 441 730 δὲ
501 678 631 738 παῖς
685 671 1038 744 ἀναγνώστης
1076 673 1156 727 ἐτι
1201 673 1310 728 τῶν
1347 675 1510 746 ἱερῶν
1538 677 1788 746 Γραφῶν.
1821 675 1962 746 Χρόσ

383 783 475 818 νου
503 763 560 816 δέ
585 780 730 828 τινος
757 763 1138 834 διαγενομένου
1183 765 1242 817 ἐν
1275 763 1505 838 δάκρυσι
1547 767 1641 820 καὶ
1693 766 1966 838 νηστείαις

384 850 620 915 ἐπαξίως
665 851 767 920 τῆς
817 851 1092 921 ἁμαρτίας
1142 852 1614 924 μεταμεληθέντας
1684 856 1964 925 προσίεται

385 936 546 990 πάλιν
575 935 846 999 Θεόδοτος.
896 936 984 1000 Ὦς
1017 937 1076 990 δὲ
1115 938 1215 1008 τὴν
1261 938 1429 1010 αὐτὴν
1465 941 1768 1015 ἐπισκοπὴν
1807 943 1965 1015 ἔλαχε

384 1028 675 1097 Γεὼργιος,
722 1030 818 1082 καὶ
868 1029 901 1099 ἡ
945 1029 1081 1102 πρὸς
1112 1030 1428 1087 Ἀθανάσιον
1468 1036 1721 1090 συνουσία
1747 1038 1970 1107 γέγονεν

396 1119 773 1190 Ἀπολιναρίῳ,
805 1119 881 1182 ὡς
928 1120 1171 1191 εἴρηται,
1224 1123 1584 1197 ἀκοινώνητον
1634 1126 1796 1181 αὐτὸν
1839 1127 1968 1181 ἀπο-

387 1211 566 1280 φαίνει
618 1209 839 1279 καὶτῆς
863 1209 1192 1281 Ἐκκλησίας
1221 1213 1514 1286 ἀλλότριον.
1558 1215 1616 1270 '0
1652 1216 1710 1270 δὲ
1751 1217 1966 1286 Λέγεται

391 1303 488 1373 μὲν
531 1299 788 1363 πολλάκις
844 1301 1008 1355 αὐτοῦ
1065 1301 1320 1374 δεηθῆναι
1367 1305 1473 1376 τὴν·
1508 1306 1790 1360 κοινωνίαν
1833 1310 1967 1362 ἀποο

384 1396 589 1450 λαϐεῖν.
631 1396 719 1459 Ὦς
746 1395 801 1448 δέ
832 1396 933 1449 οὐκ
969 1395 1174 1462 ἔπειθε,
1217 1397 1360 1469 λύπῃ
1405 1401 1697 1470 κρατηθεὶς
1739 1401 1966 1472 ἐτάραξε

383 1488 481 1560 τὴν
513 1485 860 1556 Ἐκκλησίαν,
890 1486 985 1540 καὶ
1015 1486 1299 1558 δογμάτων
1345 1489 1640 1560 καινότητα
1685 1492 1784 1562 τὴν
1815 1495 1965 1565 εἰρη-

387 1577 553 1646 μένην
581 1576 793 1647 αῖρεσιν
832 1577 1142 1646 εισήγαγεν,
1171 1577 1320 1648 ’ὅπερ
1346 1577 1577 1648 ἠδύνατο
1611 1579 1746 1649 (l8),
1775 1582 1961 1655 τέχνῃ,

383 1669 548 1740 φημὶ,
584 1668 757 1736 λόγων
791 1667 880 1721 τὸν
912 1668 1103 1740 ἐχθρὸν
1139 1670 1494 1739 ἀμυνόμενος,
1537 1673 1631 1726 καὶ
1676 1673 1968 1746 διελέγχων

381 1757 458 1820 ὡς
502 1757 561 1810 ἐν
605 1756 922 1827 διδασκαλίᾳ
973 1756 1132 1827 ἱερῶν
1173 1757 1456 1827 δογμάτων
1497 1761 1556 1813 οὐ
1590 1763 1828 1827 τοιοῦτος
1866 1765 1959 1829 ὢν,

381 1849 471 1902 τὸν
503 1847 711 1918 ἀμείνω
756 1847 1024 1901 καθεῖλεν.
1073 1847 1228 1901 Οὕτω
1285 1867 1360 1918 πη
1399 1852 1453 1903 αἱ
1487 1852 1614 1906 ἴδιαι
1642 1852 1832 1926 ἔχθραι
1856 1855 1964 1909 τῶν

382 1937 522 1991 κατὰ
541 1937 766 2008 καιροὺς
815 1937 1091 2008 κληρικῶν
1134 1937 1202 1990 τὰ
1244 1938 1477 2008 μέγιστα
1507 1940 1604 2010 τὴν
1635 1942 1962 2011 Ἐκκλησίαν

382 2028 644 2098 ἔϐλαψαν,
676 2028 770 2082 καὶ
796 2027 895 2100 τὴν
925 2027 1222 2098 Θρησκείαν
1245 2031 1324 2092 εἰς
1349 2029 1545 2094 πολλὰς
1569 2032 1806 2102 αἱρέσεις
1833 2049 1962 2086 κατι

2071 495 2231 552 fanos
2297 496 2546 552 homines
2602 509 2703 550 nec
2765 493 2939 550 sacris
2988 492 3098 548 illis
3164 493 3409 548 initiatos
3486 493 3636 546 foras

2071 591 2222 647 abire
2250 589 2532 660 jussisset,
2566 603 2666 644 nec
2688 587 2880 658 junior
2909 585 3263 657 Apollinaris,
3300 601 3398 642 nec
3430 568 3635 648 senior.

2070 696 2173 737 nec
2223 682 2366 738 ullus
2423 681 2650 736 omnino
2709 695 2777 734 ex
2831 676 3160 733 Christianis
3228 678 3321 746 qui
3390 678 3634 739 aderam,

2069 772 2323 829 discessit
2343 788 2408 828 ex
2437 771 2731 827 auditorio.
2756 768 2812 824 Id
2841 784 2964 824 cum
2992 767 3308 824 rescivisset
3327 767 3638 822 Theodotus

2069 861 2380 932 episcopus,
2413 862 2654 932 graviter
2682 865 3120 915 commotus-est.
3150 856 3229 912 Ac
3253 856 3487 926 reliquis
3517 857 3640 924 qui-

2069 955 2190 1008 dem
2234 953 2329 1023 qui
2365 967 2430 1008 ex
2457 952 2614 1022 plebe
2658 958 2834 1017 erant,
2868 949 3060 1005 leviter
3097 947 3398 1018 objurgatis
3428 947 3638 1001 veniam

2069 1039 2376 1102 concessit;
2428 1048 2723 1107 utrumque
2774 1046 2960 1092 autem
3007 1036 3377 1106 Apollinarem
3428 1035 3642 1104 publice

2069 1129 2380 1185 convictum
2452 1128 2697 1185 Ecclesia
2747 1127 2933 1198 ejecit.
2981 1126 3153 1181 Erant
3199 1127 3343 1182 enim
3401 1127 3639 1180 clerici:

2073 1227 2226 1289 pater
2248 1220 2468 1290 quidem
2493 1220 2796 1292 presbyter,
2825 1218 2968 1274 lilius
3001 1233 3130 1274 vero
3161 1218 3333 1272 lector
3359 1231 3640 1272 sacrarum

2074 1312 2506 1382 Scripturarum.
2539 1312 2833 1381 Aliquanto
2859 1320 2984 1382 post
3009 1318 3255 1378 tempore
3280 1308 3492 1377 elapso,
3517 1324 3642 1363 cum

2071 1402 2126 1456 in
2169 1402 2427 1473 iacrymis
2458 1416 2521 1456 ac
2561 1400 2790 1471 jejuniis
2848 1401 3228 1470 paenitentiam
3287 1397 3487 1452 delicto
3541 1411 3644 1451 suo

2069 1501 2456 1562 congruentem
2487 1494 2749 1563 egissent,
2777 1490 3092 1547 Theodotus
3116 1505 3214 1544 eos
3243 1488 3424 1543 denuo
3456 1502 3641 1543 susce—

2069 1583 2169 1652 pit.
2217 1581 2318 1638 Ubi
2354 1599 2492 1639 vero
2509 1583 2778 1653 Georgius
2806 1582 3184 1652 episcopatum
3224 1580 3376 1634 ilium
3412 1577 3644 1634 sortitus

2068 1684 2173 1739 est,
2203 1683 2256 1730 et
2288 1675 2643 1745 Apollinaris,
2677 1682 2737 1728 ut
2758 1675 2874 1745 jam
2913 1673 3051 1738 dixi,
3092 1685 3457 1742 congressum
3489 1669 3642 1722 illum

2000 1747 2040 1801 Β
2072 1764 2259 1818 habuit
2298 1780 2423 1818 cum
2465 1763 2787 1826 Athanasio,
2827 1777 2856 1816 a
2888 1760 3276 1817 communione
3302 1775 3426 1814 eum
3457 1758 3644 1811 exelu-

2070 1855 2142 1911 sit
2179 1855 2467 1924 Georgius,
2509 1861 2562 1908 et
2591 1854 2828 1908 alienum
2869 1853 2936 1908 ab
2969 1851 3213 1907 Ecclesia
3245 1848 3641 1921 pronuntiavit.

2070 1946 2138 2000 Et
2175 1944 2514 2016 Apollinaris
2560 1941 2779 2012 quidem
2825 1956 3201 2012 saepenumero
3247 1954 3374 1995 eum
3423 1950 3645 2006 rogasse

2069 2038 2294 2098 dicitur,
2331 2045 2390 2090 ut
2418 2037 2472 2088 in
2501 2032 2948 2088 communionem
2977 2031 3334 2100 reciperetur.
3379 2025 3486 2080 Sed
3520 2040 3642 2078 cum

381 2119 593 2188 έτεμον,
629 2119 938 2189 Τεκμήριον
967 2117 1026 2171 δὲ
1055 2118 1240 2172 τοῦτο’
1271 2121 1320 2172 εί
1358 2119 1466 2192 γὰρ
1501 2121 1700 2190 ὁμοίως
1729 2123 1964 2194 Θεοδότῳ

381 2210 478 2263 καὶ
519 2209 790 2281 Γεώργιος
836 2209 1282 2281 μεταμεληθέντα
1313 2212 1687 2282 Ἀπολινάριον
1725 2213 1962 2278 ἐδέξατο,

381 2303 483 2355 οὐκ
513 2300 601 2366 ἂν,
626 2297 802 2372 οἶμαι,
834 2304 866 2372 ή
892 2301 987 2355 ἀπ’
1014 2302 1178 2356 αὑτοῦ
1204 2304 1508 2375 καλουμένη
1536 2307 1743 2376 αἵρεσις
1784 2304 1867 2380 ἦν.
1908 2311 1971 2364 'H

381 2392 492 2462 γὰρ
531 2390 845 2462 ἀνθρωπεία
885 2392 1064 2461 φύσις,
1106 2393 1594 2466 ὕπερφρονουμένη
1628 2397 1746 2467 μὲν,
1795 2400 1996 2454 άπαυ-’

382 2480 693 2546 Θαδιάζεται
711 2483 848 2554 (i9),
875 2483 971 2537 καὶ
996 2485 1074 2546 εἰς
1097 2485 1428 2552 φιλονεικίαν
1457 2487 1550 2539 καὶ
1573 2491 1970 2559 νεωτερισμοὺς

382 2570 735 2625 καθίσταταιο
769 2572 1112 2627 ἀπολαύουσα
1135 2573 1193 2627 δέ
1217 2573 1326 2628 τῶν
1348 2575 1498 2642 ἴσων,
1526 2577 1838 2646 μετριάζειν
1874 2579 1967 2633 καὶ

382 2661 476 2715 ἐπὶ
508 2662 616 2715 τῶν
643 2663 822 2717 αὐτῶν
850 2663 1031 2734 μένειν
1060 2664 1218 2733 φιλεῖ.

384 2754 527 2808 inter
549 2754 1092 2812 clericosiuimicitia:
1127 2757 1424 2814 Ecclesiam
1474 2758 1710 2816 subinde
1765 2761 2004 2818 maximo
2077 2759 2406 2816 detrimento
2445 2759 2774 2821 affecerunt,
2823 2766 2876 2812 ct
2913 2756 3280 2813 Christianam
3325 2755 3640 2825 religionem

383 2846 566 2901 varias
605 2846 660 2901 in
700 2855 882 2904 sectas
925 2849 1288 2907 disciderunt.
1327 2851 1500 2923 Cujus
1533 2855 1612 2910 rei
1660 2864 2043 2926 argumentum
2110 2854 2238 2910 hinc
2311 2857 2553 2925 suppetit
2598 2875 2610 2910 :
2652 2853 2786 2908 Nam
2866 2853 2911 2908 si
2962 2851 3231 2923 Georgius
3280 2851 3634 2920 pmnitentem

382 2938 718 3008 suscepisset
768 2939 1156 3009 Apollinarem,
1209 2943 1435 3012 perinde
1488 2961 1553 3000 ac
1601 2944 1941 3012 Theodotus,
1978 2945 2204 3002 haeresis
2244 2945 2335 3000 illa
2375 2960 2499 3016 quae
2543 2946 2612 3000 ab
2650 2945 2773 3016 ejus
2843 2944 3066 3000 nomine
3114 2948 3429 3011 nuncupata
3497 2948 3616 3004 est,

382 3027 544 3083 hodie
597 3037 656 3083 ut
711 3031 908 3100 opinor
961 3049 1070 3088 non
1124 3041 1386 3091 exstaret.
1435 3034 1642 3093 Natura
1713 3039 1859 3094 enim
1914 3039 1990 3094 ita
2057 3039 2359 3108 comparati
2387 3049 2518 3095 sunt
2551 3039 2913 3107 bomiues,ut
2955 3037 3196 3108 despecti
3230 3034 3446 3106 quidem
3483 3033 3626 3088 inso-

383 3119 614 3182 lcscant,
637 3127 693 3174 et
717 3122 1052 3179 contentioni
1079 3138 1144 3180 ac
1164 3127 1330 3183 rebus
1355 3127 1514 3184 novis
1540 3129 1830 3184 studeant:
1860 3129 1950 3185 ubi
1991 3141 2121 3183 vero
2147 3141 2362 3199 aequum
2390 3129 2571 3201 adepti
2604 3136 2752 3195 sunt,
2798 3126 3078 3183 moderate
3107 3141 3166 3182 se
3191 3131 3382 3196 gerant
3442 3129 3497 3178 et
3561 3119 3618 3176 in
3640 3141 3650 3154 ν’

383 3209 572 3266 eodem
595 3217 742 3267 statu
771 3226 1150 3283 permaneant.

948 3309 1196 3365 ΚΕΦΑΛ.
1250 3313 1396 3380 Kq'.
1991 3333 2031 3391 ε

382 3392 521 3460 Περὶ
536 3396 834 3466 Εὐνομίαν
853 3399 950 3452 καὶ
976 3400 1080 3454 τοῦ
1101 3401 1470 3458 διδασκάλου
1490 3407 1678 3462 αὑτοῦ
1700 3411 1958 3464 Ἀετίου·

688 3464 826 3557 ὀιαεί
837 3469 1080 3557 αὐτοὺς,
1108 3471 1206 3524 καὶ
1233 3473 1294 3557 τί
1317 3473 1718 3557 ἐδογμᾴζιζονζ
1743 3480 1843 3557 θεαὶ
1875 3481 1962 3536 ὅτι

453 3538 670 3601 πρῶτοι
717 3538 894 3615 οὗτοι⁵
917 3538 1065 3606 μίαν
1107 3538 1576 3600 κατάδυσιῖἐπὶ
1618 3538 1722 3603 τοῦ
1744 3551 1963 3615 ,βαπτί-

2071 2145 2196 2183 eum
2247 2127 2465 2182 ﬂectere
2501 2141 2609 2180 non
2653 2131 2856 2194 posset.
2889 2121 3052 2192 252
3096 2122 3287 2176 dolore
3331 2124 3644 2188 superatus.

2073 2217 2370 2272 Ecelesiam
2396 2215 2640 2276 turbare.
2672 2220 2725 2267 et
2759 2210 3075 2281 dogmatum
3105 2209 3418 2268 novitatem,
3454 2218 3646 2272 supra-

2073 2308 2278 2362 dictam
2317 2306 2572 2362 videlicet
2623 2304 2896 2364 haeresim,
2929 2300 3193 2356 inducere
3213 2311 3505 2370 aggressus
3524 2302 3642 2350 est:

2070 2413 2132 2453 ea
2191 2405 2310 2452 arte
2361 2412 2467 2467 qua
2509 2394 2807 2465 plurimum
2859 2392 3110 2458 valebat,
3157 2388 3376 2446 dicendi
3435 2385 3645 2443 scilicet

2070 2487 2361 2550 facultate.
2407 2486 2689 2540 inimicum
2729 2483 3037 2548 ulciscens,
3076 2491 3132 2537 et
3183 2479 3328 2550 quod
3369 2477 3642 2532 hominem

2069 2579 2125 2634 in
2171 2593 2456 2636 sacrarum
2522 2577 2853 2630 Litterarum
2910 2575 3159 2629 doctrina
3203 2571 3639 2644 prazstantiorem

2073 2670 2192 2739 ipse
2226 2666 2454 2724 inferior
2483 2666 2858 2736 deposuisset,
2893 2665 3249 2734 redarguens.
3301 2661 3378 2714 Ita
3420 2660 3643 2731 privata

2657 3310 2812 3366 CAP.
2853 3307 3042 3364 XXVI.

2067 3413 2144 3469 De
2180 3410 2460 3475 Eunomia,
2496 3405 2632 3460 etde
2665 3404 2926 3475 magistro
2949 3401 3062 3470 ejus
3103 3399 3274 3454 Aetio.
3311 3398 3442 3475 Qua;
3481 3397 3642 3475 fuerit

2138 3483 2412 3550 utriusque
2449 3468 2600 3550 'pita,
2639 3483 2688 3527 et
2738 3468 2854 3542 q'ua:
2891 3468 3257 3550 dogmata,“
3299 3468 3437 3550 quod
3483 3468 3642 3537 primi

2139 3538 2349 3606 unicam
2373 3551 2426 3603 in
2457 3547 2717 3614 baptismo
2742 3538 3052 3596 mersionem
3083 3538 3410 3593 induxerint.

451 3617 681 3673 σματος
710 3606 1076 3676 ἐπενόησαν.

465 3695 632 3766 Ἀμφὶ
679 3697 736 3750 δέ
787 3698 974 3752 τοῦτον
1017 3699 1109 3753 τὸν
1135 3697 1146 3700 ’
1161 3700 1351 3772 χρόνον
1401 3704 1683 3777 Εὐνόμιος,
1731 3710 1790 3773 ὃς
1841 3712 1964 3765 ἀντὶ

395 3782 667 3837 Ἐλευσίου
711 3783 810 3856 τὴν
855 3787 912 3839 ἐν
968 3788 1192 3860 Κυζίκῳ
1226 3789 1548 3862 Ἐκκλησίαν
1593 3801 1832 3869 κατεῖχε,
1865 3802 1963 3872 τῆς

394 3872 603 3942 Ἀρείου
652 3875 918 3946 αἱρέσεως
962 3879 1377 3949 προϊστάμενος,
1417 3882 1611 3952 ἑτέραν
1655 3887 1804 3958 παρὰ
1839 3889 1965 3942 ταύ-

379 3979 478 4032 την
508 3965 869 4036 εἰσηγήσατοο
928 3966 996 4039 ἢν
1027 3970 1076 4022 οἱ
1109 3969 1206 4040 μὲν
1242 3970 1335 4024 ἀπ’
1377 3974 1540 4029 αὐτοῦ
1576 3978 1928 4049 ὀνομάζουσιν
1949 4020 1962 4044 ,

379 4052 430 4104 οι
476 4052 533 4105 δὲ
591 4054 689 4125 τὴν
736 4055 847 4110 τῶν
883 4057 1172 4129 Ἀνομοίων
1220 4061 1464 4116 καλοῦσι.
1509 4065 1647 4120 Φασὶ
1690 4067 1747 4122 δέ
1795 4087 1959 4134 τινες,

381 4143 596 4212 πρῶτον
627 4141 815 4200 τοῦτον
852 4147 1114 4219 Εὐνόμιον
1152 4150 1877 4226 τολμῆσαιοείσηγὴσασθαι,
1907 4161 1964 4214 ἐν

387 4235 486 4304 μιᾷ
523 4235 810 4289 καταδύσει
847 4238 1041 4309 χρῆναι
1073 4242 1337 4296 ἐπιτελεῖν
1370 4244 1467 4314 τὴν
1499 4248 1648 4300 Θείαν
1687 4248 1963 4317 βάπτισιν,

383 4326 478 4377 καὶ
527 4329 912 4399 παραχαράξαι
965 4331 1064 4403 τὴν
1117 4334 1224 4387 ἀπὸ
1281 4335 1389 4388 τῶν
1427 4338 1736 4393 ἀποστόλων
1795 4342 1965 4395 εἰσέτι

381 4417 478 4471 νῦν
507 4419 564 4472 ἐν
590 4421 722 4474 πᾶσι
769 4421 1176 4495 φυλαττομένην
1222 4427 1538 4498 παράδοσιν,
1580 4432 1673 4484 καὶ
1723 4433 1800 4496 ὼς
1838 4432 1960 4486 ἐπί-

383 4526 524 4572 παν,
583 4509 776 4581 ἑτέραν
825 4511 948 4566 τινὰ
997 4512 1098 4583 τῆς
1139 4514 1304 4569 αὑτοῦ
1339 4515 1666 4590 Ἐκκλησίας
1724 4521 1964 4594 ἐξευρεῖν

382 4601 626 4672 ἀγωγὴν,
657 4604 946 4676 σεμνότητι
987 4607 1080 4661 καὶ
1109 4608 1365 4682 ἀκριϐείᾳ
1406 4611 1610 4666 πλείονι
1647 4613 1745 4685 τὴν
1784 4615 1964 4670 καινό-

377 4709 520 4764 τητα
553 4695 984 4765 περιπέττουσαν
1004 4736 1019 4751 .
1063 4700 1312 4768 Ἐγένετο
1358 4702 1416 4755 δέ
1463 4706 1556 4758 καί
1600 4706 1851 4778 τεχνίτης
1889 4707 1972 4760 λό-

381 4802 514 4853 γων,
546 4786 639 4839 καὶ
666 4787 937 4858 ἐριστικὺς
958 4828 973 4853 ,
999 4791 1092 4844 καὶ
1115 4792 1488 4862 συλλογισμοῖς
1515 4796 1720 4867 χαίρων
1743 4814 1755 4827 ·
1782 4798 1959 4852 τοιού-

380 4893 506 4940 τους
558 4877 617 4931 δὲ
671 4881 796 4942 τοὺς
853 4881 1083 4945 πολλοὺς
1127 4882 1235 4937 τῶν
1285 4884 1354 4938 τὰ
1405 4885 1567 4939 αὐτοῦ
1623 4889 1963 4958 φρονούντων

381 4966 528 5019 ἐστιν
561 4967 706 5020 ἰδεῖν.
736 4968 813 5021 Οὐ
851 4969 1051 5038 μᾶλλον
1091 4971 1200 5043 γὰρ
1244 4973 1520 5028 ἐπαινοῦσι
1558 4974 1669 5045 βίον
1695 4977 1896 5046 ἀγαθὸν
1927 4978 1959 5046 ἢ

380 5057 658 5129 τρόπον,ῆ
692 5057 783 5111 τὸν
831 5059 956 5130 περὶ
988 5061 1112 5123 τοὺς
1159 5061 1443 5133 δεομένους
1479 5063 1644 5129 ἔλεον,
1691 5069 1739 5120 εί
1778 5066 1854 5139 μὴ
1897 5067 1965 5121 τὰ

380 5147 520 5200 αὐτὰ
566 5148 866 5214 δοξάζοιεν·
917 5152 1041 5206 ὅσον
1085 5152 1141 5206 ετ
1178 5171 1260 5218 τις
1303 5155 1591 5227 ἐριστικῶς
1641 5158 1958 5227 διαλέγοιτο,

379 5238 476 5292 καὶ
513 5243 732 5310 κρατεῖν
763 5241 945 5314 δοκοίη
995 5243 1464 5314 συλλογιζόμενοςο
1500 5250 1527 5300 ό
1565 5248 1803 5311 τοιοῦτος
1853 5250 1962 5321 γὰρ

337 5359 362 5450 ’ξ
461 5356 477 5387 ¹
512 5355 649 5412 Socr
699 5358 794 5414 lib.
822 5375 895 5426 IV,
926 5375 978 5416 c.
1001 5361 1032 5414 7
1067 5368 1120 5417 et
1143 5377 1198 5426 ν,
1228 5377 1276 5416 c.
1310 5361 1395 5419 25.

2136 3705 2339 3761 Eodem
2370 3703 2485 3760 fere
2517 3712 2757 3772 tempore
2785 3697 3113 3764 Eunomius,
3140 3696 3250 3768 qui-
3272 3693 3475 3751 Eleusii
3518 3695 3639 3749 loco

2065 3798 2388 3870 Cyzicenam
2455 3793 2678 3865 regebat
2741 3789 3073 3854 Ecclesiam,
3130 3803 3255 3843 cum
3312 3785 3639 3844 Arianorum

2066 3897 2230 3948 secta:
2282 3891 2560 3958 praesset,
2612 3896 2806 3938 novam
2859 3880 3087 3951 insuper
3132 3875 3383 3932 haeresim
3436 3873 3641 3928 invexit

2065 3996 2232 4054 quam
2277 3977 2372 4033 alii
2417 3975 2638 4048 quidem
2667 3989 2730 4029 ex
2767 3972 2889 4044 ejus
2918 3970 3162 4035 nomine,
3192 3967 3303 4022 alii-
3327 3981 3461 4021 vero
3491 3967 3638 4020 Ano-

2069 4085 2334 4128 mmorum
2365 4067 2706 4140 appellant‘.
2741 4065 2909 4119 Aiunt
2942 4075 3106 4134 porro
3131 4060 3280 4114 hunc
3313 4057 3634 4111 Eunomium

2067 4166 2301 4236 primum
2336 4159 2582 4216 omnium
2631 4172 2824 4212 ausum
2878 4168 3002 4210 esse
3040 4164 3316 4215 asserere,
3352 4147 3495 4218 quod
3551 4162 3639 4202 sa-

2065 4269 2222 4310 crum
2264 4251 2536 4321 baptisma
2576 4247 2736 4302 unica
2783 4244 3058 4300 mersione
3108 4238 3475 4313 peragendum
3523 4239 3636 4293 sit:

2066 4354 2119 4401 et
2153 4342 2510 4414 apostolicam
2545 4338 2898 4394 traditionem
2937 4350 3063 4406 quae
3087 4333 3390 4391 etiamnum
3437 4330 3639 4399 ubique

2069 4443 2344 4499 servatur,
2380 4430 2732 4501 corrupisse:
2767 4428 2932 4482 aliam
2966 4426 3203 4497 denique
3237 4423 3499 4479 Ecclesia:
3527 4438 3638 4478 sua:

2067 4525 2414 4596 disciplinam
2462 4521 2738 4594 plerisque
2779 4519 2835 4574 in
2883 4519 3049 4576 rebus
3083 4515 3484 4579 introduxisse,
3518 4529 3640 4585 quae

2065 4617 2338 4690 gravitate
2380 4629 2444 4669 ac
2498 4611 2791 4670 severitate
2842 4609 3080 4681 quadam
3133 4606 3430 4662 novitatem
3483 4620 3637 4660 suam

2005 4703 2046 4756 D
2073 4712 2367 4778 obtegeret.
2404 4704 2525 4758 Fuit
2551 4709 2731 4756 autem
2761 4699 3130 4770 peritissimus
3156 4695 3374 4752 dicendi
3415 4695 3634 4756 artifex,

2065 4807 2119 4854 et
2160 4794 2624 4867 disputationibus
2657 4798 2820 4862 atque
2854 4789 3193 4861 argumentis
3238 4787 3636 4845 delectabatur.

2064 4891 2226 4946 Certe
2283 4888 2576 4957 plerosque
2629 4899 2822 4940 eorum
2867 4881 2962 4952 qui
3001 4881 3144 4935 hanc
3206 4887 3411 4935 sectam
3467 4879 3599 4947 pmﬁ

2064 4990 2280 5043 tentur,
2353 4978 2622 5049 ejusmodi
2687 4976 2906 5048 ingenio
2979 4972 3240 5044 praeditos
3319 4971 3444 5027 licet
3517 4984 3638 5024 cer—

2069 5087 2220 5128 nere.
2262 5069 2450 5140 Neque
2472 5068 2616 5123 enim
2650 5067 2772 5124 vitae
2808 5079 3135 5136 morumque
3182 5063 3507 5133 probitatem
3529 5099 3544 5123 ,
3584 5069 3638 5114 et

2073 5163 2129 5218 in
2161 5169 2382 5233 egentes
2425 5160 2861 5217 misericordiam
2902 5165 3116 5213 tantum
3159 5155 3383 5212 laudant
3439 5154 3492 5208 in
3540 5153 3635 5205 ali-

2071 5267 2199 5323 quo,
2231 5250 2334 5305 nisi
2367 5248 2506 5305 forte
2535 5250 2586 5306 is
2607 5255 2824 5316 sectam
2865 5248 3108 5318 ipsorum
3144 5254 3424 5314 sequatur,
3463 5251 3635 5306 quan-

1583 5473 1855 5528 VALESII
1890 5474 2443 5533 ANNOTATIONES.

414 5561 566 5651 “(#8)
799 5563 1076 5651 gemere.
1104 5564 1219 5618 Non
1247 5565 1438 5651 dubito
1461 5566 1593 5651 quin
1618 5565 1964 5651 scribendum

383 5633 455 5707 sit
484 5633 537 5685 in
575 5633 946 5707 titilivouéﬁsp
973 5633 1225 5707 ἠδύνατο.
1279 5638 1458 5707 Atque
1483 5633 1575 5691 ita
1627 5637 1865 5693 Savilius
1899 5637 1965 5692 ad

385 5701 530 5758 latus
556 5702 640 5758 sui
675 5703 884 5760 codicis
909 5701 1255 5760 emendat-at.

2148 5569 2262 5637 (19)
2303 5569 2838 5629 Ἀπίιυθαὸιάζεται.
2871 5565 3138 5637 ln_c_od_i_ce
3165 5559 3460 5614 Fukctiano
3491 5561 3632 5637 scri-

2072 5633 2224 5707 ptuin
2245 5633 2438 5694 inveni
2461 5640 2902 5701 άπαυθαδίζεται.
2935 5633 3174 5688 Similem
3205 5643 3444 5686 errorem
3473 5636 3630 5687 antea

2073 5726 2292 5780 quoque
2319 5717 2512 5765 notare
2545 5708 2785 5764 memini.
