  <div class='ocr_page' id='page_1' title='image "/cluster/home/n/w/nwhite01/storage/ocr_20150623/67/hvd.32044020707378/687.png"; bbox 0 0 4054 6188; ppageno 0'>
   <div class='ocr_carea' id='block_1_1' title="bbox 541 209 680 263">
    <p class='ocr_par' dir='ltr' id='par_1_1' title="bbox 541 209 680 263">
     <span class='ocr_line' id='line_1_1' title="bbox 541 209 680 263; baseline 0 -1"><span class='ocrx_word' id='word_1_1' title='bbox 541 209 680 263; x_wconf 72' lang='grc'><strong>1565</strong></span> 
     </span>
    </p>
   </div>
   <div class='ocr_carea' id='block_1_2' title="bbox 532 323 2108 398">
    <p class='ocr_par' dir='ltr' id='par_1_2' title="bbox 532 323 2097 398">
     <span class='ocr_line' id='line_1_2' title="bbox 532 323 2097 398; baseline 0 -19"><span class='ocrx_word' id='word_1_2' title='bbox 532 335 645 380; x_wconf 90' lang='lat' dir='ltr'><strong>tum</strong></span> <span class='ocrx_word' id='word_1_3' title='bbox 667 323 890 378; x_wconf 87' lang='lat' dir='ltr'><strong>laudare</strong></span> <span class='ocrx_word' id='word_1_4' title='bbox 925 325 1124 390; x_wconf 83' lang='lat' dir='ltr'><strong>solent,</strong></span> <span class='ocrx_word' id='word_1_5' title='bbox 1160 327 1205 378; x_wconf 89' lang='lat' dir='ltr'><strong>si</strong></span> <span class='ocrx_word' id='word_1_6' title='bbox 1247 328 1368 396; x_wconf 84' lang='lat' dir='ltr'><strong>quis</strong></span> <span class='ocrx_word' id='word_1_7' title='bbox 1408 328 1459 380; x_wconf 93' lang='lat' dir='ltr'><strong>iu</strong></span> <span class='ocrx_word' id='word_1_8' title='bbox 1504 327 1832 398; x_wconf 86' lang='lat' dir='ltr'><strong>disputando</strong></span> <span class='ocrx_word' id='word_1_9' title='bbox 1871 339 2097 380; x_wconf 87' lang='lat' dir='ltr'><strong>conten-</strong></span> 
     </span>
    </p>
   </div>
   <div class='ocr_carea' id='block_1_3' title="bbox 2145 323 3270 398">
    <p class='ocr_par' dir='ltr' id='par_1_3' title="bbox 2145 324 3270 398">
     <span class='ocr_line' id='line_1_3' title="bbox 2145 324 3270 398; baseline -0.002 -18"><span class='ocrx_word' id='word_1_10' title='bbox 2145 327 2430 398; x_wconf 55' lang='lat' dir='ltr'><strong>Aebceﬁgg</strong></span> <span class='ocrx_word' id='word_1_11' title='bbox 2485 327 2633 397; x_wconf 84' lang='grc' dir='ltr'>παρὰ</span> <span class='ocrx_word' id='word_1_12' title='bbox 2697 327 2900 389; x_wconf 79' lang='grc' dir='ltr'><strong>πάντας</strong></span> <span class='ocrx_word' id='word_1_13' title='bbox 2957 324 3270 396; x_wconf 67' lang='grc' dir='ltr'>νομίζεται.</span> 
     </span>
    </p>
   </div>
   <div class='ocr_carea' id='block_1_4' title="bbox 532 415 2102 489">
    <p class='ocr_par' dir='ltr' id='par_1_4' title="bbox 532 415 2102 489">
     <span class='ocr_line' id='line_1_4' title="bbox 532 415 2102 489; baseline 0.002 -19"><span class='ocrx_word' id='word_1_14' title='bbox 532 418 708 472; x_wconf 81' lang='lat' dir='ltr'><strong>tiasus</strong></span> <span class='ocrx_word' id='word_1_15' title='bbox 734 415 919 477; x_wconf 82' lang='lat' dir='ltr'><strong>fuerit,</strong></span> <span class='ocrx_word' id='word_1_16' title='bbox 947 426 999 471; x_wconf 91' lang='lat' dir='ltr'><strong>et</strong></span> <span class='ocrx_word' id='word_1_17' title='bbox 1025 417 1376 474; x_wconf 74' lang='lat' dir='ltr'><strong>adversarios</strong></span> <span class='ocrx_word' id='word_1_18' title='bbox 1413 420 1797 474; x_wconf 89' lang='lat' dir='ltr'><strong>ratiocinando</strong></span> <span class='ocrx_word' id='word_1_19' title='bbox 1841 435 2102 489; x_wconf 86' lang='lat' dir='ltr'><strong>superare</strong></span> 
     </span>
    </p>
   </div>
   <div class='ocr_carea' id='block_1_5' title="bbox 532 495 2101 582">
    <p class='ocr_par' dir='ltr' id='par_1_5' title="bbox 532 495 2101 582">
     <span class='ocr_line' id='line_1_5' title="bbox 532 495 2101 582; baseline 0.003 -23"><span class='ocrx_word' id='word_1_20' title='bbox 532 495 815 572; x_wconf 54' lang='lat' dir='ltr'><strong>videatur;</strong></span> <span class='ocrx_word' id='word_1_21' title='bbox 857 507 1168 576; x_wconf 87' lang='lat' dir='ltr'><strong>hujusmodi</strong></span> <span class='ocrx_word' id='word_1_22' title='bbox 1198 510 1342 564; x_wconf 88' lang='lat' dir='ltr'><strong>enim</strong></span> <span class='ocrx_word' id='word_1_23' title='bbox 1403 512 1485 564; x_wconf 77' lang='lat' dir='ltr'><strong>vir</strong></span> <span class='ocrx_word' id='word_1_24' title='bbox 1526 527 1634 581; x_wconf 68' lang='lat' dir='ltr'><strong>pra:</strong></span> <span class='ocrx_word' id='word_1_25' title='bbox 1669 512 1893 582; x_wconf 93' lang='lat' dir='ltr'><strong>reliquis</strong></span> <span class='ocrx_word' id='word_1_26' title='bbox 1923 512 2101 564; x_wconf 88' lang='lat' dir='ltr'><strong>omni-</strong></span> 
     </span>
    </p>
   </div>
   <div class='ocr_carea' id='block_1_6' title="bbox 533 598 2102 677">
    <p class='ocr_par' dir='ltr' id='par_1_6' title="bbox 533 598 2102 677">
     <span class='ocr_line' id='line_1_6' title="bbox 533 598 2102 677; baseline 0 -23"><span class='ocrx_word' id='word_1_27' title='bbox 533 600 632 654; x_wconf 88' lang='lat' dir='ltr'><strong>bus</strong></span> <span class='ocrx_word' id='word_1_28' title='bbox 687 598 814 667; x_wconf 85' lang='lat' dir='ltr'><strong>pius</strong></span> <span class='ocrx_word' id='word_1_29' title='bbox 858 599 928 652; x_wconf 83' lang='lat' dir='ltr'><strong>ab</strong></span> <span class='ocrx_word' id='word_1_30' title='bbox 968 600 1077 654; x_wconf 86' lang='lat' dir='ltr'><strong>illis</strong></span> <span class='ocrx_word' id='word_1_31' title='bbox 1117 600 1486 657; x_wconf 78' lang='lat' dir='ltr'><strong>existimatur.</strong></span> <span class='ocrx_word' id='word_1_32' title='bbox 1542 603 1646 656; x_wconf 82' lang='lat' dir='ltr'><strong>Alii</strong></span> <span class='ocrx_word' id='word_1_33' title='bbox 1703 618 1835 677; x_wconf 86' lang='lat' dir='ltr'><strong>vero</strong></span> <span class='ocrx_word' id='word_1_34' title='bbox 1891 601 2102 666; x_wconf 89' lang='lat' dir='ltr'><strong>dicunt,</strong></span> 
     </span>
    </p>
   </div>
   <div class='ocr_carea' id='block_1_7' title="bbox 534 688 2105 765">
    <p class='ocr_par' dir='ltr' id='par_1_7' title="bbox 534 688 2105 765">
     <span class='ocr_line' id='line_1_7' title="bbox 534 688 2105 765; baseline 0.005 -23"><span class='ocrx_word' id='word_1_35' title='bbox 534 705 672 757; x_wconf 80' lang='lat' dir='ltr'><strong>quos</strong></span> <span class='ocrx_word' id='word_1_36' title='bbox 723 688 942 758; x_wconf 87' lang='lat' dir='ltr'><strong>quidem</strong></span> <span class='ocrx_word' id='word_1_37' title='bbox 984 691 1197 748; x_wconf 84' lang='lat' dir='ltr'><strong>veriora</strong></span> <span class='ocrx_word' id='word_1_38' title='bbox 1249 691 1431 747; x_wconf 78' lang='lat' dir='ltr'><strong>dicere</strong></span> <span class='ocrx_word' id='word_1_39' title='bbox 1481 694 1742 760; x_wconf 76' lang='lat' dir='ltr'><strong>arbitror,</strong></span> <span class='ocrx_word' id='word_1_40' title='bbox 1783 693 2105 765; x_wconf 78' lang='lat' dir='ltr'><strong>Theophra-</strong></span> 
     </span>
    </p>
   </div>
   <div class='ocr_carea' id='block_1_8' title="bbox 535 780 2104 854">
    <p class='ocr_par' dir='ltr' id='par_1_8' title="bbox 535 780 2104 854">
     <span class='ocr_line' id='line_1_8' title="bbox 535 780 2104 854; baseline 0.006 -22"><span class='ocrx_word' id='word_1_41' title='bbox 535 783 680 833; x_wconf 89' lang='lat' dir='ltr'><strong>uium</strong></span> <span class='ocrx_word' id='word_1_42' title='bbox 730 780 1131 851; x_wconf 80' lang='lat' dir='ltr'><strong>Cappadocem,</strong></span> <span class='ocrx_word' id='word_1_43' title='bbox 1181 790 1239 838; x_wconf 92' lang='lat' dir='ltr'><strong>et</strong></span> <span class='ocrx_word' id='word_1_44' title='bbox 1298 783 1645 854; x_wconf 80' lang='lat' dir='ltr'><strong>Eutychium,</strong></span> <span class='ocrx_word' id='word_1_45' title='bbox 1681 785 1842 840; x_wconf 88' lang='lat' dir='ltr'><strong>istius</strong></span> <span class='ocrx_word' id='word_1_46' title='bbox 1878 785 2104 841; x_wconf 69' lang='lat' dir='ltr'><strong>haeresis</strong></span> 
     </span>
    </p>
   </div>
   <div class='ocr_carea' id='block_1_9' title="bbox 535 871 2104 946">
    <p class='ocr_par' dir='ltr' id='par_1_9' title="bbox 535 871 2104 946">
     <span class='ocr_line' id='line_1_9' title="bbox 535 871 2104 946; baseline 0.003 -21"><span class='ocrx_word' id='word_1_47' title='bbox 535 871 852 926; x_wconf 78' lang='lat' dir='ltr'><strong>defensores</strong></span> <span class='ocrx_word' id='word_1_48' title='bbox 881 873 1205 936; x_wconf 88' lang='lat' dir='ltr'><strong>acerrimos,</strong></span> <span class='ocrx_word' id='word_1_49' title='bbox 1244 875 1526 943; x_wconf 84' lang='lat' dir='ltr'><strong>sequentis</strong></span> <span class='ocrx_word' id='word_1_50' title='bbox 1565 877 1918 946; x_wconf 77' lang='lat' dir='ltr'><strong>imperatoris</strong></span> <span class='ocrx_word' id='word_1_51' title='bbox 1950 877 2104 946; x_wconf 76' lang='lat' dir='ltr'><strong>prin-</strong></span> 
     </span>
    </p>
   </div>
   <div class='ocr_carea' id='block_1_10' title="bbox 534 963 2103 1038">
    <p class='ocr_par' dir='ltr' id='par_1_10' title="bbox 534 963 2103 1038">
     <span class='ocr_line' id='line_1_10' title="bbox 534 963 2103 1038; baseline 0.005 -24"><span class='ocrx_word' id='word_1_52' title='bbox 534 963 737 1033; x_wconf 82' lang='lat' dir='ltr'><strong>cipalu,</strong></span> <span class='ocrx_word' id='word_1_53' title='bbox 771 979 894 1018; x_wconf 92' lang='lat' dir='ltr'><strong>cum</strong></span> <span class='ocrx_word' id='word_1_54' title='bbox 937 980 997 1020; x_wconf 87' lang='lat' dir='ltr'><strong>se</strong></span> <span class='ocrx_word' id='word_1_55' title='bbox 1031 966 1101 1020; x_wconf 91' lang='lat' dir='ltr'><strong>ab</strong></span> <span class='ocrx_word' id='word_1_56' title='bbox 1135 965 1400 1020; x_wconf 86' lang='lat' dir='ltr'><strong>Eunomio</strong></span> <span class='ocrx_word' id='word_1_57' title='bbox 1427 968 1796 1038; x_wconf 82' lang='lat' dir='ltr'><strong>abrupissent,</strong></span> <span class='ocrx_word' id='word_1_58' title='bbox 1847 979 1959 1023; x_wconf 90' lang='lat' dir='ltr'><strong>tum</strong></span> <span class='ocrx_word' id='word_1_59' title='bbox 1993 970 2103 1023; x_wconf 87' lang='lat' dir='ltr'><strong>alia</strong></span> 
     </span>
    </p>
   </div>
   <div class='ocr_carea' id='block_1_11' title="bbox 535 1054 2105 1130">
    <p class='ocr_par' dir='ltr' id='par_1_11' title="bbox 535 1054 2105 1130">
     <span class='ocr_line' id='line_1_11' title="bbox 535 1054 2105 1130; baseline 0.004 -24"><span class='ocrx_word' id='word_1_60' title='bbox 535 1069 598 1107; x_wconf 80' lang='lat' dir='ltr'><strong>ex</strong></span> <span class='ocrx_word' id='word_1_61' title='bbox 636 1054 886 1109; x_wconf 85' lang='lat' dir='ltr'><strong>Eunomii</strong></span> <span class='ocrx_word' id='word_1_62' title='bbox 917 1055 1174 1122; x_wconf 86' lang='lat' dir='ltr'><strong>decretis,</strong></span> <span class='ocrx_word' id='word_1_63' title='bbox 1200 1065 1314 1111; x_wconf 91' lang='lat' dir='ltr'><strong>tum</strong></span> <span class='ocrx_word' id='word_1_64' title='bbox 1337 1073 1401 1112; x_wconf 90' lang='lat' dir='ltr'><strong>ea</strong></span> <span class='ocrx_word' id='word_1_65' title='bbox 1428 1075 1548 1128; x_wconf 72' lang='lat' dir='ltr'><strong>quae</strong></span> <span class='ocrx_word' id='word_1_66' title='bbox 1584 1060 1650 1114; x_wconf 88' lang='lat' dir='ltr'><strong>ad</strong></span> <span class='ocrx_word' id='word_1_67' title='bbox 1675 1075 1891 1115; x_wconf 89' lang='lat' dir='ltr'><strong>sacrum</strong></span> <span class='ocrx_word' id='word_1_68' title='bbox 1929 1060 2105 1130; x_wconf 86' lang='lat' dir='ltr'><strong>bapti-</strong></span> 
     </span>
    </p>
   </div>
   <div class='ocr_carea' id='block_1_12' title="bbox 535 1147 2106 1214">
    <p class='ocr_par' dir='ltr' id='par_1_12' title="bbox 535 1147 2106 1214">
     <span class='ocr_line' id='line_1_12' title="bbox 535 1147 2106 1214; baseline 0.004 -16"><span class='ocrx_word' id='word_1_69' title='bbox 535 1161 708 1198; x_wconf 73' lang='lat' dir='ltr'><strong>smum</strong></span> <span class='ocrx_word' id='word_1_70' title='bbox 727 1147 999 1214; x_wconf 90' lang='lat' dir='ltr'><strong>pertinent</strong></span> <span class='ocrx_word' id='word_1_71' title='bbox 1016 1147 1331 1211; x_wconf 88' lang='lat' dir='ltr'><strong>innovasse,</strong></span> <span class='ocrx_word' id='word_1_72' title='bbox 1351 1159 1660 1206; x_wconf 84' lang='lat' dir='ltr'><strong>asserentes</strong></span> <span class='ocrx_word' id='word_1_73' title='bbox 1679 1167 1787 1205; x_wconf 91' lang='lat' dir='ltr'><strong>non</strong></span> <span class='ocrx_word' id='word_1_74' title='bbox 1802 1152 1855 1205; x_wconf 94' lang='lat' dir='ltr'><strong>in</strong></span> <span class='ocrx_word' id='word_1_75' title='bbox 1870 1150 2106 1204; x_wconf 86' lang='lat' dir='ltr'><strong>Trinita-</strong></span> 
     </span>
    </p>
   </div>
   <div class='ocr_carea' id='block_1_13' title="bbox 535 1237 2106 1313">
    <p class='ocr_par' dir='ltr' id='par_1_13' title="bbox 535 1237 2106 1313">
     <span class='ocr_line' id='line_1_13' title="bbox 535 1237 2106 1313; baseline 0.007 -27"><span class='ocrx_word' id='word_1_76' title='bbox 535 1245 662 1299; x_wconf 85' lang='lat' dir='ltr'><strong>tem,</strong></span> <span class='ocrx_word' id='word_1_77' title='bbox 697 1237 858 1308; x_wconf 75' lang='grc'><strong>253</strong></span> <span class='ocrx_word' id='word_1_78' title='bbox 900 1239 995 1294; x_wconf 89' lang='lat' dir='ltr'><strong>sed</strong></span> <span class='ocrx_word' id='word_1_79' title='bbox 1047 1239 1103 1292; x_wconf 92' lang='lat' dir='ltr'><strong>in</strong></span> <span class='ocrx_word' id='word_1_80' title='bbox 1133 1239 1336 1294; x_wconf 87' lang='lat' dir='ltr'><strong>Christi</strong></span> <span class='ocrx_word' id='word_1_81' title='bbox 1367 1249 1594 1296; x_wconf 91' lang='lat' dir='ltr'><strong>mortem</strong></span> <span class='ocrx_word' id='word_1_82' title='bbox 1649 1242 1916 1312; x_wconf 81' lang='lat' dir='ltr'><strong>baptizari</strong></span> <span class='ocrx_word' id='word_1_83' title='bbox 1949 1257 2106 1313; x_wconf 83' lang='lat' dir='ltr'><strong>Opor-</strong></span> 
     </span>
    </p>
   </div>
   <div class='ocr_carea' id='block_1_14' title="bbox 535 1328 2105 1404">
    <p class='ocr_par' dir='ltr' id='par_1_14' title="bbox 535 1328 2105 1404">
     <span class='ocr_line' id='line_1_14' title="bbox 535 1328 2105 1404; baseline 0.006 -24"><span class='ocrx_word' id='word_1_84' title='bbox 535 1337 668 1383; x_wconf 85' lang='lat' dir='ltr'><strong>tere.</strong></span> <span class='ocrx_word' id='word_1_85' title='bbox 715 1328 1042 1385; x_wconf 86' lang='lat' dir='ltr'><strong>Eunomium</strong></span> <span class='ocrx_word' id='word_1_86' title='bbox 1075 1339 1228 1387; x_wconf 90' lang='lat' dir='ltr'><strong>certe</strong></span> <span class='ocrx_word' id='word_1_87' title='bbox 1260 1333 1395 1386; x_wconf 86' lang='lat' dir='ltr'><strong>nihil</strong></span> <span class='ocrx_word' id='word_1_88' title='bbox 1431 1334 1534 1388; x_wconf 85' lang='lat' dir='ltr'><strong>hac</strong></span> <span class='ocrx_word' id='word_1_89' title='bbox 1571 1333 1624 1386; x_wconf 91' lang='lat' dir='ltr'><strong>in</strong></span> <span class='ocrx_word' id='word_1_90' title='bbox 1680 1342 1836 1404; x_wconf 88' lang='lat' dir='ltr'><strong>parte</strong></span> <span class='ocrx_word' id='word_1_91' title='bbox 1869 1348 2105 1390; x_wconf 85' lang='lat' dir='ltr'><strong>novasse</strong></span> 
     </span>
    </p>
   </div>
   <div class='ocr_carea' id='block_1_15' title="bbox 535 1421 2104 1494">
    <p class='ocr_par' dir='ltr' id='par_1_15' title="bbox 535 1421 2104 1494">
     <span class='ocr_line' id='line_1_15' title="bbox 535 1421 2104 1494; baseline 0.006 -24"><span class='ocrx_word' id='word_1_92' title='bbox 535 1421 829 1483; x_wconf 89' lang='lat' dir='ltr'><strong>allirmant,</strong></span> <span class='ocrx_word' id='word_1_93' title='bbox 879 1421 976 1477; x_wconf 91' lang='lat' dir='ltr'><strong>sed</strong></span> <span class='ocrx_word' id='word_1_94' title='bbox 1005 1421 1073 1476; x_wconf 90' lang='lat' dir='ltr'><strong>ab</strong></span> <span class='ocrx_word' id='word_1_95' title='bbox 1098 1421 1256 1477; x_wconf 91' lang='lat' dir='ltr'><strong>initio</strong></span> <span class='ocrx_word' id='word_1_96' title='bbox 1291 1423 1512 1493; x_wconf 88' lang='lat' dir='ltr'><strong>quidem</strong></span> <span class='ocrx_word' id='word_1_97' title='bbox 1554 1423 1797 1494; x_wconf 91' lang='lat' dir='ltr'><strong>opinioni</strong></span> <span class='ocrx_word' id='word_1_98' title='bbox 1841 1424 1957 1478; x_wconf 84' lang='lat' dir='ltr'><strong>Arii</strong></span> <span class='ocrx_word' id='word_1_99' title='bbox 2005 1424 2104 1478; x_wconf 84' lang='lat' dir='ltr'><strong>ad-</strong></span> 
     </span>
    </p>
   </div>
   <div class='ocr_carea' id='block_1_16' title="bbox 536 1513 2102 1587">
    <p class='ocr_par' dir='ltr' id='par_1_16' title="bbox 536 1513 2102 1587">
     <span class='ocr_line' id='line_1_16' title="bbox 536 1513 2102 1587; baseline 0.004 -23"><span class='ocrx_word' id='word_1_100' title='bbox 536 1513 792 1578; x_wconf 81' lang='lat' dir='ltr'><strong>haesisse,</strong></span> <span class='ocrx_word' id='word_1_101' title='bbox 828 1520 884 1566; x_wconf 89' lang='lat' dir='ltr'><strong>et</strong></span> <span class='ocrx_word' id='word_1_102' title='bbox 914 1513 968 1568; x_wconf 85' lang='lat' dir='ltr'><strong>in</strong></span> <span class='ocrx_word' id='word_1_103' title='bbox 1006 1528 1068 1570; x_wconf 89' lang='lat' dir='ltr'><strong>ea</strong></span> <span class='ocrx_word' id='word_1_104' title='bbox 1097 1529 1479 1584; x_wconf 83' lang='lat' dir='ltr'><strong>perseverasse</strong></span> <span class='ocrx_word' id='word_1_105' title='bbox 1515 1535 1527 1571; x_wconf 90' lang='lat'><strong>:</strong></span> <span class='ocrx_word' id='word_1_106' title='bbox 1565 1524 1756 1587; x_wconf 89' lang='lat' dir='ltr'><strong>postea</strong></span> <span class='ocrx_word' id='word_1_107' title='bbox 1810 1533 1941 1572; x_wconf 89' lang='lat' dir='ltr'><strong>vero</strong></span> <span class='ocrx_word' id='word_1_108' title='bbox 1977 1532 2102 1571; x_wconf 91' lang='lat' dir='ltr'><strong>cum</strong></span> 
     </span>
    </p>
   </div>
   <div class='ocr_carea' id='block_1_17' title="bbox 535 1604 2104 1676">
    <p class='ocr_par' dir='ltr' id='par_1_17' title="bbox 535 1604 2104 1676">
     <span class='ocr_line' id='line_1_17' title="bbox 535 1604 2104 1676; baseline 0.002 -18"><span class='ocrx_word' id='word_1_109' title='bbox 535 1604 830 1674; x_wconf 87' lang='lat' dir='ltr'><strong>episcopus</strong></span> <span class='ocrx_word' id='word_1_110' title='bbox 861 1604 1040 1676; x_wconf 85' lang='lat' dir='ltr'><strong>Cyzlci</strong></span> <span class='ocrx_word' id='word_1_111' title='bbox 1084 1605 1264 1662; x_wconf 81' lang='lat' dir='ltr'><strong>factus</strong></span> <span class='ocrx_word' id='word_1_112' title='bbox 1295 1606 1518 1672; x_wconf 87' lang='lat' dir='ltr'><strong>luisset,</strong></span> <span class='ocrx_word' id='word_1_113' title='bbox 1551 1618 1863 1663; x_wconf 87' lang='lat' dir='ltr'><strong>accusatum</strong></span> <span class='ocrx_word' id='word_1_114' title='bbox 1896 1623 2018 1663; x_wconf 88' lang='lat' dir='ltr'><strong>esse</strong></span> <span class='ocrx_word' id='word_1_115' title='bbox 2076 1623 2104 1661; x_wconf 88' lang='lat' dir='ltr'><strong>a</strong></span> 
     </span>
    </p>
   </div>
   <div class='ocr_carea' id='block_1_18' title="bbox 536 1693 2108 1768">
    <p class='ocr_par' dir='ltr' id='par_1_18' title="bbox 536 1693 2108 1768">
     <span class='ocr_line' id='line_1_18' title="bbox 536 1693 2108 1768; baseline 0.005 -24"><span class='ocrx_word' id='word_1_116' title='bbox 536 1693 752 1748; x_wconf 86' lang='lat' dir='ltr'><strong>clericis</strong></span> <span class='ocrx_word' id='word_1_117' title='bbox 782 1695 928 1760; x_wconf 89' lang='lat' dir='ltr'><strong>suis,</strong></span> <span class='ocrx_word' id='word_1_118' title='bbox 965 1703 1226 1766; x_wconf 84' lang='lat' dir='ltr'><strong>tanquam</strong></span> <span class='ocrx_word' id='word_1_119' title='bbox 1265 1713 1532 1752; x_wconf 89' lang='lat' dir='ltr'><strong>novorum</strong></span> <span class='ocrx_word' id='word_1_120' title='bbox 1571 1697 1886 1768; x_wconf 78' lang='lat' dir='ltr'><strong>dogmatnm</strong></span> <span class='ocrx_word' id='word_1_121' title='bbox 1928 1713 2108 1754; x_wconf 89' lang='lat' dir='ltr'><strong>asser-</strong></span> 
     </span>
    </p>
   </div>
   <div class='ocr_carea' id='block_1_19' title="bbox 535 1786 2106 1860">
    <p class='ocr_par' dir='ltr' id='par_1_19' title="bbox 535 1786 2106 1860">
     <span class='ocr_line' id='line_1_19' title="bbox 535 1786 2106 1860; baseline 0.006 -26"><span class='ocrx_word' id='word_1_122' title='bbox 535 1793 730 1838; x_wconf 90' lang='lat' dir='ltr'><strong>torem.</strong></span> <span class='ocrx_word' id='word_1_123' title='bbox 766 1786 953 1856; x_wconf 83' lang='lat' dir='ltr'><strong>Itaque</strong></span> <span class='ocrx_word' id='word_1_124' title='bbox 980 1786 1283 1844; x_wconf 79' lang='lat' dir='ltr'><strong>Eudoxium</strong></span> <span class='ocrx_word' id='word_1_125' title='bbox 1315 1790 1408 1860; x_wconf 90' lang='lat' dir='ltr'><strong>qui</strong></span> <span class='ocrx_word' id='word_1_126' title='bbox 1434 1790 1650 1845; x_wconf 75' lang='lat' dir='ltr'><strong>Ariante</strong></span> <span class='ocrx_word' id='word_1_127' title='bbox 1673 1799 1836 1845; x_wconf 61' lang='lat' dir='ltr'><strong>sectae</strong></span> <span class='ocrx_word' id='word_1_128' title='bbox 1871 1799 2106 1860; x_wconf 62' lang='lat' dir='ltr'><strong>praeerat</strong></span> 
     </span>
    </p>
   </div>
   <div class='ocr_carea' id='block_1_20' title="bbox 535 1874 2106 1951">
    <p class='ocr_par' dir='ltr' id='par_1_20' title="bbox 535 1874 2106 1951">
     <span class='ocr_line' id='line_1_20' title="bbox 535 1874 2106 1951; baseline 0.006 -25"><span class='ocrx_word' id='word_1_129' title='bbox 535 1874 1045 1947; x_wconf 82' lang='lat' dir='ltr'><strong>ConstantinOpoli,</strong></span> <span class='ocrx_word' id='word_1_130' title='bbox 1093 1894 1219 1934; x_wconf 90' lang='lat' dir='ltr'><strong>eum</strong></span> <span class='ocrx_word' id='word_1_131' title='bbox 1259 1895 1544 1945; x_wconf 86' lang='lat' dir='ltr'><strong>evocasse,</strong></span> <span class='ocrx_word' id='word_1_132' title='bbox 1576 1881 1923 1951; x_wconf 86' lang='lat' dir='ltr'><strong>jussisseque</strong></span> <span class='ocrx_word' id='word_1_133' title='bbox 1957 1890 2015 1934; x_wconf 92' lang='lat' dir='ltr'><strong>ut</strong></span> <span class='ocrx_word' id='word_1_134' title='bbox 2038 1882 2106 1935; x_wconf 86' lang='lat' dir='ltr'><strong>de</strong></span> 
     </span>
    </p>
   </div>
   <div class='ocr_carea' id='block_1_21' title="bbox 535 1967 2106 2037">
    <p class='ocr_par' dir='ltr' id='par_1_21' title="bbox 535 1967 2106 2037">
     <span class='ocr_line' id='line_1_21' title="bbox 535 1967 2106 2037; baseline 0.003 -19"><span class='ocrx_word' id='word_1_135' title='bbox 535 1979 635 2018; x_wconf 88' lang='lat' dir='ltr'><strong>sua</strong></span> <span class='ocrx_word' id='word_1_136' title='bbox 664 1967 908 2020; x_wconf 89' lang='lat' dir='ltr'><strong>doctrina</strong></span> <span class='ocrx_word' id='word_1_137' title='bbox 936 1969 1151 2037; x_wconf 90' lang='lat' dir='ltr'><strong>publice</strong></span> <span class='ocrx_word' id='word_1_138' title='bbox 1173 1971 1223 2022; x_wconf 89' lang='lat' dir='ltr'><strong>in</strong></span> <span class='ocrx_word' id='word_1_139' title='bbox 1247 1969 1478 2025; x_wconf 82' lang='lat' dir='ltr'><strong>ecclesia</strong></span> <span class='ocrx_word' id='word_1_140' title='bbox 1499 1971 1660 2023; x_wconf 89' lang='lat' dir='ltr'><strong>verba</strong></span> <span class='ocrx_word' id='word_1_141' title='bbox 1691 1971 1912 2024; x_wconf 83' lang='lat' dir='ltr'><strong>faceret.</strong></span> <span class='ocrx_word' id='word_1_142' title='bbox 1943 1971 2106 2023; x_wconf 87' lang='lat' dir='ltr'><strong>Cum-</strong></span> 
     </span>
    </p>
   </div>
   <div class='ocr_carea' id='block_1_22' title="bbox 535 2056 2104 2132">
    <p class='ocr_par' dir='ltr' id='par_1_22' title="bbox 535 2056 2104 2132">
     <span class='ocr_line' id='line_1_22' title="bbox 535 2056 2104 2132; baseline 0.002 -23"><span class='ocrx_word' id='word_1_143' title='bbox 535 2071 642 2125; x_wconf 88' lang='lat' dir='ltr'><strong>que</strong></span> <span class='ocrx_word' id='word_1_144' title='bbox 671 2056 806 2110; x_wconf 90' lang='lat' dir='ltr'><strong>nihil</strong></span> <span class='ocrx_word' id='word_1_145' title='bbox 835 2058 886 2110; x_wconf 91' lang='lat' dir='ltr'><strong>in</strong></span> <span class='ocrx_word' id='word_1_146' title='bbox 941 2073 1008 2112; x_wconf 90' lang='lat' dir='ltr'><strong>eo</strong></span> <span class='ocrx_word' id='word_1_147' title='bbox 1065 2059 1413 2125; x_wconf 88' lang='lat' dir='ltr'><strong>damnasset,</strong></span> <span class='ocrx_word' id='word_1_148' title='bbox 1448 2063 1728 2114; x_wconf 89' lang='lat' dir='ltr'><strong>monuisse</strong></span> <span class='ocrx_word' id='word_1_149' title='bbox 1761 2068 1816 2113; x_wconf 91' lang='lat' dir='ltr'><strong>ut</strong></span> <span class='ocrx_word' id='word_1_150' title='bbox 1845 2061 2104 2132; x_wconf 78' lang='lat' dir='ltr'><strong>Cyzicum</strong></span> 
     </span>
    </p>
   </div>
   <div class='ocr_carea' id='block_1_23' title="bbox 537 2151 2108 2224">
    <p class='ocr_par' dir='ltr' id='par_1_23' title="bbox 537 2151 2108 2224">
     <span class='ocr_line' id='line_1_23' title="bbox 537 2151 2108 2224; baseline 0.003 -22"><span class='ocrx_word' id='word_1_151' title='bbox 537 2155 945 2218; x_wconf 83' lang='lat' dir='ltr'><strong>reverteretur;</strong></span> <span class='ocrx_word' id='word_1_152' title='bbox 979 2151 1309 2205; x_wconf 89' lang='lat' dir='ltr'><strong>Eunomium</strong></span> <span class='ocrx_word' id='word_1_153' title='bbox 1376 2166 1504 2206; x_wconf 86' lang='lat' dir='ltr'><strong>vero</strong></span> <span class='ocrx_word' id='word_1_154' title='bbox 1540 2153 1912 2224; x_wconf 88' lang='lat' dir='ltr'><strong>respondisse,</strong></span> <span class='ocrx_word' id='word_1_155' title='bbox 1963 2153 2108 2207; x_wconf 88' lang='lat' dir='ltr'><strong>nolle</strong></span> 
     </span>
    </p>
   </div>
   <div class='ocr_carea' id='block_1_24' title="bbox 539 2243 2104 2316">
    <p class='ocr_par' dir='ltr' id='par_1_24' title="bbox 539 2243 2104 2316">
     <span class='ocr_line' id='line_1_24' title="bbox 539 2243 2104 2316; baseline 0.004 -22"><span class='ocrx_word' id='word_1_156' title='bbox 539 2258 599 2297; x_wconf 85' lang='lat' dir='ltr'><strong>se</strong></span> <span class='ocrx_word' id='word_1_157' title='bbox 635 2243 874 2314; x_wconf 89' lang='lat' dir='ltr'><strong>amplius</strong></span> <span class='ocrx_word' id='word_1_158' title='bbox 910 2246 1118 2300; x_wconf 85' lang='lat' dir='ltr'><strong>versari</strong></span> <span class='ocrx_word' id='word_1_159' title='bbox 1143 2262 1266 2301; x_wconf 91' lang='lat' dir='ltr'><strong>cum</strong></span> <span class='ocrx_word' id='word_1_160' title='bbox 1301 2248 1370 2302; x_wconf 91' lang='lat' dir='ltr'><strong>iis</strong></span> <span class='ocrx_word' id='word_1_161' title='bbox 1389 2262 1528 2316; x_wconf 90' lang='lat' dir='ltr'><strong>quos</strong></span> <span class='ocrx_word' id='word_1_162' title='bbox 1551 2254 1840 2316; x_wconf 91' lang='lat' dir='ltr'><strong>suspectos</strong></span> <span class='ocrx_word' id='word_1_163' title='bbox 1858 2247 2104 2305; x_wconf 83' lang='lat' dir='ltr'><strong>haberet.</strong></span> 
     </span>
    </p>
   </div>
   <div class='ocr_carea' id='block_1_25' title="bbox 537 2336 2104 2410">
    <p class='ocr_par' dir='ltr' id='par_1_25' title="bbox 537 2336 2104 2410">
     <span class='ocr_line' id='line_1_25' title="bbox 537 2336 2104 2410; baseline 0.003 -18"><span class='ocrx_word' id='word_1_164' title='bbox 537 2336 600 2392; x_wconf 88' lang='lat' dir='ltr'><strong>Et</strong></span> <span class='ocrx_word' id='word_1_165' title='bbox 670 2337 816 2392; x_wconf 89' lang='lat' dir='ltr'><strong>hanc</strong></span> <span class='ocrx_word' id='word_1_166' title='bbox 870 2341 1088 2410; x_wconf 90' lang='lat' dir='ltr'><strong>quidem</strong></span> <span class='ocrx_word' id='word_1_167' title='bbox 1143 2356 1365 2397; x_wconf 88' lang='lat' dir='ltr'><strong>causam</strong></span> <span class='ocrx_word' id='word_1_168' title='bbox 1415 2343 1746 2397; x_wconf 87' lang='lat' dir='ltr'><strong>secessionis</strong></span> <span class='ocrx_word' id='word_1_169' title='bbox 1800 2355 1914 2395; x_wconf 60' lang='lat' dir='ltr'><strong>sua!</strong></span> <span class='ocrx_word' id='word_1_170' title='bbox 1953 2341 2104 2396; x_wconf 91' lang='lat' dir='ltr'><strong>illum</strong></span> 
     </span>
    </p>
   </div>
   <div class='ocr_carea' id='block_1_26' title="bbox 537 2418 2103 2500">
    <p class='ocr_par' dir='ltr' id='par_1_26' title="bbox 537 2418 2103 2500">
     <span class='ocr_line' id='line_1_26' title="bbox 537 2418 2103 2500; baseline 0.003 -20"><span class='ocrx_word' id='word_1_171' title='bbox 537 2427 917 2498; x_wconf 62' lang='lat' dir='ltr'><strong>pratendisse,</strong></span> <span class='ocrx_word' id='word_1_172' title='bbox 967 2445 1157 2485; x_wconf 89' lang='lat' dir='ltr'><strong>revera</strong></span> <span class='ocrx_word' id='word_1_173' title='bbox 1212 2439 1391 2485; x_wconf 88' lang='lat' dir='ltr'><strong>autem</strong></span> <span class='ocrx_word' id='word_1_174' title='bbox 1424 2431 1544 2486; x_wconf 85' lang='lat' dir='ltr'><strong>ideo</strong></span> <span class='ocrx_word' id='word_1_175' title='bbox 1572 2418 1904 2493; x_wconf 79' lang='lat' dir='ltr'><strong>secessisse,</strong></span> <span class='ocrx_word' id='word_1_176' title='bbox 1959 2429 2103 2500; x_wconf 89' lang='lat' dir='ltr'><strong>quod</strong></span> 
     </span>
    </p>
   </div>
   <div class='ocr_carea' id='block_1_27' title="bbox 536 2520 2104 2592">
    <p class='ocr_par' dir='ltr' id='par_1_27' title="bbox 536 2520 2104 2592">
     <span class='ocr_line' id='line_1_27' title="bbox 536 2520 2104 2592; baseline 0.004 -20"><span class='ocrx_word' id='word_1_177' title='bbox 536 2520 750 2575; x_wconf 77' lang='lat' dir='ltr'><strong>Aetium</strong></span> <span class='ocrx_word' id='word_1_178' title='bbox 775 2530 1168 2592; x_wconf 66' lang='lat' dir='ltr'><strong>praeceptorem</strong></span> <span class='ocrx_word' id='word_1_179' title='bbox 1221 2537 1382 2576; x_wconf 88' lang='lat' dir='ltr'><strong>suum</strong></span> <span class='ocrx_word' id='word_1_180' title='bbox 1429 2523 1712 2592; x_wconf 88' lang='lat' dir='ltr'><strong>suscipere</strong></span> <span class='ocrx_word' id='word_1_181' title='bbox 1769 2523 2104 2579; x_wconf 84' lang='lat' dir='ltr'><strong>renuissent.</strong></span> 
     </span>
    </p>
   </div>
   <div class='ocr_carea' id='block_1_28' title="bbox 537 2613 2106 2685">
    <p class='ocr_par' dir='ltr' id='par_1_28' title="bbox 537 2613 2106 2685">
     <span class='ocr_line' id='line_1_28' title="bbox 537 2613 2106 2685; baseline 0.001 -18"><span class='ocrx_word' id='word_1_182' title='bbox 537 2613 665 2668; x_wconf 92' lang='lat' dir='ltr'><strong>Post</strong></span> <span class='ocrx_word' id='word_1_183' title='bbox 696 2613 809 2668; x_wconf 68' lang='lat' dir='ltr'><strong>haec</strong></span> <span class='ocrx_word' id='word_1_184' title='bbox 840 2613 1166 2671; x_wconf 88' lang='lat' dir='ltr'><strong>Eunomium</strong></span> <span class='ocrx_word' id='word_1_185' title='bbox 1219 2616 1272 2668; x_wconf 93' lang='lat' dir='ltr'><strong>in</strong></span> <span class='ocrx_word' id='word_1_186' title='bbox 1309 2615 1544 2685; x_wconf 88' lang='lat' dir='ltr'><strong>propriis</strong></span> <span class='ocrx_word' id='word_1_187' title='bbox 1571 2615 1780 2669; x_wconf 63' lang='lat' dir='ltr'><strong>aedibus</strong></span> <span class='ocrx_word' id='word_1_188' title='bbox 1815 2614 2106 2678; x_wconf 83' lang='lat' dir='ltr'><strong>mansisse,</strong></span> 
     </span>
    </p>
   </div>
   <div class='ocr_carea' id='block_1_29' title="bbox 536 2705 2108 2777">
    <p class='ocr_par' dir='ltr' id='par_1_29' title="bbox 536 2705 2108 2777">
     <span class='ocr_line' id='line_1_29' title="bbox 536 2705 2108 2777; baseline -0.003 -16"><span class='ocrx_word' id='word_1_189' title='bbox 536 2721 639 2761; x_wconf 86' lang='lat' dir='ltr'><strong>nec</strong></span> <span class='ocrx_word' id='word_1_190' title='bbox 667 2705 733 2761; x_wconf 92' lang='lat' dir='ltr'><strong>de</strong></span> <span class='ocrx_word' id='word_1_191' title='bbox 765 2707 996 2775; x_wconf 88' lang='lat' dir='ltr'><strong>pristina</strong></span> <span class='ocrx_word' id='word_1_192' title='bbox 1033 2707 1305 2763; x_wconf 88' lang='lat' dir='ltr'><strong>sententia</strong></span> <span class='ocrx_word' id='word_1_193' title='bbox 1342 2707 1641 2777; x_wconf 89' lang='lat' dir='ltr'><strong>quidquam</strong></span> <span class='ocrx_word' id='word_1_194' title='bbox 1703 2706 1927 2759; x_wconf 89' lang='lat' dir='ltr'><strong>omnino</strong></span> <span class='ocrx_word' id='word_1_195' title='bbox 1986 2721 2108 2758; x_wconf 88' lang='lat' dir='ltr'><strong>mu-</strong></span> 
     </span>
    </p>
   </div>
   <div class='ocr_carea' id='block_1_30' title="bbox 537 2796 2112 2867">
    <p class='ocr_par' dir='ltr' id='par_1_30' title="bbox 537 2796 2112 2867">
     <span class='ocr_line' id='line_1_30' title="bbox 537 2796 2112 2867; baseline 0.002 -21"><span class='ocrx_word' id='word_1_196' title='bbox 537 2806 704 2851; x_wconf 75' lang='lat' dir='ltr'><strong>tasse.</strong></span> <span class='ocrx_word' id='word_1_197' title='bbox 753 2796 816 2850; x_wconf 89' lang='lat' dir='ltr'><strong>Et</strong></span> <span class='ocrx_word' id='word_1_198' title='bbox 852 2799 965 2851; x_wconf 63' lang='lat' dir='ltr'><strong>haec</strong></span> <span class='ocrx_word' id='word_1_199' title='bbox 993 2798 1082 2850; x_wconf 89' lang='lat' dir='ltr'><strong>alii</strong></span> <span class='ocrx_word' id='word_1_200' title='bbox 1135 2797 1354 2867; x_wconf 90' lang='lat' dir='ltr'><strong>quidem</strong></span> <span class='ocrx_word' id='word_1_201' title='bbox 1391 2798 1494 2852; x_wconf 88' lang='lat' dir='ltr'><strong>hoc</strong></span> <span class='ocrx_word' id='word_1_202' title='bbox 1551 2798 1758 2862; x_wconf 88' lang='lat' dir='ltr'><strong>modo‘,</strong></span> <span class='ocrx_word' id='word_1_203' title='bbox 1825 2797 1917 2850; x_wconf 83' lang='lat' dir='ltr'><strong>alii</strong></span> <span class='ocrx_word' id='word_1_204' title='bbox 1980 2812 2112 2850; x_wconf 85' lang='lat' dir='ltr'><strong>vero</strong></span> 
     </span>
    </p>
   </div>
   <div class='ocr_carea' id='block_1_31' title="bbox 536 2886 2112 2952">
    <p class='ocr_par' dir='ltr' id='par_1_31' title="bbox 536 2886 2112 2952">
     <span class='ocr_line' id='line_1_31' title="bbox 536 2886 2112 2952; baseline 0.002 -11"><span class='ocrx_word' id='word_1_205' title='bbox 536 2886 697 2941; x_wconf 84' lang='lat' dir='ltr'><strong>aliter</strong></span> <span class='ocrx_word' id='word_1_206' title='bbox 785 2898 1029 2943; x_wconf 88' lang='lat' dir='ltr'><strong>narrant.</strong></span> <span class='ocrx_word' id='word_1_207' title='bbox 1098 2887 1293 2944; x_wconf 81' lang='lat' dir='ltr'><strong>Verum</strong></span> <span class='ocrx_word' id='word_1_208' title='bbox 1357 2890 1472 2944; x_wconf 86' lang='lat' dir='ltr'><strong>sive</strong></span> <span class='ocrx_word' id='word_1_209' title='bbox 1559 2888 1903 2952; x_wconf 84' lang='lat' dir='ltr'><strong>Eunomius.</strong></span> <span class='ocrx_word' id='word_1_210' title='bbox 1996 2891 2112 2944; x_wconf 86' lang='lat' dir='ltr'><strong>sive</strong></span> 
     </span>
    </p>
   </div>
   <div class='ocr_carea' id='block_1_32' title="bbox 537 2976 2112 3050">
    <p class='ocr_par' dir='ltr' id='par_1_32' title="bbox 537 2976 2112 3050">
     <span class='ocr_line' id='line_1_32' title="bbox 537 2976 2112 3050; baseline 0.004 -22"><span class='ocrx_word' id='word_1_211' title='bbox 537 2976 632 3040; x_wconf 90' lang='lat' dir='ltr'><strong>qui</strong></span> <span class='ocrx_word' id='word_1_212' title='bbox 723 2977 812 3030; x_wconf 90' lang='lat' dir='ltr'><strong>alii</strong></span> <span class='ocrx_word' id='word_1_213' title='bbox 909 2979 1022 3032; x_wconf 77' lang='lat' dir='ltr'><strong>hcc</strong></span> <span class='ocrx_word' id='word_1_214' title='bbox 1125 2980 1178 3032; x_wconf 91' lang='lat' dir='ltr'><strong>in</strong></span> <span class='ocrx_word' id='word_1_215' title='bbox 1254 2979 1554 3034; x_wconf 88' lang='lat' dir='ltr'><strong>traditione</strong></span> <span class='ocrx_word' id='word_1_216' title='bbox 1626 2981 1883 3050; x_wconf 90' lang='lat' dir='ltr'><strong>baptismi</strong></span> <span class='ocrx_word' id='word_1_217' title='bbox 1951 2981 2112 3035; x_wconf 81' lang='lat' dir='ltr'><strong>inno-</strong></span> 
     </span>
    </p>
   </div>
   <div class='ocr_carea' id='block_1_33' title="bbox 536 3067 2111 3141">
    <p class='ocr_par' dir='ltr' id='par_1_33' title="bbox 536 3067 2111 3141">
     <span class='ocr_line' id='line_1_33' title="bbox 536 3067 2111 3141; baseline 0.005 -23"><span class='ocrx_word' id='word_1_218' title='bbox 536 3067 764 3132; x_wconf 86' lang='lat' dir='ltr'><strong>varint,</strong></span> <span class='ocrx_word' id='word_1_219' title='bbox 825 3069 1125 3123; x_wconf 88' lang='lat' dir='ltr'><strong>verendum</strong></span> <span class='ocrx_word' id='word_1_220' title='bbox 1178 3078 1262 3124; x_wconf 91' lang='lat' dir='ltr'><strong>est</strong></span> <span class='ocrx_word' id='word_1_221' title='bbox 1300 3071 1457 3140; x_wconf 90' lang='lat' dir='ltr'><strong>ipsis,</strong></span> <span class='ocrx_word' id='word_1_222' title='bbox 1517 3086 1638 3126; x_wconf 89' lang='lat' dir='ltr'><strong>mea</strong></span> <span class='ocrx_word' id='word_1_223' title='bbox 1697 3072 1918 3141; x_wconf 88' lang='lat' dir='ltr'><strong>quidem</strong></span> <span class='ocrx_word' id='word_1_224' title='bbox 1986 3089 2111 3128; x_wconf 82' lang='lat' dir='ltr'><strong>sen-</strong></span> 
     </span>
    </p>
   </div>
   <div class='ocr_carea' id='block_1_34' title="bbox 539 3159 2108 3231">
    <p class='ocr_par' dir='ltr' id='par_1_34' title="bbox 539 3159 2108 3231">
     <span class='ocr_line' id='line_1_34' title="bbox 539 3159 2108 3231; baseline 0.004 -20"><span class='ocrx_word' id='word_1_225' title='bbox 539 3159 733 3220; x_wconf 89' lang='lat' dir='ltr'><strong>tentia,</strong></span> <span class='ocrx_word' id='word_1_226' title='bbox 771 3175 839 3214; x_wconf 88' lang='lat' dir='ltr'><strong>ne</strong></span> <span class='ocrx_word' id='word_1_227' title='bbox 903 3162 1006 3214; x_wconf 91' lang='lat' dir='ltr'><strong>soli</strong></span> <span class='ocrx_word' id='word_1_228' title='bbox 1074 3161 1341 3227; x_wconf 89' lang='lat' dir='ltr'><strong>omnium,</strong></span> <span class='ocrx_word' id='word_1_229' title='bbox 1401 3163 1558 3231; x_wconf 81' lang='lat' dir='ltr'><strong>juxta</strong></span> <span class='ocrx_word' id='word_1_230' title='bbox 1625 3165 1768 3217; x_wconf 89' lang='lat' dir='ltr'><strong>hanc</strong></span> <span class='ocrx_word' id='word_1_231' title='bbox 1819 3164 2108 3230; x_wconf 86' lang='lat' dir='ltr'><strong>rationem,</strong></span> 
     </span>
    </p>
   </div>
   <div class='ocr_carea' id='block_1_35' title="bbox 540 3251 2106 3321">
    <p class='ocr_par' dir='ltr' id='par_1_35' title="bbox 540 3251 2106 3321">
     <span class='ocr_line' id='line_1_35' title="bbox 540 3251 2106 3321; baseline 0.004 -19"><span class='ocrx_word' id='word_1_232' title='bbox 540 3258 793 3319; x_wconf 76' lang='lat' dir='ltr'><strong>expertes</strong></span> <span class='ocrx_word' id='word_1_233' title='bbox 826 3251 968 3304; x_wconf 88' lang='lat' dir='ltr'><strong>sacri</strong></span> <span class='ocrx_word' id='word_1_234' title='bbox 1006 3252 1350 3321; x_wconf 85' lang='lat' dir='ltr'><strong>baptismatis</strong></span> <span class='ocrx_word' id='word_1_235' title='bbox 1399 3268 1464 3307; x_wconf 79' lang='lat' dir='ltr'><strong>ex</strong></span> <span class='ocrx_word' id='word_1_236' title='bbox 1500 3253 1602 3306; x_wconf 90' lang='lat' dir='ltr'><strong>hac</strong></span> <span class='ocrx_word' id='word_1_237' title='bbox 1633 3254 1747 3306; x_wconf 88' lang='lat' dir='ltr'><strong>vita</strong></span> <span class='ocrx_word' id='word_1_238' title='bbox 1799 3254 2106 3309; x_wconf 90' lang='lat' dir='ltr'><strong>discedant.</strong></span> 
     </span>
    </p>
   </div>
   <div class='ocr_carea' id='block_1_36' title="bbox 539 3339 2112 3413">
    <p class='ocr_par' dir='ltr' id='par_1_36' title="bbox 539 3339 2112 3413">
     <span class='ocr_line' id='line_1_36' title="bbox 539 3339 2112 3413; baseline 0.005 -21"><span class='ocrx_word' id='word_1_239' title='bbox 539 3339 673 3393; x_wconf 76' lang='lat' dir='ltr'><strong>Nam</strong></span> <span class='ocrx_word' id='word_1_240' title='bbox 703 3341 860 3408; x_wconf 87' lang='lat' dir='ltr'><strong>pritni</strong></span> <span class='ocrx_word' id='word_1_241' title='bbox 895 3341 971 3395; x_wconf 89' lang='lat' dir='ltr'><strong>illi</strong></span> <span class='ocrx_word' id='word_1_242' title='bbox 1004 3342 1096 3413; x_wconf 91' lang='lat' dir='ltr'><strong>qui</strong></span> <span class='ocrx_word' id='word_1_243' title='bbox 1125 3341 1282 3411; x_wconf 85' lang='lat' dir='ltr'><strong>juxta</strong></span> <span class='ocrx_word' id='word_1_244' title='bbox 1338 3342 1792 3398; x_wconf 88' lang='lat' dir='ltr'><strong>consuetudinem</strong></span> <span class='ocrx_word' id='word_1_245' title='bbox 1849 3343 1919 3398; x_wconf 86' lang='lat' dir='ltr'><strong>ab</strong></span> <span class='ocrx_word' id='word_1_246' title='bbox 1952 3344 2112 3400; x_wconf 88' lang='lat' dir='ltr'><strong>initio</strong></span> 
     </span>
    </p>
   </div>
   <div class='ocr_carea' id='block_1_37' title="bbox 540 3435 2105 3508">
    <p class='ocr_par' dir='ltr' id='par_1_37' title="bbox 540 3435 2105 3508">
     <span class='ocr_line' id='line_1_37' title="bbox 540 3435 2105 3508; baseline 0.004 -22"><span class='ocrx_word' id='word_1_247' title='bbox 540 3435 800 3488; x_wconf 86' lang='lat' dir='ltr'><strong>traditam</strong></span> <span class='ocrx_word' id='word_1_248' title='bbox 831 3436 1094 3506; x_wconf 79' lang='lat' dir='ltr'><strong>haptizali</strong></span> <span class='ocrx_word' id='word_1_249' title='bbox 1131 3436 1350 3490; x_wconf 74' lang='lat' dir='ltr'><strong>fuerant</strong></span> <span class='ocrx_word' id='word_1_250' title='bbox 1371 3475 1386 3501; x_wconf 95' lang='lat'><strong>,</strong></span> <span class='ocrx_word' id='word_1_251' title='bbox 1422 3444 1600 3492; x_wconf 88' lang='lat' dir='ltr'><strong>semet</strong></span> <span class='ocrx_word' id='word_1_252' title='bbox 1625 3437 1728 3507; x_wconf 84' lang='lat' dir='ltr'><strong>ipsi</strong></span> <span class='ocrx_word' id='word_1_253' title='bbox 1759 3437 2105 3508; x_wconf 85' lang='lat' dir='ltr'><strong>rebaptizare</strong></span> 
     </span>
    </p>
   </div>
   <div class='ocr_carea' id='block_1_38' title="bbox 539 3524 2113 3596">
    <p class='ocr_par' dir='ltr' id='par_1_38' title="bbox 539 3524 2113 3596">
     <span class='ocr_line' id='line_1_38' title="bbox 539 3524 2113 3596; baseline 0.003 -18"><span class='ocrx_word' id='word_1_254' title='bbox 539 3524 763 3580; x_wconf 88' lang='lat' dir='ltr'><strong>minime</strong></span> <span class='ocrx_word' id='word_1_255' title='bbox 791 3533 1107 3595; x_wconf 84' lang='lat' dir='ltr'><strong>potuerunt,</strong></span> <span class='ocrx_word' id='word_1_256' title='bbox 1141 3525 1232 3595; x_wconf 92' lang='lat' dir='ltr'><strong>qui</strong></span> <span class='ocrx_word' id='word_1_257' title='bbox 1266 3536 1446 3581; x_wconf 74' lang='lat' dir='ltr'><strong>tamen</strong></span> <span class='ocrx_word' id='word_1_258' title='bbox 1478 3527 1531 3580; x_wconf 91' lang='lat' dir='ltr'><strong>id</strong></span> <span class='ocrx_word' id='word_1_259' title='bbox 1551 3527 1694 3596; x_wconf 91' lang='lat' dir='ltr'><strong>quod</strong></span> <span class='ocrx_word' id='word_1_260' title='bbox 1723 3527 1855 3595; x_wconf 85' lang='lat' dir='ltr'><strong>ipsis</strong></span> <span class='ocrx_word' id='word_1_261' title='bbox 1889 3527 2113 3583; x_wconf 89' lang='lat' dir='ltr'><strong>minime</strong></span> 
     </span>
    </p>
   </div>
   <div class='ocr_carea' id='block_1_39' title="bbox 539 3615 2110 3687">
    <p class='ocr_par' dir='ltr' id='par_1_39' title="bbox 539 3615 2110 3687">
     <span class='ocr_line' id='line_1_39' title="bbox 539 3615 2110 3687; baseline 0.003 -17"><span class='ocrx_word' id='word_1_262' title='bbox 539 3615 847 3685; x_wconf 79' lang='lat' dir='ltr'><strong>obtigerat,</strong></span> <span class='ocrx_word' id='word_1_263' title='bbox 915 3617 1173 3686; x_wconf 87' lang='lat' dir='ltr'><strong>primitus</strong></span> <span class='ocrx_word' id='word_1_264' title='bbox 1239 3616 1700 3682; x_wconf 81' lang='lat' dir='ltr'><strong>introduxerunt,</strong></span> <span class='ocrx_word' id='word_1_265' title='bbox 1760 3617 1925 3687; x_wconf 89' lang='lat' dir='ltr'><strong>idque</strong></span> <span class='ocrx_word' id='word_1_266' title='bbox 1987 3619 2110 3674; x_wconf 91' lang='lat' dir='ltr'><strong>aliis</strong></span> 
     </span>
    </p>
   </div>
   <div class='ocr_carea' id='block_1_40' title="bbox 540 3707 2112 3778">
    <p class='ocr_par' dir='ltr' id='par_1_40' title="bbox 540 3707 2112 3778">
     <span class='ocr_line' id='line_1_40' title="bbox 540 3707 2112 3778; baseline 0.003 -19"><span class='ocrx_word' id='word_1_267' title='bbox 540 3707 938 3776; x_wconf 68' lang='lat' dir='ltr'><strong>praestiterunt.</strong></span> <span class='ocrx_word' id='word_1_268' title='bbox 967 3708 1110 3776; x_wconf 92' lang='lat' dir='ltr'><strong>quod</strong></span> <span class='ocrx_word' id='word_1_269' title='bbox 1143 3724 1320 3777; x_wconf 90' lang='lat' dir='ltr'><strong>neque</strong></span> <span class='ocrx_word' id='word_1_270' title='bbox 1377 3709 1480 3777; x_wconf 90' lang='lat' dir='ltr'><strong>ipsi</strong></span> <span class='ocrx_word' id='word_1_271' title='bbox 1538 3717 1718 3770; x_wconf 89' lang='lat' dir='ltr'><strong>erant,</strong></span> <span class='ocrx_word' id='word_1_272' title='bbox 1786 3723 1961 3778; x_wconf 90' lang='lat' dir='ltr'><strong>neque</strong></span> <span class='ocrx_word' id='word_1_273' title='bbox 2015 3724 2112 3778; x_wconf 90' lang='lat' dir='ltr'><strong>per</strong></span> 
     </span>
    </p>
   </div>
   <div class='ocr_carea' id='block_1_41' title="bbox 541 3798 2108 3869">
    <p class='ocr_par' dir='ltr' id='par_1_41' title="bbox 541 3798 2108 3869">
     <span class='ocr_line' id='line_1_41' title="bbox 541 3798 2108 3869; baseline -0.001 -17"><span class='ocrx_word' id='word_1_274' title='bbox 541 3799 682 3853; x_wconf 84' lang='lat' dir='ltr'><strong>alios</strong></span> <span class='ocrx_word' id='word_1_275' title='bbox 705 3798 886 3868; x_wconf 88' lang='lat' dir='ltr'><strong>adepti</strong></span> <span class='ocrx_word' id='word_1_276' title='bbox 914 3798 1154 3853; x_wconf 80' lang='lat' dir='ltr'><strong>fuerant.</strong></span> <span class='ocrx_word' id='word_1_277' title='bbox 1177 3798 1428 3868; x_wconf 83' lang='lat' dir='ltr'><strong>Cumque</strong></span> <span class='ocrx_word' id='word_1_278' title='bbox 1454 3799 1604 3852; x_wconf 90' lang='lat' dir='ltr'><strong>nullo</strong></span> <span class='ocrx_word' id='word_1_279' title='bbox 1635 3809 1786 3853; x_wconf 90' lang='lat' dir='ltr'><strong>certo</strong></span> <span class='ocrx_word' id='word_1_280' title='bbox 1812 3800 2108 3869; x_wconf 90' lang='lat' dir='ltr'><strong>principio,</strong></span> 
     </span>
    </p>
   </div>
   <div class='ocr_carea' id='block_1_42' title="bbox 543 3889 2105 3962">
    <p class='ocr_par' dir='ltr' id='par_1_42' title="bbox 543 3889 2105 3962">
     <span class='ocr_line' id='line_1_42' title="bbox 543 3889 2105 3962; baseline -0.001 -16"><span class='ocrx_word' id='word_1_281' title='bbox 543 3889 637 3946; x_wconf 88' lang='lat' dir='ltr'><strong>sed</strong></span> <span class='ocrx_word' id='word_1_282' title='bbox 671 3890 888 3962; x_wconf 89' lang='lat' dir='ltr'><strong>pr0pria</strong></span> <span class='ocrx_word' id='word_1_283' title='bbox 921 3889 1190 3946; x_wconf 76' lang='lat' dir='ltr'><strong>duntaxat</strong></span> <span class='ocrx_word' id='word_1_284' title='bbox 1247 3891 1741 3958; x_wconf 84' lang='lat' dir='ltr'><strong>comprehensione</strong></span> <span class='ocrx_word' id='word_1_285' title='bbox 1789 3890 1922 3952; x_wconf 82' lang='lat' dir='ltr'><strong>nixi,</strong></span> <span class='ocrx_word' id='word_1_286' title='bbox 1959 3889 2105 3944; x_wconf 89' lang='lat' dir='ltr'><strong>istud</strong></span> 
     </span>
    </p>
   </div>
   <div class='ocr_carea' id='block_1_43' title="bbox 2003 212 2348 268">
    <p class='ocr_par' dir='ltr' id='par_1_43' title="bbox 2003 212 2348 268">
     <span class='ocr_line' id='line_1_43' title="bbox 2003 212 2348 268; baseline -0.003 0"><span class='ocrx_word' id='word_1_287' title='bbox 2003 212 2348 268; x_wconf 75' lang='lat' dir='ltr'><strong>SOZOMEM</strong></span> 
     </span>
    </p>
   </div>
   <div class='ocr_carea' id='block_1_44' title="bbox 3597 219 3705 274">
    <p class='ocr_par' dir='ltr' id='par_1_44' title="bbox 3597 219 3705 274">
     <span class='ocr_line' id='line_1_44' title="bbox 3597 219 3705 274; baseline 0.037 -4"><span class='ocrx_word' id='word_1_288' title='bbox 3597 219 3705 274; x_wconf 54' lang='lat' dir='ltr'><strong>l5“</strong></span> 
     </span>
    </p>
   </div>
   <div class='ocr_carea' id='block_1_45' title="bbox 3339 325 3704 392">
    <p class='ocr_par' dir='ltr' id='par_1_45' title="bbox 3339 325 3704 392">
     <span class='ocr_line' id='line_1_45' title="bbox 3339 325 3704 392; baseline -0.014 -15"><span class='ocrx_word' id='word_1_289' title='bbox 3339 325 3417 388; x_wconf 81' lang='grc' dir='ltr'><strong>Ὠς</strong></span> <span class='ocrx_word' id='word_1_290' title='bbox 3462 326 3608 392; x_wconf 79' lang='grc' dir='ltr'>ἄλλοις</span> <span class='ocrx_word' id='word_1_291' title='bbox 3647 331 3704 384; x_wconf 67' lang='lat' dir='ltr'><strong>tio.</strong></span> 
     </span>
    </p>
   </div>
   <div class='ocr_carea' id='block_1_46' title="bbox 2204 413 3705 490">
    <p class='ocr_par' dir='ltr' id='par_1_46' title="bbox 2204 413 3705 490">
     <span class='ocr_line' id='line_1_46' title="bbox 2204 413 3705 490; baseline 0 -18"><span class='ocrx_word' id='word_1_292' title='bbox 2204 423 2290 472; x_wconf 79' lang='grc' dir='ltr'>κεῖ</span> <span class='ocrx_word' id='word_1_293' title='bbox 2307 420 2438 488; x_wconf 78' lang='lat'><strong>(‘20),</strong></span> <span class='ocrx_word' id='word_1_294' title='bbox 2454 419 2864 490; x_wconf 79' lang='grc' dir='ltr'>τάληθέστερον,</span> <span class='ocrx_word' id='word_1_295' title='bbox 2884 413 3055 487; x_wconf 79' lang='grc' dir='ltr'>οἶμαι,</span> <span class='ocrx_word' id='word_1_296' title='bbox 3077 417 3338 484; x_wconf 73' lang='grc' dir='ltr'>λέγουσιν,</span> <span class='ocrx_word' id='word_1_297' title='bbox 3364 417 3432 480; x_wconf 84' lang='grc' dir='ltr'>ὼς</span> <span class='ocrx_word' id='word_1_298' title='bbox 3450 418 3705 490; x_wconf 77' lang='grc' dir='ltr'>Θεοφρόνιος</span> 
     </span>
    </p>
   </div>
   <div class='ocr_carea' id='block_1_47' title="bbox 2203 492 3708 582">
    <p class='ocr_par' dir='ltr' id='par_1_47' title="bbox 2203 492 3708 582">
     <span class='ocr_line' id='line_1_47' title="bbox 2203 492 3708 582; baseline 0.001 -19"><span class='ocrx_word' id='word_1_299' title='bbox 2203 512 2232 563; x_wconf 84' lang='grc' dir='ltr'>ὁ</span> <span class='ocrx_word' id='word_1_300' title='bbox 2277 492 2647 581; x_wconf 71' lang='grc' dir='ltr'>Καππαδόκης</span> <span class='ocrx_word' id='word_1_301' title='bbox 2667 553 2681 575; x_wconf 91' lang='grc'><strong>,</strong></span> <span class='ocrx_word' id='word_1_302' title='bbox 2731 511 2824 565; x_wconf 75' lang='grc' dir='ltr'><strong>καὶ</strong></span> <span class='ocrx_word' id='word_1_303' title='bbox 2879 509 3156 580; x_wconf 79' lang='grc' dir='ltr'>Εὑτύχιος,</span> <span class='ocrx_word' id='word_1_304' title='bbox 3204 509 3511 562; x_wconf 75' lang='grc' dir='ltr'>σπουδασταὶ</span> <span class='ocrx_word' id='word_1_305' title='bbox 3554 512 3708 582; x_wconf 73' lang='grc' dir='ltr'>ταύτης</span> 
     </span>
    </p>
   </div>
   <div class='ocr_carea' id='block_1_48' title="bbox 2204 601 3708 672">
    <p class='ocr_par' dir='ltr' id='par_1_48' title="bbox 2204 601 3708 672">
     <span class='ocr_line' id='line_1_48' title="bbox 2204 601 3708 672; baseline 0 -20"><span class='ocrx_word' id='word_1_306' title='bbox 2204 601 2302 669; x_wconf 79' lang='grc' dir='ltr'>τῆς</span> <span class='ocrx_word' id='word_1_307' title='bbox 2349 601 2634 672; x_wconf 83' lang='grc' dir='ltr'>αἱρέσεως,</span> <span class='ocrx_word' id='word_1_308' title='bbox 2685 601 3048 670; x_wconf 79' lang='grc' dir='ltr'><strong>ἀποτεμόντες</strong></span> <span class='ocrx_word' id='word_1_309' title='bbox 3093 601 3234 667; x_wconf 81' lang='grc' dir='ltr'>σφᾶς</span> <span class='ocrx_word' id='word_1_310' title='bbox 3264 601 3354 652; x_wconf 75' lang='grc' dir='ltr'><strong>ἐπὶ</strong></span> <span class='ocrx_word' id='word_1_311' title='bbox 3387 603 3477 670; x_wconf 77' lang='grc' dir='ltr'>τῆς</span> <span class='ocrx_word' id='word_1_312' title='bbox 3502 601 3708 672; x_wconf 78' lang='grc' dir='ltr'><strong>ἐχομένης</strong></span> 
     </span>
    </p>
   </div>
   <div class='ocr_carea' id='block_1_49' title="bbox 2207 691 3710 764">
    <p class='ocr_par' dir='ltr' id='par_1_49' title="bbox 2207 691 3710 764">
     <span class='ocr_line' id='line_1_49' title="bbox 2207 691 3710 764; baseline 0.001 -20"><span class='ocrx_word' id='word_1_313' title='bbox 2207 692 2502 762; x_wconf 78' lang='grc' dir='ltr'><strong>βασιλείας,</strong></span> <span class='ocrx_word' id='word_1_314' title='bbox 2531 693 2658 763; x_wconf 85' lang='grc' dir='ltr'>περί</span> <span class='ocrx_word' id='word_1_315' title='bbox 2685 710 2745 746; x_wconf 90' lang='grc' dir='ltr'><strong>τε</strong></span> <span class='ocrx_word' id='word_1_316' title='bbox 2776 693 2910 746; x_wconf 80' lang='grc' dir='ltr'>ἄλλα</span> <span class='ocrx_word' id='word_1_317' title='bbox 2948 692 3054 746; x_wconf 86' lang='grc' dir='ltr'><strong>τῶν</strong></span> <span class='ocrx_word' id='word_1_318' title='bbox 3095 692 3338 764; x_wconf 81' lang='grc' dir='ltr'>Εὐνομίῳ</span> <span class='ocrx_word' id='word_1_319' title='bbox 3369 691 3618 757; x_wconf 77' lang='grc' dir='ltr'><strong>δοξάντων,</strong></span> <span class='ocrx_word' id='word_1_320' title='bbox 3643 696 3710 746; x_wconf 78' lang='grc' dir='ltr'><strong>καὶ</strong></span> 
     </span>
    </p>
   </div>
   <div class='ocr_carea' id='block_1_50' title="bbox 2206 781 3711 854">
    <p class='ocr_par' dir='ltr' id='par_1_50' title="bbox 2206 781 3711 854">
     <span class='ocr_line' id='line_1_50' title="bbox 2206 781 3711 854; baseline 0 -20"><span class='ocrx_word' id='word_1_321' title='bbox 2206 782 2332 854; x_wconf 80' lang='grc' dir='ltr'>περὶ</span> <span class='ocrx_word' id='word_1_322' title='bbox 2391 781 2489 854; x_wconf 78' lang='grc' dir='ltr'>τὴν</span> <span class='ocrx_word' id='word_1_323' title='bbox 2545 781 2691 835; x_wconf 81' lang='grc' dir='ltr'>θείαν</span> <span class='ocrx_word' id='word_1_324' title='bbox 2745 781 2998 853; x_wconf 81' lang='grc' dir='ltr'><strong>βάπτισιν</strong></span> <span class='ocrx_word' id='word_1_325' title='bbox 3067 783 3414 854; x_wconf 74' lang='grc' dir='ltr'><strong>ἐνεωτέρισαν</strong></span> <span class='ocrx_word' id='word_1_326' title='bbox 3465 793 3508 847; x_wconf 79' lang='grc' dir='ltr'>ι,</span> <span class='ocrx_word' id='word_1_327' title='bbox 3535 783 3617 836; x_wconf 70' lang='lat' dir='ltr'><strong>sint</strong></span> <span class='ocrx_word' id='word_1_328' title='bbox 3655 787 3711 846; x_wconf 75' lang='grc' dir='ltr'>εἰς</span> 
     </span>
    </p>
   </div>
   <div class='ocr_carea' id='block_1_51' title="bbox 2205 871 3713 942">
    <p class='ocr_par' dir='ltr' id='par_1_51' title="bbox 2205 871 3713 942">
     <span class='ocr_line' id='line_1_51' title="bbox 2205 871 3713 942; baseline 0 -18"><span class='ocrx_word' id='word_1_329' title='bbox 2205 873 2428 942; x_wconf 81' lang='grc' dir='ltr'>Τριάδα,</span> <span class='ocrx_word' id='word_1_330' title='bbox 2463 872 2600 927; x_wconf 82' lang='grc' dir='ltr'>ἀλλὰ</span> <span class='ocrx_word' id='word_1_331' title='bbox 2642 875 2722 936; x_wconf 89' lang='grc' dir='ltr'><strong>είς</strong></span> <span class='ocrx_word' id='word_1_332' title='bbox 2768 873 2858 926; x_wconf 77' lang='grc' dir='ltr'><strong>τὸν</strong></span> <span class='ocrx_word' id='word_1_333' title='bbox 2905 871 3001 926; x_wconf 78' lang='grc' dir='ltr'><strong>τοῦ</strong></span> <span class='ocrx_word' id='word_1_334' title='bbox 3047 873 3282 942; x_wconf 83' lang='grc' dir='ltr'><strong>Χριστοῦ</strong></span> <span class='ocrx_word' id='word_1_335' title='bbox 3327 871 3534 926; x_wconf 80' lang='grc' dir='ltr'>θάνατον</span> <span class='ocrx_word' id='word_1_336' title='bbox 3571 872 3713 940; x_wconf 78' lang='grc' dir='ltr'>βαπτί-</span> 
     </span>
    </p>
   </div>
   <div class='ocr_carea' id='block_1_52' title="bbox 2206 964 3713 1037">
    <p class='ocr_par' dir='ltr' id='par_1_52' title="bbox 2206 964 3713 1037">
     <span class='ocr_line' id='line_1_52' title="bbox 2206 964 3713 1037; baseline 0 -21"><span class='ocrx_word' id='word_1_337' title='bbox 2206 964 2391 1027; x_wconf 79' lang='grc' dir='ltr'>ζεσθαι</span> <span class='ocrx_word' id='word_1_338' title='bbox 2431 965 2876 1036; x_wconf 72' lang='grc' dir='ltr'>εἰσηγησάμενοι.</span> <span class='ocrx_word' id='word_1_339' title='bbox 2919 965 3178 1034; x_wconf 84' lang='grc' dir='ltr'><strong>Εὐνόμιον</strong></span> <span class='ocrx_word' id='word_1_340' title='bbox 3233 965 3408 1034; x_wconf 85' lang='grc' dir='ltr'>μέντοι</span> <span class='ocrx_word' id='word_1_341' title='bbox 3446 968 3588 1037; x_wconf 75' lang='grc' dir='ltr'>μηδὲν</span> <span class='ocrx_word' id='word_1_342' title='bbox 3621 968 3713 1036; x_wconf 73' lang='grc' dir='ltr'>περὶ</span> 
     </span>
    </p>
   </div>
   <div class='ocr_carea' id='block_1_53' title="bbox 2206 1053 3714 1126">
    <p class='ocr_par' dir='ltr' id='par_1_53' title="bbox 2206 1053 3714 1126">
     <span class='ocr_line' id='line_1_53' title="bbox 2206 1053 3714 1126; baseline 0.004 -20"><span class='ocrx_word' id='word_1_343' title='bbox 2206 1053 2396 1108; x_wconf 86' lang='grc' dir='ltr'>τούτου</span> <span class='ocrx_word' id='word_1_344' title='bbox 2427 1055 2538 1124; x_wconf 74' lang='grc'><strong>(21)</strong></span> <span class='ocrx_word' id='word_1_345' title='bbox 2586 1056 2996 1126; x_wconf 81' lang='grc' dir='ltr'>καινοτομῆσαι,</span> <span class='ocrx_word' id='word_1_346' title='bbox 3030 1055 3143 1108; x_wconf 80' lang='grc' dir='ltr'>ἀλλ’</span> <span class='ocrx_word' id='word_1_347' title='bbox 3189 1055 3246 1120; x_wconf 74' lang='grc' dir='ltr'><strong>ἐξ</strong></span> <span class='ocrx_word' id='word_1_348' title='bbox 3285 1057 3449 1126; x_wconf 75' lang='grc' dir='ltr'>ἀρχῆς</span> <span class='ocrx_word' id='word_1_349' title='bbox 3486 1058 3642 1112; x_wconf 77' lang='grc' dir='ltr'><strong>τοῦτον</strong></span> <span class='ocrx_word' id='word_1_350' title='bbox 3664 1061 3714 1112; x_wconf 72' lang='grc' dir='ltr'>τὰ</span> 
     </span>
    </p>
   </div>
   <div class='ocr_carea' id='block_1_54' title="bbox 2221 1145 3714 1218">
    <p class='ocr_par' dir='ltr' id='par_1_54' title="bbox 2221 1145 3714 1218">
     <span class='ocr_line' id='line_1_54' title="bbox 2221 1145 3714 1218; baseline 0.003 -20"><span class='ocrx_word' id='word_1_351' title='bbox 2221 1147 2428 1216; x_wconf 81' lang='grc' dir='ltr'><strong>Ἀρείου</strong></span> <span class='ocrx_word' id='word_1_352' title='bbox 2480 1147 2770 1218; x_wconf 77' lang='grc' dir='ltr'>φρονῆσαι,</span> <span class='ocrx_word' id='word_1_353' title='bbox 2805 1148 2900 1201; x_wconf 73' lang='grc' dir='ltr'><strong>καὶ</strong></span> <span class='ocrx_word' id='word_1_354' title='bbox 2949 1145 3089 1200; x_wconf 78' lang='grc' dir='ltr'>οὕτω</span> <span class='ocrx_word' id='word_1_355' title='bbox 3137 1146 3434 1216; x_wconf 59' lang='grc' dir='ltr'><strong>διαμεῖνανο</strong></span> <span class='ocrx_word' id='word_1_356' title='bbox 3479 1151 3714 1203; x_wconf 80' lang='grc' dir='ltr'>ἐπίσκοπον</span> 
     </span>
    </p>
   </div>
   <div class='ocr_carea' id='block_1_55' title="bbox 2208 1238 3713 1310">
    <p class='ocr_par' dir='ltr' id='par_1_55' title="bbox 2208 1238 3713 1310">
     <span class='ocr_line' id='line_1_55' title="bbox 2208 1238 3713 1310; baseline 0.002 -19"><span class='ocrx_word' id='word_1_357' title='bbox 2208 1238 2264 1291; x_wconf 84' lang='grc' dir='ltr'>δὲ</span> <span class='ocrx_word' id='word_1_358' title='bbox 2297 1238 2534 1302; x_wconf 78' lang='grc' dir='ltr'><strong>Κυζίκου</strong></span> <span class='ocrx_word' id='word_1_359' title='bbox 2573 1239 2883 1310; x_wconf 84' lang='grc' dir='ltr'>γενόμενον,</span> <span class='ocrx_word' id='word_1_360' title='bbox 2929 1239 3366 1310; x_wconf 54' lang='grc' dir='ltr'>κατηγορηθῇαι</span> <span class='ocrx_word' id='word_1_361' title='bbox 3406 1241 3500 1293; x_wconf 79' lang='grc' dir='ltr'>ὑπὸ</span> <span class='ocrx_word' id='word_1_362' title='bbox 3536 1243 3624 1294; x_wconf 84' lang='grc' dir='ltr'>τῶν</span> <span class='ocrx_word' id='word_1_363' title='bbox 3648 1243 3713 1294; x_wconf 83' lang='grc' dir='ltr'><strong>ὑπ’</strong></span> 
     </span>
    </p>
   </div>
   <div class='ocr_carea' id='block_1_56' title="bbox 2208 1329 3711 1403">
    <p class='ocr_par' dir='ltr' id='par_1_56' title="bbox 2208 1329 3711 1403">
     <span class='ocr_line' id='line_1_56' title="bbox 2208 1329 3711 1403; baseline 0.003 -23"><span class='ocrx_word' id='word_1_364' title='bbox 2208 1329 2368 1381; x_wconf 77' lang='grc' dir='ltr'>αὐτὸν</span> <span class='ocrx_word' id='word_1_365' title='bbox 2396 1329 2691 1400; x_wconf 84' lang='grc' dir='ltr'>κληρικῶν,</span> <span class='ocrx_word' id='word_1_366' title='bbox 2727 1329 2802 1393; x_wconf 84' lang='grc' dir='ltr'><strong>ὡς</strong></span> <span class='ocrx_word' id='word_1_367' title='bbox 2839 1330 3116 1396; x_wconf 85' lang='grc' dir='ltr'><strong>νεωτέρων</strong></span> <span class='ocrx_word' id='word_1_368' title='bbox 3153 1330 3428 1401; x_wconf 83' lang='grc' dir='ltr'><strong>δογμάτων</strong></span> <span class='ocrx_word' id='word_1_369' title='bbox 3457 1333 3711 1403; x_wconf 70' lang='grc' dir='ltr'>εἰσηγητήν.</span> 
     </span>
    </p>
   </div>
   <div class='ocr_carea' id='block_1_57' title="bbox 2208 1420 3714 1492">
    <p class='ocr_par' dir='ltr' id='par_1_57' title="bbox 2208 1420 3714 1492">
     <span class='ocr_line' id='line_1_57' title="bbox 2208 1420 3714 1492; baseline 0.004 -21"><span class='ocrx_word' id='word_1_370' title='bbox 2208 1420 2250 1471; x_wconf 87' lang='grc' dir='ltr'>Τ</span> <span class='ocrx_word' id='word_1_371' title='bbox 2253 1420 2522 1488; x_wconf 78' lang='grc' dir='ltr'>ηνικαῦτα</span> <span class='ocrx_word' id='word_1_372' title='bbox 2547 1420 2604 1473; x_wconf 86' lang='grc' dir='ltr'>δὲ</span> <span class='ocrx_word' id='word_1_373' title='bbox 2637 1421 2882 1485; x_wconf 81' lang='grc' dir='ltr'>Εύδόξιον</span> <span class='ocrx_word' id='word_1_374' title='bbox 2909 1421 3000 1475; x_wconf 82' lang='grc' dir='ltr'>τὸν</span> <span class='ocrx_word' id='word_1_375' title='bbox 3030 1421 3330 1492; x_wconf 81' lang='grc' dir='ltr'>ἡγούμενον</span> <span class='ocrx_word' id='word_1_376' title='bbox 3359 1425 3413 1475; x_wconf 82' lang='grc' dir='ltr'><strong>ὲν</strong></span> <span class='ocrx_word' id='word_1_377' title='bbox 3440 1424 3714 1485; x_wconf 70' lang='grc' dir='ltr'>Κωνσταντι-</span> 
     </span>
    </p>
   </div>
   <div class='ocr_carea' id='block_1_58' title="bbox 2207 1512 3714 1585">
    <p class='ocr_par' dir='ltr' id='par_1_58' title="bbox 2207 1512 3714 1585">
     <span class='ocr_line' id='line_1_58' title="bbox 2207 1512 3714 1585; baseline 0.003 -21"><span class='ocrx_word' id='word_1_378' title='bbox 2207 1512 2452 1565; x_wconf 80' lang='grc' dir='ltr'>νουπόλει</span> <span class='ocrx_word' id='word_1_379' title='bbox 2512 1512 2611 1582; x_wconf 79' lang='grc' dir='ltr'><strong>τῆς</strong></span> <span class='ocrx_word' id='word_1_380' title='bbox 2667 1513 2876 1584; x_wconf 81' lang='grc' dir='ltr'>Ἀρείου</span> <span class='ocrx_word' id='word_1_381' title='bbox 2932 1515 3229 1584; x_wconf 75' lang='grc' dir='ltr'>αἱρέσεως,</span> <span class='ocrx_word' id='word_1_382' title='bbox 3285 1515 3714 1585; x_wconf 75' lang='grc' dir='ltr'>μετακαλεσάμενον</span> 
     </span>
    </p>
   </div>
   <div class='ocr_carea' id='block_1_59' title="bbox 2209 1603 3713 1676">
    <p class='ocr_par' dir='ltr' id='par_1_59' title="bbox 2209 1603 3713 1676">
     <span class='ocr_line' id='line_1_59' title="bbox 2209 1603 3713 1676; baseline 0.001 -21"><span class='ocrx_word' id='word_1_383' title='bbox 2209 1603 2389 1667; x_wconf 80' lang='grc' dir='ltr'>αὑτὸν,</span> <span class='ocrx_word' id='word_1_384' title='bbox 2441 1603 2726 1673; x_wconf 76' lang='grc' dir='ltr'>ἐπιτρέψαι</span> <span class='ocrx_word' id='word_1_385' title='bbox 2780 1603 2862 1674; x_wconf 80' lang='grc' dir='ltr'><strong>τῷ</strong></span> <span class='ocrx_word' id='word_1_386' title='bbox 2909 1603 3022 1674; x_wconf 82' lang='grc' dir='ltr'>λαῷ</span> <span class='ocrx_word' id='word_1_387' title='bbox 3084 1605 3467 1676; x_wconf 78' lang='grc' dir='ltr'>προσομιλῆσαι</span> <span class='ocrx_word' id='word_1_388' title='bbox 3512 1607 3616 1674; x_wconf 78' lang='grc' dir='ltr'>περὶ</span> <span class='ocrx_word' id='word_1_389' title='bbox 3647 1607 3713 1656; x_wconf 74' lang='grc' dir='ltr'>τοῦ</span> 
     </span>
    </p>
   </div>
   <div class='ocr_carea' id='block_1_60' title="bbox 2145 1674 3714 1768">
    <p class='ocr_par' dir='ltr' id='par_1_60' title="bbox 2145 1674 3714 1768">
     <span class='ocr_line' id='line_1_60' title="bbox 2145 1674 3714 1768; baseline 0.003 -23"><span class='ocrx_word' id='word_1_390' title='bbox 2145 1674 2183 1728; x_wconf 73' lang='grc' dir='ltr'><strong><em>Β</em></strong></span> <span class='ocrx_word' id='word_1_391' title='bbox 2207 1691 2502 1762; x_wconf 87' lang='grc' dir='ltr'>δόγματος·</span> <span class='ocrx_word' id='word_1_392' title='bbox 2541 1693 2615 1764; x_wconf 82' lang='grc' dir='ltr'>μὴ</span> <span class='ocrx_word' id='word_1_393' title='bbox 2665 1695 2998 1762; x_wconf 83' lang='grc' dir='ltr'>καταγνόντα</span> <span class='ocrx_word' id='word_1_394' title='bbox 3051 1697 3108 1749; x_wconf 84' lang='grc' dir='ltr'>δὲ</span> <span class='ocrx_word' id='word_1_395' title='bbox 3132 1674 3341 1767; x_wconf 75' lang='grc' dir='ltr'>μηδὲν,</span> <span class='ocrx_word' id='word_1_396' title='bbox 3371 1674 3714 1768; x_wconf 59' lang='grc' dir='ltr'>προτρέψασθαι</span> 
     </span>
    </p>
   </div>
   <div class='ocr_carea' id='block_1_61' title="bbox 2219 1785 3715 1860">
    <p class='ocr_par' dir='ltr' id='par_1_61' title="bbox 2219 1785 3715 1860">
     <span class='ocr_line' id='line_1_61' title="bbox 2219 1785 3715 1860; baseline 0.004 -24"><span class='ocrx_word' id='word_1_397' title='bbox 2219 1785 2316 1855; x_wconf 83' lang='grc' dir='ltr'><strong>μὲν</strong></span> <span class='ocrx_word' id='word_1_398' title='bbox 2369 1787 2447 1846; x_wconf 85' lang='grc' dir='ltr'><strong>είς</strong></span> <span class='ocrx_word' id='word_1_399' title='bbox 2491 1785 2729 1848; x_wconf 78' lang='grc' dir='ltr'><strong>Κύζικον</strong></span> <span class='ocrx_word' id='word_1_400' title='bbox 2765 1785 3099 1840; x_wconf 77' lang='grc' dir='ltr'>ἐπανελθεῖν.</span> <span class='ocrx_word' id='word_1_401' title='bbox 3131 1789 3236 1841; x_wconf 82' lang='grc' dir='ltr'><strong>Τὸν</strong></span> <span class='ocrx_word' id='word_1_402' title='bbox 3271 1789 3326 1841; x_wconf 79' lang='grc' dir='ltr'>δὲ</span> <span class='ocrx_word' id='word_1_403' title='bbox 3370 1791 3538 1860; x_wconf 76' lang='grc' dir='ltr'>φῆσαι.</span> <span class='ocrx_word' id='word_1_404' title='bbox 3565 1790 3623 1860; x_wconf 85' lang='grc' dir='ltr'>μὴ</span> <span class='ocrx_word' id='word_1_405' title='bbox 3658 1790 3715 1842; x_wconf 80' lang='lat' dir='ltr'><strong>al-</strong></span> 
     </span>
    </p>
   </div>
   <div class='ocr_carea' id='block_1_62' title="bbox 2219 1873 3712 1950">
    <p class='ocr_par' dir='ltr' id='par_1_62' title="bbox 2219 1873 3712 1950">
     <span class='ocr_line' id='line_1_62' title="bbox 2219 1873 3712 1950; baseline 0.004 -23"><span class='ocrx_word' id='word_1_406' title='bbox 2219 1873 2428 1945; x_wconf 82' lang='grc' dir='ltr'>ρεῖσθαι</span> <span class='ocrx_word' id='word_1_407' title='bbox 2480 1874 2662 1930; x_wconf 79' lang='grc' dir='ltr'>λοιπὸν</span> <span class='ocrx_word' id='word_1_408' title='bbox 2722 1879 2834 1940; x_wconf 87' lang='grc' dir='ltr'>τοῖς</span> <span class='ocrx_word' id='word_1_409' title='bbox 2889 1879 2945 1930; x_wconf 83' lang='grc' dir='ltr'><strong>ὲν</strong></span> <span class='ocrx_word' id='word_1_410' title='bbox 2997 1877 3226 1950; x_wconf 79' lang='grc' dir='ltr'>ὑπονοίᾳ</span> <span class='ocrx_word' id='word_1_411' title='bbox 3281 1879 3422 1949; x_wconf 78' lang='grc' dir='ltr'>αὐτῷ</span> <span class='ocrx_word' id='word_1_412' title='bbox 3472 1881 3712 1950; x_wconf 78' lang='grc' dir='ltr'><strong>γενομένοις</strong></span> 
     </span>
    </p>
   </div>
   <div class='ocr_carea' id='block_1_63' title="bbox 2220 1969 3711 2043">
    <p class='ocr_par' dir='ltr' id='par_1_63' title="bbox 2220 1969 3711 2043">
     <span class='ocr_line' id='line_1_63' title="bbox 2220 1969 3711 2043; baseline 0.001 -23"><span class='ocrx_word' id='word_1_413' title='bbox 2220 1970 2480 2022; x_wconf 74' lang='grc' dir='ltr'>συνεῖναιο</span> <span class='ocrx_word' id='word_1_414' title='bbox 2517 1969 2608 2021; x_wconf 74' lang='grc' dir='ltr'><strong>κα)⁵</strong></span> <span class='ocrx_word' id='word_1_415' title='bbox 2651 1969 2921 2039; x_wconf 81' lang='grc' dir='ltr'>πρόφασιν</span> <span class='ocrx_word' id='word_1_416' title='bbox 2971 1969 3178 2041; x_wconf 87' lang='grc' dir='ltr'>ταύτην</span> <span class='ocrx_word' id='word_1_417' title='bbox 3221 1970 3314 2024; x_wconf 81' lang='grc' dir='ltr'><strong>τοῦ</strong></span> <span class='ocrx_word' id='word_1_418' title='bbox 3359 1971 3604 2043; x_wconf 83' lang='grc' dir='ltr'>χωρισμοῦ</span> <span class='ocrx_word' id='word_1_419' title='bbox 3634 1969 3711 2038; x_wconf 67' lang='lat'><strong>(2&#39;2)</strong></span> 
     </span>
    </p>
   </div>
   <div class='ocr_carea' id='block_1_64' title="bbox 2217 2058 3710 2130">
    <p class='ocr_par' dir='ltr' id='par_1_64' title="bbox 2217 2058 3710 2130">
     <span class='ocr_line' id='line_1_64' title="bbox 2217 2058 3710 2130; baseline -0.001 -19"><span class='ocrx_word' id='word_1_420' title='bbox 2217 2059 2564 2130; x_wconf 78' lang='grc' dir='ltr'>ποιήσασθαι.</span> <span class='ocrx_word' id='word_1_421' title='bbox 2588 2060 2662 2112; x_wconf 85' lang='grc' dir='ltr'><strong>Τὸ</strong></span> <span class='ocrx_word' id='word_1_422' title='bbox 2687 2059 2746 2113; x_wconf 77' lang='grc' dir='ltr'>δὲ</span> <span class='ocrx_word' id='word_1_423' title='bbox 2759 2058 2986 2130; x_wconf 76' lang='grc' dir='ltr'>ἀληθὲς,</span> <span class='ocrx_word' id='word_1_424' title='bbox 3015 2059 3098 2112; x_wconf 85' lang='grc' dir='ltr'>ὅτι</span> <span class='ocrx_word' id='word_1_425' title='bbox 3129 2060 3333 2114; x_wconf 82' lang='grc' dir='ltr'>Ἀέτιον</span> <span class='ocrx_word' id='word_1_426' title='bbox 3346 2061 3430 2114; x_wconf 83' lang='grc' dir='ltr'>τὸν</span> <span class='ocrx_word' id='word_1_427' title='bbox 3450 2059 3589 2113; x_wconf 74' lang='grc' dir='ltr'>αὑτοῦ</span> <span class='ocrx_word' id='word_1_428' title='bbox 3610 2059 3710 2111; x_wconf 71' lang='grc' dir='ltr'>διδά-</span> 
     </span>
    </p>
   </div>
   <div class='ocr_carea' id='block_1_65' title="bbox 2213 2149 3710 2222">
    <p class='ocr_par' dir='ltr' id='par_1_65' title="bbox 2213 2149 3710 2222">
     <span class='ocr_line' id='line_1_65' title="bbox 2213 2149 3710 2222; baseline -0.001 -20"><span class='ocrx_word' id='word_1_429' title='bbox 2213 2149 2408 2203; x_wconf 86' lang='grc' dir='ltr'>σκαλον</span> <span class='ocrx_word' id='word_1_430' title='bbox 2447 2151 2507 2203; x_wconf 85' lang='grc' dir='ltr'><strong>ού</strong></span> <span class='ocrx_word' id='word_1_431' title='bbox 2551 2150 2966 2222; x_wconf 74' lang='grc' dir='ltr'>προσεδέξαντοσ</span> <span class='ocrx_word' id='word_1_432' title='bbox 3019 2152 3103 2220; x_wconf 79' lang='grc' dir='ltr'><strong>ἐφ’</strong></span> <span class='ocrx_word' id='word_1_433' title='bbox 3156 2151 3346 2205; x_wconf 72' lang='grc' dir='ltr'>ἑαυτοῦ</span> <span class='ocrx_word' id='word_1_434' title='bbox 3390 2152 3443 2205; x_wconf 79' lang='grc' dir='ltr'>δὲ</span> <span class='ocrx_word' id='word_1_435' title='bbox 3483 2151 3710 2221; x_wconf 83' lang='grc' dir='ltr'>διαμεῖναι,</span> 
     </span>
    </p>
   </div>
   <div class='ocr_carea' id='block_1_66' title="bbox 2215 2241 3710 2314">
    <p class='ocr_par' dir='ltr' id='par_1_66' title="bbox 2215 2241 3710 2314">
     <span class='ocr_line' id='line_1_66' title="bbox 2215 2241 3710 2314; baseline -0.001 -20"><span class='ocrx_word' id='word_1_436' title='bbox 2215 2241 2382 2312; x_wconf 81' lang='grc' dir='ltr'>μηδὲν</span> <span class='ocrx_word' id='word_1_437' title='bbox 2412 2242 2512 2311; x_wconf 81' lang='grc' dir='ltr'>τῆς</span> <span class='ocrx_word' id='word_1_438' title='bbox 2541 2243 2808 2313; x_wconf 84' lang='grc' dir='ltr'>προτέρας</span> <span class='ocrx_word' id='word_1_439' title='bbox 2851 2243 3006 2314; x_wconf 79' lang='grc' dir='ltr'>δόξης</span> <span class='ocrx_word' id='word_1_440' title='bbox 3047 2243 3473 2314; x_wconf 81' lang='grc' dir='ltr'>παραλλάξαντα.</span> <span class='ocrx_word' id='word_1_441' title='bbox 3511 2241 3658 2295; x_wconf 83' lang='grc' dir='ltr'>Ταῦτα</span> <span class='ocrx_word' id='word_1_442' title='bbox 3676 2241 3710 2293; x_wconf 77' lang='grc' dir='ltr'>οἱ</span> 
     </span>
    </p>
   </div>
   <div class='ocr_carea' id='block_1_67' title="bbox 2216 2326 3710 2405">
    <p class='ocr_par' dir='ltr' id='par_1_67' title="bbox 2216 2326 3710 2405">
     <span class='ocr_line' id='line_1_67' title="bbox 2216 2326 3710 2405; baseline -0.001 -21"><span class='ocrx_word' id='word_1_443' title='bbox 2216 2332 2314 2402; x_wconf 85' lang='grc' dir='ltr'>μὲν</span> <span class='ocrx_word' id='word_1_444' title='bbox 2357 2326 2489 2395; x_wconf 81' lang='grc' dir='ltr'>ὦδε,</span> <span class='ocrx_word' id='word_1_445' title='bbox 2545 2334 2594 2385; x_wconf 79' lang='grc' dir='ltr'><strong>οἱ</strong></span> <span class='ocrx_word' id='word_1_446' title='bbox 2637 2333 2695 2386; x_wconf 86' lang='grc' dir='ltr'>δὲ</span> <span class='ocrx_word' id='word_1_447' title='bbox 2743 2333 2944 2405; x_wconf 81' lang='grc' dir='ltr'>ἑτέρως</span> <span class='ocrx_word' id='word_1_448' title='bbox 2987 2333 3260 2402; x_wconf 83' lang='grc' dir='ltr'>λέγουσιν.</span> <span class='ocrx_word' id='word_1_449' title='bbox 3309 2335 3436 2388; x_wconf 85' lang='grc' dir='ltr'>Ἀλλ’</span> <span class='ocrx_word' id='word_1_450' title='bbox 3478 2335 3570 2387; x_wconf 75' lang='grc' dir='ltr'>εἴτε</span> <span class='ocrx_word' id='word_1_451' title='bbox 3595 2332 3710 2384; x_wconf 75' lang='grc' dir='ltr'>Εὐνό-</span> 
     </span>
    </p>
   </div>
   <div class='ocr_carea' id='block_1_68' title="bbox 2217 2421 3709 2496">
    <p class='ocr_par' dir='ltr' id='par_1_68' title="bbox 2217 2421 3709 2496">
     <span class='ocr_line' id='line_1_68' title="bbox 2217 2421 3709 2496; baseline -0.011 -21"><span class='ocrx_word' id='word_1_452' title='bbox 2217 2439 2360 2493; x_wconf 86' lang='grc' dir='ltr'>μιος,</span> <span class='ocrx_word' id='word_1_453' title='bbox 2387 2423 2494 2474; x_wconf 77' lang='grc' dir='ltr'>εἴτε</span> <span class='ocrx_word' id='word_1_454' title='bbox 2525 2421 2674 2475; x_wconf 79' lang='grc' dir='ltr'>ἄλλοι</span> <span class='ocrx_word' id='word_1_455' title='bbox 2717 2423 2880 2488; x_wconf 84' lang='grc' dir='ltr'>τινὲς,</span> <span class='ocrx_word' id='word_1_456' title='bbox 2919 2424 3047 2493; x_wconf 77' lang='grc' dir='ltr'>περὶ</span> <span class='ocrx_word' id='word_1_457' title='bbox 3071 2425 3175 2495; x_wconf 83' lang='grc' dir='ltr'><strong>τὴν</strong></span> <span class='ocrx_word' id='word_1_458' title='bbox 3199 2425 3478 2496; x_wconf 80' lang='grc' dir='ltr'>παράδοσιν</span> <span class='ocrx_word' id='word_1_459' title='bbox 3509 2421 3588 2475; x_wconf 69' lang='grc' dir='ltr'><strong>τοῦ</strong></span> <span class='ocrx_word' id='word_1_460' title='bbox 3640 2421 3709 2489; x_wconf 70' lang='grc' dir='ltr'><strong>βα.</strong></span> 
     </span>
    </p>
   </div>
   <div class='ocr_carea' id='block_1_69' title="bbox 2215 2512 3709 2587">
    <p class='ocr_par' dir='ltr' id='par_1_69' title="bbox 2215 2512 3709 2587">
     <span class='ocr_line' id='line_1_69' title="bbox 2215 2512 3709 2587; baseline -0.004 -19"><span class='ocrx_word' id='word_1_461' title='bbox 2215 2515 2518 2585; x_wconf 83' lang='grc' dir='ltr'>πτίσματος</span> <span class='ocrx_word' id='word_1_462' title='bbox 2536 2513 2707 2568; x_wconf 84' lang='grc' dir='ltr'>ταῦτα</span> <span class='ocrx_word' id='word_1_463' title='bbox 2723 2515 3097 2586; x_wconf 80' lang='grc' dir='ltr'>ἐνεωτέρισαν,</span> <span class='ocrx_word' id='word_1_464' title='bbox 3129 2519 3256 2587; x_wconf 74' lang='grc' dir='ltr'><strong>ἐμοὶ</strong></span> <span class='ocrx_word' id='word_1_465' title='bbox 3277 2517 3431 2580; x_wconf 78' lang='grc' dir='ltr'>δοκεῖ,</span> <span class='ocrx_word' id='word_1_466' title='bbox 3463 2516 3588 2587; x_wconf 81' lang='grc' dir='ltr'>μόνοι</span> <span class='ocrx_word' id='word_1_467' title='bbox 3610 2512 3709 2565; x_wconf 68' lang='grc' dir='ltr'>κατὰ</span> 
     </span>
    </p>
   </div>
   <div class='ocr_carea' id='block_1_70' title="bbox 2214 2603 3712 2679">
    <p class='ocr_par' dir='ltr' id='par_1_70' title="bbox 2214 2603 3712 2679">
     <span class='ocr_line' id='line_1_70' title="bbox 2214 2603 3712 2679; baseline 0.005 -22"><span class='ocrx_word' id='word_1_468' title='bbox 2214 2605 2304 2658; x_wconf 78' lang='grc' dir='ltr'>τὸν</span> <span class='ocrx_word' id='word_1_469' title='bbox 2356 2606 2517 2660; x_wconf 81' lang='grc' dir='ltr'><strong>αὐτὸν</strong></span> <span class='ocrx_word' id='word_1_470' title='bbox 2567 2605 2722 2674; x_wconf 80' lang='grc' dir='ltr'>λόγον</span> <span class='ocrx_word' id='word_1_471' title='bbox 2776 2606 3199 2672; x_wconf 83' lang='grc' dir='ltr'><strong>κινδυνεύουσιν,</strong></span> <span class='ocrx_word' id='word_1_472' title='bbox 3245 2610 3449 2679; x_wconf 74' lang='grc' dir='ltr'>ἄμοιροι</span> <span class='ocrx_word' id='word_1_473' title='bbox 3488 2607 3570 2676; x_wconf 85' lang='grc' dir='ltr'><strong>τῆς</strong></span> <span class='ocrx_word' id='word_1_474' title='bbox 3607 2603 3712 2664; x_wconf 76' lang='grc' dir='ltr'>θείας</span> 
     </span>
    </p>
   </div>
   <div class='ocr_carea' id='block_1_71' title="bbox 2216 2697 3711 2770">
    <p class='ocr_par' dir='ltr' id='par_1_71' title="bbox 2216 2697 3711 2770">
     <span class='ocr_line' id='line_1_71' title="bbox 2216 2697 3711 2770; baseline -0.005 -18"><span class='ocrx_word' id='word_1_475' title='bbox 2216 2699 2519 2770; x_wconf 87' lang='grc' dir='ltr'>βαπτίσεως</span> <span class='ocrx_word' id='word_1_476' title='bbox 2545 2699 2637 2752; x_wconf 81' lang='grc' dir='ltr'>τὸν</span> <span class='ocrx_word' id='word_1_477' title='bbox 2663 2699 2776 2770; x_wconf 85' lang='grc' dir='ltr'>βίον</span> <span class='ocrx_word' id='word_1_478' title='bbox 2804 2699 3143 2754; x_wconf 82' lang='grc' dir='ltr'>καταλιπεῖν.</span> <span class='ocrx_word' id='word_1_479' title='bbox 3178 2702 3239 2753; x_wconf 84' lang='grc' dir='ltr'><strong>Εἰ</strong></span> <span class='ocrx_word' id='word_1_480' title='bbox 3268 2701 3372 2770; x_wconf 86' lang='grc' dir='ltr'><strong>γὰρ</strong></span> <span class='ocrx_word' id='word_1_481' title='bbox 3393 2698 3519 2752; x_wconf 81' lang='grc' dir='ltr'>κατὰ</span> <span class='ocrx_word' id='word_1_482' title='bbox 3543 2697 3590 2748; x_wconf 84' lang='grc' dir='ltr'><strong>τὸ</strong></span> <span class='ocrx_word' id='word_1_483' title='bbox 3609 2709 3711 2747; x_wconf 87' lang='grc' dir='ltr'>νενο-</span> 
     </span>
    </p>
   </div>
   <div class='ocr_carea' id='block_1_72' title="bbox 2217 2785 3710 2862">
    <p class='ocr_par' dir='ltr' id='par_1_72' title="bbox 2217 2785 3710 2862">
     <span class='ocr_line' id='line_1_72' title="bbox 2217 2785 3710 2862; baseline -0.007 -16"><span class='ocrx_word' id='word_1_484' title='bbox 2217 2792 2478 2862; x_wconf 80' lang='grc' dir='ltr'>μισμένον</span> <span class='ocrx_word' id='word_1_485' title='bbox 2510 2792 2621 2862; x_wconf 75' lang='lat'><strong>(25)</strong></span> <span class='ocrx_word' id='word_1_486' title='bbox 2661 2789 2720 2855; x_wconf 76' lang='grc' dir='ltr'><strong>ἐξ</strong></span> <span class='ocrx_word' id='word_1_487' title='bbox 2761 2791 2934 2862; x_wconf 82' lang='grc' dir='ltr'>ἀρχῆς</span> <span class='ocrx_word' id='word_1_488' title='bbox 2967 2791 3369 2862; x_wconf 83' lang='grc' dir='ltr'>βαπτισθέντες,</span> <span class='ocrx_word' id='word_1_489' title='bbox 3404 2790 3624 2862; x_wconf 76' lang='grc' dir='ltr'>πρότερον</span> <span class='ocrx_word' id='word_1_490' title='bbox 3644 2785 3710 2837; x_wconf 71' lang='grc' dir='ltr'><strong>αὖ·</strong></span> 
     </span>
    </p>
   </div>
   <div class='ocr_carea' id='block_1_73' title="bbox 2213 2875 3711 2956">
    <p class='ocr_par' dir='ltr' id='par_1_73' title="bbox 2213 2875 3711 2956">
     <span class='ocr_line' id='line_1_73' title="bbox 2213 2875 3711 2956; baseline -0.007 -18"><span class='ocrx_word' id='word_1_491' title='bbox 2213 2886 2296 2938; x_wconf 72' lang='grc' dir='ltr'>το).</span> <span class='ocrx_word' id='word_1_492' title='bbox 2351 2885 2574 2946; x_wconf 80' lang='grc' dir='ltr'>ἑαυτοὺς</span> <span class='ocrx_word' id='word_1_493' title='bbox 2631 2883 3016 2948; x_wconf 76' lang='grc' dir='ltr'>ἁναὸαπτίζειν</span> <span class='ocrx_word' id='word_1_494' title='bbox 3068 2885 3175 2938; x_wconf 73' lang='grc' dir='ltr'><strong>οὐκ</strong></span> <span class='ocrx_word' id='word_1_495' title='bbox 3225 2883 3486 2956; x_wconf 74' lang='grc' dir='ltr'>ἠδύναντο,</span> <span class='ocrx_word' id='word_1_496' title='bbox 3515 2881 3555 2932; x_wconf 82' lang='lat' dir='ltr'><strong>oi</strong></span> <span class='ocrx_word' id='word_1_497' title='bbox 3585 2875 3711 2944; x_wconf 80' lang='grc' dir='ltr'>τὸμὴ</span> 
     </span>
    </p>
   </div>
   <div class='ocr_carea' id='block_1_74' title="bbox 2217 2968 3710 3048">
    <p class='ocr_par' dir='ltr' id='par_1_74' title="bbox 2217 2968 3710 3048">
     <span class='ocr_line' id='line_1_74' title="bbox 2217 2968 3710 3048; baseline -0.005 -18"><span class='ocrx_word' id='word_1_498' title='bbox 2217 2976 2430 3046; x_wconf 70' lang='grc' dir='ltr'>συμϐὰν</span> <span class='ocrx_word' id='word_1_499' title='bbox 2455 2977 2547 3029; x_wconf 76' lang='grc' dir='ltr'><strong>ἐπὶ</strong></span> <span class='ocrx_word' id='word_1_500' title='bbox 2572 2976 2746 3029; x_wconf 78' lang='grc' dir='ltr'>αὐτῶν</span> <span class='ocrx_word' id='word_1_501' title='bbox 2774 2976 2872 3041; x_wconf 71' lang='grc' dir='ltr'><strong>τὴν</strong></span> <span class='ocrx_word' id='word_1_502' title='bbox 2901 2975 3074 3046; x_wconf 83' lang='grc' dir='ltr'>ἀρχὴν</span> <span class='ocrx_word' id='word_1_503' title='bbox 3099 2976 3428 3048; x_wconf 76' lang='grc' dir='ltr'><strong>εἰσηγοῦντο.</strong></span> <span class='ocrx_word' id='word_1_504' title='bbox 3454 2970 3590 3027; x_wconf 80' lang='grc' dir='ltr'><strong>Καὶὸ</strong></span> <span class='ocrx_word' id='word_1_505' title='bbox 3616 2968 3710 3039; x_wconf 74' lang='grc' dir='ltr'>μήτε</span> 
     </span>
    </p>
   </div>
   <div class='ocr_carea' id='block_1_75' title="bbox 2219 3060 3710 3137">
    <p class='ocr_par' dir='ltr' id='par_1_75' title="bbox 2219 3060 3710 3137">
     <span class='ocr_line' id='line_1_75' title="bbox 2219 3060 3710 3137; baseline -0.002 -18"><span class='ocrx_word' id='word_1_506' title='bbox 2219 3066 2371 3119; x_wconf 79' lang='grc' dir='ltr'>αὐτοὶ</span> <span class='ocrx_word' id='word_1_507' title='bbox 2414 3060 2554 3137; x_wconf 78' lang='grc' dir='ltr'>ἦσαν</span> <span class='ocrx_word' id='word_1_508' title='bbox 2606 3066 2741 3136; x_wconf 84' lang='grc' dir='ltr'>μήτε</span> <span class='ocrx_word' id='word_1_509' title='bbox 2783 3065 2849 3119; x_wconf 82' lang='grc' dir='ltr'><strong>δι’</strong></span> <span class='ocrx_word' id='word_1_510' title='bbox 2883 3066 3054 3120; x_wconf 73' lang='grc' dir='ltr'>ἄλλων</span> <span class='ocrx_word' id='word_1_511' title='bbox 3084 3068 3355 3134; x_wconf 75' lang='grc' dir='ltr'>ἐγένοντο,</span> <span class='ocrx_word' id='word_1_512' title='bbox 3381 3064 3519 3120; x_wconf 81' lang='grc' dir='ltr'>τοῦτο</span> <span class='ocrx_word' id='word_1_513' title='bbox 3553 3062 3710 3129; x_wconf 78' lang='grc' dir='ltr'>ἑτέρους</span> 
     </span>
    </p>
   </div>
   <div class='ocr_carea' id='block_1_76' title="bbox 2219 3149 3710 3230">
    <p class='ocr_par' dir='ltr' id='par_1_76' title="bbox 2219 3149 3710 3230">
     <span class='ocr_line' id='line_1_76' title="bbox 2219 3149 3710 3230; baseline -0.001 -20"><span class='ocrx_word' id='word_1_514' title='bbox 2219 3158 2464 3210; x_wconf 66' lang='grc' dir='ltr'>ὲποίουψ</span> <span class='ocrx_word' id='word_1_515' title='bbox 2504 3159 2595 3211; x_wconf 75' lang='grc' dir='ltr'><strong>καὶ</strong></span> <span class='ocrx_word' id='word_1_516' title='bbox 2628 3157 2687 3222; x_wconf 77' lang='grc' dir='ltr'>ἐξ</span> <span class='ocrx_word' id='word_1_517' title='bbox 2728 3159 3096 3212; x_wconf 80' lang='grc' dir='ltr'>ἀνυποστάτου</span> <span class='ocrx_word' id='word_1_518' title='bbox 3149 3160 3292 3223; x_wconf 77' lang='grc' dir='ltr'>τινὸς</span> <span class='ocrx_word' id='word_1_519' title='bbox 3335 3159 3494 3230; x_wconf 81' lang='grc' dir='ltr'>ἀρχῆς</span> <span class='ocrx_word' id='word_1_520' title='bbox 3519 3155 3595 3209; x_wconf 79' lang='grc' dir='ltr'><strong>κα).</strong></span> <span class='ocrx_word' id='word_1_521' title='bbox 3619 3149 3710 3208; x_wconf 68' lang='grc' dir='ltr'>ιδίας</span> 
     </span>
    </p>
   </div>
   <div class='ocr_carea' id='block_1_77' title="bbox 2217 3238 3710 3320">
    <p class='ocr_par' dir='ltr' id='par_1_77' title="bbox 2217 3238 3710 3320">
     <span class='ocr_line' id='line_1_77' title="bbox 2217 3238 3710 3320; baseline 0.001 -18"><span class='ocrx_word' id='word_1_522' title='bbox 2217 3249 2571 3319; x_wconf 58' lang='grc' dir='ltr'>καταλήψεως</span> <span class='ocrx_word' id='word_1_523' title='bbox 2619 3250 2775 3302; x_wconf 84' lang='grc' dir='ltr'>τοῦτο</span> <span class='ocrx_word' id='word_1_524' title='bbox 2820 3250 2882 3302; x_wconf 85' lang='grc' dir='ltr'><strong>τὸ</strong></span> <span class='ocrx_word' id='word_1_525' title='bbox 2932 3249 3549 3320; x_wconf 79' lang='grc' dir='ltr'>δόγμαοσυστησάμενοι,</span> <span class='ocrx_word' id='word_1_526' title='bbox 3591 3243 3618 3295; x_wconf 78' lang='grc' dir='ltr'><strong>ἃ</strong></span> <span class='ocrx_word' id='word_1_527' title='bbox 3661 3238 3710 3308; x_wconf 72' lang='grc' dir='ltr'><strong>μὴ</strong></span> 
     </span>
    </p>
   </div>
   <div class='ocr_carea' id='block_1_78' title="bbox 2217 3335 3712 3415">
    <p class='ocr_par' dir='ltr' id='par_1_78' title="bbox 2217 3335 3712 3415">
     <span class='ocr_line' id='line_1_78' title="bbox 2217 3335 3712 3415; baseline -0.007 -19"><span class='ocrx_word' id='word_1_528' title='bbox 2217 3342 2370 3396; x_wconf 71' lang='grc' dir='ltr'>αὐτοὶ</span> <span class='ocrx_word' id='word_1_529' title='bbox 2425 3343 2853 3412; x_wconf 79' lang='grc' dir='ltr'>παρειλήφασιν,</span> <span class='ocrx_word' id='word_1_530' title='bbox 2902 3342 3080 3406; x_wconf 82' lang='grc' dir='ltr'>ἄλλοις</span> <span class='ocrx_word' id='word_1_531' title='bbox 3128 3341 3565 3415; x_wconf 82' lang='grc' dir='ltr'>παραδεδώκασιν.</span> <span class='ocrx_word' id='word_1_532' title='bbox 3587 3335 3712 3398; x_wconf 74' lang='grc' dir='ltr'>Ὅπερ</span> 
     </span>
    </p>
   </div>
   <div class='ocr_carea' id='block_1_79' title="bbox 2216 3426 3710 3506">
    <p class='ocr_par' dir='ltr' id='par_1_79' title="bbox 2216 3426 3710 3506">
     <span class='ocr_line' id='line_1_79' title="bbox 2216 3426 3710 3506; baseline -0.007 -18"><span class='ocrx_word' id='word_1_533' title='bbox 2216 3433 2406 3506; x_wconf 73' lang='grc' dir='ltr'>εὔηθές</span> <span class='ocrx_word' id='word_1_534' title='bbox 2455 3435 2590 3488; x_wconf 80' lang='grc' dir='ltr'>ἐστι.</span> <span class='ocrx_word' id='word_1_535' title='bbox 2645 3435 3089 3506; x_wconf 84' lang='grc' dir='ltr'>Συνωμολόγηται</span> <span class='ocrx_word' id='word_1_536' title='bbox 3148 3436 3260 3506; x_wconf 71' lang='grc' dir='ltr'><strong>γὰρ</strong></span> <span class='ocrx_word' id='word_1_537' title='bbox 3303 3434 3389 3488; x_wconf 80' lang='grc' dir='ltr'><strong>καὶ</strong></span> <span class='ocrx_word' id='word_1_538' title='bbox 3437 3426 3710 3500; x_wconf 80' lang='grc' dir='ltr'>παράύτῶν.</span> 
     </span>
    </p>
   </div>
   <div class='ocr_carea' id='block_1_80' title="bbox 2213 3510 3710 3596">
    <p class='ocr_par' dir='ltr' id='par_1_80' title="bbox 2213 3510 3710 3596">
     <span class='ocr_line' id='line_1_80' title="bbox 2213 3510 3710 3596; baseline -0.007 -16"><span class='ocrx_word' id='word_1_539' title='bbox 2213 3527 2339 3587; x_wconf 76' lang='grc' dir='ltr'>τοὺς</span> <span class='ocrx_word' id='word_1_540' title='bbox 2377 3526 2654 3596; x_wconf 84' lang='grc' dir='ltr'>ἀμυήτους</span> <span class='ocrx_word' id='word_1_541' title='bbox 2689 3525 2764 3596; x_wconf 81' lang='grc' dir='ltr'>μὴ</span> <span class='ocrx_word' id='word_1_542' title='bbox 2796 3524 3052 3578; x_wconf 87' lang='grc' dir='ltr'>δύνασθαι</span> <span class='ocrx_word' id='word_1_543' title='bbox 3089 3524 3287 3588; x_wconf 76' lang='grc' dir='ltr'>ἄλλους</span> <span class='ocrx_word' id='word_1_544' title='bbox 3338 3521 3608 3595; x_wconf 74' lang='grc' dir='ltr'>βαπτίζειν·</span> <span class='ocrx_word' id='word_1_545' title='bbox 3635 3510 3710 3564; x_wconf 73' lang='grc' dir='ltr'>6δέ</span> 
     </span>
    </p>
   </div>
   <div class='ocr_carea' id='block_1_81' title="bbox 2217 3606 3710 3689">
    <p class='ocr_par' dir='ltr' id='par_1_81' title="bbox 2217 3606 3710 3689">
     <span class='ocr_line' id='line_1_81' title="bbox 2217 3606 3710 3689; baseline -0.007 -17"><span class='ocrx_word' id='word_1_546' title='bbox 2217 3617 2299 3688; x_wconf 80' lang='grc' dir='ltr'><strong>τῷ</strong></span> <span class='ocrx_word' id='word_1_547' title='bbox 2329 3618 2516 3689; x_wconf 83' lang='grc' dir='ltr'>τρόπῳ</span> <span class='ocrx_word' id='word_1_548' title='bbox 2559 3617 2659 3685; x_wconf 78' lang='grc' dir='ltr'>τῆς</span> <span class='ocrx_word' id='word_1_549' title='bbox 2709 3616 2890 3669; x_wconf 80' lang='grc' dir='ltr'>αὐτῶν</span> <span class='ocrx_word' id='word_1_550' title='bbox 2939 3617 3292 3688; x_wconf 82' lang='grc' dir='ltr'>παραδόσεως</span> <span class='ocrx_word' id='word_1_551' title='bbox 3347 3617 3414 3688; x_wconf 72' lang='grc' dir='ltr'>μὴ</span> <span class='ocrx_word' id='word_1_552' title='bbox 3454 3606 3710 3684; x_wconf 48' lang='grc' dir='ltr'>βαπτισθεξ.</span> 
     </span>
    </p>
   </div>
   <div class='ocr_carea' id='block_1_82' title="bbox 2217 3700 3702 3777">
    <p class='ocr_par' dir='ltr' id='par_1_82' title="bbox 2217 3700 3702 3777">
     <span class='ocr_line' id='line_1_82' title="bbox 2217 3700 3702 3777; baseline -0.002 -16"><span class='ocrx_word' id='word_1_553' title='bbox 2217 3707 2548 3768; x_wconf 80' lang='grc' dir='ltr'>ἀϐάπτιστος</span> <span class='ocrx_word' id='word_1_554' title='bbox 2577 3706 2758 3768; x_wconf 77' lang='grc' dir='ltr'>αὐτοῖς</span> <span class='ocrx_word' id='word_1_555' title='bbox 2788 3700 2923 3758; x_wconf 75' lang='grc' dir='ltr'>εἷναι</span> <span class='ocrx_word' id='word_1_556' title='bbox 2969 3705 3133 3772; x_wconf 83' lang='grc' dir='ltr'>δοκεῖ,</span> <span class='ocrx_word' id='word_1_557' title='bbox 3173 3707 3247 3771; x_wconf 80' lang='grc' dir='ltr'>ὡς</span> <span class='ocrx_word' id='word_1_558' title='bbox 3279 3707 3349 3777; x_wconf 78' lang='grc' dir='ltr'>μὴ</span> <span class='ocrx_word' id='word_1_559' title='bbox 3387 3703 3582 3758; x_wconf 81' lang='grc' dir='ltr'>δεόντως</span> <span class='ocrx_word' id='word_1_560' title='bbox 3619 3709 3702 3764; x_wconf 58' lang='grc' dir='ltr'>μυητ</span> 
     </span>
    </p>
   </div>
   <div class='ocr_carea' id='block_1_83' title="bbox 2219 3787 3713 3868">
    <p class='ocr_par' dir='ltr' id='par_1_83' title="bbox 2219 3787 3713 3868">
     <span class='ocr_line' id='line_1_83' title="bbox 2219 3787 3713 3868; baseline -0.011 -16"><span class='ocrx_word' id='word_1_561' title='bbox 2219 3798 2351 3862; x_wconf 85' lang='grc' dir='ltr'>θείς.</span> <span class='ocrx_word' id='word_1_562' title='bbox 2384 3798 2494 3851; x_wconf 71' lang='grc' dir='ltr'><strong>Καὶ</strong></span> <span class='ocrx_word' id='word_1_563' title='bbox 2543 3795 2906 3868; x_wconf 82' lang='grc' dir='ltr'>μαρτυροῦσιν</span> <span class='ocrx_word' id='word_1_564' title='bbox 2933 3798 3105 3862; x_wconf 70' lang='grc' dir='ltr'>αὐτοὶ,</span> <span class='ocrx_word' id='word_1_565' title='bbox 3163 3798 3255 3861; x_wconf 85' lang='grc' dir='ltr'>οὒς</span> <span class='ocrx_word' id='word_1_566' title='bbox 3296 3799 3356 3851; x_wconf 84' lang='grc' dir='ltr'><strong>ἂν</strong></span> <span class='ocrx_word' id='word_1_567' title='bbox 3385 3797 3605 3848; x_wconf 83' lang='grc' dir='ltr'>δύνωνται</span> <span class='ocrx_word' id='word_1_568' title='bbox 3631 3787 3713 3837; x_wconf 74' lang='grc' dir='ltr'>πεξ-</span> 
     </span>
    </p>
   </div>
   <div class='ocr_carea' id='block_1_84' title="bbox 2219 3875 3712 3960">
    <p class='ocr_par' dir='ltr' id='par_1_84' title="bbox 2219 3875 3712 3960">
     <span class='ocr_line' id='line_1_84' title="bbox 2219 3875 3712 3960; baseline 0.001 -16"><span class='ocrx_word' id='word_1_569' title='bbox 2219 3891 2331 3944; x_wconf 86' lang='grc' dir='ltr'>θειν</span> <span class='ocrx_word' id='word_1_570' title='bbox 2375 3891 2445 3942; x_wconf 81' lang='grc' dir='ltr'><strong>τὰ</strong></span> <span class='ocrx_word' id='word_1_571' title='bbox 2486 3889 2665 3942; x_wconf 83' lang='grc' dir='ltr'>αὐτῶν</span> <span class='ocrx_word' id='word_1_572' title='bbox 2694 3893 2930 3960; x_wconf 79' lang='grc' dir='ltr'>φρονεῖν,</span> <span class='ocrx_word' id='word_1_573' title='bbox 2961 3888 3416 3955; x_wconf 76' lang='grc' dir='ltr'>ἁναὸαπτίζοντες</span> <span class='ocrx_word' id='word_1_574' title='bbox 3444 3886 3560 3956; x_wconf 63' lang='grc' dir='ltr'><strong>(τι).</strong></span> <span class='ocrx_word' id='word_1_575' title='bbox 3591 3883 3629 3933; x_wconf 68' lang='grc' dir='ltr'>εί</span> <span class='ocrx_word' id='word_1_576' title='bbox 3650 3875 3712 3928; x_wconf 49' lang='grc' dir='ltr'><strong>καὶ</strong></span> 
     </span>
    </p>
   </div>
   <div class='ocr_carea' id='block_1_85' title="bbox 1708 4017 2565 4086">
    <p class='ocr_par' dir='ltr' id='par_1_85' title="bbox 1708 4017 2565 4086">
     <span class='ocr_line' id='line_1_85' title="bbox 1708 4017 2565 4086; baseline 0 -2"><span class='ocrx_word' id='word_1_577' title='bbox 1708 4029 1979 4084; x_wconf 75' lang='lat' dir='ltr'><strong>VALESII</strong></span> <span class='ocrx_word' id='word_1_578' title='bbox 2015 4017 2565 4086; x_wconf 50' lang='lat' dir='ltr'><strong>ANNOTAT&#39;lO-NES.</strong></span> 
     </span>
    </p>
   </div>
   <div class='ocr_carea' id='block_1_86' title="bbox 613 4137 2114 4212">
    <p class='ocr_par' dir='ltr' id='par_1_86' title="bbox 613 4137 2114 4212">
     <span class='ocr_line' id='line_1_86' title="bbox 613 4137 2114 4212; baseline -0.001 -16"><span class='ocrx_word' id='word_1_579' title='bbox 613 4142 725 4212; x_wconf 73' lang='grc'><strong>(20)</strong></span> <span class='ocrx_word' id='word_1_580' title='bbox 771 4141 892 4212; x_wconf 17' lang='grc' dir='ltr'><strong>Ὠςᾼ</strong></span> <span class='ocrx_word' id='word_1_581' title='bbox 918 4139 1130 4212; x_wconf 52' lang='grc' dir='ltr'>ἄλλοις</span> <span class='ocrx_word' id='word_1_582' title='bbox 1155 4139 1348 4212; x_wconf 74' lang='grc' dir='ltr'>δοκεῖ.</span> <span class='ocrx_word' id='word_1_583' title='bbox 1376 4137 1752 4212; x_wconf 75' lang='lat' dir='ltr'><strong>scribendum</strong></span> <span class='ocrx_word' id='word_1_584' title='bbox 1803 4149 1889 4212; x_wconf 75' lang='lat' dir='ltr'><strong>es_t</strong></span> <span class='ocrx_word' id='word_1_585' title='bbox 1923 4142 2114 4210; x_wconf 90' lang='lat' dir='ltr'><strong>pr0cul</strong></span> 
     </span>
    </p>
   </div>
   <div class='ocr_carea' id='block_1_87' title="bbox 544 4207 2114 4282">
    <p class='ocr_par' dir='ltr' id='par_1_87' title="bbox 544 4207 2114 4282">
     <span class='ocr_line' id='line_1_87' title="bbox 544 4207 2114 4282; baseline -0.002 -16"><span class='ocrx_word' id='word_1_586' title='bbox 544 4207 715 4266; x_wconf 76' lang='lat' dir='ltr'><strong>dubio</strong></span> <span class='ocrx_word' id='word_1_587' title='bbox 735 4212 810 4274; x_wconf 83' lang='grc' dir='ltr'>ὡς</span> <span class='ocrx_word' id='word_1_588' title='bbox 851 4210 909 4263; x_wconf 82' lang='grc' dir='ltr'>δὲ</span> <span class='ocrx_word' id='word_1_589' title='bbox 939 4209 1118 4282; x_wconf 81' lang='grc' dir='ltr'>ἄλλοις</span> <span class='ocrx_word' id='word_1_590' title='bbox 1146 4211 1311 4275; x_wconf 80' lang='grc' dir='ltr'>δοκεῖ,</span> <span class='ocrx_word' id='word_1_591' title='bbox 1339 4211 1385 4263; x_wconf 82' lang='grc' dir='ltr'>τ’</span> <span class='ocrx_word' id='word_1_592' title='bbox 1409 4209 1790 4282; x_wconf 81' lang='grc' dir='ltr'>ἀληθέστερον,</span> <span class='ocrx_word' id='word_1_593' title='bbox 1821 4207 1995 4282; x_wconf 76' lang='grc' dir='ltr'>οἶμαι,</span> <span class='ocrx_word' id='word_1_594' title='bbox 2027 4212 2114 4264; x_wconf 87' lang='grc' dir='ltr'>λέ-</span> 
     </span>
    </p>
   </div>
   <div class='ocr_carea' id='block_1_88' title="bbox 543 4279 2111 4353">
    <p class='ocr_par' dir='ltr' id='par_1_88' title="bbox 543 4279 2111 4353">
     <span class='ocr_line' id='line_1_88' title="bbox 543 4279 2111 4353; baseline -0.001 -18"><span class='ocrx_word' id='word_1_595' title='bbox 543 4299 761 4353; x_wconf 82' lang='grc' dir='ltr'>γουσιν,</span> <span class='ocrx_word' id='word_1_596' title='bbox 811 4279 1151 4353; x_wconf 68' lang='grc' dir='ltr'>Θεοφρόνιος,</span> <span class='ocrx_word' id='word_1_597' title='bbox 1191 4290 1325 4353; x_wconf 77' lang='lat' dir='ltr'><strong>etc.,</strong></span> <span class='ocrx_word' id='word_1_598' title='bbox 1371 4279 1538 4353; x_wconf 76' lang='lat' dir='ltr'><strong>quam</strong></span> <span class='ocrx_word' id='word_1_599' title='bbox 1593 4279 1887 4353; x_wconf 70' lang='lat' dir='ltr'><strong>lectionem</strong></span> <span class='ocrx_word' id='word_1_600' title='bbox 1940 4283 2111 4353; x_wconf 88' lang='lat' dir='ltr'><strong>secuti</strong></span> 
     </span>
    </p>
   </div>
   <div class='ocr_carea' id='block_1_89' title="bbox 542 4351 2112 4422">
    <p class='ocr_par' dir='ltr' id='par_1_89' title="bbox 542 4351 2112 4422">
     <span class='ocr_line' id='line_1_89' title="bbox 542 4351 2112 4422; baseline 0.001 -17"><span class='ocrx_word' id='word_1_601' title='bbox 542 4352 800 4408; x_wconf 88' lang='lat' dir='ltr'><strong>videntur</strong></span> <span class='ocrx_word' id='word_1_602' title='bbox 841 4351 1125 4407; x_wconf 82' lang='lat' dir='ltr'><strong>Musculus</strong></span> <span class='ocrx_word' id='word_1_603' title='bbox 1155 4360 1209 4407; x_wconf 90' lang='lat' dir='ltr'><strong>et</strong></span> <span class='ocrx_word' id='word_1_604' title='bbox 1250 4351 1810 4422; x_wconf 84' lang='lat' dir='ltr'><strong>Christophorsonus.</strong></span> <span class='ocrx_word' id='word_1_605' title='bbox 1845 4351 2017 4406; x_wconf 85' lang='lat' dir='ltr'><strong>Porro</strong></span> <span class='ocrx_word' id='word_1_606' title='bbox 2046 4352 2112 4406; x_wconf 90' lang='lat' dir='ltr'><strong>de</strong></span> 
     </span>
    </p>
   </div>
   <div class='ocr_carea' id='block_1_90' title="bbox 2296 4125 3710 4216">
    <p class='ocr_par' dir='ltr' id='par_1_90' title="bbox 2296 4125 3710 4216">
     <span class='ocr_line' id='line_1_90' title="bbox 2296 4125 3710 4216; baseline -0.023 0"><span class='ocrx_word' id='word_1_607' title='bbox 2296 4141 2408 4216; x_wconf 57' lang='lat'><strong>(25)</strong></span> <span class='ocrx_word' id='word_1_608' title='bbox 2443 4144 2523 4216; x_wconf 44' lang='lat' dir='ltr'><strong>El</strong></span> <span class='ocrx_word' id='word_1_609' title='bbox 2550 4143 2659 4216; x_wconf 75' lang='grc' dir='ltr'><strong>γὰρ</strong></span> <span class='ocrx_word' id='word_1_610' title='bbox 2681 4125 2832 4196; x_wconf 75' lang='grc' dir='ltr'>κατὰ</span> <span class='ocrx_word' id='word_1_611' title='bbox 2852 4145 2919 4197; x_wconf 85' lang='grc' dir='ltr'><strong>τὸ</strong></span> <span class='ocrx_word' id='word_1_612' title='bbox 2952 4143 3401 4216; x_wconf 64' lang='grc' dir='ltr'>νενομισμένον.</span> <span class='ocrx_word' id='word_1_613' title='bbox 3437 4141 3540 4196; x_wconf 73' lang='lat' dir='ltr'><strong>Non</strong></span> <span class='ocrx_word' id='word_1_614' title='bbox 3569 4135 3710 4193; x_wconf 86' lang='lat' dir='ltr'><strong>dubito</strong></span> 
     </span>
    </p>
   </div>
   <div class='ocr_carea' id='block_1_91' title="bbox 2221 4213 3708 4283">
    <p class='ocr_par' dir='ltr' id='par_1_91' title="bbox 2221 4213 3708 4283">
     <span class='ocr_line' id='line_1_91' title="bbox 2221 4213 3708 4283; baseline 0.003 -20"><span class='ocrx_word' id='word_1_615' title='bbox 2221 4213 2351 4283; x_wconf 83' lang='lat' dir='ltr'><strong>quin</strong></span> <span class='ocrx_word' id='word_1_616' title='bbox 2398 4213 2747 4266; x_wconf 85' lang='lat' dir='ltr'><strong>scribendum</strong></span> <span class='ocrx_word' id='word_1_617' title='bbox 2783 4216 2854 4267; x_wconf 87' lang='lat' dir='ltr'><strong>sit</strong></span> <span class='ocrx_word' id='word_1_618' title='bbox 2883 4216 2930 4266; x_wconf 86' lang='grc' dir='ltr'>οί</span> <span class='ocrx_word' id='word_1_619' title='bbox 2977 4213 3107 4283; x_wconf 73' lang='grc' dir='ltr'>γάρ,</span> <span class='ocrx_word' id='word_1_620' title='bbox 3156 4213 3264 4272; x_wconf 78' lang='lat' dir='ltr'><strong>etc.</strong></span> <span class='ocrx_word' id='word_1_621' title='bbox 3311 4214 3374 4268; x_wconf 88' lang='lat' dir='ltr'><strong>Et</strong></span> <span class='ocrx_word' id='word_1_622' title='bbox 3423 4221 3540 4283; x_wconf 71' lang='lat' dir='ltr'><strong>post</strong></span> <span class='ocrx_word' id='word_1_623' title='bbox 3573 4218 3708 4283; x_wconf 68' lang='grc' dir='ltr'><strong>νοςθηι</strong></span> 
     </span>
    </p>
   </div>
   <div class='ocr_carea' id='block_1_92' title="bbox 2221 4280 3709 4423">
    <p class='ocr_par' dir='ltr' id='par_1_92' title="bbox 2221 4280 3709 4423">
     <span class='ocr_line' id='line_1_92' title="bbox 2221 4280 3708 4356; baseline -0.005 -20"><span class='ocrx_word' id='word_1_624' title='bbox 2221 4281 2486 4352; x_wconf 82' lang='grc' dir='ltr'>πρότερον</span> <span class='ocrx_word' id='word_1_625' title='bbox 2524 4280 3038 4338; x_wconf 86' lang='lat' dir='ltr'><strong>subdistinctiouem</strong></span> <span class='ocrx_word' id='word_1_626' title='bbox 3056 4280 3302 4356; x_wconf 76' lang='lat' dir='ltr'><strong>appono,</strong></span> <span class='ocrx_word' id='word_1_627' title='bbox 3327 4280 3575 4354; x_wconf 87' lang='lat' dir='ltr'><strong>quomodo</strong></span> <span class='ocrx_word' id='word_1_628' title='bbox 3591 4280 3708 4354; x_wconf 75' lang='lat' dir='ltr'><strong>etiam</strong></span> 
     </span>
     <span class='ocr_line' id='line_1_93' title="bbox 2223 4347 3709 4423; baseline -0.007 -18"><span class='ocrx_word' id='word_1_629' title='bbox 2223 4351 2462 4407; x_wconf 82' lang='lat' dir='ltr'><strong>Savilius</strong></span> <span class='ocrx_word' id='word_1_630' title='bbox 2486 4353 2538 4406; x_wconf 92' lang='lat' dir='ltr'><strong>in</strong></span> <span class='ocrx_word' id='word_1_631' title='bbox 2565 4369 2666 4408; x_wconf 90' lang='lat' dir='ltr'><strong>suo</strong></span> <span class='ocrx_word' id='word_1_632' title='bbox 2689 4354 2880 4407; x_wconf 89' lang='lat' dir='ltr'><strong>codice</strong></span> <span class='ocrx_word' id='word_1_633' title='bbox 2903 4359 3177 4423; x_wconf 85' lang='lat' dir='ltr'><strong>apposuit.</strong></span> <span class='ocrx_word' id='word_1_634' title='bbox 3201 4357 3254 4410; x_wconf 95' lang='lat' dir='ltr'><strong>ln</strong></span> <span class='ocrx_word' id='word_1_635' title='bbox 3277 4355 3454 4410; x_wconf 89' lang='lat' dir='ltr'><strong>codice</strong></span> <span class='ocrx_word' id='word_1_636' title='bbox 3477 4347 3709 4423; x_wconf 58' lang='lat' dir='ltr'><strong>Fuhetiano</strong></span> 
     </span>
    </p>
   </div>
   <div class='ocr_carea' id='block_1_93' title="bbox 544 4419 3708 4515">
    <p class='ocr_par' dir='ltr' id='par_1_93' title="bbox 544 4419 3708 4515">
     <span class='ocr_line' id='line_1_94' title="bbox 544 4419 3708 4515; baseline -0 -39"><span class='ocrx_word' id='word_1_637' title='bbox 544 4422 903 4515; x_wconf 72' lang='lat' dir='ltr'><strong>Eunomianis</strong></span> <span class='ocrx_word' id='word_1_638' title='bbox 933 4423 1028 4491; x_wconf 90' lang='lat' dir='ltr'><strong>qui</strong></span> <span class='ocrx_word' id='word_1_639' title='bbox 1075 4419 1898 4515; x_wconf 41' lang='lat' dir='ltr'><strong>unicam‘ersione..haptiaant,</strong></span> <span class='ocrx_word' id='word_1_640' title='bbox 1931 4431 2111 4476; x_wconf 79' lang='lat' dir='ltr'><strong>exstat</strong></span> <span class='ocrx_word' id='word_1_641' title='bbox 2144 4461 2188 4515; x_wconf 70' lang='grc' dir='ltr'>ο</span> <span class='ocrx_word' id='word_1_642' title='bbox 2222 4425 2486 4502; x_wconf 75' lang='lat' dir='ltr'><strong>scriptum</strong></span> <span class='ocrx_word' id='word_1_643' title='bbox 2523 4423 2701 4478; x_wconf 88' lang='lat' dir='ltr'><strong>inveni</strong></span> <span class='ocrx_word' id='word_1_644' title='bbox 2735 4419 3006 4494; x_wconf 76' lang='grc' dir='ltr'>πρότεροί,</span> <span class='ocrx_word' id='word_1_645' title='bbox 3039 4440 3205 4494; x_wconf 85' lang='lat' dir='ltr'><strong>quam</strong></span> <span class='ocrx_word' id='word_1_646' title='bbox 3252 4425 3520 4478; x_wconf 85' lang='lat' dir='ltr'><strong>lectionem</strong></span> <span class='ocrx_word' id='word_1_647' title='bbox 3550 4419 3593 4470; x_wconf 91' lang='lat' dir='ltr'><strong>in</strong></span> <span class='ocrx_word' id='word_1_648' title='bbox 3625 4426 3708 4466; x_wconf 67' lang='lat' dir='ltr'><strong>Vel“</strong></span> 
     </span>
    </p>
   </div>
   <div class='ocr_carea' id='block_1_94' title="bbox 543 4491 1940 4564">
    <p class='ocr_par' dir='ltr' id='par_1_94' title="bbox 543 4491 1940 4564">
     <span class='ocr_line' id='line_1_95' title="bbox 543 4491 1940 4564; baseline 0.001 -18"><span class='ocrx_word' id='word_1_649' title='bbox 543 4508 721 4546; x_wconf 90' lang='lat' dir='ltr'><strong>canon</strong></span> <span class='ocrx_word' id='word_1_650' title='bbox 760 4494 1030 4564; x_wconf 80' lang='lat' dir='ltr'><strong>septimus</strong></span> <span class='ocrx_word' id='word_1_651' title='bbox 1063 4492 1258 4564; x_wconf 77' lang='lat' dir='ltr'><strong>synodi</strong></span> <span class='ocrx_word' id='word_1_652' title='bbox 1292 4491 1940 4564; x_wconf 71' lang='lat' dir='ltr'><strong>Constantinopolitante.</strong></span> 
     </span>
    </p>
   </div>
   <div class='ocr_carea' id='block_1_95' title="bbox 615 4561 2114 4631">
    <p class='ocr_par' dir='ltr' id='par_1_95' title="bbox 615 4561 2114 4631">
     <span class='ocr_line' id='line_1_96' title="bbox 615 4561 2114 4631; baseline -0.001 -15"><span class='ocrx_word' id='word_1_653' title='bbox 615 4564 726 4629; x_wconf 69' lang='lat'><strong>(‘21)</strong></span> <span class='ocrx_word' id='word_1_654' title='bbox 764 4561 969 4631; x_wconf 81' lang='grc' dir='ltr'><strong>Μηδὲν</strong></span> <span class='ocrx_word' id='word_1_655' title='bbox 997 4561 1127 4630; x_wconf 67' lang='grc' dir='ltr'>περὶ</span> <span class='ocrx_word' id='word_1_656' title='bbox 1156 4563 1388 4616; x_wconf 80' lang='grc' dir='ltr'>τούτου.</span> <span class='ocrx_word' id='word_1_657' title='bbox 1440 4561 1650 4616; x_wconf 77' lang='lat' dir='ltr'><strong>Mallem</strong></span> <span class='ocrx_word' id='word_1_658' title='bbox 1692 4563 1937 4616; x_wconf 83' lang='lat' dir='ltr'><strong>scribere</strong></span> <span class='ocrx_word' id='word_1_659' title='bbox 1985 4562 2114 4631; x_wconf 75' lang='grc' dir='ltr'>περὶ</span> 
     </span>
    </p>
   </div>
   <div class='ocr_carea' id='block_1_96' title="bbox 542 4630 2037 4703">
    <p class='ocr_par' dir='ltr' id='par_1_96' title="bbox 542 4630 2037 4703">
     <span class='ocr_line' id='line_1_97' title="bbox 542 4630 2037 4703; baseline 0 -19"><span class='ocrx_word' id='word_1_660' title='bbox 542 4631 720 4703; x_wconf 53' lang='grc' dir='ltr'><strong>τοῦτον</strong></span> <span class='ocrx_word' id='word_1_661' title='bbox 759 4630 834 4688; x_wconf 85' lang='lat' dir='ltr'><strong>Ita</strong></span> <span class='ocrx_word' id='word_1_662' title='bbox 863 4642 1013 4687; x_wconf 91' lang='lat' dir='ltr'><strong>certe</strong></span> <span class='ocrx_word' id='word_1_663' title='bbox 1051 4633 1294 4703; x_wconf 90' lang='lat' dir='ltr'><strong>loquitur</strong></span> <span class='ocrx_word' id='word_1_664' title='bbox 1319 4633 1494 4703; x_wconf 12' lang='lat' dir='ltr'><strong>paulo,</strong></span> <span class='ocrx_word' id='word_1_665' title='bbox 1521 4639 1644 4702; x_wconf 88' lang='lat' dir='ltr'><strong>post</strong></span> <span class='ocrx_word' id='word_1_666' title='bbox 1675 4631 2037 4703; x_wconf 84' lang='lat' dir='ltr'><strong>Sozomenus.</strong></span> 
     </span>
    </p>
   </div>
   <div class='ocr_carea' id='block_1_97' title="bbox 614 4701 2112 4770">
    <p class='ocr_par' dir='ltr' id='par_1_97' title="bbox 614 4701 2112 4770">
     <span class='ocr_line' id='line_1_98' title="bbox 614 4701 2112 4770; baseline 0.003 -18"><span class='ocrx_word' id='word_1_667' title='bbox 614 4701 722 4768; x_wconf 75' lang='lat'><strong>(22)</strong></span> <span class='ocrx_word' id='word_1_668' title='bbox 780 4704 1090 4770; x_wconf 67' lang='grc' dir='ltr'>Πρόφασιν</span> <span class='ocrx_word' id='word_1_669' title='bbox 1124 4701 1334 4770; x_wconf 56' lang='grc' dir='ltr'><strong>ἀὐτὴν</strong></span> <span class='ocrx_word' id='word_1_670' title='bbox 1390 4701 1497 4755; x_wconf 87' lang='grc' dir='ltr'><strong>τοῦ</strong></span> <span class='ocrx_word' id='word_1_671' title='bbox 1530 4701 1880 4770; x_wconf 75' lang='grc' dir='ltr'>χωρισμοῦ.</span> <span class='ocrx_word' id='word_1_672' title='bbox 1946 4702 2112 4756; x_wconf 79' lang='lat' dir='ltr'><strong>Recte</strong></span> 
     </span>
    </p>
   </div>
   <div class='ocr_carea' id='block_1_98' title="bbox 543 4771 2110 4841">
    <p class='ocr_par' dir='ltr' id='par_1_98' title="bbox 543 4771 2110 4841">
     <span class='ocr_line' id='line_1_99' title="bbox 543 4771 2110 4841; baseline -0.001 -16"><span class='ocrx_word' id='word_1_673' title='bbox 543 4771 1080 4841; x_wconf 70' lang='lat' dir='ltr'><strong>Cht‘istopborsonus</strong></span> <span class='ocrx_word' id='word_1_674' title='bbox 1119 4775 1267 4826; x_wconf 90' lang='lat' dir='ltr'><strong>hunc</strong></span> <span class='ocrx_word' id='word_1_675' title='bbox 1315 4773 1490 4826; x_wconf 91' lang='lat' dir='ltr'><strong>locum</strong></span> <span class='ocrx_word' id='word_1_676' title='bbox 1527 4772 1795 4841; x_wconf 78' lang='lat' dir='ltr'><strong>intellexit</strong></span> <span class='ocrx_word' id='word_1_677' title='bbox 1841 4771 1908 4825; x_wconf 86' lang='lat' dir='ltr'><strong>de</strong></span> <span class='ocrx_word' id='word_1_678' title='bbox 1951 4787 2110 4841; x_wconf 86' lang='lat' dir='ltr'><strong>sepa-</strong></span> 
     </span>
    </p>
   </div>
   <div class='ocr_carea' id='block_1_99' title="bbox 547 4839 2111 4909">
    <p class='ocr_par' dir='ltr' id='par_1_99' title="bbox 547 4839 2111 4909">
     <span class='ocr_line' id='line_1_100' title="bbox 547 4839 2111 4909; baseline 0.002 -18"><span class='ocrx_word' id='word_1_679' title='bbox 547 4840 754 4893; x_wconf 87' lang='lat' dir='ltr'><strong>ratione</strong></span> <span class='ocrx_word' id='word_1_680' title='bbox 781 4839 1032 4895; x_wconf 77' lang='lat' dir='ltr'><strong>Eunomii</strong></span> <span class='ocrx_word' id='word_1_681' title='bbox 1064 4843 1131 4897; x_wconf 88' lang='lat' dir='ltr'><strong>ab</strong></span> <span class='ocrx_word' id='word_1_682' title='bbox 1157 4843 1394 4895; x_wconf 86' lang='lat' dir='ltr'><strong>Arianis.</strong></span> <span class='ocrx_word' id='word_1_683' title='bbox 1431 4841 1597 4909; x_wconf 87' lang='lat' dir='ltr'><strong>[dque</strong></span> <span class='ocrx_word' id='word_1_684' title='bbox 1630 4840 1792 4907; x_wconf 82' lang='lat' dir='ltr'><strong>plane</strong></span> <span class='ocrx_word' id='word_1_685' title='bbox 1821 4839 2111 4894; x_wconf 83' lang='lat' dir='ltr'><strong>coulirmat</strong></span> 
     </span>
    </p>
   </div>
   <div class='ocr_carea' id='block_1_100' title="bbox 545 4911 2108 4982">
    <p class='ocr_par' dir='ltr' id='par_1_100' title="bbox 545 4911 2108 4982">
     <span class='ocr_line' id='line_1_101' title="bbox 545 4911 2108 4982; baseline 0 -18"><span class='ocrx_word' id='word_1_686' title='bbox 545 4911 944 4982; x_wconf 65' lang='lat' dir='ltr'><strong>Pliilostorgius</strong></span> <span class='ocrx_word' id='word_1_687' title='bbox 975 4914 1028 4964; x_wconf 89' lang='lat' dir='ltr'><strong>in</strong></span> <span class='ocrx_word' id='word_1_688' title='bbox 1057 4913 1149 4969; x_wconf 86' lang='lat' dir='ltr'><strong>lib.</strong></span> <span class='ocrx_word' id='word_1_689' title='bbox 1187 4927 1264 4977; x_wconf 79' lang='lat' dir='ltr'><strong>ix,</strong></span> <span class='ocrx_word' id='word_1_690' title='bbox 1302 4926 1422 4982; x_wconf 88' lang='lat' dir='ltr'><strong>cap.</strong></span> <span class='ocrx_word' id='word_1_691' title='bbox 1456 4911 1509 4975; x_wconf 72' lang='grc'>4,</span> <span class='ocrx_word' id='word_1_692' title='bbox 1541 4921 1592 4964; x_wconf 90' lang='lat' dir='ltr'><strong>et</strong></span> <span class='ocrx_word' id='word_1_693' title='bbox 1624 4911 1782 4965; x_wconf 82' lang='lat' dir='ltr'><strong>Socr.</strong></span> <span class='ocrx_word' id='word_1_694' title='bbox 1819 4912 1872 4964; x_wconf 90' lang='lat' dir='ltr'><strong>in</strong></span> <span class='ocrx_word' id='word_1_695' title='bbox 1903 4913 1999 4967; x_wconf 86' lang='lat' dir='ltr'><strong>lib.</strong></span> <span class='ocrx_word' id='word_1_696' title='bbox 2035 4927 2108 4978; x_wconf 86' lang='lat' dir='ltr'><strong>iv,</strong></span> 
     </span>
    </p>
   </div>
   <div class='ocr_carea' id='block_1_101' title="bbox 543 4981 1147 5052">
    <p class='ocr_par' dir='ltr' id='par_1_101' title="bbox 543 4981 1147 5052">
     <span class='ocr_line' id='line_1_102' title="bbox 543 4981 1147 5052; baseline -0.002 -17"><span class='ocrx_word' id='word_1_697' title='bbox 543 4997 666 5052; x_wconf 87' lang='lat' dir='ltr'><strong>cap.</strong></span> <span class='ocrx_word' id='word_1_698' title='bbox 697 4981 788 5042; x_wconf 73' lang='lat' dir='ltr'><strong>i2,</strong></span> <span class='ocrx_word' id='word_1_699' title='bbox 817 4996 978 5049; x_wconf 87' lang='lat' dir='ltr'><strong>quem</strong></span> <span class='ocrx_word' id='word_1_700' title='bbox 1005 4982 1147 5042; x_wconf 83' lang='lat' dir='ltr'><strong>vide.</strong></span> 
     </span>
    </p>
   </div>
   <div class='ocr_carea' id='block_1_102' title="bbox 2220 4492 3662 4560">
    <p class='ocr_par' dir='ltr' id='par_1_102' title="bbox 2220 4492 3662 4560">
     <span class='ocr_line' id='line_1_103' title="bbox 2220 4492 3662 4560; baseline 0.005 -14"><span class='ocrx_word' id='word_1_701' title='bbox 2220 4492 2375 4546; x_wconf 87' lang='lat' dir='ltr'><strong>sione</strong></span> <span class='ocrx_word' id='word_1_702' title='bbox 2409 4508 2528 4546; x_wconf 89' lang='lat' dir='ltr'><strong>mea</strong></span> <span class='ocrx_word' id='word_1_703' title='bbox 2561 4492 2790 4547; x_wconf 86' lang='lat' dir='ltr'><strong>secutus</strong></span> <span class='ocrx_word' id='word_1_704' title='bbox 2815 4492 2956 4547; x_wconf 85' lang='lat' dir='ltr'><strong>sum.</strong></span> <span class='ocrx_word' id='word_1_705' title='bbox 3057 4492 3068 4494; x_wconf 60' lang='grc'><em>’</em></span> <span class='ocrx_word' id='word_1_706' title='bbox 3478 4559 3485 4560; x_wconf 19' lang='grc' dir='ltr'>ί</span> <span class='ocrx_word' id='word_1_707' title='bbox 3546 4557 3559 4560; x_wconf 95' lang='lat'>_</span> <span class='ocrx_word' id='word_1_708' title='bbox 3605 4553 3615 4560; x_wconf 70' lang='grc'><strong>,</strong></span> <span class='ocrx_word' id='word_1_709' title='bbox 3654 4551 3662 4560; x_wconf 87' lang='grc'><strong>,</strong></span> 
     </span>
    </p>
   </div>
   <div class='ocr_carea' id='block_1_103' title="bbox 2291 4553 3708 4633">
    <p class='ocr_par' dir='ltr' id='par_1_103' title="bbox 2291 4553 3708 4633">
     <span class='ocr_line' id='line_1_104' title="bbox 2291 4553 3708 4633; baseline -0.018 -3"><span class='ocrx_word' id='word_1_710' title='bbox 2291 4563 2404 4632; x_wconf 59' lang='grc' dir='ltr'><strong>(Ἡ)</strong></span> <span class='ocrx_word' id='word_1_711' title='bbox 2449 4559 2982 4627; x_wconf 72' lang='grc' dir='ltr'>Ἀναϐιιπτίζοντες.</span> <span class='ocrx_word' id='word_1_712' title='bbox 3012 4562 3335 4619; x_wconf 85' lang='lat' dir='ltr'><strong>Eunomiani</strong></span> <span class='ocrx_word' id='word_1_713' title='bbox 3360 4559 3490 4617; x_wconf 90' lang='lat' dir='ltr'><strong>istud</strong></span> <span class='ocrx_word' id='word_1_714' title='bbox 3517 4553 3708 4633; x_wconf 33' lang='lat' dir='ltr'><strong>ab‘Aria:</strong></span> 
     </span>
    </p>
   </div>
   <div class='ocr_carea' id='block_1_104' title="bbox 2221 4626 3704 4703">
    <p class='ocr_par' dir='ltr' id='par_1_104' title="bbox 2221 4626 3704 4703">
     <span class='ocr_line' id='line_1_105' title="bbox 2221 4626 3704 4703; baseline -0.009 -17"><span class='ocrx_word' id='word_1_715' title='bbox 2221 4626 2328 4697; x_wconf 84' lang='lat' dir='ltr'><strong>nis,</strong></span> <span class='ocrx_word' id='word_1_716' title='bbox 2383 4626 2572 4703; x_wconf 78' lang='lat' dir='ltr'><strong>utpote</strong></span> <span class='ocrx_word' id='word_1_717' title='bbox 2630 4626 2948 4703; x_wconf 86' lang='lat' dir='ltr'><strong>parentibus</strong></span> <span class='ocrx_word' id='word_1_718' title='bbox 3003 4635 3141 4697; x_wconf 87' lang='lat' dir='ltr'><strong>suis,</strong></span> <span class='ocrx_word' id='word_1_719' title='bbox 3198 4639 3536 4703; x_wconf 30' lang='lat' dir='ltr'><strong>acceperant:</strong></span> <span class='ocrx_word' id='word_1_720' title='bbox 3570 4626 3704 4703; x_wconf 62' lang='lat' dir='ltr'><strong>Ariani</strong></span> 
     </span>
    </p>
   </div>
   <div class='ocr_carea' id='block_1_105' title="bbox 2219 4695 3704 4773">
    <p class='ocr_par' dir='ltr' id='par_1_105' title="bbox 2219 4695 3704 4773">
     <span class='ocr_line' id='line_1_106' title="bbox 2219 4695 3704 4773; baseline -0.005 -17"><span class='ocrx_word' id='word_1_721' title='bbox 2219 4695 2363 4758; x_wconf 88' lang='lat' dir='ltr'><strong>enim</strong></span> <span class='ocrx_word' id='word_1_722' title='bbox 2395 4695 2712 4757; x_wconf 80' lang='lat' dir='ltr'><strong>Catlioliéos</strong></span> <span class='ocrx_word' id='word_1_723' title='bbox 2745 4702 2811 4756; x_wconf 90' lang='lat' dir='ltr'><strong>ad</strong></span> <span class='ocrx_word' id='word_1_724' title='bbox 2843 4718 2904 4758; x_wconf 92' lang='lat' dir='ltr'><strong>se</strong></span> <span class='ocrx_word' id='word_1_725' title='bbox 2943 4695 3226 4759; x_wconf 82' lang='lat' dir='ltr'><strong>venientes</strong></span> <span class='ocrx_word' id='word_1_726' title='bbox 3266 4695 3646 4773; x_wconf 69' lang='lat' dir='ltr'><strong>rebaptizabanl.</strong></span> <span class='ocrx_word' id='word_1_727' title='bbox 3667 4695 3704 4773; x_wconf 59' lang='grc' dir='ltr'><strong>ξιξ</strong></span> 
     </span>
    </p>
   </div>
   <div class='ocr_carea' id='block_1_106' title="bbox 2219 4768 3706 4838">
    <p class='ocr_par' dir='ltr' id='par_1_106' title="bbox 2219 4768 3706 4838">
     <span class='ocr_line' id='line_1_107' title="bbox 2219 4768 3706 4838; baseline -0.007 -14"><span class='ocrx_word' id='word_1_728' title='bbox 2219 4781 2408 4826; x_wconf 91' lang='lat' dir='ltr'><strong>notum</strong></span> <span class='ocrx_word' id='word_1_729' title='bbox 2436 4781 2537 4827; x_wconf 88' lang='lat' dir='ltr'><strong>est.</strong></span> <span class='ocrx_word' id='word_1_730' title='bbox 2566 4773 2684 4838; x_wconf 82' lang='lat' dir='ltr'><strong>Qua</strong></span> <span class='ocrx_word' id='word_1_731' title='bbox 2715 4773 2780 4825; x_wconf 88' lang='lat' dir='ltr'><strong>de</strong></span> <span class='ocrx_word' id='word_1_732' title='bbox 2802 4787 2861 4826; x_wconf 91' lang='lat' dir='ltr'><strong>re</strong></span> <span class='ocrx_word' id='word_1_733' title='bbox 2885 4775 3036 4828; x_wconf 89' lang='lat' dir='ltr'><strong>locus</strong></span> <span class='ocrx_word' id='word_1_734' title='bbox 3064 4785 3146 4829; x_wconf 91' lang='lat' dir='ltr'><strong>est</strong></span> <span class='ocrx_word' id='word_1_735' title='bbox 3173 4768 3470 4827; x_wconf 39' lang='lat' dir='ltr'><strong>illustris—in</strong></span> <span class='ocrx_word' id='word_1_736' title='bbox 3495 4768 3706 4838; x_wconf 63' lang='lat' dir='ltr'><strong>Breviario</strong></span> 
     </span>
    </p>
   </div>
   <div class='ocr_carea' id='block_1_107' title="bbox 2217 4831 3706 4914">
    <p class='ocr_par' dir='ltr' id='par_1_107' title="bbox 2217 4831 3706 4914">
     <span class='ocr_line' id='line_1_108' title="bbox 2217 4831 3706 4914; baseline -0.009 -18"><span class='ocrx_word' id='word_1_737' title='bbox 2217 4843 2339 4914; x_wconf 74' lang='lat' dir='ltr'><strong>ildei</strong></span> <span class='ocrx_word' id='word_1_738' title='bbox 2391 4831 2657 4914; x_wconf 70' lang='lat' dir='ltr'><strong>adversus</strong></span> <span class='ocrx_word' id='word_1_739' title='bbox 2699 4843 2956 4908; x_wconf 86' lang='lat' dir='ltr'><strong>Arianos,</strong></span> <span class='ocrx_word' id='word_1_740' title='bbox 2992 4845 3136 4914; x_wconf 89' lang='lat' dir='ltr'><strong>quod</strong></span> <span class='ocrx_word' id='word_1_741' title='bbox 3187 4845 3313 4914; x_wconf 87' lang='lat' dir='ltr'><strong>olim</strong></span> <span class='ocrx_word' id='word_1_742' title='bbox 3341 4840 3497 4914; x_wconf 81' lang='lat' dir='ltr'><strong>edidit</strong></span> <span class='ocrx_word' id='word_1_743' title='bbox 3526 4831 3706 4914; x_wconf 59' lang='lat' dir='ltr'><strong>Jacolulf</strong></span> 
     </span>
    </p>
   </div>
   <div class='ocr_carea' id='block_1_108' title="bbox 2218 4909 3706 4989">
    <p class='ocr_par' dir='ltr' id='par_1_108' title="bbox 2218 4909 3706 4989">
     <span class='ocr_line' id='line_1_109' title="bbox 2218 4909 3706 4989; baseline 0 -25"><span class='ocrx_word' id='word_1_744' title='bbox 2218 4913 2587 4989; x_wconf 27' lang='lat' dir='ltr'><strong>ASirmund‘us:</strong></span> <span class='ocrx_word' id='word_1_745' title='bbox 2627 4913 2813 4989; x_wconf 67' lang='lat' dir='ltr'><strong>Dicere</strong></span> <span class='ocrx_word' id='word_1_746' title='bbox 2845 4909 3206 4989; x_wconf 52' lang='lat' dir='ltr'><strong>etiant&#39;solcnt</strong></span> <span class='ocrx_word' id='word_1_747' title='bbox 3241 4913 3303 4965; x_wconf 87' lang='lat' dir='ltr'><strong>de</strong></span> <span class='ocrx_word' id='word_1_748' title='bbox 3337 4909 3706 4989; x_wconf 40' lang='lat' dir='ltr'><strong>baptismoiqﬂ</strong></span> 
     </span>
    </p>
   </div>
   <div class='ocr_carea' id='block_1_109' title="bbox 2217 4980 3704 5054">
    <p class='ocr_par' dir='ltr' id='par_1_109' title="bbox 2217 4980 3704 5054">
     <span class='ocr_line' id='line_1_110' title="bbox 2217 4980 3704 5054; baseline -0.005 -17"><span class='ocrx_word' id='word_1_749' title='bbox 2217 4985 2270 5038; x_wconf 81' lang='lat' dir='ltr'><strong>in</strong></span> <span class='ocrx_word' id='word_1_750' title='bbox 2297 5000 2356 5037; x_wconf 84' lang='lat' dir='ltr'><strong>ea</strong></span> <span class='ocrx_word' id='word_1_751' title='bbox 2392 4984 2578 5038; x_wconf 83' lang='lat' dir='ltr'><strong>melius</strong></span> <span class='ocrx_word' id='word_1_752' title='bbox 2611 4985 2681 5038; x_wconf 77' lang='lat' dir='ltr'><strong>sit</strong></span> <span class='ocrx_word' id='word_1_753' title='bbox 2713 4985 2947 5054; x_wconf 80' lang='lat' dir='ltr'><strong>ipsorum</strong></span> <span class='ocrx_word' id='word_1_754' title='bbox 2979 4985 3315 5050; x_wconf 78' lang='lat' dir='ltr'><strong>baptismum,</strong></span> <span class='ocrx_word' id='word_1_755' title='bbox 3337 4996 3484 5051; x_wconf 87' lang='lat' dir='ltr'><strong>quam</strong></span> <span class='ocrx_word' id='word_1_756' title='bbox 3505 4980 3704 5031; x_wconf 65' lang='lat' dir='ltr'><strong>nostrum;</strong></span> 
     </span>
    </p>
   </div>
   <div class='ocr_carea' id='block_1_110' title="bbox 1956 5095 2340 5154">
    <p class='ocr_par' dir='ltr' id='par_1_110' title="bbox 1956 5095 2340 5154">
     <span class='ocr_line' id='line_1_111' title="bbox 1956 5095 2340 5154; baseline 0.005 -4"><span class='ocrx_word' id='word_1_757' title='bbox 1956 5095 2340 5154; x_wconf 72' lang='lat' dir='ltr'><strong>VARIOBUM.</strong></span> 
     </span>
    </p>
   </div>
   <div class='ocr_carea' id='block_1_111' title="bbox 615 5183 2114 5254">
    <p class='ocr_par' dir='ltr' id='par_1_111' title="bbox 615 5183 2114 5254">
     <span class='ocr_line' id='line_1_112' title="bbox 615 5183 2114 5254; baseline 0.003 -14"><span class='ocrx_word' id='word_1_758' title='bbox 615 5201 642 5228; x_wconf 80' lang='grc' dir='ltr'>ι</span> <span class='ocrx_word' id='word_1_759' title='bbox 678 5183 818 5254; x_wconf 69' lang='grc' dir='ltr'>Περὶ</span> <span class='ocrx_word' id='word_1_760' title='bbox 855 5185 970 5252; x_wconf 79' lang='grc' dir='ltr'>τὴν</span> <span class='ocrx_word' id='word_1_761' title='bbox 1024 5186 1190 5240; x_wconf 79' lang='grc' dir='ltr'>θείαν</span> <span class='ocrx_word' id='word_1_762' title='bbox 1217 5189 1514 5251; x_wconf 73' lang='grc' dir='ltr'>βάπτισιν</span> <span class='ocrx_word' id='word_1_763' title='bbox 1547 5189 1964 5254; x_wconf 80' lang='grc' dir='ltr'>ἐνεωτέρισαν.</span> <span class='ocrx_word' id='word_1_764' title='bbox 2005 5197 2114 5244; x_wconf 87' lang='lat' dir='ltr'><strong>etc.</strong></span> 
     </span>
    </p>
   </div>
   <div class='ocr_carea' id='block_1_112' title="bbox 547 5257 2115 5327">
    <p class='ocr_par' dir='ltr' id='par_1_112' title="bbox 547 5257 2115 5327">
     <span class='ocr_line' id='line_1_113' title="bbox 547 5257 2115 5327; baseline -0.001 -13"><span class='ocrx_word' id='word_1_765' title='bbox 547 5260 658 5314; x_wconf 80' lang='lat' dir='ltr'><strong>Eos</strong></span> <span class='ocrx_word' id='word_1_766' title='bbox 692 5259 903 5311; x_wconf 88' lang='lat' dir='ltr'><strong>scilicet</strong></span> <span class='ocrx_word' id='word_1_767' title='bbox 935 5259 1028 5326; x_wconf 91' lang='lat' dir='ltr'><strong>qui</strong></span> <span class='ocrx_word' id='word_1_768' title='bbox 1065 5257 1117 5310; x_wconf 89' lang='lat' dir='ltr'><strong>iu</strong></span> <span class='ocrx_word' id='word_1_769' title='bbox 1150 5260 1372 5312; x_wconf 87' lang='lat' dir='ltr'><strong>nomine</strong></span> <span class='ocrx_word' id='word_1_770' title='bbox 1411 5259 1610 5321; x_wconf 88' lang='lat' dir='ltr'><strong>Patris,</strong></span> <span class='ocrx_word' id='word_1_771' title='bbox 1643 5268 1696 5314; x_wconf 89' lang='lat' dir='ltr'><strong>et</strong></span> <span class='ocrx_word' id='word_1_772' title='bbox 1728 5257 1871 5322; x_wconf 83' lang='lat' dir='ltr'><strong>Filii,</strong></span> <span class='ocrx_word' id='word_1_773' title='bbox 1908 5270 1962 5314; x_wconf 94' lang='lat' dir='ltr'><strong>et</strong></span> <span class='ocrx_word' id='word_1_774' title='bbox 1991 5259 2115 5327; x_wconf 84' lang='lat' dir='ltr'><strong>Spi-</strong></span> 
     </span>
    </p>
   </div>
   <div class='ocr_carea' id='block_1_113' title="bbox 552 5329 2118 5397">
    <p class='ocr_par' dir='ltr' id='par_1_113' title="bbox 552 5329 2118 5397">
     <span class='ocr_line' id='line_1_114' title="bbox 552 5329 2118 5397; baseline 0 -15"><span class='ocrx_word' id='word_1_775' title='bbox 552 5339 692 5382; x_wconf 84' lang='lat' dir='ltr'><strong>ritus</strong></span> <span class='ocrx_word' id='word_1_776' title='bbox 721 5331 899 5382; x_wconf 86' lang='lat' dir='ltr'><strong>sancti</strong></span> <span class='ocrx_word' id='word_1_777' title='bbox 950 5329 1208 5397; x_wconf 83' lang='lat' dir='ltr'><strong>baptizati</strong></span> <span class='ocrx_word' id='word_1_778' title='bbox 1249 5337 1408 5394; x_wconf 89' lang='lat' dir='ltr'><strong>sunt,</strong></span> <span class='ocrx_word' id='word_1_779' title='bbox 1441 5331 1596 5396; x_wconf 84' lang='lat' dir='ltr'><strong>quasi</strong></span> <span class='ocrx_word' id='word_1_780' title='bbox 1628 5330 1888 5384; x_wconf 84' lang='lat' dir='ltr'><strong>seductos</strong></span> <span class='ocrx_word' id='word_1_781' title='bbox 1937 5333 2118 5382; x_wconf 84' lang='lat' dir='ltr'><strong>denuo</strong></span> 
     </span>
    </p>
   </div>
   <div class='ocr_carea' id='block_1_114' title="bbox 545 5398 2114 5467">
    <p class='ocr_par' dir='ltr' id='par_1_114' title="bbox 545 5398 2114 5467">
     <span class='ocr_line' id='line_1_115' title="bbox 545 5398 2114 5467; baseline -0.001 -14"><span class='ocrx_word' id='word_1_782' title='bbox 545 5399 916 5467; x_wconf 82' lang='lat' dir='ltr'><strong>baptizabant,</strong></span> <span class='ocrx_word' id='word_1_783' title='bbox 941 5398 1105 5467; x_wconf 85' lang='lat' dir='ltr'><strong>idque</strong></span> <span class='ocrx_word' id='word_1_784' title='bbox 1135 5407 1339 5450; x_wconf 89' lang='lat' dir='ltr'><strong>tantum</strong></span> <span class='ocrx_word' id='word_1_785' title='bbox 1372 5415 1478 5452; x_wconf 85' lang='lat' dir='ltr'><strong>una</strong></span> <span class='ocrx_word' id='word_1_786' title='bbox 1503 5401 1776 5453; x_wconf 78' lang='lat' dir='ltr'><strong>tnersione</strong></span> <span class='ocrx_word' id='word_1_787' title='bbox 1803 5402 1854 5452; x_wconf 92' lang='lat' dir='ltr'><strong>in</strong></span> <span class='ocrx_word' id='word_1_788' title='bbox 1887 5409 2114 5451; x_wconf 75' lang='lat' dir='ltr'><strong>mortem</strong></span> 
     </span>
    </p>
   </div>
   <div class='ocr_carea' id='block_1_115' title="bbox 544 5467 2112 5536">
    <p class='ocr_par' dir='ltr' id='par_1_115' title="bbox 544 5467 2112 5536">
     <span class='ocr_line' id='line_1_116' title="bbox 544 5467 2112 5536; baseline -0.002 -14"><span class='ocrx_word' id='word_1_789' title='bbox 544 5468 777 5524; x_wconf 81' lang='lat' dir='ltr'><strong>Christi.</strong></span> <span class='ocrx_word' id='word_1_790' title='bbox 810 5468 935 5523; x_wconf 75' lang='lat' dir='ltr'><strong>Vid.</strong></span> <span class='ocrx_word' id='word_1_791' title='bbox 969 5467 1146 5533; x_wconf 86' lang='lat' dir='ltr'><strong>Socr.,</strong></span> <span class='ocrx_word' id='word_1_792' title='bbox 1203 5469 1297 5520; x_wconf 90' lang='lat' dir='ltr'><strong>lib.</strong></span> <span class='ocrx_word' id='word_1_793' title='bbox 1355 5484 1422 5531; x_wconf 82' lang='grc' dir='ltr'><strong>ν,</strong></span> <span class='ocrx_word' id='word_1_794' title='bbox 1487 5483 1608 5536; x_wconf 84' lang='lat' dir='ltr'><strong>cap.</strong></span> <span class='ocrx_word' id='word_1_795' title='bbox 1641 5469 1732 5533; x_wconf 74' lang='grc'><strong>24,</strong></span> <span class='ocrx_word' id='word_1_796' title='bbox 1773 5476 1826 5522; x_wconf 91' lang='lat' dir='ltr'><strong>et</strong></span> <span class='ocrx_word' id='word_1_797' title='bbox 1880 5468 2112 5531; x_wconf 84' lang='lat' dir='ltr'><strong>Tlieod.,</strong></span> 
     </span>
    </p>
   </div>
   <div class='ocr_carea' id='block_1_116' title="bbox 551 5537 2120 5607">
    <p class='ocr_par' dir='ltr' id='par_1_116' title="bbox 551 5537 2120 5607">
     <span class='ocr_line' id='line_1_117' title="bbox 551 5537 2120 5607; baseline 0.001 -17"><span class='ocrx_word' id='word_1_798' title='bbox 551 5537 698 5591; x_wconf 69' lang='lat' dir='ltr'><strong>Hier.</strong></span> <span class='ocrx_word' id='word_1_799' title='bbox 734 5539 870 5606; x_wconf 79' lang='lat' dir='ltr'><strong>fab.,</strong></span> <span class='ocrx_word' id='word_1_800' title='bbox 904 5540 1000 5594; x_wconf 93' lang='lat' dir='ltr'><strong>lib.</strong></span> <span class='ocrx_word' id='word_1_801' title='bbox 1043 5554 1114 5602; x_wconf 88' lang='lat' dir='ltr'><strong>tv,</strong></span> <span class='ocrx_word' id='word_1_802' title='bbox 1144 5553 1263 5606; x_wconf 87' lang='lat' dir='ltr'><strong>cap.</strong></span> <span class='ocrx_word' id='word_1_803' title='bbox 1291 5538 1343 5592; x_wconf 84' lang='lat'><strong>&#39;5.</strong></span> <span class='ocrx_word' id='word_1_804' title='bbox 1377 5539 1726 5592; x_wconf 81' lang='lat' dir='ltr'><strong>Contrarium</strong></span> <span class='ocrx_word' id='word_1_805' title='bbox 1752 5539 1953 5592; x_wconf 87' lang='lat' dir='ltr'><strong>diserte</strong></span> <span class='ocrx_word' id='word_1_806' title='bbox 1986 5554 2120 5607; x_wconf 71' lang='lat' dir='ltr'><strong>prae-</strong></span> 
     </span>
    </p>
   </div>
   <div class='ocr_carea' id='block_1_117' title="bbox 546 5609 2122 5681">
    <p class='ocr_par' dir='ltr' id='par_1_117' title="bbox 546 5609 2122 5681">
     <span class='ocr_line' id='line_1_118' title="bbox 546 5609 2122 5681; baseline -0.002 -18"><span class='ocrx_word' id='word_1_807' title='bbox 546 5609 677 5677; x_wconf 78' lang='lat' dir='ltr'><strong>cipit</strong></span> <span class='ocrx_word' id='word_1_808' title='bbox 719 5625 894 5664; x_wconf 86' lang='lat' dir='ltr'><strong>canon</strong></span> <span class='ocrx_word' id='word_1_809' title='bbox 941 5611 1278 5681; x_wconf 83' lang='lat' dir='ltr'><strong>apostolicus</strong></span> <span class='ocrx_word' id='word_1_810' title='bbox 1317 5609 1832 5680; x_wconf 72' lang='lat' dir='ltr'><strong>qttinquagcsitnus.</strong></span> <span class='ocrx_word' id='word_1_811' title='bbox 1893 5611 1950 5662; x_wconf 75' lang='lat' dir='ltr'><strong>Et</strong></span> <span class='ocrx_word' id='word_1_812' title='bbox 1997 5612 2122 5681; x_wconf 86' lang='lat' dir='ltr'><strong>qui-</strong></span> 
     </span>
    </p>
   </div>
   <div class='ocr_carea' id='block_1_118' title="bbox 2225 5182 3706 5263">
    <p class='ocr_par' dir='ltr' id='par_1_118' title="bbox 2225 5182 3706 5263">
     <span class='ocr_line' id='line_1_119' title="bbox 2225 5182 3706 5263; baseline -0.011 -18"><span class='ocrx_word' id='word_1_813' title='bbox 2225 5192 2348 5263; x_wconf 87' lang='lat' dir='ltr'><strong>dem</strong></span> <span class='ocrx_word' id='word_1_814' title='bbox 2383 5190 2586 5263; x_wconf 84' lang='lat' dir='ltr'><strong>trinam</strong></span> <span class='ocrx_word' id='word_1_815' title='bbox 2627 5192 2681 5246; x_wconf 93' lang='lat' dir='ltr'><strong>in</strong></span> <span class='ocrx_word' id='word_1_816' title='bbox 2721 5191 2992 5260; x_wconf 89' lang='lat' dir='ltr'><strong>baptismo</strong></span> <span class='ocrx_word' id='word_1_817' title='bbox 3031 5182 3706 5263; x_wconf 14' lang='lat' dir='ltr'><strong>peragendo‘inimersionetg</strong></span> 
     </span>
    </p>
   </div>
   <div class='ocr_carea' id='block_1_119' title="bbox 2226 5249 3705 5331">
    <p class='ocr_par' dir='ltr' id='par_1_119' title="bbox 2226 5249 3705 5331">
     <span class='ocr_line' id='line_1_120' title="bbox 2226 5249 3705 5331; baseline 0.003 -18"><span class='ocrx_word' id='word_1_818' title='bbox 2226 5261 2530 5331; x_wconf 76' lang='lat' dir='ltr'><strong>antiquitus</strong></span> <span class='ocrx_word' id='word_1_819' title='bbox 2584 5249 2898 5331; x_wconf 74' lang='lat' dir='ltr'><strong>usurpatam</strong></span> <span class='ocrx_word' id='word_1_820' title='bbox 2939 5249 3129 5326; x_wconf 72' lang='lat' dir='ltr'><strong>fuisse,</strong></span> <span class='ocrx_word' id='word_1_821' title='bbox 3161 5249 3457 5331; x_wconf 60' lang='lat' dir='ltr'><strong>locupletes</strong></span> <span class='ocrx_word' id='word_1_822' title='bbox 3498 5249 3705 5331; x_wconf 43' lang='lat' dir='ltr'><strong>habent?</strong></span> 
     </span>
    </p>
   </div>
   <div class='ocr_carea' id='block_1_120' title="bbox 2229 5318 3704 5400">
    <p class='ocr_par' dir='ltr' id='par_1_120' title="bbox 2229 5318 3704 5400">
     <span class='ocr_line' id='line_1_121' title="bbox 2229 5318 3704 5400; baseline -0.012 -16"><span class='ocrx_word' id='word_1_823' title='bbox 2229 5318 2394 5387; x_wconf 70' lang='lat' dir='ltr'><strong>testes</strong></span> <span class='ocrx_word' id='word_1_824' title='bbox 2425 5318 2842 5393; x_wconf 66' lang='lat' dir='ltr'><strong>Tertulliau&#39;um,</strong></span> <span class='ocrx_word' id='word_1_825' title='bbox 2875 5318 3704 5400; x_wconf 47' lang='lat' dir='ltr'><strong>Athanasium,C&#39;yrilltunhiems.</strong></span> 
     </span>
    </p>
   </div>
   <div class='ocr_carea' id='block_1_121' title="bbox 2223 5391 3702 5469">
    <p class='ocr_par' dir='ltr' id='par_1_121' title="bbox 2223 5391 3702 5469">
     <span class='ocr_line' id='line_1_122' title="bbox 2223 5391 3702 5469; baseline -0.011 -16"><span class='ocrx_word' id='word_1_826' title='bbox 2223 5401 2597 5460; x_wconf 85' lang='lat' dir='ltr'><strong>Ambrosium,</strong></span> <span class='ocrx_word' id='word_1_827' title='bbox 2653 5391 2898 5469; x_wconf 86' lang='lat' dir='ltr'><strong>aliosque</strong></span> <span class='ocrx_word' id='word_1_828' title='bbox 2939 5402 3129 5457; x_wconf 89' lang='lat' dir='ltr'><strong>Patres</strong></span> <span class='ocrx_word' id='word_1_829' title='bbox 3159 5391 3370 5454; x_wconf 64' lang='lat' dir='ltr'><strong>Graecos</strong></span> <span class='ocrx_word' id='word_1_830' title='bbox 3416 5391 3702 5469; x_wconf 50' lang='lat' dir='ltr'><strong>Latinosqufo</strong></span> 
     </span>
    </p>
   </div>
   <div class='ocr_carea' id='block_1_122' title="bbox 2227 5447 3704 5537">
    <p class='ocr_par' dir='ltr' id='par_1_122' title="bbox 2227 5447 3704 5537">
     <span class='ocr_line' id='line_1_123' title="bbox 2227 5447 3704 5537; baseline 0.004 -16"><span class='ocrx_word' id='word_1_831' title='bbox 2227 5471 2359 5526; x_wconf 82' lang='lat' dir='ltr'><strong>Vide</strong></span> <span class='ocrx_word' id='word_1_832' title='bbox 2399 5471 2544 5526; x_wconf 87' lang='lat' dir='ltr'><strong>Guil.</strong></span> <span class='ocrx_word' id='word_1_833' title='bbox 2571 5447 2941 5536; x_wconf 59' lang='grc' dir='ltr'>ἀενιῖιιεὲιωι,</span> <span class='ocrx_word' id='word_1_834' title='bbox 2967 5447 3158 5527; x_wconf 46' lang='lat' dir='ltr'><strong>Art-not.</strong></span> <span class='ocrx_word' id='word_1_835' title='bbox 3186 5471 3236 5522; x_wconf 91' lang='lat' dir='ltr'><strong>in</strong></span> <span class='ocrx_word' id='word_1_836' title='bbox 3271 5476 3515 5537; x_wconf 70' lang='lat' dir='ltr'><strong>canone!“</strong></span> <span class='ocrx_word' id='word_1_837' title='bbox 3545 5447 3704 5537; x_wconf 51' lang='lat' dir='ltr'><strong>pref:</strong></span> 
     </span>
    </p>
   </div>
   <div class='ocr_carea' id='block_1_123' title="bbox 2223 5527 3704 5612">
    <p class='ocr_par' dir='ltr' id='par_1_123' title="bbox 2223 5527 3704 5612">
     <span class='ocr_line' id='line_1_124' title="bbox 2223 5527 3704 5612; baseline -0.018 -4"><span class='ocrx_word' id='word_1_838' title='bbox 2223 5552 2398 5605; x_wconf 65' lang='lat'><strong>&quot;1”&quot;.</strong></span> <span class='ocrx_word' id='word_1_839' title='bbox 2455 5550 2509 5595; x_wconf 73' lang='lat' dir='ltr'><strong>el</strong></span> <span class='ocrx_word' id='word_1_840' title='bbox 2551 5541 2608 5612; x_wconf 14' lang='lat' dir='ltr'><strong>fit!</strong></span> <span class='ocrx_word' id='word_1_841' title='bbox 2664 5539 2853 5595; x_wconf 81' lang='lat' dir='ltr'><strong>Codice</strong></span> <span class='ocrx_word' id='word_1_842' title='bbox 2911 5527 3440 5612; x_wconf 16' lang='grc' dir='ltr'>έτιιιοιηιιηγιίεείαὶης</span> <span class='ocrx_word' id='word_1_843' title='bbox 3482 5527 3704 5596; x_wconf 68' lang='grc' dir='ltr'><strong>ρτίιηειὶτα</strong></span> 
     </span>
    </p>
   </div>
   <div class='ocr_carea' id='block_1_124' title="bbox 2226 5611 3521 5679">
    <p class='ocr_par' dir='ltr' id='par_1_124' title="bbox 2226 5611 3521 5679">
     <span class='ocr_line' id='line_1_125' title="bbox 2226 5611 3521 5679; baseline -0.012 -13"><span class='ocrx_word' id='word_1_844' title='bbox 2226 5613 2517 5672; x_wconf 78' lang='lat' dir='ltr'><strong>illustrato,</strong></span> <span class='ocrx_word' id='word_1_845' title='bbox 2549 5611 2642 5662; x_wconf 90' lang='lat' dir='ltr'><strong>lib.</strong></span> <span class='ocrx_word' id='word_1_846' title='bbox 2685 5627 2742 5672; x_wconf 93' lang='lat' dir='ltr'><strong>ll,</strong></span> <span class='ocrx_word' id='word_1_847' title='bbox 2775 5627 2891 5679; x_wconf 79' lang='lat' dir='ltr'><strong>cap.</strong></span> <span class='ocrx_word' id='word_1_848' title='bbox 2927 5615 2977 5678; x_wconf 71' lang='grc' dir='ltr'><strong>(ἶ,</strong></span> <span class='ocrx_word' id='word_1_849' title='bbox 3020 5615 3091 5668; x_wconf 87' lang='lat' dir='ltr'><strong>Dc</strong></span> <span class='ocrx_word' id='word_1_850' title='bbox 3125 5611 3258 5666; x_wconf 84' lang='lat' dir='ltr'><strong>trina</strong></span> <span class='ocrx_word' id='word_1_851' title='bbox 3293 5611 3521 5659; x_wconf 62' lang='grc' dir='ltr'><strong>ητα-δέοντο</strong></span> 
     </span>
    </p>
   </div>
  </div>
