4054 6188
349 293 486 348 1365

1349 295 1669 354 HISTORIA
1712 299 2271 360 ECCLESIASTICA.
2306 337 2373 346 ——-
2411 307 2536 361 LIB.
2583 308 2672 363 Vl.

3453 312 3591 372 1566

341 408 583 476 ἔφθασαν
617 410 886 481 μυηθῆναι
915 412 1056 466 κατὰ
1090 412 1189 482 τὴν
1223 413 1520 484 παράδοσιν
1551 417 1650 488 τῆς
1689 418 1913 473 καθόλου

2023 419 2221 492 dogma
2249 422 2622 490 conflassent;
2661 425 2712 479 id
2749 424 2893 495 quod
2926 425 3030 497 ipsi
3073 427 3296 486 minime
3328 445 3591 502 suscepe-

352 501 699 570 Ἐκκλησίας.
736 502 1010 574 Ἐθορύϐει
1045 503 1143 574 μὲν
1175 500 1266 558 οὖν
1283 505 1344 558 ού
1369 506 1604 578 μετρίως
1633 508 1923 562 καὶταῦτα

338 588 436 660 τὴν
470 588 797 660 θρησκείαν’
837 591 1071 656 καὶτοῖς
1107 592 1315 648 θέλουσι
1366 597 1768 667 Χριστιανίζειν
1826 600 1923 669 ὲμ-

340 677 522 731 πόδιον
567 678 781 744 ἐγένετο
829 679 890 732 τὸ
927 680 1178 753 διάφορον
1215 683 1323 738 τῶν
1368 687 1769 758 ἐπιγενομένων
1797 689 1920 758 δογ-

341 766 545 836 μάτων.
582 766 873 821 Ἐκάστοτε
899 768 1005 840 γὰρ
1068 774 1330 845 καρτεραὶ
1363 774 1625 839 διαλέξεις
1661 777 1918 845 ἐγίνοντο,

339 857 429 909 καὶ
461 855 537 918 ὡς
573 857 631 910 ὲν
672 857 1004 929 άρχομέναις
1051 862 1324 933 αἱρέσεσιν
1370 865 1637 935 ἧκμαζον,
1688 867 1748 920 οὐ
1795 869 1922 932 τοὺς

336 947 596 1017 τυχόντας
658 950 860 1022 σπουδῇ
916 951 1010 1006 καὶ
1067 951 1241 1021 λόγων
1313 954 1538 1026 δυνάμει
1603 957 1920 1030 καθηγητὰς

337 1037 591 1108 ἔχουσαι·
620 1039 696 1102 ὡς
722 1039 778 1093 δὲ
807 1042 1131 1113 συμϐάλλειν
1164 1045 1298 1110 ἐστι,
1329 1046 1528 1120 μικροῦ
1561 1049 1661 1119 τῆς
1689 1050 1916 1105 καθόλου

349 1129 672 1200 Ἐκκλησίας
719 1133 800 1196 εἰς
843 1134 942 1206 τὴν
971 1136 1147 1189 αὐτῶν
1170 1136 1328 1203 δόξαν
1355 1140 1480 1202 τοὺς
1519 1140 1735 1204 πλείους
1773 1160 1916 1214 παρ-

336 1221 559 1293 έσυραν,
592 1225 637 1276 εἰ
675 1223 751 1294 μὴ
795 1225 921 1290 τοὺς
970 1228 1112 1297 ἀμφὶ
1159 1228 1436 1283 Βασίλειον
1483 1233 1575 1285 καὶ
1623 1233 1918 1306 Γρηγόριον

335 1313 460 1376 τοὺς
489 1315 872 1379 Καππαδόκας,
921 1317 1244 1383 ἀντιπάλους
1291 1316 1466 1392 εὖρον,
1510 1324 1603 1377 καὶ
1641 1326 1674 1394 ἡ
1716 1324 1903 1378 Θεοδο-

337 1403 452 1457 σίου
499 1405 764 1475 βασιλεία,
799 1407 898 1460 ούκ
950 1411 1029 1472 είς
1093 1411 1309 1482 μακρὰν
1361 1415 1757 1487 ἐπιγενομένη,
1817 1417 1918 1487 τὴν

340 1501 676 1572 ἐπιχείρησιν
722 1501 937 1573 ἔστησε,
981 1505 1074 1556 καὶ
1106 1505 1301 1570 αὐτοὺς
1336 1510 1462 1574 τοὺς
1503 1510 1778 1580 ἀρχηγοὺς
1808 1511 1916 1564 τῶν

333 1592 597 1663 αἱρέσεων
623 1594 684 1646 ὲκ
715 1594 806 1646 τοῦ
841 1596 1165 1667 συχνοτέρου
1199 1598 1299 1668 τῆς
1329 1599 1634 1671 ἀρχομένης
1665 1604 1742 1664 είς
1783 1604 1916 1673 ἐρη-

336 1682 597 1752 μοτέρους
632 1683 829 1747 τόπους
867 1685 1144 1757 ἐχώρησεν
1179 1687 1314 1759 (95).
1359 1691 1518 1743 Ὥστε
1565 1692 1620 1744 δὲ
1667 1692 1741 1764 μὴ
1779 1711 1914 1747 παν-

340 1751 498 1834 τελῶς
531 1773 676 1842 ἡμᾶς
706 1751 927 1842 ἀγνοεῖν.
963 1751 1047 1829 τὸ-
1073 1751 1246 1846 δόγμα
1275 1751 1398 1850 ’τῆς
1449 1751 1707 1853 ἑκατέρου
1729 1751 1908 1856 ἀἱρέ-
1947 1751 1988 1806 Β

334 1877 492 1926 σεως,
542 1863 712 1916 ίστέον
755 1865 830 1928 ὡς
859 1865 957 1936 τῆς
1013 1869 1134 1920 κατ’
1167 1869 1428 1940 Εὐνόμιον
1476 1870 1633 1943 δόξης
1697 1875 1911 1944 πρῶτος

343 1953 547 2018 Ἀέτιος
575 1955 603 2006 ὁ
640 1953 808 2027 Σύρος
831 1956 1057 2029 εὑρετὴς
1083 1958 1316 2027 ἐγένετο,
1345 1961 1596 2032 ἀνόμοιον
1627 1963 1704 2034 τῷ
1733 1965 1906 2036 Πατρὶ

332 2043 422 2096 τὸν
451 2044 599 2111 Υίδν,
635 2046 849 2100 κτιστύν
902 2064 962 2100 τε
1013 2049 1105 2102 καὶ
1151 2050 1210 2115 ἐξ
1251 2053 1350 2106 ούκ
1396 2051 1561 2106 ὄντων
1608 2057 1908 2124 γεγονέναι,

335 2133 473 2204 μετά
503 2135 720 2206 Ἀρειον
759 2136 1199 2210 ἀποφηνάμενος.
1237 2143 1343 2194 Καὶ
1395 2144 1443 2196 οἱ
1485 2145 1610 2198 τάδε
1650 2148 1909 2217 φρονοῦν-

332 2241 422 2287 τες
492 2223 748 2280 ’Λετιανοὶ
775 2227 832 2281 τὸ
875 2230 1002 2303 πρὶν
1041 2231 1403 2302 ὠνομάζοντο.
1449 2235 1599 2289 Ἐπεὶ
1626 2237 1711 2302 δὲ,
1748 2238 1824 2301 ὡς
1852 2241 1909 2292 ἐν

331 2317 396 2386 τῇ
435 2317 805 2371 Κωνσταντίου
851 2317 1095 2393 βασιλείᾳ
1146 2323 1378 2393 εἴρηται,
1413 2325 1519 2379 τῶν
1553 2326 1652 2397 μὲν
1711 2329 1908 2399 ὀμοούν

334 2425 475 2474 σιον,
530 2409 639 2463 τῶν
670 2410 727 2463 δὲ
757 2411 1090 2480 ὀμοιοούσιον
1141 2414 1215 2483 τῷ
1260 2416 1434 2486 Πατρὶ
1470 2415 1560 2469 τὸν
1608 2418 1734 2471 Υίὸν
1758 2419 1910 2485 δοξα-

333 2493 550 2565 (ὄντων,
582 2503 764 2573 ὅμοιον
793 2505 912 2556 τότε
942 2503 1085 2569 ἔδοξε
1132 2505 1310 2572 λέγειν
1343 2509 1454 2570 τοῖς
1489 2508 1610 2562 τότε
1648 2508 1907 2580 κρατοῦσι

332 2595 472 2654 κατά
516 2598 614 2669 τὴν
657 2598 716 2651 έν
759 2597 1018 2670 Ἀριμίνῳ
1058 2597 1291 2665 σύνοδον,
1320 2599 1524 2663 ’Λέτιος
1562 2600 1661 2670 μὲν
1693 2602 1908 2654 κατεδι-

333 2687 504 2762 κάσθη
537 2688 776 2759 φεύγειν,
832 2688 907 2752 ὡς
953 2691 1032 2753 εἰς
1077 2689 1208 2742 Θεὸν
1248 2689 1680 2762 βλασφημῶν-ἡ
1725 2693 1781 2745 δὲ
1816 2693 1907 2747 ὑπ’

333 2780 490 2836 αὐτοῦ
542 2781 784 2836 συστᾶσα
827 2780 1036 2854 αἵρεσις
1088 2780 1288 2850 τρόπον
1341 2780 1464 2834 τινὰ
1529 2781 1618 2835 τὸν
1664 2783 1720 2836 ὲν
1759 2783 1909 2854 μέσῳ

333 2872 544 2944 διελύθη
578 2874 795 2945 χρόνον³
837 2875 961 2928 οὔτε
1009 2871 1166 2929 ἄλλου
1213 2870 1320 2927 τῶν
1359 2873 1416 2927 ὲν
1451 2871 1613 2943 λόγῳ,
1645 2871 1767 2927 οὗτε
1808 2875 1911 2929 Εὐ-

334 2967 516 3037 νομίου
567 2970 646 3032 είς
689 2968 749 3021 τὸ
796 2967 1026 3039 φανερὸν
1075 2968 1169 3021 ἐπὶ
1223 2967 1392 3040 ταύτῃ
1443 2964 1911 3041 παρρησιάζεσθαι

333 3057 657 3128 τολμῶντος.
698 3058 786 3121 Ὠς
835 3057 891 3112 δὲ
936 3057 1035 3130 τὴν
1074 3057 1398 3128 Κυζικηνῶν
1434 3060 1758 3130 Ἐκκλησίαν
1791 3049 1910 3115 ἀντὶ

347 3147 614 3201 Ἑλευσίου
665 3149 1033 3220 παρείληφεν,
1097 3149 1275 3204 οὐκέτι
1332 3150 1611 3213 παντελῶς
1683 3152 1910 3222 ἠρεμεῖν

337 3236 598 3308 ἠνείχετο,
651 3239 746 3292 καὶ
795 3241 852 3292 ἐν
916 3240 1106 3310 πλήθει
1161 3241 1556 3311 διαλεγόμενος,
1612 3237 1766 3306 αὖθις
1809 3243 1910 3314 τὴν

346 3327 544 3380 Ἀετίου
575 3327 730 3392 δόξαν
765 3331 844 3393 εἰς
878 3331 1040 3400 μέσον
1074 3332 1294 3402 ἤγαγεν.
1331 3327 1430 3384 Οἴα
1460 3333 1516 3384 δὲ
1544 3333 1686 3401 φιλεῖ
1714 3332 1910 3388 πολλά·

336 3434 437 3481 κις,
471 3418 846 3490 ἐπιλαθόμενοι
891 3422 940 3474 οἱ
989 3422 1262 3493 ἄνθρωποι
1303 3421 1396 3476 τοῦ
1444 3421 1674 3493 πρώτως
1706 3424 1910 3495 ταύτην

338 3509 582 3580 εὕρόντος
608 3511 706 3581 τὴν
736 3512 965 3583 αἵρεσιν,
1011 3513 1258 3585 Εὑνομίῳ
1286 3514 1410 3578 τοὺς
1442 3506 1544 3567 ὧδε
1583 3514 1912 3586 φρονοῦντας

335 3598 712 3669 ἐπωνόμασαν,
763 3601 950 3655 καθότι
995 3604 1133 3673 μετὰ
1189 3603 1393 3657 Ἀέτιον
1432 3602 1590 3656 τοῦτο
1634 3603 1696 3656 τὸ
1739 3603 1912 3675 δόγμα

341 3689 618 3755 άνενέωσε,
655 3691 748 3744 καὶ
795 3691 1187 3764 τολμηρότερον
1233 3692 1660 3766 ὲπεξειργάσατο
1687 3693 1776 3747 τοῦ
1812 3692 1910 3767 τὴν

332 3782 506 3852 ἀρχην
532 3784 881 3854 παραδόντος.

2027 521 2172 580 rant,
2235 515 2360 571 aliis
2393 516 2742 572 tradiderunt
2789 536 2802 572 :
2849 519 2995 588 quod
3049 521 3270 590 quidem
3334 531 3592 580 extrema:

2023 603 2315 662 dementiae
2341 615 2449 664 est.
2475 609 2613 664 Nam
2647 617 2700 665 et
2739 610 2879 680 apud
2913 611 3063 680 ipsos
3102 612 3158 666 in
3199 613 3452 670 confesso
3482 626 3588 682 est,

2022 712 2118 753 eos
2140 700 2234 768 qui
2293 701 2538 755 nondum
2582 703 2850 773 baptizati
2877 712 3040 774 sunt,
3089 704 3422 776 baptismum
3467 709 3591 764 aliis

2021 785 2272 843 conferre
2303 805 2410 844 non
2456 807 2640 861 posse.
2681 792 2783 859 Qui
2827 809 2956 849 vero
2980 809 3042 850 es
3105 795 3216 849 ritu
3273 796 3590 853 traditionis

2021 875 2272 947 ipsorum
2306 880 2623 952 baptizatus
2648 900 2756 938 non
2787 884 2970 952 fuerit,
3002 885 3090 940 hic
3119 886 3433 957 baptizatus
3456 888 3590 959 ipsis

2021 985 2131 1024 non
2167 971 2403 1040 videtur,
2439 981 2628 1044 utpote
2651 978 2743 1046 qui
2793 993 2901 1032 non
2937 979 3040 1034 rite
3075 978 3242 1034 fuerit
3297 979 3590 1051 consigna-

2021 1065 2129 1114 tus.
2168 1058 2334 1130 quue
2370 1063 2473 1132 ipsi
2499 1072 2792 1132 testantur,
2823 1067 2914 1136 qui
2939 1083 3306 1139 quoscunque
3351 1070 3419 1124 ad
3458 1084 3585 1124 sen-

2021 1151 2253 1205 tentiam
2305 1168 2464 1208 suam
2510 1156 2826 1222 pertrahere
2878 1159 3176 1227 potuerint,
3224 1161 3588 1230 rebaptizant,

2019 1242 2234 1296 tametsi
2261 1241 2370 1310 jam
2411 1242 2562 1312 prius
2622 1245 2881 1314 haptizati
2917 1246 3294 1316 fuerintjuxta
3331 1245 3590 1302 Ecclesiae

2017 1332 2302 1388 catholica:
2342 1333 2721 1389 traditionem.
2775 1336 2954 1406 Atque
3021 1337 3138 1392 haec
3197 1337 3416 1407 quidem
3458 1338 3588 1392 reli-

2018 1424 2236 1493 gionem
2285 1432 2532 1478 nostram
2568 1441 2676 1480 non
2727 1427 3084 1482 mediocriter
3128 1428 3584 1482 conturbarunt:

2037 1513 2215 1581 iisque
2250 1513 2344 1582 qui
2377 1513 2743 1568 Christianam
2806 1515 2963 1570 ﬁdem
3036 1517 3288 1585 amplecti
3355 1516 3584 1580 vellent,

2019 1605 2313 1674 plurimum
2356 1605 2573 1661 obstitit
2643 1621 2907 1660 novorum
2973 1608 3207 1663 subinde
3269 1608 3584 1678 dogmatum

2017 1695 2277 1751 varietas.
2321 1696 2492 1753 Acres
2527 1697 2673 1752 enim
2711 1699 2961 1769 quotidie
3011 1699 3211 1754 fiebant
3249 1699 3585 1770 disputatio-

2019 1801 2146 1853 nes;
2176 1794 2231 1841 et
2263 1793 2323 1841 ut
2350 1787 2495 1842 inter
2525 1787 2806 1843 haereseon
2843 1789 3071 1843 exordia
3106 1789 3220 1843 ﬂeri
3275 1790 3414 1844 Solet
3445 1830 3458 1853 ,
3506 1790 3584 1842 vi-

2016 1879 2237 1950 gebant,
2266 1879 2471 1949 quippe
2511 1894 2632 1949 qua:
2668 1886 2976 1934 assertores
3027 1879 3316 1944 haberent,
3350 1881 3469 1932 zelo
3501 1887 3584 1931 at-

2015 1985 2122 2038 que
2143 1968 2394 2026 doctrina
2427 1985 2536 2022 non
2591 1969 2800 2036 vulgari
2837 1969 3112 2039 praeditos.
3172 1970 3270 2034 Ac,
3304 1985 3424 2024 meo
3459 1971 3584 2040 qni-

2016 2058 2139 2114 dem
2189 2058 2421 2128 judieio,
2480 2059 2776 2128 plerosque
2836 2074 2902 2112 ex
2956 2058 3260 2113 Catholicis
3313 2058 3366 2112 in
3414 2045 3582 2114 suam

2016 2149 2179 2222 254
2218 2148 2547 2204 sententiam
2595 2149 3015 2220 pertraxissent,
3073 2149 3179 2204 nisi
3240 2147 3477 2205 Basilius
3532 2159 3585 2204 et

2013 2240 2316 2312 Gregorius
2370 2238 2762 2310 Cappadoces,
2809 2254 2934 2294 sese
2995 2239 3108 2296 illis
3159 2240 3577 2310 opposuissent,

2019 2344 2085 2385 ac
2142 2328 2262 2384 nisi
2313 2327 2662 2384 Theodosius
2733 2329 2825 2399 qui
2888 2330 3051 2399 paulo
3107 2337 3228 2400 post
3273 2328 3582 2399 imperavit,

2013 2419 2537 2490 impetum-illorum
2571 2422 2972 2490 repressisset,
3001 2421 3264 2491 ipsosque
3302 2420 3583 2474 hacreseon

2015 2521 2270 2569 auctores
2299 2528 2365 2569 ex
2402 2512 2807 2567 ammnioribus
2849 2511 2986 2567 locis
3009 2512 3225 2582 imperii
3267 2509 3502 2565 Romani
3527 2511 3583 2564 in

2014 2604 2274 2675 regiones
2308 2604 2562 2658 desertas
2578 2611 2631 2657 et
2663 2603 2949 2672 squalidas
3007 2603 3371 2673 deportasset.
3411 2600 3582 2655 Porro

2015 2693 2401 2762 neutriusque
2428 2690 2656 2746 haeresis
2715 2691 3024 2746 doctrinam
3093 2690 3313 2760 penitus
3369 2689 3585 2758 ignore-

2017 2799 2160 2852 mus,
2184 2783 2467 2840 sciendum
2490 2792 2574 2838 est
2594 2821 2608 2845 ,
2645 2779 2970 2836 Eunomiani
3000 2777 3275 2850 dogmatis
3301 2785 3582 2832 auctorem

2016 2875 2254 2944 primum
2292 2873 2464 2930 fuisse
2497 2873 2709 2928 Aetium
2744 2871 2963 2943 Syrum,
3022 2870 3113 2941 qui
3179 2866 3378 2923 Filium
3437 2867 3583 2922 Patri

2017 2964 2365 3028 dissimilem,
2395 2971 2450 3019 et
2483 2977 2551 3018 ex
2586 2963 2756 3016 nihilo
2785 2969 3032 3017 creatum
3056 2976 3203 3023 esse,
3232 2968 3357 3030 post
3393 2959 3581 3012 Arium

2017 3055 2374 3116 asseveravit.
2405 3053 2592 3124 Itaque
2617 3054 2708 3124 qui
2751 3056 2890 3107 hanc
2922 3052 3239 3123 opinionem
3275 3051 3586 3120 sequeban-

2017 3159 2130 3218 tur,
2165 3149 2376 3205 Aetiani
2426 3147 2664 3218 primum
2721 3154 2850 3205 sunt
2883 3143 3036 3198 dicti.
3087 3141 3383 3211 Postquam
3431 3152 3582 3204 vero,

2017 3242 2161 3298 sicut
2196 3242 2253 3296 in
2305 3241 2471 3296 rebus
2523 3235 2694 3310 gestis
2741 3232 3050 3289 Constantii
3099 3232 3411 3295 retulimus,
3463 3228 3585 3283 aliis

2014 3332 2545 3390 consubstantialem
2583 3329 2731 3385 Patri
2761 3327 2980 3394 Filium,
3013 3325 3138 3381 aliis
3168 3323 3476 3380 substantia
3509 3322 3588 3375 si-

2012 3426 2194 3480 milem
2246 3421 2621 3479 asserentibus
2685 3421 2721 3474 ii
2766 3419 2860 3489 qui
2891 3419 2945 3474 in
2986 3411 3322 3471 Ariminensi
3355 3409 3569 3484 synodo

2015 3514 2414 3586 praevalebant,
2444 3518 2760 3567 statuerunt
2791 3518 2849 3564 ut
2878 3508 3072 3562 similis
3117 3514 3328 3560 tantum
3374 3503 3587 3558 dicere-

2013 3611 2145 3659 tur:
2178 3601 2372 3657 Aetius
2399 3600 2644 3671 quidem,
2677 3604 2866 3668 utpote
2895 3598 2986 3667 qui
3017 3596 3071 3650 in
3111 3595 3278 3650 Deum
3307 3593 3473 3664 impie
3504 3592 3587 3646 lo-

2016 3700 2298 3766 queretur,
2329 3690 2527 3746 exsilio
2557 3688 2853 3743 damnatus
2878 3693 2982 3742 est.
3019 3683 3252 3741 ilaeresis
3289 3699 3418 3739 vero
3464 3697 3588 3753 qua:

2015 3786 2086 3841 ab
2125 3785 2220 3839 illo
2251 3779 2483 3837 conﬂata
2517 3778 2720 3844 fuerat,
2751 3777 2961 3833 interea
3008 3775 3274 3844 temporis
3317 3773 3588 3845 quodam-

343 3883 498 3925 mouo
539 3875 810 3928 exstincta
855 3882 958 3932 est.
991 3888 1114 3926 cum
1161 3889 1262 3929 nec
1309 3874 1452 3930 alius
1483 3874 1753 3945 quispiam
1789 3875 2025 3946 alicujus
2052 3872 2312 3930 momenti
2361 3871 2462 3935 vir,
2495 3883 2596 3924 nec
2663 3868 2970 3922 Eunomius
3037 3866 3154 3937 ipse
3215 3880 3335 3921 eam
3407 3865 3585 3934 palam

342 3962 628 4019 defendere
656 3967 900 4019 auderet.
936 3963 1134 4020 Verum
1170 3965 1263 4021 ubi
1293 3965 1576 4037 Cyzicena?
1603 3965 1760 4020 urbis
1819 3967 2194 4038 episcopatum
2241 3962 2446 4018 Eleusii
2492 3961 2614 4016 loco
2683 3958 2946 4028 suscepit,
3013 3972 3122 4012 non
3184 3955 3296 4026 jam
3352 3955 3584 4023 amplius

341 4071 398 4116 se
425 4056 852 4122 eontinuit,sed
886 4073 1072 4111 coram
1106 4058 1310 4128 populo
1379 4058 1682 4127 disserens,
1750 4059 2062 4130 opinionem
2131 4059 2274 4114 Aetii
2356 4070 2552 4111 rursus
2597 4053 2654 4108 in
2703 4051 2940 4107 medium
2995 4051 3272 4121 produxit.
3327 4046 3585 4102 Homines

343 4165 487 4214 vero,
517 4152 658 4202 Slt'lll
691 4149 1010 4221 plerumque
1039 4151 1153 4206 ﬁeri
1191 4153 1350 4216 solet,
1375 4150 1494 4221 ejus
1525 4151 1619 4222 qui
1650 4151 1899 4208 haeresim
1940 4153 2086 4207 illam
2123 4152 2358 4222 primum
2391 4145 2800 4217 excogitaverat
2837 4141 3016 4208 obliti,
3083 4138 3362 4212 opinionis
3434 4138 3583 4192 illitis

339 4250 636 4299 sectatores
679 4241 1044 4298 Eunomianos
1084 4244 1564 4314 cognominarunt,
1609 4255 1898 4316 propterea
1974 4243 2122 4314 quod
2166 4239 2466 4294 Eunomius
2505 4243 2638 4307 post
2667 4234 2881 4288 Aetium
2928 4232 3180 4287 haeresim
3216 4229 3362 4283 illam
3425 4242 3584 4282 reno-

342 4343 578 4397 vaverat,
621 4341 674 4386 et
716 4334 925 4402 majore
953 4349 1078 4387 cum
1125 4333 1353 4388 audacia
1402 4350 1566 4402 quam
1607 4335 1698 4390 ille
1725 4350 1755 4388 a
1796 4349 1906 4406 quo
1945 4333 2184 4404 primum
2213 4329 2388 4384 fuerat
2417 4327 2639 4389 tradita,
2664 4339 2782 4379 eam
2820 4329 3151 4380 astruxerat.

1604 4541 1871 4600 VALESII
1922 4542 2476 4601 ANNOTATIONES.

345 4745 470 4813 quia
498 4746 586 4812 qui
617 4745 679 4798 de
709 4744 814 4799 illis
836 4745 905 4798 ad
939 4761 1032 4797 nos
1067 4750 1460 4804 convertuntur,
1494 4757 1596 4795 non
1626 4756 1731 4813 eos
1751 4743 1906 4798 reba-
1940 4727 1988 4784 Ι)
2016 4742 2278 4795 catholico
2305 4741 2366 4810 ﬁt
2403 4741 2592 4807 laicus,
2623 4741 2767 4805 piam
2795 4741 3052 4813 damnans
3081 4738 3335 4813 ﬁdem,_et
3362 4733 3587 4813 subscri-

344 4810 627 4884 plizamus.
648 4815 736 4868 sed
761 4831 849 4882 per
871 4831 1055 4868 manus
1075 4813 1457 4884 impositionem
1483 4810 1908 4884 reronciliamus.

345 4881 441 4940 Illi
475 4901 611 4946 vero,
648 4886 693 4938 si
718 4881 844 4947 quos
869 4886 932 4938 de
963 4881 1158 4938 nostris
1193 4882 1438 4936 seducere
1459 4889 1702 4950 possunt,
1727 4881 1910 4934 incon-

347 4957 641 5009 sideranter
678 4957 1024 5023 rebaptizant.
1058 4954 1198 5008 idem
1233 4959 1473 5023 testatur
1521 4960 1678 5023 vetus
1717 4959 1914 5023 auctor

359 5024 491 5078 Vitae
531 5026 701 5079 sancti
742 5021 1028 5094 Fulgentii.
1071 5022 1311 5094 (ιαμβι.
1345 5021 1518 5094 Porro
1553 5021 1756 5094 Ariani
1798 5035 1911 5094 non

347 5097 528 5150 solum
562 5089 968 5164 rebaptizabant
996 5089 1334 5164 Cathblicos,
1371 5091 1469 5164 sed
1493 5091 1654 5164 etiam
1678 5089 1914 5164 Clericos

346 5182 536 5219 eorum
591 5165 656 5218 ad
681 5159 739 5219 se
785 5166 1064 5219 venientes
1112 5163 1307 5216 iterum
1353 5162 1705 5215 ordinabant.
1741 5159 1915 5226 Cujus

351 5235 426 5288 rei
475 5235 686 5303 insigne
731 5235 1038 5302 exemplum
1073 5233 1334 5303 habemus
1365 5232 1417 5303 in
1463 5231 1646 5303 libello
1689 5243 1914 5303 precum

349 5297 650 5358 Marcellini
685 5297 1006 5374 presbyteri,
1042 5317 1164 5374 pag.
1199 5301 1289 5374 81,
1333 5300 1437 5356 sub
1467 5302 1663 5374 linem:
1691 5297 1812 5374 Hic.
1834 5307 1915 5374 est

350 5375 584 5444 egregius
616 5384 662 5427 el
687 5367 1058 5444 sanctissimus
1087 5367 1178 5444 ille
1197 5370 1606 5444 episcopus,_qui
1634 5385 1752 5422 cum
1777 5367 1916 5444 [uis-

350 5439 428 5499 set
467 5439 694 5512 primum
728 5461 760 5496 a
799 5441 1071 5512 catholicis
1099 5442 1354 5509 episcopis
1392 5439 1668 5494 ordinatus
1707 5439 1912 5506 episco-

352 5511 474 5583 pus,
499 5525 677 5580 postea
721 5514 784 5565 ab
817 5514 975 5579 impio
1006 5511 1225 5583 Georgio
1264 5512 1316 5583 illi
1347 5513 1604 5583 laicorum
1636 5522 1913 5561 numerum

354 5561 622 5643 redacrtus,
654 5561 994 5636 nihilominus
1025 5582 1087 5634 ab
1130 5561 1243 5650 ipso
1267 5561 1486 5650 Georgio
1510 5581 1777 5650 episcopus
1819 5591 1910 5628 or-

355 5656 571 5707 dinatus
606 5664 706 5717 est,
735 5655 788 5704 in
831 5655 1100 5706 vexatione
1147 5649 1412 5720 ﬁdelium.
1437 5649 1499 5701 Et
1551 5649 1710 5718 paulo
1742 5655 1907 5720 post:

359 5721 486 5779 Nisi
510 5726 633 5792 qua
657 5725 888 5776 atrocius
919 5723 1074 5791 getsit
1103 5717 1418 5785 Theodorus,
1447 5717 1560 5772 cum
1582 5719 1644 5772 de
1670 5717 1910 5784 episcopo

2021 4813 2144 4866 bens
2182 4803 2400 4865 Aricina:
2444 4803 2722 4880 impietati,
2765 4821 2822 4864 ut
2867 4808 2931 4862 ab
2971 4803 3447 4880 Iiwreticojterum
3487 4803 3584 4868 spi-

2019 4897 2206 4952 scopus
2240 4876 2535 4936 ordinetur.
2564 4876 2714 4952 idem
2733 4894 2948 4952 quoque
2971 4885 3203 4952 testatur
3230 4876 3589 4952 Hieronymus

2020 4953 2078 5007 in
2111 4946 2408 5016 Chronico,
2459 4952 2527 5022 de
2559 4946 2765 5022 Cyrillo
2809 4946 3305 5022 ﬂierosolymitano
3336 4946 3586 5022 loquens:

2021 5021 2279 5094 Cyr-illus,
2332 5014 2526 5091 inquit,
2571 5014 2690 5074 cum
2740 5037 2772 5073 a
2813 5014 3590 5094 ilaximo'fuisset_presbyter

2020 5085 2323 5154 ordinatus,
2353 5085 2546 5158 el'post
2582 5099 2801 5143 mortem
2828 5089 2942 5157 ejus
2964 5088 3041 5158 ita
3083 5085 3131 5141 ei
3165 5085 3238 5158 ab
3265 5085 3462 5158 Acacio
3491 5085 3590 5147 epi-

2018 5177 2177 5227 scopo
2235 5155 2555 5215 Ccesariensi
2613 5169 2663 5214 et
2719 5155 2920 5212 caeteris
2983 5156 3204 5227 Arionis
3255 5155 3587 5227 episcopatus

2015 5223 2432 5302 pro'mitteretui.
2465 5231 2511 5302 si
2549 5230 2950 5302 ordinationem
2972 5223 3203 5302 Maximi
3231 5223 3581 5302 repudiasset,

2017 5286 2276 5354 diaconus
2297 5301 2348 5352 in
2370 5286 2612 5354 Ecclesia
2649 5296 2994 5352 ministravit.
3026 5295 3082 5350 In
3120 5309 3231 5363 quo
3260 5286 3452 5366 Ariani
3480 5286 3584 5366 ρο-

2021 5372 2251 5426 natistas
2297 5370 2550 5425 videntur
2598 5367 2838 5432 imitati,
2884 5368 2979 5437 qui
3025 5359 3317 5429 utrumque
3368 5359 3586 5411 factita-

2020 5449 2169 5494 l‘lllll.

2093 5489 2203 5592 ζέξὲἳ)
2241 5510 2466 5591 Τᾴξτους
2501 5508 2826 5590 ἐχῴρησετς.
2877 5493 3437 5592 Assentioi
3453 5489 3586 5592 3a-

2022 5561 2297 5651 vilio,'qui
2330 5561 2800 5650 ininiartéine'isui
2843 5571 3051 5630 codicis
3098 5563 3404 5622 emendavit
3453 5561 3588 5634 ἑκώ-

2025 5667 2190 5720 ρισεν.
