4054 6188
489 275 626 330 1367

1069 389 1222 444 CAP.
1262 391 1478 445 XXVII.

488 485 619 548 Qum
655 479 935 549 Gregorius
974 480 1263 550 Theologus
1296 484 1360 536 de
1407 485 1711 550 Apollinare
1751 484 1916 552 deque
1945 480 2060 534 Eu-

559 554 734 604 nomia
761 551 942 604 scribit
969 552 1022 603 iu
1046 553 1265 619 epistola
1299 555 1366 604 ad
1399 552 1711 606 Nectarium
1730 569 1748 606 :
1785 551 1940 622 utque
1969 567 2060 619 per

559 623 875 692 sapientiam
916 624 1293 676 monachorum
1334 624 1422 692 qui
1451 639 1509 677 eo
1545 635 1770 690 tempore
1801 622 2055 685 vivebant,

559 691 774 744 hwresis
816 692 1031 744 illorum
1068 691 1351 746 exstincta
1378 707 1476 747 est.
1529 693 1716 746 Totum
1761 693 1901 746 enim
1952 692 2060 759 fere

563 759 827 816 Orientem
855 761 935 815 lue
967 761 1086 815 dure
1118 763 1337 816 Ita'reses
1365 773 1709 831 occuparant.

559 909 885 965 Eunomium
919 917 1066 966 certe
1098 909 1284 964 eadem
1326 925 1451 964 cum
1481 910 1636 965 Aetio
1666 911 1912 966 sensisse
1935 924 2058 964 om-

489 1001 620 1056 nino
651 1001 928 1056 fatendum
958 1012 1062 1056 est.
1103 999 1238 1053 Nam
1269 1008 1324 1054 et
1353 1001 1584 1070 ipsemet
1617 1002 1918 1056 Eunomius
1956 1001 2058 1056 Ae-

491 1093 624 1146 tium
653 1100 1044 1161 praeceptorem
1073 1106 1229 1145 suum
1268 1091 1436 1146 fuisse
1457 1092 1651 1160 jactat,
1687 1092 1852 1161 idque
1887 1106 2058 1160 saepe-

489 1199 719 1237 numero
759 1184 811 1236 in
868 1183 1022 1238 libris
1073 1183 1190 1237 suis
1238 1184 1418 1253 palam
1465 1197 1527 1238 ac
1577 1184 1744 1238 libere
1802 1191 2054 1237 testatur.

488 1275 858 1344 Apollinarem
910 1290 1039 1330 vero
1086 1274 1384 1345 Gregorius
1429 1273 1802 1329 Nazianzenus
1844 1275 2058 1342 episco-

489 1381 613 1434 pus,
644 1365 700 1419 in
740 1366 976 1435 quadam
1010 1366 1241 1435 epistola
1288 1365 1356 1418 ad
1396 1365 1708 1420 Nectarium
1737 1365 2054 1434 episcopum

487 1458 1156 1527 ConstantinOpolitanum
1189 1466 1415 1512 accusat
1459 1457 1544 1512 his
1584 1457 1810 1510 verbis:
1837 1456 2057 1510 Intesti-

487 1563 617 1603 uum
644 1564 772 1603 vero
801 1549 1000 1602 malum
1037 1560 1306 1614 noslrum,
1325 1548 1896 1615 Eunomius,nonjam
1925 1549 2055 1603 satis

489 1639 649 1693 habet
677 1642 1178 1711 quomodocunque
1211 1641 1434 1696 vivere:
1485 1640 1581 1696 sed
1614 1641 1718 1695 nisi
1746 1648 1975 1695 cunctos
2001 1641 2054 1694 in

1916 279 2139 336 5οΖοΜ
2148 279 2254 334 ENI

3627 273 3766 328 tam

2740 390 2992 442 ΚΕΦΑΛ.
3032 385 3170 441 KZ'.

2163 480 2300 547 Περὶ
2345 481 2768 547 Ἀπολιναρίουν
2790 479 2886 531 καὶ
2916 478 3236 545 Εὐνομίου,
3264 471 3360 529 οἶα
3393 479 3425 529 ὀ
3456 478 3778 547 Θεολόγος»

2229 546 2551 629 Γρηγέριος
2578 546 2672 629 ea:
2709 546 2970 629 τῇπρὸς
2986 546 3322 629 ,Νεκτᾴριον
3354 546 3576 629 ,γράφει
3627 548 3759 629 ἐςτι-

2229 616 2453 686 στολῆ·
2495 618 2594 672 καὶ
2639 619 2726 670 ὅτι
2762 617 2892 686 κάπὸ
2939 616 3045 686 τῆς
3077 616 3589 686 φιλοσοφίαςίτῴν
3623 618 3759 686 τότε

2224 684 2524 752 βιούντων
2545 685 2826 756 μοναχῶν
2852 687 2923 756 τὰ
2954 685 3062 752 τῆς
3092 684 3290 756 αὑτῷι·
3316 685 3577 750 ἐσϐέσθη
3599 685 3757 756 αἰρέ-

2228 775 2382 823 σεως
2398 775 2412 789 ο
2439 753 2644 812 πᾶόναν
2674 753 2784 824 γὰρ
2811 755 2924 822 τὴν
2942 756 3056 808 Ἕω
3073 753 3298 823 σχεδὸν
3323 756 3358 823 ἡ
3388 756 3622 822 αἵρεσις
3636 755 3758 806 τῶν

2227 827 2337 881 δύο
2365 829 2588 881 τούτων
2615 826 2867 880 διέλαϐε.

2233 918 2493 988 Εὐνόμιον
2539 918 2636 988 μὲν
2672 912 2765 970 οῦν
2802 915 2872 969 τὰ
2918 915 3057 968 αὐτὰ
3102 917 3318 985 φρονεῖν
3367 914 3582 984 Ἀετίῳ,
3627 931 3756 965 συν-

2159 1008 2436 1080 ομολογεῖν
2463 1009 2609 1061 δέον⁹
2642 1007 2738 1061 καὶ
2771 1005 2878 1077 γὰρ
2903 1005 2967 1074 δὴ
3001 1005 3096 1058 καὶ
3131 1004 3294 1067 αὐτὸς
3331 1005 3596 1074 Εὑνόμιος
3636 1005 3754 1056 Ἀέ-

2158 1117 2271 1152 τιον
2308 1098 2621 1152 διδάσκαλον
2647 1099 2824 1167 αὐχεῖ,
2853 1097 2946 1149 καὶ
2975 1099 3243 1167 μαρτυρεῖ
3285 1094 3441 1148 τοῦτο
3486 1095 3753 1157 πολλάκις

2160 1190 2216 1240 ἐν
2255 1187 2402 1249 ἰδίοις
2449 1187 2740 1256 γράμμασι
2794 1184 3320 1255 παρρησιαζόμενος.
3373 1184 3754 1254 ’Λπολινάρισν

2157 1281 2214 1333 δὲ
2247 1279 2637 1348 ἐπαιτιώμενος
2678 1276 2976 1348 Γρηγόριος
3015 1277 3043 1328 ὁ
3080 1273 3397 1339 Ναζιανζῶν
3441 1277 3756 1344 ἐπισκοπή-

2161 1390 2278 1435 σας,
2318 1374 2374 1423 ἐν
2409 1372 2663 1440 ἐπιστολῇ
2705 1388 2807 1423 που
2855 1370 2978 1423 τάδε
3012 1370 3215 1438 γράφει
3260 1368 3398 1438 πρὸς
3441 1369 3752 1436 Νεκτάριον

2157 1460 2247 1512 τὸν
2289 1461 2632 1531 ἡγησάμενον
2661 1458 2759 1524 τῆς
2795 1459 2853 1509 ἐν
2892 1456 3461 1510 Κωνσταντινουπόλει
3514 1457 3753 1525 Ἐκκλη-

2160 1552 2298 1614 σίας’
2336 1551 2408 1602 Τὸ
2431 1550 2487 1602 δὲ
2521 1549 2805 1616 ὲγκόλπιον
2839 1547 2994 1618 ἡμῶν
3027 1548 3218 1611 κακον,
3259 1545 3750 1616 Εὐνόμιος,οῦκέτι

2160 1643 2350 1713 ἀγαπᾷ
2397 1642 2457 1695 τὸ
2508 1641 2753 1694 ὁπωσοῦν
2800 1636 2968 1692 εἶναι·
3021 1639 3133 1693 ἀλλ’
3180 1641 3228 1693 εί
3293 1641 3366 1710 μὴ
3423 1639 3640 1702 πάντας
3684 1642 3750 1708 τῇ

485 1730 732 1784 eamdem
754 1746 937 1786 secum
963 1733 1255 1800 perniciem
1286 1732 1536 1798 traxerit,
1560 1730 1822 1786 damnum
1853 1747 1912 1786 se
1944 1731 2054 1800 pati

2165 1733 2325 1787 αὑτοῦ
2363 1732 2607 1803 ἀπωλείᾳ
2647 1731 3121 1800 συνεφελκύσαιτο,
3158 1730 3360 1801 ζημίαν
3402 1730 3602 1801 κρίνει.
3643 1731 3752 1784 Καὶ

485 1821 781 1875 existimat.
822 1823 888 1876 Et
936 1823 1050 1877 haec
1085 1823 1301 1893 quidem
1333 1832 1612 1892 utcunque
1635 1822 1932 1878 toleranda.
1955 1822 2060 1878 Sed

487 1910 1000 1978 Apollinaristarnm
1024 1913 1240 1966 licentia
1271 1913 1414 1966 inter
1447 1912 1704 1968 Ecclesia:
1721 1913 2061 1966 calamitates

487 2001 728 2054 omnium
749 2011 831 2056 est
850 2003 1229 2058 acerbissima.
1249 2003 1397 2068 Quos
1419 2005 1636 2073 quidem
1657 2006 1920 2060 collectas
1945 2021 2062 2073 per-

488 2089 618 2144 inde
649 2105 711 2145 ac
743 2107 842 2146 nos
866 2093 1178 2147 celebrandi
1207 2093 1518 2147 facultatem
1555 2095 1661 2149 sibi
1684 2109 2057 2164 comparasse,

491 2182 675 2237 nescio
700 2184 861 2253 255
889 2185 1163 2254 quomodo
1203 2185 1466 2239 sanctitas
1489 2194 1581 2238 tua
1607 2200 1764 2254 passa
1782 2187 1872 2241 sit.
1893 2186 1968 2241 Ac
1999 2196 2056 2240 tu

485 2274 725 2344 quidem,
753 2293 874 2330 cum
897 2277 1166 2347 singulari
1194 2275 1285 2330 Dei
1319 2276 1580 2332 beneﬁcio
1596 2277 1777 2331 divina
1798 2279 2058 2348 mysteria

487 2367 729 2435 apprime
768 2369 996 2423 edoctus
1042 2368 1138 2431 sis,
1182 2381 1291 2422 non
1332 2381 1397 2421 ea
1441 2369 1615 2422 solum
1668 2384 1792 2438 quae
1845 2369 1912 2424 ad
1965 2369 2054 2425 Dei

483 2457 648 2514 Verbi
701 2462 1069 2530 patrocinium
1129 2469 1378 2530 spectant
1430 2462 1600 2531 probe
1651 2461 1818 2528 nosti,
1865 2478 2054 2518 verum

483 2551 649 2605 etiam
702 2566 1046 2623 qumounque
1098 2551 1167 2606 ab
1218 2550 1491 2607 haereticis
1547 2551 1810 2608 adversus
1863 2569 2056 2608 sanam

485 2643 644 2697 tidem
689 2645 998 2714 excogitata
1035 2653 1183 2700 sunt.
1219 2643 1339 2700 Non
1383 2654 1566 2699 tamen
1612 2646 2054 2716 intempestivum

484 2734 674 2799 fuerit,
711 2744 772 2790 ut
810 2737 1052 2806 gravitas
1085 2746 1176 2790 tua
1211 2752 1277 2792 ex
1315 2737 1581 2793 tenuitate
1625 2749 1812 2794 nostra
1855 2739 2053 2807 discat,

482 2826 748 2881 incidisse
785 2825 839 2880 in
888 2843 1082 2883 manus
1125 2844 1274 2885 meas
1311 2831 1552 2885 libellum
1593 2830 1958 2899 Apollinaris,
1999 2833 2054 2888 in

482 2933 592 2986 quo
625 2934 688 2974 ea
725 2934 846 2989 quae
886 2929 1233 2984 astrnuntur,
1271 2935 1490 2976 omnem
1521 2919 1900 2976 haereticorum
1946 2921 2050 2976 im-

481 3009 812 3078 probitatem
837 3010 1127 3064 excedunt.
1172 3009 1421 3062 AlIirmat
1460 3010 1606 3064 enim
1645 3025 1865 3065 carnem
1903 3012 2049 3065 illam

481 3115 602 3169 quae
653 3099 722 3152 ab
761 3099 1041 3168 unigenito
1099 3097 1193 3154 Dei
1242 3099 1380 3153 Filio
1437 3116 1534 3169 per
1588 3101 2052 3170 dispensationem

482 3197 770 3259 assumpta
815 3199 898 3244 est
949 3191 1016 3244 ad
1073 3200 1285 3245 natura:
1331 3199 1534 3246 nostrae
1580 3191 2055 3260 instaurationem,

483 3278 811 3333 adscititiam
854 3293 959 3333 non
988 3295 1131 3340 esse,
1168 3279 1261 3334 sed
1296 3281 1570 3334 carnalem
1614 3281 1759 3334 illam
1802 3290 2054 3335 naturam

484 3371 554 3425 ab
587 3371 746 3424 initio
770 3369 936 3426 fuisse
971 3372 1022 3425 in
1059 3369 1218 3426 Filio.
1251 3371 1582 3441 thuazdam
1608 3373 1770 3428 verba
1794 3389 1857 3429 ex
1884 3374 2057 3428 Evano

483 3463 624 3532 gelio
657 3464 794 3518 male
830 3463 1126 3532 accipiens,
1162 3462 1231 3516 ad
1275 3463 1439 3533 hujus
1485 3465 1735 3519 absurdae
1781 3465 2056 3535 opinionis

483 3553 956 3609 conﬁrmationem
999 3554 1243 3618 adducit,
1287 3555 1362 3608 ila
1397 3555 1586 3611 dicens
1619 3575 1631 3611 :
1665 3556 1831 3609 Nemo
1871 3573 2056 3610 ascen-

481 3643 559 3698 dit
594 3645 646 3696 in
678 3643 878 3709 caelum,
913 3647 1014 3699 nisi
1043 3646 1132 3715 qui
1169 3645 1232 3700 de
1261 3646 1388 3700 caelo
1429 3647 1716 3710 descendit,
1762 3646 1936 3702 Filius
1959 3648 2053 3701 Iw-

483 3735 643 3788 mim’s
698 3735 761 3788 ιι
810 3735 946 3789 adeo
995 3744 1052 3789 ut
1100 3738 1417 3806 priusquam
1466 3738 1842 3800 descenderet,
1890 3737 2054 3796 Filius

487 3823 725 3879 hominis
769 3824 961 3888 fuerit,
1005 3823 1458 3894 descenderitque
1500 3827 1775 3896 prepriam
1823 3827 2055 3884 aliercns

483 3931 740 3978 carnem,
783 3931 901 3971 eam
935 3915 1148 3973 scilicet
1174 3930 1335 3985 quam
1366 3916 1478 3986 jam
1529 3917 1585 3970 in
1626 3919 1766 3973 coelo
1799 3920 2053 3986 habebat,

482 4009 742 4056 aeternam
764 4010 819 4056 et
845 4004 1163 4057 substantiae
1189 4004 1362 4074 ipsius
1385 4005 1638 4060 coalitam
1680 4005 1892 4061 Profert
1912 4011 2052 4061 enim

482 4108 680 4148 rursus
709 4094 999 4162 quemdam
1027 4095 1275 4164 Apostoli
1301 4096 1502 4162 locum,
1565 4097 1618 4151 in
1655 4114 1764 4167 quo
1810 4099 2005 4168 legitur
2038 4119 2052 4155 :

483 4181 754 4239 Secundus
782 4183 933 4238 homo
961 4185 1024 4240 de
1051 4187 1177 4240 cmlo
1206 4188 1247 4240 ³.
1287 4187 1491 4243 Deinde
1537 4192 1737 4245 asserit
1779 4191 2052 4248 hominem

482 4274 639 4326 illum
673 4275 765 4343 qui
790 4290 819 4329 e
849 4275 990 4330 casio
1037 4277 1339 4343 descendit,
1379 4289 1614 4336 mentem
1651 4298 1757 4337 non
1807 4283 2012 4340 habere
2036 4325 2052 4352 ,

2169 1824 2340 1879 ταῦτα
2383 1823 2482 1894 μὲν
2535 1823 2764 1893 φορητά·
2794 1822 2854 1876 τὸ
2905 1822 2960 1874 δὲ
3003 1822 3219 1876 πάντων
3268 1819 3656 1890 χαλεπώτατον
3697 1823 3752 1872 ἐν

2159 1919 2276 1978 ταῖς
2307 1915 2784 1986 ἐκκλησιαστικαῖς
2815 1915 3119 1983 συμφοραῖς
3179 1915 3212 1983 ἡ
3267 1912 3377 1965 τῶν
3406 1911 3754 1980 Ἀπολιναρι-

2161 2006 2299 2060 στῶν
2328 2007 2441 2058 ἐστι
2469 2004 2768 2076 παρρησία,
2797 2001 2910 2066 οὓς,
2943 2003 3039 2055 οὐκ
3076 1997 3192 2055 οἶδα
3223 2000 3357 2064 πῶς,
3389 2002 3617 2070 παρεῖδε
3664 2019 3752 2054 σου

2159 2099 2191 2168 ὴ
2233 2097 2468 2166 ὁσιότης,
2515 2094 2912 2166 πορισαμένους
2978 2096 3187 2157 ἑαυτοῖς
3237 2093 3334 2162 τὴν
3367 2093 3461 2145 τοῦ
3496 2093 3755 2160 συνάγειν

2157 2189 2428 2260 όμοτίμως
2461 2190 2590 2259 ἡμῖν
2623 2186 2935 2258 παρρησίαν
2964 2174 3097 2255 (26).
3141 2185 3366 2248 Πάντως
3413 2184 3512 2255 μὲν
3539 2180 3638 2237 οὖν
3669 2183 3753 2237 διὶ

2157 2280 2373 2332 πάντων
2403 2278 2543 2332 κατὰ
2569 2277 2703 2331 Θεοῦ
2734 2277 2892 2348 χάριν
2921 2277 2992 2330 τὰ
3022 2277 3140 2330 Θεῖα
3173 2277 3614 2345 πεπαιδευμένος
3654 2294 3758 2345 μυ-

2158 2373 2372 2445 στήρια,
2391 2372 2452 2425 οὐ
2477 2371 2635 2441 μόνον
2661 2369 2760 2442 τὴν
2793 2370 2885 2423 τοῦ
2910 2369 3043 2423 Θεοῦ
3076 2369 3249 2437 Λόγου
3279 2370 3613 2439 συνηγορίαν
3639 2369 3754 2438 (‘37)

2155 2465 2463 2527 ἐπίστασαι,
2507 2463 2641 2518 ἀλλὰ
2691 2464 2915 2517 κάκεῖνα
2949 2464 3050 2517 ὅσα
3104 2462 3255 2532 παρὰ
3299 2461 3409 2514 τῶν
3450 2462 3753 2532 αἱρετικῶν

2156 2557 2297 2610 κατὰ
2345 2557 2444 2627 τῆς
2493 2554 2840 2624 ὑγιαινούσης
2897 2553 3234 2624 ἐπινενόηται
3280 2553 3539 2618 πίστεως.
3599 2554 3751 2621 Πλὴν

2155 2649 2306 2720 παρὰ
2341 2650 2439 2720 τῆς
2465 2646 2798 2718 βραχύτητος
2829 2645 2984 2716 ἡμῶν
3017 2646 3116 2698 οὐκ
3163 2643 3393 2714 ἄκαιρον
3424 2645 3555 2706 ἴσως
3588 2641 3756 2696 ἀκοῦ-

2157 2743 2246 2796 σαί
2297 2760 2391 2795 σου
2456 2740 2554 2810 τὴν
2604 2739 3059 2810 σεμνοπρέπειαν,
3099 2737 3180 2789 ὅτι
3236 2752 3326 2806 μοι
3377 2735 3610 2786 πυκτίον
3662 2734 3754 2801 γέ-

2155 2853 2310 2906 γονεν
2339 2836 2396 2888 ἐν
2429 2833 2580 2905 χερσὶ¹
2601 2832 2692 2886 τοῦ
2725 2829 3118 2902 Ἀπολιναρίου,
3147 2829 3206 2881 ἐν
3240 2821 3283 2896 ᾧ
3313 2828 3381 2880 τὰ
3413 2843 3755 2881 κατασκευα-

2155 2925 2358 2998 ζόμενα
2413 2927 2592 2978 πᾶσαν
2636 2923 2918 2995 αἱρετικὴν
2963 2921 3161 2974 κακίαν
3211 2919 3572 2990 παρέρχεται.
3621 2921 3751 2969 Δια-

2158 3017 2470 3072 ϐεϐαιοῦται
2497 3015 2606 3086 γὰρ
2646 3014 2720 3086 μὴ
2767 3014 3054 3083 ἐπίκτητον
3085 3009 3224 3065 εἶναι
3261 3011 3360 3080 τὴν
3401 3011 3585 3080 σάρκα
3628 3012 3750 3061 κατ’

2159 3109 2466 3179 οἰκονομίαν
2489 3106 2583 3160 τοῦ
2613 3103 2929 3176 μονογενοῦς
2957 3101 3085 3177 Υίοῦ
3107 3101 3199 3156 τοῦ
3227 3099 3359 3154 Θεοῦ
3387 3099 3753 3170 προσληφθεῖ-

2159 3217 2257 3253 σαν
2291 3198 2380 3252 ἐπὶ
2421 3195 2894 3268 μεταστοιχειώσει
2939 3194 3038 3264 τῆς
3070 3195 3285 3262 φύσεως
3329 3191 3508 3263 ἡμῶν,
3537 3191 3655 3244 ἀλλ’
3696 3191 3754 3256 ἐξ

2156 3289 2331 3360 ἀρχῆς
2372 3289 2428 3340 ἐν
2453 3287 2530 3357 τῷ
2559 3286 2673 3356 Υίῷ
2704 3286 2802 3357 τὴν
2833 3283 3082 3356 σαρκώδη
3126 3283 3340 3352 ἐκείνην
3383 3282 3550 3350 φύσιν
3586 3276 3751 3334 εἶναι.

2156 3383 2266 3437 Καὶ
2321 3380 2504 3443 κακῶς
2542 3377 2786 3433 ἐκλαϐὼν
2829 3377 3186 3446 εὐαγγελικὴν
3245 3391 3367 3427 τινα
3419 3374 3622 3444 ῥῆσιν,
3673 3378 3755 3438 εἰς

2158 3471 2464 3544 μαρτυρίαν
2501 3469 2602 3540 τῆς
2648 3467 2896 3537 τοιαύτης
2946 3467 3176 3529 ἀτοπίας
3225 3464 3618 3537 προϐάλλεται,
3661 3465 3750 3517 λέ-

2156 3579 2300 3632 γων·
2346 3560 2552 3626 Οὐδεὶς
2595 3558 2961 3624 ἀναϐέϐηκεν
2995 3559 3083 3623 εἰς
3113 3557 3219 3609 τὸν
3261 3556 3544 3623 οὐρανὸν,
3574 3558 3624 3607 εὶ
3661 3554 3750 3622 μὴ

2155 3654 2189 3706 ὀ
2213 3651 2281 3704 ἐκ
2309 3650 2414 3704 τοῦ
2445 3647 2704 3716 οὐρανοῦ
2737 3646 3015 3711 καταϐὰς,
3046 3647 3078 3698 ό
3112 3643 3244 3710 Υἱὸς
3274 3641 3378 3696 τοῦ
3399 3640 3748 3708 ἀνθρώπων·

2155 3743 2233 3806 ὡς
2265 3741 2359 3795 καὶ
2389 3733 2516 3811 πρίν
2554 3737 2832 3792 κατελθεῖν
2869 3737 3050 3799 αὐτὸν,
3084 3736 3210 3789 Υίὸν
3254 3733 3544 3805 ἀνθρώπου
3585 3731 3746 3796 εἶναι,

2157 3834 2251 3888 καὶ⁵
2288 3831 2565 3886 κατελθεῖν
2607 3830 2743 3884 ἰδίαν
2789 3827 3126 3899 ἐπαγόμενον
3178 3827 3355 3899 σάρκα
3394 3827 3634 3894 ἐκείνην,
3683 3825 3752 3895 ἦν

2158 3925 2295 3995 ἔχων
2336 3925 2394 3976 ἐν
2435 3922 2512 3992 τῷ
2555 3919 2767 3992 οὐρανῷ
2813 3919 3111 3990 ἐτύγχανε,
3164 3917 3484 3990 προαιώνιόν
3533 3935 3594 3968 τε
3650 3917 3753 3968 καὶ

2159 4014 2611 4085 συνουσιωμένην.
2653 4012 2817 4080 Λέγει
2851 4010 2955 4080 γὰρ
2989 4009 3149 4064 πάλιν
3206 4008 3571 4078 ἀποστολικήν
3622 4023 3754 4059 τινα

2159 4109 2335 4182 ῥῆσιν,
2365 4107 2446 4158 ὅτι
2484 4105 2547 4158 '0
2578 4104 2853 4170 δεύτερος
2878 4102 3186 4169 ἅνθρωπος
3210 4101 3279 4163 ἐξ
3305 4098 3595 4167 οίῳανοῦ·
3626 4095 3751 4150 εἶτα

2157 4199 2552 4261 κατασκευάζει
2618 4197 2708 4250 τὸν
2767 4194 3050 4265 ἄνθρωπον
3119 4195 3344 4254 ἐκεῖνον,
3381 4189 3472 4243 τὸν
3533 4187 3748 4242 ἄνωθεν

2157 4294 2380 4364 ἥκοντα,
2407 4289 2530 4345 νοῦν
2562 4288 2637 4362 μὴ
2669 4288 2810 4359 ἔχειν
2830 4301 2844 4316 ’
2885 4285 3022 4341 ἀλλὰ
3061 4286 3160 4355 τὴν
3192 4283 3418 4352 θεότητα
3443 4280 3540 4333 τοῦ
3574 4281 3752 4334 Μονο-

484 4367 579 4422 sed
615 4363 892 4437 Unigeniti
917 4368 1177 4426 deitatem
1208 4387 1330 4441 quae
1368 4375 1566 4428 mentis
1599 4375 1778 4430 locum
1829 4379 2052 4448 supple-

2165 4382 2366 4452 γενοῦς,
2405 4382 2505 4452 τὴν
2549 4378 2641 4434 τοῦ
2686 4377 2777 4433 νοῦ
2829 4375 2989 4448 φύσιν
3033 4370 3526 4443 ἁναπληρώσασαν.
3579 4370 3750 4440 μέρος

481 4459 656 4523 verit,
703 4460 918 4513 tertiam
961 4460 1134 4517 fuisse
1180 4472 1388 4532 partem
1443 4466 1668 4520 humani
1713 4470 2002 4538 compositi
2039 4488 2054 4525 :

482 4563 610 4602 eum
667 4550 848 4604 anima
909 4553 1129 4621 quidem
1189 4562 1243 4608 et
1303 4571 1506 4625 corpus
1555 4557 1713 4626 juxta
1769 4560 2053 4615 hominum

481 4647 733 4692 naturam
761 4641 813 4695 in
845 4657 913 4696 eo
939 4652 1144 4706 essent,
1209 4659 1362 4699 mens
1391 4656 1572 4700 autem
1605 4664 1713 4701 non
1748 4659 1916 4712 esset,
1957 4650 2056 4706 sed

483 4728 627 4782 Deus
655 4728 897 4784 Verbum
930 4731 1050 4802 ejus
1080 4734 1257 4787 locum
1300 4735 1573 4806 impleret.
1610 4736 1721 4794 Nec
1747 4740 1848 4795 hoc
1875 4741 2056 4797 adhuc

481 4835 648 4891 grave
677 4823 974 4892 piaculum.
1011 4824 1116 4880 Sed
1145 4827 1290 4895 quod
1321 4829 1563 4882 omnium
1612 4830 1770 4899 longe
1798 4833 2056 4901 gravissi-

482 4928 631 4965 mum
674 4922 789 4978 est,
843 4917 1016 4985 ipsum
1064 4919 1400 4988 unigenitum
1454 4919 1647 4987 Deum,
1675 4924 1768 4993 qui
1811 4927 2057 4981 omnium

480 5005 669 5072 judcx,
705 5005 795 5075 qui
842 5016 1032 5061 auctor
1065 5011 1207 5076 vitae,
1245 5011 1337 5080 qui
1365 5013 1558 5068 mortis
1605 5014 1917 5072 destructor
1947 5027 2054 5086 est,

483 5097 769 5152 mortalem
797 5113 919 5153 esse
955 5103 1272 5170 contendit,
1307 5111 1362 5159 et
1407 5104 1463 5160 in
1507 5107 1728 5178 prapria
1773 5108 2059 5166 divinitate

557 5277 572 5308 ¹
611 5274 770 5337 Joan.
803 5293 884 5344 ιιι,
928 5280 1026 5336 l5.
1099 5283 1120 5314 ¹
1152 5280 1324 5337 lCor.
1365 5300 1456 5354 xv,
1481 5285 1570 5339 47.

2159 4471 2412 4543 γενέσθαι
2453 4468 2547 4524 τοῦ
2587 4468 2924 4541 ἀνθρωπίνου
2971 4463 3339 4535 συγκρίματος
3381 4459 3441 4512 τὸ
3478 4458 3749 4528 τριτημό-

2166 4577 2310 4633 ριον’
2349 4562 2528 4632 ψυχῆς
2568 4577 2628 4614 τε
2670 4559 2764 4613 καὶ
2805 4558 3051 4628 σώματος
3103 4553 3245 4609 κατὰ
3289 4553 3351 4606 τὸ
3397 4551 3747 4622 ἀνθρώπινον

2163 4655 2290 4726 περὶ
2317 4653 2478 4708 αὐτὸν
2520 4653 2712 4715 όντων,
2751 4650 2842 4705 νοῦ
2875 4649 2933 4703 δὲ
2981 4647 3056 4719 μὴ
3101 4647 3272 4711 ὄντος,
3313 4644 3449 4698 ἀλλὰ
3472 4643 3572 4695 τοῦ
3605 4639 3744 4694 Θεοῦ

2161 4744 2333 4810 Λόγου
2367 4742 2458 4797 τὸν
2495 4741 2700 4795 ἐκείνου
2737 4740 2899 4793 τόπον
2927 4733 3384 4805 ἀναπληροῦντος.
3422 4733 3536 4787 Καὶ
3588 4731 3745 4784 οὔπω

2161 4835 2320 4889 τοῦτο
2347 4835 2517 4888 δεινὸν
2556 4833 2761 4904 θέαμαο
2795 4829 2930 4885 ἀλλὰ
2973 4829 3034 4882 τὸ
3078 4827 3294 4880 πάντων
3326 4824 3742 4897 χαλεταὶιτατον,

2161 4928 2244 4982 ὅτι
2273 4926 2434 4981 αὐτὸν
2469 4927 2558 4980 τὸν
2587 4923 2847 4996 μονογενῆ
2874 4921 3026 4985 Θεὸν,
3056 4919 3148 4972 τὸν
3189 4917 3382 4990 κριτὴν
3405 4916 3517 4969 τῶν
3550 4914 3745 4978 ὄντων,

2161 5019 2253 5073 τὸν
2281 5017 2521 5089 ἀρχηγὸν
2550 5018 2648 5088 ’τῆς
2685 5015 2851 5086 ζωῆς,
2881 5013 2970 5066 τὸν
2996 5009 3325 5080 καθαιρὲτην
3350 5007 3444 5060 τοῦ
3482 5005 3744 5066 Θανάτου,

2165 5109 2357 5182 θνητὸν
2388 5105 2527 5165 εἶναι
2561 5106 2983 5170 κατασκευάζει,
3019 5101 3114 5156 καὶ
3139 5103 3196 5154 ἐν
3220 5102 3286 5171 τῇ
3310 5098 3416 5170 ίδίᾳ
3437 5096 3610 5151 αὑτοῦ
3633 5095 3748 5150 θεό-

1676 5432 1952 5491 VALESII
1980 5427 2530 5488 ANNOI'ATIONES.

555 5527 668 5603 (26)
713 5530 823 5584 Τοῦ
855 5533 1143 5603 συνάγειν
1192 5533 1479 5602 ὁμοτίμως
1509 5533 1651 5601 ἡμῖν
1688 5534 2048 5603 παρρησιαν.

486 5599 544 5718 in;
599 5598 857 5668 Epistolis
917 5598 1162 5674 Gregorii
1205 5598 1398 5660 melius
1449 5598 1713 5675 scriptum
1761 5598 1842 5660 est
1871 5598 2051 5670 ’ἐξουο

487 5683 517 5717 τ
546 5685 629 5720 αν.

2235 5531 2348 5599 (27)
2374 5529 2500 5603 ,Τὴν
2527 5527 2653 5603 ⁸τοῦ
2705 5527 2852 5581 Θεοῦ
2910 5525 3104 5603 Λόγου
3148 5521 3548 5603 συνηγορίαις.
3577 5520 3732 5603 ᾼριις

2162 5593 2482 5722 gregarium
2526 5599 2925 5655 Naziantcnvnn
2976 5595 3178 5650 rectius
3221 5593 3416 5664 legitur
3439 5593 3536 5644 τοῦ
3565 5593 3732 5663 ὀρθοῦ

2162 5713 2174 5724 .
2206 5689 2356 5739 ογου.
