4054 6188
317 280 461 350 ππ,
1315 279 1642 338 HISTORIA
1679 276 2242 337 ECL‘LLSIASTICA.
2274 306 2346 318 —
2379 275 2511 332 LIB.
2539 275 2627 330 vr.
3447 279 3587 334 457;.

316 428 519 482 γνωσιν
568 400 858 479 ισχηκέναι
891 404 988 475 τῆς
1039 403 1145 458 τῶν
1196 403 1528 474 προσιόντων
1573 403 1780 467 ἑννοίας
1811 403 1902 457 ἐπὶ

2017 399 2204 454 llessis
2232 409 2415 452 autem
2445 405 2718 466 tempore,
2753 395 2930 465 pretio
2959 396 3216 452 conducti
3251 395 3436 469 fruges
3468 413 3585 453 me-

314 500 590 562 τοσοῦτον,
621 498 698 562 ὼς
727 499 821 552 καὶ⁸
856 497 924 550 τὰ
959 495 1326 568 ἡμαρτημένα
1364 495 1550 565 σαφῶς
1580 495 1897 565 διελέγχειν,

2017 491 2227 551 .ebant,
2271 495 2328 544 et
2367 487 2702 542 frumentum
2735 484 2886 556 quod
2932 485 3038 540 sibi
3085 486 3358 542 sulliceret
3391 503 3588 543 recon-

315 592 411 646 καὶ
439 592 508 645 τὰ
536 590 674 644 κατὰ
701 589 824 644 νοῦν
857 587 1070 656 ἑκάστῳ
1111 588 1465 659 κρυπτόμενα
1503 587 1738 658 ὲφορᾷνο·
1774 588 1900 649 τοὺς

2017 581 2226 642 lebaut,
2256 587 2313 635 et
2357 580 2481 635 aliis
2527 579 2814 635 monachis
2847 579 3019 648 gratis
3069 578 3297 634 dabant.
3335 577 3584 635 Dioscori

2005 688 2137 728 vero
2181 672 2329 726 haud
2396 671 2588 743 plures
2641 686 2806 740 quam
2859 679 3080 725 centum
3119 679 3277 725 erant
3309 670 3583 739 discipuli.

2007 764 2111 830 Qui
2158 779 2283 818 cum
2321 772 2464 820 esset
2512 763 2824 833 presbyter,
2861 775 3077 816 summa
3127 775 3252 815 cum
3305 759 3588 830 diligentia
3649 766 3660 777 '

313 679 408 735 οὖν
445 679 631 742 κακῶς
660 678 1032 748 πεπραχότας,
1059 677 1110 748 ἢ.
1129 676 1256 747 περί
1282 693 1426 739 τινος
1453 675 1656 746 φαύλου
1688 675 1902 744 βουλευ-

315 767 606 836 σαμένους,
632 765 772 826 τέως
801 759 950 835 εἶργε
979 764 1071 818 τοῦ
1102 763 1513 835 Θυσιαστηρίου,
1543 763 1710 834 δήλην
1740 763 1900 832 ποιή-

315 866 416 913 σας
434 849 534 920 τὴν
553 847 830 919 ἁμαρτίαν
851 862 864 876 ⁸
892 847 1221 919 μεταμελείᾳ
1243 847 1300 901 δὲ
1329 847 1700 918 καθαρθέντας
1738 847 1902 902 πάλιν

2024 854 2370 912 sacerdotale
2422 868 2626 908 munus
2676 853 2974 923 implebat;
3019 867 3114 907 eos
3156 851 3256 922 qui
3300 851 3366 905 ad
3429 864 3589 905 sacra

317 942 599 1011 προσίετο·
2012 946 2276 1018 mysteria
2319 945 2670 1008 accederent,
2700 943 3022 999 examinans
3056 951 3111 998 et
3157 925 3413 998 accurate
3445 942 3580 1010 diju-

315 1031 509 1085 dicans
541 1046 554 1084 :
589 1030 664 1084 ita
694 1038 755 1084 ut
790 1037 971 1086 mente
1006 1037 1170 1085 antea
1204 1035 1561 1100 perpurgata,
1629 1045 1732 1086 nec
1802 1033 1972 1091 ullius
2009 1038 2240 1094 admissi
2281 1037 2509 1094 sceleris
2563 1035 2777 1092 conscii
2832 1034 3196 1090 accederent.
3249 1032 3445 1088 Adhuc
3496 1033 3589 1088 illo

317 1125 643 1181 severiorin
684 1124 862 1179 sacris
901 1125 1178 1196 mysteriis
1214 1124 1590 1194 impcrtiendis
1621 1122 1724 1179 fuit
1763 1139 1878 1183 tum
1918 1130 2178 1203 Eulogius
2204 1132 2522 1204 presbyter;
2559 1148 2721 1202 quem
2758 1131 2961 1194 ferunt,
3009 1144 3133 1183 cum
3175 1143 3288 1184 rem
3345 1127 3587 1183 divinam

319 1221 562 1284 faceret,
625 1215 1004 1270 accedentium
1073 1215 1440 1286 cogitationes
1505 1231 1682 1286 usque
1761 1218 1900 1275 adeo
1937 1223 2293 1292 praenovisse,
2317 1233 2374 1278 ut
2400 1222 2596 1277 delicta
2619 1236 2809 1276 eorum
2870 1219 3182 1274 certissime
3241 1229 3588 1289 coarguerel,

318 1318 377 1365 ct
413 1324 534 1380 quae
563 1307 762 1378 singuli
840 1308 1060 1377 penitus
1110 1309 1166 1362 in
1220 1317 1404 1364 mente
1451 1310 1739 1365 recondita
1808 1313 2121 1383 habebant,
2183 1317 2550 1388 perspiceret.
2590 1317 2696 1369 Eos
2753 1314 2920 1384 igitur
2971 1312 3068 1383 qui
3112 1311 3238 1366 mali
3289 1311 3572 1382 quidpiam

318 1406 752 1473 perpetrassent,
782 1407 877 1454 aut
906 1406 1129 1469 patrare
1157 1399 1553 1467 decrevissent,
1575 1401 1897 1472 aliquandiu
1938 1408 2167 1462 arcebat
2206 1409 2274 1464 ab
2297 1407 2482 1478 altari,
2511 1407 2712 1463 delicta
2743 1421 2936 1462 eorum
2972 1406 3028 1459 in
3096 1411 3350 1474 apertqu
3412 1404 3591 1474 prole'

316 1507 469 1549 rens.
500 1490 694 1546 Postea
723 1505 852 1547 vero
872 1491 1194 1561 poettitentia
1225 1501 1487 1564 purgatos
1510 1493 1577 1548 ad
1601 1496 1860 1566 mysteria
1899 1496 2247 1555 admittebat.

889 1605 1142 1680 XEeAA.
1185 1606 1315 1661 κου.

313 1715 458 1793 Περί
493 1714 717 1793 τῶν-ἐνί
763 1717 1002 1784 Θηϐαΐδι
1027 1719 1348 1793 got-again”,
1392 1722 1675 1793 Ἀπολλὼ,
1715 1728 1900 1793 Δωρο-

389 1786 548 1859 θέοι),
605 1785 980 1859 Πιάμμωνος,
1027 1785 1321 1852 Ἰωάννου,
1365 1785 1672 1859 Μάρκου(
1699 1785 1901 1848 Μαλα-

382 1857 554 1926 ρίου,
601 1858 1011 1926 Ἀπολλωνίου
1033 1897 1047 1920 ,
1095 1859 1373 1926 Μωσέως,
1416 1857 1660 1918 Παύλου
1698 1865 1805 1919 τοῦ
1832 1865 1903 1918 ἐν

390 1925 605 1994 Φέρμῃ,
643 1925 878 1994 Παχὼν,
907 1929 1215 1996 Στεφάνου
1246 1925 1346 1984 καί
1378 1931 1552 1999 Πίωρ.

392 2018 548 2100 Κατὰ
579 2017 801 2081 τούτους
829 2017 886 2071 δὲ
918 2019 1012 2072 καὶ
1055 2019 1324 2084 Ἀπολλὼς
1359 2022 1418 2075 ὲν
1447 2022 1676 2088 Θηϐαΐδι
1708 2023 1903 2094 διέτρι-

315 2108 437 2172 ϐεν,
465 2108 524 2172 ὃς
565 2109 702 2179 ήῦᾷν
737 2108 1057 2181 ἀρχόμενος,
1102 2111 1511 2183 ἐφιλοσόφησεν.
1553 2113 1675 2166 Ἐπί⁸
1701 2129 1896 2167 τεσσαο

321 2200 560 2270 ράκοντα
589 2199 645 2252 δὲ
681 2198 775 2271 ἔτη
816 2199 916 2271 τὴν
949 2199 1154 2270 ἔρημον
1196 2203 1446 2274 οἰκήσας,
1497 2202 1759 2274 σπήλαιον
1800 2202 1906 2258 ὑπὸ

319 2289 385 2341 τὸ
415 2289 536 2360 ὅρος
566 2289 794 2362 πλησίον
838 2290 937 2360 τῆς
983 2292 1330 2363 οἰκουμένης,
1374 2293 1468 2348 τοῦ
1503 2293 1638 2347 Θεοῦ
1672 2297 1908 2367 χρήσαν-

319 2396 436 2441 τος,
464 2379 780 2434 κατέλαϐεν.
816 2379 950 2434 Ὑπὸ
986 2381 1044 2434 δὲ
1073 2380 1314 2453 πλήθους
1347 2383 1816 2456 θαυματουργιῶν,
1848 2387 1906 2439 ὲν

321 2469 491 2540 ὀλίγῳ
517 2470 785 2542 ἐπίσημος
809 2471 1044 2541 ἐγένετο,
1071 2473 1164 2526 καὶ
1195 2473 1418 2545 ἡγεμὼν
1448 2474 1716 2528 πλείστων
1746 2493 1908 2546 μονα-

323 2560 460 2631 χῶν.
487 2557 594 2614 Ἦν
633 2562 742 2634 γὰρ
784 2563 879 2617 καὶ
935 2565 1054 2628 ταῖς
1097 2563 1469 2629 διδασκαλίαις
1515 2565 1597 2630 είς
1641 2565 1908 2634 ὠφέλειαν

325 2654 636 2722 ὲπαγωγός.
662 2653 804 2708 Ἀλλ’
836 2655 925 2726 οἵᾳ
950 2655 1050 2726 μὲν
1092 2656 1283 2728 ἀγωγῇ
1325 2657 1542 2728 εχρῆτο,
1578 2658 1672 2711 καὶ
1706 2657 1908 2729 ήλίκων

323 2741 397 2815 ἦν
418 2746 577 2800 θείων
605 2746 699 2799 καὶ
726 2747 1041 2818 παραδόξων
1065 2749 1410 2820 πραγμάτων
1433 2750 1684 2821 ποιητὴς,
1711 2751 1912 2821 ἱστορεῖ

327 2838 591 2908 Τιμόθεος
636 2841 665 2892 ὁ
715 2840 813 2909 τὴν
857 2839 1248 2912 Ἀλεξανδρέων
1305 2842 1629 2913 Ἐκκλησίαν
1686 2845 1910 2914 ἐπιτρο-

330 2930 536 2994 πεύσας
555 2947 568 2961 ·
599 2926 658 2984 εὖ
687 2931 831 3001 μάλα
861 2930 1048 2996 αὑτοῦ,
1084 2932 1179 2985 καὶ
1202 2931 1410 2985 πολλῶν
1438 2925 1512 2986 ὧν
1536 2931 1908 3003 ἐπεμνήσθην,

329 3022 427 3075 καὶ
471 3022 644 3077 ἄλλων
677 3023 914 3094 δοκίμων
954 3023 1203 3095 μοναχῶν
1241 3025 1369 3088 τοὺς
1407 3023 1556 3093 βίους
1603 3023 1909 3091 διεξελθών.

344 3113 432 3165 Ἐν
465 3113 521 3166 δὲ
553 3113 630 3184 τῷ
662 3115 782 3168 τότε
836 3115 1022 3170 πολλοὶ
1053 3117 1147 3170 καὶ
1173 3115 1367 3186 ἀγαθοὶ
1401 3116 1704 3180 σπουδαίως
1734 3117 1913 3186 ὲφιλο-

333 3205 531 3272 σόρουν
559 3207 660 3260 ἀνὰ
680 3207 778 3278 τὴν
810 3208 1235 3279 Ἀλεξάνδρειαν,
1271 3209 1415 3280 ἀμφὶ
1454 3209 1700 3280 δισχίλιοι
1728 3210 1878 3274 ὄντες
1897 3226 1912 3240 ·

328 3289 407 3350 ὧν
431 3296 479 3348 οἱ
505 3296 602 3366 μὲν
653 3299 711 3350 ὲν
741 3300 854 3361 τοῖς
882 3298 1235 3369 καλουμένοις
1262 3301 1359 3372 ὲρη
1371 3303 1548 3370 μικοῖς
1579 3301 1688 3370 (55)
1715 3299 1911 3372 ᾧκουψ

329 3388 382 3440 oi
406 3387 462 3441 δὲ
528 3390 653 3459 περὶ
687 3389 778 3442 τὸν
811 3390 1117 3462 Μαρεώτην
1151 3393 1245 3444 καὶ
1276 3392 1400 3456 τοὺς
1438 3393 1503 3444 ἐκ
1533 3391 1791 3461 γειτόνων
1817 3391 1916 3446 Λί-

331 3479 488 3544 ϐυας.
540 3481 860 3555 ’Υπερφυῶς
917 3483 974 3536 δὲ
1039 3484 1096 3537 ἐν
1149 3483 1360 3548 τούτοις
1422 3484 1684 3555 διέπρεπε
1735 3485 1917 3556 Δωρόο

333 3571 455 3638 θεος
478 3574 611 3641 (54),
629 3575 865 3647 Θηϐαῖος
891 3577 953 3629 τὸ
972 3576 1146 3645 γένος,
1188 3571 1234 3646 ᾧ
1259 3577 1372 3648 βίος
1396 3573 1484 3648 ἦν,
1510 3579 1568 3631 ὲν
1589 3579 1770 3650 ἡμέρᾳ
1797 3580 1916 3649 μὲν,

332 3665 445 3719 ἀπὸ
473 3667 570 3735 τῆς
598 3666 766 3730 πέλας
799 3667 1076 3739 θαλάσσης
1105 3668 1284 3734 λίθους
1313 3669 1610 3738 συλλέγειν,
1646 3671 1738 3723 καὶ
1766 3669 1919 3734 ἔτους

333 3755 566 3810 ἑκάστου
595 3758 816 3811 οίκίδιον
854 3757 1305 3824 κατασκευάζειν,
1333 3760 1429 3813 καὶ
1464 3760 1665 3814 διδόναι
1697 3762 1809 3824 τοῖς
1845 3759 1918 3831 μὴ

331 3849 651 3918 δυναμένοις
677 3851 892 3914 ἑαυτοῖς
918 3850 1250 3921 οἰκοδομεῖνο
1282 3851 1499 3924 νύκτωρ
1538 3852 1596 3905 δὲ
1634 3854 1713 3916 εἰς
1753 3852 1918 3906 αὑτοῦ

335 3940 630 4012 διατροφὴν
659 3943 722 3994 ὲκ
751 3942 1009 4010 φοινίκων
1055 3941 1268 4011 φύλλων
1304 3943 1492 4015 σειρὰς
1521 3943 1756 4009 πλέκων,
1786 3961 1921 3997 σπυ-

337 4032 490 4103 ρίδας
527 4032 831 4103 εἰργάξετο.
876 4034 1063 4104 Τροφὴ
1095 4034 1153 4087 δὲ
1191 4031 1259 4106 ἦν
1297 4035 1446 4106 αύτῷ
1494 4034 1661 4104 ἄρτου
1705 4035 1922 4104 ούγκίαι

337 4124 418 4188 ἓξ,
451 4125 543 4177 καὶ
574 4125 786 4180 λεπτῶν
817 4126 1064 4196 λαχάνων
1101 4127 1257 4197 δέμα,
1291 4128 1384 4182 καὶ
1425 4127 1570 4196 ὕδωρ
1604 4127 1785 4182 πότον.
1828 4127 1922 4181 Ἐκ

335 4217 460 4272 νέου
498 4217 554 4271 δὲ
586 4216 758 4281 οὕτως
794 4219 1064 4291 ἀσκήσας,
1111 4220 1176 4273 οὐ
1217 4219 1423 4272 διέλιπε
1467 4220 1559 4273 καὶ
1583 4219 1760 4291 γέρων
1805 4216 1880 4272 ὢν
1904 4234 1917 4248 ⁸

2502 1611 2668 1682 253
2712 1610 2865 1669 CAP.
2901 1609 3094 1664 XXIX.

2001 1723 2079 1778 De
2153 1725 2422 1779 monachis
2486 1726 2538 1779 in
2607 1725 2872 1779 Thebaide
2929 1722 3237 1794 degentibus
3282 1719 3586 1794 :_.:lpollo,

2069 1793 2356 1858 Dorotheo,
2403 1795 2734 1856 Piammone,
2783 1788 3025 1859 Joanne]
3080 1791 3292 1853 Marco,
3325 1788 3589 1856 Macario,

2073 1864 2377 1934 Apollonio.
2423 1863 2593 1928 Mose,
2627 1865 2800 1918 Paulo
2853 1862 3156 1927 Fermensi,
3200 1861 3442 1926 Pachon,
3473 1859 3594 1914 Ste-

2071 1933 2244 2002 phano
2271 1945 2322 1989 et
2359 1933 2513 1988 Pior.

2074 2025 2282 2082 Horum
2354 2026 2694 2094 temporibus
2763 2025 2994 2095 aequalis
3065 2022 3292 2093 Apollos
3342 2021 3482 2076 vixit
3536 2020 3591 2074 in

2003 2117 2303 2175 Thebaide.
2357 2116 2464 2184 Qui
2511 2132 2637 2173 cum
2685 2119 2992 2188 pubescere
3056 2115 3243 2170 adhuc
3300 2113 3592 2183 inciperet,

2004 2212 2380 2283 philosophari
2411 2211 2690 2276 instituit;
2732 2223 2970 2279 cumque
3001 2207 3057 2262 in
3091 2205 3396 2263 solitudine
3438 2219 3595 2258 man-

2005 2307 2167 2360 sisset
2216 2319 2314 2374 per
2342 2318 2519 2358 annos
2555 2300 2951 2372 quadraginta,
3006 2298 3228 2353 tandem
3273 2299 3592 2368 speluncam

2005 2395 2073 2450 ad
2109 2395 2324 2450 radices
2349 2395 2556 2450 montis
2580 2395 2765 2458 sitam,
2792 2393 2938 2446 haud
2975 2391 3168 2460 procul
3205 2391 3276 2445 ab
3311 2390 3594 2450 hominum

2004 2485 2336 2550 domiciliis,
2398 2485 2585 2541 divino
2656 2483 2899 2538 monitus
2967 2482 3204 2539 .oraculo
3277 2479 3596 2549 occupavit.

2008 2577 2112 2633 Ubi
2166 2593 2278 2649 prae
2323 2576 2716 2637 miraculorum
2766 2573 3118 2629 multitudine
3168 2571 3318 2626 brevi
3375 2570 3597 2639 conspi-

2007 2684 2146 2724 cuus
2189 2676 2244 2724 et
2287 2665 2652 2737 complurium
2712 2663 3109 2720 monachorum
3170 2660 3332 2715 Pater
3383 2659 3594 2725 evasit;

2007 2749 2135 2810 nam
2187 2762 2238 2809 et
2293 2754 2521 2810 utilibus
2579 2751 2925 2808 documentis
2975 2764 3169 2804 omnes
3219 2749 3286 2802 ad
3335 2749 3596 2802 virtutem

2008 2847 2307 2903 alliciebat.
2347 2844 2547 2902 Verum
2596 2859 2846 2916 quaenam
2893 2842 3062 2898 fuerit
3091 2843 3213 2910 ejus
3247 2839 3465 2896 vivendi
3507 2855 3597 2893 ra-

1939 2962 1982 3021 ο
2015 2941 2113 3006 tio,
2159 2948 2213 2995 et
2245 2947 2451 3011 quanta
2497 2951 2774 3008 quamque
2813 2936 3001 2991 divina
3038 2935 3303 2990 miracula
3342 2943 3598 3004 patrave-

2015 3035 2109 3096 rit,
2172 3026 2496 3087 Timotheus
2544 3029 2930 3084 Alexandrinae
2994 3028 3252 3084 Ecclesiae
3299 3026 3590 3096 cpiscopus

2015 3129 2448 3180 commemorat:
2485 3121 2580 3192 qui
2619 3128 2676 3176 et
2716 3120 2883 3190 hujus
2918 3119 3044 3182 viri,
3097 3128 3154 3174 et
3184 3118 3417 3172 aliorum
3465 3131 3596 3184 quo-

2015 3231 2138 3272 rum
2169 3223 2330 3271 antea
2361 3215 2698 3269 mentionem
2735 3211 2861 3279 ieci,
2892 3215 3061 3266 vitam
3094 3211 3300 3265 litteris
3336 3208 3598 3279 prodidit.

2018 3309 2190 3364 Porro
2224 3317 2356 3362 tune
2400 3305 2670 3377 temporis
2739 3305 2900 3360 multi
2952 3304 3079 3359 boni
3113 3302 3218 3358 viri
3268 3303 3322 3357 in
3372 3303 3605 3357 Alexan-

2016 3400 2307 3455 drinorum
2353 3399 2581 3468 regione
2637 3395 2833 3454 sedulo
2882 3395 3443 3465 philosOphabantur,
3498 3409 3605 3447 nu-

2020 3505 2173 3546 mero
2221 3489 2446 3545 circiter
2496 3490 2579 3545 bis
2613 3488 2784 3544 mille.
2832 3485 3080 3552 Quorum
3113 3485 3208 3538 alii
3241 3485 3510 3554 degebant
3551 3484 3605 3536 in

1989 3581 2158 3641 .locis
2189 3595 2312 3652 quae
2358 3581 2596 3635 eremica
2637 3579 2940 3633 dicuntur:
2991 3576 3084 3630 alii
3118 3575 3268 3630 circa
3325 3572 3604 3626 Mareoten

2019 3681 2074 3728 et
2105 3672 2325 3746 vicinos
2367 3670 2567 3743 Libyas
2626 3669 2968 3728 incolcbaut.’
2993 3667 3141 3722 inter
3183 3680 3323 3736 quos
3370 3664 3607 3718 maxime

2019 3765 2220 3820 enituit
2272 3762 2608 3829 Dorotheus,
2667 3761 2842 3834 patria
2897 3758 3168 3816 Thebaeus
3216 3776 3229 3812 :
3286 3755 3446 3825 cujus
3487 3755 3603 3810 lucc

2022 3857 2126 3911 fuit
2173 3855 2394 3910 vivendi
2429 3855 2606 3919 ratio,
2649 3861 2709 3908 ut
2761 3851 3002 3908 interdiu
3057 3849 3283 3921 quidem
3321 3864 3388 3904 ex
3421 3848 3605 3903 vicino

2021 3945 2160 4001 mari
2193 3943 2406 4014 lapides
2434 3944 2742 4015 colligeret,
2774 3948 2830 3998 et
2853 3941 3155 4012 quotannis
3187 3939 3441 3994 cellulam
3472 3954 3606 3992 con-

2021 4044 2288 4103 strueret,
2325 4049 2558 4105 eamque
2592 4035 2827 4090 donaret
2853 4032 2922 4088 iis
2952 4031 3045 4101 qui
3080 4029 3185 4084 sibi
3211 4028 3314 4099 ipsi
3334 4026 3606 4081 aediﬁcare

2021 4144 2133 4185 non
2170 4135 2432 4199 possent,
2476 4134 2644 4181 noctu
2667 4139 2796 4180 vero
2824 4138 2892 4180 ex
2918 4122 3226 4192 palmarum
3267 4119 3417 4174 foliis
3457 4116 3604 4171 funi-

2024 4222 2186 4274 culos
2227 4226 2446 4282 texens,
2490 4215 2774 4287 sportulas
2813 4213 2882 4267 ad
2927 4209 3234 4282 parandum
3273 4209 3378 4263 sibi
3402 4207 3604 4262 victum

337 4310 460 4363 οὐδέ
486 4329 615 4366 ποτε
643 4311 827 4383 ὼράθη
871 4314 964 4366 ἐπὶ
1002 4313 1157 4383 ῥιπὸς
1195 4313 1227 4385 ἢ
1269 4314 1454 4384 κλίνης
1491 4311 1914 4384 καθευδήσας,ἣ

2027 4318 2256 4374 faceret.
2287 4316 2462 4370 Cibus
2516 4321 2636 4369 erat
2686 4312 2769 4366 illi
2819 4311 2980 4381 panis
3016 4306 3234 4378 quidem
3270 4305 3450 4360 uncia;
3487 4318 3604 4365 sex,

336 4403 467 4466 τοὺς
516 4403 678 4467 πόδας
729 4405 974 4468 ἐκτείνας
1023 4405 1221 4468 ἀνέσει,
1266 4405 1300 4475 ἤ
1350 4405 1489 4460 ἑκὼν
1533 4405 1686 4475 ὕπνῳ
1733 4402 1914 4456 ἑαυτὸν.

2024 4416 2083 4465 et
2138 4407 2480 4461 minutorum
2530 4403 2743 4458 olerum
2810 4399 3139 4463 fasciculus,

3196 4403 3363 4466 potus
3422 4400 3604 4446 autem

343 4494 553 4557 ἐκδούς.
594 4495 738 4566 Πλὴν
769 4498 892 4550 ὅσον
940 4497 1308 4568 ἐργαζόμενος
1359 4497 1392 4567 ἢ
1438 4495 1656 4561 ἐσθίων,
1685 4493 1914 4566 βιασθεὶς

2027 4513 2190 4570 aqua.
2231 4496 2482 4567 Curaque
2516 4495 2622 4550 hoc
2656 4509 2832 4564 genus
2875 4490 3223 4547 abstinentia:
3269 4487 3338 4544 ab
3382 4487 3607 4540 ineunte

344 4584 449 4637 ὑπὸ
474 4585 572 4656 τῆς
604 4586 837 4654 φύσεως,
868 4587 1037 4657 ἔμυσε
1076 4588 1202 4651 τοὺς
1241 4586 1581 4657 ὀφθαλμούς·
1623 4586 1700 4649 ὡς
1729 4583 1929 4638 πολλά-

343 4695 431 4741 κις
451 4679 802 4743 νυστάζοντος
830 4680 888 4732 ἐν
915 4678 992 4749 τῷ
1018 4679 1238 4742 ἐσθίειν,
1263 4681 1516 4732 ἐκπεσεῖν
1535 4677 1628 4731 τοῦ
1660 4677 1924 4748 στόματος

342 4771 442 4840 τὴν
468 4772 696 4840 τροφήν.
719 4771 855 4825 Ποτὲ
877 4772 1007 4840 γοῦν
1030 4773 1110 4836 είς
1138 4771 1306 4843 ἄκρον
1323 4770 1614 4843 κρατηθεὶς
1636 4769 1713 4840 τῷ
1743 4769 1916 4841 ὕπνῳ,

345 4859 534 4913 ἔλαθεν
559 4861 651 4913 ἐπὶ
674 4859 769 4913 τοῦ
794 4862 949 4932 ῥιπὸς
972 4860 1174 4914 πεσώνο
1202 4861 1296 4914 καὶ
1319 4858 1617 4932 περίλυπος
1638 4859 1729 4912 ἐπὶ
1747 4857 1922 4930 τούτῳ

345 4951 604 5021 γεγονὼς,
628 4953 810 5024 ἠρέμα
837 4953 964 5025 ἔφη,
982 4953 1044 5006 Εἰ
1066 4953 1190 5017 τοὺς
1215 4952 1478 5020 ἀγγέλους
1505 4951 1709 5014 πείσεις
1725 4950 1923 5004 καθεύο

345 5043 478 5109 δειν,
505 5045 713 5109 πείσεις
746 5044 841 5099 καὶ
862 5043 951 5100 τὸν
989 5043 1303 5098 σπουδαῖον·
1331 5043 1592 5116 ὑπεδήλου
1623 5044 1678 5096 δὲ
1710 5043 1921 5106 ἑαυτὸν,

2029 4599 2188 4646 aetate
2219 4589 2585 4651 exercuisset,
2631 4600 2701 4640 ne
2741 4598 2910 4640 senex
2943 4580 3162 4652 quidem
3206 4577 3340 4633 illud
3377 4577 3604 4631 dimisit.

2030 4681 2141 4738 Nec
2175 4694 2418 4750 unquam
2449 4679 2606 4734 visus
2632 4685 2719 4733 est
2751 4689 2919 4746 super
2963 4681 3208 4730 stoream
3245 4680 3338 4727 aut
3377 4669 3431 4724 in
3467 4669 3609 4723 lecto

2026 4771 2290 4834 dormire,
2324 4785 2426 4825 nec
2465 4769 2675 4840 quietis
2719 4781 2891 4823 causa
2948 4765 3116 4835 pedes
3149 4762 3470 4826 extendere,
3509 4774 3612 4814 ner.

2029 4877 2128 4919 sua
2161 4869 2356 4933 sponte
2386 4874 2645 4917 somnum
2677 4865 2884 4930 petere.
2925 4854 3035 4910 Sed
3073 4854 3204 4908 dum
3236 4869 3377 4923 opus
3409 4853 3611 4906 faceret

2030 4963 2123 5010 aut
2149 4957 2480 5014 comederet.
2520 4959 2760 5023 cogente
2787 4963 2989 5004 natura
3015 4946 3292 5017 tantisper
3321 4944 3613 5000 claudebat

2030 5048 2260 5103 oculos:
2293 5046 2434 5101 adeo
2471 5052 2532 5100 ut
2569 5056 2946 5114 saepenumero
2988 5040 3134 5096 inter
3163 5037 3439 5094 edendum
3478 5034 3610 5089 dor-

1552 5224 1827 5282 VALESH
1866 5224 2432 5283 ANNOTATIONES.

427 5359 537 5429 (55)
590 5359 691 5413 Ἐν
714 5359 833 5426 τοῖς
881 5360 1277 5429 καλουμένοις
1309 5359 1567 5429 ἐρήμοις.
1595 5357 1822 5413 Rectius
1842 5359 1925 5429 “in

353 5427 543 5486 codice
595 5429 894 5484 Fuketiano
974 5427 1236 5500 scriptum
1309 5427 1926 5500 ρευὲρημικοίςεηὸἰο

353 5502 498 5556 enim
518 5501 842 5554 dicebantur
871 5517 931 5554 ea
957 5497 1101 5561 loca,
1131 5503 1371 5569 quinque
1397 5497 1668 5569 passuum
1687 5497 1926 5569 millibus

353 5571 544 5625 dissita
580 5571 649 5624 ab
693 5572 826 5624 urbe
875 5567 1222 5628 Alexandria.
1257 5567 1315 5624 ut
1358 5567 1592 5625 testatur
1650 5567 1926 5622 Palladius

354 5644 410 5696 in
441 5656 559 5709 cap.
590 5641 625 5693 2
661 5642 913 5696 Historia:
963 5640 1239 5694 Lausiarw
1277 5660 1293 5692 :
1342 5640 1555 5706 Ίζξάγει
1598 5639 1662 5707 μὲ
1704 5636 1805 5701 ἔξω
1832 5639 1926 5708 τῆς

357 5712 561 5774 πόλεως
608 5713 686 5775 είς
729 5713 794 5764 τά
841 5711 1102 5782 λεγόμενα
1162 5711 1420 5782 imum-ti,
1463 5710 1568 5763 ἀπὸ
1618 5709 1772 5759 πέντε
1827 5724 1922 5780 ση-

2079 5362 2225 5425 είων,
2254 5373 2362 5416 etc.

2038 5379 2225 5500 μείέἴί
2254 5379 2558 5500 eximam
2608 5431 2920 5499 Δωρόθεος.
2952 5423 3010 5478 In
3056 5423 3254 5500 codice
3308 5415 3610 5500 Fuketiano

2034 5491 2308 5570 Θεόδωρος
2329 5491 2532 5556 dicitur
2575 5501 2663 5555 hic
2689 5491 3018 5554 iuonacltus.
3052 5491 3390 5570 Epiphanius
3429 5495 3610 5570 (aravit

2035 5580 2088 5623 et
2141 5556 2481 5640 Nici-plttit'us
2539 5571 2864 5625 [)urotheum
2911 5556 3222 5640 homin-aut.
3276 5558 3382 5614 Nec
3452 5556 3612 5608 aliter

2037 5639 2312 5696 Palladiis
2349 5647 2395 5700 in
2428 5641 2712 5701 Lamiam,
2747 5655 2860 5707 cap.
2900 5639 2952 5689 2.
3037 5660 3041 5663 -
