4054 6188
2073 145 2110 154 .-

493 268 628 324 1375
1960 263 2085 323 SOZ

2191 264 2301 319 ENI
3637 266 3784 324 B76

493 383 707 437 mitauti
775 381 936 437 cibus
993 395 1058 436 ex
1132 395 1230 434 ore
1288 379 1592 436 excideret.
1655 380 1900 450 Contigit
1959 381 2059 435 ali—

2190 382 2294 453 τρὸς
2312 383 2402 438 τὸν
2425 383 2589 437 ὕπνον
2611 383 2743 448 ίσως
2770 381 2881 454 (55)
2905 383 3340 453 ἀποτεινόμενος,
3359 383 3392 454 ἢ
3420 383 3514 436 τὸν
3535 383 3782 454 δαίμονα

493 474 712 544 quando
738 481 818 534 ut,
845 487 1010 540 supra
1041 471 1262 524 modqu
1299 486 1498 526 somno
1517 485 1837 542 Oppressus,
1868 472 1922 525 in
1957 480 2071 526 sto—

2190 474 2262 527 τδν
2288 473 2537 544 ἐμποδὼν
2557 474 2841 544 γενόμενον
2863 477 2981 538 ταῖς
3007 473 3320 538 σπουδαίαις
3343 468 3779 544 πράξεσιν.Ὠδε

495 583 640 621 ream
681 563 1004 635 imprudens
1043 563 1347 619 decideret.
1393 564 1568 631 Quam
1608 565 1680 620 ob
1711 580 1929 621 causam
1967 568 2068 621 do-

2190 565 2226 618 ἰέ
2251 565 2402 636 αὐτῷ
2431 565 2716 636 μοχθοῦντι
2745 565 3056 636 προσελθών
3093 583 3178 630 τις
3221 567 3356 637 ἐφη·
3398 568 3468 620 Τί
3505 566 3572 620 τδ
3617 568 3784 637 σῶμα

495 659 606 711 lore
635 655 885 720 affectus,
928 655 1208 710 submissa
1237 670 1375 710 voce
1406 654 1547 710 dixit
1573 674 1586 710 :
1619 655 1676 711 Si
1727 657 1937 727 angelis
1960 673 2073 727 per-

2190 658 2231 710 τὸ
2277 658 2367 710 σὺν
2413 658 2754 720 ἀποκτείνεις
2805 657 3096 722 τοσοῦτον;
3130 659 3253 712 Ὅτι
3304 677 3372 729 με
3411 659 3780 720 ἀποκτείνει,

493 748 735 804 suaseris
776 753 834 800 ut
867 746 1164 811 dormiant,
1218 747 1588 816 persuadebis
1632 748 1798 802 etiam
1829 749 2074 804 studiose

2190 749 2527 822 ίπεκρίνατο.
2575 749 2685 801 Καὶ
2738 749 3009 819 Πιάμμων
3052 749 3110 802 δὲ
3157 751 3250 804 καὶ
3307 751 3567 820 Ἰωάννης
3631 768 3782 819 τηνιο

495 839 923 910 pliilosophanti.
969 839 1222 908 Seipsum
1255 848 1441 894 autem
1474 839 1820 910 designabat,
1845 841 1931 896 bis
1954 857 2074 895 ver-

2190 840 2348 894 ιαῦτα
2373 839 2500 911 περὶ
2523 839 2740 892 Διολκὸν
2761 838 2870 908 (36)
2895 839 2994 908 τῆς
3018 841 3152 907 Δίγύ
3162 857 3293 892 πτου
3343 838 3782 908 ἐπισημοτάτων

496 931 582 984 bis
629 927 886 984 somnum
952 929 1131 998 ipsum
1191 928 1432 986 fortasse
1469 931 1782 1001 alloquens,
1821 942 1918 988 aut
1959 932 2071 988 da:-

2190 933 2500 1003 rtpo'isrravto
2527 931 2921 1002 μοναστηρίων.
2952 930 3392 1001 Ἐπιμελέστατά
3413 947 3474 983 τε
3503 930 3610 982 καὶ
3631 930 3782 999 μάλα

495 1036 714 1075 monem
767 1020 930 1076 bonis
983 1020 1201 1076 actibus
1253 1021 1662 1076 adversantem.
1719 1021 1892 1078 Porro
1949 1038 2074 1078 cum

2190 1023 2392 1094 τεμνῶς
2420 1021 2783 1093 πρεσὸύτεροι
2825 1022 2997 1086 ὄντες,
3028 1021 3129 1092 τὴν
3158 1021 3432 1092 ἱερατείαν
3469 1021 3780 1092 μετῄεσαν.

495 1119 575 1166 tot
607 1126 671 1167 ac
707 1112 877 1167 tantis
916 1126 978 1166 se
1020 1111 1304 1167 laboribus
1350 1122 1680 1176 maceraret,
1735 1113 1960 1184 quidam
2009 1114 2077 1168 ad

2190 1113 2413 1183 λέγεται
2442 1113 2502 1166 δέ
2536 1129 2665 1167 ποτε
2696 1113 2789 1166 τὸν
2813 1113 3126 1184 Πιάμμωνα
3156 1111 3450 1181 ἱερωμένον
3474 1111 3624 1182 (57),
3659 1111 3783 1164 Osi-

496 1219 617 1260 eum
662 1203 956 1267 accedens,
1029 1203 1166 1270 Cur,
1217 1204 1420 1274 inquit,
1457 1219 1664 1275 corpus
1698 1213 1856 1260 tuum
1896 1213 2080 1260 tanto-

2190 1205 2378 1260 σασθαι
2438 1206 2568 1275 περὶ
2622 1204 2720 1275 τὴν
2773 1205 2926 1274 ἱεράν
2988 1204 3271 1276 τράπεζαν
3327 1203 3474 1256 θεῖον
3536 1203 3783 1271 ἄγγελον

497 1312 627 1367 perc
652 1297 891 1352 enecas?
925 1295 1026 1352 Cui
1056 1295 1149 1351 ille
1170 1335 1185 1361 ,
1219 1295 1362 1363 Quia
1390 1311 1476 1352 me
1515 1296 1697 1367 ipsum
1740 1305 1955 1364 enecat,
1991 1312 2080 1352 re-

2190 1297 2413 1362 ἑστῶτα,
2445 1297 2540 1350 καὶ
2569 1295 2677 1350 τῶν
2703 1295 2954 1367 μοναχῶν
2996 1298 3122 1360 τοὺς
3154 1296 3430 1367 παρόντας
3461 1297 3784 1366 ἐγγράφειν

497 1387 744 1458 spondit.
774 1385 1059 1442 Piammon
1089 1395 1354 1457 praeterea
1385 1397 1439 1443 et
1464 1385 1708 1444 Joannes
1728 1387 1889 1458 iuxta
1930 1387 2081 1444 Βίοι-

2190 1388 2352 1460 βίδλῳ
2369 1388 2476 1442 τινί
2506 1405 2518 1418 ·
2553 1388 2679 1452 τοὺς
2709 1389 2768 1440 δὲ
2794 1388 3034 1451 ἀπόντας
3079 1387 3428 1457 ἀπαλείφειν.
3449 1387 3694 1457 Ἰωάννῃ
3725 1388 3783 1440 δὲ

498 1496 626 1535 cum
681 1477 928 1554 Egypti,
984 1479 1348 1535 nobilissimis
1399 1480 1756 1536 monasteriis
1804 1479 1971 1551 259
2016 1495 2085 1536 eo

2190 1482 2452 1554 τοσαύτην
2482 1482 2794 1554 ἐδωρήσατο
2806 1481 3037 1553 δύναμιν
3058 1484 3087 1535 ό
3106 1481 3240 1544 Θεὸς
3268 1481 3413 1536 κατά
3442 1481 3648 1536 παθῶν
3688 1482 3782 1535 καὶ

499 1583 746 1643 tempore
797 1571 1169 1642 prazl'ueruut:
1222 1579 1278 1628 et
1322 1587 1448 1627 cum
1494 1581 1689 1628 essent
1744 1574 2081 1644 presbyteri,

2190 1575 2533 1646 νοσημάτων,
2556 1573 2633 1637 ὡς
2659 1573 2888 1636 πολλοὺς
2910 1573 3162 1627 ἰάσασθαι
3184 1573 3492 1642 ποδαλγοὺς
3516 1572 3666 1643 (38),
3692 1575 3784 1626 καὶ

501 1679 717 1718 summa
749 1679 883 1717 cura
924 1671 979 1718 et
1021 1663 1292 1734 gravitate
1320 1662 1668 1719 sacerdotale
1694 1678 1900 1719 munus
1927 1664 2083 1720 obie-

2190 1669 2254 1723 τά
2302 1667 2482 1738 ἄρθρα
2522 1665 2958 1736 διαλελυμένους.
2989 1664 3078 1717 Ἐν
3119 1663 3292 1734 τούτῳ
3339 1663 3397 1716 δὲ
3451 1662 3556 1716 καὶ
3589 1662 3782 1716 Βενια-

499 1763 654 1810 runt.
708 1754 774 1809 Et
818 1719 1103 1812 Piammbn
1152 1754 1400 1827 quidem,
1449 1771 1575 1811 cum
1627 1755 1928 1826 aliquando
1963 1771 2082 1812 rem

2467 1719 2828 1829 analéo;.et‘i
2878 1719 3026 1826 μάλα
3051 1719 3323 1825 λαμπράς
3355 1753 3461 1806 ἀνὰ
3493 1753 3598 1825 τὴν
3635 1755 3778 1824 xxii-

501 1847 745 1901 divinam
781 1845 1009 1913 faceret,
1041 1845 1290 1901 divinum
1334 1847 1590 1918 angelum
1618 1846 1830 1903 vidisse
1856 1846 2080 1913 dicitur,

502 1943 738 1990 stantem
797 1935 952 2004 juxta
997 1949 1217 1990 sacrum
1271 1935 1485 2003 altare,
1536 1936 1630 2006 qui
1683 1937 2082 1992 monachorum

499 2025 722 2095 quidem
791 2025 1141 2095 praesentium
1204 2027 1431 2080 nomina
1492 2027 1548 2080 in
1597 2027 1841 2098 quodam
1897 2027 2086 2083 libello

501 2118 890 2188 perscriberet,
931 2118 1185 2174 absentes
1231 2128 1415 2174 autem
1455 2129 1816 2190 expungeret.
1870 2119 2081 2176 Joanni

501 2222 636 2262 vero
664 2214 872 2262 tantam
909 2207 1020 2260 vim
1064 2221 1129 2261 ac
1157 2215 1495 2278 potestatem
1524 2208 1580 2262 in
1610 2208 1835 2264 morbos
1869 2224 1934 2264 ac
1963 2210 2085 2264 lan-

501 2312 706 2369 guores
759 2297 904 2355 Deus
963 2297 1214 2361 indulsit,
1263 2305 1326 2352 ut
1379 2298 1583 2354 multos
1639 2299 1839 2370 pedum
1899 2298 2088 2355 dolore

502 2397 733 2444 vexatos
785 2397 840 2444 et
867 2389 1203 2460 paralyticos
1243 2396 1487 2466 sanaret.
1513 2389 1713 2446 Iisdem
1744 2390 2088 2461 temporibus

502 2481 796 2552 Beniamin
841 2497 1010 2538 senex
1049 2481 1200 2537 circa
1241 2481 1447 2538 Scetim
1486 2481 1688 2538 eximie
1729 2483 2081 2554 philosopha-

501 2583 596 2632 tus
620 2582 745 2632 est:
779 2575 867 2632 cui
897 2574 1041 2630 Deus
1075 2574 1132 2630 id
1171 2577 1362 2646 gratia:
1387 2584 1764 2641 concesserat,
1797 2583 1858 2631 ut
1880 2577 2090 2648 absque

503 2665 636 2722 ullis
697 2665 1161 2732 medicamentis,
1215 2667 1340 2722 solo
1405 2681 1603 2723 manus
1663 2675 1947 2734 contactu,
1996 2675 2091 2723 aut

504 2759 630 2815 oleo
686 2759 833 2830 quod
892 2759 1220 2830 precatione
1269 2774 1370 2815 sua
1438 2759 1832 2826 benedixerat,
1891 2762 2090 2831 quovis

503 2851 696 2906 morbo
729 2865 908 2922 aegros
939 2850 1224 2906 liberaret.
1255 2852 1432 2921 Atque
1479 2850 1573 2906 hic
1613 2859 1802 2907 tantus
1829 2851 1935 2916 vir,
1965 2866 2090 2906 cum

505 2944 562 2998 in
591 2942 840 2998 morbum
871 2955 1031 3012 aqua:
1073 2941 1368 2997 intercutis
1406 2941 1720 3006 incidisset,
1753 2957 1928 3013 usque
1954 2944 2092 2996 adeo

2183 1869 2268 1906 τιν
2292 1851 2625 1920 ἐφιλοσόφει,
2666 1847 2840 1919 δῶρον
2876 1846 3017 1917 ἔχων
3049 1845 3199 1914 παρά
3230 1844 3368 1898 Θεοῦ
3401 1843 3533 1914 δίχα
3557 1845 3782 1914 φαρμά-

2185 1958 2298 1996 κων
2333 1942 2516 2010 ἐπαφῇ
2551 1937 2685 2010 μόνῃ
2712 1937 2912 2008 χειρὸς,
2943 1935 3160 2006 ἢέλαίῳ
3189 1928 3236 2002 ᾧ
3259 1933 3560 2005 ἐπηύχετο,
3599 1935 3781 2001 πάσης

2186 2034 2553 2090 ἀπαλλάσσειν
2584 2029 2739 2085 νόσου
2765 2027 2891 2090 τοὺς
2910 2025 3241 2096 κάμνοντας.
3276 2023 3380 2076 Τὸν
3410 2022 3478 2093 δὴ
3513 2022 3777 2084 τοιοῦτον,

2185 2128 2342 2195 λόγος
2376 2125 2548 2195 ὑδέρῳ
2577 2119 2962 2191 περιπεσόντα,
2990 2114 3244 2170 τοσοῦτον
3263 2114 3476 2184 οίδῆσαι
3506 2114 3575 2166 τὸ
3601 2113 3776 2183 σῶμα,

2185 2219 2259 2283 ὡς
2300 2219 2374 2290 μὴ
2413 2215 2709 2287 δυνηθῆναι
2739 2210 2826 2264 διὰ
2863 2209 2972 2263 τῶν
3001 2207 3182 2278 θυρῶν
3229 2205 3325 2259 τοῦ
3377 2206 3694 2276 οἰκήματος
3727 2209 3779 2258 ἐν

2185 2306 2230 2381 ᾧ
2279 2311 2466 2381 διῆγεν
2511 2303 2927 2375 ἐκκομισθῆναι,
2978 2301 3028 2354 εί
3069 2299 3145 2370 μὴ
3173 2299 3272 2353 σὺν
3300 2300 3424 2362 ταῖς
3454 2297 3657 2366 θύραις
3692 2299 3782 2349 καὶ

2187 2403 2285 2465 τὰς
2313 2395 2668 2471 παραστάδας
2689 2392 2957 2448 καθεῖλον.
3003 2389 3092 2444 Ἐν
3120 2389 3175 2441 δὲ
3200 2387 3280 2458 τῷ
3307 2390 3508 2451 νοσεῖν,
3542 2388 3606 2438 ἐν
3626 2386 3780 2455 κλίνῃ

2189 2493 2404 2549 κεῖσθαι
2436 2489 2512 2561 μὴ
2561 2487 2879 2557 δυνάμενος,
2911 2483 3057 2554 ἀμφὶ
3094 2482 3222 2545 τοὺς
3257 2478 3405 2534 ὀκτὼ
3454 2481 3640 2550 μῆνας
3691 2479 3782 2530 ἐπὶ

2187 2585 2377 2655 δίφρου
2407 2579 2745 2634 πλατυτάτου
2779 2574 3080 2640 ἐκαθίζετο,
3101 2571 3346 2642 συνήθως
3373 2571 3504 2634 τοὺς
3537 2571 3779 2640 κάμνον-

2190 2695 2288 2743 τας
2342 2674 2591 2744 ίώμενος,
2653 2668 2818 2732 αὐτὸς
2870 2665 3038 2737 μηδὲν
3081 2662 3367 2734 δυσφορῶν
3423 2662 3506 2715 ὅτι
3557 2662 3636 2732 μὴ
3681 2661 3778 2728 τῆς

2191 2764 2424 2838 ἐχούσης
2469 2760 2630 2815 αὑτὸν
2663 2757 2823 2812 νόσου
2854 2753 3253 2826 ἀπηλλάττετο.
3293 2750 3515 2805 Μᾶλλον
3555 2750 3660 2820 μὲν
3687 2745 3779 2802 οὖν

2191 2860 2288 2914 καὶ
2340 2858 2468 2918 τοὺς
2515 2851 2760 2924 ὁρῶντας
2813 2845 3203 2919 παρεμυθεῖτο,
3245 2844 3340 2897 καί⁹
3384 2843 3643 2914 ἐλιπάρει
3687 2841 3781 2893 τὸν

2191 2950 2324 3006 Θεὸν
2349 2943 2610 3002 ἱκετεύειν
2633 2940 2773 3011 ὑπὲρ
2813 2937 2912 3007 τῆς
2948 2935 3112 2991 αὐτοῦ
3159 2934 3356 3005 ψυχῆς,
3412 2933 3683 3003 Σῶμα-τος
3751 2936 3774 2987 ι

503 3048 738 3104 corpore
785 3033 1120 3088 intumuisse
1153 3033 1380 3099 dicitur,
1434 3039 1500 3088 ut
1547 3049 1645 3105 per
1671 3033 1901 3104 ianuam
1937 3035 2086 3090 cella:

2190 3037 2337 3109 αὐτῷ
2367 3034 2532 3108 μηδὲν
2568 3030 2750 3103 μέλειν
2786 3043 2800 3058 ο
2831 3026 2990 3080 Ἐπεὶ
3041 3023 3136 3076 καὶ
3194 3020 3474 3086 εὐεκτοῦν,
3505 3021 3666 3075 οὐδέν
3709 3039 3775 3090 με

505 3126 562 3180 in
587 3140 697 3196 qua
730 3125 987 3195 degebat,
1026 3123 1214 3180 ell‘erri
1251 3139 1362 3180 non
1397 3128 1662 3195 potuerit,
1697 3125 1806 3180 nisi
1835 3125 2088 3194 postibus

505 3215 643 3286 ipsis
675 3213 840 3270 simul
867 3228 994 3270 cum
1035 3215 1206 3285 ianua
1231 3215 1467 3270 eversis.
1513 3214 1687 3270 Porro
1718 3215 1862 3269 inter
1907 3230 2086 3285 aegro-

504 3306 756 3372 tandum,
791 3319 920 3360 cum
955 3305 1011 3359 in
1045 3305 1189 3360 lecto
1219 3305 1554 3362 decumbere
1581 3320 1691 3361 non
1725 3314 1936 3374 posset,
1963 3315 2088 3362 octo

503 3397 732 3453 circiter
759 3396 1030 3452 mensium
1072 3397 1254 3468 spatio
1282 3396 1426 3454 sedit
1455 3395 1512 3450 in
1560 3396 1695 3451 sella
1734 3397 1970 3468 quadam
2013 3399 2090 3454 la-

507 3491 741 3556 tissima,
787 3491 953 3562 aegris
1001 3506 1153 3548 more
1195 3491 1364 3547 solito
1408 3491 1701 3546 sanitatem
1746 3493 2085 3558 restituens,

506 3599 606 3639 nec
647 3584 838 3654 iniquo
871 3583 1058 3640 animo
1098 3583 1284 3641 ferens
1309 3582 1456 3654 quod
1491 3598 1594 3640 suo
1626 3583 1744 3654 ipse
1777 3583 1970 3638 morbo
1996 3598 2091 3638 ne-

504 3690 780 3745 quaquam
841 3660 1205 3742 liberaretur;
1258 3675 1392 3746 quin
1456 3673 1642 3744 potius
1698 3673 2091 3728 consolabatur

505 3781 602 3820 eos
637 3767 733 3837 qui
783 3767 962 3836 ipsum
1013 3769 1283 3832 viserent,
1324 3768 1665 3839 rogabatque
1695 3775 1754 3822 ut
1785 3783 1884 3837 pro
1913 3767 2091 3838 ipsius

508 3859 692 3912 anima
754 3858 1032 3928 supplices
1092 3859 1262 3914 Deum
1312 3869 1558 3914 orarent.
1615 3859 1882 3928 Corporis
1942 3859 2090 3914 enim

484 3949 714 4005 nullam
745 3949 850 4004 sibi
902 3963 1093 4003 curam
1139 3964 1266 4005 esse
1301 3950 1503 4006 aiebat.
1552 3949 1766 4018 Quippe
1805 3950 1958 4011 dum,
2009 3950 2092 4004 in-

505 4043 653 4112 quit,
695 4042 834 4097 bene
861 4040 1093 4103 valeret,
1143 4040 1285 4095 nihil
1332 4041 1464 4096 mihi
1517 4039 1775 4110 profuit:
1838 4046 1894 4094 et
1943 4054 2092 4095 nunc

507 4135 647 4190 male
696 4133 906 4188 habens
978 4132 1116 4187 nihil
1165 4131 1482 4188 detrimenti
1533 4131 1738 4185 attulit.
1793 4129 1896 4186 Per
1946 4129 2090 4186 idem

509 4234 724 4296 tempus
755 4225 990 4281 celebris
1027 4225 1120 4280 ille
1144 4225 1380 4288 Marcus,
1420 4233 1475 4281 et
1525 4223 1800 4282 Macarius
1850 4225 2064 4296 iunior,

505 4326 562 4372 et
609 4317 963 4388 Apollonius,
995 4325 1053 4372 et
1091 4316 1272 4373 Moses
1325 4316 1583 4388 Ethiops
1626 4315 1831 4373 Scetim
1887 4318 2092 4372 incoleo

2188 3128 2422 3197 ὢνησεν,
2457 3120 2584 3189 ἔφη,
2618 3117 2714 3170 καὶ
2743 3114 2932 3177 κακῶς
2963 3113 3193 3182 πάσχον,
3233 3109 3334 3163 οὐκ
3362 3109 3588 3179 ἔϐλαψε.
3641 3112 3777 3164 Κατ’

2189 3220 2362 3272 ἐκεῖνο
2419 3213 2478 3267 δὲ
2521 3207 2716 3280 καιροῦ
2767 3208 2825 3261 ἐν
2878 3206 3074 3276 Σκήτει
3116 3204 3353 3275 διέτριδε
3398 3203 3632 3273 Μάρκος
3660 3219 3721 3254 τε
3751 3204 3780 3253 ὁ

2188 3307 2450 3376 ἀοίδιμος,
2483 3301 2578 3357 καὶ
2607 3298 2892 3368 Μακάριος
2918 3298 2946 3350 ό
2969 3296 3110 3359 νέος,
3137 3296 3231 3348 καὶ
3280 3293 3662 3356 Ἀπολλώνιος,
3685 3295 3780 3345 καὶ

2189 3397 2396 3467 Μωσῆς
2443 3398 2473 3450 ὁ
2523 3389 2738 3460 Αἰθίοψ.
2794 3389 2935 3441 Φασὶ
2972 3387 3030 3441 δὲ
3064 3386 3296 3458 Μάρκον
3337 3386 3461 3456 μὲν,
3483 3385 3579 3436 καὶ
3614 3387 3671 3436 ἐν
3699 3384 3778 3453 τῷ

2188 3489 2295 3560 νέῳ
2325 3488 2426 3558 τῆς
2457 3482 2677 3557 ἡλικίας
2697 3479 2776 3543 είς
2794 3479 2935 3546 ἄγαν
2989 3478 3165 3548 πρᾶον
3203 3475 3300 3529 καὶ
3354 3474 3636 3544 σώφρονα,
3680 3472 3780 3525 καὶ

2195 3583 2444 3654 μνήμονα
2489 3576 2663 3647 ἱερῶν,
2693 3570 2928 3644 Γραφῶν
2985 3568 3284 3638 γενέσθαι·
3329 3565 3554 3636 θεοφιλῆ
3589 3566 3649 3619 δὲ
3680 3567 3778 3620 ἐπὶ

2188 3674 2466 3739 τοσοῦτον,
2492 3672 2568 3736 ὼς
2601 3666 2973 3741 ἰσχυρίζεσθαι
3009 3664 3297 3734 Μακάριον
3326 3661 3419 3715 τὸν
3448 3661 3618 3714 αὑτὸν
3644 3677 3777 3731 πρε-

2193 3766 2454 3836 σϐύτερον
2489 3763 2618 3817 ὅντα
2641 3760 2751 3814 τῶν
2781 3757 3026 3812 Κελλίων
3048 3755 3185 3825 (40),
3214 3753 3349 3824 μηδὲ
3382 3751 3604 3806 πώποτε
3644 3753 3775 3822 παρ’

2191 3856 2355 3914 αὑτοῦ
2380 3855 2564 3910 λαϐεῖν
2594 3852 2631 3907 ἃ
2663 3851 2820 3922 θέμις
2847 3847 3054 3921 ἱερεῦσι
3090 3845 3292 3900 διδόναι
3337 3847 3452 3908 τοῖς
3483 3845 3777 3915 μεμυημέ-

2191 3967 2303 4014 νοις
2365 3947 2494 4019 περὶ
2541 3943 2641 4016 τὴν
2685 3941 2838 4014 ἱερὰν
2877 3939 3195 4012 τράπεζαν·
3235 3936 3467 4006 ἄγγελος
3515 3936 3574 3988 δέ
3626 3934 3776 4005 αὑτῷ

2193 4043 2382 4106 ἐδίδου,
2417 4033 2478 4092 οὗ
2499 4037 2598 4107 τὴν
2615 4038 2775 4107 χεῖρα
2804 4034 2964 4104 μέχρι
2988 4032 3084 4085 τοῦ
3132 4027 3349 4101 καρποῦ
3403 4029 3568 4098 μόνου
3620 4027 3774 4094 ἔλεγε

2192 4133 2416 4203 θεωρεῖν
2471 4129 2605 4200 (At).
2663 4124 2936 4196 Μακαρίῳ
2988 4123 3044 4176 δὲ
3089 4122 3246 4193 ἐδόθη
3270 4123 3434 4192 χάρις
3477 4120 3584 4173 ὑπὸ
3614 4118 3773 4181 Θεοῦ,

2194 4222 2558 4295 ὑπερφρονεῖν
2594 4219 2704 4272 τῶν
2727 4216 3019 4287 δαιμόνων.
3083 4213 3331 4281 Ἐγένετο
3376 4212 3435 4265 δὲ
3479 4211 3636 4282 αὑτῷ
3678 4212 3776 4280 τὴν

2193 4314 2366 4388 ἀρχὴν
2424 4311 2701 4382 πρόφασις
2753 4307 2855 4377 τῆς
2909 4303 3249 4376 φιλοσοφίας,
3298 4301 3554 4364 ἀκούσιος
3592 4301 3773 4370 φόνος.

508 4411 658 4466 bant.
699 4409 768 4465 Et
799 4409 1043 4466 Marcum
1077 4410 1299 4481 quidem
1355 4411 1424 4465 ab
1456 4410 1678 4466 ineunte
1716 4410 2086 4466 adolescentia

2197 4406 2320 4460 Ἔτι
2349 4405 2460 4475 γὰρ
2494 4401 2720 4474 βούπαις
2753 4397 2850 4462 ὢν,
2893 4395 3144 4467 πρόὸατα
3173 4393 3332 4465 ἔνεμε
3364 4393 3496 4463 περὶ
3523 4392 3626 4462 τὴν
3659 4392 3776 4446 Μά-

505 4499 805 4556 admodum
840 4501 1032 4556 mitem
1059 4514 1125 4556 ac
1150 4508 1545 4572 temperantem
1581 4500 1752 4557 fuisse
1779 4500 2086 4572 perhibent,

2199 4513 2348 4570 ρειαν
2366 4497 2586 4568 λίμνην,
2611 4494 2705 4547 καὶ
2733 4490 2944 4555 παίζων
2969 4486 3091 4542 τινὰ
3118 4485 3226 4540 τῶν
3246 4483 3528 4556 ὁμηλίκων
3577 4483 3773 4536 ἀνεῖλε.

1708 4611 1982 4672 VALESII
2014 4610 2574 4668 ANNOTATlONES.

579 4708 692 4779 ('55)
718 4710 871 4777 Πρὸς
896 4711 1002 4765 τὸν
1026 4710 1223 4765 ὕπνον
1253 4710 1420 4774 ἴσως.
1450 4708 1729 4766 Palladius
1754 4711 1809 4764 in
1844 4709 2086 4765 Historia

510 4776 797 4842 Lausiaca,
825 4795 946 4850 cap.
991 4781 1047 4845 2,
1096 4781 1191 4836 ubi
1234 4781 1338 4835 hoc
1367 4779 1620 4851 Dorpthei
1681 4780 2084 4851 apophthegma

507 4848 922 4914 commemorat,
965 4851 1169 4906 diserte
1205 4858 1442 4906 testatur
1470 4848 1807 4906 Dorotbeum
1829 4851 1942 4906 halt:
1967 4848 2084 4906 sibi

511 4917 883 4990 respondisse,
913 4935 1038 4976 cum
1067 4921 1182 4990 ipse
1209 4921 1258 4976 ei
1293 4920 1628 4990 persuadere
1660 4920 1820 4976 vellet
1844 4931 1902 4974 ut
1941 4935 2087 4976 som-

511 5005 640 5042 num
657 4989 883 5060 brevem
899 4989 1146 5060 caperet.
1161 4989 1375 5060 Exiquo
1397 4989 1700 5060 colligitur.
1720 4991 2084 5060 Snzomeﬁnum

510 5075 619 5114 non
655 5057 854 5128 legisse
886 5057 1183 5114 Historiam
1230 5057 1552 5115 Lbusiacani
1589 5060 1842 5128 Palladii,
1870 5059 1966 5116 sed
2017 5075 2084 5116 ex

507 5130 622 5184 alio
654 5128 923 5198 scriptore
956 5129 1062 5184 ista
1087 5131 1365 5188 hausisse.

581 5199 719 5284 (36)“
743 5199 884 5284 Περὶ
910 5201 1222 5284 ,Δεουξκόνλ
1267 5199 1810 5284 Huiusmmonasterii
1880 5201 2086 5257 mentio

513 5268 646 5325 litin
675 5268 961 5325 'Breviario
987 5268 1249 5340 Liberati,
1279 5268 1403 5340 cap.
1434 5269 1522 5327 18.

580 5340 694 5412 (37)
769 5339 1134 5412 Ἶερωμένον.
1191 5339 1558 5396 Scribendum
1612 5347 1700 5398 cst
1735 5340 1826 5396 hic
1867 5355 2086 5412 quoque

510 5410 724 5482 mutato
758 5418 988 5482 accentu
1017 5410 1332 5482 ἱερώμενον.

582 5481 695 5605 (38]
736 5479 1107 5563 (rasuram.
1151 5479 1485 5603 Podagrin
1540 5480 2085 5561 vertit'Epipbanius

582 5550 663 5605 :ho
685 5560 918 5605 astleus.
961 5567 1069 5605 non
1107 5552 1268 5605 male.
1345 5557 1461 5604 crte
1519 5549 1798 5605 Palladius
1854 5567 1905 5604 tn
1947 5549 2083 5604 Lau-

515 5549 918 5615 Scholasticus,
952 5549 1069 5607 'non
1107 5552 1268 5606 male.
1299 5549 1461 5604 Certe
1519 5549 1805 5606 Palladius
1852 5549 1905 5604 in
1947 5549 2083 5604 Lau-

514 5621 660 5691 siaca
696 5638 817 5690 cap.
849 5623 939 5686 73,
971 5622 1061 5677 ubi
1094 5623 1161 5676 de
1193 5622 1296 5674 hoc
1325 5619 1531 5691 Joanne
1562 5620 1690 5691 agit,
1726 5620 1886 5674 habet
1923 5620 2085 5674 ποδαο

515 5690 702 5765 γρούς.
768 5689 898 5748 Mihi
946 5705 1094 5750 certe
1147 5707 1256 5749 non
1315 5689 1526 5746 videtur
1572 5689 1693 5747 case
1741 5691 1930 5747 Graeca
1985 5707 2087 5746 vox

2191 4708 2527 4777 ποδαλγούς,
2572 4719 2744 4774 quare
2783 4699 3123 4771 Nicephorius
3161 4697 3356 4752 maluit
3401 4695 3590 4752 dicere
3654 4700 3771 4760 τοὺς

2189 4779 2363 4853 πόδας
2386 4777 2710 4853 ἀλγοῦντας.
2789 4843 2808 4853 _
2990 4840 3024 4853 ῃ
3139 4835 3180 4853 Β
3221 4836 3236 4853 ¹
3389 4852 3392 4853 ν
3421 4850 3437 4853 _
3517 4852 3520 4853 ν
3551 4851 3558 4853 Α

2261 4835 2374 4916 (39)
2417 4835 2722 4916 Barcaptir.
2789 4843 2850 4898 ln
2905 4840 3097 4897 codice
3139 4835 3445 4893 Fultetiano
3506 4837 3773 4892 scribitur

2190 4918 2479 4989 Βενιαμίςέ
2665 4988 2672 4989 ί
2705 4984 2747 4989 Α,
2894 4981 2948 4989 __
3193 4978 3208 4989 .
3288 4975 3301 4987 .
3534 4976 3566 4989 ..

2261 4936 2527 5057 {igiiiér
2561 4984 2851 5057 Κελλίων.
2892 4981 2987 5037 Sic
3011 4975 3301 5057 emendavi
3332 4991 3400 5057 ex
3443 4976 3638 5057 codice
3668 4975 3770 5030 Fu-

2189 5046 2573 5130 ketiano,_pro
2597 5054 2854 5130 κελλίνων
2881 5052 3030 5130 quod
3044 5061 3204 5130 antea
3230 5046 3536 5130 legebatur.
3567 5047 3664 5130 Est
3682 5063 3768 5130 au-

2187 5139 2297 5185 tem
2335 5121 2536 5182 Κελλία
2563 5127 2714 5198 locus
2753 5125 2812 5179 in
2854 5121 3549 5198 solitudine,_§eptuaginta
3584 5121 3770 5198 stadiis

2191 5201 2404 5256 distans
2481 5213 2510 5250 a
2579 5195 2792 5258 Nitria,
2860 5202 2921 5249 ut
2966 5193 3127 5248 docet
3188 5189 3532 5258 Sozomenus
3589 5187 3768 5258 intra,

2191 5284 2317 5339 cap.
2359 5267 2451 5324 3i.
2485 5265 2744 5337 Eiusdem
2777 5256 2880 5320 loci
2913 5263 3162 5319 meminit
3205 5256 3488 5316 Palladius
3523 5260 3579 5313 in
3629 5257 3769 5313 Lau-

2192 5355 2365 5394 sraca.

2264 5410 2376 5479 (41)
2442 5410 2653 5477 Ἔλεγε
2686 5406 2944 5479 θεωρεῖν.
2999 5404 3334 5479 Epiphanius
3391 5399 3768 5479 Scholasticus

2193 5470 2307 5535 haic
2337 5470 2406 5534 de
2435 5479 2558 5548 ipso
2594 5470 2924 5532 Mat‘co'dici
2964 5470 3316 5540 existimavit,
3361 5472 3538 5548 quasi
3557 5470 3767 5525 Marcus

2198 5549 2384 5620 dicere
2415 5542 2614 5605 solitus
2657 5555 2825 5620 esset,
2859 5563 2920 5602 se
2949 5561 3176 5620 manum
3221 5545 3398 5620 angeli
3447 5542 3765 5620 quisacram

2199 5618 2597 5674 Eucharistiam
2662 5610 3171 5687 ipsiﬂporrigebat,
3229 5610 3495 5687 duhtaaat
3567 5610 3763 5663 videre.

2199 5689 2423 5746 Prtcstat
2459 5699 2636 5746 tamen
2675 5677 2741 5744 de
2773 5677 3015 5744 Macario
3051 5677 3372 5757 presbytero
3400 5677 3452 5738 id
3499 5693 3762 5750 aCClpel't‘.
