4054 6188
282 309 418 364 1577

1194 309 1517 364 HISTORIA
1558 306 2163 364 ECtZCLESIASTICA.
2205 339 2269 351 —
2313 309 2442 364 LIB.
2485 311 2574 367 Vl.

3380 319 3532 375 ms

277 425 465 490 δείσας
487 441 545 478 τε
580 425 761 478 δοῦναι
783 425 959 495 δίκην,
991 425 1192 494 ἔφυγεν
1224 427 1302 488 εἰς
1324 427 1421 498 τὴν
1467 426 1724 498 ἐρημίαν.
1767 427 1857 480 Αί-

1962 433 2013 480 et
2044 441 2216 481 sacrae
2243 425 2545 496 Scriptura:
2576 427 2748 483 libros
2791 429 3050 481 memoria
3101 429 3383 486 tenuisse:
3424 429 3533 484 Deo
3605 403 3614 414 ³

283 514 436 582 θριος
468 515 524 567 δὲ
556 515 648 566 ἐπὶ
673 515 797 585 τρία
838 516 932 584 ἔτη
985 516 1123 585 μετὰ
1168 517 1344 570 ταῦτα
1405 518 1625 586 διάγων,
1669 519 1857 571 αὐτόθι

279 605 504 658 οἰκίδιον
547 605 740 675 μικρὸν
796 606 973 676 ἐαυτῷ
1023 608 1448 674 κατεσκεύασεν,
1496 611 1555 662 ἐν
1599 604 1643 677 ᾧ
1683 609 1856 663 εἴκοσι

283 697 379 750 καὶ
431 696 592 749 πέντε
640 696 733 767 ἐτη
789 697 1083 768 διέτριψεν.
1123 700 1348 769 Ἔλεγον
1393 702 1451 755 δέ
1506 702 1562 755 οῖ
1597 719 1662 770 γε
1692 701 1856 755 αὐτοῦ

283 788 636 856 άκηκόεισαν,
663 787 739 851 ὡς
766 788 966 859 πολλὴν
987 790 1258 860 ὡμολόγει
1290 791 1450 862 χάριν
1482 795 1550 864 τῇ
1577 794 1853 864 συμφορᾷ,

283 877 380 930 καὶ
415 878 681 947 σωτήριον
719 878 985 932 ἀπεκάλει
1020 879 1112 933 τὸν
1134 881 1388 935 ἀκούσιον
1416 883 1598 950 φόνον,
1641 883 1856 952 φιλοσο-

282 970 414 1037 φίας
443 969 539 1022 καὶ
582 971 854 1041 μακαρίου
897 971 1014 1041 βίου
1066 972 1239 1027 αἴτιον
1288 973 1438 1045 αύτῷ
1469 975 1854 1045 γεγενημένον.

295 1061 652 1125 Ἀπολλώνιος
687 1062 763 1128 δὲ,
794 1063 886 1116 τὸν
919 1064 1075 1119 ἄλλον
1103 1066 1294 1136 χρόνον
1317 1066 1584 1136 ἐμπορίαν
1636 1067 1856 1136 μετιὼν,

283 1150 388 1221 ἤδη
422 1150 558 1223 πρὸς
578 1151 756 1222 γῆρας
784 1151 1044 1217 ἐλαύνων,
1076 1154 1168 1206 ἐπὶ
1195 1155 1294 1225 τὴν
1326 1157 1526 1226 Σκῆτιν
1567 1153 1718 1227 ἦλθε.
1753 1159 1858 1210 Λο-

283 1241 579 1311 γισάμενος
608 1241 664 1294 δὲ
693 1242 770 1304 ὡς
799 1241 923 1296 οὔτε
956 1245 1211 1316 γράφειν,
1242 1244 1367 1298 οὔτε
1390 1246 1558 1316 άλλην
1609 1248 1731 1300 τινὰ
1766 1248 1857 1300 τέ-

282 1347 421 1400 χνην
454 1329 644 1400 μαθεῖν
671 1325 782 1394 οἷός
812 1331 872 1383 τέ
903 1331 1020 1384 ἐστι
1054 1332 1142 1384 διὰ
1168 1332 1266 1402 τὴν
1311 1332 1548 1402 ἠλικίαν,
1589 1332 1860 1396 παντοδα·

285 1420 409 1472 πῶν
429 1417 736 1488 φαρμάκων
769 1418 882 1490 εἴδη
932 1419 1026 1472 καὶ
1066 1419 1378 1489 ἐδεσμάτων
1408 1419 1727 1489 ἐπιτηδείων
1747 1419 1859 1479 τοῖς

283 1511 585 1580 κάμνουσιν
639 1509 698 1575 ἐξ
753 1510 971 1563 οἰκείων
1042 1511 1342 1581 χρημάτων
1381 1509 1708 1579 ὠνούμενος,
1755 1508 1861 1561 ἀνὰ

287 1599 529 1668 ἑκάστην
560 1598 730 1668 θύραν
767 1599 1096 1668 μοναστικὴν
1123 1598 1338 1668 περιῄει
1403 1601 1594 1670 μέχρις
1635 1600 1859 1666 ἐννάτης

283 1687 456 1757 ὥρας,
488 1686 699 1756 ἐφορῶν
728 1688 853 1750 τοὺς
882 1689 1192 1751 νοσοῦντας.
1241 1688 1586 1758 Ἐπιτηδείαν
1624 1687 1681 1740 δὲ
1729 1687 1860 1740 ταύ-

283 1797 388 1850 την
441 1778 590 1848 αὐτῷ
639 1778 738 1848 τὴν
780 1778 1014 1849 ἄσκησιν
1057 1777 1254 1849 εὑρὼν,
1307 1771 1410 1832 ὦδε
1451 1777 1854 1832 ἐπολιτεύσατο.
1891 1756 1931 1810 Β

286 1870 512 1924 Μέλλων
546 1868 602 1922 δὲ
628 1868 904 1939 τελευτᾷν,
938 1869 1082 1940 ἄλλῳ
1112 1869 1388 1939 παραδοὺς
1408 1869 1444 1923 ά
1463 1865 1631 1942 εἶχεν,
1663 1869 1859 1923 ἐνετείσι

286 1961 418 2014 λατο
441 1959 510 2013 τά
531 1957 671 2012 αὐτὰ
704 1961 896 2013 ποιεῖν.
930 1957 1136 2029 Μωσῆς
1177 1959 1232 2012 δὲ
1266 1960 1450 2023 δοῦλος
1479 1959 1576 2023 ὣν,
1626 1960 1713 2013 διὰ
1763 1977 1857 2029 μο-

287 2051 522 2122 χθηρίαν
570 2049 807 2120 ἐξηλάθη
850 2048 951 2120 τῆς
999 2050 1178 2113 οἰκίας
1222 2049 1315 2103 τοῦ
1362 2050 1700 2120 κεκτημένου
1726 2067 1739 2080 ο
1765 2049 1859 2104 καὶ

285 2144 368 2205 εἰς
395 2140 646 2212 λῃστείας
685 2143 935 2212 τραπεὶς,
994 2140 1284 2214 λῃστρικοῦ
1339 2141 1617 2211 τάγματος
1651 2142 1856 2211 ήγεῖτο.

288 2234 524 2297 Πολλοὺς
559 2233 617 2287 δέ
658 2233 1040 2305 κακουργήσας
1078 2232 1214 2303 (42),
1263 2233 1359 2286 καὶ
1399 2232 1626 2295 πολλοὺς
1667 2232 1861 2301 φόνους

285 2327 584 2396 τολμήσας,
605 2327 668 2378 ἐκ
687 2323 1032 2395 περιπετείας
1050 2323 1195 2386 τινὸς
1213 2322 1303 2377 τὸν
1327 2322 1607 2392 μοναδικδν
1629 2320 1860 2392 μετῆλθε

290 2419 442 2488 βίον,
491 2420 583 2472 καί
624 2418 818 2489 άθρόον
861 2419 940 2481 εἰς
982 2414 1184 2487 ἀρετὴν
1223 2415 1536 2484 φιλοσοφίας
1569 2413 1858 2466 ἐπέδωκεν.

302 2513 456 2565 Ἐπεὶ
477 2511 608 2580 γοῦν
637 2514 700 2564 ἐκ
725 2512 824 2580 τῆς
850 2511 1123 2582 προτέρας
1147 2509 1358 2578 διαίτης
1389 2505 1570 2576 εὐεξίᾳ.
1599 2505 1735 2568 ζέων
1769 2503 1862 2556 καὶ

288 2603 426 2675 πρὸς
453 2604 754 2672 φαντασίας
787 2602 990 2673 ἡδονῶν
1035 2601 1349 2670 κινούμενος
1369 2637 1383 2661 ,
1432 2596 1654 2668 μυρίαις
1687 2595 1862 2664 ἀσκή-

289 2713 411 2749 σεσι
441 2695 503 2748 τὸ
543 2695 704 2765 σῶμα
732 2695 997 2765 κατέτηξε
1021 2709 1036 2724 ο
1091 2693 1167 2762 πῆ
1219 2691 1318 2761 μὲν
1362 2691 1483 2760 δίχα
1530 2688 1662 2758 ὄψου
1697 2688 1863 2758 ὀλίγῳ

288 2788 442 2860 ἄρτῳ
469 2787 828 2859 ἀρκούμενος,
885 2785 964 2855 πῆ
997 2786 1054 2838 δέ
1083 2784 1331 2837 πλεῖστον
1362 2781 1520 2853 ἔργον
1548 2781 1744 2843 ἀνύων,
1767 2778 1863 2833 καὶ

290 2879 659 2950 πεντηκοστὸν
684 2877 995 2947 εὐχόμενος,
1047 2875 1124 2945 πῆ
1149 2874 1204 2927 δέ
1237 2872 1328 2926 ἐπὶ
1353 2872 1412 2937 ἓξ
1442 2871 1617 2926 ἔτεσιν
1640 2869 1863 2939 ὁλόκλη-

293 2990 386 3044 ρον
431 2973 666 3042 ἑκάστην
693 2969 864 3024 νύκτα
905 2968 1098 3032 ἑστὼς,
1149 2967 1509 3038 προσηύχετο,
1559 2964 1697 3035 μήτε
1733 2962 1861 3031 γόνυ

263 3065 511 3126 κλίνων,
547 3064 683 3134 μήτε
715 3062 839 3124 τοὺς
869 3059 1178 3130 ὀφθαλμοὺς
1216 3058 1365 3130 μύων
1391 3059 1471 3121 εἰς
1500 3056 1688 3110 ὕπνον.
1733 3054 1862 3108 Ἀλ-

290 3156 413 3208 λοτε
436 3155 494 3208 δέ
526 3153 742 3224 νύκτωρ
780 3151 1010 3223 περιιὼν
1037 3150 1138 3212 τὰς
1165 3151 1404 3221 οἰκήσεις
1438 3147 1547 3202 τῶν
1589 3146 1857 3218 μοναχῶν,

290 3243 465 3316 λάθρα
500 3243 600 3314 τὴν
631 3242 859 3296 ἑκάστου
892 3240 1082 3310 ύδρίαν
1123 3239 1363 3309 ἐπλήρου
1408 3237 1618 3300 ὕδατος.
1655 3233 1764 3290 Ἦν
1803 3235 1862 3289 δὲ

290 3333 450 3388 τοῦτο
493 3333 612 3387 λίαν
655 3331 911 3404 ἐργῶδες.
958 3331 1079 3384 Τῶν
1143 3331 1242 3400 μὲν
1276 3329 1386 3399 γὰρ
1432 3327 1664 3390 σταδίοις
1707 3325 1860 3390 δέκα,

288 3427 401 3481 τῶν
425 3427 503 3492 δὲ,
539 3427 746 3487 εἴκοσι,
797 3424 907 3478 τῶν
951 3425 1029 3489 δὲ,
1073 3424 1168 3476 καὶ
1207 3423 1519 3493 τριάκοντα,
1563 3421 1658 3474 καὶ
1702 3419 1864 3473 πλέον

289 3519 586 3589 διειστήκει
614 3520 643 3571 ό
669 3517 836 3580 τόπος
884 3514 1005 3569 ὅθεν
1050 3512 1354 3584 ὑδρεύοντο.
1409 3510 1652 3579 Διέμεινε
1685 3508 1742 3561 δὲ
1771 3508 1866 3560 ἐπὶ

293 3607 429 3662 πολὺ
457 3607 555 3678 τὴν
597 3605 864 3678 προτέραν
891 3605 1042 3675 ἰσχὺν
1068 3604 1226 3673 ἔχων,
1272 3601 1472 3670 καίπερ
1500 3601 1618 3662 ταῖς
1646 3598 1866 3661 πολλαῖς

294 3699 558 3769 ἀσκήσεσι
585 3697 834 3750 καθελεῖν
867 3696 1068 3766 ταύτην
1098 3692 1435 3757 σπουδάζων,
1475 3692 1570 3744 καὶ
1607 3689 1668 3743 τὸ
1707 3688 1866 3759 σῶμα

290 3793 413 3854 ταῖς
451 3788 846 3859 ταλαιπωρίαις
883 3787 1100 3851 πιέζων.
1139 3785 1372 3852 Λέγεται
1421 3780 1553 3850 γοῦν
1597 3797 1726 3834 ποτε
1773 3779 1867 3850 λῃ-

293 3883 429 3945 στὰς
461 3883 908 3952 καταδραμόντας
944 3879 1034 3932 τὸν
1072 3879 1234 3932 τόπον
1264 3879 1322 3930 ἐν
1349 3869 1394 3943 ᾧ
1423 3875 1580 3946 μόνος
1624 3873 1865 3942 ἐφιλοσό-

293 3995 407 4047 φει,
457 3974 814 4029 συλλαϐέσθαι
863 3974 1069 4036 πάντας
1099 3973 1191 4025 καὶ
1220 3971 1414 4040 δῆσαι,
1457 3968 1552 4022 καὶ
1598 3967 1868 4034 τέσσαρας

291 4067 458 4130 ὄντας
499 4069 612 4129 τοῖς
657 4064 829 4136 ὤμοις
874 4061 1162 4125 ἐπιθεῖναι,
1208 4060 1303 4114 καὶ
1331 4061 1410 4122 εἰς
1442 4059 1543 4128 τὴν
1573 4055 1867 4125 ἐκκλησίαν

295 4161 548 4231 ἀγαγεῖν,
580 4161 674 4214 καὶ
701 4157 1144 4228 συμμονάζουσιν
1175 4153 1464 4224 ἐπιτρέψαι
1499 4153 1570 4206 τὰ
1607 4150 1736 4221 περὶ
1771 4151 1870 4204 αύ-

295 4251 426 4315 τῶν,
458 4251 533 4314 ὡς
567 4251 641 4320 μή
671 4249 890 4320 θεμιτὸν
920 4245 1068 4317 αὐτῷ
1098 4247 1179 4299 ἐτι
1222 4244 1423 4316 μηδένα
1457 4242 1642 4306 κακῶς
1671 4244 1864 4296 ποιεῖν.

293 4343 433 4395 Φασί
464 4342 574 4411 γάρ
619 4341 726 4396 ἀπὸ
774 4339 972 4402 κακίας
1019 4339 1098 4400 είς
1139 4335 1338 4408 ἀρετήν
1371 4334 1560 4406 μηδενὶ
1600 4331 1869 4402 τοσαύτην

1959 532 2088 570 vero
2117 518 2190 572 ita
2222 518 2452 573 charum
2483 518 2654 575 fuisse
2676 558 2691 584 ,
2723 526 2780 572 ut
2811 517 3084 574 Macarius
3119 521 3213 588 qui
3257 521 3532 575 Cellarum

1959 608 2250 678 presbyter
2297 607 2424 673 fuit,
2476 624 2621 680 saepe
2659 609 3030 674 aﬂirmaverit,
3083 609 3322 664 Marcum
3378 628 3531 664 nun-

1958 712 2121 767 quam
2153 699 2223 752 ab
2256 699 2378 768 ipso
2420 701 2702 770 accepisse
2739 715 2863 770 quae
2924 701 3242 756 sacerdotes
3282 701 3531 759 ﬁdelibus

1957 789 2026 842 ad
2056 790 2230 844 altare
2263 791 2504 860 prmhere
2543 790 2634 860 jus
2673 790 2864 862 [asque
2899 799 2985 847 est
3014 811 3027 846 :
3072 792 3166 848 sed
3197 795 3454 863 angelum
3482 794 3532 848 ei

1958 882 2284 950 praebuisse,
2337 882 2503 952 cujus
2569 897 2790 937 manum
2851 884 2920 938 ad
2981 884 3300 952 juncturam
3362 899 3532 952 usque

1958 973 2230 1027 duntaxat
2282 989 2342 1028 se
2375 974 2584 1030 vidisse
2618 974 2856 1029 dicebat.
2905 972 3146 1028 Macario
3191 989 3324 1028 vero
3355 974 3533 1028 dona-

1961 1077 2074 1120 tum
2109 1066 2214 1120 fuit
2253 1081 2282 1119 a
2321 1066 2466 1130 Deo,
2503 1076 2560 1120 ut
2603 1066 2879 1120 danoones
2926 1073 3322 1119 contemneret.
3365 1063 3532 1118 Oct-a-

1959 1157 2167 1210 sionem
2199 1173 2364 1227 porro
2395 1157 2813 1226 philosophandi
2838 1156 2887 1210 ei
2914 1156 3146 1224 primum
3180 1155 3403 1222 praebui:
3430 1168 3535 1208 caeo

1959 1249 2057 1305 des
2089 1249 2314 1303 fortuito
2346 1257 2670 1318 perpetrata.
2698 1247 2830 1301 Nam
2855 1262 2978 1300 cum
3004 1253 3148 1300 esset
3175 1245 3530 1307 adolescens,

1960 1356 2088 1396 oves
2130 1341 2388 1409 pascebat
2431 1340 2575 1392 circa
2625 1338 2979 1392 Mareoticum
3030 1337 3244 1401 lacum;
3296 1351 3534 1404 cumque

1960 1434 2104 1486 inter
2131 1431 2427 1486 ludendum
2478 1431 2766 1500 quemdam
2791 1446 2852 1482 ex
2884 1428 3188 1498 aequalibus
3217 1428 3335 1482 suis
3366 1428 3534 1483 inter-

1963 1525 2208 1591 fecisset,
2254 1525 2469 1579 veritus
2514 1537 2583 1577 ne
2618 1537 2812 1593 pmnas
2851 1521 3027 1585 daret,
3075 1520 3129 1574 in
3177 1519 3532 1574 solitudinem

1961 1633 2020 1672 se
2053 1617 2277 1686 recepit.
2315 1616 2428 1669 Illic
2458 1616 2680 1670 triennii
2726 1614 2906 1683 spatio
2946 1611 3050 1666 sub
3090 1612 3218 1666 divo
3263 1619 3530 1670 moratus.

1960 1723 2184 1778 parvam
2241 1707 2346 1761 sibi
2413 1707 2606 1762 cellam
2665 1702 2866 1758 ibidem
2925 1703 3256 1767 construxit,
3317 1700 3372 1755 in
3425 1715 3534 1770 qua

1959 1799 2203 1868 quinque
2247 1805 2302 1852 et
2332 1795 2526 1866 viginti
2561 1808 2740 1846 annos
2784 1790 2987 1859 exegit.
3029 1788 3452 1856 Narrabantque
3495 1787 3530 1839 ii

1959 1891 2050 1958 qui
2083 1904 2147 1942 ex
2192 1887 2312 1955 ipso
2363 1887 2416 1939 id
2481 1882 2792 1946 audierant,
2851 1879 3028 1949 ipsum
3099 1877 3398 1932 calamitati
3454 1875 3532 1928 illi

1959 1979 2163 2050 gratias
2191 1975 2394 2030 referre
2423 1974 2668 2032 solitum.
2700 1980 2748 2025 et
2785 1969 2989 2023 caedem
3013 1968 3160 2020 illam
3196 1966 3427 2019 fortuito
3451 1963 3535 2016 la-

1961 2077 2104 2124 etam
2173 2066 2471 2122 salutarem
2529 2060 2858 2130 appellasse,
2909 2071 3032 2126 quae
3078 2053 3432 2123 philosophia!
3473 2067 3538 2105 ac

1959 2162 2131 2216 beata:
2189 2157 2320 2210 vitae
2415 2152 2768 2208 occasionem
2845 2149 2948 2218 ipsi
3027 2146 3320 2200 attulisset.
3376 2142 3538 2214 260

1959 2249 2282 2321 Apollonius
2316 2253 2522 2306 autem,
2562 2256 2688 2297 cum
2717 2245 2974 2293 anteacto
3019 2245 3266 2305 tempore
3320 2249 3536 2288 merca-

1961 2350 2141 2396 turam
2176 2337 2421 2399 fecisset,
2453 2335 2566 2404 jam
2592 2335 2648 2388 in
2688 2333 2905 2387 senium
2934 2343 3188 2397 vergens,
3223 2326 3290 2380 ad
3326 2325 3533 2380 Scetim

1961 2447 2023 2488 se
2068 2429 2323 2485 contulit.
2364 2427 2613 2495 Cumque
2661 2421 3069 2483 consideraret,
3119 2433 3180 2472 se
3235 2417 3306 2472 ob
3351 2418 3537 2486 ingra-

1961 2528 2269 2578 vescentem
2299 2525 2514 2573 aatatem
2566 2528 2670 2569 nec
2701 2511 2980 2568 scribendi
3010 2517 3208 2573 artem,
3241 2522 3342 2562 nec
3371 2507 3537 2561 ullam

1963 2612 2125 2668 aliam
2156 2623 2319 2680 posse
2351 2605 2659 2670 addiscere,
2706 2601 2888 2658 varias
2921 2598 3135 2670 species
3167 2595 3538 2651 medicamen-

1960 2711 2142 2757 torum
2170 2705 2224 2754 et
2251 2697 2504 2753 ciborum
2545 2693 2641 2765 qui
2681 2688 2956 2747 commodi
2989 2694 3119 2743 sunt
3147 2684 3539 2756 aegrotantibus

1963 2809 2063 2851 sua
2111 2791 2344 2863 pecunia
2395 2801 2682 2851 coemens,
2721 2781 2970 2853 singulas
3022 2777 3415 2834 monachorum
3454 2775 3538 2845 ja-

1964 2900 2105 2941 nuas
2135 2881 2421 2945 circuibat,
2452 2877 2520 2934 ad
2551 2878 2742 2932 horam
2771 2888 2948 2944 usque
2971 2885 3169 2925 nonam
3199 2883 3375 2939 aegros
3398 2867 3539 2921 invi-

1965 2992 2112 3033 sens.
2147 2972 2302 3041 Quod
2341 2969 2561 3043 quidem
2595 2963 3012 3023 exercitationis
3044 2976 3218 3032 genus
3261 2973 3385 3013 cum
3433 2956 3538 3012 sibi

1962 3066 2312 3124 commodum
2366 3061 2682 3132 reperisset.
2741 3057 2817 3111 ita
2867 3054 3127 3122 deinceps
3177 3057 3539 3104 conversatus

1962 3165 2049 3212 est
2077 3175 2092 3224 ;
2129 3165 2184 3211 et
2216 3168 2340 3208 cum
2369 3151 2671 3207 moriturus
2704 3152 2872 3208 esset,
2905 3157 3248 3213 quaecunque
3279 3139 3538 3202 habebat,

1962 3246 2124 3302 alteri
2153 3244 2398 3308 tradens,
2431 3237 2713 3295 mandavit
2760 3244 2822 3291 ut
2861 3235 3004 3290 idem
3033 3231 3270 3286 ollicium
3306 3245 3534 3286 exerce-

1963 3345 2066 3391 ret.
2096 3335 2275 3391 Moses
2312 3348 2444 3390 vero
2467 3345 2591 3386 cum
2628 3336 2775 3386 esset
2805 3341 3023 3389 servus,
3063 3333 3292 3394 propter
3331 3322 3542 3390 impro-

1963 3429 2190 3484 bitatem
2225 3442 2292 3482 ex
2321 3424 2530 3480 aedibus
2553 3420 2758 3476 domini
2790 3419 2878 3474 sui
2911 3417 3146 3487 ejectus,
3179 3421 3233 3469 et
3266 3412 3334 3467 ad
3368 3413 3540 3466 latro-

1964 3520 2258 3577 cinandum
2286 3530 2612 3575 conversus,
2661 3511 2868 3582 agmini
2927 3509 3206 3562 latronum
3241 3504 3436 3559 ducem
3484 3520 3545 3560 se

1965 3607 2220 3679 praebuit.
2251 3605 2356 3670 Qui
2382 3617 2508 3657 cum
2539 3600 2711 3654 multa
2750 3598 2958 3654 scelera
2985 3594 3372 3656 commisisset,
3406 3593 3544 3646 mul-

1965 3709 2166 3769 tasque
2191 3695 2368 3752 caedes
2401 3698 2696 3764 patrasset,
2731 3705 2863 3746 casu
2894 3687 3134 3760 quodam
3169 3685 3238 3740 ad
3283 3683 3546 3738 monasti-

1966 3807 2087 3849 cam
2122 3791 2289 3846 vitam
2325 3786 2627 3842 translatus
2661 3790 2765 3849 est,
2798 3797 2863 3837 ac
2888 3790 3113 3849 repente
3143 3777 3211 3832 ad
3253 3792 3536 3833 summum

1967 3879 2328 3954 philosophia:
2359 3875 2638 3946 fastigium
2691 3871 2888 3929 evasit.
2935 3867 3072 3924 Nam
3104 3866 3368 3938 quoniam
3401 3864 3546 3920 bona

1967 3973 2218 4043 corporis
2272 3966 2618 4029 habitudine,
2669 3977 2832 4034 quam
2881 3976 2947 4017 ex
2998 3960 3181 4030 priore
3219 3958 3366 4011 victu
3408 3970 3546 4010 con-

1969 4068 2232 4124 traxerat,
2266 4059 2447 4114 adhuc
2490 4055 2734 4117 fervens,
2775 4053 2842 4108 ad
2885 4049 3250 4118 cogitationes
3294 4045 3450 4102 foedae
3480 4043 3546 4097 li-

1969 4155 2177 4212 bidinis
2231 4149 2590 4210 incitabatur,
2645 4145 2796 4200 omni
2848 4137 3243 4210 philosophica:
3283 4134 3550 4190 exercita-

1972 4247 2141 4301 tionis
2165 4255 2365 4312 genere
2383 4253 2586 4304 corpus
2617 4249 2778 4291 suum
2811 4230 3128 4295 maceravit,
3181 4241 3327 4282 nunc
3353 4225 3551 4295 exiguo

1971 4351 2113 4409 pane
2144 4332 2406 4386 victitans
2437 4329 2558 4382 sine
2591 4323 2846 4387 obsonio,
2907 4335 3056 4374 nunc
3097 4316 3392 4389 plurimum
3421 4328 3548 4382 ope-

296 4401 556 4502 ﬁnépﬁot-
595 4430 893 4501 μεταϐολήν
919 4448 933 4460 ·
959 4401 962 4402 ν
986 4428 1129 4482 ὥστε
1179 4401 1383 4498 ’ἄκρουν
1422 4401 1519 4494 μὲν
1571 4401 1862 4492 ἐπιψαῦσαι

1973 4401 2050 4484 ris
2081 4424 2308 4483 faciens,
2333 4431 2610 4488 oransque
2654 4411 3048 4484 quinquagies;
3084 4405 3354 4461 interdum
3385 4401 3550 4458 etiam

300 4499 632 4595 μοναστικῆής
662 4499 977 4592 φιλοσοφίας
997 4560 1012 4586 ,
1060 4518 1294 4586 ἐξαίσιον
1320 4504 1378 4570 δὲ
1407 4515 1572 4586 φόϐον
1614 4517 1727 4577 τοῖς
1757 4514 1862 4568 δαί·

1976 4516 2208 4588 singulis
2241 4511 2494 4567 noctibus
2538 4517 2713 4570 stans,
2762 4518 2862 4574 per
2909 4517 3005 4558 sex
3050 4499 3341 4554 continuos
3373 4507 3552 4547 annos

302 4582 460 4686 μοσιν
486 4582 802 4684 ἐμποιῆσαι,
846 4582 1339 4681 καὶνπρεσϐύτερον
1383 4582 1634 4676 γενέσθαι
1676 4605 1784 4658 τῶν
1814 4608 1862 4659 ἐν

1977 4582 2191 4667 orabat,
2220 4616 2319 4656 nec
2348 4613 2524 4670 genua
2550 4596 2796 4657 ﬂectens,
2829 4606 2932 4646 nec
2973 4589 3165 4645 oculos
3193 4585 3453 4640 claudens
3482 4582 3552 4635 ad

299 4673 532 4777 ‘Ezﬁrat'
552 4673 818 4776 μονάχῶν.
863 4704 920 4756 '0
966 4673 1066 4774 μέν
1112 4699 1206 4756 οὖν
1239 4673 1479 4762 τοιοῦτος
1513 4699 1609 4758 ὢν,
1643 4696 1862 4760 πολλοὺς

1979 4707 2231 4753 somnum
2289 4685 2638 4758 capiendum.
2697 4681 3102 4748 Nonnunquam
3152 4673 3550 4729 monachorum

298 4762 828 4870 ἀρίστουςμαθζήτάς
869 4762 1208 4860 καταλιπὼν,
1239 4793 1384 4864 ἀμφὶ
1409 4790 1479 4844 τὰ
1503 4787 1862 4858 ἐϐδομήκοντα

1979 4786 2146 4842 cellas
2175 4790 2337 4837 noctu
2375 4775 2732 4840 circumiens,
2765 4769 2988 4845 hydrias
3037 4765 3379 4834 singulorum
3409 4762 3552 4817 clam

301 4855 397 4944 καὶ
431 4855 594 4944 πέντέ
616 4855 727 4960 ἐτη.
753 4855 991 4957 γεγονὼς
1017 4855 1388 4954 ἐτελεύτησεν.
1429 4883 1552 4936 Ἐπὶ
1582 4855 1784 4949 ταύτης
1817 4877 1862 4931 δέ

1983 4891 2126 4947 aqua
2157 4873 2439 4944 implebat.
2492 4866 2652 4934 Quod
2683 4865 2906 4937 quidem
2949 4859 3284 4917 laboriosum
3319 4861 3437 4911 erat
3467 4855 3554 4908 in-

299 4985 402 5054 τῆς
434 4945 709 5053 βασιλείας
737 4945 1190 5050 ἐγένετο-Παῦλος
1217 4945 1313 5029 καὶ
1347 4973 1564 5045 Παχὼν,
1608 4945 1862 5040 Στέφανός

1984 4945 2200 5037 primis.
2240 4962 2325 5017 Ab
2355 4960 2478 5014 aliis
2526 4957 2674 5013 enim
2707 4957 2897 5012 decem
2921 4993 2936 5018 ,
2989 4953 3058 5007 ab
3105 4950 3226 5005 aliis
3263 4945 3491 5018 viginti,
3523 4959 3553 4998 a

300 5037 488 5127 ,καί
513 5037 737 5142 Μωσῆς,
769 5037 936 5142 άμφω
959 5037 1186 5133 Λίϐυες,
1212 5066 1307 5120 καὶ
1334 5037 1486 5135 Πίωρ
1504 5066 1532 5117 ό
1558 5037 1862 5130 Αἰγύπτιος.

1983 5056 2312 5128 quibusdam
2339 5067 2470 5109 vero
2502 5049 2727 5120 triginta
2761 5053 2815 5102 et
2843 5043 3082 5114 amplius
3126 5040 3322 5096 stadiis
3363 5037 3556 5091 aberat

897 5162 996 5233 μὲν
1025 5161 1086 5214 ἐν
1116 5124 1307 5231 δέρμῃ
1330 5176 1346 5192 ο
1395 5124 1520 5227 ὅρος
1545 5156 1602 5208 δὲ
1625 5124 1786 5206 τοῦτο
1814 5153 1862 5206 ἐκ

1978 5124 2134 5203 locus
2170 5145 2284 5209 ille,
2309 5143 2450 5198 unde
2481 5154 2681 5210 aquam
2712 5135 3060 5191 hauriebant.
3093 5132 3192 5187 Diu
3222 5139 3404 5185 tamen
3440 5124 3554 5227 pri-

653 5214 858 5324 ’ῥέξουξ
883 5214 1250 5304 πεντακοσίων
1278 5214 1524 5318 άσκητὰς
1565 5243 1702 5313 έχων
1733 5242 1862 5314 (45).

1978 5240 2182 5297 stinum
2207 5236 2377 5291 robur
2406 5231 2635 5290 retinuit
2653 5271 2668 5297 ,
2709 5229 2837 5284 licet
2860 5226 3111 5298 plurimis
3134 5214 3550 5280 exercitationi-

1505 5395 1774 5455 VALESII
1811 5387 2359 5450 ANNOTATIONES.

376 5499 488 5570 (³2)
519 5499 795 5565 Πολλοὺς
838 5493 1381 5570 δὲ-ξιφκουργήσᾳς.
1416 5489 1627 5570 Melius,
1658 5495 1728 5570 .ut
1757 5487 1862 5567 opi-

1992 5560 2033 5570 _.
2056 5474 2745 5570 <1?).-Ieginrés..€xer;
2769 5457 3553 5570 Ειείεέιξπξίιίὶ..ἓιεξλίὲἐξὲξὲὶὲ

376 5528 488 5570 χιιι
519 5528 795 5565 ιιυγινιυυς
838 5528 904 5550 Ue
941 5528 1381 5564 ΙιυνιυυμιΊιυυιμ
1416 5528 1627 5552 ulva-ua,
1671 5528 1728 5540 η-
1758 5528 1844 5555 νγ-
2058 5528 2167 5549 κ-νι
2250 5528 2320 5532 --ν
2503 5528 2522 5542 ν
2600 5528 2637 5544 η
2831 5528 2845 5543 ,
2887 5528 2904 5543 ,
3252 5534 3263 5544 ,
3396 5530 3407 5541 ,

305 5584 432 5630 nor,
469 5572 802 5623 scriberetur
841 5567 1032 5637 πολλὰ,
1073 5561 1534 5637 qttem_admo_tlunl
1569 5558 1768 5637 legisse
1797 5556 1878 5637 vi-
1984 5560 2038 5637 et
2062 5548 2606 5637 Qhristophorsoyus
2631 5546 2744 5637 haec
3395 5528 3552 5637 inter

307 5602 399 5624 "Ul
469 5602 615 5622 διιιιυ
655 5602 667 5620 Ι
697 5602 708 5604 ‘
776 5602 791 5620 I
848 5602 1012 5620 Ohvnnu
1074 5602 1088 5619 ι
1115 5602 1534 5619 ιιυιιιιιυιιινυυ---
1571 5602 1612 5611 η,
1658 5602 1767 5611 ..ι-ι..
1808 5602 1848 5608 --
1991 5602 2034 5606 --
2077 5602 2158 5605 -νηί
2288 5602 2304 5617 ³

307 5609 466 5693 (Ιριιῖιι
500 5602 862 5705 Νἱοθῠρίἶοιίιιιε.
911 5602 1198 5690 εἶθὀίιίηι
1229 5634 1346 5686 haec
1385 5602 1672 5705 Sozomeﬁi
1713 5627 1876 5680 verba
1987 5617 2286 5705 lcxit.‘_Ego
2322 5631 2451 5705 vero
2485 5615 2606 5684 ἔχον
2665 5615 2719 5705 in
2765 5618 2960 5705 neutr'o
3012 5602 3361 5705 scribcpnduii'i
3385 5613 3550 5705 [pg-l2.

307 5668 456 5693 υειηι
500 5668 862 5705 ηιυῦμιμυιήῑιο-
911 5668 1002 5690 UH;
1053 5668 1198 5690 Ullllll
1229 5668 1346 5686 ιιωιι
1386 5668 1672 5683 υινυινιισνιιη
1723 5668 1862 5680 -ιιυι

307 5710 574 5777 expressit
611 5727 621 5762 :
649 5708 714 5760 [υ
727 5711 876 5762 εῖστα
903 5706 958 5760 δὲ
983 5705 1172 5761 ἀνόσια
1197 5700 1572 5773 εἰργασμένος,
1595 5705 1702 5750 etc.

1987 5668 2445 5745 Hi'i'c'réi-iiiursd
2477 5668 2664 5739 vocem
2695 5682 2839 5751 ὅρος.
2880 5677 3045 5748 quue
3069 5672 3356 5729 confirmat
3385 5668 3558 5723 Palla-
