4054 6188
545 271 686 328 13⁸19

1987 256 2331 317 SOZOMENI

3654 263 3802 318 15ῗο

531 393 636 449 bus
660 388 795 445 iliud
830 387 1083 458 frangere
1134 384 1460 450 studuisset,
1497 392 1552 440 et
1601 381 1841 439 assiduis
1877 380 2110 436 vexatio-

2218 376 2520 450 Είργάζετο
2569 379 2626 432 δέ
2671 378 2846 443 οὐδὲν,
2895 377 3016 432 οὐδὲ
3061 378 3333 449 ἐλάμϐανέ
3381 398 3432 432 τι
3487 378 3653 451 παρά
3695 396 3819 448 του,

532 482 696 538 nibus
741 495 940 548 corpus
988 486 1270 533 attereret.
1313 475 1488 530 Porro
1541 489 1665 530 cum
1717 475 1963 530 latrones
2011 474 2112 528 ali-

530 572 752 642 quando
813 571 866 624 iu
922 568 1110 623 cellam
1175 567 1229 621 in
1289 581 1396 637 qua
1443 566 1596 620 solus
1619 565 2113 635 pltilosophabatur

529 664 886 733 irrupissent,
939 657 1056 730 ipse
1105 665 1340 712 cunctos
1396 655 1880 727 comprehendisse
1931 671 1997 711 ac
2047 657 2114 710 li-

535 770 696 825 gasse
723 753 959 814 dicitur,
994 757 1048 806 et
1079 749 1333 820 quamvis
1361 757 1600 818 quatuor
1643 763 1873 805 numero
1904 757 2111 815 essent,

531 843 776 899 humeris
815 843 934 897 suis
988 841 1280 911 impositos
1332 840 1526 896 tulisse
1576 840 1645 894 ad
1691 840 2006 907 ecclesiam,
2048 853 2114 896 ac

530 934 760 1004 reliquis
789 930 1075 986 monachis
1105 929 1426 1000 permisisse
1455 940 1514 986 ut
1541 929 1611 986 de
1639 929 1754 984 illis
1784 937 2111 996 statuerent,

531 1026 751 1096 quando
796 1023 903 1094 ipsi
945 1023 1056 1092 jam
1089 1020 1246 1076 nefas
1274 1030 1420 1078 esset
1463 1035 1796 1092 quemquam
1830 1021 1976 1077 malo
2003 1021 2116 1076 alii-

532 1135 676 1175 cere.
709 1117 879 1170 Aiunt
913 1116 1059 1170 enim
1094 1116 1303 1170 nemini
1339 1128 1582 1185 unquam
1621 1114 1878 1169 talem.ac
1907 1121 2114 1170 tantam

531 1216 894 1271 mutationem
926 1229 992 1269 ex
1034 1214 1166 1267 vitio
1197 1213 1262 1267 ad
1288 1213 1549 1267 virtutem
1585 1207 1908 1280 contigisse,
1937 1220 2116 1278 quan-

532 1315 643 1362 tam
678 1306 769 1360 isti
797 1322 810 1360 :
849 1304 1052 1374 quippe
1095 1303 1190 1374 qui
1225 1305 1290 1358 ad
1324 1303 1544 1358 culmen
1598 1300 1916 1356 monasticae
1946 1297 2119 1369 philo-

533 1399 738 1468 50pltiae
782 1397 1134 1467 pervenerit,
1179 1403 1233 1448 et
1278 1393 1624 1450 daemonibus
1666 1393 1968 1448 maximum
2003 1398 2116 1444 ter-

534 1502 714 1542 rorem
777 1485 1117 1547 ineusserit,
1187 1490 1241 1537 et
1302 1480 1665 1537 Scetiensium
1721 1475 2118 1534 monachorum

532 1581 819 1649 presbyter
853 1575 1030 1630 factus
1062 1576 1154 1630 sit.
1200 1573 1378 1643 Atque
1415 1571 1504 1626 hic
1537 1570 1758 1641 quidem
1789 1573 1978 1623 tantus
2007 1565 2114 1629 vir,

534 1683 709 1723 annos
753 1668 974 1724 circiter
1010 1665 1356 1737 septuaginta
1403 1664 1647 1734 quinque
1691 1668 1878 1725 natus,
1929 1671 2120 1714 exces-

533 1759 607 1814 sit
651 1773 680 1813 e
729 1758 876 1820 vita,
920 1735 1112 1812 multis
1157 1753 1548 1826 praestantibus
1584 1749 1874 1822 discipulis
1906 1755 2030 1820 post
2057 1760 2117 1802 se
2146 1735 2190 1792 Β

532 1847 761 1902 relictis.
793 1846 994 1901 Eodem
1058 1845 1389 1913 imperatore
1426 1850 1695 1913 regnante
1736 1841 1876 1896 vixit
1914 1837 2118 1895 Paulus

533 1948 589 1992 et
650 1939 932 1998 Pachon;
1005 1935 1321 2005 Stephanus
1381 1936 1512 1990 item
1565 1948 1633 1989 ac
1684 1933 1886 1997 Moses,
1955 1931 2118 1986 ambo

534 2026 848 2099 Libyes;et
883 2027 1008 2080 Pior
1053 2025 1365 2096 Egyptius.
1412 2025 1491 2079 Ae
1526 2023 1732 2080 Paulus
1759 2022 1982 2093 quidem
2013 2021 2110 2077 de-

532 2119 694 2189 gebat
743 2118 796 2171 in
841 2115 1076 2180 Ferme,
1131 2115 1225 2185 qui
1285 2129 1444 2169 mons
1477 2121 1563 2169 est
1619 2113 1676 2168 in
1723 2111 1917 2178 Sceti;
1969 2109 2119 2166 haud

534 2209 822 2278 pauciores
877 2205 1193 2277 quingentis
1247 2203 1553 2260 monachos
1599 2202 1830 2258 habens.
1895 2199 2117 2255 Nullum

531 2299 690 2370 261
729 2299 820 2354 hic
865 2313 1004 2369 Opus
1054 2296 1311 2362 faciebat,
1365 2310 1468 2352 nec
1525 2295 1597 2351 ab
1643 2295 1756 2350 ullo
1813 2293 2122 2365 accipiebat

530 2391 860 2462 quidquam,
912 2397 1109 2461 praeter
1161 2403 1325 2460 quam
1367 2388 1515 2460 quod
1557 2402 1754 2445 esurus
1788 2394 1949 2442 esset.
1985 2384 2122 2441 Ora-

533 2483 669 2539 tioni
723 2491 936 2538 tantum
995 2483 1247 2546 vacabat,
1302 2489 1580 2537 trecentas
1617 2482 1922 2543 orationes,
1973 2478 2122 2534 velut

531 2575 799 2632 tributum
830 2573 1131 2646 quoddam,
1155 2573 1402 2645 quotidie
1426 2573 1744 2644 persolvens
1775 2571 1906 2626 Deo.
1944 2571 2022 2625 Ac
2049 2559 2119 2625 ne

532 2665 675 2722 forte
706 2668 989 2721 aberraret
1019 2665 1089 2719 ab
1114 2665 1326 2735 integro
1353 2678 1603 2730 numero,
1630 2661 1892 2717 trecentis
1919 2659 2118 2729 lapillis

531 2760 586 2815 in
615 2759 797 2816 sinum
838 2772 999 2815 suum
1030 2757 1332 2828 congestis,
1376 2756 1444 2812 ad
1479 2755 1730 2825 singulas
1772 2753 2117 2824 precationes

531 2852 778 2922 singulos
816 2849 1144 2922 projiciebat
1177 2849 1414 2918 lapillos.
1457 2845 1781 2917 Absumptis
1812 2845 2000 2913 itaque
2036 2843 2118 2898 la-

533 2942 706 3011 pillis,
739 2942 962 3009 planum
1011 2940 1177 2995 ﬁebat
1217 2941 1497 2994 orationes
1542 2949 1772 2990 numero
1809 2933 2114 3003 lapillorum

535 3031 771 3099 aequales
801 3030 913 3100 jam
953 3031 1256 3100 completas
1294 3044 1437 3084 esse.
1472 3026 1697 3094 Pachon
1727 3039 1949 3094 quoque
1985 3031 2115 3076 tunc

534 3121 799 3192 temporis
829 3123 883 3176 in
921 3121 1069 3177 Sceti
1095 3122 1334 3177 celebris
1371 3121 1495 3175 fuit.
1531 3119 1635 3185 Qui
1671 3133 1795 3172 cum
1823 3117 1891 3170 ab
1931 3113 2116 3169 adole-

536 3215 746 3270 scentia
790 3229 966 3283 usque
1011 3213 1077 3268 ad
1120 3215 1368 3267 ultimam
1419 3218 1754 3268 senectutem
1792 3209 2024 3263 vixisset
2056 3206 2112 3261 in

532 3306 848 3372 solitudine,
880 3314 1062 3361 tamen
1106 3321 1204 3360 nec
1237 3306 1380 3358 bona
1422 3303 1672 3373 corporis
1701 3300 1986 3361 habitudo,
2013 3313 2112 3354 nec

530 3395 868 3469 perturbatio
908 3394 1096 3456 animi,
1121 3409 1222 3447 nec
1263 3391 1502 3456 daemon,
1535 3391 1687 3445 circa
1722 3389 2109 3444 abstinentiam

528 3503 720 3544 eorum
755 3503 784 3541 a
811 3488 1010 3558 quibus
1043 3485 1424 3556 plriloSOpbum
1454 3482 1734 3536 abstinere
1769 3479 1947 3543 decet,
1985 3493 2109 3532 eum

530 3595 770 3649 unquam
818 3579 1072 3648 ignavum
1115 3575 1496 3646 deprehendit.
1540 3571 1662 3626 Jam
1708 3587 1840 3625 vero
1876 3569 2110 3640 Stepha-

530 3685 637 3725 nus
690 3670 838 3724 eirca
900 3669 1196 3722 Mareotem
1259 3666 1565 3730 habitabat,
1625 3662 1771 3719 haud
1833 3662 2024 3731 procul
2077 3673 2108 3712 a

530 3759 869 3815 Marmarice.
901 3760 1002 3824 Qui
1036 3775 1161 3813 cum
1193 3773 1384 3812 severa
1417 3772 1481 3810 ac
1508 3755 1912 3826 perfectissima
1946 3751 2109 3808 disci-

529 3851 674 3922 plina
710 3865 832 3906 sese
877 3850 1220 3904 exercuisset
1255 3863 1352 3918 per
1396 3861 1570 3901 annos
1611 3847 1925 3916 sexaginta,
1963 3845 2109 3902 cele-

527 3944 802 3998 berrimus
842 3940 1057 3997 exstitit
1111 3937 1438 4001 monachus,
1501 3945 1557 3992 et
1614 3951 1816 4005 magno
1866 3934 2108 3989 Antonio

529 4033 838 4090 familiaris.
895 4031 1019 4086 Fuit
1080 4039 1262 4085 autem
1323 4029 1476 4084 mitis
1523 4036 1580 4084 et
1631 4025 1927 4080 admodum
1975 4041 2105 4096 pru-

525 4126 685 4190 dens,
750 4125 804 4178 in
832 4123 1131 4192 colloquiis
1160 4120 1346 4176 suavis
1381 4128 1547 4191 atque
1592 4119 1764 4182 utilis,
1795 4127 1850 4173 et
1878 4117 1946 4171 ad
1985 4119 2102 4172 aui-

528 4234 646 4274 mos
687 4232 876 4272 eorum
926 4217 1018 4286 qui
1060 4215 1250 4270 dolore
1291 4212 1470 4269 aﬂ‘ccti
1509 4218 1715 4278 essent,
1752 4209 2102 4281 permulcen-

527 4309 628 4363 dos
665 4314 719 4361 et
747 4306 812 4360 ad
843 4306 1086 4360 laztitiam
1136 4301 1506 4357 traducendos
1537 4300 1880 4371 aptissimus,
1907 4311 2101 4368 quam-

2214 468 2352 540 πλὴν
2383 469 2506 523 ὅσον
2567 467 2774 540 ἤσθιεν.
2826 469 3040 540 Ηῦχετο
3077 470 3134 524 δὲ
3181 471 3362 542 μόνον,
3395 471 3591 547 ὥσπερ
3652 474 3825 545 φόρον

2210 559 2334 612 τινά
2357 559 2672 630 τριακοσίας
2696 559 2862 631 εὐχὰς
2894 561 3134 630 ἑκάστης
3166 562 3380 633 ἡμέρας
3413 563 3721 624 ἀποδιδοὺς
3746 564 3825 632 τῷ

2212 652 2352 723 Θεῷ.
2403 654 2519 706 Ἵνα
2579 653 2636 706 δέ
2698 653 2772 723 μὴ
2816 653 2996 706 λαθὼν
3052 653 3327 724 διαμάρτῃ
3377 654 3476 709 τοῦ
3529 655 3822 726 ἀριθμοῦ,

2211 747 2530 819 τριακοσίας
2555 745 2797 816 ψηφίδας
2833 743 2913 814 τῷ
2939 745 3126 814 κόλπῳ
3159 744 3465 816 ἐμϐάλλων,
3513 747 3648 800 καθ’
3692 749 3822 801 ἐκά-

2216 853 2345 908 στην
2376 835 2542 906 εὐχὴν
2587 833 2800 904 ψηφίδα
2831 835 3106 905 ἐκρίπτει.
3150 834 3566 888 ’Δναλωθέντων
3601 835 3670 889 δὲ
3715 836 3823 890 τῶν

2213 926 2396 992 λίθων,
2429 926 2586 997 δῆλον
2625 927 2840 994 ἐγένετο
2876 924 2978 988 τὰς
3011 925 3332 996 ἰσαρίθμους
3359 928 3474 990 τοῖς
3508 926 3694 989 λίθοις
3737 929 3825 979 εἰν-

2215 1017 2316 1088 χάς
2342 1014 2756 1086 πεπληρῶσθαι.
2789 1016 2900 1070 Καὶ
2927 1013 3126 1086 Παχὼν
3147 1015 3203 1068 δὲ
3224 1015 3347 1067 τότε
3381 1015 3438 1067 ἐν
3469 1017 3691 1086 Σκήτει
3749 1017 3824 1068 δι-

2229 1108 2490 1178 έπρεπεν,
2530 1107 2589 1160 ὃν
2619 1107 2686 1159 ἐκ
2741 1105 2862 1158 νέου
2895 1104 3059 1176 μέχρι
3103 1106 3289 1176 γήρως
3315 1104 3822 1174 πολιτευσάμενον,

2216 1199 2341 1253 οὔτε
2375 1199 2534 1269 σῶμα
2562 1194 2621 1252 εὖ
2657 1197 2816 1267 έχων,
2845 1196 2970 1250 οὕτε
2998 1196 3170 1261 πάθος
3193 1197 3393 1267 ψυχῆς,
3417 1197 3548 1250 οὒτε
3573 1198 3821 1268 δαίμων,

2215 1290 2476 1360 ἄνανδρον
2505 1289 2754 1360 ἐφώρασε
2785 1289 2914 1360 περὶ
2938 1289 3039 1359 τήν
3073 1289 3421 1359 ἐγκράτειαν.
3456 1283 3537 1344 ὧν
3562 1289 3653 1344 δεῖ
3681 1308 3821 1360 κρα-

2215 1385 2330 1436 τεῖν
2353 1382 2443 1437 τὸν
2472 1381 2782 1451 φιλόσοφον.
2819 1381 3091 1451 Στέφανος
3125 1382 3182 1436 δὲ
3211 1383 3342 1453 περὶ
3367 1381 3460 1436 τὸν
3493 1383 3820 1454 Μαρεὼτην

2216 1475 2318 1546 τὴν
2343 1474 2555 1546 οἴκησιν
2587 1471 2754 1545 εἶχεν,
2783 1475 2884 1528 οὐκ
2910 1474 3132 1529 ἄπωθεν
3163 1475 3263 1545 τῆς
3288 1475 3715 1546 Μαρμαρικῆς.
3741 1477 3819 1528 Δι’

2218 1566 2481 1639 ἀκριὸοὖς
2507 1567 2564 1620 δὲ
2591 1568 2688 1620 καὶ
2716 1567 3060 1636 τελειοτάτης
3085 1567 3340 1638 χωρήσας
3371 1567 3702 1637 ἀσκήσεως,
3726 1571 3797 1622 ἐπ

2221 1659 2486 1731 ἑξήκοντα
2535 1657 2744 1724 ἐτεσιν,
2797 1656 3230 1728 εὐδοκιμώτατος
3269 1657 3494 1726 ἐγένετο
3551 1661 3817 1729 μοναχδς,

2219 1752 2314 1805 καὶ⁵
2373 1751 2641 1822 ’Δντωνίῳ
2689 1749 2768 1820 τῷ
2820 1749 3041 1821 μεγάλῳ
3087 1748 3384 1821 γνώριμος.
3447 1748 3716 1817 Ἐγένετο
3761 1750 3817 1802 δὲ

2219 1845 2412 1914 πρᾶος,
2443 1844 2537 1898 καὶ
2564 1843 2726 1913 σοφὸς
2760 1845 2839 1907 είς
2863 1842 3024 1911 ἀγαν,
3051 1843 3148 1896 καὶ
3175 1843 3232 1895 ἐν
3258 1842 3379 1904 ταῖς
3412 1840 3666 1912 ὁμιλίαις
3685 1842 3818 1912 ἡδὺς

2217 1935 2310 1988 καὶ
2337 1934 2636 2004 ὠφέλιμος,
2690 1934 2784 1987 καὶ
2832 1932 3013 1996 ἱκανὸς
3043 1932 3141 1997 τὰς
3169 1931 3276 1985 τῶν
3306 1932 3678 2003 λυπουμένων
3718 1934 3816 2003 ψυ-

2219 2025 2318 2097 χὰς
2350 2027 2556 2096 κηλεῖν,
2588 2025 2682 2079 καὶ
2710 2025 2805 2079 ἐπὶ
2835 2024 2896 2078 τὸ
2924 2023 3160 2095 εὔθυμον
3194 2022 3583 2094 μεταϐάλλειν,
3632 2028 3688 2079 εί
3720 2028 3808 2080 καί

2219 2118 2543 2186 ἀναγκαίαις
2594 2116 2792 2180 λύπαις
2887 2115 3423 2187 προκατειλημμένοι
3481 2116 3808 2187 ἐτύγχανον.

2219 2208 2472 2271 Τοιοῦτος
2491 2208 2550 2262 δέ
2575 2203 2642 2279 ἦν
2671 2208 2766 2262 καὶ
2796 2207 2925 2278 περὶ
2951 2205 3050 2270 τὰς
3073 2207 3278 2271 οἰκείας
3301 2209 3618 2278 συμφοράς.
3653 2209 3813 2278 Ἀμέ-

2217 2300 2300 2353 λει
2325 2297 2562 2371 χαλεποῦ
2593 2299 2690 2352 καὶ
2733 2299 2952 2353 ἀνιάτου
2985 2296 3190 2361 πάθους
3227 2298 3612 2369 ἐνσκήψαντος
3636 2297 3809 2368 αὐτῷ,

2217 2391 2288 2444 τά
2319 2390 2687 2461 διεφθαρμένα
2714 2389 2849 2460 μέλη
2877 2391 2988 2453 τοῖς
3017 2390 3217 2458 ἰατροῖς
3249 2387 3474 2460 τέμνειν
3503 2389 3808 2461 παραδοὺς,

2219 2481 2506 2555 εἰργάζετο
2540 2484 2663 2546 ταῖς
2696 2483 2853 2554 χερσὶ
2891 2482 3066 2552 φύλλα
3103 2481 3360 2550 φοινίκων
3399 2480 3650 2538 πλέκων.
3701 2482 3810 2536 Καὶ

2218 2577 2331 2636 τοῖς
2362 2572 2600 2646 παροῦσι
2636 2571 2983 2628 συνεϐούλευε
3020 2573 3094 2645 μὴ
3121 2572 3409 2644 δυσφορεῖν
3435 2573 3537 2626 ἐπὶ
3566 2575 3685 2635 τοῖς
3712 2574 3810 2626 αὖ·

2217 2665 2314 2718 τοῦ
2342 2666 2559 2731 πάθεσι,
2600 2664 2734 2736 μηδὲ
2765 2664 2892 2719 ἄλλο
2923 2682 2976 2719 τι
3003 2665 3348 2729 διανοεῖσθαι,
3376 2665 3522 2735 πλὴν
3551 2666 3638 2719 ὅτι
3672 2667 3809 2736 πρὸς

2215 2755 2369 2819 τέλος
2390 2756 2624 2828 χρηστὸν
2658 2757 2894 2820 πάντως,
2919 2755 2957 2810 ἃ
2982 2757 3127 2808 ποιεῖ
3151 2758 3179 2808 6
3207 2755 3360 2824 Θεὸς,
3387 2755 3639 2810 ἐκϐαίνει
3665 2774 3681 2788 ·
3717 2759 3810 2812 καὶ

2218 2848 2367 2919 αύτῷ
2421 2849 2685 2902 συνοίσειν
2731 2848 2987 2903 τοιούτων
3033 2849 3368 2921 πειραθῆναι
3429 2849 3658 2914 παθῶν,
3716 2853 3808 2905 καὶ

2219 2939 2358 3010 ὑπὲρ
2390 2940 2804 3010 ἁμαρτημάτων
2841 2939 2989 3003 ἴσως,
3033 2934 3110 2994 ὧν
3135 2939 3322 2993 ἕνεκεν
3348 2940 3579 3011 ἄμεινον
3618 2941 3809 2995 ἐνθάδε

2218 3029 2416 3082 διδόναι
2451 3029 2628 3102 δίκην,
2658 3031 2691 3100 ἢ
2723 3030 2862 3100 μετὰ
2896 3031 2994 3101 τὴν
3023 3030 3204 3101 βιοτὴν
3238 3031 3464 3102 ταύτην.
3508 3033 3728 3103 Μωσῆς
3752 3032 3808 3086 ἃ

2217 3119 2484 3188 πραότητι
2514 3121 2608 3173 καὶ
2633 3121 2824 3192 ἀγάπῃ
2849 3118 3140 3190 ὑπερφυῶς
3169 3119 3594 3191 εὐδοκιμηκέναι
3627 3140 3809 3194 παραυ

2211 3208 2441 3272 δέδοται,
2471 3210 2566 3263 καὶ
2601 3211 2778 3264 ίάσεσι
2823 3211 3012 3264 παθῶν
3046 3211 3180 3282 εὐχῇ
3210 3213 3707 3283 κατορθουμέναις.
3748 3219 3808 3273 ’0

2211 3298 2266 3350 δὲ
2295 3300 2447 3370 Πίωρ
2475 3303 2540 3352 ἐκ
2558 3301 2679 3353 νέου
2705 3301 3013 3369 φιλοσοφεῖν
3034 3300 3311 3369 ἐγνωκὼς,
3337 3303 3505 3373 ἡνίκα
3531 3304 3627 3358 διὰ
3648 3306 3809 3360 τοῦτο

2211 3391 2304 3443 τοῦ
2352 3391 2606 3463 πατρῴου
2657 3391 2807 3445 οἴκου
2855 3392 3064 3463 ἐξῆλθε,
3109 3392 3362 3446 συνέθετο
3401 3396 3482 3464 τῷ
3525 3397 3673 3466 Θεῷ,
3709 3398 3803 3452 τοῦ

2211 3481 2400 3534 λοιποῦ
2457 3482 2662 3553 μηδένα
2680 3483 2788 3536 τῶν
2811 3483 3026 3536 οίκείων
3055 3483 3280 3553 ὄψεσθαι
3305 3501 3320 3516 °
3352 3486 3495 3555 μετά
3514 3485 3578 3539 δὲ
3604 3492 3804 3557 πεντή-

2211 3590 2376 3626 κοντα
2421 3573 2514 3644 ἔτη
2568 3573 2798 3627 ἐπύθετο
2847 3573 3009 3627 αὐτὸν
3059 3576 3092 3644 ή
3138 3574 3342 3645 ἀδελφὴ
3388 3574 3512 3647 ζῇν.
3557 3578 3699 3632 Ὑπὸ
3745 3580 3800 3633 δὲ

2211 3668 2386 3737 χαρᾶς
2418 3667 2656 3738 ἀμέτρου
2691 3667 3002 3738 παραλόγου
3035 3667 3320 3738 μηνύσεως
3353 3670 3797 3739 καταπλαγεῖσα,

2209 3756 2437 3826 ἠρεμεῖν
2477 3756 2578 3810 οὐκ
2606 3756 2854 3826 ήδύνατο,
2902 3760 2951 3810 εί
3007 3759 3082 3830 μὴ
3131 3759 3386 3813 θεάσαιτο
3414 3760 3507 3814 τὸν
3539 3763 3792 3832 ἀδελφόν.

2222 3844 2656 3918 Ὀλοφυρομένην
2678 3848 2735 3900 δὲ
2760 3851 2856 3900 καὶ
2885 3848 3274 3904 ἀντιϐολοῦσαν
3299 3853 3358 3904 ἐν
3385 3852 3534 3924 γήρᾳ
3563 3854 3795 3924 ἐλεήσας

2205 3941 2234 3992 6
2262 3940 2391 4009 παρ’
2414 3940 2593 4002 αὐτοῖς
2619 3939 2936 4003 ἐπίσκοπος,
2961 3939 3163 4014 ἔγραψε
3189 3945 3301 4008 τοῖς
3325 3945 3657 4014 ἡγουμένοις
3687 3949 3795 4000 τῶν

2207 4031 2264 4082 ἐν
2294 4031 2483 4100 ἐρήμῳ
2511 4029 2781 4099 μοναχῶν,
2814 4031 3093 4102 ἐκπέμψαι
3119 4033 3210 4087 τὸν
3243 4035 3417 4106 Πίωρ.
3454 4037 3704 4092 ’Δπιέναι
3738 4041 3790 4091 δὲ

2206 4121 2588 4192 προσταχθεὶς,
2629 4123 2729 4174 οὐκ
2763 4121 2901 4192 ἔχων
2937 4125 3210 4178 ἀντειπεῖν
3234 4144 3247 4156 ο
3291 4127 3352 4179 ού
3380 4127 3487 4196 γὰρ
3514 4129 3678 4199 θέμις
3705 4135 3791 4182 ΑΞ.

2204 4213 2458 4280 γυπτίοις
2481 4217 2755 4284 μοναχοῖς,
2791 4209 2943 4285 οἶμαι
2967 4216 3023 4268 δὲ
3051 4218 3142 4270 καὶ
3175 4221 3288 4282 τοῖς
3315 4219 3517 4285 ἄλλοις,
3540 4221 3788 4274 ἀπειθεῖν

2203 4306 2313 4367 τοῖς
2354 4306 2796 4375 ἐπιταττομένοις
2823 4325 2837 4340 ο
2885 4306 3217 4378 παραλασών
3252 4327 3394 4375 τινα,
3436 4312 3672 4380 ἀφίκετο
3711 4317 3788 4376 εἰς

525 4405 608 4454 vis
666 4400 823 4454 dolor
858 4411 1050 4452 eorum
1103 4411 1342 4464 prorsus
1397 4393 1747 4449 necessarius
1800 4390 2096 4445 videretur.

2211 4395 2299 4465 τὴν
2334 4395 2566 4467 πατρίδα
2592 4413 2606 4427 ο
2655 4399 2750 4451 καὶ
2797 4398 2927 4462 στὰς
2976 4399 3084 4471 πρὸ
3127 4401 3226 4470 τῆς
3275 4401 3539 4474 πατρῴας
3580 4406 3782 4468 οίκίας,

525 4491 644 4560 ipse
673 4503 891 4560 quoque
924 4488 999 4542 ita
1030 4486 1257 4542 allectus
1282 4493 1400 4542 erat
1423 4486 1478 4538 in
1514 4484 1632 4539 suis
1669 4479 2096 4536 calamitatibus.

525 4581 660 4636 Nam
697 4598 822 4636 cum
857 4596 1022 4651 grave
1064 4579 1336 4648 quoddam
1387 4585 1442 4631 et
1488 4573 1794 4630 insanabile
1850 4571 2007 4626 ulcus
2047 4569 2095 4623 ei

522 4672 884 4742 contigisset,
945 4677 1207 4740 corrupta
1263 4667 1512 4737 corporis
1565 4664 1809 4719 membra
1863 4660 2097 4715 secanda

469 4823 484 4838 ί
524 4761 752 4816 medicis
806 4762 1064 4830 praebuit,
1124 4763 1243 4831 ipse
1308 4758 1530 4814 interim
1583 4770 1724 4826 opus
1778 4753 2010 4819 faciens,
2043 4759 2096 4808 et

523 4851 828 4922 palmarum
856 4851 986 4906 folia
1014 4850 1269 4905 manibus
1307 4848 1424 4904 suis
1457 4854 1668 4901 texens.
1710 4842 2094 4914 Suadebatque

523 4940 894 5004 adstantibus,
936 4957 1005 4996 ne
1040 4943 1110 4996 ob
1145 4941 1322 5011 ipsius
1365 4939 1505 4995 mala
1546 4953 1780 4993 mmrore
1815 4937 2093 4991 alliceren-

521 5041 630 5098 tur,
652 5045 788 5085 neve
826 5031 972 5086 aliud
1001 5031 1302 5102 quidquam
1333 5031 1657 5102 cogitarent,
1693 5044 1856 5098 quam
1882 5043 1945 5082 ea
1969 5043 2092 5096 quae

520 5141 553 5179 a
582 5123 693 5179 Deo
719 5123 877 5189 lium,
916 5123 1123 5180 bOnum
1163 5139 1379 5196 semper
1407 5125 1614 5178 exitum
1653 5121 1841 5176 sortiri
1876 5138 1888 5174 :
1920 5119 2090 5188 idque

2198 4488 2465 4557 ἐμήνυσεν
2519 4486 2853 4558 ἐληλυθέναι.
2929 4490 3078 4544 Ἐπεὶ
3121 4489 3177 4543 δὲ
3222 4490 3416 4561 ψοφεῖν
3461 4493 3564 4563 τὴν
3613 4494 3783 4564 θύραν

2195 4578 2411 4648 ᾔσθετο,
2440 4577 2615 4647 μύσας
2636 4580 2761 4642 τοὺς
2782 4579 3115 4650 ὀφθαλμοὺς,
3135 4584 3395 4654 ὀνομαστὶ
3419 4584 3520 4656 τὴν
3547 4586 3782 4657 ἀδελφὴν

2197 4668 2526 4740 προσειπὼν,
2587 4669 2749 4738 Ἐγὼ,
2798 4671 2924 4742 ἔφη,
2958 4674 3110 4744 Πίωρ
3157 4676 3185 4726 6
3234 4675 3324 4740 σὸς
3367 4677 3623 4746 ἀδελφόςο
3653 4679 3783 4732 ἀλλά

2193 4761 2316 4814 ὅσον
2360 4760 2569 4829 βούλει,
2614 4762 2885 4816 κατανόει.
2925 4764 2990 4816 Ἦ
3036 4766 3134 4835 μὲν
3162 4763 3256 4820 οὖν
3300 4764 3566 4838 ήᾶθεῖσα,
3625 4771 3781 4842 χάριν

2199 4852 2465 4922 ὡμολόγει
2497 4851 2575 4923 τῷ
2601 4852 2719 4924 Θεῷ
2745 4871 2760 4886 ·
2805 4857 2834 4908 6
2859 4854 2918 4907 δέ
2948 4857 3098 4928 παρὰ
3136 4856 3233 4929 τήν
3256 4858 3426 4931 θύραν
3458 4861 3774 4932 εὐξάμενος,

2197 4944 2525 5014 ἀνέστρεψεν
2557 4948 2636 5009 εἰς
2659 4947 2751 5000 τὸν
2784 4948 2946 5001 τόπον
2975 4951 3032 5002 ἐν
3061 4944 3106 5020 ᾧ
3133 4951 3284 5022 ᾤκει.
3314 4953 3484 5007 Ἔνθα
3512 4955 3577 5026 δὴ
3603 4957 3774 5028 φρέαρ

2195 5034 2414 5104 ὀρύξας,
2459 5038 2653 5107 πικρὸν
2693 5032 2820 5108 εὗρε
2856 5040 2917 5094 τδ
2959 5040 3126 5112 ὕδωρ.
3172 5043 3283 5096 Καὶ
3323 5044 3488 5115 μέχρι
3517 5046 3772 5114 τελευτῆς

2197 5125 2456 5195 ὑπέμεινε
2493 5128 2605 5198 (ad)
2648 5129 2820 5202 τούτῳ
2847 5131 3203 5202 κεχρημένος.
3257 5133 3318 5187 ’0
3348 5134 3408 5187 δέ
3445 5135 3586 5189 αετά
3609 5135 3770 5189 ταῦτα

1674 5299 1944 5357 VALESll
1976 5301 2512 5359 ANNOTATIUNES

520 5453 648 5540 diu's
670 5455 725 5508 in
757 5454 1027 5511 Lausiaca
1050 5469 1173 5525 cap.
1196 5455 1455 5531 25;Ὅρος
1479 5461 1538 5514 ἐν
1561 5463 1640 5583 τῇ)
1656 5459 1914 5530 Αἰγύπτῳ
1936 5461 2084 5514 ἐστὶν

520 5526 727 5583 ἀπαγον
762 5527 852 5578 ἐπὶ
873 5526 972 5583 τὴν
1003 5525 1238 5583 Σκήτην.
1267 5531 1296 5583 ὃ
1329 5528 1570 5583 καλεῖται
1645 5533 1808 5583 έοιιηο
1838 5533 1896 5582 ἐν
1915 5532 2084 5583 τούτω

518 5525 727 5603 ἀπάγον
762 5527 852 5603 ἐπὶ.
872 5526 972 5603 τήν
1003 5525 1238 5603 Σκήτην,
1267 5531 1296 5584 ὃ
1329 5525 1570 5603 καλεῖται
1598 5525 1896 5603 ᾧέᾲρμηοέἐν
1915 5532 2085 5603 τούτῳ

518 5595 594 5661 τῷ
619 5595 733 5672 ὄρει
753 5595 1184 5672 καθέζονται
1209 5599 1554 5672 πεντακόσιοι
1593 5595 1785 5671 ἄνδρες
1809 5595 2084 5672 ἀσκούμεέ

518 5660 618 5714 νοι·
644 5660 701 5717 ἐν
738 5660 818 5729 οἷς
850 5667 942 5719 καὶ
969 5666 1180 5731 Παῦλός
1201 5685 1283 5733 τις
1316 5671 1566 5740 μοναχός,
1603 5660 1709 5728 etc.

2264 5463 2375 5531 (Η)
2402 5461 2590 5530 Μέχρι
2615 5460 2902 5534 τελευτῆς
2929 5463 3114 5518 ἔπινε.
3148 5461 3488 5534 Nort_dubito
3507 5465 3642 5534 quin
3673 5463 3764 5518 So-

2195 5546 2460 5603 rlomenus
2487 5534 2768 5603 scripserit
2787 5533 3063 5603 ἐπέμεινε.
3084 5536 3245 5589 Certe
3261 5531 3604 5603 Nicephorus
3627 5536 3761 5587 hunc

2197 5601 2482 5672 Sozomeni
2504 5603 2678 5672 locum
2703 5601 3097 5672 describensin
3116 5619 3238 5672 cap.
3262 5604 3349 5665 57,
3381 5601 3475 5658 lib.
3513 5621 3575 5666 tt,
3607 5607 3762 5656 halat

2201 5670 2614 5740 παρέμενε.Νθο
2641 5672 2798 5725 aliter
2821 5671 3097 5729 Palladius
3118 5670 3489 5740 inLausiaca,
3519 5690 3641 5745 cap.
3673 5674 3761 5726 δί.
