4054 6188
289 321 419 376 £33!

1257 314 1582 372 HISTORIA
1619 308 2176 370 ECCLESIASTICA.
2217 339 2286 350 —
2325 308 2454 363 LIB.
2498 307 2584 365 Vl.

3407 309 3544 366 438?.

281 445 468 516 χρόνος
491 484 506 508 ,
545 441 608 496 τὸ
647 438 983 512 ύπερϐάλλον
1029 438 1278 506 ἀπέδειξε
1317 440 1415 509 τῆς
1458 436 1623 492 αὐτοῦ
1663 439 1858 509 ἐγκρα-

1971 431 2077 488 sibi
2118 430 2250 485 utile
2299 428 2439 494 fore,
2477 426 2628 499 quod
2666 435 2817 483 tanta
2855 425 3211 483 sustinuisset
3248 427 3389 482 mala
3413 469 3429 496 ,
3477 443 3544 486 ac

279 536 451 598 τείας.
494 533 649 586 Ἐπεὶ⁵
683 531 789 604 γὰρ
820 531 1160 602 ἐτελεύτησε,
1203 531 1412 585 πολλῶν
1443 531 1860 585 σπουδασάντων

277 626 338 677 ιν
364 623 444 694 τῷ
475 619 624 690 αὐτῷ
656 620 808 690 τόπῳ
840 619 1174 689 φιλοσοφεῖν,
1219 620 1395 682 οὐδεὶς
1444 619 1676 689 ὑπέστη.
1718 616 1862 686 Ἐγὼ

275 715 334 768 δὲ
373 715 450 777 ὡς
500 712 738 784 ἐμαυτὸν
782 710 978 778 πείθω,
1023 712 1072 764 εί
1121 711 1194 782 μὴ
1235 711 1332 766 καὶ
1355 709 1530 781 τούτῳ
1564 708 1643 780 τῷ
1673 709 1861 780 τρόπῳ

277 804 591 874 φιλοσοφεῖν
620 803 878 871 ἔγνωκεν,
929 802 990 856 ού
1033 801 1270 873 χαλεπὸν
1295 797 1363 873 ἦν
1399 799 1548 870 αὐτῷ
1575 799 1860 870 εὐξαμένῳ

278 896 606 969 μεταϐαλεῖν
630 895 692 949 τὸ
720 895 867 966 ὕδωρ
896 895 976 958 είς
1004 894 1193 964 γεῦσιν
1213 893 1469 969 γλυκεῖαν
1499 910 1512 924 °
1543 893 1744 961 ὄπουγε
1765 893 1861 946 καὶ

277 967 354 1060 μὴ
401 987 464 1040 ὃν
500 985 850 1040 παντάπασιν
895 983 1194 1039 ἀναϐλύσαι
1217 967 1493 1054 ἐποίησεν.
1539 981 1754 1052 Ἀμέλει
1775 998 1859 1036 τοι

275 1078 492 1148 λέγεται
521 1095 650 1131 ποτε
681 1077 742 1130 τὸ
768 1076 942 1148 φρέαρ
965 1076 1291 1147 ὀρύσσοντας
1313 1075 1440 1138 τοὺς
1467 1073 1609 1144 ἀμφὶ
1630 1074 1856 1140 Μωσέα,

277 1169 416 1240 μήτε
442 1169 541 1238 τῆς
573 1165 1027 1238 προσδοκωμένης
1067 1163 1282 1234 φλεϐὸς,
1317 1165 1454 1235 μήτε
1485 1164 1631 1227 τινὸς
1663 1162 1859 1234 βάθους

274 1258 336 1312 τὸ
361 1256 505 1327 ὕδωρ
537 1255 894 1319 ἀναδιδόντος,
934 1255 1149 1325 μέλλειν
1179 1253 1240 1307 τὺ
1275 1254 1435 1326 ἔργον
1471 1255 1856 1327 ἀπαγορεύειν.

285 1346 617 1402 Ἐπιστάντα
645 1345 702 1398 δὲ
724 1344 909 1408 αὐτοῖς
938 1345 1089 1414 παρά
1116 1344 1291 1415 μέσην
1322 1344 1538 1416 ἡμέραν
1564 1345 1655 1399 τὸν
1683 1345 1856 1418 Πίωρ,

273 1441 368 1496 καὶ
396 1439 664 1511 πρότερον
693 1438 1101 1508 ἀσπασάμενον,
1130 1437 1386 1491 ὀνειδίσαι
1411 1438 1733 1494 δυσπιστίαν
1767 1442 1859 1495 καὶ

275 1529 660 1601 μικροψυχίαν·
695 1528 1029 1583 κατελθόντα
1053 1529 1110 1583 δὲ
1137 1531 1216 1594 είς
1236 1530 1336 1602 τὴν
1355 1533 1560 1604 τάφρον
1575 1530 1854 1600 εὔξασθαι,

273 1623 369 1676 καὶ
416 1623 572 1694 δρυγι
617 1623 800 1693 τρίτον
845 1622 1047 1694 πλῆξαι
1087 1622 1189 1694 τὴν
1237 1625 1363 1694 γῆν.
1410 1625 1760 1696 Παραχρῆμα
1798 1626 1857 1680 δὲ

271 1709 574 1766 ἀναϐλύσαι
626 1713 687 1763 τὸ
739 1710 924 1782 ὕδωρ,
979 1711 1075 1765 καὶ
1123 1711 1224 1782 τὴν
1274 1711 1481 1783 τάφρον
1547 1713 1852 1785 πληρῶσαι.

1968 523 2209 580 fortasse
2237 536 2336 593 pro
2369 521 2614 592 peccatis
2645 521 2788 585 suis,
2859 533 2960 590 pro
2991 518 3197 589 quibus
3231 520 3319 575 hic
3349 536 3542 590 pmnas

1967 611 2103 668 dare
2143 611 2320 667 satius
2372 610 2560 675 fuerit,
2607 624 2773 680 quam
2809 617 2934 679 post
2967 609 3109 662 hanc
3138 609 3326 664 vitam.
3366 610 3544 668 Moses

1964 717 2098 760 vero
2132 701 2560 758 mansuetudine
2593 708 2649 756 et
2679 698 2968 763 eharitate.
2998 706 3054 754 et
3090 699 3412 770 languorutn
3451 715 3548 754 cu-

1966 795 2279 850 rationibus
2311 808 2452 865 quos
2484 793 2732 848 oratione
2761 792 2878 848 sola
2903 790 3157 860 pellebat,
3193 805 3304 860 prae
3335 792 3544 846 caeteris

1967 887 2302 942 inclaruisse
2335 891 2698 940 memoratur.
2747 883 2819 938 At
2846 881 2995 947 Pior,
3035 895 3163 938 cum
3204 880 3275 936 ab
3321 881 3546 937 ineunte

1965 984 2128 1034 aetate
2163 975 2550 1048 philosophari
2581 975 2942 1041 decrevisset,
2981 975 3102 1045 ejus
3131 973 3211 1030 rei
3236 987 3403 1030 causa
3447 988 3546 1043 pa-

1967 1069 2144 1126 ternis
2168 1068 2382 1126 :edibus
2431 1083 2713 1139 egressus,
2768 1067 3067 1139 spopondit
3100 1065 3234 1130 Deo,
3283 1079 3344 1120 se
3391 1065 3546 1120 dein-

1963 1177 2098 1235 ceps
2133 1164 2414 1218 neminem
2459 1178 2528 1218 ex
2562 1162 2892 1234 propinquis
2933 1161 3184 1216 visurum
3231 1173 3382 1213 esse.
3414 1156 3546 1212 Post

1965 1256 2371 1328 quinquaginta
2401 1271 2534 1312 vero
2561 1271 2758 1320 annos,
2794 1269 2953 1312 soror
2983 1254 3180 1324 ipsius,
3225 1265 3350 1305 cum
3387 1250 3546 1305 audi-

1963 1353 2140 1409 visset
2172 1368 2299 1408 eum
2338 1353 2543 1418 vivere,
2577 1369 2690 1424 prae
2719 1352 3085 1408 immoderato
3127 1347 3328 1420 gaudio
3361 1346 3547 1416 inspe-

1964 1444 2070 1498 rati
2107 1444 2286 1500 nuntii
2325 1445 2631 1514 stupefacta
2661 1485 2676 1510 ,
2707 1444 2996 1514 quiescere
3023 1455 3134 1496 non
3166 1445 3403 1508 poterat,
3431 1436 3541 1492 nisi

1965 1533 2191 1590 fratrem
2232 1535 2465 1590 videret.
2501 1535 2678 1602 Quam
2731 1536 2785 1590 in
2831 1534 2998 1591 senili
3047 1541 3206 1589 aetate
3241 1533 3546 1586 lamentan-

1964 1633 2072 1680 tem
2118 1641 2182 1680 ac
2219 1627 2620 1696 supplicantem
2654 1626 2952 1682 miseratus
2990 1625 3111 1695 ejus
3154 1623 3394 1694 regionis
3426 1621 3544 1691 epi-

1965 1731 2188 1787 sc0pus,
2227 1719 2451 1788 scripsit
2486 1717 2552 1773 ad
2586 1717 2849 1788 praesides
2880 1717 3275 1772 monachorum
3309 1717 3365 1770 in
3396 1713 3543 1771 Secti

285 1802 440 1853 Ἐπεὶ
495 1801 554 1854 δὲ
619 1801 915 1873 εὐξάμενος
967 1801 1172 1874 ἀπῄει,
1229 1803 1499 1875 δεομένων
1561 1805 1670 1859 τῶν
1716 1807 1858 1876 ἀμφὶ

1963 1807 2300 1880 degentium,
2331 1817 2393 1863 ut
2427 1808 2642 1865 Piorem
2678 1811 2980 1865 mitterent.
3015 1807 3119 1876 Qui
3155 1807 3541 1877 abirejussus,

273 1895 477 1948 Mwaéa
533 1894 834 1962 γεύσασθαι
903 1893 1035 1966 παρ’
1096 1895 1320 1961 αὐτοῖς,
1390 1895 1491 1949 οὐκ
1563 1894 1858 1966 ἠνέσχετο,

1963 1915 2086 1954 cum
2125 1901 2396 1970 refragari
2447 1917 2558 1955 non
2621 1901 2848 1955 auderet
2887 1918 2902 1956 :
2956 1899 3112 1955 nefas
3156 1900 3303 1954 enim
3342 1899 3547 1953 habent

272 1985 452 2054 φήσας
499 1984 574 2056 μὴ
593 1985 705 2040 ,ἐπὶ
740 1984 915 2056 τούτῳ
939 1985 1297 2052 ἀπεστάλθαι,
1349 1983 1582 2056 ἠνύσθαι
1613 1985 1671 2039 δὲ
1697 1985 1784 2054 ἐφ’
1816 1979 1858 2053 ᾧ

1963 1987 2232 2060 Egyptii,
2261 1990 2469 2059 aliique
2503 2005 2716 2054 omnes,
2751 1998 2810 2044 ut
2846 1990 3065 2060 opinor,
3109 1989 3394 2054 monachi,
3418 1988 3544 2058 jus-

275 2073 423 2147 ἦλθε·
1961 2082 2041 2135 sis
2083 2095 2191 2135 non
2223 2081 2608 2152 obtemperare
2650 2099 2662 2134 :
2705 2081 2969 2151 adjuncto
3009 2079 3116 2136 sibi
3169 2081 3371 2136 comite
3419 2093 3544 2148 per-

273 2173 415 2225 rexit
439 2174 494 2227 in
530 2174 790 2243 patriam.
825 2173 1075 2244 Cumque
1142 2187 1243 2244 pro
1281 2173 1497 2229 foribus
1537 2180 1896 2244 paternarum
1975 2175 2172 2230 adium
2221 2182 2414 2241 staret,
2470 2175 2752 2230 nuntiavit
2803 2190 2863 2231 se
2914 2174 3128 2231 adesse.
3171 2173 3309 2229 Cum
3363 2179 3544 2227 autem

271 2269 561 2337 strepitum
593 2269 776 2340 januze
801 2270 1096 2335 sensisset,
1130 2268 1341 2325 clausis
1380 2268 1580 2334 oculis,
1649 2283 1896 2323 sororem
1967 2271 2290 2324 nominatim
2349 2271 2630 2325 allocutus
2660 2265 2690 2324 ε’
2736 2268 2868 2341 Ego,
2934 2269 3135 2340 inquit,
3198 2283 3321 2324 sum
3376 2266 3549 2321 frater

270 2367 437 2427 tuus;
499 2363 876 2433 contemplare
936 2376 1022 2417 me
1060 2369 1330 2432 quantum
1379 2360 1670 2432 placuerit.
1741 2360 1837 2414 llla
1903 2362 2109 2432 ingenti
2165 2363 2366 2434 gaudio
2415 2362 2677 2433 perfusa,
2732 2361 2939 2432 gratias
2997 2359 3108 2416 Deo
3139 2359 3274 2428 egit.
3331 2357 3402 2412 At
3457 2357 3548 2412 ille

268 2454 425 2525 juxta
462 2457 688 2528 januam
739 2457 993 2512 oratione
1027 2456 1212 2520 facta,
1250 2472 1280 2512 e
1311 2455 1549 2527 vestigio
1598 2471 1856 2511 reversus
1894 2464 1980 2512 est
2019 2457 2087 2513 ad
2154 2458 2334 2512 locum
2406 2457 2460 2512 in
2508 2473 2615 2526 quo
2660 2456 2912 2526 degebat.
2962 2453 3044 2510 lbi
3103 2453 3305 2510 eﬂ‘osso
3358 2460 3546 2524 puteo,

268 2549 434 2622 262
470 2563 666 2619 aquam
703 2563 944 2602 amaram
991 2547 1218 2617 reperit,
1251 2562 1428 2617 eaque
1475 2554 1637 2602 utens
1683 2563 1858 2618 usque
1894 2547 1963 2601 ad
2000 2548 2208 2603 exitum
2236 2548 2363 2602 vitae
2393 2547 2788 2618 perseveravit.
2831 2545 3004 2600 Porro
3071 2543 3193 2612 ejus
3256 2542 3548 2597 abstinen-

271 2640 367 2694 tiae
401 2639 718 2709 magnitudo
761 2637 1072 2708 insequenti
1122 2645 1366 2708 tempore
1421 2635 1701 2691 declarata
1749 2645 1854 2692 est.
1892 2636 2029 2692 Nam
2098 2649 2218 2709 post
2260 2638 2382 2708 ejus
2444 2637 2676 2700 obitum,
2719 2651 2846 2691 cum
2890 2634 3047 2690 multi
3094 2635 3149 2690 in
3181 2634 3372 2690 eodem
3425 2633 3548 2687 loco

271 2730 653 2801 philoSOpbari
707 2730 1053 2795 ambiissent,
1101 2729 1288 2783 nullus
1339 2727 1393 2782 id
1442 2727 1728 2784 sustinuit.
1796 2726 2000 2784 Verum
2034 2737 2093 2783 ut
2120 2729 2238 2799 ipse
2271 2729 2403 2783 mihi
2449 2728 2780 2798 persuadeo,
2827 2725 3255 2797 haudquaquam
3326 2724 3376 2780 ei
3447 2721 3550 2778 dif.

272 2822 418 2877 fieile
452 2830 572 2877 erat
613 2835 814 2892 aquam
853 2821 906 2875 in
955 2819 1171 2875 dulcem
1222 2833 1476 2889 saporem
1513 2828 1856 2881 convertere,
1896 2818 2007 2874 nisi
2052 2818 2158 2874 hoc
2232 2819 2396 2874 modo
2465 2816 2843 2889 philosophari
2890 2814 3280 2872 decrevisset:
3344 2812 3551 2884 quippe

269 2917 369 2988 qui
425 2932 586 2982 eam,
625 2931 750 2970 cum
799 2921 960 2969 antea
1015 2929 1128 2968 non
1195 2921 1373 2978 esset,
1424 2914 1698 2968 scaturire
1750 2911 1979 2968 fecerat.
2025 2911 2185 2967 Certe
2257 2911 2522 2966 traditum
2570 2919 2657 2968 est
2704 2911 3005 2966 monachos
3041 2909 3136 2980 qui
3204 2923 3329 2965 cum
3397 2905 3551 2961 Mose

271 3017 454 3072 erant,
508 3021 633 3062 cum
690 3007 988 3075 aliquando
1040 3015 1264 3076 puteum
1323 3005 1593 3069 foderent,
1641 3013 1696 3059 et
1751 3020 1852 3060 nec
1919 3021 2058 3060 vena
2121 3020 2244 3075 quae
2291 3005 2643 3076 sperabatur,
2712 3018 2816 3058 nec
2880 3002 3113 3058 altitudo
3169 3001 3281 3056 ulla
3351 3013 3550 3070 aquam

280 3095 663 3170 profunderet,
716 3095 960 3148 animum
1020 3093 1452 3165 despondentes,
1491 3108 1630 3162 opus
1675 3093 1951 3148 dimittere
1987 3094 2267 3150 voluisse:
2336 3093 2554 3150 Piorem
2623 3107 2756 3149 vero
2809 3093 2958 3148 circa
3022 3090 3306 3148 meridiem
3353 3103 3554 3160 super-

271 3189 524 3254 venisse;
565 3194 620 3240 et
684 3184 940 3239 salutatis
988 3183 1224 3254 primum
1273 3182 1586 3249 monachis,
1637 3181 1994 3236 dillidentiam
2052 3191 2108 3238 et
2172 3182 2434 3252 pusillum
2483 3181 2732 3238 animum
2775 3181 3176 3252 exprobrasse,
3226 3177 3427 3234 deinde
3493 3177 3549 3232 in

276 3282 480 3338 fossam
537 3277 956 3333 descendentem
1009 3289 1225 3336 orasse,
1280 3276 1623 3345 humumque
1709 3275 1892 3346 ligone
1963 3282 2050 3330 ter
2096 3276 2456 3344 percussisse.
2504 3274 2626 3340 Quo
2673 3273 2822 3329 facto
2870 3273 3058 3328 statim
3107 3287 3251 3343 aqua
3300 3270 3552 3340 erupisse

268 3370 479 3427 dicitur
511 3377 565 3424 et
615 3365 824 3421 fossam
861 3364 1243 3434 complevisse.
1303 3365 1480 3419 Porro
1535 3379 1659 3418 cum
1734 3363 1865 3418 Pior
1936 3365 2189 3421 oratione
2234 3365 2375 3420 facta
2414 3365 2746 3432 discederet,
2791 3373 3020 3436 rogatus
3048 3379 3079 3418 a
3112 3363 3396 3419 monachis
3446 3360 3542 3429 qui

270 3477 401 3517 eum
432 3459 579 3514 Mose
611 3464 774 3512 erant
804 3463 865 3511 ut
913 3455 1057 3526 apud
1101 3456 1252 3528 ipsos
1302 3455 1562 3526 jentaret,
1616 3472 1726 3510 non
1760 3458 2207 3528 obtemperavit:
2254 3458 2679 3530 haudquaquam
2743 3457 2866 3527 ejus
2927 3457 3008 3515 rei
3076 3471 3247 3513 causa
3313 3456 3546 3513 missum

272 3569 338 3610 se
362 3565 488 3607 esse
557 3549 771 3615 dicens,
849 3547 906 3601 id
959 3561 1093 3616 vero
1143 3555 1366 3618 propter
1408 3548 1555 3617 quod
1606 3557 1852 3613 venerat,
1895 3549 2208 3604 confectum
2236 3564 2382 3606 esse.

870 3635 1124 3692 ΚΕΦΑΛ.
1166 3639 1246 3692 Λ’.
1884 3645 1929 3707 C

272 3731 416 3799 Περὶ
446 3729 565 3783 τῶν
586 3729 657 3782 ἐν
689 3727 903 3799 Σκήτει
939 3725 1245 3799 μολναχῶν,
1298 3725 1654 3796 Ὠριγένους,
1693 3727 1860 3799 Διδύ-

344 3797 462 3870 μου
484 3839 499 3862 ,
565 3798 940 3870 Κρονίωνος,
1015 3797 1356 3870 ὀρσισιου,
1407 3798 1857 3870 Πουτουόάτου,

364 3865 712 3936 Ἀρσίωνῖος,
763 3865 1360 3936 Ἀμμὼνηβύσεϐίου
1396 3869 1491 3918 καὶ
1538 3868 1860 3934 Διοσκόρου

349 3933 467 3992 ubi
515 3933 837 4007 ἀδελφῶν,
868 3933 975 3988 aut!
1021 3933 1282 4004 Μακρῶν
1331 3939 1706 4007 λεγομένων,
1750 3933 1861 3990 fatal

348 4009 643 4077 Εὑαγρίου
667 4005 773 4060 τοῦ
795 4007 1161 4075 φιλοσόφου.

2563 3636 2718 3692 CAP.
2765 3636 2938 3692 XXX.

1966 3728 2041 3782 De
2082 3727 2436 3799 Scetiensibus
2478 3728 2773 3799 monachis,
2814 3727 3058 3799 Origene,
3107 3725 3358 3799 Didyme,
3410 3725 3544 3782 Cro-

2035 3799 2208 3860 nionc,
2269 3797 2520 3862 Orsest'o,
2579 3797 2880 3862 Putnbate,
2915 3797 3173 3865 'Arst'one,
3227 3797 3542 3865 Ammonio,

2035 3866 2261 3922 Eusebio
2291 3878 2340 3944 et
2369 3867 2626 3944 l_)_iosco_ro
2647 3870 2928 3944 fratribus,
2949 3871 3042 3941 qui
3069 3869 3256 3944 Magni
3281 3868 3544 3925 vocaban-

2040 3951 2126 3991 tur
2153 3954 2172 3993 :
2202 3951 2250 3992 et
2285 3943 2348 3993 de
2381 3938 2608 4009 Evagrio
2635 3938 2966 4008 pltilosonho.

364 4098 451 4152 Ἐν
475 4098 650 4168 τούτῳ
690 4097 746 4150 δὲ
785 4097 954 4150 εἰσέτι
1000 4095 1290 4167 διέπρεπον
1339 4097 1396 4148 ὲν
1448 4098 1562 4160 τοῖς
1609 4097 1860 4168 Σκήτεως

279 4189 685 4262 μοναστηρίοις,
726 4187 994 4258 γηραλέος
1043 4187 1142 4257 μὲν
1170 4185 1304 4257 (45),
1357 4189 1639 4259 Ὠριγένης
1665 4191 1728 4242 ἐκ
1755 4190 1862 4242 τῶν

279 4279 541 4352 μαθητῶν
587 4277 875 4331 Ἀντωνίου
919 4275 1013 4329 τοῦ
1069 4277 1305 4346 μεγάλου
1361 4277 1861 4347 περιλελειμμένος,

275 4371 376 4425 καὶ
417 4369 646 4438 Δίδυμος
671 4408 688 4433 ,
733 4367 825 4421 καὶ
871 4366 1140 4436 Κρονίων,
1173 4366 1318 4436 ἀμφὶ
1358 4368 1484 4429 τοὺς
1529 4368 1720 4419 ἑκατὸν
1768 4369 1863 4420 καὶ

273 4461 412 4514 δέκα
453 4459 732 4518 ἐνιαυτοὺς
788 4457 1064 4526 γεγονώς·
1126 4461 1218 4511 καὶ
1269 4460 1297 4511 ό
1329 4459 1504 4529 μέγας
1550 4458 1858 4528 Ἀρσίσιος,

277 4554 378 4606 καὶ
419 4550 818 4628 Πουιτουϐςςισετης³
903 4549 1000 4604 καὶ
1041 4549 1292 4620 Ἀρσίων,
1331 4549 1426 4602 καὶ
1465 4550 1767 4619 Σεραπίων,
1811 4552 1860 4604 οἳ

277 4646 376 4698 καὶ
409 4645 561 4697 αὐτοὶ
605 4643 892 4714 σύγχρονοι
929 4644 1202 4712 Ἀντωνίῳ
1236 4640 1312 4711 τῷ
1345 4642 1564 4712 μεγάλῳ
1593 4643 1859 4710 ἐγένοντο.

275 4737 813 4807 Καταγεγηρακότες
845 4735 901 4787 δὲ
946 4736 1005 4785 ὲν
1033 4733 1110 4804 τῷ
1154 4733 1492 4800 φιλοσοφεῖν,
1539 4735 1862 4804 προΐσταντο

275 4827 400 4878 τότε
423 4827 531 4878 τῶν
555 4827 680 4896 τῇδε
711 4825 1106 4895 μοναστηρίων.
1134 4823 1252 4876 Τῶν
1273 4823 1318 4876 δ’
1337 4819 1402 4876 αὖ
1427 4824 1551 4877 νέαν
1576 4825 1667 4876 καὶ
1690 4825 1862 4896 μέσην

276 4919 496 4990 ἡλικίαν
525 4917 788 4986 ἀγόντων,
823 4915 1008 4968 πολλοὶ
1039 4915 1192 4968 καλοί
1221 4931 1278 4966 τε
1310 4914 1402 4967 καὶ
1427 4915 1620 4982 ἀγαθοὶ
1647 4915 1743 4968 σὺν
1771 4916 1861 4967 αύο

2034 4093 2234 4150 Eodem
2283 4103 2528 4165 tempore
2584 4095 2637 4149 in
2700 4095 3056 4152 monasteriis
3099 4094 3276 4153 Sectis
3321 4098 3540 4155 clarue-

1964 4195 2114 4249 runt,
2151 4201 2312 4241 senes
2355 4187 2598 4256 quidem,
2636 4185 2921 4257 Origenes,
2958 4187 3052 4256 qui
3087 4203 3153 4241 ex
3205 4190 3388 4258 magni
3430 4189 3542 4244 An-

1963 4275 2097 4327 tonii
2133 4274 2427 4344 discipulis
2471 4275 2652 4330 adhuc
2684 4287 3012 4346 supererat:
3059 4286 3113 4333 et
3154 4276 3438 4350 Didymus,
3485 4290 3542 4336 et

1963 4367 2230 4432 Cronion,
2263 4383 2438 4422 annos
2496 4377 2657 4424 natus
2712 4369 2899 4424 decem
2950 4383 3120 4439 supra
3167 4378 3386 4425 centum
3427 4389 3440 4425 :
3487 4379 3541 4426 et

1963 4474 2196 4530 magnus
2233 4460 2325 4514 ille
2365 4459 2639 4525 Orsisitts,
2677 4470 2730 4516 et
2779 4460 3082 4518 Putubates
3161 4471 3211 4518 et
3239 4463 3437 4519 Arsion
3476 4478 3540 4518 ac

1964 4550 2230 4622 Serapion
2274 4554 2413 4624 :qui
2447 4562 2501 4610 et
2557 4555 2660 4625 ipsi
2701 4557 2884 4626 magni
2933 4556 3151 4610 Antonii
3200 4555 3542 4624 temporibus

1961 4647 2200 4714 aequales
2236 4644 2480 4699 fuerunt.
2509 4645 2755 4716 Ctnnqne
2778 4648 2830 4700 in
2857 4648 3162 4702 monastica
3196 4647 3540 4719 philosophia

1962 4733 2404 4799 consenuissent,
2441 4743 2572 4790 tunc
2609 4737 2872 4806 temporis
2895 4736 3248 4792 monasteriis
3275 4737 3387 4791 illic
3413 4738 3538 4792 sitis

1962 4835 2253 4894 praeerant.
2291 4826 2368 4881 Ex
2416 4828 2734 4895 junioribus
2787 4844 2916 4882 vero
2944 4837 2998 4882 et
3045 4828 3098 4880 in
3139 4829 3315 4882 media
3361 4829 3541 4884 adhuc

1963 4926 2121 4971 aetate
2163 4919 2505 4985 constitutis,
2552 4920 2705 4973 multi
2758 4920 2914 4989 probi
2960 4928 3125 4988 atque
3173 4919 3390 4975 honesti
3434 4920 3538 4974 viri

273 4975 390 5072 τοῖς
417 4975 806 5077 ἐγνωρίζοντολ
866 5008 961 5060 καὶ
991 5004 1300 5076 ’Δμμώνιος
1339 5005 1430 5058 καὶ
1464 4975 1724 5069 Εὐσέϐιος
1764 5006 1858 5060 καὶ

1968 5025 2075 5063 una
2121 5024 2245 5063 cum
2295 5012 2678 5080 superioribus
2729 5013 2837 5066 illis
2890 5010 3184 5075 florebant,
3218 5011 3360 5065 inter
3400 5025 3540 5081 quos

274 5103 587 5172 Διόσκορος,
624 5099 717 5162 οὒς
746 5098 1004 5167 ἀδελφοὺς
1029 5097 1277 5166 ἀλλήλοις
1300 5097 1478 5160 ὄντας,
1510 5097 1769 5166 Μακροὺς
1796 5099 1858 5150 ἐκ

272 5191 375 5261 τῆς
409 5192 626 5263 ἡλικίας
658 5189 959 5260 ὠνόμαζον.
999 5187 1230 5256 Λέγεται
1269 5185 1324 5239 δὲ
1367 5185 1555 5240 τοῦτον
1599 5185 1690 5239 τὸν
1723 5187 1858 5258 Ἀμ·

1963 5099 2314 5162 Ammonius,
2347 5101 2618 5155 Eusebius
2651 5116 2714 5155 ac
2757 5099 3056 5157 Dioscorus
3088 5120 3100 5155 :
3131 5103 3222 5170 qui
3268 5117 3392 5156 cum
3428 5102 3537 5154 l'ra-

1966 5197 2080 5244 tres
2105 5198 2312 5255 essent,
2354 5192 2424 5246 ob
2454 5199 2680 5247 staturae
2725 5193 3114 5262 proceritatem
3158 5191 3339 5264 Magni
3376 5207 3540 5246 voca-

1491 5343 1764 5400 VALESII
1798 5347 2349 5406 ANNOTATIONES.

350 5441 462 5512 (45)
496 5441 805 5512 Γηραλέος
828 5439 964 5509 μέν.
1011 5437 1205 5512 Scribe
1231 5451 1355 5512 tneo
1399 5437 1644 5512 periculo
1677 5454 1850 5512 γηρα-

277 5508 388 5564 xeo.
424 5508 542 5578 μέν,
588 5520 696 5565 etc.
745 5508 876 5576 Qua:
915 5509 1247 5574 emendatio,
1277 5509 1404 5561 licet
1446 5508 1623 5576 prima
1671 5508 1852 5578 fronte

278 5577 582 5636 levis’esse
633 5581 902 5646 videatur,
947 5579 1127 5648 magni
1185 5585 1368 5632 tamen
1426 5577 1690 5648 momenti
1743 5587 1846 5632 est.

278 5649 463 5703 Primo
490 5650 635 5704 enim
664 5651 788 5704 loco
812 5649 1151 5703 Sozontenus
1177 5661 1337 5701 senes
1372 5647 1672 5700 monachos
1699 5661 1853 5700 com-

280 5731 585 5787 memorat;
643 5719 844 5776 deinde
875 5720 1078 5774 transit
1121 5716 1184 5772 ad
1214 5717 1489 5788 juniores,
1551 5717 1644 5784 qui
1674 5716 1854 5772 adhuc

1956 5441 2166 5513 tirones
2203 5455 2381 5499 erant.
2435 5442 2634 5499 Subdit
2678 5444 2820 5499 enim
2861 5443 3026 5513 paulo
3073 5447 3219 5513 p_o_st,
3242 5437 3350 5490 τῶν
3382 5435 3438 5488 δὲ
3465 5429 3532 5490 αὖ

1957 5511 2084 5564 νέαν
2118 5513 2410 5594 καιμέσην
2441 5514 2658 5594 ἠλικίαν
2680 5507 3355 5594 ἀγόντων,“‹ςις.“ῌοειι·αιιι
3387 5519 3534 5560 certe

1957 5576 2402 5708 ἓηηιίιὲἱειιὶὸμοὶξι
2438 5576 2599 5657 plane
2626 5576 3287 5650 con-firmat'Nicepliorus
3323 5576 3375 5630 in
3407 5589 3528 5646 cap.

2085 5669 2098 5706 ι
2145 5668 2188 5707 rt
2229 5662 2339 5708 crta
2367 5670 2404 5708 ι.

2085 5662 2188 5707 lbi‘l
2229 5662 2404 5708 Citati.
