4054 6188
350 243 492 302 1589

1337 243 1660 302 HISTORIA
1703 245 2264 306 ECCLESIASTICA.
2300 277 2370 288 —
2394 247 2524 304 LIB.
2563 247 2652 303 Vl.

3459 254 3595 313 i5b3

351 354 528 415 τΩνδδ
550 359 738 415 ἐνθάδε
770 361 1076 429 φιλοσοφεῖν
1123 360 1404 434 ἐπυθόμην
1437 364 1690 435 ἀρίστους
1736 365 1925 434 ἐγνων,

2031 365 2392 436 prehendere.
2449 365 2586 420 Cum
2641 364 2787 419 enim
2837 366 3112 436 propriam
3157 381 3220 422 ac
3260 369 3595 437 peculiarem

352 455 442 508 τόν
470 471 530 508 τε
570 453 792 508 Μέλανα
834 452 924 504 τὸν
957 455 1078 505 κατ’
1111 453 1284 506 ἐκεῖνο
1324 453 1517 526 καιροῦ
1563 453 1663 525 τὴν
1701 455 1930 526 Ἐκκλη-

279 537 282 540 “
355 546 475 600 σίαν
507 543 932 615 ἐπιτροπεύοντα
954 583 972 611 ,
1019 545 1112 597 καὶ
1139 545 1429 610 Διονύσιον,
1467 545 1525 609 ὃς
1565 546 1700 616 πρὸς
1725 546 1928 616 Βορέαν

351 636 454 704 τῆς
485 634 694 694 πόλεως
726 633 789 686 τὺ
827 636 1239 707 φροντιστήριον
1278 633 1391 707 εἶχε
1416 652 1430 666 ·
1478 639 1572 692 καὶ
1602 637 1814 690 Σόλωνα
1837 638 1928 690 τὸν

350 725 595 788 Μέλανος
621 723 872 794 ἀδελφὸν,
899 726 994 780 καὶ
1021 726 1120 796 τῆς
1142 727 1446 798 ἐπισκοπῆς
1476 726 1734 798 διάδοχον.
1762 727 1928 796 Λέγε-

349 833 440 870 ται
482 816 562 880 δέ,
598 816 760 887 ἡνίκα
791 815 1163 887 προστέτακτο
1196 818 1324 882 τοὺς
1366 817 1507 873 κατὰ
1556 818 1712 892 πόλιν
1747 819 1928 890 ἱερέας

350 906 606 970 ἐναντίως
645 907 840 979 Ἀρείῳ
867 908 1194 979 φρονοῦντας
1235 908 1657 974 ἀπελαύνεσθαι,
1691 909 1929 964 καταλα-

351 1000 467 1054 ϐεῖν
491 997 715 1053 Μέλανα
753 1000 879 1064 τοὺς
907 1000 1000 1054 ,ἐπ’
1034 1000 1198 1055 αὑτὸν
1227 999 1499 1066 ἐλθόντας,
1543 1002 1670 1066 τοὺς
1701 1000 1928 1073 λύχνους

351 1097 450 1165 τῆς
488 1094 814 1166 Ἐκκλησίας
865 1090 1370 1166 παρασκευάζοντα,
1417 1090 1508 1148 οἷά
1535 1109 1600 1163 γε
1645 1093 1927 1166 ὑπηρέτην

352 1185 602 1256 ἐσχατον,
631 1186 936 1258 ἐπίῤῥυπον
974 1185 1052 1256 τῷ
1083 1185 1285 1256 ίματίῳ
1324 1184 1437 1256 (54)
1482 1185 1590 1240 ὑπὸ
1619 1183 1714 1238 τοῦ
1743 1185 1925 1240 ἐλαίου

348 1277 453 1348 τὴν
479 1276 654 1348 ζώνην
683 1276 893 1347 ἔχοντα,
923 1277 1017 1329 καὶ
1040 1275 1137 1339 τὰς
1167 1274 1485 1348 θρυαλλίδας
1508 1275 1923 1350 ἐπιφερόμενον·

354 1368 700 1439 ἐρωτηθέντα
719 1369 776 1422 δὲ
800 1368 1038 1438 περὶτοῦ
1061 1367 1364 1422 ἐπισκόπου
1383 1369 1576 1435 είπεῖν,
1600 1369 1678 1432 ώς
1705 1368 1924 1423 Ἐνθάδε

355 1459 494 1524 ἐστὶ,
518 1459 610 1514 καὶ
637 1458 862 1530 μηνύσω
882 1459 1086 1513 τοῦτον.
1115 1459 1319 1513 Αὐτίκα
1333 1459 1389 1514 δέ
1412 1461 1539 1526 τοὺς
1559 1462 1756 1534 ἄνδρας
1771 1459 1925 1532 οἷάγε

353 1548 412 1613 ἐξ
439 1548 558 1602 ὀδοῦ
593 1549 961 1619 κεκμηκότας,
987 1550 1067 1613 είς
1104 1549 1165 1603 τὸ
1197 1550 1554 1606 ἐπισκοπικδν
1583 1553 1926 1622 καταγώγιον

351 1636 634 1706 όδηγῆσαι,
658 1638 752 1690 καὶ
769 1637 1045 1708 τράπεζαν
1061 1637 1404 1708 παραθεῖναι,
1421 1640 1516 1693 καὶ
1537 1642 1602 1694 ἐκ
1629 1641 1736 1697 τῶν
1759 1642 1924 1695 ὄντων

2029 458 2517 513 conversationem
2568 456 2998 524 constituerint,
3055 473 3222 527 Opera
3267 468 3322 514 et
3376 461 3595 524 studia,

2027 547 2455 602 exercitationes
2482 555 2538 602 et
2556 547 2787 611 victum,
2811 555 2872 601 et
2899 554 3112 616 tempus
3135 548 3430 618 unicuique
3448 552 3595 604 aetati

2029 637 2503 692 accommodatum
2544 636 2729 706 partiti
2770 646 2929 694 sunt.
2985 635 3329 692 lliuocorura
3377 655 3597 710 quoque

2033 743 2100 783 ex
2131 743 2196 782 eo
2229 737 2474 799 tempore
2502 728 2637 785 viris
2679 728 2926 799 optimis,
2976 744 3086 783 non
3117 728 3458 796 adventitiis,
3496 732 3594 787 sed

2029 816 2324 888 indigenis,
2357 816 2564 873 ﬂoruit.
2619 817 2698 873 Ex
2738 818 2808 872 iis
2838 833 2968 874 vero
2998 833 3139 888 quos
3192 819 3306 874 Hlic
3347 821 3596 890 philoso-

2029 908 2226 979 phatos
2254 925 2380 966 esse
2425 911 2636 981 accepi,
2681 912 3172 983 praestantissimos
3225 912 3398 970 fuisse
3440 930 3594 969 cont-

2028 1001 2167 1069 peri,
2202 1001 2468 1058 Mclanem
2495 1003 2591 1073 qui
2619 1009 2754 1059 tunc
2787 1005 3050 1072 temporis
3090 1004 3392 1060 Ecclesium
3447 1007 3596 1062 illius

2029 1088 2137 1144 loci
2161 1089 2610 1158 administrabat,
2663 1099 2727 1148 et
2752 1091 3074 1165 Dionysium
3094 1094 3188 1164 qui
3219 1095 3285 1149 ad
3317 1095 3593 1151 borealem

2029 1179 2184 1234 urbis
2217 1187 2430 1250 partem
2475 1180 2818 1236 domicilium
2855 1182 3072 1250 habuit,
3116 1192 3168 1238 et
3200 1182 3454 1239 Solonem
3484 1185 3595 1240 Me-

2028 1270 2172 1326 lanis
2217 1270 2467 1338 fratrem,
2508 1272 2607 1342 qui
2646 1273 2824 1328 cidem
2863 1273 2918 1327 in
2947 1275 3268 1345 episcopatu
3299 1277 3591 1332 successit.

2025 1359 2297 1418 Caeterum
2334 1379 2408 1420 eo
2453 1372 2699 1434 tempore
2747 1380 2860 1435 quo
2922 1377 3251 1437 praeceptum
3305 1367 3483 1423 fuerat
3533 1379 3594 1423 ut

2025 1468 2220 1510 omnes
2255 1454 2458 1524 ubique
2507 1456 2774 1525 episcopi,
2825 1456 2920 1526 qui
2964 1456 3294 1512 Arianorum
3348 1459 3592 1530 dogmati

2028 1556 2422 1614 repugnarent,
2456 1547 2682 1602 sedibus
2705 1548 2827 1603 suis
2856 1549 3279 1618 expellerentur,
3313 1551 3466 1606 aiunt
3497 1568 3592 1606 eos

2028 1636 2120 1704 qui
2150 1634 2217 1688 ad
2246 1634 2507 1691 Melanem
2523 1635 2935 1690 exturbandum
2976 1648 3262 1697 venerant.
3297 1639 3594 1709 deprehen-

353 1728 619 1781 ἑστιᾶσαι.
644 1727 797 1781 Μετὰ
817 1728 873 1780 δὲ
889 1728 986 1796 τὴν
1013 1730 1272 1785 ἐστίασιν.
1288 1729 1579 1799 νιψάμενον
1597 1731 1697 1796 τὰς
1717 1737 1923 1805 χεῖρας,

2026 1725 2175 1781 disse
2215 1727 2393 1790 illum,
2433 1735 2693 1796 tanquam
2741 1725 2990 1781 inﬁmum
3035 1728 3370 1795 ministrum,
3414 1731 3594 1786 lucer-

349 1816 648 1886 διηκονεῖτο
683 1815 790 1887 γὰρ
827 1819 938 1881 τοῖς
964 1818 1331 1888 ἑστιωμένοις,
1365 1819 1556 1872 ἐαυτὸν
1597 1825 1926 1892 προσαγγεῖο

350 1907 457 1960 λαι.
510 1905 647 1969 Τοὺς
689 1905 748 1958 δέ
794 1906 886 1960 τὸν
915 1907 1083 1978 ἄνδρα
1125 1907 1531 1978 θαυμάσαντας,
1593 1911 1926 1980 ὁμολογῆσαι

354 2000 453 2069 μέν
498 2001 585 2068 ἐφ’
625 1993 670 2067 ᾧ
721 1999 1104 2070 ἐληλύθεισανο
1155 2001 1297 2054 αίδοτ
1342 2000 1399 2054 δέ
1445 2003 1512 2072 τῇ
1569 2001 1704 2071 πρὸς
1740 2001 1924 2062 αὐτὸν,

352 2091 598 2157 ἐξουσίαν
629 2091 812 2146 δοῦναι
861 2094 1058 2164 φυγῆς.
1122 2093 1224 2146 Τὸν
1260 2093 1316 2146 δέ
1364 2094 1548 2162 φάναι,
1595 2093 1671 2156 ώς
1711 2093 1828 2147 Οὐκ
1860 2093 1926 2147 ἂν

356 2184 623 2254 προοίμην
658 2184 830 2238 ταύτὰ
863 2187 978 2248 τοῖς
1023 2184 1297 2256 ὁμοδόξοις
1341 2184 1578 2256 ἱερεῦσιν
1617 2186 1926 2256 ὑπομεῖναι,

354 2271 470 2324 ἀλλ’
513 2273 690 2326 ἐκοντὶ
739 2271 954 2326 ἑλέσθαι
997 2272 1108 2344 (55)
1152 2274 1236 2336 είς
1275 2273 1374 2344 τὴν
1408 2273 1703 2345 ὑπερορίαν
1731 2273 1925 2328 ἐλθεῖν.

356 2364 545 2418 Πᾶσαν
588 2363 666 2428 δέ,
698 2357 858 2432 οἴάγε
905 2365 970 2418 ἐκ
1005 2364 1124 2419 νέου
1173 2365 1540 2436 φιλοσοφήσας
1560 2405 1575 2428 .
1629 2363 1928 2435 μδναχικὴν

354 2455 555 2526 ἀρετὴν
583 2455 880 2525 ἐξησκεῖτο.
907 2455 966 2508 Ὀ
991 2455 1049 2508 δέ
1065 2455 1243 2508 Σόλων
1266 2455 1375 2509 άπὸ
1392 2455 1634 2527 ἐμπόρου
1651 2457 1731 2519 εἰς
1762 2472 1928 2526 μονα-

352 2550 448 2620 χδν
485 2547 827 2620 μεταϐαλὼν,
874 2547 996 2602 ούδέ
1021 2547 1183 2610 αὐτὸς
1208 2547 1382 2616 ὀλίγον
1405 2548 1660 2601 ἀπώνατο
1701 2547 1804 2617 τῆς
1837 2548 1926 2600 ἐν-

355 2639 502 2694 θένδε
535 2639 823 2710 ὠφελείας.
867 2639 1004 2693 Ὑπὸ
1026 2639 1327 2708 διδασκάλῳ
1351 2638 1460 2708 γὰρ
1489 2637 1569 2708 τῷ
1591 2637 1807 2708 ἀδελφῷ
1833 2640 1929 2692 καὶ

351 2731 464 2793 τοῖς
491 2729 616 2800 τῇδε
645 2727 1022 2798 φιλοσοφοῦσιν
1047 2728 1322 2798 ἐπιμελῶς
1343 2727 1650 2790 παιδευθεὶς
1669 2728 1763 2780 καὶ
1796 2729 1928 2799 περὶ

354 2818 417 2872 τδ
431 2818 586 2872 Θείον
613 2818 696 2872 ότι
719 2816 964 2889 μάλιστα
999 2817 1294 2889 προθύμως
1322 2817 1640 2883 ἐσπούδαζε,
1675 2820 1770 2871 καὶ
1793 2819 1930 2889 πρὸς

351 2911 479 2974 τοὺς
507 2910 672 2974 πέλας
697 2909 1236 2979 ἀγαθδς’ἐτύγχανεν.
1265 2910 1326 2962 Ἡ
1357 2909 1456 2980 μέν
1471 2909 1928 2980 Ῥινοκουρούρων

367 3004 678 3075 Ἐκκλησία,
694 3003 950 3058 τοιούτων
971 3003 1030 3070 ἐξ
1049 3003 1222 3075 ἀρχῆς
1241 3001 1556 3073 ἡγουμένων
1568 3000 1923 3073 ἐπιτυχοῦσα,

2028 1831 2129 1870 nas
2172 1817 2420 1872 ecclesiae
2474 1824 2919 1888 praaparantem,
2979 1833 3145 1889 supra
3191 1822 3419 1890 pallium
3469 1822 3594 1875 oleo

2027 1905 2372 1962 sordidatum
2421 1909 2711 1964 habentem
2735 1924 2957 1971 zonam,
3000 1919 3054 1964 et
3081 1911 3356 1982 cllychnia
3389 1913 3596 1982 impor-

2029 2004 2259 2050 tautetn.
2308 1996 2482 2062 Quem
2527 2012 2655 2052 cum
2711 1999 3148 2070 interrogassent
3202 2002 3270 2056 de
3308 2003 3593 2073 episcopo,

2028 2086 2153 2151 ille,
2195 2089 2297 2143 Hic
2327 2096 2431 2152 est,
2469 2089 2667 2159 inquit,
2700 2106 2938 2168 eumque
2971 2093 3126 2148 vobis
3162 2092 3450 2161 indicabo;
3481 2106 3592 2151 sta-

2027 2176 2236 2248 timque
2263 2179 2536 2244 homines,
2588 2191 2775 2251 utpote
2798 2182 2898 2238 viae
2929 2183 3274 2253 longitudine
3317 2185 3590 2256 fatigatos,

2026 2269 2084 2322 in
2109 2270 2255 2324 aedes
2285 2270 2530 2340 episcopi
2551 2271 2797 2338 deduxit,
2831 2288 3189 2345 mensamque
3226 2276 3294 2331 iis
3315 2279 3592 2347 apposuit,

2026 2364 2082 2412 et
2128 2371 2269 2427 quos
2300 2357 2532 2414 habebat
2587 2360 2741 2414 cibos
2793 2362 3044 2431 praebuit.
3105 2361 3236 2418 Post
3283 2368 3592 2421 convivium

2030 2462 2179 2514 vero,
2209 2464 2332 2504 cum
2371 2463 2567 2505 manus
2599 2465 2790 2506 eorum
2829 2453 3092 2508 abluisset
3125 2454 3278 2525 (ipse
3309 2457 3457 2512 enim
3487 2460 3590 2511 mi-

2027 2537 2302 2595 nistrabat
2346 2541 2755 2613 epulantibus),
2785 2543 3027 2614 seipsum
3051 2545 3335 2600 indicavit.
3365 2547 3442 2601 llli
3489 2549 3588 2602 ho-

2021 2633 2229 2688 minem
2289 2633 2564 2700 admirati,
2598 2635 2887 2704 cujusuam
2933 2633 3020 2692 'rei
3076 2653 3243 2693 causa
3303 2641 3584 2706 venissent

2027 2725 2266 2781 confessi
2298 2736 2426 2781 sunt
2465 2743 2480 2780 :
2519 2726 2758 2797 fugiendi
2798 2737 2979 2784 tamen
3016 2729 3246 2786 liberam
3280 2731 3332 2785 ei
3362 2729 3592 2795 faculta-

2023 2825 2136 2872 tem
2185 2827 2602 2882 concesserunt,
2643 2821 2946 2875 reverentia
2996 2821 3116 2890 ejus
3157 2823 3400 2878 adducti.
3453 2825 3592 2878 Tum

2027 2921 2159 2961 vero
2195 2908 2285 2961 ille
2331 2925 2346 2961 :
2387 2905 2698 2977 Nunquam,
2749 2909 2960 2977 inquit,
3011 2909 3420 2964 detrectaturos
3471 2926 3592 2966 sum

2032 2999 2220 3053 eadem
2259 2999 2468 3069 perpeti
2521 3015 2642 3069 qua:
2675 3000 2912 3070 episcopi
2950 2999 3193 3069 ejusdem
3221 3016 3431 3054 mecum
3467 3001 3592 3055 lidei

346 3098 412 3151 ού
438 3060 677 3151 statim;
710 3095 768 3162 ἐξ
809 3060 1030 3149 ἐκείνού
1262 3060 1474 3156 ’καὶυείς
1511 3091 1678 3163 ἡμᾶς,
1722 3060 1818 3146 καὶ
1845 3060 1924 3146 ἐτί

2030 3104 2094 3142 ac
2124 3060 2412 3144 sententia:
2439 3060 2817 3158 perpetiuntur
2854 3060 2877 3144 τ’
2909 3060 3005 3145 sed
3038 3091 3184 3144 ultro
3215 3104 3279 3144 ac
3312 3099 3509 3160 sponte
3540 3094 3593 3144 in

351 3189 446 3243 νῦν
471 3192 581 3252 τοῖς
613 3188 835 3241 ἐκείνων
858 3187 1112 3257 χρωμένη
1158 3184 1400 3254 θεσμοῖς,
1430 3184 1526 3236 καὶ
1564 3183 1800 3250 ἀγαθοὺς
1833 3184 1924 3237 άν-

349 3279 482 3348 δρας
512 3279 770 3350 φέρουσα.
821 3275 988 3345 Κοινὴ
1029 3274 1085 3328 δέ
1121 3274 1236 3326 ἐστι
1275 3275 1386 3336 τοῖς
1419 3271 1603 3326 αὐτόθι
1643 3271 1923 3346 κληρικοτς

347 3371 561 3440 οῖκησίς
592 3387 652 3424 τε
679 3369 775 3422 καὶ
800 3365 1066 3438 τράπεζα,
1091 3365 1185 3418 καὶ
1212 3365 1261 3416 τ’
1289 3363 1424 3418 ἄλλα
1455 3364 1651 3418 πάντα.

2027 3181 2284 3234 exsilium
2332 3181 2412 3234 ire
2458 3190 2683 3250 paratus
2716 3196 2860 3234 sum.
2893 3179 3096 3236 Omnes
3146 3197 3309 3251 porro
3361 3182 3596 3236 virtutes

2028 3271 2191 3343 266
2221 3272 2538 3328 monasticae
2564 3273 2868 3342 disciplinae
2892 3273 2993 3326 sibi
3041 3281 3478 3343 comparaverat,
3509 3281 3600 3326 ut-

2028 3373 2153 3433 pote
2193 3364 2262 3418 ab
2311 3363 2537 3418 ineunte
2583 3372 2750 3418 aetate
2803 3363 2906 3416 hoc
2956 3361 3372 3432 philosophandi
3420 3377 3599 3430 genus

349 3473 612 3521 sectatus.
667 3461 837 3518 Solon
868 3477 998 3515 vero
1042 3476 1106 3514 ex
1148 3467 1456 3514 mercatore
1483 3458 1788 3513 monachus
1834 3457 2088 3521 effectus,
2133 3457 2252 3528 ipse
2317 3472 2536 3527 quoque
2573 3457 2713 3510 haud
2785 3472 2975 3525 parum
3047 3454 3400 3508 emolumenti
3473 3455 3599 3508 inde

346 3559 614 3628 percepit.
646 3557 782 3612 Nam
821 3564 879 3612 et
921 3555 1112 3610 fratris
1147 3553 1255 3617 sui,
1287 3561 1343 3607 et
1385 3553 1618 3606 aliorum
1668 3553 1762 3621 qui
1814 3552 1925 3605 illic
1960 3552 2510 3622 philosophabamur,
2556 3551 2875 3622 magisterio
2946 3550 3250 3610 institutus,
3317 3559 3371 3602 et
3422 3549 3474 3602 in
3529 3549 3598 3602 iis

345 3664 476 3719 qua
507 3648 572 3702 ad
605 3648 700 3704 Dei
734 3647 943 3702 cultum
977 3643 1251 3716 pertinent
1283 3643 1568 3699 studiosus
1635 3642 1736 3696 fuit
1807 3643 2100 3712 imprimis,
2151 3651 2207 3697 et
2264 3658 2394 3714 erga
2448 3643 2754 3713 proximum
2807 3641 3098 3711 benignus.
3147 3641 3225 3695 Ac
3292 3638 3597 3694 Rinocoru-

350 3741 538 3796 reusis
575 3741 800 3810 quidem
849 3739 1118 3801 Ecclesia,
1169 3736 1484 3802 hujusmodi
1516 3737 1798 3792 antistites
1855 3738 1925 3793 ab
1958 3739 2116 3793 initio
2187 3738 2406 3802 sortita,
2457 3752 2524 3792 ex
2575 3752 2642 3792 eo
2708 3745 2960 3806 tempore
2999 3737 3064 3790 ad
3122 3745 3367 3791 nostram
3420 3749 3596 3803 usque

347 3846 395 3886 a3
423 3838 588 3894 atem,
621 3831 840 3885 illorqu
868 3829 1138 3884 institutis
1161 3828 1260 3888 uti,
1292 3839 1344 3881 et
1371 3828 1576 3896 probos
1602 3829 1750 3882 viros
1783 3828 1924 3884 ferre
1961 3845 2070 3883 non
2104 3829 2336 3885 destitit.
2382 3831 2477 3886 Est
2507 3837 2688 3885 autem
2759 3828 2878 3897 ejus
2940 3829 3044 3883 luci
3088 3829 3309 3883 clericis
3345 3840 3594 3881 commu-

350 3925 436 3978 nis
456 3923 656 3976 domus
686 3930 740 3977 et
778 3936 967 3977 mensa
987 3959 1002 3982 ,
1040 3920 1252 3989 reliqua
1296 3919 1538 3989 denique
1561 3919 1748 3973 omnia
1780 3923 2114 3976 communia.

910 4011 1164 4064 ΚΕΦΑΛ.
1208 4010 1330 4063 AB’.

348 4105 482 4174 Περὶ
537 4103 655 4158 τῶν
705 4102 778 4155 ἐν
838 4103 1208 4174 Παλαιστίνῃ
1274 4101 1589 4174 μοναχῷν,
1661 4101 1918 4172 Ἡσυχᾶ,

432 4172 774 4252 Ἐπιφαζίου
833 4172 951 4252 τριξ-
985 4172 1243 4252 ᾷςτερον
1287 4173 1613 4241 γενομένου
1653 4175 1916 4240 Κύπρου,

430 4241 748 4312 Ἀμμωνίου
786 4241 883 4295 καὶ
911 4241 1227 4294 Σιλόἀνοῦ.

421 4336 494 4388 οὐ
524 4335 630 4405 μὴν
653 4333 787 4387 ἀλλὰ
819 4334 912 4386 καὶ
942 4333 1269 4403 Παλαιστίνη
1307 4332 1553 4404 μοναχῶν
1573 4334 1778 4403 ἀνδρῶν
1807 4334 1918 4386 δια-

2612 4011 2768 4068 CAP.
2800 4011 3019 4066 XXXII.

2027 4105 2106 4160 De
2149 4106 2422 4160 monachis
2459 4105 2787 4166 Patauium,
2839 4101 3102 4170 Heayclm,
3140 4100 3456 4170 Epiphanio,
3505 4101 3596 4168 qui

2059 4188 2240 4242 postea
2269 4179 2538 4245 episcopus
2582 4173 2747 4244 Cypri
2781 4173 2904 4242 fuit,
2930 4168 3208 4224 Ammonio
3235 4181 3284 4223 et
3315 4168 3554 4224 Silvano.

2095 4326 2199 4381 Sed
2245 4334 2299 4380 et
2327 4325 2620 4380 Palaestina
2660 4323 3053 4377 monachorum
3094 4318 3388 4375 domiciliis
3433 4320 3594 4374 flore-

344 4429 557 4500 τριϋαῖς
587 4427 756 4497 ἤνθει.
785 4426 851 4478 Οἴ
867 4443 925 4477 τε
956 4425 1062 4494 γὰρ
1100 4425 1316 4486 πλείους
1347 4421 1420 4478 ὧν
1449 4427 1505 4476 ἐν
1542 4427 1607 4494 τῇ
1634 4427 1922 4477 Κωνσταν-

2028 4422 2137 4474 but.
2189 4418 2322 4472 Nam
2351 4427 2406 4474 et
2440 4418 2688 4488 plerique
2721 4432 2912 4470 eorum
2945 4430 3088 4485 quos
3120 4430 3286 4484 supra
3337 4413 3388 4467 iu
3426 4414 3594 4467 rebus

345 4521 460 4573 τίου
502 4517 747 4589 βασιλείᾳ
796 4516 1268 4588 ἀπηριθμησάμην
1315 4517 1394 4570 ἐτι
1417 4513 1558 4586 ἦσαν
1583 4516 1786 4588 ταύτην
1821 4517 1919 4588 τὴν

2026 4512 2200 4582 gestis
2251 4507 2557 4564 Constantii
2610 4505 2949 4567 enumeravi,
2992 4504 3175 4558 adhuc
3229 4503 3592 4572 superstites.

344 4612 654 4682 ἐπιστήμην
675 4612 1047 4681 σεμνύνοντες.
1073 4611 1136 4662 Οί
1158 4608 1236 4674 δέ,
1260 4611 1378 4671 ταῖς
1402 4607 1582 4661 αὐτῶν
1612 4609 1916 4673 συνουσίαις

2026 4604 2169 4656 hanc
2201 4599 2552 4670 disciplinam
2601 4612 2814 4653 summa
2862 4611 2989 4650 cum
3042 4594 3204 4650 laude
3247 4595 3592 4650 excolebant.

343 4706 424 4766 εἰς
451 4703 618 4773 ἀκρον
639 4703 837 4773 ἀρετῆς
862 4703 1143 4765 ἐπέδοσαν,
1186 4701 1280 4754 καὶ
1305 4701 1384 4762 είς
1414 4698 1666 4754 εὔκλειαν
1695 4699 1918 4770 μείζονα

2027 4695 2094 4750 Et
2123 4695 2317 4750 horum
2354 4691 2757 4747 consuetudine
2807 4705 2869 4744 ac
2911 4690 3262 4744 sermonibus
3303 4689 3394 4743 alii
3437 4689 3597 4745 iusti-

342 4799 456 4857 τοῖς
504 4794 691 4849 ἐνθάδε
743 4796 1177 4865 φροντιστηρίοις
1220 4791 1643 4862 προσετέθησαν.
1701 4786 1801 4846 Ὧν
1854 4788 1923 4864 ἦν

2031 4789 2134 4841 ιιιιί
2169 4786 2236 4841 ad
2275 4800 2551 4841 summum
2583 4783 2802 4837 virtutis
2847 4781 3057 4850 apicem
3101 4791 3488 4850 pervenerunt,
3541 4791 3596 4843 et

353 4887 594 4956 Ἥσυχᾶς
630 4886 660 4938 ὁ
717 4885 1021 4958 Ἰλαρίωνος
1074 4889 1311 4956 ἑταῖρος,
1371 4884 1468 4938 καὶ
1515 4883 1826 4952 Ἐπιφάνιος
1894 4885 1924 4936 ό

2030 4882 2097 4935 ad
2130 4879 2360 4948 majoris
2394 4878 2580 4948 gloriae
2599 4876 2878 4930 cumulum
2916 4873 3269 4928 monasteriis
3301 4875 3414 4928 illic
3449 4874 3594 4943 posi-

345 4979 572 5048 ὕστερον
613 4979 901 5048 γενόμενος
934 4978 1233 5048 Σαλαμῖνος
1277 4977 1375 5046 τῆς
1418 4975 1643 5045 Κύπρου
1702 4974 1921 5028 ἐπίσκο-

2029 4974 2099 5027 tis
2131 4971 2377 5040 adjuncti
2415 4977 2563 5024 sunt.
2605 4966 2680 5020 Ex
2731 4981 2965 5037 quorum
3012 4980 3244 5020 numero
3291 4965 3394 5020 fuit
3418 4963 3594 5035 Ilcsy-

344 5089 464 5134 πος.
521 5071 908 5141 Ἐφιλοσόφησε
938 5071 994 5124 δέ
1037 5069 1274 5139 Ἦσυχᾶς
1315 5068 1436 5138 μὲν,
1483 5063 1546 5122 οὗ
1575 5068 1672 5120 καὶ
1710 5069 1740 5120 ό
1777 5065 1922 5119 διδάο

2027 5065 2186 5127 chas,
2215 5061 2516 5117 Hilarionis
2543 5059 2784 5124 sodalis;
2809 5068 2863 5113 et
2883 5057 3250 5128 Epiphanius,
3278 5059 3370 5128 qui
3405 5064 3590 5127 postea

1548 5243 1821 5299 VALESII
1857 5237 2414 5296 ANNOTATIONES.

2017 5353 2208 5427 codice
2253 5351 2564 5427 Fultetiauo
2607 5349 2879 5427 integram
2932 5350 3130 5427 lineam
3184 5345 3274 5427 hic
3319 5344 3590 5427 suppleri.

2017 5441 2152 5494 quae
2174 5425 2228 5478 in
2261 5422 2498 5491 vulgatis
2532 5414 2817 5494 codicibus
2848 5415 3197 5494 d_eerat._Sed
3231 5429 3404 5483 neque
3433 5414 3591 5494 Chri-

2017 5484 2439 5564 stophorsguus,
2473 5506 2572 5546 nec
2615 5491 3030 5564 Saviliusltanc
3066 5487 3314 5564 lacunam
3373 5484 3592 5564 supple-

2016 5553 2231 5619 verunt.
2269 5562 2344 5616 Ex
2378 5553 2488 5630 quo
2513 5569 2761 5630 apparet,
2800 5559 2978 5613 tmllos
3030 5556 3100 5610 ab
3129 5557 3197 5609 iis
3238 5554 3383 5610 visos
3420 5553 3593 5609 fuisse

2017 5635 2422 5702 manuscriptos
2448 5631 2688 5688 codices.

418 5364 532 5446 (5.4)
587 5362 1076 5448 ’βπίρῤυπονπῷ
1119 5363 1358 5448 ,ίματίῳ
1413 5359 1567 5448 "uno:
1633 5357 1909 5448 locumAjta

343 5431 727 5504 corrigendum
787 5445 938 5502 puto.
971 5435 1063 5485 ἐπὶ
1107 5431 1344 5502 ῥυπῶντι
1409 5431 1486 5500 τῷ
1555 5431 1754 5498 ἱματίῳ
1799 5435 1907 5481 etc.

347 5505 494 5575 Sane
521 5505 574 5558 in
623 5503 816 5558 codice
862 5502 1162 5575 Fuketiauo
1205 5503 1468 5569 scriptum
1504 5509 1586 5554 est
1621 5497 1906 5575 ἐπίρυπον.

346 5574 442 5630 Est
471 5583 652 5629 autem
692 5577 804 5627 haec
838 5573 1144 5628 emendatio
1174 5585 1400 5638 prorsus
1430 5573 1767 5624 necessaria.

417 5645 528 5718 (55)
566 5644 740 5698 Ἀλλ’
766 5643 962 5696 ἑκοντὶ
995 5643 1256 5695 ἑλέσθαι.
1286 5639 1414 5694 Post
1449 5643 1562 5694 haec
1595 5638 1781 5702 verba,
1841 5651 1906 5692 ex
