4054 6188
476 346 616 404 1595

1945 341 2285 399 ΒΟΖΟΜΕΝΙ

3597 342 3741 400 1396

476 465 666 533 fuere,
707 475 814 517 non
856 461 1090 532 alicujus
1124 459 1314 524 urbis,
1349 458 1446 514 sed
1500 459 1729 514 honoris
1781 458 2050 514 duntaxat

2160 461 2252 532 ϐῆς
2283 459 2398 531 (62)
2432 458 2618 531 ὥσπερ
2650 459 2757 514 τῶν
2790 460 2975 525 αὐτοῖς
3018 461 3516 532 πεπολιτευμένων,
3549 478 3740 531 χειεοθ.

476 569 642 610 causa
663 593 679 616 ,
713 561 974 624 tanquam
1007 552 1076 608 ad
1116 553 1459 623 repensanda
1503 552 1762 622 praeclara
1799 552 2045 622 ipsorum

478 644 759 708 facinora,
789 643 845 697 in
877 643 994 699 suis
1025 641 1381 698 monasteriis
1422 642 1659 698 ordinati
1695 645 1734 696 ⁸.
1769 642 1888 709 Quo
1917 643 2044 714 qui-

477 737 599 792 dem
630 735 796 790 modo
825 735 990 791 etiam
1015 733 1260 791 Lazarus
1279 774 1294 799 ,
1322 735 1390 791 de
1417 749 1528 805 quo
1561 749 1726 806 supra
1751 733 1862 789 dixi
1882 775 1898 801 ,
1931 735 2049 804 epi-

478 839 683 894 scopus
713 823 836 878 fuit.
867 823 934 877 Et
963 839 1030 879 ex
1063 823 1346 879 monachis
1375 824 1597 894 quidem
1625 824 1719 894 qui
1755 834 1866 878 tum
1902 823 2046 893 apud

480 915 649 986 Syros
672 959 686 982 ,
722 924 838 970 tum
871 914 1016 986 apud
1051 913 1249 970 Persas
1292 913 1445 986 Syris
1476 914 1740 970 ﬁnitimos
1788 913 2048 969 nobiliter

479 1009 850 1078 philosOphati
879 1015 1042 1074 sunt,
1067 1007 1158 1063 isti
1191 1006 1257 1060 ad
1289 1007 1544 1062 notitiam
1574 1013 1818 1060 nostram
1860 1020 2051 1075 perve-

481 1107 705 1153 nerunt.
745 1097 1041 1168 Disciplina
1075 1114 1206 1153 vero
1239 1097 1550 1153 communis
1593 1096 1706 1150 haec
1753 1095 1854 1149 fuit
1908 1111 2046 1166 pene

479 1188 780 1260 omnibus:
831 1191 1027 1244 anima:
1071 1188 1288 1259 quidem
1337 1189 1666 1259 praecipuam
1723 1201 1914 1242 curam
1961 1201 2052 1256 ge-

478 1295 635 1345 rere,
691 1295 924 1352 eamque
973 1281 1039 1336 ad
1092 1279 1452 1350 relinquenda
1513 1279 1678 1348 hujus
1733 1279 1861 1334 vita:
1907 1277 2052 1332 bona

478 1379 793 1442 promptam
833 1387 898 1427 ac
944 1384 1190 1443 paratam
1232 1371 1496 1434 reddere,
1547 1370 1755 1426 orando
1802 1370 2050 1435 scilicet,

472 1458 818 1528 jejunando,
851 1475 917 1516 ac
945 1460 1163 1516 divinos
1196 1460 1430 1532 hymnos
1459 1460 1750 1525 canendo;
1786 1468 1842 1515 et
1874 1459 1928 1514 in
1966 1460 2052 1515 his

479 1549 701 1620 quidem
731 1551 900 1607 rebus
944 1552 1240 1606 maximam
1284 1552 1551 1622 temporis
1595 1563 1805 1622 partem
1845 1565 2049 1606 consu-

480 1657 654 1708 mere,
692 1645 984 1714 pecuniam
1015 1659 1148 1699 vero
1176 1652 1232 1699 et
1276 1657 1466 1698 curam
1513 1642 1757 1698 civilium
1805 1641 2054 1713 negotio-

480 1745 640 1798 rum,
695 1733 948 1804 corporis
1002 1733 1132 1788 item
1191 1733 1471 1789 mollitiem
1507 1743 1564 1788 et
1624 1734 1834 1788 cultum
1895 1747 2056 1803 pror—

2153 553 2467 624 τονηθέντες
2500 553 2559 605 ἐν
2584 553 2697 616 τοῖς
2725 552 2874 616 ίδίοις
2909 552 3292 625 μοναστηρίοις
3319 551 3380 606 ὃν
3405 552 3613 623 τρόπον
3641 553 3741 605 καὶ

2155 641 2400 712 Λάζαρος
2430 645 2460 695 ὁ
2483 641 2762 712 δηλωθείς.
2799 642 2921 695 Οἵδε
2956 641 3055 713 μὲν
3083 641 3193 695 τῶν
3219 643 3342 696 τότε
3374 643 3738 711 φιλοσοφούνο

2153 750 2262 786 των
2302 733 2603 804 ἐπισήμως,
2648 733 2752 788 ἀνά
2797 749 2856 786 τε
2889 733 3090 803 Σύρους
3134 735 3230 787 καὶ
3257 734 3475 804 Πέρσας
3512 736 3643 796 τοὺς
3675 738 3746 788 ἐκ

2155 821 2410 888 γειτόνων
2441 823 2645 888 αὐτοῖς,
2680 824 2763 886 είς
2795 822 2996 890 γνῶσιν
3024 821 3163 893 ἐμὴν
3184 819 3368 894 ἦλθον.
3393 824 3652 878 Πολιτεία
3683 825 3744 878 δὲ

2155 913 2308 984 κοινὴ
2336 915 2522 977 πᾶσιν,
2552 913 2628 977 ώς
2656 915 2851 978 εἰπεῖν,
2872 909 2942 984 ἦν
2969 931 2986 945 θ
3019 914 3198 986 ψυχῆς
3228 915 3348 986 μὲν,
3379 916 3461 968 ὃτι
3497 915 3744 986 μάλιστα

2156 1005 2553 1075 ἐπιμελεῖσθαι,
2603 1005 2696 1058 καὶ
2735 1007 2950 1077 ἐτοιμον
2985 1006 3184 1072 ἐθίζειν
3231 1007 3368 1078 πρὸς
3411 1007 3748 1076 ἀπαλλαγὴν

2156 1095 2264 1148 τῶν
2301 1095 2486 1150 ἐνθάδε
2512 1115 2526 1128 ·
2573 1099 2630 1150 ἐν
2680 1098 2864 1168 εὐχαῖς
2893 1100 3078 1174 τεκαὶ
3111 1101 3416 1170 νηστείαις,
3449 1099 3547 1153 καὶ
3573 1099 3754 1161 θείοις

2159 1184 2348 1255 ὕμνοις
2371 1201 2386 1214 ο
2435 1186 2530 1239 καὶ
2567 1187 2694 1255 περὶ
2720 1186 2893 1242 ταῦτα
2921 1186 3017 1242 τὸν
3040 1188 3210 1242 πολὺν
3243 1189 3559 1242 ἀναλίσκειν
3590 1176 3772 1257 Sion"

2158 1277 2456 1348 χρημάτων
2492 1276 2550 1330 δέ
2573 1278 2667 1330 καὶ
2696 1278 2794 1348 τῆς
2839 1277 2970 1350 περὶ
3013 1279 3084 1334 τά
3133 1278 3386 1334 πολιτικά
3432 1279 3748 1351 πράγματα

2159 1367 2433 1438 ἀσχολίας,
2467 1367 2718 1438 σώματός
2753 1386 2811 1422 τε
2854 1369 3154 1440 ῥᾳστώνης,
3186 1369 3220 1439 ἢ
3248 1369 3565 1440 ἐπιμελείας
3603 1387 3749 1422 παν-

2158 1461 2328 1525 τελῶς
2372 1461 2614 1532 ἀμελεῖν.
2680 1462 2850 1516 Ἔνιοι
2889 1462 2945 1515 δέ
2998 1464 3090 1516 ἐπὶ
3133 1463 3385 1516 τοσοῦτον
3409 1464 3747 1533 ἐγκρατείας

2159 1550 2358 1626 ἦλθον,
2410 1554 2487 1617 ώς
2529 1552 2795 1607 Βατθαίου
2849 1554 2950 1624 μὲν
2993 1554 3098 1608 ὑπὸ
3159 1555 3260 1626 τῆς
3308 1555 3447 1624 ἄγαν
3497 1556 3747 1617 ἀσιτίας,

2163 1643 2445 1716 σκώληκας
2496 1648 2561 1699 ἐκ
2611 1646 2718 1700 τῶν
2760 1647 2987 1699 ὀδόντων
3035 1645 3247 1716 ἐρπεινο
3322 1645 3484 1699 Ἀλᾶν
3538 1646 3597 1699 δὲ
3649 1649 3750 1700 ἐπὶ

2160 1736 2485 1805 ὀγδοήκοντα
2529 1738 2828 1802 ἐνιαυτοὺς,
2863 1738 3027 1808 ἄρτου
3057 1737 3132 1808 μὴ
3163 1736 3495 1804 γεύσασθαι·
3559 1738 3654 1791 τὸν
3687 1737 3746 1790 δὲ

481 1837 582 1878 sus
630 1830 1006 1879 contemnere.
1060 1825 1166 1879 Alii
1213 1839 1344 1879 vero
1390 1825 1456 1878 ad
1510 1832 1718 1878 tantam
1776 1823 2052 1893 progressi

2175 1828 2490 1898 Ἥλιόδωρον
2533 1828 2772 1891 ἀύπνους
2814 1827 2912 1891 τὰς
2947 1827 3149 1890 πολλὰς
3181 1826 3611 1898 διακαρτερῆσαι
3645 1827 3738 1880 νύ-

480 1921 613 1969 sunt
637 1913 1027 1968 abstinentiam
1049 1955 1065 1978 ,
1099 1923 1158 1968 ut
1189 1915 1432 1970 Batthzeo
1460 1915 1682 1985 quidem
1723 1914 1794 1968 ob
1832 1915 2059 1968 nimiam

481 2003 720 2058 inediam
754 2021 962 2060 vermes
993 2023 1060 2061 ex
1091 2006 1347 2063 dentibus
1382 2008 1529 2062 enati
1563 2009 1718 2074 sint;
1767 2008 1898 2061 Alas
1930 2020 2060 2061 vero

481 2094 550 2148 ad
586 2107 763 2151 annos
794 2110 969 2166 usque
1009 2097 1290 2166 octoginta
1335 2111 1530 2167 panem
1564 2111 1674 2152 non
1718 2096 2054 2161 comederit;

482 2184 816 2241 Heliodorus
864 2192 1046 2241 autem
1084 2186 1287 2242 multas
1321 2195 1514 2242 noctes
1547 2187 1832 2243 insomnes
1873 2195 2057 2243 trans-

481 2277 658 2348 egerit
675 2317 692 2342 .
722 2287 984 2348 septenos
1008 2277 1128 2334 dies
1149 2279 1448 2334 continuos
1469 2280 1524 2334 in
1543 2278 1776 2350 jejuniis
1803 2294 2059 2350 perseve-

482 2382 634 2423 rans.
671 2366 832 2440 Syria
866 2384 1034 2434 vero,
1069 2378 1180 2424 tam
1211 2385 1275 2425 ea
1303 2386 1425 2440 quae
1453 2370 1604 2425 Caele
1640 2371 1863 2434 dicitur,
1892 2385 2058 2440 quam

479 2474 608 2531 quae
640 2475 803 2529 supra
840 2461 986 2516 illam
1021 2463 1200 2531 posita
1249 2471 1367 2529 est,
1413 2469 1644 2533 excepta
1689 2462 1827 2516 urbe
1868 2462 2056 2516 Antio-

447 2539 608 2606 'chia
629 2589 644 2615 ,
673 2551 852 2606 serius
878 2551 1102 2621 quidem
1127 2553 1194 2606 ad
1221 2551 1428 2606 Christi
1457 2553 1774 2623 religionem
1795 2566 2058 2606 conversa

484 2639 610 2706 fuit,
650 2640 745 2696 sed
778 2648 959 2696 tamen
991 2643 1384 2697 ecclesiasticis
1418 2642 1777 2713 ~phiIOSOpbis
1820 2657 1927 2696 non
1972 2658 2062 2696 ca-

481 2733 614 2786 rnit.
669 2731 772 2798 Qui
825 2733 1046 2803 quidem
1093 2748 1158 2788 eo
1208 2734 1469 2788 fortiores
1514 2741 1570 2788 et
1617 2734 1837 2787 luerunt
1865 2741 1919 2788 et
1953 2733 2056 2788 visi

483 2833 644 2888 sunt,
673 2839 784 2892 quo
819 2826 991 2894 magis
1019 2825 1182 2879 invisi
1217 2833 1375 2898 eram,
1414 2825 1610 2881 incolis
1650 2841 1836 2880 earnm
1882 2825 2061 2895 regio-

487 2931 615 2970 num
637 2955 651 2976 ,
685 2931 986 2985 eorumque
1017 2917 1228 2971 crebris
1261 2917 1476 2973 insidiis
1505 2918 1927 2988 appetebantur;
1962 2917 2060 2972 iis-

484 3008 720 3074 demque
751 3007 896 3060 virili
931 3009 1114 3061 animo
1145 3011 1504 3073 resistebant,
1537 3009 1700 3080 269
1728 3025 1836 3064 non
1868 3009 1976 3064 vim
2006 3009 2058 3062 vi

486 3096 833 3165 repellenda,
866 3111 968 3151 nec
1000 3100 1328 3167 semetipsos
1355 3100 1674 3154 ulciscendo
1696 3139 1711 3163 ,
1740 3099 1833 3153 sed
1862 3108 2058 3153 contu-

2161 1935 2314 1983 κτας,
2343 1917 2643 1987 ἑϐδομάδας
2674 1915 2897 1986 ἡμερῶν
2921 1918 2979 1969 ἐν
3001 1916 3274 1984 νηστείαις
3300 1915 3747 1983 ἐπισυνάψαντα.

2160 2008 2328 2079 Συρία
2355 2008 2431 2071 δὲ,
2460 2009 2496 2078 ἦ
2523 2025 2580 2061 τε
2609 2007 2781 2078 Κοίλη
2815 2005 3142 2076 καλουμένη,
3161 2006 3257 2058 καὶ
3283 2007 3316 2074 ὴ
3341 2005 3480 2076 ὑπὲρ
3509 2005 3747 2075 ταύτην,

2109 2119 2111 2122 ⁴
2158 2097 2302 2169 πλὴν
2347 2096 2703 2167 Ἀντιοχείας,
2755 2095 2971 2168 βράδιον
3008 2096 3090 2159 είς
3130 2095 3560 2167 Χριστιανισμδν
3614 2112 3750 2166 μετ-

2159 2188 2370 2244 έϐαλον.
2423 2189 2498 2242 Οὐ
2535 2188 2641 2259 μὴν
2673 2189 2790 2242 οὐδὲ
2830 2187 2969 2258 αὕτη
3003 2188 3306 2258 φιλοσόφων
3349 2187 3740 2257 ἐκκλησιαστι-

2159 2284 2270 2336 κῶν
2302 2282 2528 2354 ἄμοιρος
2561 2276 2660 2353 ἦν·
2709 2281 2883 2352 ταύτῃ
2927 2299 2990 2348 γε
3035 2281 3232 2352 μᾶλλον
3275 2279 3541 2350 ἀνδρείων
3569 2280 3750 2332 ὅντων

2157 2393 2216 2429 τε
2246 2377 2340 2429 καὶ
2373 2375 2730 2445 φαινομένων,
2776 2374 2884 2444 ὅσῳ
2914 2389 2976 2442 γε
3007 2373 3099 2425 καὶ
3128 2372 3265 2443 πρὸς
3291 2371 3400 2424 τῶν
3445 2371 3750 2425 οἰκούντων

2158 2465 2257 2535 τὴν
2296 2464 2478 2535 χώραν
2523 2464 2808 2535 ἐμισοῦντο
2844 2465 2938 2516 καὶ
2974 2463 3428 2516 ἐπεϐουλεύοντοο
3474 2464 3572 2516 καὶ
3618 2480 3746 2530 γεν·

2159 2555 2318 2619 ναίως
2349 2557 2609 2626 ἀντεῖχον,
2666 2557 2766 2609 ούκ
2804 2557 3156 2626 ἀμυνόμενοι,
3187 2555 3309 2608 ούδέ
3335 2555 3491 2624 δίκην
3524 2555 3754 2623 λαμϐά-

2157 2664 2367 2711 νοντες,
2426 2646 2559 2700 ἀλλὰ
2605 2647 2904 2718 προθύμως
2966 2645 3064 2709 τὰς
3111 2645 3264 2717 παρὰ
3307 2644 3414 2698 τῶν
3470 2645 3790 2715 Ἑλλήνωῖ

2160 2739 2346 2810 ὕϐρεις
2375 2756 2433 2793 τε
2479 2739 2574 2792 καὶ
2613 2739 2826 2807 πληγὰς
2852 2739 3234 2806 ὑπομένοντες.
3287 2737 3450 2798 Οἴους
3481 2736 3752 2803 γενέσθαι

2160 2830 2436 2900 ἐπυθόμην
2471 2829 2840 2894 Οὐαλεντίνου,
2887 2829 2944 2881 ὃν
2971 2830 3020 2881 oi
3060 2829 3158 2900 μὲν
3183 2827 3241 2895 ἐξ
3287 2827 3546 2898 Ἐμέσης,
3599 2830 3650 2880 οί
3690 2828 3758 2882 δὲ

2160 2918 2220 2983 ἐξ
2259 2918 2583 2990 Ἀρεθούσης
2607 2919 2666 2971 τὸ
2693 2919 2849 2987 γένος
2872 2918 3014 2988 ἔχειν
3041 2917 3247 2988 ἔφασαν
3267 2935 3281 2949 ·
3307 2918 3399 2971 καὶ
3421 2918 3511 2970 τὸν
3526 2918 3762 2988 ὁμώνυ-

2163 3028 2261 3080 μον
2293 3011 2383 3063 τὸν
2413 3009 2600 3074 αὑτοῦ,
2634 3009 2727 3064 καὶ
2756 3010 3051 3079 Θεόδωρον.
3083 3012 3284 3081 ’Δμφω
3307 3009 3365 3063 δὲ
3397 3010 3506 3062 ἀπὸ
3529 3008 3755 3062 Τιττῶν

2159 3100 2252 3154 τοῦ
2296 3101 2585 3171 Ἀπαμέων
2625 3101 2788 3172 νομοῦ
2822 3101 3010 3172 ἤστην.
3077 3101 3187 3154 Καὶ
3222 3099 3500 3171 Μαρώσαν
3549 3101 3645 3154 τὸν
3684 3102 3756 3155 ἐκ

487 3185 680 3240 melias
709 3194 763 3240 et
820 3188 1049 3242 verbera
1103 3189 1205 3241 sibi
1260 3205 1290 3242 a
1341 3190 1639 3258 gentilibus
1683 3192 1832 3243 illata
1889 3191 2057 3245 alacri

2162 3194 2450 3263 Νεχείλων,
2477 3193 2572 3246 καὶ
2612 3193 2841 3256 Βάσσον,
2889 3193 2980 3246 καὶ
3015 3192 3325 3262 Βασσώνην,
3378 3192 3475 3245 καὶ
3502 3193 3752 3258 Παῦλον,

487 3277 673 3330 animo
704 3275 1063 3346 perferentes.
1105 3278 1389 3347 Ejusmodi
1434 3279 1605 3335 fuisse
1650 3281 1834 3350 accepi
1869 3280 2060 3335 Valen-

488 3369 700 3436 tinum,
738 3384 903 3438 quem
935 3371 1025 3425 alii
1061 3387 1128 3426 ex
1159 3371 1292 3426 urbe
1315 3371 1542 3439 Emesa,
1575 3373 1664 3426 alii
1691 3388 1756 3427 ex
1789 3374 2059 3428 Arethusa

486 3477 661 3532 genus
685 3463 924 3520 traxisse
952 3465 1145 3519 dicunt
1171 3481 1188 3519 :
1217 3473 1272 3518 et
1301 3465 1533 3520 alterum
1562 3466 1650 3520 isli
1677 3464 2060 3534 cognominem

490 3553 842 3611 Valentinum
869 3595 884 3621 ,
916 3573 981 3613 ac
1007 3557 1380 3614 Theodorum.
1413 3557 1477 3611 lli
1511 3557 1620 3612 duo
1648 3574 1712 3613 ex
1742 3557 1937 3620 Tittis,
1969 3559 2061 3628 qui

487 3647 645 3702 vicus
672 3656 758 3702 est
785 3649 839 3703 in
871 3650 1152 3704 territorio
1176 3651 1567 3720 Apamensium
1589 3689 1604 3715 ,
1634 3659 1794 3706 erant
1821 3651 2058 3705 oriundi.

489 3735 756 3793 Marosam
786 3748 1049 3807 praeterea
1077 3756 1140 3794 ex
1178 3739 1422 3797 Ner-bilis
1455 3753 1674 3805 ortum,
1708 3751 1763 3796 et
1791 3739 2016 3796 Bassum
2043 3781 2060 3804 ,

487 3834 546 3882 et
569 3827 863 3883 Bassonem
888 3869 901 3891 .
931 3844 994 3885 ac
1026 3830 1255 3884 Paulum
1288 3832 1382 3902 qui
1414 3848 1481 3886 ex
1513 3833 1636 3887 vico
1667 3831 1908 3887 Tclmiso
1941 3846 2064 3901 pro-

487 3927 722 3988 gnatus,
760 3935 883 3972 cum
928 3921 1129 3976 multos
1172 3922 1340 3976 variis
1371 3923 1424 3975 in
1461 3923 1598 3978 locis
1629 3931 2059 3994 congregasset,

489 4019 543 4064 et
569 4014 898 4080 competvnli
931 4014 1145 4068 ratione
1175 4013 1240 4067 ad
1274 4015 1631 4070 monasticam
1664 4015 2060 4084 philosophiam

489 4102 879 4172 informasset,
909 4104 1129 4158 tandem
1165 4106 1217 4158 in
1252 4105 1374 4159 loco
1402 4105 1494 4175 qui
1540 4104 1798 4175 Jugatum
1839 4105 2061 4168 dicitur,

489 4195 784 4248 maximam
813 4211 878 4248 ac
908 4197 1308 4252 nobilissimam
1344 4198 1738 4252 monachorum
1766 4213 2064 4268 congrega-

489 4286 699 4342 tionem
729 4287 986 4344 instituit.
1026 4288 1146 4354 Quo
1171 4290 1336 4343 etiam
1375 4290 1426 4344 in
1467 4289 1586 4343 loco
1611 4300 1861 4344 mortuus
1887 4298 1969 4344 est
1999 4303 2064 4343 ac

489 4382 766 4450 sepultus,
797 4395 927 4435 cum
956 4381 1266 4437 diutissime
1300 4381 1566 4446 vixisset;
1611 4382 1816 4452 quippe
1859 4381 1951 4450 qui
1996 4380 2064 4435 ad

2160 3283 2216 3347 ὃς
2243 3284 2351 3336 ἀπὸ
2395 3285 2492 3354 τῆς
2519 3285 2788 3356 Τελμισσῦ
2826 3287 2926 3356 τῆς
2955 3284 3150 3354 κώμης
3200 3283 3414 3352 ἐγένετο
3441 3302 3456 3316 ο
3511 3285 3756 3348 πολλοὺς

2159 3375 2215 3428 δὲ
2254 3376 2312 3428 ἐν
2343 3375 2553 3440 πολλοῖς
2579 3377 2762 3439 τόποις
2795 3375 3126 3440 συνοικίσας,
3182 3375 3275 3429 καὶ
3311 3375 3372 3428 όν
3404 3375 3509 3447 χρὴ
3541 3376 3754 3444 τρόπον

2163 3465 2488 3535 συναγαγὼν
2531 3469 2610 3530 είς
2651 3468 2710 3520 τὸ
2736 3468 3042 3536 φιλοσοφεῖν
3075 3467 3304 3531 εἰδέναι,
3335 3467 3398 3520 τὸ
3429 3467 3753 3519 τελευταῖον

2161 3559 2240 3621 εἰς
2279 3559 2339 3611 τὸ
2379 3558 2648 3628 ’ῐουγάτον
2679 3559 3012 3628 καλούμενον
3045 3560 3242 3631 χωρίον
3276 3559 3542 3630 μεγίστην
3577 3576 3637 3612 τε
3653 3560 3754 3612 καὶ

2163 3650 2567 3720 ἐπισημοτάτην
2587 3650 2859 3703 συνοικίαν
2885 3650 3132 3720 μοναχῶν
3153 3651 3548 3720 κατεστήσατο.
3575 3650 3755 3704 Ἔνθα.

2161 3739 2224 3810 δη
2253 3741 2345 3793 καὶ
2379 3741 2717 3811 ἐτελεύτησε,
2770 3743 2864 3794 καὶ
2915 3742 3005 3794 τὸν
3037 3741 3204 3810 τάφον
3251 3741 3384 3810 ἔχει.
3429 3741 3755 3812 μακροϐιώ-

2162 3849 2322 3894 τατος
2342 3830 2578 3901 γεγονώς
2609 3848 2624 3862 ·
2677 3833 2753 3895 ώς
2780 3832 2942 3904 μέχρι
2979 3833 3073 3885 καὶ
3114 3834 3193 3896 είς
3237 3834 3388 3903 ἡμᾶς
3429 3833 3751 3894 ἐπιϐιῶναι,

2163 3923 2467 3992 εὐδοκίμως
2513 3922 2606 3976 καὶ
2639 3922 2796 3985 Θείως
2825 3923 3210 3992 φιλοσοφήσας.
3274 3924 3382 3976 Καὶ
3419 3924 3531 3976 τῶν
3572 3924 3754 3977 ἄλλων

2163 4013 2219 4067 δὲ
2241 4015 2349 4065 τῶν
2387 4013 2734 4083 δηλωθέντων
2784 4014 3068 4084 μοναχῶν,
3123 4015 3306 4086 σχεδὸν
3337 4016 3539 4077 πάντες
3581 4017 3754 4070 πολὺν

2163 4103 2462 4171 διεγένοντο
2511 4105 2718 4176 χρόνον.
2796 4105 2904 4158 Καί
2944 4123 3034 4175 μοι
3071 4105 3352 4174 φαίνεται,
3409 4107 3754 4176 μακροϐίους

2165 4195 2288 4254 τοὺς
2323 4193 2523 4264 ἄνδρας
2556 4196 2584 4246 ό
2615 4192 2748 4258 Θεὸς
2789 4194 3063 4266 ἐποίησεν,
3105 4196 3183 4258 είς
3205 4194 3441 4249 ἐπίδοσιν
3485 4197 3588 4265 τὴν
3619 4195 3752 4266 θρη-

2169 4283 2354 4335 σκείαν
2389 4284 2558 4350 ἄγων.
2595 4283 2797 4355 Σύρους
2820 4301 2877 4337 τε
2905 4284 3014 4355 γὰρ
3034 4285 3108 4349 ὡς
3141 4285 3366 4349 ἐπίπαν,
3384 4284 3481 4336 καὶ
3521 4285 3753 4355 Περσῶν

2167 4374 2260 4426 καὶ
2299 4375 2632 4446 Σαρακηνῶν
2675 4375 2980 4437 πλείστους,
3015 4374 3154 4445 πρὸς
3189 4375 3251 4427 τὸ
3286 4377 3486 4428 οἰκεῖον
3534 4377 3754 4444 ἐπηγάο

490 4480 680 4526 nostra
714 4487 888 4541 usque
928 4481 1172 4542 tempora
1204 4473 1367 4526 vitam
1399 4473 1757 4544 produxerit.
1802 4471 2057 4526 eximiam

2167 4483 2324 4535 γοντο
2367 4466 2550 4532 σέϐας,
2575 4468 2669 4522 καὶ
2699 4465 3023 4538 Ἐλληνίζειν
3055 4466 3319 4520 ἔπαυσαν.
3337 4467 3662 4537 Μοναχικῆς
3691 4485 3754 4520 τε

487 4576 554 4616 ac
578 4577 709 4617 vere
737 4562 979 4617 divinam
1027 4563 1449 4633 philosophandi
1497 4565 1766 4620 rationem
1816 4570 2063 4619 secutus.

489 4653 595 4708 Sed
625 4662 680 4708 et
712 4655 906 4724 reliqui
938 4671 1080 4725 quos
1111 4671 1277 4725 supra
1310 4656 1738 4710 memoravimus
1771 4655 2064 4719 monachi,

488 4743 606 4797 fere
638 4761 832 4800 onmes
863 4748 955 4801 diu
990 4749 1319 4816 superstites
1348 4748 1624 4802 vixerunt.
1660 4746 1738 4800 Ac
1775 4748 1906 4801 mihi
1941 4749 2067 4816 qui-

487 4834 612 4888 dem
645 4835 862 4891 videtur
889 4837 1031 4893 Deus
1057 4839 1328 4909 prolixum
1363 4838 1488 4892 vita:
1517 4839 1757 4907 spatium
1786 4838 1852 4892 iis
1883 4838 2068 4892 indul-

487 4927 656 4992 sisse,
688 4936 748 4980 ut
775 4929 970 5000 religio
1000 4931 1400 4987 incrementum
1447 4931 1738 5000 acciperet.
1787 4929 1865 4984 Illi
1911 4931 2056 4985 enim

489 5019 560 5091 Sy
575 5035 667 5075 ros
691 5019 802 5077 fere
824 5036 1040 5085 omnes,
1067 5034 1121 5078 et
1147 5040 1212 5078 ex
1239 5023 1424 5080 Persis
1453 5039 1518 5079 ac
1548 5023 1838 5080 Saracenis
1864 5039 2058 5093 quam-

486 5111 777 5181 plurimos,
800 5112 866 5167 ad
893 5113 1207 5183 religionem
1231 5131 1388 5171 suam
1409 5115 1807 5182 traduxerunt,
1835 5125 1890 5172 et
1913 5132 1941 5170 a
1967 5131 2058 5170 su-

488 5201 811 5272 perstitioso
834 5202 1145 5258 daemonum
1171 5208 1325 5261 cultu
1365 5207 1776 5265 abstraxerunt.
1813 5209 2060 5278 Cumque

558 5316 574 5348 ί
611 5313 731 5370 Lib.
766 5331 849 5380 ιιι,
885 5329 937 5371 c.
965 5314 1053 5380 14,
1091 5315 1179 5372 16.

2169 4558 2487 4629 φιλοσοφίας
2535 4559 2722 4613 ἐνθάδε
2763 4559 3053 4632 ἄρξαντες,
3102 4558 3330 4622 πολλοὺς
3377 4559 3600 4629 ὁμοίους
3648 4561 3758 4614 ἀπ-

2166 4653 2391 4721 έφηναν.
2450 4651 2560 4704 Καὶ
2585 4651 2830 4714 Γαλάτας
2864 4650 2920 4704 δὲ
2948 4651 3044 4705 καὶ
3073 4649 3470 4713 Καππαδόκας,
3499 4651 3601 4704 καὶ
3627 4653 3754 4715 τοὺς

2166 4743 2371 4798 τούτων
2402 4743 2634 4814 ὁμόρους
2653 4783 2667 4806 ,
2713 4741 3004 4813 συμϐάλλω
3038 4741 3266 4806 πολλοὺς
3298 4741 3399 4811 μὲν
3427 4741 3526 4795 καὶ
3553 4742 3752 4806 ἄλλους

2167 4835 2458 4907 ἐσχηκέναι
2484 4835 2604 4888 τότε
2639 4835 3133 4907 ἐκκλησιαστικοὺς
3155 4833 3511 4902 φιλοσόφους,
3562 4829 3658 4887 οἶά
3685 4851 3753 4902 γε

2168 4927 2334 4982 πάλαι
2363 4926 2424 4979 τὸ
2447 4925 2621 4995 δόγμα
2653 4923 2954 4985 σπουδαίως
2979 4922 3404 4994 πρεσϐεύοντας.
3437 4922 3602 4975 Κατά
3636 4939 3758 4974 συν.

2167 5018 2343 5082 οικίας
2382 5017 2438 5071 δὲ
2483 5019 2540 5069 ἐν
2587 5015 2803 5069 πόλεσιν
2843 5015 2876 5084 ἢ
2918 5013 3133 5084 κώμαις
3182 5015 3230 5066 οί
3276 5012 3498 5076 πλείους
3548 5012 3751 5082 ᾤκουν.

2168 5109 2305 5163 Οὔτε
2341 5109 2449 5178 γὰρ
2493 5107 2784 5178 παραδόσει
2830 5105 2937 5158 τῶν
2983 5102 3471 5176 προγεγενημένων
3504 5101 3756 5172 εἰθίσθη-

2173 5218 2303 5255 σαν⁸
2353 5200 2476 5253 οὔτε
2515 5200 2619 5254 ὑπὸ
2665 5197 3028 5270 χαλεπότητος
3074 5194 3382 5267 χειμῶνος,
3441 5189 3610 5262 φύσει
3661 5191 3755 5246 τοῦ

1653 5469 1928 5526 VALESII
1969 5469 2532 5526 ANNOTATIONES.

487 5605 660 5678 gium,
681 5606 858 5678 finitio
895 5608 1118 5677 quidem
1154 5617 1371 5661 creatos
1397 5623 1520 5663 esse
1544 5609 1834 5678 episcopos
1861 5624 2062 5663 vacan-

488 5674 564 5750 t_i_s
592 5674 694 5750 loci
748 5674 976 5733 honoris
1008 5691 1210 5737 causa;
1245 5686 1432 5748 postea
1469 5674 1600 5735 vero
1623 5674 1784 5735 sedes
1814 5679 1927 5734 illis
1952 5687 2064 5733 tra-

489 5741 636 5798 ditas
668 5743 838 5803 fuisse
865 5762 1002 5818 quas
1034 5741 1300 5819 regerent.

2234 5607 2347 5676 (62)
2384 5605 2780 5676 Ἀνταμοιϐἦς.
2815 5603 3176 5662 Scribendum
3201 5612 3284 5659 est
3320 5603 3563 5661 diductis
3594 5617 3747 5660 voc:-

2164 5679 2286 5742 bus,
2323 5677 2437 5731 ἀντ’
2471 5677 2720 5747 ἀμοιϐῆς.
