4054 6188
277 317 420 390 leas

1233 323 1551 381 lliSTOlll.\
1587 322 2160 394 _ECCI.ESIASTICA.
2184 355 2252 365 —
2285 324 2416 380 LIB.
2457 325 2544 380 Vl.

2374 109 2392 143 ι

3383 331 3407 384 1
3419 327 3528 385 406

277 441 436 510 αὖθις
465 442 754 517 συμϐαλὼν
783 442 1018 510 ἐνίκησε,
1050 440 1142 494 καὶ
1167 441 1290 503 τοὺς
1325 441 1470 510 ἀμφὶ
1497 439 1852 510 Ἀθανάριχον

1958 440 2124 495 misso
2182 442 2326 495 inter
2363 456 2458 496 eos
2513 439 2729 511 prmlio,
2760 440 2942 496 victus
2985 439 3366 514 Phritigernus
3413 443 3526 499 Ro-

276 539 359 601 εἱς
392 537 571 606 φυγὴν
599 533 842 603 ἔτρεψεν.
880 533 1090 602 ’Ὠσπερ
1121 531 1177 585 δὲ
1217 532 1374 602 χάριν
1405 531 1686 592 ἀποδιδοὺς
1722 530 1857 583 Οὐά-

276 627 444 689 λεντι,
478 623 571 680 καὶ
599 623 686 678 διὰ
707 623 926 676 πάντων
955 623 1107 691 φίλος
1131 617 1269 675 εἶναι
1304 622 1682 691 πιστούμενος,
1713 623 1854 672 ὲκοι-

275 714 485 782 νώνησε
513 713 616 782 τῆς
662 709 824 764 αὑτοῦ
851 710 1144 780 θρησκείας
1167 726 1180 740 ·
1213 711 1306 763 καὶ
1340 710 1468 772 τοὺς
1501 709 1855 778 πειθομένους

275 803 426 874 αὑτῷ
465 802 772 873 βαρϐάρους
811 800 1026 854 ἔπειθεν
1057 795 1159 855 ὧδε
1198 803 1433 872 φρονεῖν.
1485 800 1559 853 Οὑ
1609 798 1767 852 τοῦτο
1797 799 1855 852 δὲ

280 892 459 964 μόνον,
489 886 663 962 οἶμαι,
711 892 881 945 αῐτιον
911 890 1154 960 γέγονεν,
1194 891 1359 943 εἰσέτι
1398 889 1492 942 νῦν
1519 891 1627 943 πᾶν
1666 890 1728 942 τὺ
1751 888 1853 958 φῦ-

277 983 367 1036 λον
411 980 774 1053 προστεθῆναι
815 983 928 1046 τοῖς
967 981 1039 1035 τὰ
1084 980 1294 1051 ’Δρείου
1339 978 1667 1045 δοξάζουσιν.
1693 978 1854 1032 Ἀλλά

278 1072 386 1144 γὰρ
411 1072 508 1126 καὶ
544 1070 815 1140 Οὑλφίλας
853 1072 882 1124 ὁ
915 1072 1046 1142 παρ’
1081 1072 1263 1132 αὑτοῖς
1286 1071 1406 1124 τότε
1449 1069 1761 1142 ίερωμένος,
1786 1069 1855 1122 τὰ

281 1162 383 1232 μὲν
421 1162 615 1232 πρῶτα
653 1161 802 1214 οὐδὲν
850 1161 1129 1233 διεφέρετο
1161 1162 1296 1230 πρὸς
1341 1163 1441 1232 τὴν
1479 1161 1709 1214 καθόλου
1739 1161 1857 1213 Ἐκ-

280 1251 673 1321 κλησίαν.Ἐπὶ
697 1251 755 1304 δὲ
789 1251 887 1322 τῆς
911 1251 1289 1304 Κωνσταντίου
1326 1249 1621 1320 βασιλείας,
1655 1251 1854 1322 ἀπερι-

284 1344 556 1409 σκέπτως,
591 1340 770 1414 οῐμαι,
803 1342 1086 1413 μετασχὼν
1111 1345 1225 1406 τοῖς
1271 1343 1416 1412 ἀμφὶ
1463 1343 1710 1410 Εὑδόξιον
1762 1347 1856 1399 καὶ

280 1433 534 1486 Ἀκάκιον
561 1432 660 1502 τῆς
685 1434 742 1485 ἐν
767 1433 1335 1486 Κωνσταντινουπὸλει
1366 1433 1602 1498 συνόδου,
1621 1433 1855 1504 διέμεινε

281 1522 553 1577 κοινωνῶν
584 1525 698 1587 τοῖς
736 1522 937 1594 ἱερεῦσι
961 1523 1072 1595 (75)
1105 1524 1214 1577 τῶν
1249 1525 1309 1577 ὲν
1337 1524 1539 1595 Νικαίᾳ
1576 1525 1856 1579 συνελθόνο

279 1631 408 1665 των.
439 1613 530 1675 Ὠς
560 1611 616 1664 δὲ
651 1613 732 1676 είς
768 1611 1339 1665 Κωνσταντινοὺπολιν
1364 1611 1608 1682 ἀφίκετο,
1640 1613 1855 1682 λέγεται

279 1701 670 1772 διαλεχθέντων
710 1701 860 1771 αὐτῷ
892 1703 1020 1774 περί
1044 1702 1135 1756 τοῦ
1158 1703 1424 1772 δόγματος
1455 1702 1562 1756 τῶν
1584 1702 1854 1774 προεστώ-

278 1811 387 1846 των
414 1793 513 1864 τῆς
537 1794 595 1845 Ἀ
607 1793 825 1864 ρειανῆς
851 1793 1132 1863 αἱρέσεως,
1156 1794 1257 1866 καλι
1274 1795 1373 1862 τὴν
1395 1795 1687 1866 πρεσϐείαν
1706 1794 1853 1866 αὑτῷ

281 1882 622 1954 συμπράξειν
659 1883 795 1952 πρὸς
846 1883 1066 1953 βασιλέα
1109 1885 1526 1956 ὑποσχομένων,
1557 1887 1605 1938 εί
1652 1885 1854 1955 ὁμοίως

280 1977 462 2038 αὐτοῖς
495 1975 726 2040 δοξάζοι,
753 1975 990 2046 βιασθεὶς
1019 1975 1124 2028 ὑπὸ
1163 1977 1262 2046 τῆς
1299 1977 1505 2048 χρείας,
1535 1977 1568 2047 ἢ
1603 1979 1697 2030 καλ⁵
1719 1977 1854 2047 άλη-

281 2064 389 2127 θῶς
419 2065 647 2136 νομίσας
693 2064 912 2136 ἄμεινον
943 2065 1086 2118 οὑτω
1131 2069 1260 2136 περὶ
1300 2067 1434 2120 Θεοῦ
1467 2071 1704 2138 φρονεῖν,
1742 2070 1855 2131 τοῖς

279 2157 488 2227 Ἀρείου
511 2157 857 2226 κοινωνῆσαι,
885 2159 976 2210 καὶ
1006 2157 1168 2210 αὑτὸν
1188 2157 1285 2211 καὶ
1318 2157 1379 2210 τὸ
1409 2159 1518 2211 πᾶν
1543 2157 1706 2227 φῦλον
1727 2159 1856 2211 άπο-

278 2251 464 2318 τεμεῖν
489 2249 588 2318 τῆς
616 2247 843 2301 καθόλου
866 2247 1214 2319 Ἐκκλησίας.
1254 2248 1390 2302 ’Υπδ
1418 2248 1722 2320 διδασκάλῳ
1745 2249 1854 2319 γὰρ

279 2338 430 2408 αὑτῷ
461 2339 843 2402 παιδευθέντες
871 2340 920 2392 οἱ
959 2339 1143 2392 Γάτθοι
1174 2339 1246 2393 τὰ
1281 2340 1417 2411 πρὸς
1444 2339 1857 2404 εὑσέὸειαν,καὶ

277 2432 346 2498 διῖ
375 2431 536 2484 αὑτοῦ
579 2431 936 2501 μετασχόντες
971 2431 1241 2493 πολιτείας
1269 2430 1643 2501 ἡμερωτέρας,
1677 2429 1856 2483 πάντα

283 2522 480 2594 ῥαδίως
506 2521 654 2592 αὑτῷ
675 2521 947 2575 ἐπείθοντο
962 2538 976 2553 ·
998 2522 1348 2591 πεπεισμένοι
1374 2521 1536 2592 μηδὲν
1555 2517 1692 2574 εἶναι
1721 2519 1857 2589 φαῦ-

280 2615 371 2668 λον
427 2613 537 2667 τῶν
585 2617 712 2686 παρ’
761 2614 926 2670 αὐτοῦ
979 2614 1284 2685 λεγομένων
1332 2614 1366 2684 ἢ
1424 2613 1814 2683 πραττομένων
1838 2631 1852 2644 ·

280 2705 496 2762 ἅπαντα
521 2708 579 2761 δὲ
615 2707 884 2760 συντελεῖν
933 2709 1011 2771 εἰς
1045 2709 1311 2777 χρήσιμον
1342 2707 1454 2767 τοῖς
1485 2703 1755 2772 ζηλοῦσιν.
1781 2703 1854 2756 υὺ

286 2799 393 2868 μὴν
418 2797 552 2851 ἀλλὰ
571 2797 664 2852 καὶ
684 2797 942 2868 πλείστην
963 2797 1162 2850 δέδωκε
1186 2799 1380 2866 πεῖραν
1414 2797 1513 2866 τῆς
1537 2795 1700 2848 αὑτοῦ
1729 2797 1858 2866 ἀρε-

281 2891 382 2960 τῆς
412 2904 427 2920 ο
457 2888 684 2958 μυρίους
741 2888 840 2958 μὲν
889 2887 1188 2956 ὑπομείνας
1237 2886 1513 2949 κινδύνους
1569 2885 1709 2956 ὑπὲρ
1763 2885 1856 2938 τοῦ

282 2979 567 3049 δόγματος,
593 2978 672 3032 ἔτι
709 2978 816 3031 τῶν
846 2979 1149 3050 εἰρημένων
1190 2977 1483 3049 βαρϐάρων
1528 2976 1856 3047 Ἑλληνικῶς

1958 549 2244 595 manorum
2279 535 2540 589 auxilium
2585 535 2916 606 imploravit.
2948 534 3102 601 Quod
3131 551 3254 588 cum
3287 536 3523 605 impera-

1957 634 2044 680 tor
2095 626 2460 681 concessisset
2515 627 2890 695 jussissetque'
2935 635 2998 679 ut:
3066 626 3267 680 milites
3316 628 3412 695 qui
3467 628 3533 681 in

1956 716 2192 772 Thracia
2223 725 2384 770 erant
2410 717 2458 770 ei
2502 716 2766 769 auxilium
2799 717 3024 784 ferrent,
3055 713 3236 770 denuo
3264 729 3525 783 congres-

1956 824 2073 872 sus,
2094 808 2380 861 victoriam
2409 807 2594 860 retulit
2622 815 2678 862 et
2703 807 3018 861 Athanarici
3048 807 3234 875 copias
3259 805 3311 858 in
3340 806 3532 874 fugam

1956 898 2142 952 vertit.
2175 895 2346 952 Porro
2383 903 2443 948 ut
2479 893 2697 949 Valenti
2730 895 2960 966 gratiam
2989 893 3241 958 referret,
3273 908 3442 961 seque
3469 894 3536 946 in-

1955 989 2212 1044 omnibus
2255 988 2418 1041 fidum
2456 995 2620 1056 atque
2658 986 2893 1040 amicum
2935 987 2984 1040 ei
3031 984 3148 1040 fore
3193 983 3522 1039 testificare.

1955 1088 2062 1143 tur,
2086 1089 2290 1134 sectam
2319 1078 2439 1146 ejus
2469 1093 2533 1132 ac
2558 1077 2997 1133 communionem
3035 1075 3318 1144 amplexus
3342 1081 3528 1150 esthet

1954 1168 2209 1224 barbaris
2242 1169 2335 1237 qui
2379 1168 2485 1223 sub
2525 1169 2643 1238 ipso
2675 1175 2852 1230 erant,
2881 1173 2942 1220 ut
2975 1165 3118 1219 idem
3151 1177 3369 1234 quoque
3401 1177 3528 1216 sen-

1956 1259 2144 1324 tireul,
2177 1258 2474 1327 persuasit.
2508 1257 2695 1328 Neque
2739 1267 2919 1312 tamen
2968 1257 3019 1310 id
3067 1256 3268 1313 solum,
3302 1255 3522 1322 opinor.

1956 1349 2011 1404 in
2045 1363 2215 1403 causa
2260 1349 2386 1412 fuit,
2417 1360 2476 1402 ut
2509 1348 2767 1402 universa
2805 1347 3106 1402 Gothorum
3156 1361 3290 1416 gens
3319 1345 3386 1398 ad
3423 1345 3528 1397 hoe

1958 1454 2130 1509 usque
2161 1449 2375 1508 tempus
2407 1438 2734 1492 Arianorqu
2773 1436 3013 1508 dogmati
3049 1444 3313 1506 perpetuo
3345 1436 3528 1489 adhae-

1957 1533 2118 1586 serit.
2147 1529 2281 1583 Nam
2327 1529 2566 1600 Ulphila,
2594 1531 2685 1600 qui
2725 1539 2857 1583 tunc
2891 1527 3032 1598 apud
3075 1528 3226 1596 ipsos
3267 1536 3384 1581 erat
3413 1526 3533 1594 epi-

1955 1637 2177 1691 scopus,
2213 1621 2368 1677 initio
2413 1623 2628 1691 quidem
2669 1621 2818 1676 nulla
2865 1620 2920 1674 in
2957 1628 3114 1689 parte
3162 1618 3424 1673 dissensit
3460 1613 3544 1668 alii.

1957 1711 2200 1766 Ecclesia
2249 1712 2542 1767 catholica.
2585 1711 2830 1781 Cumque
2886 1718 3150 1781 regnante
3206 1707 3537 1762 Constantio

1955 1805 2350 1876 imprudenter,
2384 1816 2442 1860 ut
2483 1807 2702 1877 opinor,
2732 1821 2838 1860 una
2863 1820 2988 1859 cum
3023 1804 3272 1858 Eudoxio
3303 1810 3357 1857 et
3389 1802 3529 1854 Aca-

1953 1899 2038 1953 cio
2084 1898 2701 1967 Constantinopolitanae
2737 1897 2948 1966 synodo
2983 1895 3351 1954 interfuisset,
3396 1906 3526 1945 cum

1954 1992 2226 2060 episcopis
2273 1989 2613 2044 Nicaenorum
2663 1989 2884 2041 Patrum
2930 1987 3146 2040 decreta
3194 1983 3529 2040 sectantibus

1954 2081 2368 2136 communicare
2393 2077 2784 2149 perseveravit.
2809 2075 2938 2140 Sed,
2963 2092 3086 2129 cum
3121 2075 3360 2129 venisset
3384 2072 3529 2126 Cou-

1956 2172 2397 2242 stantinopolim,
2443 2179 2498 2224 et
2539 2167 2758 2222 Arianae
2789 2177 2954 2222 sectae
3001 2166 3274 2220 antistites
3307 2163 3373 2217 de
3403 2161 3534 2215 reli-

1954 2263 2116 2334 gione
2160 2277 2284 2316 cum
2311 2277 2386 2316 eo
2432 2259 2842 2324 disseruissent,
2875 2259 3035 2326 eique
3074 2253 3301 2326 polliciti
3345 2258 3532 2307 essent

1956 2371 2017 2410 se
2047 2355 2371 2425 legationem
2417 2352 2567 2406 illius
2615 2349 2903 2420 adjuturos
2945 2364 3067 2403 esse
3113 2346 3252 2416 apud
3295 2345 3532 2413 impera-

1955 2453 2150 2511 torem,
2174 2442 2336 2497 modo
2359 2441 2498 2498 idem
2530 2455 2657 2496 cum
2688 2440 2822 2510 ipsis
2857 2440 3061 2495 sentire
3096 2439 3298 2500 vellet,
3336 2447 3531 2490 neces-

1955 2535 2118 2589 sitate
2149 2531 2486 2600 compulsus,
2514 2529 2598 2584 vel
2631 2529 2776 2598 quod
2820 2543 2940 2582 eam
2971 2527 3038 2580 de
3072 2527 3360 2580 divinitate
3403 2537 3533 2576 sen~

1954 2623 2182 2678 tentiam
2231 2621 2500 2690 potiorem
2546 2633 2670 2674 esse
2715 2617 3078 2679 existimaret,
3127 2630 3249 2666 cum
3307 2611 3528 2666 Arianis

1956 2712 2400 2769 communicasse
2432 2710 2657 2775 dicitur,
2687 2723 2860 2778 seque
2889 2716 2944 2763 et
2969 2708 3281 2762 universam
3309 2710 3527 2780 gentem

1957 2806 2027 2860 ab
2058 2803 2296 2858 Ecclesia
2344 2802 2615 2858 catholica
2657 2801 2966 2870 abrupisse.
2992 2798 3151 2859 Gellii
3180 2798 3345 2859 enim,
3378 2795 3432 2848 in
3461 2794 3532 2850 iis

1958 2911 2078 2966 qum
2107 2895 2175 2949 ad
2213 2894 2531 2964 religionem
2563 2893 2841 2963 pertinent
2894 2889 3016 2960 ejus
3062 2887 3376 2959 magisterio
3405 2900 3534 2940 eru-

1959 2987 2056 3040 diti
2106 2993 2160 3040 et
2209 2985 2275 3037 ad
2307 2983 2469 3055 274
2518 2982 2948 3037 mansuetiorem
2999 2980 3211 3034 cultum
3261 2993 3358 3046 per
3401 2991 3529 3031 eum

285 3070 712 3142 θρησκευόντων.
739 3071 956 3140 Πρῶτος
986 3072 1042 3124 δὲ
1063 3071 1402 3142 γραμμάτων
1423 3068 1648 3139 εὑρετὴς
1677 3069 1857 3130 αὑτοῖς

1959 3076 2219 3137 traducti,
2251 3076 2465 3129 cunctis
2491 3073 2546 3128 in
2574 3073 2741 3128 rebus
2766 3071 2816 3128 ei
2848 3071 3010 3126 facile
3036 3068 3487 3139 obtemperabant
3511 3083 3530 3122 :

283 3163 522 3232 ἐγένετο,
559 3164 652 3216 καὶ
683 3166 764 3226 εἰς
809 3164 907 3234 τὴν
955 3164 1160 3216 οἰκείαν
1195 3163 1376 3234 φωνὴν
1410 3163 1718 3233 μετέφρασε
1758 3160 1858 3222 τὰς

285 3249 438 3322 ἱερὰς
487 3249 731 3314 Βίϐλους.
763 3251 966 3304 Καθότι
1016 3252 1112 3322 μὲν
1138 3247 1231 3306 οὖν
1267 3251 1341 3314 ὡς
1375 3251 1576 3303 ἐπίπαν
1616 3251 1666 3302 οἱ
1707 3249 1858 3320 παρὰ

284 3341 377 3394 τδν
397 3343 606 3414 Ἵστρον
637 3341 900 3412 βάρϐαροι
935 3343 999 3395 τὰ
1034 3342 1240 3413 Ἀρείου
1277 3343 1552 3412 φρονοῦσι,
1587 3342 1858 3413 πρόφασις

284 3435 400 3504 ἥδε.
430 3436 564 3488 Κατ’
593 3437 766 3488 έκεῖνο
792 3435 849 3488 δὲ
881 3434 1096 3505 καιροῦ,
1126 3434 1326 3504 πλῆθος
1351 3434 1460 3487 τῶν
1490 3434 1594 3488 ὑπὸ
1621 3434 1713 3488 τὸν
1731 3435 1858 3502 Φρι-

286 3525 539 3598 τιγέρνην
569 3526 656 3579 διὰ
688 3526 921 3596 Χριστὸν
960 3525 1376 3596 μαρτυροῦντες,
1406 3524 1771 3596 ἀνῃρέθησαν.
1799 3524 1857 3577 Ὀ

286 3615 397 3686 γὰρ
426 3615 783 3687 Ἀθανάριχος
835 3616 930 3668 καὶ
980 3615 1105 3676 τοὺς
1159 3613 1249 3666 ὑπ’
1279 3614 1426 3684 αὐτῷ
1469 3613 1852 3683 τεταγμένους,

287 3705 528 3774 Οὑλφίλα
549 3707 844 3769 πείθοντος,
870 3704 1268 3775 Χριστιανίζειν
1291 3705 1636 3772 ἀγανακτῶν,
1661 3704 1736 3766 ὡς
1758 3704 1856 3773 τῆς

287 3797 545 3868 πατρῴας
581 3797 872 3868 θρησκείας
899 3796 1411 3866 καινοτομουμένης,
1452 3795 1678 3858 πολλοὺς
1726 3794 1854 3847 πολ-

288 3890 406 3952 λαῖς
435 3889 724 3958 τιμωρίαις
761 3887 1016 3941 ὑπέϐαλε.
1065 3889 1171 3940 Καὶ
1205 3890 1326 3948 τοὺς
1373 3889 1468 3955 μὲν
1518 3887 1596 3948 εἰς
1628 3885 1856 3948 εὑθὺνας

287 3980 533 4048 ἀγαγὼν,
553 3979 1096 4050 παρῤησιασαμένους
1115 3977 1369 4048 ἀνδρείως
1395 3977 1530 4045 ὑπὲρ
1546 3975 1639 4028 τοῦ
1657 3976 1857 4045 δόγμα-

287 4085 408 4133 τος·
445 4071 570 4132 τοὺς
620 4069 675 4120 δὲ
712 4067 845 4138 μηδὲ
874 4067 1032 4134 λόγου
1067 4061 1356 4136 μεταδοὺςῖ
1392 4063 1587 4116 ἀνεῖλε.
1627 4063 1856 4130 Λέγεται

287 4160 397 4230 γὰρ
430 4159 505 4220 ὥς
545 4176 597 4211 τι
635 4157 820 4222 ξόανον
849 4157 932 4226 ἐφ’
959 4155 1292 4226 ἁρμαμάξης
1327 4151 1516 4216 ἑστὼς,
1537 4151 1591 4206 οἵ
1615 4169 1678 4220 γε
1700 4153 1858 4206 τοῦτο

288 4251 464 4304 ποιεῖν
491 4249 594 4302 ὑπὸ
621 4247 976 4318 Ἀθαναρίχου
1002 4245 1467 4316 προσετάχθησαν,
1487 4244 1857 4313 καθ’ἑκάστην

288 4340 494 4410 σκηνὴν
533 4338 887 4408 περιάγοντες
927 4337 1036 4390 τῶν
1069 4337 1467 4408 Χριστιανίζειν
1497 4335 1859 4402 καταγγελλο-

1961 3183 2057 3237 pro
2105 3179 2254 3220 certo
2304 3165 2569 3219 habentes
2615 3165 2752 3218 nihil
2801 3179 2989 3218 eorum
3037 3176 3158 3232 quae
3202 3162 3267 3214 ab
3309 3159 3404 3213 illo
3437 3160 3534 3212 aut

1957 3260 2266 3314 dicerentur
2299 3267 2391 3310 aut
2425 3256 2634 3322 fierent,
2669 3255 2982 3325 improbum
3025 3268 3168 3318 esse,
3205 3251 3298 3306 sed
3332 3257 3532 3304 cuncta

1957 3348 2026 3402 ad
2086 3347 2380 3400 utilitatem
2444 3359 2635 3400 eorum
2701 3344 2796 3412 qui
2862 3343 2978 3397 zelo
3042 3341 3132 3393 Dei
3194 3340 3536 3394 ducerentur

1957 3446 2226 3506 spectare.
2272 3436 2416 3499 Quin
2468 3444 2522 3489 et
2573 3435 2796 3488 virtutis
2829 3449 2942 3488 sua:
2979 3431 3261 3498 multiplex
3312 3428 3531 3499 experi-

1956 3537 2198 3583 mentum
2243 3527 2415 3581 dedit.
2451 3525 2663 3595 Quippe
2708 3526 2803 3594 qui
2851 3539 2950 3594 pro
2980 3523 3186 3576 Christi
3229 3521 3331 3575 fide
3363 3519 3530 3573 innu-

1957 3634 2100 3674 mera
2132 3617 2364 3672 subierit
2403 3617 2668 3685 pericula,
2697 3615 2826 3668 dum
2872 3613 3096 3667 Barbari
3138 3612 3316 3665 adlmc
3353 3609 3532 3679 genti-

1955 3709 2087 3762 lium
2134 3707 2241 3760 ritu
2279 3706 2542 3760 simulcra
2586 3705 2851 3759 colerent.
2885 3702 3215 3772 Primusque
3250 3701 3394 3772 apud
3434 3713 3530 3756 eos

1957 3799 2209 3854 inventor
2259 3797 2471 3850 exstitit
2510 3797 2837 3860 litterarum,
2885 3803 2940 3849 et
2991 3810 3180 3850 sacros
3229 3793 3424 3846 Libros
3472 3791 3528 3845 in

1956 3890 2194 3961 patrium
2219 3903 2527 3947 sermonem
2561 3890 2855 3942 convertit.
2879 3886 2945 3940 Et
2971 3888 3086 3941 haec
3114 3885 3330 3954 quidem
3359 3895 3528 3937 causa

1957 3981 2081 4043 fuit,
2109 3995 2209 4034 cur
2241 3980 2488 4048 plerique
2531 3995 2595 4034 ex
2639 3979 2894 4033 barbaris
2923 3978 3014 4044 qui
3049 3977 3115 4029 ad
3148 3975 3347 4030 Istrum
3379 3971 3534 4026 habi-

1957 4079 2100 4135 tant,
2128 4071 2443 4139 opinionem
2474 4069 2588 4122 Arii
2607 4076 2905 4123 sectentur.
2930 4065 3101 4120 Porro
3125 4080 3185 4118 ea
3211 4067 3532 4132 tempestate

1958 4160 2111 4213 multi
2162 4174 2227 4212 ex
2280 4157 2347 4211 iis
2394 4157 2489 4224 qui
2547 4155 2899 4224 Phritigerno
2960 4153 3247 4220 parebant.
3302 4157 3530 4220 propter

1957 4246 2161 4301 Christi
2192 4245 2597 4298 confessionem
2623 4243 2803 4309 necati
2828 4249 2978 4296 sunt.
2999 4239 3132 4292 Nam
3159 4237 3532 4291 Athanaricus

1959 4337 2212 4391 subditos
2242 4350 2461 4403 quoque
2497 4349 2626 4388 suos
2647 4377 2662 4401 ,
2693 4349 2862 4388 suasu
2903 4331 3134 4401 Ulphila:
3160 4319 3528 4382 Christianam

291 4431 490 4500 μένων,
520 4430 768 4484 ἐκέλευον
795 4427 951 4481 τοῦτο
979 4429 1324 4498 προσκυνεῖν,
1349 4426 1439 4478 καὶ
1465 4424 1633 4479 θύειν.
1658 4425 1778 4478 Τῶν
1798 4425 1853 4478 δὲ

1958 4427 2272 4495 religionem
2321 4425 2572 4492 amplecti
2621 4439 2763 4494 aegre
2800 4422 3008 4485 ferens,
3056 4429 3317 4489 tanquam
3366 4417 3527 4471 inno-

287 4523 738 4593 παραιτουμένων
761 4559 776 4585 ,
808 4521 905 4574 σὺν
937 4521 1122 4582 αὑτοῖς
1169 4517 1474 4590 ἀνθρώποις
1507 4518 1605 4580 τὰς
1652 4517 1857 4588 σκηνὰς

1963 4516 2106 4572 vatis
2149 4513 2422 4584 majorum
2471 4513 2840 4578 caeremoniis,
2884 4513 3087 4566 multos
3123 4523 3332 4582 eorum,
3359 4506 3531 4562 variis

1482 4698 1754 4754 VALESII
1780 4697 2342 4756 ANNOTATIONES.

362 4819 474 4884 ΠΒ)
531 4817 787 4886 Διέμεινε
821 4816 1125 4872 κοινωνῶν
1149 4816 1274 4882 τοῖς
1323 4817 1564 4886 ἱερεῦσι.
1613 4815 1858 4886 Pessime

289 4891 436 4944 hunc
465 4885 638 4941 locum
666 4888 828 4940 vertit
853 4887 1408 4956 tibristophorsonus.
1424 4885 1514 4939 Sic
1537 4885 1680 4956 enim
1711 4901 1860 4940 acce-

289 4961 372 5029 pit
395 4959 512 5011 haac
527 4957 714 5029 verba,
735 4958 892 5025 quasi
913 4955 1194 5029 Eudoiius
1215 4957 1523 5029 e_t_Acaciu_s
1548 4955 1778 5029 fuissent
1793 4971 1860 5009 ex

289 5024 517 5084 immero
530 5024 910 5098 episcoporum
921 5027 1010 5096 qui
1029 5024 1465 5098 synodoNicaanaa
1479 5026 1861 5098 interfuerunt.

289 5099 446 5164 Quod
481 5095 661 5152 tamen
695 5095 781 5150 est
811 5095 1189 5162 falsissimum,
1252 5111 1379 5150 cum
1412 5095 1648 5151 Aeacius
1676 5095 1863 5148 multis

289 5169 451 5223 anuis
483 5175 605 5235 post
640 5166 910 5236 synodum
942 5166 1215 5221 Nicaanam
1249 5165 1424 5221 factus
1453 5166 1523 5236 sit
1551 5167 1863 5236 episcopus,

289 5234 509 5291 mortuo
548 5234 758 5290 scilicet
802 5234 1036 5290 Eusebio
1065 5237 1418 5292 Caesariensis
1459 5235 1712 5290 Ecclesia:
1743 5234 1865 5304 epi-

289 5322 479 5376 scopo.
506 5305 574 5376 rld
599 5306 767 5373 igitur
790 5305 922 5376 dicit
952 5304 1326 5376 Sozomenus,»
1345 5305 1613 5376 lilphilam
1638 5304 1864 5376 Gotho-

291 5374 410 5430 rum
433 5375 771 5445 episc0pum,
795 5374 953 5428 initio
976 5377 1190 5444 quidem
1223 5374 1504 5429 catholica:
1529 5375 1648 5428 fidei
1681 5375 1863 5445 adhae-

291 5444 477 5512 sisse,
517 5456 706 5514 postea
746 5459 900 5505 vero,
927 5452 1186 5514 regnante
1237 5445 1580 5514 Constantio,
1618 5458 1715 5514 per
1762 5444 1864 5496 im-

292 5513 636 5585 prudentiam
673 5513 1219 5585 interfuissesynodo
1247 5513 1865 5585 Constantinopolitanae

291 5583 402 5638 una
437 5600 560 5638 cum
595 5585 838 5639 Eudoxio
870 5596 923 5640 et
950 5583 1153 5638 Acacio
1181 5584 1455 5638 haereticis
1487 5598 1630 5637 anno
1658 5583 1863 5636 Christi

291 5653 400 5710 359
432 5673 444 5706 :
478 5653 831 5709 nihilominus
861 5663 1040 5708 tamen
1077 5668 1198 5708 cum
1241 5653 1527 5708 catholicis
1590 5653 1862 5721 episeOpis

293 5723 496 5778 Nicaeui
513 5724 726 5778 concilii
744 5727 1113 5780 asscrtoribus
1136 5724 1568 5778 con‘nnunioncm
1589 5737 1859 5778 servasse.

1963 4811 2204 4867 Tandem
2239 4827 2370 4866 vero
2426 4824 2572 4874 cum,
2606 4805 2920 4877 principatu
2967 4800 3216 4877 V_alentis
3247 4799 3526 4877 _Attgusti,

1965 4883 2172 4950 legatus
2192 4882 2367 4952 gentis
2384 4871 2681 4952 Gothorum
2713 4871 2952 4952 venisset
2973 4871 3527 4952 Constantinopolim,

1965 4941 2256 5006 collatiode
2286 4950 2469 5004 habita
2501 4964 2624 5002 cum
2655 4945 2877 5000 Arianis
2903 4943 3194 5013 episcopis,
3212 4941 3528 5013 _ad_illorum

1970 5032 2249 5092 partes_se
2295 5019 2662 5092 transtulisse.
2714 5013 2813 5068 Hic
2849 5007 2950 5068 est'
2985 5007 3180 5092 sensus
3212 5010 3378 5092 hujus
3427 5007 3528 5092 loci

1967 5079 2126 5159 quem
2164 5089 2442 5144 Musculus
2475 5104 2539 5143 ex
2570 5093 2720 5154 parte
2747 5092 3032 5159 assecutus
3067 5090 3187 5159 _es_t.
3230 5079 3526 5159 [tamenim

1964 5146 2152 5224 verba,
2179 5160 2255 5222 ὡς
2278 5159 2334 5211 δὲ
2364 5159 2442 5222 είς
2470 5146 3034 5224 Κωνσταντινούπολιν
3055 5151 3302 5224 ἀφίκετο,
3334 5149 3412 5224 ita
3443 5146 3530 5199 in-

1966 5217 2300 5300 terpretatus
2328 5217 2455 5300 estV:
2489 5225 2556 5280 Ut
2586 5217 3528 5300 autemgonslaruinopoljmIlegattts

1965 5288 2253 5354 Gai/torum
2282 5299 2523 5358 venisset,
2549 5304 2686 5358 etc.,
2719 5293 2949 5363 adjectis
2977 5293 3043 5363 de
3067 5304 3167 5345 suo
3195 5288 3408 5363 duabus
3433 5297 3530 5337 vo-

1965 5372 2140 5434 cibus,
2165 5366 2308 5439 quod
2333 5355 2552 5439 quidem
2595 5355 2752 5439 valde
2777 5355 2974 5439 probo.
3003 5360 3162 5414 Certe
3192 5355 3528 5439 Sculptaque.

1963 5421 2316 5510 bin"uib’§ni¢g
2353 5421 2599 5510 'scrihitL
2631 5421 2903 5510 lllphilam
2963 5431 3194 5510 legatum
3253 5421 3528 5510 aLGothis

1965 5491 2404 5565 {assimilasse
2433 5505 2498 5560 ad
2558 5491 2836 5559 Valentem
2878 5491 3204 5567 Augtistum.
3253 5491 3344 5567 Bis
3385 5503 3527 5567 ergo

1962 5559 2492 5645 Constantinopolim
2523 5575 2671 5645 venit
2700 5570 2912 5645 Ulphila
2933 5559 3215 5645 ;:primum
3238 5561 3352 5645 sub
3377 5559 3528 5645 conf

1963 5650 2186 5713 stantio,
2213 5658 2270 5702 ut
2296 5637 2346 5701 ε’
2363 5646 2504 5700 nodo
2523 5637 3134 5708 Constantinopolitanae
3185 5637 3478 5688 interesset
3505 5644 3522 5684 τ

1963 5719 2160 5769 deinde
2194 5719 2297 5769 sub
2327 5663 2577 5769 {’alente.

1962 5719 2160 5774 deinde
2194 5719 2297 5776 sub
2329 5717 2577 5772 Valente.
