  <div class='ocr_page' id='page_1' title='image "/cluster/home/n/w/nwhite01/storage/ocr_20150623/67/hvd.32044020707378/711.png"; bbox 0 0 4054 6188; ppageno 0'>
   <div class='ocr_carea' id='block_1_1' title="bbox 472 193 606 254">
    <p class='ocr_par' dir='ltr' id='par_1_1' title="bbox 472 193 606 254">
     <span class='ocr_line' id='line_1_1' title="bbox 472 193 606 254; baseline -0.015 -3"><span class='ocrx_word' id='word_1_1' title='bbox 472 193 606 254; x_wconf 71' lang='lat' dir='ltr'><strong>Mli</strong></span> 
     </span>
    </p>
   </div>
   <div class='ocr_carea' id='block_1_2' title="bbox 1911 181 2261 240">
    <p class='ocr_par' dir='ltr' id='par_1_2' title="bbox 1911 181 2261 240">
     <span class='ocr_line' id='line_1_2' title="bbox 1911 181 2261 240; baseline -0.006 0"><span class='ocrx_word' id='word_1_2' title='bbox 1911 181 2261 240; x_wconf 74' lang='lat' dir='ltr'><strong>SOZOMEM</strong></span> 
     </span>
    </p>
   </div>
   <div class='ocr_carea' id='block_1_3' title="bbox 3601 180 3748 234">
    <p class='ocr_par' dir='ltr' id='par_1_3' title="bbox 3601 180 3748 234">
     <span class='ocr_line' id='line_1_3' title="bbox 3601 180 3748 234; baseline 0 0"><span class='ocrx_word' id='word_1_3' title='bbox 3601 180 3748 234; x_wconf 57' lang='grc' dir='ltr'><strong>ιλιι-ξ</strong></span> 
     </span>
    </p>
   </div>
   <div class='ocr_carea' id='block_1_4' title="bbox 482 300 2066 384">
    <p class='ocr_par' dir='ltr' id='par_1_4' title="bbox 482 302 2052 384">
     <span class='ocr_line' id='line_1_4' title="bbox 482 302 2052 384; baseline -0.006 -17"><span class='ocrx_word' id='word_1_4' title='bbox 482 311 731 384; x_wconf 83' lang='lat' dir='ltr'><strong>episcopi</strong></span> <span class='ocrx_word' id='word_1_5' title='bbox 795 306 989 377; x_wconf 80' lang='lat' dir='ltr'><strong>enim,</strong></span> <span class='ocrx_word' id='word_1_6' title='bbox 1035 303 1349 379; x_wconf 69' lang='lat' dir='ltr'><strong>presbyteri</strong></span> <span class='ocrx_word' id='word_1_7' title='bbox 1409 317 1475 359; x_wconf 90' lang='lat' dir='ltr'><strong>ac</strong></span> <span class='ocrx_word' id='word_1_8' title='bbox 1522 302 1785 367; x_wconf 84' lang='lat' dir='ltr'><strong>diaconi,</strong></span> <span class='ocrx_word' id='word_1_9' title='bbox 1847 305 1940 373; x_wconf 87' lang='lat' dir='ltr'><strong>qui</strong></span> <span class='ocrx_word' id='word_1_10' title='bbox 1995 303 2052 357; x_wconf 92' lang='lat' dir='ltr'><strong>in</strong></span> 
     </span>
    </p>
   </div>
   <div class='ocr_carea' id='block_1_5' title="bbox 2169 300 3741 384">
    <p class='ocr_par' dir='ltr' id='par_1_5' title="bbox 2169 300 3741 372">
     <span class='ocr_line' id='line_1_5' title="bbox 2169 300 3741 372; baseline 0 -16"><span class='ocrx_word' id='word_1_11' title='bbox 2169 302 2391 372; x_wconf 68' lang='grc' dir='ltr'><strong>(ριστοῦ</strong></span> <span class='ocrx_word' id='word_1_12' title='bbox 2458 305 2553 355; x_wconf 76' lang='grc' dir='ltr'><strong>καὶ</strong></span> <span class='ocrx_word' id='word_1_13' title='bbox 2603 301 2712 355; x_wconf 79' lang='grc' dir='ltr'><strong>τῶν</strong></span> <span class='ocrx_word' id='word_1_14' title='bbox 2769 301 2947 372; x_wconf 81' lang='grc' dir='ltr'>ὀρθῶς</span> <span class='ocrx_word' id='word_1_15' title='bbox 3003 301 3133 371; x_wconf 76' lang='grc' dir='ltr'><strong>περὶ</strong></span> <span class='ocrx_word' id='word_1_16' title='bbox 3187 300 3324 354; x_wconf 77' lang='grc' dir='ltr'><strong>Θεοῦ</strong></span> <span class='ocrx_word' id='word_1_17' title='bbox 3369 300 3741 368; x_wconf 77' lang='grc' dir='ltr'><strong>δοξαζόντων.</strong></span> 
     </span>
    </p>
   </div>
   <div class='ocr_carea' id='block_1_6' title="bbox 474 399 2047 462">
    <p class='ocr_par' dir='ltr' id='par_1_6' title="bbox 474 399 2047 462">
     <span class='ocr_line' id='line_1_6' title="bbox 474 399 2047 462; baseline -0.008 -2"><span class='ocrx_word' id='word_1_18' title='bbox 474 403 674 460; x_wconf 76' lang='lat' dir='ltr'><strong>exsilio</strong></span> <span class='ocrx_word' id='word_1_19' title='bbox 701 410 757 458; x_wconf 86' lang='lat' dir='ltr'><strong>et</strong></span> <span class='ocrx_word' id='word_1_20' title='bbox 792 403 848 457; x_wconf 89' lang='lat' dir='ltr'><strong>in</strong></span> <span class='ocrx_word' id='word_1_21' title='bbox 876 400 1112 458; x_wconf 74' lang='lat' dir='ltr'><strong>metallis</strong></span> <span class='ocrx_word' id='word_1_22' title='bbox 1141 399 1346 454; x_wconf 82' lang='lat' dir='ltr'><strong>misere</strong></span> <span class='ocrx_word' id='word_1_23' title='bbox 1373 403 1664 462; x_wconf 78' lang='lat' dir='ltr'><strong>vexantur,</strong></span> <span class='ocrx_word' id='word_1_24' title='bbox 1706 399 1877 450; x_wconf 60' lang='lat' dir='ltr'><strong>tenes</strong></span> <span class='ocrx_word' id='word_1_25' title='bbox 1916 403 2047 450; x_wconf 89' lang='lat' dir='ltr'><strong>sunt</strong></span> 
     </span>
    </p>
   </div>
   <div class='ocr_carea' id='block_1_7' title="bbox 477 484 2049 564">
    <p class='ocr_par' dir='ltr' id='par_1_7' title="bbox 477 484 2049 564">
     <span class='ocr_line' id='line_1_7' title="bbox 477 484 2049 564; baseline -0.006 -15"><span class='ocrx_word' id='word_1_26' title='bbox 477 494 658 564; x_wconf 84' lang='lat' dir='ltr'><strong>qualis</strong></span> <span class='ocrx_word' id='word_1_27' title='bbox 697 493 790 548; x_wconf 90' lang='lat' dir='ltr'><strong>illa</strong></span> <span class='ocrx_word' id='word_1_28' title='bbox 830 493 926 548; x_wconf 86' lang='lat' dir='ltr'><strong>sit.</strong></span> <span class='ocrx_word' id='word_1_29' title='bbox 959 489 1088 545; x_wconf 68' lang='lat' dir='ltr'><strong>Haec</strong></span> <span class='ocrx_word' id='word_1_30' title='bbox 1117 489 1288 559; x_wconf 85' lang='lat' dir='ltr'><strong>igitur</strong></span> <span class='ocrx_word' id='word_1_31' title='bbox 1320 503 1444 543; x_wconf 90' lang='lat' dir='ltr'><strong>esse</strong></span> <span class='ocrx_word' id='word_1_32' title='bbox 1475 501 1670 542; x_wconf 82' lang='lat' dir='ltr'><strong>censes</strong></span> <span class='ocrx_word' id='word_1_33' title='bbox 1701 495 1808 540; x_wconf 78' lang='lat' dir='ltr'><strong>tua:</strong></span> <span class='ocrx_word' id='word_1_34' title='bbox 1843 484 1912 540; x_wconf 92' lang='lat' dir='ltr'><strong>de</strong></span> <span class='ocrx_word' id='word_1_35' title='bbox 1939 485 2049 540; x_wconf 87' lang='lat' dir='ltr'><strong>Deo</strong></span> 
     </span>
    </p>
   </div>
   <div class='ocr_carea' id='block_1_8' title="bbox 475 576 2047 657">
    <p class='ocr_par' dir='ltr' id='par_1_8' title="bbox 475 576 2047 657">
     <span class='ocr_line' id='line_1_8' title="bbox 475 576 2047 657; baseline -0.007 -16"><span class='ocrx_word' id='word_1_36' title='bbox 475 585 762 657; x_wconf 85' lang='lat' dir='ltr'><strong>opinionis</strong></span> <span class='ocrx_word' id='word_1_37' title='bbox 795 582 1020 650; x_wconf 84' lang='lat' dir='ltr'><strong>indicia,</strong></span> <span class='ocrx_word' id='word_1_38' title='bbox 1047 595 1170 652; x_wconf 69' lang='lat' dir='ltr'><strong>quae</strong></span> <span class='ocrx_word' id='word_1_39' title='bbox 1201 594 1433 651; x_wconf 85' lang='lat' dir='ltr'><strong>prorsus</strong></span> <span class='ocrx_word' id='word_1_40' title='bbox 1463 578 1642 632; x_wconf 81' lang='lat' dir='ltr'><strong>aliena</strong></span> <span class='ocrx_word' id='word_1_41' title='bbox 1667 584 1798 632; x_wconf 91' lang='lat' dir='ltr'><strong>sunt</strong></span> <span class='ocrx_word' id='word_1_42' title='bbox 1827 591 1858 630; x_wconf 93' lang='lat' dir='ltr'><strong>a</strong></span> <span class='ocrx_word' id='word_1_43' title='bbox 1885 576 2047 631; x_wconf 85' lang='lat' dir='ltr'><strong>Chri-</strong></span> 
     </span>
    </p>
   </div>
   <div class='ocr_carea' id='block_1_9' title="bbox 472 666 2048 745">
    <p class='ocr_par' dir='ltr' id='par_1_9' title="bbox 472 666 2048 745">
     <span class='ocr_line' id='line_1_9' title="bbox 472 666 2048 745; baseline -0.007 -11"><span class='ocrx_word' id='word_1_44' title='bbox 472 688 582 740; x_wconf 89' lang='lat' dir='ltr'><strong>sto.</strong></span> <span class='ocrx_word' id='word_1_45' title='bbox 616 684 671 732; x_wconf 87' lang='lat' dir='ltr'><strong>et</strong></span> <span class='ocrx_word' id='word_1_46' title='bbox 702 677 772 732; x_wconf 90' lang='lat' dir='ltr'><strong>ab</strong></span> <span class='ocrx_word' id='word_1_47' title='bbox 810 676 880 731; x_wconf 89' lang='lat' dir='ltr'><strong>iis</strong></span> <span class='ocrx_word' id='word_1_48' title='bbox 907 676 1001 745; x_wconf 88' lang='lat' dir='ltr'><strong>qui</strong></span> <span class='ocrx_word' id='word_1_49' title='bbox 1035 680 1186 729; x_wconf 80' lang='lat' dir='ltr'><strong>recte</strong></span> <span class='ocrx_word' id='word_1_50' title='bbox 1224 671 1474 728; x_wconf 85' lang='lat' dir='ltr'><strong>sentiunt</strong></span> <span class='ocrx_word' id='word_1_51' title='bbox 1499 670 1567 725; x_wconf 91' lang='lat' dir='ltr'><strong>de</strong></span> <span class='ocrx_word' id='word_1_52' title='bbox 1599 669 1908 724; x_wconf 75' lang='lat' dir='ltr'><strong>divinitate.</strong></span> <span class='ocrx_word' id='word_1_53' title='bbox 1951 666 2048 723; x_wconf 82' lang='lat' dir='ltr'><strong>His</strong></span> 
     </span>
    </p>
   </div>
   <div class='ocr_carea' id='block_1_10' title="bbox 471 763 2051 837">
    <p class='ocr_par' dir='ltr' id='par_1_10' title="bbox 471 763 2051 837">
     <span class='ocr_line' id='line_1_10' title="bbox 471 763 2051 837; baseline -0.005 -13"><span class='ocrx_word' id='word_1_54' title='bbox 471 771 660 834; x_wconf 89' lang='lat' dir='ltr'><strong>dictis,</strong></span> <span class='ocrx_word' id='word_1_55' title='bbox 704 783 830 824; x_wconf 92' lang='lat' dir='ltr'><strong>cum</strong></span> <span class='ocrx_word' id='word_1_56' title='bbox 864 767 1256 837; x_wconf 79' lang='lat' dir='ltr'><strong>jusjurandum</strong></span> <span class='ocrx_word' id='word_1_57' title='bbox 1295 763 1612 834; x_wconf 75' lang='lat' dir='ltr'><strong>adiecisset,</strong></span> <span class='ocrx_word' id='word_1_58' title='bbox 1663 775 1943 832; x_wconf 87' lang='lat' dir='ltr'><strong>nunquam</strong></span> <span class='ocrx_word' id='word_1_59' title='bbox 1990 775 2051 816; x_wconf 88' lang='lat' dir='ltr'><strong>se</strong></span> 
     </span>
    </p>
   </div>
   <div class='ocr_carea' id='block_1_11' title="bbox 473 853 2048 928">
    <p class='ocr_par' dir='ltr' id='par_1_11' title="bbox 473 853 2048 928">
     <span class='ocr_line' id='line_1_11' title="bbox 473 853 2048 928; baseline -0.004 -13"><span class='ocrx_word' id='word_1_60' title='bbox 473 859 848 915; x_wconf 82' lang='lat' dir='ltr'><strong>sacerdotium</strong></span> <span class='ocrx_word' id='word_1_61' title='bbox 891 864 1276 928; x_wconf 88' lang='lat' dir='ltr'><strong>suscepturum</strong></span> <span class='ocrx_word' id='word_1_62' title='bbox 1313 870 1460 919; x_wconf 89' lang='lat' dir='ltr'><strong>esse,</strong></span> <span class='ocrx_word' id='word_1_63' title='bbox 1494 854 1542 909; x_wconf 86' lang='lat' dir='ltr'><strong>si</strong></span> <span class='ocrx_word' id='word_1_64' title='bbox 1582 853 1788 909; x_wconf 81' lang='lat' dir='ltr'><strong>Lucius</strong></span> <span class='ocrx_word' id='word_1_65' title='bbox 1825 868 2048 908; x_wconf 88' lang='lat' dir='ltr'><strong>manum</strong></span> 
     </span>
    </p>
   </div>
   <div class='ocr_carea' id='block_1_12' title="bbox 477 943 2050 1021">
    <p class='ocr_par' dir='ltr' id='par_1_12' title="bbox 477 943 2050 1021">
     <span class='ocr_line' id='line_1_12' title="bbox 477 943 2050 1021; baseline -0.003 -17"><span class='ocrx_word' id='word_1_66' title='bbox 477 953 583 1020; x_wconf 87' lang='lat' dir='ltr'><strong>ipsi</strong></span> <span class='ocrx_word' id='word_1_67' title='bbox 625 953 909 1021; x_wconf 84' lang='lat' dir='ltr'><strong>imponere</strong></span> <span class='ocrx_word' id='word_1_68' title='bbox 935 950 1121 1016; x_wconf 83' lang='lat' dir='ltr'><strong>vellet,</strong></span> <span class='ocrx_word' id='word_1_69' title='bbox 1157 948 1520 1020; x_wconf 73' lang='lat' dir='ltr'><strong>magistratus</strong></span> <span class='ocrx_word' id='word_1_70' title='bbox 1548 944 1806 1010; x_wconf 74' lang='lat' dir='ltr'><strong>Romani,</strong></span> <span class='ocrx_word' id='word_1_71' title='bbox 1843 943 2050 1014; x_wconf 67' lang='grc' dir='ltr'><strong>πείθοιο</strong></span> 
     </span>
    </p>
   </div>
   <div class='ocr_carea' id='block_1_13' title="bbox 476 1033 2051 1106">
    <p class='ocr_par' dir='ltr' id='par_1_13' title="bbox 476 1033 2051 1106">
     <span class='ocr_line' id='line_1_13' title="bbox 476 1033 2051 1106; baseline -0.001 -15"><span class='ocrx_word' id='word_1_72' title='bbox 476 1037 670 1102; x_wconf 88' lang='lat' dir='ltr'><strong>Lucio,</strong></span> <span class='ocrx_word' id='word_1_73' title='bbox 726 1038 929 1092; x_wconf 81' lang='lat' dir='ltr'><strong>Mosem</strong></span> <span class='ocrx_word' id='word_1_74' title='bbox 978 1039 1048 1092; x_wconf 92' lang='lat' dir='ltr'><strong>ad</strong></span> <span class='ocrx_word' id='word_1_75' title='bbox 1097 1037 1389 1106; x_wconf 87' lang='lat' dir='ltr'><strong>episcopos</strong></span> <span class='ocrx_word' id='word_1_76' title='bbox 1443 1038 1498 1091; x_wconf 88' lang='lat' dir='ltr'><strong>in</strong></span> <span class='ocrx_word' id='word_1_77' title='bbox 1546 1035 1744 1091; x_wconf 79' lang='lat' dir='ltr'><strong>exsilio</strong></span> <span class='ocrx_word' id='word_1_78' title='bbox 1787 1033 2051 1104; x_wconf 77' lang='lat' dir='ltr'><strong>degentes</strong></span> 
     </span>
    </p>
   </div>
   <div class='ocr_carea' id='block_1_14' title="bbox 477 1127 2052 1197">
    <p class='ocr_par' dir='ltr' id='par_1_14' title="bbox 477 1127 2052 1197">
     <span class='ocr_line' id='line_1_14' title="bbox 477 1127 2052 1197; baseline -0.002 -16"><span class='ocrx_word' id='word_1_79' title='bbox 477 1128 848 1182; x_wconf 79' lang='lat' dir='ltr'><strong>deduxerunt.</strong></span> <span class='ocrx_word' id='word_1_80' title='bbox 899 1127 946 1180; x_wconf 83' lang='lat' dir='ltr'><strong>A</strong></span> <span class='ocrx_word' id='word_1_81' title='bbox 986 1127 1190 1197; x_wconf 79' lang='lat' dir='ltr'><strong>quibus</strong></span> <span class='ocrx_word' id='word_1_82' title='bbox 1226 1127 1518 1182; x_wconf 91' lang='lat' dir='ltr'><strong>ordinatus</strong></span> <span class='ocrx_word' id='word_1_83' title='bbox 1562 1127 1878 1196; x_wconf 89' lang='lat' dir='ltr'><strong>episcopus,</strong></span> <span class='ocrx_word' id='word_1_84' title='bbox 1924 1139 2052 1194; x_wconf 87' lang='lat' dir='ltr'><strong>per-</strong></span> 
     </span>
    </p>
   </div>
   <div class='ocr_carea' id='block_1_15' title="bbox 479 1215 2051 1287">
    <p class='ocr_par' dir='ltr' id='par_1_15' title="bbox 479 1215 2051 1287">
     <span class='ocr_line' id='line_1_15' title="bbox 479 1215 2051 1287; baseline -0.003 -13"><span class='ocrx_word' id='word_1_85' title='bbox 479 1219 620 1274; x_wconf 82' lang='lat' dir='ltr'><strong>rexit</strong></span> <span class='ocrx_word' id='word_1_86' title='bbox 651 1218 720 1271; x_wconf 88' lang='lat' dir='ltr'><strong>ad</strong></span> <span class='ocrx_word' id='word_1_87' title='bbox 755 1218 1082 1274; x_wconf 86' lang='lat' dir='ltr'><strong>Saracenos.</strong></span> <span class='ocrx_word' id='word_1_88' title='bbox 1111 1216 1367 1287; x_wconf 90' lang='lat' dir='ltr'><strong>Cumque</strong></span> <span class='ocrx_word' id='word_1_89' title='bbox 1410 1232 1507 1273; x_wconf 89' lang='lat' dir='ltr'><strong>eos</strong></span> <span class='ocrx_word' id='word_1_90' title='bbox 1539 1217 1754 1272; x_wconf 89' lang='lat' dir='ltr'><strong>amicos</strong></span> <span class='ocrx_word' id='word_1_91' title='bbox 1786 1230 1851 1271; x_wconf 92' lang='lat' dir='ltr'><strong>ac</strong></span> <span class='ocrx_word' id='word_1_92' title='bbox 1883 1215 2051 1270; x_wconf 91' lang='lat' dir='ltr'><strong>bene-</strong></span> 
     </span>
    </p>
   </div>
   <div class='ocr_carea' id='block_1_16' title="bbox 478 1307 2054 1378">
    <p class='ocr_par' dir='ltr' id='par_1_16' title="bbox 478 1307 2054 1378">
     <span class='ocr_line' id='line_1_16' title="bbox 478 1307 2054 1378; baseline 0 -16"><span class='ocrx_word' id='word_1_93' title='bbox 478 1310 632 1364; x_wconf 86' lang='lat' dir='ltr'><strong>volos</strong></span> <span class='ocrx_word' id='word_1_94' title='bbox 657 1308 988 1364; x_wconf 75' lang='lat' dir='ltr'><strong>reddidisset</strong></span> <span class='ocrx_word' id='word_1_95' title='bbox 1011 1307 1294 1373; x_wconf 84' lang='lat' dir='ltr'><strong>Romanis,</strong></span> <span class='ocrx_word' id='word_1_96' title='bbox 1322 1308 1524 1363; x_wconf 89' lang='lat' dir='ltr'><strong>mansit</strong></span> <span class='ocrx_word' id='word_1_97' title='bbox 1545 1308 1694 1378; x_wconf 90' lang='lat' dir='ltr'><strong>apud</strong></span> <span class='ocrx_word' id='word_1_98' title='bbox 1723 1307 1848 1363; x_wconf 88' lang='lat' dir='ltr'><strong>illos</strong></span> <span class='ocrx_word' id='word_1_99' title='bbox 1871 1321 2054 1362; x_wconf 86' lang='lat' dir='ltr'><strong>sacer-</strong></span> 
     </span>
    </p>
   </div>
   <div class='ocr_carea' id='block_1_17' title="bbox 479 1397 2053 1471">
    <p class='ocr_par' dir='ltr' id='par_1_17' title="bbox 479 1397 2053 1471">
     <span class='ocr_line' id='line_1_17' title="bbox 479 1397 2053 1471; baseline -0.003 -16"><span class='ocrx_word' id='word_1_100' title='bbox 479 1400 649 1455; x_wconf 86' lang='lat' dir='ltr'><strong>dotali</strong></span> <span class='ocrx_word' id='word_1_101' title='bbox 680 1401 912 1471; x_wconf 84' lang='lat' dir='ltr'><strong>fungcns</strong></span> <span class='ocrx_word' id='word_1_102' title='bbox 941 1416 1190 1466; x_wconf 89' lang='lat' dir='ltr'><strong>munere,</strong></span> <span class='ocrx_word' id='word_1_103' title='bbox 1215 1408 1274 1456; x_wconf 89' lang='lat' dir='ltr'><strong>et</strong></span> <span class='ocrx_word' id='word_1_104' title='bbox 1303 1400 1508 1455; x_wconf 89' lang='lat' dir='ltr'><strong>multos</strong></span> <span class='ocrx_word' id='word_1_105' title='bbox 1547 1400 1615 1453; x_wconf 90' lang='lat' dir='ltr'><strong>ad</strong></span> <span class='ocrx_word' id='word_1_106' title='bbox 1645 1398 1853 1454; x_wconf 83' lang='lat' dir='ltr'><strong>Christi</strong></span> <span class='ocrx_word' id='word_1_107' title='bbox 1890 1397 2053 1454; x_wconf 78' lang='lat' dir='ltr'><strong>ﬁdem</strong></span> 
     </span>
    </p>
   </div>
   <div class='ocr_carea' id='block_1_18' title="bbox 480 1491 2051 1564">
    <p class='ocr_par' dir='ltr' id='par_1_18' title="bbox 480 1491 2051 1564">
     <span class='ocr_line' id='line_1_18' title="bbox 480 1491 2051 1564; baseline -0.001 -20"><span class='ocrx_word' id='word_1_108' title='bbox 480 1495 742 1558; x_wconf 74' lang='lat' dir='ltr'><strong>traduxit,</strong></span> <span class='ocrx_word' id='word_1_109' title='bbox 805 1509 931 1548; x_wconf 91' lang='lat' dir='ltr'><strong>cum</strong></span> <span class='ocrx_word' id='word_1_110' title='bbox 991 1507 1298 1564; x_wconf 82' lang='lat' dir='ltr'><strong>perpaucos</strong></span> <span class='ocrx_word' id='word_1_111' title='bbox 1363 1491 1437 1547; x_wconf 89' lang='lat' dir='ltr'><strong>ibi</strong></span> <span class='ocrx_word' id='word_1_112' title='bbox 1494 1492 1680 1547; x_wconf 82' lang='lat' dir='ltr'><strong>ﬁdeles</strong></span> <span class='ocrx_word' id='word_1_113' title='bbox 1727 1492 2051 1561; x_wconf 89' lang='lat' dir='ltr'><strong>reperisset.</strong></span> 
     </span>
    </p>
   </div>
   <div class='ocr_carea' id='block_1_19' title="bbox 2166 390 3742 462">
    <p class='ocr_par' dir='ltr' id='par_1_19' title="bbox 2166 390 3742 462">
     <span class='ocr_line' id='line_1_19' title="bbox 2166 390 3742 462; baseline -0.001 -15"><span class='ocrx_word' id='word_1_114' title='bbox 2166 395 2317 447; x_wconf 81' lang='grc' dir='ltr'><strong>Ἐπεὶ</strong></span> <span class='ocrx_word' id='word_1_115' title='bbox 2339 393 2397 446; x_wconf 87' lang='grc' dir='ltr'><strong>δέ</strong></span> <span class='ocrx_word' id='word_1_116' title='bbox 2421 391 2644 446; x_wconf 87' lang='grc' dir='ltr'><strong>τοιαῦτα</strong></span> <span class='ocrx_word' id='word_1_117' title='bbox 2667 392 2840 460; x_wconf 81' lang='grc' dir='ltr'><strong>λέγων</strong></span> <span class='ocrx_word' id='word_1_118' title='bbox 2863 390 3175 462; x_wconf 85' lang='grc' dir='ltr'><strong>ἐπώμνυτο,</strong></span> <span class='ocrx_word' id='word_1_119' title='bbox 3206 392 3342 460; x_wconf 71' lang='grc' dir='ltr'><strong>μήτε</strong></span> <span class='ocrx_word' id='word_1_120' title='bbox 3363 392 3604 445; x_wconf 78' lang='grc' dir='ltr'><strong>Λουκίου</strong></span> <span class='ocrx_word' id='word_1_121' title='bbox 3621 392 3742 460; x_wconf 87' lang='grc'><strong>(78)</strong></span> 
     </span>
    </p>
   </div>
   <div class='ocr_carea' id='block_1_20' title="bbox 2153 482 3744 558">
    <p class='ocr_par' dir='ltr' id='par_1_20' title="bbox 2153 482 3744 558">
     <span class='ocr_line' id='line_1_20' title="bbox 2153 482 3744 558; baseline -0.001 -19"><span class='ocrx_word' id='word_1_122' title='bbox 2153 484 2584 558; x_wconf 78' lang='grc' dir='ltr'><strong>χειροτονοῦντος</strong></span> <span class='ocrx_word' id='word_1_123' title='bbox 2612 483 2970 554; x_wconf 85' lang='grc' dir='ltr'><strong>ὑποδέχεσθαι</strong></span> <span class='ocrx_word' id='word_1_124' title='bbox 3006 482 3106 552; x_wconf 82' lang='grc' dir='ltr'><strong>τὴν</strong></span> <span class='ocrx_word' id='word_1_125' title='bbox 3142 483 3443 554; x_wconf 75' lang='grc' dir='ltr'><strong>ἱερωσύνην</strong></span> <span class='ocrx_word' id='word_1_126' title='bbox 3467 525 3481 548; x_wconf 92' lang='grc'><strong>,</strong></span> <span class='ocrx_word' id='word_1_127' title='bbox 3533 502 3744 555; x_wconf 79' lang='grc' dir='ltr'><strong>παραιο</strong></span> 
     </span>
    </p>
   </div>
   <div class='ocr_carea' id='block_1_21' title="bbox 2153 574 3744 648">
    <p class='ocr_par' dir='ltr' id='par_1_21' title="bbox 2153 574 3744 648">
     <span class='ocr_line' id='line_1_21' title="bbox 2153 574 3744 648; baseline -0.001 -18"><span class='ocrx_word' id='word_1_128' title='bbox 2153 577 2448 648; x_wconf 72' lang='grc' dir='ltr'><strong>στησάμενοι</strong></span> <span class='ocrx_word' id='word_1_129' title='bbox 2495 576 2723 630; x_wconf 83' lang='grc' dir='ltr'><strong>Λούκιον</strong></span> <span class='ocrx_word' id='word_1_130' title='bbox 2759 576 2810 627; x_wconf 76' lang='grc' dir='ltr'><strong>οἱ</strong></span> <span class='ocrx_word' id='word_1_131' title='bbox 2861 574 3149 644; x_wconf 86' lang='grc' dir='ltr'><strong>Ῥωμαίων</strong></span> <span class='ocrx_word' id='word_1_132' title='bbox 3195 575 3494 644; x_wconf 76' lang='grc' dir='ltr'><strong>ἄρχοντες,</strong></span> <span class='ocrx_word' id='word_1_133' title='bbox 3541 575 3744 642; x_wconf 68' lang='grc' dir='ltr'><strong>ἄγουσι</strong></span> 
     </span>
    </p>
   </div>
   <div class='ocr_carea' id='block_1_22' title="bbox 2153 665 3742 741">
    <p class='ocr_par' dir='ltr' id='par_1_22' title="bbox 2153 665 3742 741">
     <span class='ocr_line' id='line_1_22' title="bbox 2153 665 3742 741; baseline -0.004 -16"><span class='ocrx_word' id='word_1_134' title='bbox 2153 670 2358 741; x_wconf 83' lang='grc' dir='ltr'><strong>Μωσῆν</strong></span> <span class='ocrx_word' id='word_1_135' title='bbox 2396 669 2533 741; x_wconf 80' lang='grc' dir='ltr'><strong>πρὸς</strong></span> <span class='ocrx_word' id='word_1_136' title='bbox 2567 670 2691 731; x_wconf 75' lang='grc' dir='ltr'><strong>τοὺς</strong></span> <span class='ocrx_word' id='word_1_137' title='bbox 2728 667 2784 720; x_wconf 89' lang='grc' dir='ltr'><strong>ἐν</strong></span> <span class='ocrx_word' id='word_1_138' title='bbox 2810 669 2958 737; x_wconf 78' lang='grc' dir='ltr'><strong>φυγῇ</strong></span> <span class='ocrx_word' id='word_1_139' title='bbox 3006 666 3166 729; x_wconf 77' lang='grc' dir='ltr'><strong>ὄντας</strong></span> <span class='ocrx_word' id='word_1_140' title='bbox 3214 665 3568 729; x_wconf 79' lang='grc' dir='ltr'><strong>ἐπισκόπους.</strong></span> <span class='ocrx_word' id='word_1_141' title='bbox 3600 667 3742 737; x_wconf 82' lang='grc' dir='ltr'><strong>Παρ⁹</strong></span> 
     </span>
    </p>
   </div>
   <div class='ocr_carea' id='block_1_23' title="bbox 2153 753 3745 832">
    <p class='ocr_par' dir='ltr' id='par_1_23' title="bbox 2153 753 3745 832">
     <span class='ocr_line' id='line_1_23' title="bbox 2153 753 3745 832; baseline -0.005 -16"><span class='ocrx_word' id='word_1_142' title='bbox 2153 755 2229 816; x_wconf 86' lang='grc' dir='ltr'><strong>ὧν</strong></span> <span class='ocrx_word' id='word_1_143' title='bbox 2271 760 2671 832; x_wconf 73' lang='grc' dir='ltr'><strong>χειροτονηθεὶς</strong></span> <span class='ocrx_word' id='word_1_144' title='bbox 2692 798 2710 824; x_wconf 85' lang='grc'><strong>,</strong></span> <span class='ocrx_word' id='word_1_145' title='bbox 2750 759 2826 823; x_wconf 86' lang='grc' dir='ltr'><strong>ὡς</strong></span> <span class='ocrx_word' id='word_1_146' title='bbox 2877 758 3005 822; x_wconf 79' lang='grc' dir='ltr'><strong>τοὺς</strong></span> <span class='ocrx_word' id='word_1_147' title='bbox 3043 757 3392 828; x_wconf 80' lang='grc' dir='ltr'><strong>Σαρακηνοῦς</strong></span> <span class='ocrx_word' id='word_1_148' title='bbox 3436 753 3574 828; x_wconf 83' lang='grc' dir='ltr'><strong>ἦλθε</strong></span> <span class='ocrx_word' id='word_1_149' title='bbox 3599 774 3616 787; x_wconf 74' lang='grc' dir='ltr'><strong>ο</strong></span> <span class='ocrx_word' id='word_1_150' title='bbox 3647 759 3745 811; x_wconf 72' lang='grc' dir='ltr'><strong>καὶ</strong></span> 
     </span>
    </p>
   </div>
   <div class='ocr_carea' id='block_1_24' title="bbox 2152 849 3747 922">
    <p class='ocr_par' dir='ltr' id='par_1_24' title="bbox 2152 849 3747 922">
     <span class='ocr_line' id='line_1_24' title="bbox 2152 849 3747 922; baseline -0.004 -14"><span class='ocrx_word' id='word_1_151' title='bbox 2152 853 2440 918; x_wconf 79' lang='grc' dir='ltr'><strong>διαλλάξας</strong></span> <span class='ocrx_word' id='word_1_152' title='bbox 2493 852 2693 915; x_wconf 78' lang='grc' dir='ltr'><strong>αὐτοὺς</strong></span> <span class='ocrx_word' id='word_1_153' title='bbox 2738 850 3033 922; x_wconf 82' lang='grc' dir='ltr'><strong>Ῥωμαίοις</strong></span> <span class='ocrx_word' id='word_1_154' title='bbox 3057 893 3072 918; x_wconf 89' lang='grc'><strong>,</strong></span> <span class='ocrx_word' id='word_1_155' title='bbox 3112 849 3299 903; x_wconf 81' lang='grc' dir='ltr'><strong>αὐτόθι</strong></span> <span class='ocrx_word' id='word_1_156' title='bbox 3346 849 3540 919; x_wconf 82' lang='grc' dir='ltr'><strong>διῆγεν</strong></span> <span class='ocrx_word' id='word_1_157' title='bbox 3581 851 3747 920; x_wconf 83' lang='grc' dir='ltr'><strong>ἱερω-</strong></span> 
     </span>
    </p>
   </div>
   <div class='ocr_carea' id='block_1_25' title="bbox 2163 939 3746 1017">
    <p class='ocr_par' dir='ltr' id='par_1_25' title="bbox 2163 939 3746 1017">
     <span class='ocr_line' id='line_1_25' title="bbox 2163 939 3746 1017; baseline -0.002 -20"><span class='ocrx_word' id='word_1_158' title='bbox 2163 945 2326 1017; x_wconf 82' lang='grc' dir='ltr'><strong>μένος</strong></span> <span class='ocrx_word' id='word_1_159' title='bbox 2351 984 2366 1009; x_wconf 86' lang='grc'><strong>,</strong></span> <span class='ocrx_word' id='word_1_160' title='bbox 2387 945 2483 998; x_wconf 75' lang='grc' dir='ltr'><strong>καὶ</strong></span> <span class='ocrx_word' id='word_1_161' title='bbox 2509 943 2739 1007; x_wconf 76' lang='grc' dir='ltr'><strong>πολλοὺς</strong></span> <span class='ocrx_word' id='word_1_162' title='bbox 2775 941 3158 1014; x_wconf 78' lang='grc' dir='ltr'><strong>Χριστιανίσαι</strong></span> <span class='ocrx_word' id='word_1_163' title='bbox 3189 939 3579 1012; x_wconf 79' lang='grc' dir='ltr'><strong>παρεσκεύασε</strong></span> <span class='ocrx_word' id='word_1_164' title='bbox 3600 980 3617 1004; x_wconf 88' lang='grc'><strong>,</strong></span> <span class='ocrx_word' id='word_1_165' title='bbox 3645 959 3746 994; x_wconf 83' lang='grc' dir='ltr'><strong>κο-</strong></span> 
     </span>
    </p>
   </div>
   <div class='ocr_carea' id='block_1_26' title="bbox 2159 1033 3747 1108">
    <p class='ocr_par' dir='ltr' id='par_1_26' title="bbox 2159 1033 3747 1108">
     <span class='ocr_line' id='line_1_26' title="bbox 2159 1033 3747 1108; baseline -0.003 -19"><span class='ocrx_word' id='word_1_166' title='bbox 2159 1037 2288 1108; x_wconf 79' lang='grc' dir='ltr'><strong>μιδῇ</strong></span> <span class='ocrx_word' id='word_1_167' title='bbox 2315 1035 2530 1106; x_wconf 79' lang='grc' dir='ltr'><strong>ὀλίγους</strong></span> <span class='ocrx_word' id='word_1_168' title='bbox 2555 1033 2730 1106; x_wconf 81' lang='grc' dir='ltr'><strong>εὑρὼν</strong></span> <span class='ocrx_word' id='word_1_169' title='bbox 2751 1033 2845 1088; x_wconf 91' lang='grc' dir='ltr'><strong>τοῦ</strong></span> <span class='ocrx_word' id='word_1_170' title='bbox 2866 1033 3139 1102; x_wconf 84' lang='grc' dir='ltr'><strong>δόγματος</strong></span> <span class='ocrx_word' id='word_1_171' title='bbox 3162 1033 3556 1102; x_wconf 79' lang='grc' dir='ltr'><strong>μετασχόντας.</strong></span> <span class='ocrx_word' id='word_1_172' title='bbox 3576 1034 3747 1085; x_wconf 75' lang='grc' dir='ltr'><strong>Τουτὶ</strong></span> 
     </span>
    </p>
   </div>
   <div class='ocr_carea' id='block_1_27' title="bbox 2155 1122 3746 1197">
    <p class='ocr_par' dir='ltr' id='par_1_27' title="bbox 2155 1122 3746 1197">
     <span class='ocr_line' id='line_1_27' title="bbox 2155 1122 3746 1197; baseline -0.003 -17"><span class='ocrx_word' id='word_1_173' title='bbox 2155 1128 2265 1197; x_wconf 87' lang='grc' dir='ltr'><strong>γὰρ</strong></span> <span class='ocrx_word' id='word_1_174' title='bbox 2297 1127 2362 1180; x_wconf 79' lang='grc' dir='ltr'><strong>τὸ</strong></span> <span class='ocrx_word' id='word_1_175' title='bbox 2395 1126 2560 1194; x_wconf 82' lang='grc' dir='ltr'><strong>φῦλον</strong></span> <span class='ocrx_word' id='word_1_176' title='bbox 2590 1125 2698 1180; x_wconf 82' lang='grc' dir='ltr'><strong>ἀπὸ</strong></span> <span class='ocrx_word' id='word_1_177' title='bbox 2736 1123 2960 1195; x_wconf 79' lang='grc' dir='ltr'><strong>Ἰσμαὴλ</strong></span> <span class='ocrx_word' id='word_1_178' title='bbox 2988 1123 3084 1177; x_wconf 88' lang='grc' dir='ltr'><strong>τοῦ</strong></span> <span class='ocrx_word' id='word_1_179' title='bbox 3128 1122 3377 1194; x_wconf 82' lang='grc' dir='ltr'><strong>Ἀϐραὰμ</strong></span> <span class='ocrx_word' id='word_1_180' title='bbox 3417 1123 3615 1186; x_wconf 74' lang='grc' dir='ltr'><strong>παιδὸς</strong></span> <span class='ocrx_word' id='word_1_181' title='bbox 3645 1123 3746 1192; x_wconf 72' lang='grc' dir='ltr'><strong>τὴν</strong></span> 
     </span>
    </p>
   </div>
   <div class='ocr_carea' id='block_1_28' title="bbox 2157 1211 3747 1289">
    <p class='ocr_par' dir='ltr' id='par_1_28' title="bbox 2157 1211 3747 1289">
     <span class='ocr_line' id='line_1_28' title="bbox 2157 1211 3747 1289; baseline -0.003 -18"><span class='ocrx_word' id='word_1_182' title='bbox 2157 1217 2333 1289; x_wconf 81' lang='grc' dir='ltr'><strong>ἀρχὴν</strong></span> <span class='ocrx_word' id='word_1_183' title='bbox 2351 1217 2537 1280; x_wconf 80' lang='grc' dir='ltr'><strong>λαϐὸν,</strong></span> <span class='ocrx_word' id='word_1_184' title='bbox 2570 1216 2665 1270; x_wconf 63' lang='grc' dir='ltr'><strong>καὶ</strong></span> <span class='ocrx_word' id='word_1_185' title='bbox 2690 1215 2788 1287; x_wconf 83' lang='grc' dir='ltr'><strong>τὴν</strong></span> <span class='ocrx_word' id='word_1_186' title='bbox 2818 1215 3194 1287; x_wconf 80' lang='grc' dir='ltr'><strong>προσηγορίαν</strong></span> <span class='ocrx_word' id='word_1_187' title='bbox 3223 1211 3358 1286; x_wconf 74' lang='grc' dir='ltr'><strong>εἶχε,</strong></span> <span class='ocrx_word' id='word_1_188' title='bbox 3394 1216 3496 1270; x_wconf 74' lang='grc' dir='ltr'><strong>καὶ</strong></span> <span class='ocrx_word' id='word_1_189' title='bbox 3523 1217 3747 1287; x_wconf 68' lang='grc' dir='ltr'><strong>Ἰσμαῃο</strong></span> 
     </span>
    </p>
   </div>
   <div class='ocr_carea' id='block_1_29' title="bbox 2157 1307 3750 1380">
    <p class='ocr_par' dir='ltr' id='par_1_29' title="bbox 2157 1307 3750 1380">
     <span class='ocr_line' id='line_1_29' title="bbox 2157 1307 3750 1380; baseline -0.001 -17"><span class='ocrx_word' id='word_1_190' title='bbox 2157 1310 2311 1373; x_wconf 86' lang='grc' dir='ltr'><strong>λίτας</strong></span> <span class='ocrx_word' id='word_1_191' title='bbox 2344 1309 2542 1372; x_wconf 75' lang='grc' dir='ltr'><strong>αὐτοὺς</strong></span> <span class='ocrx_word' id='word_1_192' title='bbox 2576 1310 2626 1363; x_wconf 82' lang='grc' dir='ltr'><strong>οί</strong></span> <span class='ocrx_word' id='word_1_193' title='bbox 2665 1309 2880 1379; x_wconf 80' lang='grc' dir='ltr'><strong>ἀρχαῖοι</strong></span> <span class='ocrx_word' id='word_1_194' title='bbox 2902 1349 2918 1373; x_wconf 91' lang='grc'><strong>,</strong></span> <span class='ocrx_word' id='word_1_195' title='bbox 2955 1307 3066 1362; x_wconf 78' lang='grc' dir='ltr'><strong>ἀπὸ</strong></span> <span class='ocrx_word' id='word_1_196' title='bbox 3101 1308 3196 1360; x_wconf 91' lang='grc' dir='ltr'><strong>τοῦ</strong></span> <span class='ocrx_word' id='word_1_197' title='bbox 3225 1309 3577 1380; x_wconf 80' lang='grc' dir='ltr'><strong>προπάτορος</strong></span> <span class='ocrx_word' id='word_1_198' title='bbox 3608 1308 3750 1361; x_wconf 81' lang='grc' dir='ltr'><strong>ὠνό-</strong></span> 
     </span>
    </p>
   </div>
   <div class='ocr_carea' id='block_1_30' title="bbox 2162 1395 3745 1471">
    <p class='ocr_par' dir='ltr' id='par_1_30' title="bbox 2162 1395 3745 1471">
     <span class='ocr_line' id='line_1_30' title="bbox 2162 1395 3745 1471; baseline -0.001 -17"><span class='ocrx_word' id='word_1_199' title='bbox 2162 1417 2362 1471; x_wconf 88' lang='grc' dir='ltr'><strong>μασαν.</strong></span> <span class='ocrx_word' id='word_1_200' title='bbox 2401 1397 2847 1469; x_wconf 74' lang='grc' dir='ltr'><strong>Ἀποτριϐόμενοι</strong></span> <span class='ocrx_word' id='word_1_201' title='bbox 2901 1397 2958 1451; x_wconf 86' lang='grc' dir='ltr'><strong>δέ</strong></span> <span class='ocrx_word' id='word_1_202' title='bbox 3011 1395 3106 1450; x_wconf 88' lang='grc' dir='ltr'><strong>τοῦ</strong></span> <span class='ocrx_word' id='word_1_203' title='bbox 3148 1396 3302 1450; x_wconf 83' lang='grc' dir='ltr'><strong>νόθου</strong></span> <span class='ocrx_word' id='word_1_204' title='bbox 3344 1397 3437 1450; x_wconf 75' lang='grc' dir='ltr'><strong>τὸν</strong></span> <span class='ocrx_word' id='word_1_205' title='bbox 3491 1397 3745 1468; x_wconf 73' lang='grc' dir='ltr'><strong>ἔλεγχον,</strong></span> 
     </span>
    </p>
   </div>
   <div class='ocr_carea' id='block_1_31' title="bbox 2160 1486 3745 1560">
    <p class='ocr_par' dir='ltr' id='par_1_31' title="bbox 2160 1486 3745 1560">
     <span class='ocr_line' id='line_1_31' title="bbox 2160 1486 3745 1560; baseline -0.001 -17"><span class='ocrx_word' id='word_1_206' title='bbox 2160 1491 2255 1544; x_wconf 77' lang='grc' dir='ltr'><strong>καὶ</strong></span> <span class='ocrx_word' id='word_1_207' title='bbox 2279 1490 2379 1560; x_wconf 81' lang='grc' dir='ltr'><strong>τῆς</strong></span> <span class='ocrx_word' id='word_1_208' title='bbox 2421 1490 2600 1558; x_wconf 73' lang='grc' dir='ltr'><strong>Ἅγαρ</strong></span> <span class='ocrx_word' id='word_1_209' title='bbox 2637 1487 2738 1556; x_wconf 83' lang='grc' dir='ltr'><strong>τῆς</strong></span> <span class='ocrx_word' id='word_1_210' title='bbox 2775 1487 3001 1558; x_wconf 80' lang='grc' dir='ltr'><strong>Ἰσμαὴλ</strong></span> <span class='ocrx_word' id='word_1_211' title='bbox 3031 1488 3239 1557; x_wconf 83' lang='grc' dir='ltr'><strong>μητρὸς</strong></span> <span class='ocrx_word' id='word_1_212' title='bbox 3265 1487 3363 1557; x_wconf 74' lang='grc' dir='ltr'><strong>τὴν</strong></span> <span class='ocrx_word' id='word_1_213' title='bbox 3393 1486 3745 1556; x_wconf 79' lang='grc' dir='ltr'><strong>δυσγένειαν.</strong></span> 
     </span>
    </p>
   </div>
   <div class='ocr_carea' id='block_1_32' title="bbox 479 1576 2066 1655">
    <p class='ocr_par' dir='ltr' id='par_1_32' title="bbox 479 1579 2054 1655">
     <span class='ocr_line' id='line_1_32' title="bbox 479 1579 2054 1655; baseline -0.003 -17"><span class='ocrx_word' id='word_1_214' title='bbox 479 1585 692 1655; x_wconf 82' lang='lat' dir='ltr'><strong>Quippe</strong></span> <span class='ocrx_word' id='word_1_215' title='bbox 741 1585 856 1639; x_wconf 67' lang='lat' dir='ltr'><strong>haec</strong></span> <span class='ocrx_word' id='word_1_216' title='bbox 893 1600 1027 1654; x_wconf 86' lang='lat' dir='ltr'><strong>gens</strong></span> <span class='ocrx_word' id='word_1_217' title='bbox 1061 1586 1130 1638; x_wconf 88' lang='lat' dir='ltr'><strong>ah</strong></span> <span class='ocrx_word' id='word_1_218' title='bbox 1158 1584 1394 1639; x_wconf 88' lang='lat' dir='ltr'><strong>lsmaele</strong></span> <span class='ocrx_word' id='word_1_219' title='bbox 1442 1582 1742 1638; x_wconf 82' lang='lat' dir='ltr'><strong>Abrahami</strong></span> <span class='ocrx_word' id='word_1_220' title='bbox 1785 1581 1902 1636; x_wconf 82' lang='lat' dir='ltr'><strong>ﬁlio</strong></span> <span class='ocrx_word' id='word_1_221' title='bbox 1935 1579 2054 1634; x_wconf 82' lang='lat' dir='ltr'><strong>ori-</strong></span> 
     </span>
    </p>
   </div>
   <div class='ocr_carea' id='block_1_33' title="bbox 2169 1576 3748 1655">
    <p class='ocr_par' dir='ltr' id='par_1_33' title="bbox 2169 1576 3748 1653">
     <span class='ocr_line' id='line_1_33' title="bbox 2169 1576 3748 1653; baseline -0.001 -20"><span class='ocrx_word' id='word_1_222' title='bbox 2169 1580 2321 1650; x_wconf 75' lang='grc' dir='ltr'><strong>Βούλη</strong></span> <span class='ocrx_word' id='word_1_223' title='bbox 2346 1580 2453 1653; x_wconf 84' lang='grc' dir='ltr'><strong>γὰρ</strong></span> <span class='ocrx_word' id='word_1_224' title='bbox 2479 1576 2566 1650; x_wconf 76' lang='grc' dir='ltr'><strong>ἦν,</strong></span> <span class='ocrx_word' id='word_1_225' title='bbox 2599 1579 2989 1650; x_wconf 77' lang='grc' dir='ltr'><strong>Σαρρακηνοὺς</strong></span> <span class='ocrx_word' id='word_1_226' title='bbox 3015 1579 3157 1647; x_wconf 76' lang='grc' dir='ltr'><strong>σφᾶς</strong></span> <span class='ocrx_word' id='word_1_227' title='bbox 3186 1578 3498 1648; x_wconf 79' lang='grc' dir='ltr'><strong>ὠνόμασαν,</strong></span> <span class='ocrx_word' id='word_1_228' title='bbox 3523 1579 3607 1642; x_wconf 83' lang='grc' dir='ltr'><strong>ὡς</strong></span> <span class='ocrx_word' id='word_1_229' title='bbox 3642 1581 3748 1632; x_wconf 63' lang='grc' dir='ltr'><strong>ἀπὸ</strong></span> 
     </span>
    </p>
   </div>
   <div class='ocr_carea' id='block_1_34' title="bbox 479 1661 2066 1746">
    <p class='ocr_par' dir='ltr' id='par_1_34' title="bbox 479 1673 2059 1746">
     <span class='ocr_line' id='line_1_34' title="bbox 479 1673 2059 1746; baseline -0.002 -18"><span class='ocrx_word' id='word_1_230' title='bbox 479 1677 662 1746; x_wconf 88' lang='lat' dir='ltr'><strong>ginem</strong></span> <span class='ocrx_word' id='word_1_231' title='bbox 691 1675 924 1737; x_wconf 85' lang='lat' dir='ltr'><strong>ducens,</strong></span> <span class='ocrx_word' id='word_1_232' title='bbox 955 1675 1282 1730; x_wconf 82' lang='lat' dir='ltr'><strong>vocabulum</strong></span> <span class='ocrx_word' id='word_1_233' title='bbox 1319 1679 1539 1743; x_wconf 89' lang='lat' dir='ltr'><strong>quoque</strong></span> <span class='ocrx_word' id='word_1_234' title='bbox 1567 1673 1819 1744; x_wconf 89' lang='lat' dir='ltr'><strong>accepit:</strong></span> <span class='ocrx_word' id='word_1_235' title='bbox 1851 1686 2059 1742; x_wconf 89' lang='lat' dir='ltr'><strong>eosque</strong></span> 
     </span>
    </p>
   </div>
   <div class='ocr_carea' id='block_1_35' title="bbox 2169 1661 3746 1746">
    <p class='ocr_par' dir='ltr' id='par_1_35' title="bbox 2169 1666 3746 1741">
     <span class='ocr_line' id='line_1_35' title="bbox 2169 1666 3746 1741; baseline -0.003 -16"><span class='ocrx_word' id='word_1_236' title='bbox 2169 1671 2376 1741; x_wconf 76' lang='grc' dir='ltr'><strong>Σάρῤας</strong></span> <span class='ocrx_word' id='word_1_237' title='bbox 2399 1669 2499 1738; x_wconf 82' lang='grc' dir='ltr'><strong>τῆς</strong></span> <span class='ocrx_word' id='word_1_238' title='bbox 2543 1667 2794 1739; x_wconf 77' lang='grc' dir='ltr'><strong>Ἀϐραὰμ</strong></span> <span class='ocrx_word' id='word_1_239' title='bbox 2819 1666 3068 1737; x_wconf 78' lang='grc' dir='ltr'><strong>γαμετῆς</strong></span> <span class='ocrx_word' id='word_1_240' title='bbox 3099 1667 3530 1738; x_wconf 78' lang='grc' dir='ltr'><strong>καταγομένους.</strong></span> <span class='ocrx_word' id='word_1_241' title='bbox 3555 1669 3746 1721; x_wconf 73' lang='grc' dir='ltr'><strong>Τοιοῦ-</strong></span> 
     </span>
    </p>
   </div>
   <div class='ocr_carea' id='block_1_36' title="bbox 480 1763 2057 1836">
    <p class='ocr_par' dir='ltr' id='par_1_36' title="bbox 480 1763 2057 1836">
     <span class='ocr_line' id='line_1_36' title="bbox 480 1763 2057 1836; baseline 0 -18"><span class='ocrx_word' id='word_1_242' title='bbox 480 1767 694 1836; x_wconf 81' lang='lat' dir='ltr'><strong>antiqui</strong></span> <span class='ocrx_word' id='word_1_243' title='bbox 724 1767 796 1820; x_wconf 90' lang='lat' dir='ltr'><strong>ab</strong></span> <span class='ocrx_word' id='word_1_244' title='bbox 821 1776 1050 1820; x_wconf 91' lang='lat' dir='ltr'><strong>auctore</strong></span> <span class='ocrx_word' id='word_1_245' title='bbox 1087 1765 1306 1836; x_wconf 82' lang='lat' dir='ltr'><strong>generis</strong></span> <span class='ocrx_word' id='word_1_246' title='bbox 1328 1763 1637 1820; x_wconf 85' lang='lat' dir='ltr'><strong>lsmaelitas</strong></span> <span class='ocrx_word' id='word_1_247' title='bbox 1683 1765 2057 1820; x_wconf 86' lang='lat' dir='ltr'><strong>nominarunt.</strong></span> 
     </span>
    </p>
   </div>
   <div class='ocr_carea' id='block_1_37' title="bbox 483 1855 2059 1927">
    <p class='ocr_par' dir='ltr' id='par_1_37' title="bbox 483 1855 2059 1927">
     <span class='ocr_line' id='line_1_37' title="bbox 483 1855 2059 1927; baseline -0.001 -15"><span class='ocrx_word' id='word_1_248' title='bbox 483 1857 686 1913; x_wconf 83' lang='lat' dir='ltr'><strong>Verum</strong></span> <span class='ocrx_word' id='word_1_249' title='bbox 744 1867 803 1912; x_wconf 90' lang='lat' dir='ltr'><strong>ut</strong></span> <span class='ocrx_word' id='word_1_250' title='bbox 850 1858 1113 1927; x_wconf 77' lang='lat' dir='ltr'><strong>probrum</strong></span> <span class='ocrx_word' id='word_1_251' title='bbox 1167 1857 1491 1911; x_wconf 70' lang='lat' dir='ltr'><strong>adulterinae</strong></span> <span class='ocrx_word' id='word_1_252' title='bbox 1533 1855 1766 1926; x_wconf 80' lang='lat' dir='ltr'><strong>originis</strong></span> <span class='ocrx_word' id='word_1_253' title='bbox 1813 1855 2059 1911; x_wconf 87' lang='lat' dir='ltr'><strong>declina-</strong></span> 
     </span>
    </p>
   </div>
   <div class='ocr_carea' id='block_1_38' title="bbox 481 1945 2062 2019">
    <p class='ocr_par' dir='ltr' id='par_1_38' title="bbox 481 1945 2062 2019">
     <span class='ocr_line' id='line_1_38' title="bbox 481 1945 2062 2019; baseline 0.001 -18"><span class='ocrx_word' id='word_1_254' title='bbox 481 1958 626 2013; x_wconf 88' lang='lat' dir='ltr'><strong>rent,</strong></span> <span class='ocrx_word' id='word_1_255' title='bbox 671 1956 726 2003; x_wconf 90' lang='lat' dir='ltr'><strong>et</strong></span> <span class='ocrx_word' id='word_1_256' title='bbox 759 1947 1162 2019; x_wconf 80' lang='lat' dir='ltr'><strong>ignobilitatem</strong></span> <span class='ocrx_word' id='word_1_257' title='bbox 1213 1946 1359 2016; x_wconf 85' lang='lat' dir='ltr'><strong>Agar</strong></span> <span class='ocrx_word' id='word_1_258' title='bbox 1401 1947 1594 2001; x_wconf 89' lang='lat' dir='ltr'><strong>matris</strong></span> <span class='ocrx_word' id='word_1_259' title='bbox 1645 1945 1892 2002; x_wconf 83' lang='lat' dir='ltr'><strong>lsmaelis</strong></span> <span class='ocrx_word' id='word_1_260' title='bbox 1939 1962 2062 2017; x_wconf 64' lang='lat' dir='ltr'><strong>qua:</strong></span> 
     </span>
    </p>
   </div>
   <div class='ocr_carea' id='block_1_39' title="bbox 481 2035 2063 2108">
    <p class='ocr_par' dir='ltr' id='par_1_39' title="bbox 481 2035 2063 2108">
     <span class='ocr_line' id='line_1_39' title="bbox 481 2035 2063 2108; baseline -0.004 -12"><span class='ocrx_word' id='word_1_261' title='bbox 481 2055 642 2096; x_wconf 89' lang='lat' dir='ltr'><strong>serva</strong></span> <span class='ocrx_word' id='word_1_262' title='bbox 679 2048 824 2103; x_wconf 89' lang='lat' dir='ltr'><strong>erat,</strong></span> <span class='ocrx_word' id='word_1_263' title='bbox 858 2039 1162 2105; x_wconf 86' lang='lat' dir='ltr'><strong>abolerent,</strong></span> <span class='ocrx_word' id='word_1_264' title='bbox 1201 2038 1306 2108; x_wconf 90' lang='lat' dir='ltr'><strong>ipsi</strong></span> <span class='ocrx_word' id='word_1_265' title='bbox 1365 2053 1424 2093; x_wconf 91' lang='lat' dir='ltr'><strong>se</strong></span> <span class='ocrx_word' id='word_1_266' title='bbox 1467 2035 1778 2092; x_wconf 85' lang='lat' dir='ltr'><strong>Saracenos</strong></span> <span class='ocrx_word' id='word_1_267' title='bbox 1811 2038 2063 2092; x_wconf 87' lang='lat' dir='ltr'><strong>nomina-</strong></span> 
     </span>
    </p>
   </div>
   <div class='ocr_carea' id='block_1_40' title="bbox 482 2127 2058 2209">
    <p class='ocr_par' dir='ltr' id='par_1_40' title="bbox 482 2127 2058 2209">
     <span class='ocr_line' id='line_1_40' title="bbox 482 2127 2058 2209; baseline -0.005 -22"><span class='ocrx_word' id='word_1_268' title='bbox 482 2141 632 2196; x_wconf 90' lang='lat' dir='ltr'><strong>runt,</strong></span> <span class='ocrx_word' id='word_1_269' title='bbox 666 2132 823 2200; x_wconf 89' lang='lat' dir='ltr'><strong>quasi</strong></span> <span class='ocrx_word' id='word_1_270' title='bbox 850 2145 914 2184; x_wconf 79' lang='lat' dir='ltr'><strong>ex</strong></span> <span class='ocrx_word' id='word_1_271' title='bbox 943 2129 1081 2184; x_wconf 88' lang='lat' dir='ltr'><strong>Sara</strong></span> <span class='ocrx_word' id='word_1_272' title='bbox 1111 2129 1350 2198; x_wconf 78' lang='lat' dir='ltr'><strong>conjuge</strong></span> <span class='ocrx_word' id='word_1_273' title='bbox 1379 2127 1675 2182; x_wconf 80' lang='lat' dir='ltr'><strong>Abrahami</strong></span> <span class='ocrx_word' id='word_1_274' title='bbox 1713 2128 1823 2182; x_wconf 91' lang='lat' dir='ltr'><strong>orti</strong></span> <span class='ocrx_word' id='word_1_275' title='bbox 1852 2135 2058 2209; x_wconf 81' lang='lat' dir='ltr'><strong>essent.</strong></span> 
     </span>
    </p>
   </div>
   <div class='ocr_carea' id='block_1_41' title="bbox 484 2217 2062 2294">
    <p class='ocr_par' dir='ltr' id='par_1_41' title="bbox 484 2217 2062 2294">
     <span class='ocr_line' id='line_1_41' title="bbox 484 2217 2062 2294; baseline -0.002 -17"><span class='ocrx_word' id='word_1_276' title='bbox 484 2223 603 2278; x_wconf 80' lang='lat' dir='ltr'><strong>Tali</strong></span> <span class='ocrx_word' id='word_1_277' title='bbox 651 2223 819 2294; x_wconf 87' lang='lat' dir='ltr'><strong>igitur</strong></span> <span class='ocrx_word' id='word_1_278' title='bbox 853 2236 1054 2292; x_wconf 89' lang='lat' dir='ltr'><strong>genere</strong></span> <span class='ocrx_word' id='word_1_279' title='bbox 1099 2220 1374 2292; x_wconf 76' lang='lat' dir='ltr'><strong>prognati,</strong></span> <span class='ocrx_word' id='word_1_280' title='bbox 1429 2234 1624 2275; x_wconf 90' lang='lat' dir='ltr'><strong>omnes</strong></span> <span class='ocrx_word' id='word_1_281' title='bbox 1678 2219 1899 2290; x_wconf 83' lang='lat' dir='ltr'><strong>quidem</strong></span> <span class='ocrx_word' id='word_1_282' title='bbox 1955 2217 2062 2274; x_wconf 81' lang='lat' dir='ltr'><strong>He-</strong></span> 
     </span>
    </p>
   </div>
   <div class='ocr_carea' id='block_1_42' title="bbox 483 2310 2064 2376">
    <p class='ocr_par' dir='ltr' id='par_1_42' title="bbox 483 2310 2064 2376">
     <span class='ocr_line' id='line_1_42' title="bbox 483 2310 2064 2376; baseline -0.003 -6"><span class='ocrx_word' id='word_1_283' title='bbox 483 2314 757 2370; x_wconf 80' lang='lat' dir='ltr'><strong>braeorum</strong></span> <span class='ocrx_word' id='word_1_284' title='bbox 776 2328 929 2369; x_wconf 91' lang='lat' dir='ltr'><strong>more</strong></span> <span class='ocrx_word' id='word_1_285' title='bbox 948 2311 1439 2376; x_wconf 86' lang='lat' dir='ltr'><strong>circumciduntur,</strong></span> <span class='ocrx_word' id='word_1_286' title='bbox 1463 2319 1517 2367; x_wconf 87' lang='lat' dir='ltr'><strong>et</strong></span> <span class='ocrx_word' id='word_1_287' title='bbox 1539 2325 1570 2364; x_wconf 92' lang='lat' dir='ltr'><strong>a</strong></span> <span class='ocrx_word' id='word_1_288' title='bbox 1597 2310 1776 2367; x_wconf 88' lang='lat' dir='ltr'><strong>suillis</strong></span> <span class='ocrx_word' id='word_1_289' title='bbox 1799 2310 2064 2365; x_wconf 87' lang='lat' dir='ltr'><strong>carnibus</strong></span> 
     </span>
    </p>
   </div>
   <div class='ocr_carea' id='block_1_43' title="bbox 483 2401 2066 2473">
    <p class='ocr_par' dir='ltr' id='par_1_43' title="bbox 483 2401 2066 2473">
     <span class='ocr_line' id='line_1_43' title="bbox 483 2401 2066 2473; baseline -0.001 -14"><span class='ocrx_word' id='word_1_290' title='bbox 483 2405 786 2470; x_wconf 86' lang='lat' dir='ltr'><strong>abstinent,</strong></span> <span class='ocrx_word' id='word_1_291' title='bbox 831 2404 1146 2473; x_wconf 89' lang='lat' dir='ltr'><strong>multosque</strong></span> <span class='ocrx_word' id='word_1_292' title='bbox 1192 2403 1335 2458; x_wconf 88' lang='lat' dir='ltr'><strong>alios</strong></span> <span class='ocrx_word' id='word_1_293' title='bbox 1384 2401 1736 2458; x_wconf 69' lang='lat' dir='ltr'><strong>Hebraeorum</strong></span> <span class='ocrx_word' id='word_1_294' title='bbox 1789 2406 1934 2457; x_wconf 84' lang='lat' dir='ltr'><strong>rit-us</strong></span> <span class='ocrx_word' id='word_1_295' title='bbox 1967 2402 2066 2457; x_wconf 90' lang='lat' dir='ltr'><strong>ob-</strong></span> 
     </span>
    </p>
   </div>
   <div class='ocr_carea' id='block_1_44' title="bbox 486 2492 2066 2564">
    <p class='ocr_par' dir='ltr' id='par_1_44' title="bbox 486 2492 2066 2564">
     <span class='ocr_line' id='line_1_44' title="bbox 486 2492 2066 2564; baseline -0.001 -15"><span class='ocrx_word' id='word_1_296' title='bbox 486 2505 730 2550; x_wconf 89' lang='lat' dir='ltr'><strong>servant.</strong></span> <span class='ocrx_word' id='word_1_297' title='bbox 759 2494 914 2560; x_wconf 88' lang='lat' dir='ltr'><strong>Quod</strong></span> <span class='ocrx_word' id='word_1_298' title='bbox 942 2510 1073 2550; x_wconf 83' lang='lat' dir='ltr'><strong>vero</strong></span> <span class='ocrx_word' id='word_1_299' title='bbox 1104 2509 1213 2550; x_wconf 93' lang='lat' dir='ltr'><strong>non</strong></span> <span class='ocrx_word' id='word_1_300' title='bbox 1253 2493 1448 2549; x_wconf 88' lang='lat' dir='ltr'><strong>iisdem</strong></span> <span class='ocrx_word' id='word_1_301' title='bbox 1480 2493 1691 2564; x_wconf 88' lang='lat' dir='ltr'><strong>quibus</strong></span> <span class='ocrx_word' id='word_1_302' title='bbox 1730 2493 1808 2548; x_wconf 86' lang='lat' dir='ltr'><strong>illi</strong></span> <span class='ocrx_word' id='word_1_303' title='bbox 1841 2492 2066 2548; x_wconf 86' lang='lat' dir='ltr'><strong>institu-</strong></span> 
     </span>
    </p>
   </div>
   <div class='ocr_carea' id='block_1_45' title="bbox 487 2582 2066 2657">
    <p class='ocr_par' dir='ltr' id='par_1_45' title="bbox 487 2582 2066 2657">
     <span class='ocr_line' id='line_1_45' title="bbox 487 2582 2066 2657; baseline -0.003 -16"><span class='ocrx_word' id='word_1_304' title='bbox 487 2587 559 2643; x_wconf 80' lang='lat' dir='ltr'><strong>tis</strong></span> <span class='ocrx_word' id='word_1_305' title='bbox 612 2601 1014 2657; x_wconf 86' lang='lat' dir='ltr'><strong>usquequaque</strong></span> <span class='ocrx_word' id='word_1_306' title='bbox 1080 2593 1311 2640; x_wconf 87' lang='lat' dir='ltr'><strong>utuntur</strong></span> <span class='ocrx_word' id='word_1_307' title='bbox 1343 2623 1359 2648; x_wconf 96' lang='lat'><strong>,</strong></span> <span class='ocrx_word' id='word_1_308' title='bbox 1420 2583 1476 2638; x_wconf 88' lang='lat' dir='ltr'><strong>id</strong></span> <span class='ocrx_word' id='word_1_309' title='bbox 1534 2585 1616 2638; x_wconf 84' lang='lat' dir='ltr'><strong>vel</strong></span> <span class='ocrx_word' id='word_1_310' title='bbox 1675 2582 2066 2653; x_wconf 85' lang='lat' dir='ltr'><strong>longinquitati</strong></span> 
     </span>
    </p>
   </div>
   <div class='ocr_carea' id='block_1_46' title="bbox 487 2672 2067 2748">
    <p class='ocr_par' dir='ltr' id='par_1_46' title="bbox 487 2672 2067 2748">
     <span class='ocr_line' id='line_1_46' title="bbox 487 2672 2067 2748; baseline -0.006 -15"><span class='ocrx_word' id='word_1_311' title='bbox 487 2677 755 2748; x_wconf 87' lang='lat' dir='ltr'><strong>temporis</strong></span> <span class='ocrx_word' id='word_1_312' title='bbox 787 2676 1140 2731; x_wconf 89' lang='lat' dir='ltr'><strong>tribuendum</strong></span> <span class='ocrx_word' id='word_1_313' title='bbox 1186 2685 1293 2738; x_wconf 89' lang='lat' dir='ltr'><strong>est,</strong></span> <span class='ocrx_word' id='word_1_314' title='bbox 1333 2675 1417 2730; x_wconf 84' lang='lat' dir='ltr'><strong>vel</strong></span> <span class='ocrx_word' id='word_1_315' title='bbox 1445 2674 1574 2743; x_wconf 84' lang='lat' dir='ltr'><strong>quia</strong></span> <span class='ocrx_word' id='word_1_316' title='bbox 1605 2673 1856 2728; x_wconf 81' lang='lat' dir='ltr'><strong>ﬁnitimis</strong></span> <span class='ocrx_word' id='word_1_317' title='bbox 1889 2672 2067 2744; x_wconf 86' lang='lat' dir='ltr'><strong>genti-</strong></span> 
     </span>
    </p>
   </div>
   <div class='ocr_carea' id='block_1_47' title="bbox 489 2763 2068 2837">
    <p class='ocr_par' dir='ltr' id='par_1_47' title="bbox 489 2763 2068 2837">
     <span class='ocr_line' id='line_1_47' title="bbox 489 2763 2068 2837; baseline -0.003 -14"><span class='ocrx_word' id='word_1_318' title='bbox 489 2768 594 2824; x_wconf 91' lang='lat' dir='ltr'><strong>bus</strong></span> <span class='ocrx_word' id='word_1_319' title='bbox 626 2767 876 2837; x_wconf 85' lang='lat' dir='ltr'><strong>permisti</strong></span> <span class='ocrx_word' id='word_1_320' title='bbox 908 2776 1062 2822; x_wconf 89' lang='lat' dir='ltr'><strong>sunt.</strong></span> <span class='ocrx_word' id='word_1_321' title='bbox 1101 2766 1234 2822; x_wconf 81' lang='lat' dir='ltr'><strong>Nam</strong></span> <span class='ocrx_word' id='word_1_322' title='bbox 1267 2765 1449 2821; x_wconf 69' lang='lat' dir='ltr'><strong>Moses</strong></span> <span class='ocrx_word' id='word_1_323' title='bbox 1474 2765 1720 2836; x_wconf 88' lang='lat' dir='ltr'><strong>quidem,</strong></span> <span class='ocrx_word' id='word_1_324' title='bbox 1755 2765 1849 2834; x_wconf 90' lang='lat' dir='ltr'><strong>qui</strong></span> <span class='ocrx_word' id='word_1_325' title='bbox 1881 2763 2068 2818; x_wconf 86' lang='lat' dir='ltr'><strong>multis</strong></span> 
     </span>
    </p>
   </div>
   <div class='ocr_carea' id='block_1_48' title="bbox 491 2855 2068 2932">
    <p class='ocr_par' dir='ltr' id='par_1_48' title="bbox 491 2855 2068 2932">
     <span class='ocr_line' id='line_1_48' title="bbox 491 2855 2068 2932; baseline -0.003 -16"><span class='ocrx_word' id='word_1_326' title='bbox 491 2868 682 2932; x_wconf 90' lang='lat' dir='ltr'><strong>postea</strong></span> <span class='ocrx_word' id='word_1_327' title='bbox 733 2861 952 2916; x_wconf 76' lang='lat' dir='ltr'><strong>szeculis</strong></span> <span class='ocrx_word' id='word_1_328' title='bbox 1009 2859 1168 2924; x_wconf 76' lang='lat' dir='ltr'><strong>vixit,</strong></span> <span class='ocrx_word' id='word_1_329' title='bbox 1221 2861 1356 2916; x_wconf 90' lang='lat' dir='ltr'><strong>solis</strong></span> <span class='ocrx_word' id='word_1_330' title='bbox 1417 2859 1526 2914; x_wconf 86' lang='lat' dir='ltr'><strong>illis</strong></span> <span class='ocrx_word' id='word_1_331' title='bbox 1585 2857 1678 2928; x_wconf 89' lang='lat' dir='ltr'><strong>qui</strong></span> <span class='ocrx_word' id='word_1_332' title='bbox 1721 2873 1789 2912; x_wconf 79' lang='lat' dir='ltr'><strong>ex</strong></span> <span class='ocrx_word' id='word_1_333' title='bbox 1833 2855 2068 2928; x_wconf 64' lang='lat' dir='ltr'><strong>Egypto</strong></span> 
     </span>
    </p>
   </div>
   <div class='ocr_carea' id='block_1_49' title="bbox 490 2946 2140 3049">
    <p class='ocr_par' dir='ltr' id='par_1_49' title="bbox 490 2946 2140 3049">
     <span class='ocr_line' id='line_1_49' title="bbox 490 2946 2140 3049; baseline -0.004 -43"><span class='ocrx_word' id='word_1_334' title='bbox 490 2951 701 3021; x_wconf 78' lang='lat' dir='ltr'><strong>egressi</strong></span> <span class='ocrx_word' id='word_1_335' title='bbox 745 2959 900 3016; x_wconf 89' lang='lat' dir='ltr'><strong>sunt,</strong></span> <span class='ocrx_word' id='word_1_336' title='bbox 951 2952 1098 3023; x_wconf 82' lang='lat' dir='ltr'><strong>leges</strong></span> <span class='ocrx_word' id='word_1_337' title='bbox 1134 2950 1281 3007; x_wconf 89' lang='lat' dir='ltr'><strong>tulit.</strong></span> <span class='ocrx_word' id='word_1_338' title='bbox 1326 2949 1391 3004; x_wconf 82' lang='lat' dir='ltr'><strong>Et</strong></span> <span class='ocrx_word' id='word_1_339' title='bbox 1440 2963 1630 3005; x_wconf 76' lang='lat' dir='ltr'><strong>eorui</strong></span> <span class='ocrx_word' id='word_1_340' title='bbox 1669 2946 1863 3013; x_wconf 88' lang='lat' dir='ltr'><strong>vicini,</strong></span> <span class='ocrx_word' id='word_1_341' title='bbox 1916 2961 2062 3012; x_wconf 92' lang='lat' dir='ltr'><strong>cum,</strong></span> <span class='ocrx_word' id='word_1_342' title='bbox 2097 2987 2140 3049; x_wconf 63' lang='grc' dir='ltr'><strong>ϐ</strong></span> 
     </span>
    </p>
   </div>
   <div class='ocr_carea' id='block_1_50' title="bbox 492 3041 2066 3113">
    <p class='ocr_par' dir='ltr' id='par_1_50' title="bbox 492 3041 2066 3113">
     <span class='ocr_line' id='line_1_50' title="bbox 492 3041 2066 3113; baseline -0.002 -14"><span class='ocrx_word' id='word_1_343' title='bbox 492 3044 639 3099; x_wconf 90' lang='lat' dir='ltr'><strong>sicut</strong></span> <span class='ocrx_word' id='word_1_344' title='bbox 665 3043 964 3098; x_wconf 84' lang='lat' dir='ltr'><strong>verisimile</strong></span> <span class='ocrx_word' id='word_1_345' title='bbox 987 3052 1092 3109; x_wconf 92' lang='lat' dir='ltr'><strong>est,</strong></span> <span class='ocrx_word' id='word_1_346' title='bbox 1126 3043 1421 3099; x_wconf 84' lang='lat' dir='ltr'><strong>admodum</strong></span> <span class='ocrx_word' id='word_1_347' title='bbox 1451 3051 1639 3099; x_wconf 88' lang='lat' dir='ltr'><strong>essent</strong></span> <span class='ocrx_word' id='word_1_348' title='bbox 1669 3041 2066 3113; x_wconf 89' lang='lat' dir='ltr'><strong>superstitiosi,</strong></span> 
     </span>
    </p>
   </div>
   <div class='ocr_carea' id='block_1_51' title="bbox 491 3132 2074 3206">
    <p class='ocr_par' dir='ltr' id='par_1_51' title="bbox 491 3132 2074 3206">
     <span class='ocr_line' id='line_1_51' title="bbox 491 3132 2074 3206; baseline 0.001 -18"><span class='ocrx_word' id='word_1_349' title='bbox 491 3133 726 3205; x_wconf 87' lang='lat' dir='ltr'><strong>patriam</strong></span> <span class='ocrx_word' id='word_1_350' title='bbox 759 3132 1010 3188; x_wconf 90' lang='lat' dir='ltr'><strong>lsmaelis</strong></span> <span class='ocrx_word' id='word_1_351' title='bbox 1040 3132 1396 3203; x_wconf 88' lang='lat' dir='ltr'><strong>disciplinam</strong></span> <span class='ocrx_word' id='word_1_352' title='bbox 1431 3132 1578 3204; x_wconf 90' lang='lat' dir='ltr'><strong>apud</strong></span> <span class='ocrx_word' id='word_1_353' title='bbox 1623 3135 1777 3204; x_wconf 85' lang='lat' dir='ltr'><strong>ipsos</strong></span> <span class='ocrx_word' id='word_1_354' title='bbox 1814 3148 2074 3206; x_wconf 88' lang='lat' dir='ltr'><strong>corrupe-</strong></span> 
     </span>
    </p>
   </div>
   <div class='ocr_carea' id='block_1_52' title="bbox 495 3222 2072 3295">
    <p class='ocr_par' dir='ltr' id='par_1_52' title="bbox 495 3222 2072 3295">
     <span class='ocr_line' id='line_1_52' title="bbox 495 3222 2072 3295; baseline 0.001 -16"><span class='ocrx_word' id='word_1_355' title='bbox 495 3231 663 3288; x_wconf 86' lang='lat' dir='ltr'><strong>runt;</strong></span> <span class='ocrx_word' id='word_1_356' title='bbox 714 3237 826 3292; x_wconf 83' lang='lat' dir='ltr'><strong>qua</strong></span> <span class='ocrx_word' id='word_1_357' title='bbox 880 3222 998 3276; x_wconf 85' lang='lat' dir='ltr'><strong>sola</strong></span> <span class='ocrx_word' id='word_1_358' title='bbox 1049 3231 1263 3280; x_wconf 89' lang='lat' dir='ltr'><strong>veteres</strong></span> <span class='ocrx_word' id='word_1_359' title='bbox 1312 3223 1527 3279; x_wconf 70' lang='lat' dir='ltr'><strong>Hebraei</strong></span> <span class='ocrx_word' id='word_1_360' title='bbox 1577 3224 1709 3279; x_wconf 89' lang='lat' dir='ltr'><strong>olim</strong></span> <span class='ocrx_word' id='word_1_361' title='bbox 1745 3227 2072 3295; x_wconf 83' lang='lat' dir='ltr'><strong>utebantur;</strong></span> 
     </span>
    </p>
   </div>
   <div class='ocr_carea' id='block_1_53' title="bbox 493 3314 2072 3386">
    <p class='ocr_par' dir='ltr' id='par_1_53' title="bbox 493 3314 2072 3386">
     <span class='ocr_line' id='line_1_53' title="bbox 493 3314 2072 3386; baseline 0.004 -19"><span class='ocrx_word' id='word_1_362' title='bbox 493 3314 698 3385; x_wconf 91' lang='lat' dir='ltr'><strong>quippe</strong></span> <span class='ocrx_word' id='word_1_363' title='bbox 735 3314 832 3385; x_wconf 92' lang='lat' dir='ltr'><strong>qui</strong></span> <span class='ocrx_word' id='word_1_364' title='bbox 871 3323 1000 3370; x_wconf 87' lang='lat' dir='ltr'><strong>ante</strong></span> <span class='ocrx_word' id='word_1_365' title='bbox 1026 3314 1177 3386; x_wconf 85' lang='lat' dir='ltr'><strong>leges</strong></span> <span class='ocrx_word' id='word_1_366' title='bbox 1205 3330 1236 3370; x_wconf 93' lang='lat' dir='ltr'><strong>a</strong></span> <span class='ocrx_word' id='word_1_367' title='bbox 1261 3314 1412 3372; x_wconf 75' lang='lat' dir='ltr'><strong>Mose</strong></span> <span class='ocrx_word' id='word_1_368' title='bbox 1457 3315 1736 3384; x_wconf 86' lang='lat' dir='ltr'><strong>conditas,</strong></span> <span class='ocrx_word' id='word_1_369' title='bbox 1769 3327 2072 3375; x_wconf 88' lang='lat' dir='ltr'><strong>consuetu-</strong></span> 
     </span>
    </p>
   </div>
   <div class='ocr_carea' id='block_1_54' title="bbox 491 3403 2074 3478">
    <p class='ocr_par' dir='ltr' id='par_1_54' title="bbox 491 3403 2074 3478">
     <span class='ocr_line' id='line_1_54' title="bbox 491 3403 2074 3478; baseline 0.005 -22"><span class='ocrx_word' id='word_1_370' title='bbox 491 3403 624 3458; x_wconf 86' lang='lat' dir='ltr'><strong>dine</strong></span> <span class='ocrx_word' id='word_1_371' title='bbox 659 3419 771 3459; x_wconf 89' lang='lat' dir='ltr'><strong>non</strong></span> <span class='ocrx_word' id='word_1_372' title='bbox 822 3405 1028 3475; x_wconf 90' lang='lat' dir='ltr'><strong>scripta</strong></span> <span class='ocrx_word' id='word_1_373' title='bbox 1077 3412 1422 3475; x_wconf 86' lang='lat' dir='ltr'><strong>regerentur.</strong></span> <span class='ocrx_word' id='word_1_374' title='bbox 1457 3405 1691 3463; x_wconf 85' lang='lat' dir='ltr'><strong>Eosdem</strong></span> <span class='ocrx_word' id='word_1_375' title='bbox 1737 3416 1889 3464; x_wconf 87' lang='lat' dir='ltr'><strong>certe</strong></span> <span class='ocrx_word' id='word_1_376' title='bbox 1932 3421 2074 3478; x_wconf 86' lang='lat' dir='ltr'><strong>quos</strong></span> 
     </span>
    </p>
   </div>
   <div class='ocr_carea' id='block_1_55' title="bbox 497 3494 2074 3568">
    <p class='ocr_par' dir='ltr' id='par_1_55' title="bbox 497 3494 2074 3568">
     <span class='ocr_line' id='line_1_55' title="bbox 497 3494 2074 3568; baseline 0.004 -20"><span class='ocrx_word' id='word_1_377' title='bbox 497 3494 735 3560; x_wconf 75' lang='lat' dir='ltr'><strong>ﬁnitimi,</strong></span> <span class='ocrx_word' id='word_1_378' title='bbox 765 3495 1059 3550; x_wconf 83' lang='lat' dir='ltr'><strong>coluerunt</strong></span> <span class='ocrx_word' id='word_1_379' title='bbox 1087 3495 1242 3551; x_wconf 89' lang='lat' dir='ltr'><strong>deos.</strong></span> <span class='ocrx_word' id='word_1_380' title='bbox 1273 3495 1489 3568; x_wconf 87' lang='lat' dir='ltr'><strong>Eosque</strong></span> <span class='ocrx_word' id='word_1_381' title='bbox 1518 3498 1687 3554; x_wconf 88' lang='lat' dir='ltr'><strong>simili</strong></span> <span class='ocrx_word' id='word_1_382' title='bbox 1710 3497 1876 3555; x_wconf 82' lang='lat' dir='ltr'><strong>modo</strong></span> <span class='ocrx_word' id='word_1_383' title='bbox 1903 3513 2074 3556; x_wconf 84' lang='lat' dir='ltr'><strong>vene-</strong></span> 
     </span>
    </p>
   </div>
   <div class='ocr_carea' id='block_1_56' title="bbox 496 3586 2076 3660">
    <p class='ocr_par' dir='ltr' id='par_1_56' title="bbox 496 3586 2076 3660">
     <span class='ocr_line' id='line_1_56' title="bbox 496 3586 2076 3660; baseline 0.003 -21"><span class='ocrx_word' id='word_1_384' title='bbox 496 3594 708 3650; x_wconf 85' lang='lat' dir='ltr'><strong>rantes,</strong></span> <span class='ocrx_word' id='word_1_385' title='bbox 742 3586 1052 3657; x_wconf 87' lang='lat' dir='ltr'><strong>iisdemque</strong></span> <span class='ocrx_word' id='word_1_386' title='bbox 1076 3587 1237 3658; x_wconf 78' lang='lat'><strong>277</strong></span> <span class='ocrx_word' id='word_1_387' title='bbox 1269 3590 1611 3660; x_wconf 86' lang='lat' dir='ltr'><strong>appellantes</strong></span> <span class='ocrx_word' id='word_1_388' title='bbox 1632 3590 1940 3656; x_wconf 87' lang='lat' dir='ltr'><strong>vocabulis,</strong></span> <span class='ocrx_word' id='word_1_389' title='bbox 1971 3590 2076 3645; x_wconf 87' lang='lat' dir='ltr'><strong>hac</strong></span> 
     </span>
    </p>
   </div>
   <div class='ocr_carea' id='block_1_57' title="bbox 496 3679 2075 3750">
    <p class='ocr_par' dir='ltr' id='par_1_57' title="bbox 496 3679 2075 3750">
     <span class='ocr_line' id='line_1_57' title="bbox 496 3679 2075 3750; baseline 0.004 -18"><span class='ocrx_word' id='word_1_390' title='bbox 496 3679 779 3748; x_wconf 85' lang='lat' dir='ltr'><strong>religionis</strong></span> <span class='ocrx_word' id='word_1_391' title='bbox 813 3681 1179 3735; x_wconf 87' lang='lat' dir='ltr'><strong>similitudine</strong></span> <span class='ocrx_word' id='word_1_392' title='bbox 1225 3696 1390 3750; x_wconf 90' lang='lat' dir='ltr'><strong>quam</strong></span> <span class='ocrx_word' id='word_1_393' title='bbox 1423 3697 1550 3737; x_wconf 87' lang='lat' dir='ltr'><strong>cum</strong></span> <span class='ocrx_word' id='word_1_394' title='bbox 1579 3682 1780 3740; x_wconf 86' lang='lat' dir='ltr'><strong>vicinis</strong></span> <span class='ocrx_word' id='word_1_395' title='bbox 1825 3697 2075 3738; x_wconf 90' lang='lat' dir='ltr'><strong>commu-</strong></span> 
     </span>
    </p>
   </div>
   <div class='ocr_carea' id='block_1_58' title="bbox 498 3768 2076 3842">
    <p class='ocr_par' dir='ltr' id='par_1_58' title="bbox 498 3768 2076 3842">
     <span class='ocr_line' id='line_1_58' title="bbox 498 3768 2076 3842; baseline 0.003 -20"><span class='ocrx_word' id='word_1_396' title='bbox 498 3783 620 3824; x_wconf 88' lang='lat' dir='ltr'><strong>nem</strong></span> <span class='ocrx_word' id='word_1_397' title='bbox 674 3768 900 3832; x_wconf 86' lang='lat' dir='ltr'><strong>habent,</strong></span> <span class='ocrx_word' id='word_1_398' title='bbox 949 3782 1175 3824; x_wconf 88' lang='lat' dir='ltr'><strong>causam</strong></span> <span class='ocrx_word' id='word_1_399' title='bbox 1237 3785 1341 3825; x_wconf 89' lang='lat' dir='ltr'><strong>cur</strong></span> <span class='ocrx_word' id='word_1_400' title='bbox 1390 3773 1568 3842; x_wconf 90' lang='lat' dir='ltr'><strong>patria</strong></span> <span class='ocrx_word' id='word_1_401' title='bbox 1623 3773 1874 3828; x_wconf 87' lang='lat' dir='ltr'><strong>instituta</strong></span> <span class='ocrx_word' id='word_1_402' title='bbox 1930 3771 2076 3842; x_wconf 89' lang='lat' dir='ltr'><strong>apud</strong></span> 
     </span>
    </p>
   </div>
   <div class='ocr_carea' id='block_1_59' title="bbox 497 3857 2076 3928">
    <p class='ocr_par' dir='ltr' id='par_1_59' title="bbox 497 3857 2076 3928">
     <span class='ocr_line' id='line_1_59' title="bbox 497 3857 2076 3928; baseline 0.004 -18"><span class='ocrx_word' id='word_1_403' title='bbox 497 3857 648 3926; x_wconf 89' lang='lat' dir='ltr'><strong>ipsos</strong></span> <span class='ocrx_word' id='word_1_404' title='bbox 709 3866 919 3912; x_wconf 88' lang='lat' dir='ltr'><strong>mutata</strong></span> <span class='ocrx_word' id='word_1_405' title='bbox 974 3859 1107 3926; x_wconf 88' lang='lat' dir='ltr'><strong>sint,</strong></span> <span class='ocrx_word' id='word_1_406' title='bbox 1170 3861 1310 3917; x_wconf 87' lang='lat' dir='ltr'><strong>satis</strong></span> <span class='ocrx_word' id='word_1_407' title='bbox 1359 3862 1737 3916; x_wconf 87' lang='lat' dir='ltr'><strong>declararunt.</strong></span> <span class='ocrx_word' id='word_1_408' title='bbox 1785 3862 1982 3928; x_wconf 87' lang='lat' dir='ltr'><strong>Porro,</strong></span> <span class='ocrx_word' id='word_1_409' title='bbox 2017 3871 2076 3917; x_wconf 89' lang='lat' dir='ltr'><strong>ut</strong></span> 
     </span>
    </p>
   </div>
   <div class='ocr_carea' id='block_1_60' title="bbox 497 3930 2077 4022">
    <p class='ocr_par' dir='ltr' id='par_1_60' title="bbox 497 3930 2077 4022">
     <span class='ocr_line' id='line_1_60' title="bbox 497 3930 2077 4022; baseline 0.003 -19"><span class='ocrx_word' id='word_1_410' title='bbox 497 3947 613 4003; x_wconf 85' lang='lat' dir='ltr'><strong>ﬂeri</strong></span> <span class='ocrx_word' id='word_1_411' title='bbox 669 3948 846 4012; x_wconf 85' lang='lat' dir='ltr'><strong>solet,</strong></span> <span class='ocrx_word' id='word_1_412' title='bbox 897 3930 1148 4004; x_wconf 78' lang='lat' dir='ltr'><strong>diuturni</strong></span> <span class='ocrx_word' id='word_1_413' title='bbox 1230 3951 1495 4022; x_wconf 90' lang='lat' dir='ltr'><strong>temporis</strong></span> <span class='ocrx_word' id='word_1_414' title='bbox 1544 3952 1829 4008; x_wconf 89' lang='lat' dir='ltr'><strong>successio</strong></span> <span class='ocrx_word' id='word_1_415' title='bbox 1891 3952 2077 4022; x_wconf 88' lang='lat' dir='ltr'><strong>priora</strong></span> 
     </span>
    </p>
   </div>
   <div class='ocr_carea' id='block_1_61' title="bbox 497 4037 2077 4109">
    <p class='ocr_par' dir='ltr' id='par_1_61' title="bbox 497 4037 2077 4109">
     <span class='ocr_line' id='line_1_61' title="bbox 497 4037 2077 4109; baseline 0.003 -16"><span class='ocrx_word' id='word_1_416' title='bbox 497 4037 721 4108; x_wconf 89' lang='lat' dir='ltr'><strong>quidem</strong></span> <span class='ocrx_word' id='word_1_417' title='bbox 760 4039 1027 4095; x_wconf 89' lang='lat' dir='ltr'><strong>oblivioni</strong></span> <span class='ocrx_word' id='word_1_418' title='bbox 1065 4039 1340 4109; x_wconf 87' lang='lat' dir='ltr'><strong>tradidit;</strong></span> <span class='ocrx_word' id='word_1_419' title='bbox 1393 4041 1502 4096; x_wconf 89' lang='lat' dir='ltr'><strong>alia</strong></span> <span class='ocrx_word' id='word_1_420' title='bbox 1532 4057 1664 4097; x_wconf 92' lang='lat' dir='ltr'><strong>vero</strong></span> <span class='ocrx_word' id='word_1_421' title='bbox 1709 4043 1779 4098; x_wconf 88' lang='lat' dir='ltr'><strong>ab</strong></span> <span class='ocrx_word' id='word_1_422' title='bbox 1820 4042 1931 4099; x_wconf 89' lang='lat' dir='ltr'><strong>illis</strong></span> <span class='ocrx_word' id='word_1_423' title='bbox 1968 4043 2077 4099; x_wconf 88' lang='lat' dir='ltr'><strong>coli</strong></span> 
     </span>
    </p>
   </div>
   <div class='ocr_carea' id='block_1_62' title="bbox 499 4130 2079 4203">
    <p class='ocr_par' dir='ltr' id='par_1_62' title="bbox 499 4130 2079 4203">
     <span class='ocr_line' id='line_1_62' title="bbox 499 4130 2079 4203; baseline 0.003 -18"><span class='ocrx_word' id='word_1_424' title='bbox 499 4130 648 4186; x_wconf 81' lang='lat' dir='ltr'><strong>fecit.</strong></span> <span class='ocrx_word' id='word_1_425' title='bbox 691 4131 940 4188; x_wconf 77' lang='lat' dir='ltr'><strong>Postbtcc</strong></span> <span class='ocrx_word' id='word_1_426' title='bbox 989 4132 1211 4203; x_wconf 88' lang='lat' dir='ltr'><strong>quidam</strong></span> <span class='ocrx_word' id='word_1_427' title='bbox 1241 4148 1456 4202; x_wconf 90' lang='lat' dir='ltr'><strong>eorum,</strong></span> <span class='ocrx_word' id='word_1_428' title='bbox 1502 4149 1631 4191; x_wconf 90' lang='lat' dir='ltr'><strong>cum</strong></span> <span class='ocrx_word' id='word_1_429' title='bbox 1679 4133 1886 4190; x_wconf 69' lang='lat' dir='ltr'><strong>Iudaeis</strong></span> <span class='ocrx_word' id='word_1_430' title='bbox 1931 4149 2079 4190; x_wconf 89' lang='lat' dir='ltr'><strong>con-</strong></span> 
     </span>
    </p>
   </div>
   <div class='ocr_carea' id='block_1_63' title="bbox 497 4222 2077 4298">
    <p class='ocr_par' dir='ltr' id='par_1_63' title="bbox 497 4222 2077 4298">
     <span class='ocr_line' id='line_1_63' title="bbox 497 4222 2077 4298; baseline 0.003 -22"><span class='ocrx_word' id='word_1_431' title='bbox 497 4222 699 4294; x_wconf 83' lang='lat' dir='ltr'><strong>gressi,</strong></span> <span class='ocrx_word' id='word_1_432' title='bbox 734 4222 1049 4279; x_wconf 89' lang='lat' dir='ltr'><strong>didicerunt</strong></span> <span class='ocrx_word' id='word_1_433' title='bbox 1089 4226 1235 4281; x_wconf 88' lang='lat' dir='ltr'><strong>unde</strong></span> <span class='ocrx_word' id='word_1_434' title='bbox 1274 4227 1545 4298; x_wconf 86' lang='lat' dir='ltr'><strong>originem</strong></span> <span class='ocrx_word' id='word_1_435' title='bbox 1578 4228 1864 4283; x_wconf 87' lang='lat' dir='ltr'><strong>ducerent.</strong></span> <span class='ocrx_word' id='word_1_436' title='bbox 1901 4225 1968 4286; x_wconf 81' lang='lat' dir='ltr'><strong>Et</strong></span> <span class='ocrx_word' id='word_1_437' title='bbox 2006 4225 2077 4282; x_wconf 89' lang='lat' dir='ltr'><strong>ad</strong></span> 
     </span>
    </p>
   </div>
   <div class='ocr_carea' id='block_1_64' title="bbox 2160 1760 3746 1830">
    <p class='ocr_par' dir='ltr' id='par_1_64' title="bbox 2160 1760 3746 1830">
     <span class='ocr_line' id='line_1_64' title="bbox 2160 1760 3746 1830; baseline -0.003 -14"><span class='ocrx_word' id='word_1_438' title='bbox 2160 1781 2250 1817; x_wconf 76' lang='grc' dir='ltr'><strong>τον</strong></span> <span class='ocrx_word' id='word_1_439' title='bbox 2307 1762 2364 1816; x_wconf 84' lang='grc' dir='ltr'><strong>δέ</strong></span> <span class='ocrx_word' id='word_1_440' title='bbox 2401 1761 2462 1815; x_wconf 82' lang='grc' dir='ltr'><strong>τὸ</strong></span> <span class='ocrx_word' id='word_1_441' title='bbox 2525 1761 2682 1830; x_wconf 81' lang='grc' dir='ltr'><strong>γένος</strong></span> <span class='ocrx_word' id='word_1_442' title='bbox 2727 1760 2979 1823; x_wconf 76' lang='grc' dir='ltr'><strong>ἕλκοντες</strong></span> <span class='ocrx_word' id='word_1_443' title='bbox 2999 1798 3014 1820; x_wconf 90' lang='grc'><strong>,</strong></span> <span class='ocrx_word' id='word_1_444' title='bbox 3079 1760 3318 1822; x_wconf 75' lang='grc' dir='ltr'><strong>ἅπαντες</strong></span> <span class='ocrx_word' id='word_1_445' title='bbox 3385 1761 3486 1830; x_wconf 85' lang='grc' dir='ltr'><strong>μὲν</strong></span> <span class='ocrx_word' id='word_1_446' title='bbox 3539 1761 3746 1830; x_wconf 75' lang='grc' dir='ltr'><strong>ὁμοίως</strong></span> 
     </span>
    </p>
   </div>
   <div class='ocr_carea' id='block_1_65' title="bbox 2171 1849 3745 1927">
    <p class='ocr_par' dir='ltr' id='par_1_65' title="bbox 2171 1849 3745 1927">
     <span class='ocr_line' id='line_1_65' title="bbox 2171 1849 3745 1927; baseline -0.004 -18"><span class='ocrx_word' id='word_1_447' title='bbox 2171 1849 2442 1927; x_wconf 84' lang='grc' dir='ltr'><strong>Ἑϐραίοις</strong></span> <span class='ocrx_word' id='word_1_448' title='bbox 2466 1870 2533 1906; x_wconf 87' lang='grc' dir='ltr'><strong>πε</strong></span> <span class='ocrx_word' id='word_1_449' title='bbox 2543 1851 3012 1924; x_wconf 76' lang='grc' dir='ltr'><strong>ριτέμνονται,καὶ</strong></span> <span class='ocrx_word' id='word_1_450' title='bbox 3032 1850 3194 1903; x_wconf 86' lang='grc' dir='ltr'><strong>ὑείων</strong></span> <span class='ocrx_word' id='word_1_451' title='bbox 3219 1850 3395 1921; x_wconf 81' lang='grc' dir='ltr'><strong>κρεῶν</strong></span> <span class='ocrx_word' id='word_1_452' title='bbox 3421 1850 3745 1920; x_wconf 79' lang='grc' dir='ltr'><strong>ἀπέχονται,</strong></span> 
     </span>
    </p>
   </div>
   <div class='ocr_carea' id='block_1_66' title="bbox 2161 1942 3744 2014">
    <p class='ocr_par' dir='ltr' id='par_1_66' title="bbox 2161 1942 3744 2014">
     <span class='ocr_line' id='line_1_66' title="bbox 2161 1942 3744 2014; baseline -0.003 -13"><span class='ocrx_word' id='word_1_453' title='bbox 2161 1948 2256 2001; x_wconf 61' lang='grc' dir='ltr'><strong>καλ⁵</strong></span> <span class='ocrx_word' id='word_1_454' title='bbox 2283 1945 2418 2001; x_wconf 78' lang='grc' dir='ltr'><strong>ἄλλα</strong></span> <span class='ocrx_word' id='word_1_455' title='bbox 2468 1944 2639 1998; x_wconf 76' lang='grc' dir='ltr'><strong>πολλὰ</strong></span> <span class='ocrx_word' id='word_1_456' title='bbox 2673 1943 2782 1997; x_wconf 84' lang='grc' dir='ltr'><strong>τῶν</strong></span> <span class='ocrx_word' id='word_1_457' title='bbox 2815 1943 2946 2014; x_wconf 78' lang='grc' dir='ltr'><strong>παρ’</strong></span> <span class='ocrx_word' id='word_1_458' title='bbox 2978 1942 3164 2007; x_wconf 81' lang='grc' dir='ltr'><strong>αὐτοῖς</strong></span> <span class='ocrx_word' id='word_1_459' title='bbox 3205 1943 3347 1996; x_wconf 85' lang='grc' dir='ltr'><strong>ἐθῶν</strong></span> <span class='ocrx_word' id='word_1_460' title='bbox 3387 1943 3744 2013; x_wconf 75' lang='grc' dir='ltr'><strong>φυλάττουσι.</strong></span> 
     </span>
    </p>
   </div>
   <div class='ocr_carea' id='block_1_67' title="bbox 2160 2035 3749 2110">
    <p class='ocr_par' dir='ltr' id='par_1_67' title="bbox 2160 2035 3749 2110">
     <span class='ocr_line' id='line_1_67' title="bbox 2160 2035 3749 2110; baseline -0.003 -17"><span class='ocrx_word' id='word_1_461' title='bbox 2160 2040 2236 2094; x_wconf 80' lang='grc' dir='ltr'><strong>Τὸ</strong></span> <span class='ocrx_word' id='word_1_462' title='bbox 2258 2039 2314 2092; x_wconf 87' lang='grc' dir='ltr'><strong>δέ</strong></span> <span class='ocrx_word' id='word_1_463' title='bbox 2349 2039 2424 2110; x_wconf 84' lang='grc' dir='ltr'><strong>μὴ</strong></span> <span class='ocrx_word' id='word_1_464' title='bbox 2453 2038 2632 2092; x_wconf 84' lang='grc' dir='ltr'><strong>πάντα</strong></span> <span class='ocrx_word' id='word_1_465' title='bbox 2669 2037 2866 2106; x_wconf 83' lang='grc' dir='ltr'><strong>ἐπίσης</strong></span> <span class='ocrx_word' id='word_1_466' title='bbox 2907 2036 3094 2099; x_wconf 75' lang='grc' dir='ltr'><strong>αὐτοῖς</strong></span> <span class='ocrx_word' id='word_1_467' title='bbox 3122 2035 3537 2096; x_wconf 84' lang='grc' dir='ltr'><strong>πολιτεύεσθαι.</strong></span> <span class='ocrx_word' id='word_1_468' title='bbox 3570 2036 3749 2105; x_wconf 70' lang='grc' dir='ltr'><strong>χρόνῳ</strong></span> 
     </span>
    </p>
   </div>
   <div class='ocr_carea' id='block_1_68' title="bbox 2161 2125 3748 2200">
    <p class='ocr_par' dir='ltr' id='par_1_68' title="bbox 2161 2125 3748 2200">
     <span class='ocr_line' id='line_1_68' title="bbox 2161 2125 3748 2200; baseline -0.003 -16"><span class='ocrx_word' id='word_1_469' title='bbox 2161 2131 2459 2199; x_wconf 84' lang='grc' dir='ltr'><strong>λογιστέον,</strong></span> <span class='ocrx_word' id='word_1_470' title='bbox 2490 2129 2523 2200; x_wconf 78' lang='grc' dir='ltr'><strong>ἢ</strong></span> <span class='ocrx_word' id='word_1_471' title='bbox 2563 2129 2684 2191; x_wconf 86' lang='grc' dir='ltr'><strong>ταῖς</strong></span> <span class='ocrx_word' id='word_1_472' title='bbox 2716 2125 3022 2196; x_wconf 77' lang='grc' dir='ltr'><strong>ἐπιμιξίαις</strong></span> <span class='ocrx_word' id='word_1_473' title='bbox 3063 2125 3171 2179; x_wconf 85' lang='grc' dir='ltr'><strong>τῶν</strong></span> <span class='ocrx_word' id='word_1_474' title='bbox 3195 2126 3356 2196; x_wconf 77' lang='grc' dir='ltr'><strong>πέριξ</strong></span> <span class='ocrx_word' id='word_1_475' title='bbox 3386 2127 3580 2180; x_wconf 84' lang='grc' dir='ltr'><strong>ἐθνῶν.</strong></span> <span class='ocrx_word' id='word_1_476' title='bbox 3621 2129 3748 2180; x_wconf 72' lang='grc' dir='ltr'><strong>Μω-</strong></span> 
     </span>
    </p>
   </div>
   <div class='ocr_carea' id='block_1_69' title="bbox 2165 2218 3752 2293">
    <p class='ocr_par' dir='ltr' id='par_1_69' title="bbox 2165 2218 3752 2293">
     <span class='ocr_line' id='line_1_69' title="bbox 2165 2218 3752 2293; baseline -0.003 -18"><span class='ocrx_word' id='word_1_477' title='bbox 2165 2223 2264 2293; x_wconf 82' lang='grc' dir='ltr'><strong>σῆς</strong></span> <span class='ocrx_word' id='word_1_478' title='bbox 2291 2239 2352 2274; x_wconf 88' lang='grc' dir='ltr'><strong>τε</strong></span> <span class='ocrx_word' id='word_1_479' title='bbox 2381 2220 2491 2292; x_wconf 85' lang='grc' dir='ltr'><strong>γὰρ</strong></span> <span class='ocrx_word' id='word_1_480' title='bbox 2519 2219 2733 2284; x_wconf 82' lang='grc' dir='ltr'><strong>πολλοῖς</strong></span> <span class='ocrx_word' id='word_1_481' title='bbox 2765 2218 2991 2290; x_wconf 77' lang='grc' dir='ltr'><strong>ὕστερον</strong></span> <span class='ocrx_word' id='word_1_482' title='bbox 3025 2218 3239 2288; x_wconf 85' lang='grc' dir='ltr'><strong>χρόνοις</strong></span> <span class='ocrx_word' id='word_1_483' title='bbox 3279 2218 3576 2289; x_wconf 83' lang='grc' dir='ltr'><strong>γενόμενος</strong></span> <span class='ocrx_word' id='word_1_484' title='bbox 3602 2259 3618 2281; x_wconf 89' lang='grc'><strong>,</strong></span> <span class='ocrx_word' id='word_1_485' title='bbox 3654 2221 3752 2290; x_wconf 87' lang='grc' dir='ltr'><strong>μό-</strong></span> 
     </span>
    </p>
   </div>
   <div class='ocr_carea' id='block_1_70' title="bbox 2163 2309 3753 2381">
    <p class='ocr_par' dir='ltr' id='par_1_70' title="bbox 2163 2309 3753 2381">
     <span class='ocr_line' id='line_1_70' title="bbox 2163 2309 3753 2381; baseline -0.005 -11"><span class='ocrx_word' id='word_1_486' title='bbox 2163 2332 2276 2378; x_wconf 84' lang='grc' dir='ltr'><strong>νοις</strong></span> <span class='ocrx_word' id='word_1_487' title='bbox 2304 2317 2416 2376; x_wconf 83' lang='grc' dir='ltr'><strong>τοίς</strong></span> <span class='ocrx_word' id='word_1_488' title='bbox 2452 2312 2510 2379; x_wconf 82' lang='grc' dir='ltr'><strong>ἐξ</strong></span> <span class='ocrx_word' id='word_1_489' title='bbox 2540 2311 2817 2380; x_wconf 80' lang='grc' dir='ltr'><strong>Αἰγύπτου</strong></span> <span class='ocrx_word' id='word_1_490' title='bbox 2869 2309 3178 2375; x_wconf 81' lang='grc' dir='ltr'><strong>ἐξελθοῦσιν</strong></span> <span class='ocrx_word' id='word_1_491' title='bbox 3215 2310 3607 2381; x_wconf 75' lang='grc' dir='ltr'><strong>ἐνομοθέτησε.</strong></span> <span class='ocrx_word' id='word_1_492' title='bbox 3641 2312 3753 2364; x_wconf 68' lang='grc' dir='ltr'><strong>Καὶ</strong></span> 
     </span>
    </p>
   </div>
   <div class='ocr_carea' id='block_1_71' title="bbox 2162 2401 3752 2478">
    <p class='ocr_par' dir='ltr' id='par_1_71' title="bbox 2162 2401 3752 2478">
     <span class='ocr_line' id='line_1_71' title="bbox 2162 2401 3752 2478; baseline -0.002 -18"><span class='ocrx_word' id='word_1_493' title='bbox 2162 2409 2212 2460; x_wconf 86' lang='grc' dir='ltr'><strong>οἱ</strong></span> <span class='ocrx_word' id='word_1_494' title='bbox 2254 2403 2672 2478; x_wconf 82' lang='grc' dir='ltr'><strong>προσοικοῦντες</strong></span> <span class='ocrx_word' id='word_1_495' title='bbox 2711 2404 2897 2465; x_wconf 81' lang='grc' dir='ltr'><strong>αὐτοῖς</strong></span> <span class='ocrx_word' id='word_1_496' title='bbox 2922 2402 2998 2466; x_wconf 82' lang='grc' dir='ltr'><strong>ὡς</strong></span> <span class='ocrx_word' id='word_1_497' title='bbox 3027 2401 3166 2471; x_wconf 77' lang='grc' dir='ltr'><strong>ἄγαν</strong></span> <span class='ocrx_word' id='word_1_498' title='bbox 3197 2401 3600 2472; x_wconf 80' lang='grc' dir='ltr'><strong>δεισιδαίμονες</strong></span> <span class='ocrx_word' id='word_1_499' title='bbox 3641 2402 3752 2470; x_wconf 76' lang='lat'><strong>(79)</strong></span> 
     </span>
    </p>
   </div>
   <div class='ocr_carea' id='block_1_72' title="bbox 2164 2492 3756 2565">
    <p class='ocr_par' dir='ltr' id='par_1_72' title="bbox 2164 2492 3756 2565">
     <span class='ocr_line' id='line_1_72' title="bbox 2164 2492 3756 2565; baseline -0.005 -13"><span class='ocrx_word' id='word_1_500' title='bbox 2164 2498 2350 2562; x_wconf 70' lang='grc' dir='ltr'><strong>ᾶντες,</strong></span> <span class='ocrx_word' id='word_1_501' title='bbox 2385 2497 2464 2560; x_wconf 79' lang='grc' dir='ltr'><strong>ὡς</strong></span> <span class='ocrx_word' id='word_1_502' title='bbox 2514 2494 2659 2558; x_wconf 79' lang='grc' dir='ltr'><strong>είκδς</strong></span> <span class='ocrx_word' id='word_1_503' title='bbox 2697 2492 3007 2565; x_wconf 80' lang='grc' dir='ltr'><strong>διέφθειραν</strong></span> <span class='ocrx_word' id='word_1_504' title='bbox 3064 2492 3162 2564; x_wconf 81' lang='grc' dir='ltr'><strong>τὴν</strong></span> <span class='ocrx_word' id='word_1_505' title='bbox 3208 2492 3432 2564; x_wconf 82' lang='grc' dir='ltr'><strong>Ἰσμαὴλ</strong></span> <span class='ocrx_word' id='word_1_506' title='bbox 3484 2493 3756 2562; x_wconf 74' lang='grc' dir='ltr'><strong>πατρῴαν</strong></span> 
     </span>
    </p>
   </div>
   <div class='ocr_carea' id='block_1_73' title="bbox 2166 2575 3754 2658">
    <p class='ocr_par' dir='ltr' id='par_1_73' title="bbox 2166 2575 3754 2658">
     <span class='ocr_line' id='line_1_73' title="bbox 2166 2575 3754 2658; baseline -0.004 -16"><span class='ocrx_word' id='word_1_507' title='bbox 2166 2588 2409 2658; x_wconf 81' lang='grc' dir='ltr'><strong>ἀγωγὴν,</strong></span> <span class='ocrx_word' id='word_1_508' title='bbox 2429 2585 2550 2641; x_wconf 81' lang='grc' dir='ltr'><strong>καθ’</strong></span> <span class='ocrx_word' id='word_1_509' title='bbox 2565 2585 2634 2656; x_wconf 78' lang='grc' dir='ltr'><strong>ἢν</strong></span> <span class='ocrx_word' id='word_1_510' title='bbox 2659 2585 2824 2657; x_wconf 85' lang='grc' dir='ltr'><strong>μόνην</strong></span> <span class='ocrx_word' id='word_1_511' title='bbox 2840 2584 3214 2638; x_wconf 70' lang='grc' dir='ltr'><strong>ἐπολιτεύοντο</strong></span> <span class='ocrx_word' id='word_1_512' title='bbox 3229 2586 3278 2637; x_wconf 78' lang='lat' dir='ltr'><strong>oi</strong></span> <span class='ocrx_word' id='word_1_513' title='bbox 3300 2575 3468 2637; x_wconf 79' lang='grc' dir='ltr'><strong>πάλαι</strong></span> <span class='ocrx_word' id='word_1_514' title='bbox 3483 2585 3754 2655; x_wconf 67' lang='grc' dir='ltr'><strong>Έδραῖσι,</strong></span> 
     </span>
    </p>
   </div>
   <div class='ocr_carea' id='block_1_74' title="bbox 2167 2674 3758 2749">
    <p class='ocr_par' dir='ltr' id='par_1_74' title="bbox 2167 2674 3758 2749">
     <span class='ocr_line' id='line_1_74' title="bbox 2167 2674 3758 2749; baseline -0.002 -16"><span class='ocrx_word' id='word_1_515' title='bbox 2167 2679 2274 2749; x_wconf 77' lang='grc' dir='ltr'><strong>πρὸ</strong></span> <span class='ocrx_word' id='word_1_516' title='bbox 2322 2678 2419 2748; x_wconf 83' lang='grc' dir='ltr'><strong>τῆς</strong></span> <span class='ocrx_word' id='word_1_517' title='bbox 2471 2675 2567 2730; x_wconf 89' lang='grc' dir='ltr'><strong>τοῦ</strong></span> <span class='ocrx_word' id='word_1_518' title='bbox 2617 2677 2860 2739; x_wconf 79' lang='grc' dir='ltr'><strong>Μωσέως</strong></span> <span class='ocrx_word' id='word_1_519' title='bbox 2915 2674 3236 2745; x_wconf 76' lang='grc' dir='ltr'><strong>νομοθεσίας</strong></span> <span class='ocrx_word' id='word_1_520' title='bbox 3285 2675 3562 2746; x_wconf 78' lang='grc' dir='ltr'><strong>ἀγράφοις</strong></span> <span class='ocrx_word' id='word_1_521' title='bbox 3607 2676 3758 2730; x_wconf 77' lang='grc' dir='ltr'><strong>ἔθεσι</strong></span> 
     </span>
    </p>
   </div>
   <div class='ocr_carea' id='block_1_75' title="bbox 2167 2766 3757 2841">
    <p class='ocr_par' dir='ltr' id='par_1_75' title="bbox 2167 2766 3757 2841">
     <span class='ocr_line' id='line_1_75' title="bbox 2167 2766 3757 2841; baseline -0.003 -17"><span class='ocrx_word' id='word_1_522' title='bbox 2167 2771 2517 2841; x_wconf 82' lang='grc' dir='ltr'><strong>κεχρημένοι.</strong></span> <span class='ocrx_word' id='word_1_523' title='bbox 2569 2767 2787 2838; x_wconf 82' lang='grc' dir='ltr'><strong>Ἀμέλει</strong></span> <span class='ocrx_word' id='word_1_524' title='bbox 2828 2766 2895 2820; x_wconf 82' lang='grc' dir='ltr'><strong>τὰ</strong></span> <span class='ocrx_word' id='word_1_525' title='bbox 2931 2766 3070 2821; x_wconf 77' lang='grc' dir='ltr'><strong>αὐτὰ</strong></span> <span class='ocrx_word' id='word_1_526' title='bbox 3099 2766 3352 2840; x_wconf 80' lang='grc' dir='ltr'><strong>δαιμόνια</strong></span> <span class='ocrx_word' id='word_1_527' title='bbox 3385 2771 3503 2831; x_wconf 83' lang='grc' dir='ltr'><strong>τοῖς</strong></span> <span class='ocrx_word' id='word_1_528' title='bbox 3530 2769 3757 2839; x_wconf 76' lang='grc' dir='ltr'><strong>ὁμόροις</strong></span> 
     </span>
    </p>
   </div>
   <div class='ocr_carea' id='block_1_76' title="bbox 2168 2858 3759 2932">
    <p class='ocr_par' dir='ltr' id='par_1_76' title="bbox 2168 2858 3759 2932">
     <span class='ocr_line' id='line_1_76' title="bbox 2168 2858 3759 2932; baseline -0.003 -16"><span class='ocrx_word' id='word_1_529' title='bbox 2168 2863 2379 2925; x_wconf 76' lang='grc' dir='ltr'><strong>ἔσεϐον,</strong></span> <span class='ocrx_word' id='word_1_530' title='bbox 2406 2864 2504 2916; x_wconf 68' lang='grc' dir='ltr'><strong>καὶ</strong></span> <span class='ocrx_word' id='word_1_531' title='bbox 2532 2859 2933 2932; x_wconf 84' lang='grc' dir='ltr'><strong>παραπλησίως</strong></span> <span class='ocrx_word' id='word_1_532' title='bbox 2956 2858 3096 2912; x_wconf 79' lang='grc' dir='ltr'><strong>αὐτὰ</strong></span> <span class='ocrx_word' id='word_1_533' title='bbox 3124 2859 3395 2930; x_wconf 80' lang='grc' dir='ltr'><strong>τιμῶντες</strong></span> <span class='ocrx_word' id='word_1_534' title='bbox 3423 2860 3522 2913; x_wconf 74' lang='grc' dir='ltr'><strong>καὶ</strong></span> <span class='ocrx_word' id='word_1_535' title='bbox 3556 2861 3759 2931; x_wconf 75' lang='grc' dir='ltr'><strong>όνομάο</strong></span> 
     </span>
    </p>
   </div>
   <div class='ocr_carea' id='block_1_77' title="bbox 2172 2950 3760 3024">
    <p class='ocr_par' dir='ltr' id='par_1_77' title="bbox 2172 2950 3760 3024">
     <span class='ocr_line' id='line_1_77' title="bbox 2172 2950 3760 3024; baseline -0.002 -17"><span class='ocrx_word' id='word_1_536' title='bbox 2172 2953 2358 3019; x_wconf 79' lang='grc' dir='ltr'><strong>ζοντες</strong></span> <span class='ocrx_word' id='word_1_537' title='bbox 2378 2991 2393 3017; x_wconf 90' lang='grc'><strong>,</strong></span> <span class='ocrx_word' id='word_1_538' title='bbox 2427 2955 2485 3008; x_wconf 89' lang='grc' dir='ltr'><strong>ἐν</strong></span> <span class='ocrx_word' id='word_1_539' title='bbox 2521 2954 2587 3024; x_wconf 82' lang='grc' dir='ltr'><strong>τῇ</strong></span> <span class='ocrx_word' id='word_1_540' title='bbox 2615 2951 2751 3024; x_wconf 76' lang='grc' dir='ltr'><strong>πρὸς</strong></span> <span class='ocrx_word' id='word_1_541' title='bbox 2787 2951 2917 3015; x_wconf 78' lang='grc' dir='ltr'><strong>τοὺς</strong></span> <span class='ocrx_word' id='word_1_542' title='bbox 2958 2950 3127 3014; x_wconf 85' lang='grc' dir='ltr'><strong>πέλας</strong></span> <span class='ocrx_word' id='word_1_543' title='bbox 3148 2951 3437 3021; x_wconf 76' lang='grc' dir='ltr'><strong>ὁμοιότητι</strong></span> <span class='ocrx_word' id='word_1_544' title='bbox 3489 2954 3594 3021; x_wconf 83' lang='grc' dir='ltr'><strong>τῆς</strong></span> <span class='ocrx_word' id='word_1_545' title='bbox 3627 2951 3760 3021; x_wconf 57' lang='lat' dir='ltr'><strong>09v,-</strong></span> 
     </span>
    </p>
   </div>
   <div class='ocr_carea' id='block_1_78' title="bbox 2175 3042 3759 3114">
    <p class='ocr_par' dir='ltr' id='par_1_78' title="bbox 2175 3042 3759 3114">
     <span class='ocr_line' id='line_1_78' title="bbox 2175 3042 3759 3114; baseline -0.004 -14"><span class='ocrx_word' id='word_1_546' title='bbox 2175 3046 2360 3110; x_wconf 86' lang='grc' dir='ltr'><strong>σκείας</strong></span> <span class='ocrx_word' id='word_1_547' title='bbox 2382 3085 2398 3112; x_wconf 90' lang='grc'><strong>,</strong></span> <span class='ocrx_word' id='word_1_548' title='bbox 2439 3044 2502 3099; x_wconf 76' lang='grc' dir='ltr'><strong>τὸ</strong></span> <span class='ocrx_word' id='word_1_549' title='bbox 2541 3045 2712 3098; x_wconf 85' lang='grc' dir='ltr'><strong>αίτιον</strong></span> <span class='ocrx_word' id='word_1_550' title='bbox 2757 3043 3030 3098; x_wconf 75' lang='grc' dir='ltr'><strong>ἐδείκνυον</strong></span> <span class='ocrx_word' id='word_1_551' title='bbox 3058 3043 3159 3112; x_wconf 84' lang='grc' dir='ltr'><strong>τῆς</strong></span> <span class='ocrx_word' id='word_1_552' title='bbox 3183 3043 3622 3114; x_wconf 81' lang='grc' dir='ltr'><strong>παραποιήσεως</strong></span> <span class='ocrx_word' id='word_1_553' title='bbox 3650 3042 3759 3095; x_wconf 71' lang='grc' dir='ltr'><strong>τιῖιν</strong></span> 
     </span>
    </p>
   </div>
   <div class='ocr_carea' id='block_1_79' title="bbox 2171 3129 3760 3209">
    <p class='ocr_par' dir='ltr' id='par_1_79' title="bbox 2171 3129 3760 3209">
     <span class='ocr_line' id='line_1_79' title="bbox 2171 3129 3760 3209; baseline -0.003 -19"><span class='ocrx_word' id='word_1_554' title='bbox 2171 3137 2419 3209; x_wconf 88' lang='grc' dir='ltr'><strong>πατρίων</strong></span> <span class='ocrx_word' id='word_1_555' title='bbox 2449 3136 2652 3207; x_wconf 87' lang='grc' dir='ltr'><strong>νόμων.</strong></span> <span class='ocrx_word' id='word_1_556' title='bbox 2683 3129 2788 3190; x_wconf 73' lang='grc' dir='ltr'><strong>Οἷα</strong></span> <span class='ocrx_word' id='word_1_557' title='bbox 2811 3133 2871 3188; x_wconf 84' lang='grc' dir='ltr'><strong>δέ</strong></span> <span class='ocrx_word' id='word_1_558' title='bbox 2899 3134 3075 3204; x_wconf 82' lang='grc' dir='ltr'><strong>φιλεῖ,</strong></span> <span class='ocrx_word' id='word_1_559' title='bbox 3119 3133 3313 3205; x_wconf 87' lang='grc' dir='ltr'><strong>χρόνος</strong></span> <span class='ocrx_word' id='word_1_560' title='bbox 3350 3133 3526 3197; x_wconf 80' lang='grc' dir='ltr'><strong>πολὺς</strong></span> <span class='ocrx_word' id='word_1_561' title='bbox 3565 3135 3760 3200; x_wconf 83' lang='grc' dir='ltr'><strong>ἐπιγε-</strong></span> 
     </span>
    </p>
   </div>
   <div class='ocr_carea' id='block_1_80' title="bbox 2171 3224 3759 3300">
    <p class='ocr_par' dir='ltr' id='par_1_80' title="bbox 2171 3224 3759 3300">
     <span class='ocr_line' id='line_1_80' title="bbox 2171 3224 3759 3300; baseline -0.004 -17"><span class='ocrx_word' id='word_1_562' title='bbox 2171 3229 2398 3300; x_wconf 87' lang='grc' dir='ltr'><strong>νόμενος</strong></span> <span class='ocrx_word' id='word_1_563' title='bbox 2413 3268 2427 3291; x_wconf 91' lang='grc'><strong>,</strong></span> <span class='ocrx_word' id='word_1_564' title='bbox 2454 3227 2522 3281; x_wconf 83' lang='grc' dir='ltr'><strong>τὰ</strong></span> <span class='ocrx_word' id='word_1_565' title='bbox 2551 3227 2649 3298; x_wconf 80' lang='grc' dir='ltr'><strong>μὲν</strong></span> <span class='ocrx_word' id='word_1_566' title='bbox 2668 3225 2811 3298; x_wconf 79' lang='grc' dir='ltr'><strong>λήθῃ</strong></span> <span class='ocrx_word' id='word_1_567' title='bbox 2833 3225 3118 3296; x_wconf 83' lang='grc' dir='ltr'><strong>παρέδωκε</strong></span> <span class='ocrx_word' id='word_1_568' title='bbox 3136 3241 3153 3258; x_wconf 74' lang='grc' dir='ltr'><strong>ο</strong></span> <span class='ocrx_word' id='word_1_569' title='bbox 3173 3225 3243 3278; x_wconf 87' lang='grc' dir='ltr'><strong>τὰ</strong></span> <span class='ocrx_word' id='word_1_570' title='bbox 3266 3224 3324 3278; x_wconf 85' lang='grc' dir='ltr'><strong>δὲ</strong></span> <span class='ocrx_word' id='word_1_571' title='bbox 3352 3225 3759 3297; x_wconf 83' lang='grc' dir='ltr'><strong>πρεσϐεύεσθαι</strong></span> 
     </span>
    </p>
   </div>
   <div class='ocr_carea' id='block_1_81' title="bbox 2173 3317 3762 3394">
    <p class='ocr_par' dir='ltr' id='par_1_81' title="bbox 2173 3317 3762 3394">
     <span class='ocr_line' id='line_1_81' title="bbox 2173 3317 3762 3394; baseline -0.005 -17"><span class='ocrx_word' id='word_1_572' title='bbox 2173 3323 2303 3394; x_wconf 87' lang='grc' dir='ltr'><strong>παρ’</strong></span> <span class='ocrx_word' id='word_1_573' title='bbox 2351 3321 2536 3384; x_wconf 82' lang='grc' dir='ltr'><strong>αὐτοῖς</strong></span> <span class='ocrx_word' id='word_1_574' title='bbox 2581 3321 2826 3389; x_wconf 85' lang='grc' dir='ltr'><strong>ἐποίησε.</strong></span> <span class='ocrx_word' id='word_1_575' title='bbox 2871 3319 3027 3373; x_wconf 83' lang='grc' dir='ltr'><strong>Μετὰ</strong></span> <span class='ocrx_word' id='word_1_576' title='bbox 3067 3318 3124 3372; x_wconf 84' lang='grc' dir='ltr'><strong>δὲ</strong></span> <span class='ocrx_word' id='word_1_577' title='bbox 3161 3317 3336 3372; x_wconf 73' lang='grc' dir='ltr'><strong>ταῦτα</strong></span> <span class='ocrx_word' id='word_1_578' title='bbox 3380 3335 3530 3381; x_wconf 87' lang='grc' dir='ltr'><strong>τινες</strong></span> <span class='ocrx_word' id='word_1_579' title='bbox 3576 3318 3762 3371; x_wconf 74' lang='grc' dir='ltr'><strong>αὐτῶν</strong></span> 
     </span>
    </p>
   </div>
   <div class='ocr_carea' id='block_1_82' title="bbox 2175 3401 3759 3482">
    <p class='ocr_par' dir='ltr' id='par_1_82' title="bbox 2175 3401 3759 3482">
     <span class='ocr_line' id='line_1_82' title="bbox 2175 3401 3759 3482; baseline -0.004 -15"><span class='ocrx_word' id='word_1_580' title='bbox 2175 3410 2561 3482; x_wconf 86' lang='grc' dir='ltr'><strong>συγγενόμενοι</strong></span> <span class='ocrx_word' id='word_1_581' title='bbox 2604 3409 2878 3472; x_wconf 80' lang='grc' dir='ltr'><strong>Ἰουδαίοις</strong></span> <span class='ocrx_word' id='word_1_582' title='bbox 2900 3448 2915 3473; x_wconf 90' lang='grc'><strong>,</strong></span> <span class='ocrx_word' id='word_1_583' title='bbox 2971 3407 3174 3478; x_wconf 74' lang='grc' dir='ltr'><strong>ἔμαθον</strong></span> <span class='ocrx_word' id='word_1_584' title='bbox 3211 3408 3304 3476; x_wconf 75' lang='grc' dir='ltr'><strong>ἀφ’</strong></span> <span class='ocrx_word' id='word_1_585' title='bbox 3340 3401 3416 3462; x_wconf 82' lang='grc' dir='ltr'><strong>ὧν</strong></span> <span class='ocrx_word' id='word_1_586' title='bbox 3457 3409 3716 3475; x_wconf 82' lang='grc' dir='ltr'><strong>ἐγένοντο</strong></span> <span class='ocrx_word' id='word_1_587' title='bbox 3743 3425 3759 3438; x_wconf 75' lang='grc' dir='ltr'><strong>ο</strong></span> 
     </span>
    </p>
   </div>
   <div class='ocr_carea' id='block_1_83' title="bbox 2174 3497 3762 3570">
    <p class='ocr_par' dir='ltr' id='par_1_83' title="bbox 2174 3497 3762 3570">
     <span class='ocr_line' id='line_1_83' title="bbox 2174 3497 3762 3570; baseline -0.004 -14"><span class='ocrx_word' id='word_1_588' title='bbox 2174 3505 2270 3557; x_wconf 74' lang='grc' dir='ltr'><strong>καὶ</strong></span> <span class='ocrx_word' id='word_1_589' title='bbox 2319 3503 2411 3555; x_wconf 76' lang='grc' dir='ltr'><strong>ἐπὶ</strong></span> <span class='ocrx_word' id='word_1_590' title='bbox 2439 3500 2500 3554; x_wconf 79' lang='grc' dir='ltr'><strong>τὸ</strong></span> <span class='ocrx_word' id='word_1_591' title='bbox 2530 3497 2789 3569; x_wconf 79' lang='grc' dir='ltr'><strong>συγγενὲς</strong></span> <span class='ocrx_word' id='word_1_592' title='bbox 2825 3497 3127 3569; x_wconf 82' lang='grc' dir='ltr'><strong>ἐπανῆλθον</strong></span> <span class='ocrx_word' id='word_1_593' title='bbox 3151 3537 3168 3562; x_wconf 91' lang='grc'><strong>,</strong></span> <span class='ocrx_word' id='word_1_594' title='bbox 3201 3498 3296 3552; x_wconf 72' lang='grc' dir='ltr'><strong>καὶ</strong></span> <span class='ocrx_word' id='word_1_595' title='bbox 3327 3501 3443 3562; x_wconf 84' lang='grc' dir='ltr'><strong>τοῖς</strong></span> <span class='ocrx_word' id='word_1_596' title='bbox 3477 3499 3762 3570; x_wconf 80' lang='grc' dir='ltr'><strong>Ἑϐραίοις</strong></span> 
     </span>
    </p>
   </div>
   <div class='ocr_carea' id='block_1_84' title="bbox 2173 3586 3762 3658">
    <p class='ocr_par' dir='ltr' id='par_1_84' title="bbox 2173 3586 3762 3658">
     <span class='ocr_line' id='line_1_84' title="bbox 2173 3586 3762 3658; baseline -0.004 -13"><span class='ocrx_word' id='word_1_597' title='bbox 2173 3591 2323 3644; x_wconf 74' lang='grc' dir='ltr'><strong>ἔθεσι</strong></span> <span class='ocrx_word' id='word_1_598' title='bbox 2351 3589 2446 3644; x_wconf 78' lang='grc' dir='ltr'><strong>καὶ</strong></span> <span class='ocrx_word' id='word_1_599' title='bbox 2482 3589 2669 3658; x_wconf 84' lang='grc' dir='ltr'><strong>νόμοις</strong></span> <span class='ocrx_word' id='word_1_600' title='bbox 2698 3586 3046 3658; x_wconf 84' lang='grc' dir='ltr'><strong>προσέθεντο.</strong></span> <span class='ocrx_word' id='word_1_601' title='bbox 3095 3586 3183 3652; x_wconf 75' lang='grc' dir='ltr'><strong>Ἐξ</strong></span> <span class='ocrx_word' id='word_1_602' title='bbox 3219 3587 3429 3640; x_wconf 86' lang='grc' dir='ltr'><strong>ἐκείνου</strong></span> <span class='ocrx_word' id='word_1_603' title='bbox 3462 3603 3525 3640; x_wconf 86' lang='grc' dir='ltr'><strong>τε</strong></span> <span class='ocrx_word' id='word_1_604' title='bbox 3577 3588 3762 3639; x_wconf 64' lang='grc' dir='ltr'><strong>πολλοὶ</strong></span> 
     </span>
    </p>
   </div>
   <div class='ocr_carea' id='block_1_85' title="bbox 2176 3673 3762 3750">
    <p class='ocr_par' dir='ltr' id='par_1_85' title="bbox 2176 3673 3762 3750">
     <span class='ocr_line' id='line_1_85' title="bbox 2176 3673 3762 3750; baseline -0.004 -17"><span class='ocrx_word' id='word_1_605' title='bbox 2176 3681 2306 3750; x_wconf 87' lang='grc' dir='ltr'><strong>παρ’</strong></span> <span class='ocrx_word' id='word_1_606' title='bbox 2342 3679 2524 3742; x_wconf 79' lang='grc' dir='ltr'><strong>αὐτοῖς</strong></span> <span class='ocrx_word' id='word_1_607' title='bbox 2553 3676 2721 3730; x_wconf 84' lang='grc' dir='ltr'><strong>είσέτι</strong></span> <span class='ocrx_word' id='word_1_608' title='bbox 2745 3675 2840 3730; x_wconf 75' lang='grc' dir='ltr'><strong>καὶ</strong></span> <span class='ocrx_word' id='word_1_609' title='bbox 2864 3674 2958 3728; x_wconf 81' lang='grc' dir='ltr'><strong>νῦν</strong></span> <span class='ocrx_word' id='word_1_610' title='bbox 2992 3673 3295 3737; x_wconf 84' lang='grc' dir='ltr'><strong>Ἰουδαϊκῶς</strong></span> <span class='ocrx_word' id='word_1_611' title='bbox 3318 3673 3506 3738; x_wconf 80' lang='grc' dir='ltr'><strong>ζῶσιν.</strong></span> <span class='ocrx_word' id='word_1_612' title='bbox 3543 3673 3622 3727; x_wconf 84' lang='grc' dir='ltr'><strong>ού</strong></span> <span class='ocrx_word' id='word_1_613' title='bbox 3657 3679 3762 3744; x_wconf 75' lang='grc' dir='ltr'><strong>πρὸ</strong></span> 
     </span>
    </p>
   </div>
   <div class='ocr_carea' id='block_1_86' title="bbox 2179 3762 3761 3838">
    <p class='ocr_par' dir='ltr' id='par_1_86' title="bbox 2179 3762 3761 3838">
     <span class='ocr_line' id='line_1_86' title="bbox 2179 3762 3761 3838; baseline -0.004 -16"><span class='ocrx_word' id='word_1_614' title='bbox 2179 3767 2376 3822; x_wconf 89' lang='grc' dir='ltr'><strong>πολλοῦ</strong></span> <span class='ocrx_word' id='word_1_615' title='bbox 2397 3768 2456 3821; x_wconf 89' lang='grc' dir='ltr'><strong>δέ</strong></span> <span class='ocrx_word' id='word_1_616' title='bbox 2480 3767 2579 3838; x_wconf 86' lang='grc' dir='ltr'><strong>τῆς</strong></span> <span class='ocrx_word' id='word_1_617' title='bbox 2601 3763 2883 3836; x_wconf 88' lang='grc' dir='ltr'><strong>παρούσης</strong></span> <span class='ocrx_word' id='word_1_618' title='bbox 2909 3762 3186 3834; x_wconf 81' lang='grc' dir='ltr'><strong>βασιλείας</strong></span> <span class='ocrx_word' id='word_1_619' title='bbox 3202 3802 3216 3825; x_wconf 94' lang='grc'><strong>,</strong></span> <span class='ocrx_word' id='word_1_620' title='bbox 3241 3763 3337 3817; x_wconf 75' lang='grc' dir='ltr'><strong>καὶ</strong></span> <span class='ocrx_word' id='word_1_621' title='bbox 3354 3765 3761 3835; x_wconf 76' lang='grc' dir='ltr'><strong>Χριστιανίζειν</strong></span> 
     </span>
    </p>
   </div>
   <div class='ocr_carea' id='block_1_87' title="bbox 2177 3853 3762 3932">
    <p class='ocr_par' dir='ltr' id='par_1_87' title="bbox 2177 3853 3762 3932">
     <span class='ocr_line' id='line_1_87' title="bbox 2177 3853 3762 3932; baseline -0.008 -18"><span class='ocrx_word' id='word_1_622' title='bbox 2177 3855 2446 3932; x_wconf 63' lang='grc' dir='ltr'><strong>ἤρξαντοῖ</strong></span> <span class='ocrx_word' id='word_1_623' title='bbox 2463 3859 2740 3930; x_wconf 86' lang='grc' dir='ltr'><strong>Μετέσχον</strong></span> <span class='ocrx_word' id='word_1_624' title='bbox 2770 3857 2827 3911; x_wconf 87' lang='grc' dir='ltr'><strong>δέ</strong></span> <span class='ocrx_word' id='word_1_625' title='bbox 2857 3858 2958 3927; x_wconf 84' lang='grc' dir='ltr'><strong>τῆς</strong></span> <span class='ocrx_word' id='word_1_626' title='bbox 2993 3859 3052 3912; x_wconf 89' lang='grc' dir='ltr'><strong>ἐν</strong></span> <span class='ocrx_word' id='word_1_627' title='bbox 3083 3853 3302 3927; x_wconf 82' lang='grc' dir='ltr'><strong>Χριστῷ</strong></span> <span class='ocrx_word' id='word_1_628' title='bbox 3331 3855 3575 3918; x_wconf 82' lang='grc' dir='ltr'><strong>πίστεως</strong></span> <span class='ocrx_word' id='word_1_629' title='bbox 3601 3895 3618 3917; x_wconf 88' lang='grc'><strong>,</strong></span> <span class='ocrx_word' id='word_1_630' title='bbox 3643 3858 3762 3916; x_wconf 75' lang='grc' dir='ltr'><strong>ταῖς</strong></span> 
     </span>
    </p>
   </div>
   <div class='ocr_carea' id='block_1_88' title="bbox 2180 3948 3762 4022">
    <p class='ocr_par' dir='ltr' id='par_1_88' title="bbox 2180 3948 3762 4022">
     <span class='ocr_line' id='line_1_88' title="bbox 2180 3948 3762 4022; baseline -0.004 -18"><span class='ocrx_word' id='word_1_631' title='bbox 2180 3950 2487 4013; x_wconf 87' lang='grc' dir='ltr'><strong>συνουσίαις</strong></span> <span class='ocrx_word' id='word_1_632' title='bbox 2532 3950 2642 4003; x_wconf 81' lang='grc' dir='ltr'><strong>τῶν</strong></span> <span class='ocrx_word' id='word_1_633' title='bbox 2681 3949 3118 4022; x_wconf 85' lang='grc' dir='ltr'><strong>προσοικούντων</strong></span> <span class='ocrx_word' id='word_1_634' title='bbox 3174 3949 3358 4011; x_wconf 81' lang='grc' dir='ltr'><strong>αὐτοῖς</strong></span> <span class='ocrx_word' id='word_1_635' title='bbox 3414 3948 3617 4018; x_wconf 74' lang='grc' dir='ltr'><strong>ἱερέων</strong></span> <span class='ocrx_word' id='word_1_636' title='bbox 3665 3949 3762 4000; x_wconf 70' lang='grc' dir='ltr'><strong>καὶ</strong></span> 
     </span>
    </p>
   </div>
   <div class='ocr_carea' id='block_1_89' title="bbox 2181 4039 3760 4114">
    <p class='ocr_par' dir='ltr' id='par_1_89' title="bbox 2181 4039 3760 4114">
     <span class='ocr_line' id='line_1_89' title="bbox 2181 4039 3760 4114; baseline -0.004 -18"><span class='ocrx_word' id='word_1_637' title='bbox 2181 4042 2450 4114; x_wconf 86' lang='grc' dir='ltr'><strong>μοναχῶν,</strong></span> <span class='ocrx_word' id='word_1_638' title='bbox 2489 4044 2538 4096; x_wconf 84' lang='grc' dir='ltr'><strong>οἲ</strong></span> <span class='ocrx_word' id='word_1_639' title='bbox 2577 4045 2637 4096; x_wconf 83' lang='grc' dir='ltr'><strong>ἐν</strong></span> <span class='ocrx_word' id='word_1_640' title='bbox 2686 4045 2806 4106; x_wconf 81' lang='grc' dir='ltr'><strong>ταῖς</strong></span> <span class='ocrx_word' id='word_1_641' title='bbox 2852 4041 3020 4106; x_wconf 79' lang='grc' dir='ltr'><strong>πέλας</strong></span> <span class='ocrx_word' id='word_1_642' title='bbox 3073 4039 3330 4113; x_wconf 85' lang='grc' dir='ltr'><strong>ἐρημίαις</strong></span> <span class='ocrx_word' id='word_1_643' title='bbox 3378 4039 3760 4108; x_wconf 72' lang='grc' dir='ltr'><strong>ἐφιλοσόφουν,</strong></span> 
     </span>
    </p>
   </div>
   <div class='ocr_carea' id='block_1_90' title="bbox 2179 4131 3762 4206">
    <p class='ocr_par' dir='ltr' id='par_1_90' title="bbox 2179 4131 3762 4206">
     <span class='ocr_line' id='line_1_90' title="bbox 2179 4131 3762 4206; baseline -0.004 -18"><span class='ocrx_word' id='word_1_644' title='bbox 2179 4131 2238 4190; x_wconf 76' lang='grc' dir='ltr'><strong>εὖ</strong></span> <span class='ocrx_word' id='word_1_645' title='bbox 2278 4134 2516 4205; x_wconf 83' lang='grc' dir='ltr'><strong>βιοῦντες</strong></span> <span class='ocrx_word' id='word_1_646' title='bbox 2548 4137 2641 4189; x_wconf 71' lang='grc' dir='ltr'><strong>καὶ</strong></span> <span class='ocrx_word' id='word_1_647' title='bbox 2679 4133 3242 4206; x_wconf 87' lang='grc' dir='ltr'><strong>θαυματουργοῦντες.</strong></span> <span class='ocrx_word' id='word_1_648' title='bbox 3276 4131 3510 4200; x_wconf 87' lang='grc' dir='ltr'><strong>Λέγεται</strong></span> <span class='ocrx_word' id='word_1_649' title='bbox 3545 4131 3607 4185; x_wconf 79' lang='grc' dir='ltr'><strong>δὲ</strong></span> <span class='ocrx_word' id='word_1_650' title='bbox 3640 4132 3762 4184; x_wconf 81' lang='grc' dir='ltr'><strong>τότε</strong></span> 
     </span>
    </p>
   </div>
   <div class='ocr_carea' id='block_1_91' title="bbox 2179 4223 3758 4299">
    <p class='ocr_par' dir='ltr' id='par_1_91' title="bbox 2179 4223 3758 4299">
     <span class='ocr_line' id='line_1_91' title="bbox 2179 4223 3758 4299; baseline -0.004 -18"><span class='ocrx_word' id='word_1_651' title='bbox 2179 4228 2275 4282; x_wconf 81' lang='grc' dir='ltr'><strong>καὶ</strong></span> <span class='ocrx_word' id='word_1_652' title='bbox 2308 4227 2480 4299; x_wconf 81' lang='grc' dir='ltr'><strong>φυλὴν</strong></span> <span class='ocrx_word' id='word_1_653' title='bbox 2509 4227 2637 4297; x_wconf 85' lang='grc' dir='ltr'><strong>ὅλην</strong></span> <span class='ocrx_word' id='word_1_654' title='bbox 2679 4229 2760 4291; x_wconf 88' lang='grc' dir='ltr'><strong>είς</strong></span> <span class='ocrx_word' id='word_1_655' title='bbox 2801 4225 3223 4297; x_wconf 82' lang='grc' dir='ltr'><strong>Χριστιανισμδν</strong></span> <span class='ocrx_word' id='word_1_656' title='bbox 3259 4223 3586 4295; x_wconf 74' lang='grc' dir='ltr'><strong>μεταϐαλεῖν</strong></span> <span class='ocrx_word' id='word_1_657' title='bbox 3611 4264 3628 4286; x_wconf 84' lang='grc'><strong>,</strong></span> <span class='ocrx_word' id='word_1_658' title='bbox 3664 4227 3758 4278; x_wconf 75' lang='lat' dir='ltr'><strong>Zo-</strong></span> 
     </span>
    </p>
   </div>
   <div class='ocr_carea' id='block_1_92' title="bbox 499 4315 2066 4392">
    <p class='ocr_par' dir='ltr' id='par_1_92' title="bbox 499 4317 2066 4392">
     <span class='ocr_line' id='line_1_92' title="bbox 499 4317 2066 4392; baseline 0.006 -25"><span class='ocrx_word' id='word_1_659' title='bbox 499 4321 766 4385; x_wconf 89' lang='lat' dir='ltr'><strong>cognatos</strong></span> <span class='ocrx_word' id='word_1_660' title='bbox 806 4331 937 4372; x_wconf 86' lang='lat' dir='ltr'><strong>suos</strong></span> <span class='ocrx_word' id='word_1_661' title='bbox 968 4318 1202 4384; x_wconf 86' lang='lat' dir='ltr'><strong>reversi,</strong></span> <span class='ocrx_word' id='word_1_662' title='bbox 1241 4317 1599 4375; x_wconf 67' lang='lat' dir='ltr'><strong>Hebraeorum</strong></span> <span class='ocrx_word' id='word_1_663' title='bbox 1643 4320 1792 4392; x_wconf 90' lang='lat' dir='ltr'><strong>leges</strong></span> <span class='ocrx_word' id='word_1_664' title='bbox 1826 4336 1890 4376; x_wconf 91' lang='lat' dir='ltr'><strong>ac</strong></span> <span class='ocrx_word' id='word_1_665' title='bbox 1938 4321 2066 4377; x_wconf 75' lang='lat' dir='ltr'><strong>ritus</strong></span> 
     </span>
    </p>
   </div>
   <div class='ocr_carea' id='block_1_93' title="bbox 2169 4315 3760 4392">
    <p class='ocr_par' dir='ltr' id='par_1_93' title="bbox 2181 4315 3760 4390">
     <span class='ocr_line' id='line_1_93' title="bbox 2181 4315 3760 4390; baseline -0.004 -17"><span class='ocrx_word' id='word_1_666' title='bbox 2181 4320 2352 4390; x_wconf 85' lang='grc' dir='ltr'><strong>κόμου</strong></span> <span class='ocrx_word' id='word_1_667' title='bbox 2389 4319 2502 4386; x_wconf 79' lang='grc'><strong>(80)</strong></span> <span class='ocrx_word' id='word_1_668' title='bbox 2541 4319 2635 4372; x_wconf 84' lang='grc' dir='ltr'><strong>τοῦ</strong></span> <span class='ocrx_word' id='word_1_669' title='bbox 2681 4319 2886 4389; x_wconf 83' lang='grc' dir='ltr'><strong>ταύτης</strong></span> <span class='ocrx_word' id='word_1_670' title='bbox 2918 4317 3193 4388; x_wconf 81' lang='grc' dir='ltr'><strong>φυλάρχου</strong></span> <span class='ocrx_word' id='word_1_671' title='bbox 3222 4315 3280 4381; x_wconf 81' lang='grc' dir='ltr'><strong>ἐξ</strong></span> <span class='ocrx_word' id='word_1_672' title='bbox 3317 4315 3500 4379; x_wconf 86' lang='grc' dir='ltr'><strong>αίτίας</strong></span> <span class='ocrx_word' id='word_1_673' title='bbox 3546 4316 3760 4368; x_wconf 60' lang='grc' dir='ltr'><strong>τοιᾶσδε</strong></span> 
     </span>
    </p>
   </div>
   <div class='ocr_carea' id='block_1_94' title="bbox 502 4401 2075 4483">
    <p class='ocr_par' dir='ltr' id='par_1_94' title="bbox 502 4401 2075 4483">
     <span class='ocr_line' id='line_1_94' title="bbox 502 4401 2075 4483; baseline 0.005 -23"><span class='ocrx_word' id='word_1_674' title='bbox 502 4406 610 4460; x_wconf 91' lang='lat' dir='ltr'><strong>sibi</strong></span> <span class='ocrx_word' id='word_1_675' title='bbox 671 4408 1012 4465; x_wconf 83' lang='lat' dir='ltr'><strong>asciverunt.</strong></span> <span class='ocrx_word' id='word_1_676' title='bbox 1045 4409 1224 4480; x_wconf 84' lang='lat' dir='ltr'><strong>Atque</strong></span> <span class='ocrx_word' id='word_1_677' title='bbox 1249 4425 1318 4467; x_wconf 73' lang='lat' dir='ltr'><strong>ex</strong></span> <span class='ocrx_word' id='word_1_678' title='bbox 1358 4425 1425 4466; x_wconf 91' lang='lat' dir='ltr'><strong>eo</strong></span> <span class='ocrx_word' id='word_1_679' title='bbox 1463 4421 1704 4483; x_wconf 90' lang='lat' dir='ltr'><strong>tempore</strong></span> <span class='ocrx_word' id='word_1_680' title='bbox 1734 4401 1894 4467; x_wconf 86' lang='lat' dir='ltr'><strong>multi</strong></span> <span class='ocrx_word' id='word_1_681' title='bbox 1929 4414 2075 4483; x_wconf 89' lang='lat' dir='ltr'><strong>apud</strong></span> 
     </span>
    </p>
   </div>
   <div class='ocr_carea' id='block_1_95' title="bbox 504 4495 2075 4560">
    <p class='ocr_par' dir='ltr' id='par_1_95' title="bbox 504 4495 2075 4560">
     <span class='ocr_line' id='line_1_95' title="bbox 504 4495 2075 4560; baseline 0.007 -12"><span class='ocrx_word' id='word_1_682' title='bbox 504 4496 628 4552; x_wconf 90' lang='lat' dir='ltr'><strong>illos</strong></span> <span class='ocrx_word' id='word_1_683' title='bbox 651 4495 886 4554; x_wconf 86' lang='lat' dir='ltr'><strong>Judaico</strong></span> <span class='ocrx_word' id='word_1_684' title='bbox 912 4515 1068 4556; x_wconf 89' lang='lat' dir='ltr'><strong>more</strong></span> <span class='ocrx_word' id='word_1_685' title='bbox 1103 4501 1407 4557; x_wconf 89' lang='lat' dir='ltr'><strong>etiamnum</strong></span> <span class='ocrx_word' id='word_1_686' title='bbox 1437 4503 1651 4559; x_wconf 88' lang='lat' dir='ltr'><strong>vivunt.</strong></span> <span class='ocrx_word' id='word_1_687' title='bbox 1698 4503 2075 4560; x_wconf 85' lang='lat' dir='ltr'><strong>Christianam</strong></span> 
     </span>
    </p>
   </div>
   <div class='ocr_carea' id='block_1_96' title="bbox 502 4588 2080 4661">
    <p class='ocr_par' dir='ltr' id='par_1_96' title="bbox 502 4588 2080 4661">
     <span class='ocr_line' id='line_1_96' title="bbox 502 4588 2080 4661; baseline 0.008 -24"><span class='ocrx_word' id='word_1_688' title='bbox 502 4598 723 4655; x_wconf 89' lang='lat' dir='ltr'><strong>quoque</strong></span> <span class='ocrx_word' id='word_1_689' title='bbox 757 4588 1084 4658; x_wconf 87' lang='lat' dir='ltr'><strong>religionem</strong></span> <span class='ocrx_word' id='word_1_690' title='bbox 1121 4589 1357 4661; x_wconf 80' lang='lat' dir='ltr'><strong>amplexi</strong></span> <span class='ocrx_word' id='word_1_691' title='bbox 1391 4599 1545 4658; x_wconf 89' lang='lat' dir='ltr'><strong>sunt,</strong></span> <span class='ocrx_word' id='word_1_692' title='bbox 1584 4607 1696 4647; x_wconf 91' lang='lat' dir='ltr'><strong>non</strong></span> <span class='ocrx_word' id='word_1_693' title='bbox 1745 4593 1920 4648; x_wconf 91' lang='lat' dir='ltr'><strong>multo</strong></span> <span class='ocrx_word' id='word_1_694' title='bbox 1951 4601 2080 4649; x_wconf 89' lang='lat' dir='ltr'><strong>ante</strong></span> 
     </span>
    </p>
   </div>
   <div class='ocr_carea' id='block_1_97' title="bbox 2182 4407 3757 4482">
    <p class='ocr_par' dir='ltr' id='par_1_97' title="bbox 2182 4407 3757 4482">
     <span class='ocr_line' id='line_1_97' title="bbox 2182 4407 3757 4482; baseline -0.004 -18"><span class='ocrx_word' id='word_1_695' title='bbox 2182 4411 2586 4482; x_wconf 81' lang='grc' dir='ltr'><strong>βαπτισθέντος.</strong></span> <span class='ocrx_word' id='word_1_696' title='bbox 2619 4411 2820 4474; x_wconf 81' lang='grc' dir='ltr'><strong>’Δπαις</strong></span> <span class='ocrx_word' id='word_1_697' title='bbox 2850 4409 2926 4462; x_wconf 80' lang='grc' dir='ltr'><strong>ὢν</strong></span> <span class='ocrx_word' id='word_1_698' title='bbox 2948 4449 2963 4476; x_wconf 92' lang='grc'><strong>,</strong></span> <span class='ocrx_word' id='word_1_699' title='bbox 2995 4408 3136 4463; x_wconf 85' lang='grc' dir='ltr'><strong>κατὰ</strong></span> <span class='ocrx_word' id='word_1_700' title='bbox 3179 4407 3336 4471; x_wconf 81' lang='grc' dir='ltr'><strong>κλέος</strong></span> <span class='ocrx_word' id='word_1_701' title='bbox 3359 4407 3556 4479; x_wconf 76' lang='grc' dir='ltr'><strong>ἀνδρὸς</strong></span> <span class='ocrx_word' id='word_1_702' title='bbox 3593 4424 3757 4477; x_wconf 75' lang='grc' dir='ltr'><strong>μονα-</strong></span> 
     </span>
    </p>
   </div>
   <div class='ocr_carea' id='block_1_98' title="bbox 2181 4497 3760 4574">
    <p class='ocr_par' dir='ltr' id='par_1_98' title="bbox 2181 4497 3760 4574">
     <span class='ocr_line' id='line_1_98' title="bbox 2181 4497 3760 4574; baseline -0.004 -18"><span class='ocrx_word' id='word_1_703' title='bbox 2181 4501 2277 4574; x_wconf 90' lang='grc' dir='ltr'><strong>χοῦ</strong></span> <span class='ocrx_word' id='word_1_704' title='bbox 2318 4497 2481 4574; x_wconf 80' lang='grc' dir='ltr'><strong>ἦλθεν</strong></span> <span class='ocrx_word' id='word_1_705' title='bbox 2516 4502 2665 4572; x_wconf 87' lang='grc' dir='ltr'><strong>αύτῷ</strong></span> <span class='ocrx_word' id='word_1_706' title='bbox 2711 4502 3132 4571; x_wconf 83' lang='grc' dir='ltr'><strong>συντευξόμενος</strong></span> <span class='ocrx_word' id='word_1_707' title='bbox 3153 4539 3169 4564; x_wconf 86' lang='grc'><strong>,</strong></span> <span class='ocrx_word' id='word_1_708' title='bbox 3205 4501 3301 4554; x_wconf 74' lang='grc' dir='ltr'><strong>καὶ</strong></span> <span class='ocrx_word' id='word_1_709' title='bbox 3335 4498 3433 4570; x_wconf 79' lang='grc' dir='ltr'><strong>τὴν</strong></span> <span class='ocrx_word' id='word_1_710' title='bbox 3469 4499 3760 4568; x_wconf 64' lang='grc' dir='ltr'><strong>συμφορὰν</strong></span> 
     </span>
    </p>
   </div>
   <div class='ocr_carea' id='block_1_99' title="bbox 2187 4591 3759 4666">
    <p class='ocr_par' dir='ltr' id='par_1_99' title="bbox 2187 4591 3759 4666">
     <span class='ocr_line' id='line_1_99' title="bbox 2187 4591 3759 4666; baseline -0.003 -18"><span class='ocrx_word' id='word_1_711' title='bbox 2187 4594 2520 4666; x_wconf 85' lang='grc' dir='ltr'><strong>ἀπωδύρετο.</strong></span> <span class='ocrx_word' id='word_1_712' title='bbox 2562 4595 2698 4664; x_wconf 76' lang='grc' dir='ltr'><strong>Περὶ</strong></span> <span class='ocrx_word' id='word_1_713' title='bbox 2740 4593 2937 4647; x_wconf 88' lang='grc' dir='ltr'><strong>πολλοῦ</strong></span> <span class='ocrx_word' id='word_1_714' title='bbox 2972 4593 3080 4664; x_wconf 84' lang='grc' dir='ltr'><strong>γάρ</strong></span> <span class='ocrx_word' id='word_1_715' title='bbox 3114 4595 3229 4646; x_wconf 91' lang='grc' dir='ltr'><strong>ἐστι</strong></span> <span class='ocrx_word' id='word_1_716' title='bbox 3276 4591 3594 4647; x_wconf 82' lang='grc' dir='ltr'><strong>παιδοποιῖα</strong></span> <span class='ocrx_word' id='word_1_717' title='bbox 3624 4591 3759 4660; x_wconf 64' lang='grc' dir='ltr'><strong>Σαρι</strong></span> 
     </span>
    </p>
   </div>
   <div class='ocr_carea' id='block_1_100' title="bbox 1675 4764 2557 4826">
    <p class='ocr_par' dir='ltr' id='par_1_100' title="bbox 1675 4764 2557 4826">
     <span class='ocr_line' id='line_1_100' title="bbox 1675 4764 2557 4826; baseline 0.002 -6"><span class='ocrx_word' id='word_1_718' title='bbox 1675 4764 1945 4823; x_wconf 79' lang='lat' dir='ltr'><strong>VALESII</strong></span> <span class='ocrx_word' id='word_1_719' title='bbox 1981 4766 2557 4826; x_wconf 80' lang='lat' dir='ltr'><strong>ANNOTATIONES.</strong></span> 
     </span>
    </p>
   </div>
   <div class='ocr_carea' id='block_1_101' title="bbox 575 4941 2074 5024">
    <p class='ocr_par' dir='ltr' id='par_1_101' title="bbox 575 4941 2074 5024">
     <span class='ocr_line' id='line_1_101' title="bbox 575 4941 2074 5024; baseline 0.009 -29"><span class='ocrx_word' id='word_1_720' title='bbox 575 4941 686 5024; x_wconf 48' lang='lat'><strong>(78.)</strong></span> <span class='ocrx_word' id='word_1_721' title='bbox 721 4941 884 5009; x_wconf 80' lang='grc' dir='ltr'><strong>Μήτε</strong></span> <span class='ocrx_word' id='word_1_722' title='bbox 919 4947 1196 5024; x_wconf 66' lang='grc' dir='ltr'><strong>Λουκίου.</strong></span> <span class='ocrx_word' id='word_1_723' title='bbox 1225 4945 1720 5024; x_wconf 64' lang='lat' dir='ltr'><strong>Mallemscribcre</strong></span> <span class='ocrx_word' id='word_1_724' title='bbox 1756 4952 1830 5024; x_wconf 83' lang='grc' dir='ltr'><strong>μὴ</strong></span> <span class='ocrx_word' id='word_1_725' title='bbox 1855 4953 1920 5008; x_wconf 80' lang='grc' dir='ltr'><strong>ἄν</strong></span> <span class='ocrx_word' id='word_1_726' title='bbox 1942 4969 2074 5008; x_wconf 83' lang='grc' dir='ltr'><strong>ποτε</strong></span> 
     </span>
    </p>
   </div>
   <div class='ocr_carea' id='block_1_102' title="bbox 505 5012 2076 5095">
    <p class='ocr_par' dir='ltr' id='par_1_102' title="bbox 505 5012 2076 5095">
     <span class='ocr_line' id='line_1_102' title="bbox 505 5012 2076 5095; baseline 0.008 -29"><span class='ocrx_word' id='word_1_727' title='bbox 505 5012 769 5095; x_wconf 62' lang='grc' dir='ltr'><strong>ΛρυκίουΛ</strong></span> <span class='ocrx_word' id='word_1_728' title='bbox 804 5015 1262 5095; x_wconf 43' lang='grc' dir='ltr'><strong>χειροτονοῦντος-</strong></span> <span class='ocrx_word' id='word_1_729' title='bbox 1305 5012 1862 5095; x_wconf 41' lang='grc' dir='ltr'><strong>ὑποδέχεσθαι-,τ’ὴν-</strong></span> <span class='ocrx_word' id='word_1_730' title='bbox 1917 5025 2076 5095; x_wconf 78' lang='grc' dir='ltr'><strong>ἱερω-</strong></span> 
     </span>
    </p>
   </div>
   <div class='ocr_carea' id='block_1_103' title="bbox 507 5080 2070 5170">
    <p class='ocr_par' dir='ltr' id='par_1_103' title="bbox 507 5080 2070 5170">
     <span class='ocr_line' id='line_1_103' title="bbox 507 5080 2070 5170; baseline 0.008 -36"><span class='ocrx_word' id='word_1_731' title='bbox 507 5081 694 5170; x_wconf 28' lang='grc' dir='ltr'><strong>σύγ-ηχχ.</strong></span> <span class='ocrx_word' id='word_1_732' title='bbox 727 5080 1224 5170; x_wconf 32' lang='lat' dir='ltr'><strong>Quemfdmodsum</strong></span> <span class='ocrx_word' id='word_1_733' title='bbox 1247 5088 1450 5170; x_wconf 61' lang='lat' dir='ltr'><strong>legitur</strong></span> <span class='ocrx_word' id='word_1_734' title='bbox 1471 5080 1633 5170; x_wconf 72' lang='lat' dir='ltr'><strong>&quot;apud</strong></span> <span class='ocrx_word' id='word_1_735' title='bbox 1679 5080 2070 5170; x_wconf 47' lang='lat' dir='ltr'><strong>lficéphorum.</strong></span> 
     </span>
    </p>
   </div>
   <div class='ocr_carea' id='block_1_104' title="bbox 576 5151 2074 5234">
    <p class='ocr_par' dir='ltr' id='par_1_104' title="bbox 576 5151 2074 5234">
     <span class='ocr_line' id='line_1_104' title="bbox 576 5151 2074 5234; baseline 0.008 -28"><span class='ocrx_word' id='word_1_736' title='bbox 576 5151 694 5234; x_wconf 81' lang='lat'><strong>(79)_</strong></span> <span class='ocrx_word' id='word_1_737' title='bbox 747 5153 856 5234; x_wconf 40' lang='lat'><strong>:09.</strong></span> <span class='ocrx_word' id='word_1_738' title='bbox 881 5151 1035 5234; x_wconf 60' lang='grc' dir='ltr'><em>ἄταν</em></span> <span class='ocrx_word' id='word_1_739' title='bbox 1049 5151 1543 5234; x_wconf 43' lang='grc' dir='ltr'><strong>’δεισιξαῖμονεςξ</strong></span> <span class='ocrx_word' id='word_1_740' title='bbox 1585 5151 1945 5218; x_wconf 77' lang='lat' dir='ltr'><strong>Scribendum</strong></span> <span class='ocrx_word' id='word_1_741' title='bbox 1970 5171 2074 5234; x_wconf 80' lang='lat' dir='ltr'><strong>est</strong></span> 
     </span>
    </p>
   </div>
   <div class='ocr_carea' id='block_1_105' title="bbox 529 5223 2073 5306">
    <p class='ocr_par' dir='ltr' id='par_1_105' title="bbox 529 5223 2073 5306">
     <span class='ocr_line' id='line_1_105' title="bbox 529 5223 2073 5306; baseline 0.01 -33"><span class='ocrx_word' id='word_1_742' title='bbox 529 5224 697 5306; x_wconf 48' lang='grc' dir='ltr'><strong>χωριιὶ</strong></span> <span class='ocrx_word' id='word_1_743' title='bbox 730 5223 895 5278; x_wconf 89' lang='lat' dir='ltr'><strong>dubio</strong></span> <span class='ocrx_word' id='word_1_744' title='bbox 935 5225 992 5285; x_wconf 90' lang='grc' dir='ltr'><strong>ἐς</strong></span> <span class='ocrx_word' id='word_1_745' title='bbox 1042 5225 1200 5306; x_wconf 72' lang='grc' dir='ltr'><strong>ἄγαν.</strong></span> <span class='ocrx_word' id='word_1_746' title='bbox 1243 5223 1412 5306; x_wconf 66' lang='grc' dir='ltr'><strong>Ρριίτρ</strong></span> <span class='ocrx_word' id='word_1_747' title='bbox 1455 5223 1523 5285; x_wconf 81' lang='lat' dir='ltr'><strong>de</strong></span> <span class='ocrx_word' id='word_1_748' title='bbox 1571 5234 1783 5306; x_wconf 83' lang='lat' dir='ltr'><strong>origine</strong></span> <span class='ocrx_word' id='word_1_749' title='bbox 1810 5233 2073 5306; x_wconf 35' lang='lat' dir='ltr'><strong>_nom.inis</strong></span> 
     </span>
    </p>
   </div>
   <div class='ocr_carea' id='block_1_106' title="bbox 550 5294 2074 5370">
    <p class='ocr_par' dir='ltr' id='par_1_106' title="bbox 550 5294 2074 5370">
     <span class='ocr_line' id='line_1_106' title="bbox 550 5294 2074 5370; baseline 0.007 -26"><span class='ocrx_word' id='word_1_750' title='bbox 550 5306 936 5370; x_wconf 79' lang='lat' dir='ltr'><strong>araeenorum,</strong></span> <span class='ocrx_word' id='word_1_751' title='bbox 965 5294 1246 5370; x_wconf 72' lang='lat' dir='ltr'><strong>assentior</strong></span> <span class='ocrx_word' id='word_1_752' title='bbox 1270 5296 1564 5370; x_wconf 84' lang='lat' dir='ltr'><strong>Scaligero,</strong></span> <span class='ocrx_word' id='word_1_753' title='bbox 1595 5294 1685 5370; x_wconf 73' lang='lat' dir='ltr'><strong>qui</strong></span> <span class='ocrx_word' id='word_1_754' title='bbox 1718 5303 1770 5356; x_wconf 93' lang='lat' dir='ltr'><strong>in</strong></span> <span class='ocrx_word' id='word_1_755' title='bbox 1810 5301 2074 5356; x_wconf 84' lang='lat' dir='ltr'><strong>Eusebia-</strong></span> 
     </span>
    </p>
   </div>
   <div class='ocr_carea' id='block_1_107' title="bbox 509 5363 2073 5436">
    <p class='ocr_par' dir='ltr' id='par_1_107' title="bbox 509 5363 2073 5436">
     <span class='ocr_line' id='line_1_107' title="bbox 509 5363 2073 5436; baseline 0.008 -24"><span class='ocrx_word' id='word_1_756' title='bbox 509 5363 603 5436; x_wconf 43' lang='grc' dir='ltr'><strong>ηιξ..</strong></span> <span class='ocrx_word' id='word_1_757' title='bbox 630 5363 1201 5436; x_wconf 79' lang='lat' dir='ltr'><strong>animadversionihus</strong></span> <span class='ocrx_word' id='word_1_758' title='bbox 1229 5363 1556 5436; x_wconf 74' lang='lat' dir='ltr'><strong>jampridem</strong></span> <span class='ocrx_word' id='word_1_759' title='bbox 1587 5363 1812 5434; x_wconf 72' lang='grc' dir='ltr'><strong>ιῐοιειινίι,</strong></span> <span class='ocrx_word' id='word_1_760' title='bbox 1837 5387 1932 5426; x_wconf 92' lang='lat' dir='ltr'><strong>eos</strong></span> <span class='ocrx_word' id='word_1_761' title='bbox 1966 5387 2073 5426; x_wconf 92' lang='lat' dir='ltr'><strong>non</strong></span> 
     </span>
    </p>
   </div>
   <div class='ocr_carea' id='block_1_108' title="bbox 506 5429 2076 5505">
    <p class='ocr_par' dir='ltr' id='par_1_108' title="bbox 506 5429 2076 5505">
     <span class='ocr_line' id='line_1_108' title="bbox 506 5429 2076 5505; baseline 0.008 -22"><span class='ocrx_word' id='word_1_762' title='bbox 506 5444 539 5505; x_wconf 77' lang='lat' dir='ltr'><strong>a</strong></span> <span class='ocrx_word' id='word_1_763' title='bbox 571 5429 706 5505; x_wconf 79' lang='lat' dir='ltr'><strong>sara</strong></span> <span class='ocrx_word' id='word_1_764' title='bbox 740 5432 1032 5505; x_wconf 72' lang='lat' dir='ltr'><strong>Abrahami</strong></span> <span class='ocrx_word' id='word_1_765' title='bbox 1075 5429 1307 5505; x_wconf 77' lang='lat' dir='ltr'><strong>conjuge</strong></span> <span class='ocrx_word' id='word_1_766' title='bbox 1345 5429 1524 5494; x_wconf 76' lang='lat' dir='ltr'><strong>dictos</strong></span> <span class='ocrx_word' id='word_1_767' title='bbox 1561 5455 1711 5503; x_wconf 89' lang='lat' dir='ltr'><strong>esse,</strong></span> <span class='ocrx_word' id='word_1_768' title='bbox 1758 5429 1850 5494; x_wconf 84' lang='lat' dir='ltr'><strong>sed</strong></span> <span class='ocrx_word' id='word_1_769' title='bbox 1884 5456 1914 5495; x_wconf 91' lang='lat' dir='ltr'><strong>a</strong></span> <span class='ocrx_word' id='word_1_770' title='bbox 1943 5455 2076 5496; x_wconf 89' lang='lat' dir='ltr'><strong>voce</strong></span> 
     </span>
    </p>
   </div>
   <div class='ocr_carea' id='block_1_109' title="bbox 505 5497 2073 5583">
    <p class='ocr_par' dir='ltr' id='par_1_109' title="bbox 505 5497 2073 5583">
     <span class='ocr_line' id='line_1_109' title="bbox 505 5497 2073 5583; baseline 0.008 -31"><span class='ocrx_word' id='word_1_771' title='bbox 505 5497 976 5583; x_wconf 10' lang='lat' dir='ltr'><strong>Afrabica‘ﬁa‘ralt,</strong></span> <span class='ocrx_word' id='word_1_772' title='bbox 1019 5519 1141 5574; x_wconf 65' lang='lat' dir='ltr'><strong>quae</strong></span> <span class='ocrx_word' id='word_1_773' title='bbox 1166 5497 1410 5583; x_wconf 54' lang='lat' dir='ltr'><strong>lationes</strong></span> <span class='ocrx_word' id='word_1_774' title='bbox 1438 5497 1904 5583; x_wconf 74' lang='lat' dir='ltr'><strong>sigtiilicat._ldem</strong></span> <span class='ocrx_word' id='word_1_775' title='bbox 1927 5526 2073 5583; x_wconf 18' lang='lat' dir='ltr'><strong>Aquo-</strong></span> 
     </span>
    </p>
   </div>
   <div class='ocr_carea' id='block_1_110' title="bbox 508 5572 2071 5648">
    <p class='ocr_par' dir='ltr' id='par_1_110' title="bbox 508 5572 2071 5648">
     <span class='ocr_line' id='line_1_110' title="bbox 508 5572 2071 5648; baseline 0.01 -27"><span class='ocrx_word' id='word_1_776' title='bbox 508 5582 616 5638; x_wconf 83' lang='lat' dir='ltr'><strong>que</strong></span> <span class='ocrx_word' id='word_1_777' title='bbox 640 5573 807 5628; x_wconf 87' lang='lat' dir='ltr'><strong>sentit</strong></span> <span class='ocrx_word' id='word_1_778' title='bbox 829 5572 1134 5632; x_wconf 28' lang='lat' dir='ltr'><strong>Bochar‘tus</strong></span> <span class='ocrx_word' id='word_1_779' title='bbox 1166 5576 1220 5631; x_wconf 90' lang='lat' dir='ltr'><strong>in</strong></span> <span class='ocrx_word' id='word_1_780' title='bbox 1247 5576 1340 5633; x_wconf 87' lang='lat' dir='ltr'><strong>lib.</strong></span> <span class='ocrx_word' id='word_1_781' title='bbox 1378 5594 1450 5642; x_wconf 82' lang='lat' dir='ltr'><strong>iv,</strong></span> <span class='ocrx_word' id='word_1_782' title='bbox 1484 5572 1605 5648; x_wconf 79' lang='lat' dir='ltr'><strong>éap.</strong></span> <span class='ocrx_word' id='word_1_783' title='bbox 1640 5579 1693 5632; x_wconf 75' lang='lat'><strong>‘2.</strong></span> <span class='ocrx_word' id='word_1_784' title='bbox 1724 5578 1893 5635; x_wconf 79' lang='lat' dir='ltr'><strong>Porro</strong></span> <span class='ocrx_word' id='word_1_785' title='bbox 1927 5572 2071 5636; x_wconf 68' lang='lat' dir='ltr'><strong>h&#39;unc</strong></span> 
     </span>
    </p>
   </div>
   <div class='ocr_carea' id='block_1_111' title="bbox 2181 4951 3759 5025">
    <p class='ocr_par' dir='ltr' id='par_1_111' title="bbox 2181 4951 3759 5025">
     <span class='ocr_line' id='line_1_111' title="bbox 2181 4951 3759 5025; baseline -0.001 -15"><span class='ocrx_word' id='word_1_786' title='bbox 2181 4954 2686 5025; x_wconf 76' lang='lat' dir='ltr'><strong>Sozomeni_locum</strong></span> <span class='ocrx_word' id='word_1_787' title='bbox 2713 4953 2964 5025; x_wconf 83' lang='lat' dir='ltr'><strong>designat</strong></span> <span class='ocrx_word' id='word_1_788' title='bbox 2983 4951 3366 5025; x_wconf 67' lang='lat' dir='ltr'><strong>Theophanes</strong></span> <span class='ocrx_word' id='word_1_789' title='bbox 3390 4953 3444 5008; x_wconf 90' lang='lat' dir='ltr'><strong>in</strong></span> <span class='ocrx_word' id='word_1_790' title='bbox 3470 4954 3759 5018; x_wconf 74' lang='lat' dir='ltr'><strong>Chronico,</strong></span> 
     </span>
    </p>
   </div>
   <div class='ocr_carea' id='block_1_112' title="bbox 2180 5021 3761 5095">
    <p class='ocr_par' dir='ltr' id='par_1_112' title="bbox 2180 5021 3761 5095">
     <span class='ocr_line' id='line_1_112' title="bbox 2180 5021 3761 5095; baseline -0.001 -17"><span class='ocrx_word' id='word_1_791' title='bbox 2180 5039 2307 5095; x_wconf 88' lang='lat' dir='ltr'><strong>pag.</strong></span> <span class='ocrx_word' id='word_1_792' title='bbox 2342 5023 2431 5078; x_wconf 82' lang='lat'><strong>55.</strong></span> <span class='ocrx_word' id='word_1_793' title='bbox 2467 5021 2569 5078; x_wconf 89' lang='lat' dir='ltr'><strong>Sed</strong></span> <span class='ocrx_word' id='word_1_794' title='bbox 2599 5023 2744 5095; x_wconf 89' lang='lat' dir='ltr'><strong>quod</strong></span> <span class='ocrx_word' id='word_1_795' title='bbox 2773 5021 2944 5089; x_wconf 76' lang='lat' dir='ltr'><strong>addit,</strong></span> <span class='ocrx_word' id='word_1_796' title='bbox 2977 5021 3342 5080; x_wconf 83' lang='lat' dir='ltr'><strong>Sozoniennm</strong></span> <span class='ocrx_word' id='word_1_797' title='bbox 3365 5025 3572 5095; x_wconf 81' lang='lat' dir='ltr'><strong>dixisse</strong></span> <span class='ocrx_word' id='word_1_798' title='bbox 3599 5025 3761 5095; x_wconf 82' lang='lat' dir='ltr'><strong>Sara-</strong></span> 
     </span>
    </p>
   </div>
   <div class='ocr_carea' id='block_1_113' title="bbox 2180 5093 3760 5155">
    <p class='ocr_par' dir='ltr' id='par_1_113' title="bbox 2180 5093 3760 5155">
     <span class='ocr_line' id='line_1_113' title="bbox 2180 5093 3760 5155; baseline -0.003 -5"><span class='ocrx_word' id='word_1_799' title='bbox 2180 5093 2347 5150; x_wconf 78' lang='lat' dir='ltr'><strong>cenos</strong></span> <span class='ocrx_word' id='word_1_800' title='bbox 2381 5109 2525 5148; x_wconf 90' lang='lat' dir='ltr'><strong>anno</strong></span> <span class='ocrx_word' id='word_1_801' title='bbox 2566 5094 2743 5148; x_wconf 67' lang='lat' dir='ltr'><strong>tetatis</strong></span> <span class='ocrx_word' id='word_1_802' title='bbox 2783 5102 2948 5149; x_wconf 79' lang='lat' dir='ltr'><strong>tertio</strong></span> <span class='ocrx_word' id='word_1_803' title='bbox 2977 5095 3192 5148; x_wconf 87' lang='lat' dir='ltr'><strong>decimo</strong></span> <span class='ocrx_word' id='word_1_804' title='bbox 3219 5093 3578 5155; x_wconf 80' lang='lat' dir='ltr'><strong>circumcidi,</strong></span> <span class='ocrx_word' id='word_1_805' title='bbox 3621 5094 3678 5148; x_wconf 92' lang='lat' dir='ltr'><strong>id</strong></span> <span class='ocrx_word' id='word_1_806' title='bbox 3707 5095 3760 5146; x_wconf 89' lang='lat' dir='ltr'><strong>in</strong></span> 
     </span>
    </p>
   </div>
   <div class='ocr_carea' id='block_1_114' title="bbox 2180 5162 3758 5234">
    <p class='ocr_par' dir='ltr' id='par_1_114' title="bbox 2180 5162 3758 5234">
     <span class='ocr_line' id='line_1_114' title="bbox 2180 5162 3758 5234; baseline -0.002 -16"><span class='ocrx_word' id='word_1_807' title='bbox 2180 5164 2386 5218; x_wconf 89' lang='lat' dir='ltr'><strong>nostris</strong></span> <span class='ocrx_word' id='word_1_808' title='bbox 2417 5162 2728 5234; x_wconf 84' lang='lat' dir='ltr'><strong>_codicibus</strong></span> <span class='ocrx_word' id='word_1_809' title='bbox 2795 5179 2905 5219; x_wconf 91' lang='lat' dir='ltr'><strong>non</strong></span> <span class='ocrx_word' id='word_1_810' title='bbox 2944 5164 3185 5234; x_wconf 86' lang='lat' dir='ltr'><strong>legitur.</strong></span> <span class='ocrx_word' id='word_1_811' title='bbox 3249 5164 3328 5217; x_wconf 86' lang='lat' dir='ltr'><strong>Ac</strong></span> <span class='ocrx_word' id='word_1_812' title='bbox 3366 5163 3500 5234; x_wconf 84' lang='lat' dir='ltr'><strong>mihi</strong></span> <span class='ocrx_word' id='word_1_813' title='bbox 3533 5164 3758 5232; x_wconf 89' lang='lat' dir='ltr'><strong>quidem</strong></span> 
     </span>
    </p>
   </div>
   <div class='ocr_carea' id='block_1_115' title="bbox 2179 5231 3761 5303">
    <p class='ocr_par' dir='ltr' id='par_1_115' title="bbox 2179 5231 3761 5303">
     <span class='ocr_line' id='line_1_115' title="bbox 2179 5231 3761 5303; baseline 0.002 -19"><span class='ocrx_word' id='word_1_814' title='bbox 2179 5233 2395 5288; x_wconf 89' lang='lat' dir='ltr'><strong>videtur</strong></span> <span class='ocrx_word' id='word_1_815' title='bbox 2416 5231 2776 5302; x_wconf 87' lang='lat' dir='ltr'><strong>Theophanes</strong></span> <span class='ocrx_word' id='word_1_816' title='bbox 2809 5233 2955 5290; x_wconf 87' lang='lat' dir='ltr'><strong>istud</strong></span> <span class='ocrx_word' id='word_1_817' title='bbox 2976 5231 3253 5290; x_wconf 81' lang='lat' dir='ltr'><strong>addidisse</strong></span> <span class='ocrx_word' id='word_1_818' title='bbox 3277 5248 3347 5289; x_wconf 75' lang='lat' dir='ltr'><strong>ex</strong></span> <span class='ocrx_word' id='word_1_819' title='bbox 3364 5231 3592 5303; x_wconf 79' lang='lat' dir='ltr'><strong>Joseplii</strong></span> <span class='ocrx_word' id='word_1_820' title='bbox 3618 5234 3761 5287; x_wconf 90' lang='lat' dir='ltr'><strong>libro</strong></span> 
     </span>
    </p>
   </div>
   <div class='ocr_carea' id='block_1_116' title="bbox 2181 5303 3087 5374">
    <p class='ocr_par' dir='ltr' id='par_1_116' title="bbox 2181 5303 3087 5374">
     <span class='ocr_line' id='line_1_116' title="bbox 2181 5303 3087 5374; baseline 0.002 -17"><span class='ocrx_word' id='word_1_821' title='bbox 2181 5305 2360 5374; x_wconf 87' lang='lat' dir='ltr'><strong>primo</strong></span> <span class='ocrx_word' id='word_1_822' title='bbox 2389 5303 2802 5374; x_wconf 69' lang='lat' dir='ltr'><strong>Antiquitatum,</strong></span> <span class='ocrx_word' id='word_1_823' title='bbox 2841 5319 2963 5372; x_wconf 90' lang='lat' dir='ltr'><strong>cap.</strong></span> <span class='ocrx_word' id='word_1_824' title='bbox 3002 5305 3087 5359; x_wconf 76' lang='grc'><strong>15.</strong></span> 
     </span>
    </p>
   </div>
   <div class='ocr_carea' id='block_1_117' title="bbox 2253 5371 3757 5444">
    <p class='ocr_par' dir='ltr' id='par_1_117' title="bbox 2253 5371 3757 5444">
     <span class='ocr_line' id='line_1_117' title="bbox 2253 5371 3757 5444; baseline -0.003 -17"><span class='ocrx_word' id='word_1_825' title='bbox 2253 5373 2366 5444; x_wconf 86' lang='grc'><strong>(80)</strong></span> <span class='ocrx_word' id='word_1_826' title='bbox 2397 5372 2675 5441; x_wconf 83' lang='grc' dir='ltr'><strong>Ζόκομος.</strong></span> <span class='ocrx_word' id='word_1_827' title='bbox 2700 5371 3060 5444; x_wconf 10' lang='lat' dir='ltr'><strong>,Nicephorus</strong></span> <span class='ocrx_word' id='word_1_828' title='bbox 3103 5373 3159 5428; x_wconf 94' lang='lat' dir='ltr'><strong>in</strong></span> <span class='ocrx_word' id='word_1_829' title='bbox 3207 5374 3346 5429; x_wconf 88' lang='lat' dir='ltr'><strong>libro</strong></span> <span class='ocrx_word' id='word_1_830' title='bbox 3386 5388 3448 5444; x_wconf 75' lang='grc' dir='ltr'><strong>ιι,</strong></span> <span class='ocrx_word' id='word_1_831' title='bbox 3482 5387 3630 5444; x_wconf 77' lang='lat' dir='ltr'><strong>_cap.</strong></span> <span class='ocrx_word' id='word_1_832' title='bbox 3668 5371 3757 5441; x_wconf 72' lang='grc'><strong>47,</strong></span> 
     </span>
    </p>
   </div>
   <div class='ocr_carea' id='block_1_118' title="bbox 2181 5442 3758 5514">
    <p class='ocr_par' dir='ltr' id='par_1_118' title="bbox 2181 5442 3758 5514">
     <span class='ocr_line' id='line_1_118' title="bbox 2181 5442 3758 5514; baseline 0 -18"><span class='ocrx_word' id='word_1_833' title='bbox 2181 5442 2428 5514; x_wconf 61' lang='grc' dir='ltr'><strong>ζάκομον</strong></span> <span class='ocrx_word' id='word_1_834' title='bbox 2477 5451 2634 5514; x_wconf 83' lang='lat' dir='ltr'><strong>vocat</strong></span> <span class='ocrx_word' id='word_1_835' title='bbox 2696 5442 2864 5514; x_wconf 67' lang='lat' dir='ltr'><strong>hunc</strong></span> <span class='ocrx_word' id='word_1_836' title='bbox 2904 5443 3307 5500; x_wconf 88' lang='lat' dir='ltr'><strong>Saracenorum</strong></span> <span class='ocrx_word' id='word_1_837' title='bbox 3368 5442 3758 5514; x_wconf 76' lang='lat' dir='ltr'><strong>phylarchum.</strong></span> 
     </span>
    </p>
   </div>
   <div class='ocr_carea' id='block_1_119' title="bbox 2179 5511 3761 5572">
    <p class='ocr_par' dir='ltr' id='par_1_119' title="bbox 2179 5511 3761 5572">
     <span class='ocr_line' id='line_1_119' title="bbox 2179 5511 3761 5572; baseline 0.001 -6"><span class='ocrx_word' id='word_1_838' title='bbox 2179 5511 2352 5567; x_wconf 85' lang='lat' dir='ltr'><strong>Porro</strong></span> <span class='ocrx_word' id='word_1_839' title='bbox 2395 5513 2448 5566; x_wconf 91' lang='lat' dir='ltr'><strong>in</strong></span> <span class='ocrx_word' id='word_1_840' title='bbox 2488 5512 2678 5568; x_wconf 84' lang='lat' dir='ltr'><strong>codice</strong></span> <span class='ocrx_word' id='word_1_841' title='bbox 2729 5511 3032 5569; x_wconf 83' lang='lat' dir='ltr'><strong>Fuketiano</strong></span> <span class='ocrx_word' id='word_1_842' title='bbox 3079 5515 3182 5571; x_wconf 89' lang='lat' dir='ltr'><strong>hoc</strong></span> <span class='ocrx_word' id='word_1_843' title='bbox 3237 5511 3461 5572; x_wconf 25' lang='lat' dir='ltr'><strong>nomén’</strong></span> <span class='ocrx_word' id='word_1_844' title='bbox 3493 5512 3761 5571; x_wconf 79' lang='lat' dir='ltr'><strong>scribitur</strong></span> 
     </span>
    </p>
   </div>
   <div class='ocr_carea' id='block_1_120' title="bbox 2179 5583 3008 5654">
    <p class='ocr_par' dir='ltr' id='par_1_120' title="bbox 2179 5583 3008 5654">
     <span class='ocr_line' id='line_1_120' title="bbox 2179 5583 3008 5654; baseline 0.001 -15"><span class='ocrx_word' id='word_1_845' title='bbox 2179 5599 2302 5639; x_wconf 89' lang='lat' dir='ltr'><strong>cum</strong></span> <span class='ocrx_word' id='word_1_846' title='bbox 2325 5590 2557 5639; x_wconf 87' lang='lat' dir='ltr'><strong>accentu</strong></span> <span class='ocrx_word' id='word_1_847' title='bbox 2598 5583 2651 5640; x_wconf 89' lang='lat' dir='ltr'><strong>in</strong></span> <span class='ocrx_word' id='word_1_848' title='bbox 2691 5585 3008 5654; x_wconf 86' lang='lat' dir='ltr'><strong>pcnultima.</strong></span> 
     </span>
    </p>
   </div>
  </div>
