4054 6188
361 198 498 255 Hi3
1351 205 1677 266 HISTORIA
1710 212 2263 276 ECCLESIASTICA.
2305 253 2374 263 —
2411 222 2540 280 LIB.
2585 227 2672 282 Vl.
3488 240 3628 296 MN

351 316 653 386 ρακηνοῖς,
708 311 860 388 οἶμαι
911 317 966 371 δὲ
1031 319 1128 372 καὶ⁵
1180 321 1314 375 πᾶσι
1369 323 1685 398 βαρϐάροις.
1744 332 1803 386 '0
1851 333 1917 386 δὲ.

2044 337 2208 407 hujus
2256 339 2608 410 imperatoris
2650 352 2906 417 tempora
2952 349 3114 418 cujus
3167 367 3256 408 res
3307 361 3492 424 gestas
3528 355 3625 418 de-

351 406 581 510 θαρῤεῖν
612 411 1196 481 παρακελευσάμενος,
1229 414 1432 485 ηὔξατο
1461 421 1556 474 καὶ
1585 423 1913 495 ἀπέπεμψεν

2039 406 2363 486 scribimus.
2407 428 2666 487 Traducti
2707 406 2836 489 sunt
2869 406 3050 491 autem
3100 439 3165 494 ad
3199 406 3356 496 fidem
3393 415 3622 510 Christi,

349 497 497 565 ἕξειν
553 501 715 554 αὑτὸν
759 503 874 555 υἱὸν
918 503 1323 576 ὑποσχόμενος,
1372 511 1423 563 εί
1475 514 1818 568 πιστεύσειεν
1855 519 1917 579 είς

351 590 1150 608 ννγ,..η...η...

2036 523 2331 592 colloquiis
2387 527 2734 581 sacerdotum
2791 538 2845 583 et
2883 532 3321 598 monachorum,
3371 539 3465 606 qui
3527 555 3626 608 per

351 590 605 699 ifptardv.
652 592 804 644 Ἐπεὶ
851 592 924 699 ss“
953 593 1086 659 Θεὸς
1126 595 1275 668 ἔργῳ
1307 598 1405 672 τὴν
1461 602 1756 675 ὑπόσχεσιν
1813 609 1917 662 ὲϐε

2037 590 2305 671 finitimas
2383 618 2521 689 ipsis
2589 621 2918 677 solitudines
2973 590 3337 694 philosophiae
3389 590 3622 699 operam

347 680 551 735 ϐαίωσε
578 721 594 746 ,
631 684 728 736 καὶ
768 683 966 755 ἐτέχθη
1003 687 1155 758 αὑτῷ
1184 692 1315 754 παῖς
1338 729 1352 754 ,
1393 693 1557 758 αὑτός
1603 713 1662 749 τε
1694 699 1917 770 Ζόκομος

2033 705 2262 773 dabant,
2291 710 2525 782 vitatque
2563 714 2930 769 sanctimonia
2965 726 3018 771 et
3063 718 3347 775 miraculis
3379 680 3626 793 rerfulge-

344 774 560 845 ἐμυήθη
589 815 604 838 ,
646 775 738 827 καὶ
763 777 889 838 τοὺς
937 777 1029 831 ὑπ’
1056 779 1219 833 αὑτὸν
1252 783 1344 834 ἐπὶ
1383 784 1541 837 τοῦτο
1570 786 1794 855 ἤγαγεν.
1841 790 1917 854 Ἐξ

2035 797 2190 853 bant.
2247 799 2443 856 Fertur
2498 803 2664 857 etiam
2716 803 2985 875 integrant
3037 823 3227 860 eorum
3282 809 3481 862 tribum
3530 774 3625 866 0eo

343 863 554 916 ἐκείνου
580 881 640 917 τε
679 865 887 937 ταύτην
918 868 1018 940 τὴν
1061 871 1235 942 φυλὴν
1262 874 1514 940 γενέσθαι
1544 877 1709 945 φασὶν
1745 879 1917 934 εὐδαί-

2036 898 2281 960 tempore
2337 891 2406 947 ad
2457 890 2664 948 Christi
2723 894 3044 966 religionem
3091 897 3426 960 transiisse,
3495 915 3622 960 cum

346 973 484 1026 μονα
512 956 602 1010 καἸ
636 958 1085 1030 πολυάνθρωπον,
1113 963 1350 1034 Πέρσαις
1379 982 1439 1018 τε
1475 969 1570 1021 καὶ
1597 973 1710 1034 τοῖς
1744 972 1917 1036 ἄλλοις

2032 956 2306 1036 Zocomus
2337 997 2528 1036 eorum
2565 956 2906 1054 phylarchus
2939 983 3267 1054 baptismum
3305 956 3620 1055 hujusmodi

341 1048 718 1142 Σαρῤακηνοῖς
740 1050 1107 1122 φοϐεράν.“ον
1122 1057 1238 1125 μὲν
1267 1055 1330 1127 δὴ
1355 1058 1558 1129 τρόπον
1578 1061 1917 1135 Σαρῤακηνοὶ

2030 1071 2103 1125 ob
2131 1086 2357 1127 causam
2398 1073 2756 1142 suscepisset.
2807 1073 2907 1127 Hic
2952 1074 3125 1129 orbus
3168 1089 3294 1128 cum
3336 1084 3506 1138 esset,
3549 1077 3618 1130 ad

341 1140 442 1212 τὴν
497 1141 673 1212 ἀρχὴν
715 1145 808 1233 είς
845 1145 1272 1218 Χριστιανισμὸν
1321 1150 1637 1219 μετέϐαλον,
1693 1156 1788 1208 καὶ
1835 1151 1917 1210 οἷα

2034 1161 2363 1217 monachum
2387 1163 2701 1233 quemdam,
2746 1165 2888 1218 fama
2918 1166 3067 1220 illius
3099 1164 3394 1232 adductus,
3430 1182 3621 1222 acces—

342 1233 470 1304 περὶ
495 1233 588 1288 τοῦ
614 1232 830 1304 πρώτου
863 1238 995 1306 παρ’
1017 1239 1202 1302 αὐτοῖς
1229 1242 1700 1314 ὲπισκοπήσαντος
1724 1264 1917 1320 παρει-

2033 1250 2129 1312 sit,
2185 1262 2244 1304 ιιι
2297 1232 2420 1306 cum
2470 1268 2538 1308 eo
2595 1253 3009 1324 colloqueretur
3055 1273 3069 1309 :
3118 1271 3388 1326 suamque
3443 1257 3618 1326 ipsius

341 1325 612 1397 λήφαμεν,
639 1319 741 1395 ᾧδε
778 1327 913 1398 ἔχει.
1809 1319 1818 1320 7

2046 1342 2420 1397 calamitatem
2454 1319 2974 1418 deplorare—capit.
3010 1347 3222 1417 Quippe
3268 1319 3412 1418 apud
3447 1319 3616 1402 S-ara-

337 1433 537 1485 cenos,
569 1429 621 1473 et
669 1419 814 1489 apud
885 1421 1126 1493 reliquos
1183 1439 1395 1487 omnes,
1439 1437 1498 1481 ut
1561 1430 1780 1500 opinor,
1857 1422 2135 1489 barbaros
2199 1437 2382 1507 magni
2435 1437 2492 1490 fit
2554 1437 2853 1493 liberorum
2916 1441 3248 1510 procreatio.
3316 1439 3617 1495 Monachus

348 1526 478 1564 vero
528 1511 678 1565 illum
742 1513 885 1566 bono
935 1514 1118 1569 animo
1163 1531 1286 1572 esse
1349 1518 1556 1586 jussit,
1605 1529 1659 1576 et
1710 1522 1961 1580 oratione
2035 1524 2214 1589 facta,
2266 1527 2541 1582 hominem
2602 1529 2852 1594 dimisit,
2933 1531 3214 1601 pollicitus
3273 1531 3443 1586 filium
3512 1531 3617 1602 ipsi

344 1607 682 1662 nasciturum
731 1622 888 1672 esse,
940 1609 988 1662 si
1036 1610 1092 1664 in
1147 1610 1426 1668 Christum
1471 1618 1631 1671 vellet
1670 1617 1916 1674 credere.
1993 1619 2195 1676 Postea
2247 1637 2379 1676 vero
2433 1639 2556 1678 cum
2606 1623 2749 1680 Deus
2821 1625 3154 1694 promissum
3199 1640 3258 1679 re
3295 1623 3414 1694 ipsa
3454 1624 3616 1678 exhi-

331 1696 580 1786 buisset,
625 1707 678 1752 et
729 1698 870 1754 filius
919 1698 1157 1756 Zocomo
1218 1712 1381 1760 natus
1429 1718 1595 1774 esset,
1639 1717 1754 1762 tmn
1809 1710 1927 1780 ipse
1999 1727 2404 1769 sacramentum
2452 1717 2713 1785 baptismi
2764 1718 2998 1786 accepit,
3049 1726 3104 1770 et
3157 1716 3409 1770 subditos
3481 1732 3614 1772 suos

342 1785 406 1839 ad
449 1787 592 1842 idem
647 1788 1052 1858 suscipiendum
1096 1791 1346 1848 adduxit.
1393 1797 1573 1866 Atque
1639 1815 1705 1854 ex
1772 1818 1839 1857 eo
1909 1811 2153 1872 tempore
2200 1807 2404 1861 tribqu
2465 1809 2613 1861 illam
2649 1808 2865 1862 felicem
2921 1823 2985 1862 ac
3043 1823 3394 1863 numerosam
3439 1807 3614 1864 fuisse

343 1881 678 1954 perhibent,
735 1882 1030 1955 Persisque
1082 1900 1152 1941 ac
1217 1890 1442 1960 reliquis
1519 1891 1809 1951 Saracenis
1879 1897 2302 1954 formidabilem.
2348 1901 2466 1965 Quo
2533 1901 2700 1972 igitur
2757 1901 2920 1957 modo
2980 1900 3238 1956 Saraceni
3291 1903 3358 1957 ad
3405 1901 3612 1958 Christi

351 1975 673 2048 religionem
728 1979 965 2047 primum
1038 1983 1291 2036 conversi
1333 1992 1482 2048 sunt,
1523 1991 1583 2038 et
1627 1985 1693 2041 de
1741 1988 1922 2056 primo
1961 1989 2108 2044 illius
2157 1992 2333 2059 gentis
2377 1994 2658 2062 episcopo,
2695 1993 2809 2046 haec
2850 2001 2978 2046 sunt
3005 2007 3125 2061 qua:
3177 1992 3513 2062 accepimus.

919 2071 1171 2125 ΚΕΦΔΛ,
1197 2073 1320 2125 ΛΘ’.

324 2161 474 2236 ’Ὅτι
496 2159 846 2236 exurgat»:
871 2161 1095 2236 Πέτρος
1122 2164 1198 2236 ἐκΔ
1229 2164 1458 2234 Ῥώμης
1481 2205 1496 2229 ,
1536 2167 1643 2233 τὸς
1691 2168 1801 2236 τῆς
1818 2173 1922 2223 Al-

403 2230 634 2310 γιξπτου
660 2232 1318 2310 Ἐκκλησίας-καςέσχε
1393 2230 1655 2310 Ᾰουκζοὺ
1685 2230 1920 2310 enim.

404 2299 528 2380 ρήςτ
530 2316 641 2353 αντ
644 2317 710 2380 ρς
729 2317 744 2330 ⁹
759 2302 880 2380 ,σςαὶ
918 2304 1050 2380 περὶ
1067 2302 1196 2380 ,ῖῆς
1215 2299 1365 2360 xum
1393 2305 1639 2360 Σκυθῶν
1669 2299 1922 2380 ἐκστρα-

406 2371 571 2436 τείας
611 2373 699 2435 είς
741 2373 930 2424 Δύσιν
958 2372 1317 2441 Οὐάλεντος.

406 2464 472 2516 Οί
493 2462 551 2515 δὲ
573 2462 716 2516 κατὰ
749 2463 907 2516 πόλιν
935 2464 996 2518 τὸ
1031 2465 1208 2536 δόγμα
1231 2470 1333 2538 τῆς
1362 2469 1421 2521 ἐν
1456 2469 1663 2541 Νικαίᾳ
1701 2471 1918 2526 συνόδου

331 2553 654 2624 ζηλοῦντες,
697 2554 861 2609 πάλιν
908 2555 1250 2628 ἀνεθάρρουν
1276 2598 1291 2623 ,
1315 2559 1412 2612 καὶ
1438 2560 1674 2630 μάλιστα
1719 2563 1767 2615 οἱ
1799 2563 1919 2616 κατ’

321 2645 608 2714 Αἴγυπτον
648 2645 1037 2718 Ἀλεξανδρεῖς.
1077 2648 1453 2704 Ἐπανελθόντι
1481 2651 1538 2704 δὲ
1571 2653 1691 2705 τότε
1723 2654 1920 2726 Πέτρῳ

325 2735 441 2790 ἀπὸ
467 2737 566 2807 τῆς
582 2736 801 2808 Ῥώμης
841 2737 982 2808 μετὰ
1003 2741 1347 2810 γραμμάτων
1378 2742 1658 2812 Δαμάσου,
1679 2744 1751 2798 τά
1773 2762 1833 2798 τε
1860 2749 1918 2800 ὲν

332 2829 540 2900 Νικαίᾳ
570 2827 796 2893 δόξαντα
820 2868 835 2893 ,
865 2829 958 2882 καὶ
987 2829 1087 2902 τὴν
1117 2829 1285 2884 αὑτοῦ
1325 2835 1659 2903 χειροτονίαν
1690 2836 1920 2907 κυρούν-

329 2937 441 2974 των
463 2960 480 2985 ,
540 2920 866 2993 παρέδωκαν
921 2920 1022 2984 τὰς
1072 2921 1419 2994 Ἐκκλησίας.
1479 2925 1537 2978 '0
1583 2926 1641 2980 δὲ
1690 2927 1920 2993 Λούκιος

325 3010 606 3075 ἐξελαθεὶς
629 3050 646 3075 ,
677 3011 770 3064 ἐπὶ
799 3011 897 3082 τὴν
936 3014 1517 3072 Κωνσταντινούπολιν
1545 3019 1914 3076 ἀπέπλευσεν.

323 3103 547 3175 estur;
575 3104 632 3158 δὲ
657 3106 686 3158 ό
712 3103 966 3174 βασιλεὺς
990 3145 1006 3170 ,
1051 3106 1127 3171 ὡς
1160 3107 1307 3172 εἰκὸς
1325 3149 1340 3174 ,
1384 3110 1442 3162 ὲν
1487 3111 1735 3182 φροντίσι
1761 3114 1918 3182 γενόο

335 3210 496 3262 μενος
513 3233 531 3260 ,
558 3192 832 3260 ἐπεξιέναι
860 3193 1073 3258 τούτοις
1105 3194 1304 3268 σχολὴν
1331 3196 1431 3250 οὑκ
1461 3193 1596 3268 ἦγεν
1621 3215 1634 3229 ·
1661 3198 1780 3270 ἅμα
1808 3202 1916 3272 γὰρ

326 3279 466 3355 ἧκεν
494 3287 574 3349 είς
609 3286 710 3357 τὴν
734 3287 1310 3342 Κωνσταντινούπολιν
1329 3329 1346 3353 ,
1393 3290 1452 3343 ὲν
1483 3290 1708 3362 ὑπονοίᾳ
1744 3293 1915 3365 πολλῇ

333 3379 427 3432 καὶ
463 3378 614 3449 μίσει
646 3379 864 3448 ἐγένετο
891 3380 1044 3451 παρὰ
1074 3380 1154 3452 τῷ
1185 3381 1370 3454 δήμῳ.
1410 3380 1474 3437 Oi
1503 3383 1613 3455 γὰρ
1646 3384 1912 3457 βάρϐαροι

329 3470 431 3542 τὴν
457 3470 680 3542 Θρᾴκην
723 3471 1066 3542 δῃώσαντες,
1103 3474 1196 3527 καὶ
1235 3476 1400 3546 μέχρι
1429 3477 1538 3529 τῶν
1569 3479 1912 3547 προαστείων

329 3560 430 3630 ἢδη
462 3560 842 3632 προελθόντες,
859 3563 954 3617 καὶ
982 3565 1166 3628 αὐτοῖς
1189 3565 1394 3636 τείχεσι
1421 3567 1650 3638 μηδενὸς
1677 3569 1914 3623 κωλύον-

328 3670 421 3716 τος
449 3653 808 3724 προσϐάλλειν
841 3655 1182 3729 ἐπεχείρουν.
1199 3658 1327 3711 Ἐπὶ
1348 3658 1555 3723 τούτοις
1571 3660 1631 3713 δὲ
1659 3661 1915 3730 χαλεπῶς

329 3746 363 3815 ἡ
394 3744 550 3808 πόλις
575 3745 773 3818 ἔφερε·
809 3749 904 3800 καὶ
949 3747 1040 3800 τὸν
1083 3746 1347 3817 βασιλέα,
1397 3751 1480 3804 ὅτι
1523 3751 1598 3822 μὴ
1640 3753 1909 3824 ἀντεξῄει,

329 3835 447 3889 ἀλλ’
476 3836 802 3892 ἀνεϐάλλετο
835 3840 1128 3910 πολεμεῖν,
1164 3842 1221 3895 ὲν
1250 3843 1401 3914 αἰτίᾳ
1447 3844 1730 3898 ἐποιοῦντο
1751 3862 1765 3875 ·
1815 3848 1912 3900 καὶ

323 3927 676 3996 ἐλογοποίουν
700 3967 716 3992 ,
765 3929 841 3994 ὡς
893 3930 1058 3994 αὐτὸς
1109 3932 1236 3995 τοὺς
1279 3932 1578 4004 πολεμίους
1631 3936 1908 4004 ἐπάγοιτο.

328 4020 699 4085 Τελευτῶντες
723 4021 810 4089 δὲ,
846 4021 939 4076 καὶ
967 4022 1024 4075 ὲν
1051 4021 1389 4095 ἱπποδρομίᾳ
1421 4025 1704 4095 θεώμενοι,
1738 4028 1820 4090 είς
1848 4027 1913 4081 τὸ

326 4113 562 4184 φανερὸν
602 4112 769 4167 αὑτοῦ
823 4113 1102 4169 κατεϐόων
1129 4156 1144 4181 ,
1178 4114 1253 4179 ὡς
1283 4115 1352 4169 τὰ
1394 4117 1550 4171 κοινά
1608 4120 1911 4191 πράγματα

328 4205 694 4276 περιορῶντος
714 4247 729 4273 ,
763 4205 860 4260 καὶ
883 4207 1022 4261 ὅπλα
1048 4206 1210 4278 ᾔτουν
1232 4247 1248 4272 ,
1276 4208 1350 4273 ὡς
1383 4209 1538 4263 αὐτοὶ
1570 4211 1909 4283 πολεμήσον-

319 4313 439 4360 τες.
493 4296 554 4350 '0
605 4297 663 4350 δὲ
726 4296 942 4368 Οὐάλης
989 4297 1305 4369 ὑϐρισθεὶς,
1348 4301 1749 4372 ἐπεστράτευσε
1797 4304 1912 4366 τοῖς

332 4386 637 4459 βαρϐάροις
663 4405 676 4420 ·
708 4388 972 4458 ἠπείλησε
1009 4389 1066 4442 δὲ
1099 4389 1168 4459 ἢν
1199 4390 1538 4462 ὑποστρέψῃ,
1575 4393 1911 4463 τιμωρήσειν

326 4479 477 4548 αὐτῷ
507 4489 554 4544 ο,
590 4479 698 4532 τῶν
720 4497 778 4533 τε
809 4479 1019 4549 ὕϐρεων
1047 4479 1140 4532 τοῦ
1171 4480 1369 4551 δήμου,
1402 4483 1496 4535 καὶ
1526 4483 1606 4536 ὅτι
1645 4484 1910 4556 πρότερον

329 4571 624 4642 Προκοπίῳ
652 4571 729 4642 τῷ
758 4572 1011 4645 τυράννῳ
1040 4571 1391 4642 προσέθεντο.

2592 2082 2744 2136 CAP.
2789 2082 3034 2136 XXXIX.

2026 2169 2305 2259 Quomodo
2338 2172 2534 2259 Petrus
2566 2175 2750 2259 Ilionae
2781 2192 3045 2259 reversus,
3091 2176 3358 2259 Ecclesias
3390 2174 3614 2259 Αξθρριὶ

2097 2255 2301 2368 renéotc;
2333 2242 2498 2297 Lucio
2527 2247 2752 2299 obtinuit
2782 2259 2801 2298 :
2830 2255 2880 2299 et
2910 2247 2975 2298 de
3015 2247 3251 2302 Valentis
3286 2242 3614 2314 expeditione

2092 2329 2148 2365 ιη
2223 2324 2274 2365 οι
2297 2331 2398 2370 ws.

2089 2465 2368 2520 Casterum
2405 2466 2462 2520 in
2505 2466 2742 2536 singulis
2772 2465 3114 2530 civitatibus,
3169 2466 3224 2520 hi
3255 2468 3346 2536 qui
3378 2466 3614 2523 Nicanaa

2021 2561 2218 2633 synodi
2291 2560 2602 2615 doctrinam
2667 2559 3002 2624 tuebantur,
3054 2559 3272 2615 animos
3321 2573 3612 2614 resumere

2020 2659 2310 2722 coeperunt
2335 2665 2350 2705 :
2381 2651 2656 2720 prmcipue
2680 2665 2810 2706 vero
2834 2651 2891 2705 in
2920 2649 3162 2720 IEgypto
3188 2651 3608 2706 Alexandrini‘.

2023 2743 2152 2810 Qui,
2200 2758 2326 2798 cum
2356 2743 2499 2798 forte
2543 2742 2742 2799 Petrus
2773 2758 2840 2798 eo
2870 2750 3117 2814 tempore
3149 2742 3220 2797 ab
3250 2743 3388 2798 urbe
3432 2741 3610 2796 Roma

2029 2849 2289 2895 reversus
2339 2842 2488 2891 esset
2541 2850 2666 2890 cum
2722 2835 2924 2890 litteris
2981 2833 3235 2902 Damasi,
3293 2836 3499 2906 quibus
3551 2848 3610 2891 et

2017 2926 2224 2982 Nicmni
2257 2927 2478 2984 concilii
2524 2927 2768 2994 decreta,
2800 2937 2855 2983 et
2903 2926 3186 2982 ordinatio
3235 2928 3415 2996 ipsius
3465 2941 3606 2983 con-

2019 3018 2364 3086 ﬁrmabatur,
2401 3020 2668 3076 ecclesias
2707 3019 2756 3076 ei
2808 3020 3176 3076 tradiderunt.
3229 3019 3435 3077 Lucius
3469 3038 3604 3078 vero

2017 3109 2148 3166 inde
2175 3112 2464 3182 expulsus,
2495 3111 3032 3182 Constantinopolim
3077 3113 3373 3185 navigavit.
3407 3112 3606 3170 Verum

2018 3201 2322 3272 imperator
2360 3203 2565 3260 Valens
2603 3205 2729 3260 aliis
2763 3205 2918 3260 curis
2964 3203 3265 3270 distentus,
3319 3215 3380 3258 ut
3427 3206 3607 3261 credi-

2017 3293 2128 3348 bile
2180 3303 2303 3358 est,
2359 3296 2488 3351 istis
2538 3295 2886 3351 vindicandis
2935 3295 3367 3366 haudquaquam
3411 3312 3607 3352 vacare

2017 3383 2216 3453 potuit.
2272 3384 2408 3439 Nam
2451 3386 2615 3440 simul
2664 3396 2832 3456 atque
2862 3388 3014 3442 venit
3039 3386 3604 3456 Constantinopolim,

2020 3475 2257 3545 populus
2321 3491 2449 3530 eum
2510 3484 2828 3546 suspectum
2890 3484 3056 3545 atque
3107 3476 3344 3530 invisum
3405 3477 3605 3531 habere

2019 3567 2208 3636 cmpit.
2247 3564 2460 3635 Quippe
2493 3567 2734 3631 barbari,
2775 3567 3009 3622 Thracia
3051 3576 3289 3630 vastata,
3317 3583 3495 3637 usque
3531 3568 3602 3623 ad

2017 3658 2337 3713 suburbana
2372 3661 2534 3729 regia:
2567 3658 2722 3713 urbis
2747 3659 3052 3728 progressi,
3084 3659 3200 3729 jam
3244 3661 3449 3714 mmnia
3480 3661 3601 3730 ipsa

2019 3763 2344 3819 oppugnare
2385 3750 2603 3804 nemine
2649 3749 2953 3806 obsistente
2989 3751 3470 3822 aggrediehantur.
3519 3751 3602 3805 Ob

2019 3841 2135 3896 haec
2175 3841 2373 3897 civitas
2396 3840 2564 3912 278
2585 3840 3001 3912 indignabatur,
3029 3851 3085 3897 et
3124 3842 3511 3913 imperatorem
3544 3843 3601 3897 in

2016 3933 2224 3987 crimen
2255 3932 2508 3994 vocabat,
2534 3932 2679 4003 quod
2719 3932 2986 3988 adversus
3010 3933 3199 3988 hostes
3237 3932 3455 3986 obviam
3489 3947 3601 3986 non

2017 4024 2282 4096 prodiret,
2307 4024 2404 4080 sed
2427 4025 2628 4080 bellum
2653 4025 2927 4092 differret;
2985 4038 3346 4093 rumoresque
3373 4038 3603 4092 sparge-

2020 4117 2408 4180 hant,‘hostes
2461 4117 2531 4170 ab
2583 4116 2677 4170 illo
2723 4125 2985 4170 evocatos
3027 4114 3404 4183 adductosque
3451 4128 3594 4168 esse.

2015 4205 2263 4275 Denique
2301 4220 2426 4260 cum
2472 4203 2768 4260 Circenses
2819 4203 2984 4258 ludos
3031 4211 3366 4273 spectarent,
3413 4213 3601 4272 aperte

2015 4304 2210 4350 contra
2265 4310 2389 4350 eum
2438 4293 2727 4350 vociferati
2784 4302 2950 4356 sunt.
2998 4295 3146 4364 quod
3199 4295 3598 4364 rempublicam

2017 4386 2291 4458 neglectui
2324 4387 2591 4442 haberet:
2617 4395 2672 4443 et
2713 4401 2867 4440 arma
2911 4387 3016 4442 sibi
3053 4386 3174 4440 dari
3201 4395 3598 4457 poposcerunt,

2022 4487 2283 4547 tanquam
2335 4477 2437 4546 ipsi
2478 4492 2605 4532 cum
2659 4477 2910 4533 hostibus
2948 4479 3263 4549 pugnaturi.
3302 4474 3398 4530 His
3433 4476 3600 4546 igitur

2020 4568 2370 4625 contumeliis
2430 4567 2664 4624 affectus
2720 4568 2962 4637 Valens,
3014 4569 3284 4624 adversus
3329 4569 3598 4623 barbarus

326 4665 484 4733 signa
524 4664 716 4728 movit,
765 4665 1120 4733 minatusque
1151 4672 1238 4718 est
1263 4680 1343 4727 se,
1378 4666 1424 4721 si
1474 4664 1700 4730 rediret,
1745 4682 1937 4737 pmnas
1973 4665 2041 4721 de
2084 4663 2285 4734 populo
2332 4671 2680 4732 sumpturum
2731 4678 2878 4730 esse.
2928 4673 3040 4718 ιιιιιι
3072 4664 3146 4719 0b
3219 4663 3342 4720 “'33
3390 4673 3588 4719 οοηῑυ-

327 4757 546 4819 tnelias,
592 4762 709 4809 tum
748 4754 896 4825 quod
929 4761 1089 4808 antea
1124 4753 1374 4826 Procopii
1411 4759 1630 4827 tyranni
1665 4760 1916 4828 partibus
1954 4771 2076 4812 sese
2108 4751 2515 4824 adiunxissent.

941 4851 1192 4904 ΚΕΦΑΛ.
1226 4849 1316 4905 Μ’.

324 4943 466 5013 Περὶ
505 4941 615 4996 τοῦ
653 4941 825 5014 ἁγίου
861 4941 1170 5014 ξΙσααξιιου
1187 4943 1494 5013 μοναχοῦ,
1541 4943 1648 4998 τοῦ
1679 4957 1910 5014 προφη-

398 5011 731 5084 τεύσαντος
791 5011 891 5084 διὰ
931 5011 1242 5084 optuma
1283 5011 1455 5084 {fricat
1525 5015 1605 5080 ὡς
1673 5011 1912 5084 φεύγων

399 5084 640 5150 Οὐάλης
660 5123 676 5146 ,
705 5083 774 5153 ἐν
805 5080 1069 5153 ἀχυρῷνι
1098 5083 1392 5137 εἰσελθὼν
1411 5080 1743 5153 κατεκαύθη
1763 5125 1778 5150 ,
1799 5080 1908 5137 ’καὶ

383 5153 582 5222 ⁸οὕτως
609 5151 914 5220 ἀπέῤῥηξε
952 5151 1068 5220 τὴν
1111 5153 1342 5222 ψυχήν.

405 5243 710 5310 Ἐξελθόντι
764 5245 822 5298 δὲ
886 5244 1036 5315 αὑτῷ
1094 5244 1193 5314 τῆς
1247 5246 1904 5311 Κωνσταντινουπόλεως,

2650 4846 2804 4904 CAP.
2846 4847 2959 4902 XL.

2022 4939 2099 4994 De
2139 4949 2326 4994 sancto
2365 4937 2581 4993 Isaacio
2622 4939 2900 5009 monac/to.
2945 4940 3035 5009 qui
3088 4937 3326 4994 Valentis
3371 4950 3594 4993 mortem

2089 5010 2340 5080 praedixit
2377 5019 2472 5064 :et
2511 5009 2774 5080 quomodo
2839 5007 3025 5063 Valens
3074 5009 3304 5077 fugiens,
3357 5026 3475 5062 cum
3528 5012 3592 5080 in

2094 5079 2337 5133 horreant
2379 5078 2548 5148 paleis
2604 5083 2855 5149 refertum
2904 5097 2958 5134 se
3001 5082 3298 5149 recepisset,
3351 5078 3592 5134 incendio

2087 5159 2427 5217 consumptus
2464 5151 2684 5205 interiit.

2081 5241 2258 5300 Porro
2291 5258 2420 5298 cum
2459 5243 2944 5315 Constantinopoli
2975 5242 3287 5306 excederet,
3322 5238 3591 5294 accedens

324 5332 641 5403 προσελθὼν
699 5333 970 5396 Ίσαόικιος
1018 5332 1158 5404 ἀνὴρ
1213 5335 1446 5405 μοναχὺς
1470 5376 1485 5403 ,
1538 5337 1609 5391 τά
1660 5354 1720 5390 τε
1772 5336 1908 5392 ἄλλα

2024 5336 2080 5392 id
2116 5352 2242 5394 eum
2292 5335 2532 5394 lsaacius
2571 5337 2798 5408 quidam
2853 5336 3194 5400 monachus,
3225 5333 3307 5389 vir
3353 5339 3468 5385 tum
3517 5329 3592 5383 ob

403 5449 418 5479 ⁸
456 5448 613 5504 Socr.
645 5449 743 5504 lib.
769 5465 842 5514 tv,
870 5462 921 5503 c.
954 5447 1043 5511 57,
1085 5447 1171 5501 58.

1783 5538 2169 5600 VARIORUM.

400 5644 426 5674 ε
461 5637 827 5708 Τιμωρήσειν
885 5635 1066 5704 αὐτῷ.
1133 5635 1276 5708 Lege
1339 5634 1558 5700 αὐτούς.
1611 5632 1699 5690 W.
1773 5634 2000 5694 Lowru.
