4054 6188
498 261 521 316 ί
535 259 638 319 £15

1935 245 2273 305 SOZOMENI

3614 251 3759 307 ms

497 373 637 427 alias
661 369 818 424 dotes
841 363 1098 428 eximius,
1119 371 1236 419 tum
1259 363 1312 418 in
1339 360 1639 417 subeundis
1663 363 1884 430 propter
1908 357 2076 414 Deum

2181 358 2417 430 ἀγαθὸς,
2468 360 2557 412 καὶ
2601 359 2688 412 διὰ
2742 359 2802 412 τὸ
2853 357 3006 411 Θεῖον
3055 357 3314 411 κινδύνων
3348 363 3712 431 καταφρονῶν
3743 380 3757 392 ·

507 460 771 533 periculis
804 457 1112 527 intrepidus
1143 473 1156 510 :
1187 455 1396 520 Redde,
1447 453 1648 523 inquit,
1684 468 1718 506 ο
1758 452 2077 521 imperator,

495 551 858 614 ortliodoxis,
898 556 952 602 et
999 547 1067 602 iis
1115 547 1210 617 qui
1249 543 1455 600 Nicmni
1507 542 1726 598 concilii
1771 542 2077 597 doctrinam

498 641 845 700 custodiunt,
888 635 1154 692 ecclesias
1191 648 1330 706 quas
1366 633 1674 698 abstulisti;
1712 642 1767 688 et
1793 632 2076 688 victoriam

497 735 566 790 de
594 731 844 788 hostibus
879 728 1246 798 reportabis‘.
1276 723 1479 780 Verum
1510 725 1812 794 imperator
1837 723 1918 778 ira
1950 737 2079 779 suc-

499 842 722 888 census,
773 820 1163 892 comprehendi
1192 835 1317 876 eum
1351 820 1542 888 jussit,
1587 828 1641 874 et
1675 822 1917 874 vinctum
1955 835 2078 876 ser-

499 919 639 980 vari,
685 915 861 970 donec
906 926 1165 968 reversus
1209 921 1403 983 pinnas
1443 911 1688 966 audaciae"
1744 911 1814 965 ab
1853 926 1920 966 eo
1963 911 2079 966 exi-

499 1015 672 1078 geret.
741 1009 811 1059 At
857 1003 949 1058 ille
1005 1002 1308 1072 subjiciens
1349 1021 1363 1057 :
1412 1001 1534 1057 No‘n
1580 1001 1822 1068 redibis,
1863 1002 2073 1072 inquit,

501 1100 610 1154 nisi
663 1096 928 1152 ecclesias
963 1093 1295 1150 restitueris.
1335 1090 1562 1164 Resque
1588 1093 1662 1148 ita
1689 1091 1891 1149 evenit.
1921 1092 2079 1148 Post-

499 1206 663 1260 quam
705 1187 852 1242 enim
904 1201 1029 1241 cum
1075 1185 1251 1256 copiis
1278 1185 1347 1240 ad
1389 1186 1592 1240 bellum
1647 1172 1929 1256 profectus
1970 1193 2077 1249 est,

499 1279 662 1334 Gothi
718 1276 940 1346 quidem
1002 1275 1280 1346 fugientes
1324 1276 1587 1346 paulatim
1648 1283 1797 1331 retro
1839 1290 2076 1331 cessere.

501 1369 621 1440 ipse
656 1384 788 1422 vero
817 1383 914 1423 eos
935 1368 1250 1437 insequens,
1285 1375 1646 1437 prmtercursa
1677 1368 1791 1437 jam
1819 1366 2074 1429 Thracia,

502 1461 650 1514 venit
704 1458 1137 1528 Adrianopolim.
1193 1457 1441 1526 Cumque
1466 1457 1610 1512 haud
1637 1456 1831 1526 procul
1861 1457 2079 1511 abesset

500 1569 531 1606 a
575 1550 849 1613 barbaris,
873 1551 966 1620 qui
1001 1549 1059 1602 in
1099 1549 1313 1603 munito
1352 1549 1589 1618 quodam
1621 1549 1742 1603 loco
1780 1557 2076 1604 castrame-
2104 1592 2118 1612 ,

499 1643 598 1696 tati
632 1642 879 1704 fuerant,
912 1639 1078 1695 citius
1111 1655 1276 1709 quam
1310 1643 1631 1710 oportuerat
1654 1654 1894 1710 pugnam
1923 1654 2076 1693 com-

2195 452 2434 515 Ἀπόδος,
2454 451 2558 522 ἔφη
2582 491 2596 514 ,
2626 445 2670 507 ὦ
2701 450 2944 520 βασιλεῦ,
2976 453 3087 514 τοῖς
3120 451 3295 522 ὀρθῶς
3319 451 3625 518 δοξάζουσι,
3659 459 3761 508 καὶ

2177 542 2274 612 τὴν
2303 541 2598 612 παράδοσιν
2633 542 2956 610 φυλάττουσι
2989 541 3098 594 τῶν
3136 544 3194 595 ἐν
3223 542 3425 613 Νικαίᾳ
3458 544 3756 613 συνεληλυ-

2178 632 2346 686 θότων
2369 675 2383 696 ,
2431 633 2530 696 τὰς
2590 629 2985 703 ἀφαιρεθείσας
3019 632 3351 701 ἐκκλησίας,
3386 633 3480 686 καὶ
3509 635 3758 706 νικήσεις

2176 723 2266 776 τὸν
2307 724 2565 794 πόλεμον.
2613 722 2914 794 Ὀργισθεὶς
2959 723 3016 776 δέ
3064 725 3094 776 ὁ
3143 721 3430 792 βασιλεὺς,
3466 724 3757 778 ἐκέλευσεν

2176 815 2337 868 αὐτὸν
2378 814 2751 885 συλληφθῆναι
2785 814 2881 869 καὶ
2913 813 3131 885 δέσμιον
3160 814 3562 882 φυλάττεσθαι,
3595 816 3759 886 ἄχρις

2178 907 2510 973 ἐπανελθὼν,
2556 907 2712 977 δίκην
2744 905 3103 977 είσπράξηται
3149 905 3244 958 τοῦ
3289 905 3654 978 τολμήματος.
3697 909 3757 960 Ὀ

2176 999 2233 1052 δέ
2266 997 2578 1062 ὑπολαϐὼν,
2623 997 2763 1050 Ἀλλ’
2794 996 2893 1069 οὐχ
2929 995 3297 1069 ὑποστρέψῃς,
3337 996 3438 1067 έςρη
3465 1038 3480 1062 ,
3513 999 3588 1069 μὴ
3621 1000 3758 1052 ἁπο-

2178 1082 2302 1151 δοὺς
2342 1087 2440 1150 τὰς
2481 1087 2798 1158 ἐκκλησίας.
2841 1087 2952 1141 Καὶ
2983 1087 3165 1158 ἀπέϐη
3225 1087 3419 1151 οὕτως.
3461 1087 3616 1141 Ἐπεὶ
3645 1088 3758 1158 γὰρ

2181 1179 2295 1250 ἅμα
2313 1179 2391 1249 τῷ
2419 1177 2634 1249 στρατῷ
2667 1177 2986 1248 ἐπεξῆλθεν,
3005 1178 3055 1230 oi
3087 1177 3185 1248 μὲν
3214 1177 3397 1230 Γότθοι
3435 1177 3758 1247 διωκόμενοι

2180 1271 2521 1341 ὑπεχώρουν.
2560 1269 2619 1323 '0
2651 1269 2711 1323 δὲ
2738 1267 2916 1323 ἀπιὼν
2951 1269 3094 1337 (81),
3123 1269 3226 1340 ἤδη
3273 1268 3629 1339 παραμείψας
3660 1265 3760 1338 τὴν

2181 1362 2443 1434 Θρᾴκην,
2487 1354 2626 1434 ἧκεν
2667 1363 2746 1425 είς
2785 1361 2884 1431 τὴν
2937 1361 3430 1432 ’Δνδριανούπολιν.
3485 1362 3601 1413 Οὐκ
3652 1361 3761 1413 ἀπὸ

2184 1453 2380 1507 πολλοῦ
2429 1470 2489 1506 τε
2537 1453 2827 1522 γενόμενος
2876 1453 2991 1514 τοῖς
3047 1450 3384 1522 βαρϐάροις,
3421 1453 3478 1503 ἐν
3523 1451 3762 1520 ἀσφαλεῖ

2183 1544 2346 1616 χώρῳ
2375 1544 2958 1617 στρατοπεδευομένοις
2975 1584 2991 1609 ,
3019 1540 3211 1597 θᾶττον
3237 1543 3269 1613 ἢ
3300 1543 3406 1596 ἔδει
3433 1544 3758 1613 συμϐάλλει,

2185 1638 2261 1709 μὴ
2288 1638 2596 1708 προδιαθεὶς
2717 1637 2822 1709 χρὴ
2856 1639 2948 1690 καὶ
2979 1637 3087 1706 ὅπη
3133 1635 3290 1700 τάξαι
3335 1635 3434 1705 τὴν
3469 1636 3760 1704 στρατιάν.

501 1735 672 1794 misit,
718 1747 820 1786 nec
891 1732 1055 1794 sicut,
1090 1747 1190 1786 nec
1217 1732 1311 1786 ubi
1351 1732 1598 1795 decebat,
1638 1731 1892 1786 ordinata
1925 1731 2078 1800 prius

2181 1729 2615 1798 Διασπασθείσης
2637 1730 2694 1783 δέ
2721 1728 2870 1799 αύτῷ
2895 1729 2992 1798 τῆς
3020 1728 3214 1789 ἵππου,
3243 1726 3335 1780 καὶ
3356 1725 3450 1778 τοῦ
3473 1727 3762 1780 ὁπλιτικοῦ

501 1825 639 1878 acie.
689 1823 930 1891 Disjecto
985 1821 1173 1892 itaque
1221 1822 1342 1891 ejus
1387 1822 1655 1892 equitatu,
1710 1832 1765 1878 et
1805 1821 2080 1892 peditibus

491 1916 556 1968 in
591 1915 772 1984 fugam
824 1913 1028 1978 versis,
1063 1928 1188 1967 cum
1235 1913 1421 1969 hostes
1467 1929 1593 1969 eum
1637 1914 2079 1983 insequerentur,

501 2004 619 2071 ipse
673 2016 799 2054 cum
851 2000 1044 2070 paucis
1100 2001 1192 2069 qui
1246 2015 1368 2055 eum
1428 2001 1878 2067 comitabantur,
1938 2016 2082 2072 equo

502 2092 786 2154 desiliens,
826 2092 880 2145 in
907 2093 1152 2148 casulam
1199 2101 1295 2146 aut
1331 2094 1536 2147 turrim
1576 2094 1870 2164 quamdam
1902 2110 1963 2150 se
1997 2109 2083 2148 re-

495 2180 672 2252 cepit,
703 2181 889 2250 ibique
936 2181 1154 2236 abditus
1173 2180 1418 2236 delituit.
1470 2181 1698 2238 Barbari
1743 2195 1872 2238 vero
1909 2199 2080 2240 cursu

501 2275 720 2328 concito
755 2273 1152 2343 sequebantur,
1183 2281 1449 2344 tanquam
1479 2289 1606 2329 eum
1632 2276 1847 2346 capt-uri
1873 2293 1888 2330 :
1925 2290 2082 2331 cum-

494 2381 613 2435 »que
643 2365 754 2434 jam
783 2365 1344 2436 appropinquassent,
1369 2368 1742 2439 praetergressi
1782 2376 1940 2424 sunt.
1972 2366 2081 2423 Ne-

501 2470 610 2524 que
658 2455 803 2509 enim
855 2456 1303 2526 suspicabantur,
1340 2457 1731 2528 imperatorem
1775 2457 1852 2513 ibi
1893 2456 2082 2513 occul-

504 2556 619 2600 tum
645 2561 792 2601 esse.
829 2545 1006 2602 Porro
1034 2562 1159 2602 cum
1209 2549 1390 2618 major
1427 2565 1558 2619 pars
1588 2549 1947 2626 barbarorum
1970 2549 2083 2620 jam

503 2637 881 2706 pmteriisset,
933 2640 1205 2708 paucique
1243 2654 1310 2694 ea
1354 2641 1465 2696 illis
1499 2657 1529 2694 a
1564 2648 1720 2712 tergo
1769 2641 1949 2698 relicti
1981 2655 2086 2696 es-

500 2736 646 2795 sent,
690 2729 914 2800 quidam
966 2746 1033 2785 ex
1083 2731 1170 2786 his
1208 2733 1301 2801 qui
1353 2747 1479 2787 cum
1522 2733 1855 2803 imperatore
1901 2739 2083 2798 erant,

501 2819 610 2872 tela
639 2819 692 2872 in
729 2821 1294 2890 transeuntesjacere
1323 2837 1389 2876 ex
1439 2830 1587 2876 tecto
1615 2831 1922 2892 coeperunt.
1963 2822 2085 2889 Quo

497 2907 669 2973 facto,
719 2910 809 2966 isti
847 2913 1233 2966 exclamarunt
1268 2911 1547 2968 Valentem
1604 2914 1720 2968 illic
1747 2931 1892 2970 esse.
1927 2913 2085 2982 Quod

2177 1823 2512 1892 τραπέντος,
2559 1819 2888 1888 διωκόμενος
2934 1817 3041 1871 ὑπὸ
3090 1818 3207 1870 τῶν
3233 1816 3542 1885 πολεμίων,
3586 1817 3670 1879 εἷς
3707 1833 3760 1870 τι

2177 1912 2448 1982 δωμάτιον
2467 1910 2501 1980 ἢ
2535 1910 2761 1981 πύργον,
2783 1907 2986 1977 ὀλίγοις
3014 1907 3130 1978 ἅμα
3162 1907 3552 1976 συνεπομένοις
3584 1907 3755 1976 αὐτῷ,

2179 2007 2238 2057 ἐν
2273 2004 2351 2075 τῷ
2376 2005 2600 2072 φεύγειν
2623 2001 2836 2064 ἀποϐὰς
2863 1999 2957 2054 τοῦ
2989 1999 3157 2053 ἵππου
3175 2040 3190 2064 ,
3223 1999 3401 2052 είσέδυ
3431 2001 3528 2052 καί⁵
3548 1998 3755 2052 ἔλαθεν.

2183 2095 2246 2149 Oi
2270 2095 2326 2148 δὲ
2355 2093 2621 2164 βάρϐαροι
2661 2092 2811 2146 ἔθεον
2837 2091 2926 2144 ἐπ’
2955 2090 3116 2143 αὑτὸν
3149 2090 3225 2152 ὡς
3268 2091 3595 2161 αἱρήσοντες
3620 2105 3635 2119 ⁸
3667 2088 3760 2142 καὶ

2181 2184 2275 2238 ἐπὶ
2306 2184 2368 2238 τὸ
2392 2183 2584 2254 πρόσω
2611 2183 2834 2253 ἱέμενοι,
2869 2172 3207 2254 παρέτρεχον
3227 2200 3241 2214 ο
3276 2183 3336 2234 ού
3365 2182 3475 2253 γὰρ
3501 2184 3759 2235 ύτπνὸουν

2179 2276 2341 2330 αὐτὸν
2367 2277 2546 2329 ἐκεῖσε
2575 2272 2937 2346 κρύπτεσθαι.
2965 2273 3088 2326 Τῶν
3119 2274 3162 2326 δ’
3194 2269 3262 2327 αὖ
3296 2275 3395 2327 σὺν
3415 2274 3568 2345 αύτῷ
3591 2293 3757 2339 τινες,

2180 2367 2282 2438 ἤδη
2304 2365 2411 2419 τῶν
2433 2364 2702 2418 πλειόνων
2740 2363 3032 2436 βαρϐάρων
3061 2364 3476 2436 ὑπερϐαλόντων
3508 2366 3603 2418 τὸν
3635 2367 3758 2437 τῇδε

2181 2458 2379 2530 χῶρον,
2416 2456 2611 2524 ὀλίγων
2632 2455 2689 2509 δὲ
2715 2455 2946 2509 κατόπιν
2968 2454 3156 2520 ὄντων,
3188 2458 3254 2510 ἐκ
3287 2456 3382 2511 τοῦ
3409 2457 3610 2528 ὀρόφου
3637 2458 3759 2520 τοὺς

2181 2549 2479 2620 παριόντας
2507 2545 2772 2612 ἐτόξευονο
2795 2548 2844 2600 oi
2872 2546 2927 2599 δὲ
2955 2546 3048 2600 ἐπὶ
3073 2547 3246 2616 τούτῳ
3267 2549 3598 2620 ἀνέκραγον,
3644 2551 3760 2604 Ἑν-

2183 2640 2309 2696 θάδε
2339 2640 2554 2710 Οὐάλης
2587 2639 2756 2694 ἐστίν.
2802 2639 3158 2704 Ἀκούσαντες
3194 2640 3251 2693 δὲ
3275 2643 3324 2694 oi
3365 2644 3762 2712 προσ-τυχόντες

2183 2731 2445 2803 πλησίον,
2475 2730 2784 2804 ἔμπροσθέν
2829 2749 2892 2784 τε
2929 2733 3025 2785 καὶ
3074 2731 3300 2785 δπισθεν
3345 2733 3441 2803 βοῇ
3484 2738 3604 2798 τοῖς
3644 2735 3760 2804 μετ’

2182 2823 2378 2885 αὐτοὺς
2408 2820 2673 2893 έδῆλσυνδ
2714 2819 2744 2876 δ
2772 2822 2968 2893 ἤκουον
2993 2840 3007 2853 ⁸
3040 2824 3118 2887 ὡς’
3161 2826 3220 2876 ὲν
3265 2824 3461 2896 βραχεί
3500 2827 3600 2881 καὶ
3634 2830 3762 2891 τοὺς

2185 2911 2520 2984 πορρωτέρω
2559 2910 2853 2982 πολεμίους
2873 2911 3143 2976 ἀκοῦσαι,
3171 2914 3265 2966 καὶ
3303 2915 3393 2967 διὰ
3442 2916 3647 2984 τάχους
3682 2919 3761 2979 εἰς

502 3015 631 3054 cum
682 3001 970 3056 audissent
1020 3002 1079 3056 bi‘
1116 3003 1218 3072 qui.
1267 3004 1500 3073 propius
1539 3004 1800 3072 aderant,
1844 3006 2084 3060 clamore

2185 3003 2352 3056 αὑτὸν
2375 3003 2584 3066 πάντας
2610 2995 2884 3056 συνελθεῖν
2897 3004 3032 3074 (82);
3064 3005 3460 3076 Περιλαϐόντες
3483 3007 3544 3059 δὲ
3577 3007 3761 3077 κύκλῳ

503 3090 739 3154 sublato,
775 3098 886 3145 tam
937 3093 1007 3147 iis
1049 3093 1145 3162 qui
1179 3094 1466 3162 prmibant,
1493 3103 1658 3164 quam
1699 3097 2078 3165 sequentibus,

2184 3094 2246 3147 τὸ
2267 3094 2538 3162 δωμάτιον
2561 3135 2574 3156 ,
2609 3095 2704 3148 καὶ
2741 3095 3002 3166 πλείστην
3041 3095 3174 3167 ὓλην
3200 3095 3328 3168 περὶ
3366 3095 3529 3150 τοῦτο
3577 3098 3762 3150 culis-

499 3193 565 3233 ea
604 3194 728 3248 quae
758 3181 1048 3236 audierant
1090 3183 1448 3238 nuntiarunt.
1472 3183 1624 3239 Adeo
1671 3195 1740 3238 nt-
1777 3187 1820 3238 ii
1857 3199 2081 3255 quoque

500 3271 596 3339 qui
624 3271 840 3341 longius
871 3272 1122 3336 aberant,
1156 3287 1268 3328 rem
1302 3275 1598 3339 audierint,
1643 3282 1700 3328 et
1733 3275 1984 3331 celeriter
2022 3277 2076 3331 in

503 3377 674 3415 unum
731 3377 926 3418 omnes
975 3364 1369 3420 confluxerint.
1417 3365 1590 3420 Domo
1619 3365 1786 3436 igitur
1837 3367 2079 3437 undique

500 3453 667 3524 279
689 3453 1080 3520 circumsessa,
1123 3469 1440 3527 magnaque
1481 3457 1732 3512 materiae
1772 3457 1936 3527 copia
1971 3458 2081 3512 cir-

499 3559 852 3617 cumquaque
895 3555 1179 3618 congesta,
1225 3539 1416 3618 ignem
1457 3547 1782 3618 subjiciunt.
1839 3547 2081 3602 Flamma

500 3652 634 3692 vero
675 3639 882 3708 ingenti
917 3648 1084 3694 vento
1109 3648 1240 3695 tunc
1266 3639 1408 3696 forte
1437 3649 1562 3696 orto
1591 3641 1844 3705 incitata,
1869 3640 2081 3694 univer-

496 3737 623 3777 sam
666 3727 852 3780 statim
874 3728 1170 3782 materiem
1201 3729 1490 3798 corripuit.
1526 3729 1634 3785 Sed
1659 3738 1717 3785 et
1739 3744 2082 3801 quaecunque

2181 3182 2378 3246 ξαντες
2398 3223 2412 3245 ,
2443 3183 2557 3254 πῦρ
2589 3184 2840 3239 ἐνέϐαλον
2863 3186 2894 3218 ·’
2921 3185 3119 3239 αὐτίκα
3161 3186 3219 3240 δὲ
3261 3190 3295 3256 ἡ
3328 3187 3459 3254 φλὸξ
3499 3188 3609 3241 ὑπὸ
3639 3190 3761 3241 ἐπι-

2187 3274 2356 3344 φόρου
2383 3275 2694 3345 πνεύματος
2721 3269 2826 3332 ὧδε
2849 3277 3065 3348 συμϐάν
3096 3278 3424 3350 ἐλαυνομένη
3441 3319 3457 3343 ,
3492 3281 3597 3350 τὴν
3631 3279 3760 3349 ὓλην

2183 3364 2594 3436 διῆλθενίᾊμα
2612 3368 2669 3421 δὲ
2697 3369 2790 3421 καὶ
2815 3367 2886 3422 τὰ
2913 3369 3249 3440 ἀποκείμενα
3275 3372 3334 3423 ἐν
3359 3369 3438 3439 τῷ
3474 3370 3739 3441 δωματίῳ

2182 3456 2276 3510 τού
2307 3458 2479 3529 πυρὸς
2507 3459 2736 3529 μετέσχε
2760 3501 2776 3526 ,
2801 3461 2897 3513 καί
2925 3461 3090 3514 αὑτὸν
3116 3462 3207 3515 τὸν
3257 3461 3480 3530 βασιλέα
3513 3464 3612 3515 καὶ
3640 3464 3762 3526 τοὺς

2183 3549 2321 3620 ἀμφ’
2351 3549 2513 3604 αύτὺν
2547 3552 3008 3618 συγκατέκαυσεν.
3058 3553 3404 3625 Ἐτελεύτησε
3435 3554 3495 3607 δὲ
3518 3555 3764 3621 γεγονὼς

2183 3641 2328 3711 ἀμφὶ
2371 3639 2442 3694 τὰ
2467 3642 2809 3712 πεντήκοντα
2857 3643 2983 3714 ἐτη·
3030 3645 3381 3716 τρισκαίδεκα
3421 3643 3480 3696 δὲ
3536 3647 3638 3698 σὺν
3685 3645 3762 3714 τῷ

2187 3731 2405 3802 ἀδελφῷ
2435 3732 2756 3803 βασιλεύσας
2776 3775 2790 3797 ,
2819 3736 2914 3789 καὶ
2944 3736 3060 3806 μετ’
3085 3738 3292 3790 ἐκεῖνον
3324 3735 3474 3807 τρία.

505 3820 558 3873 in
587 3819 751 3874 domo
793 3817 1032 3886 reposita
1069 3826 1230 3872 erant
1277 3819 1598 3874 alimentum
1633 3820 1889 3876 incendio
1937 3819 2451 3888 subministrarunt,
2512 3831 2567 3878 et
2598 3823 2986 3895 imperatorem
3049 3826 3226 3896 ipsum
3290 3841 3425 3882 cum
3483 3828 3763 3884 universis

497 3910 796 3966 comitibus
825 3923 1316 3982 consumpserunt.
1380 3911 1840 3969 Mortuasautem
1869 3922 1956 3969 est
1980 3927 2126 3968 anno
2196 3914 2379 3972 aetatis
2441 3915 2668 3972 circiter
2715 3918 3194 3989 quinquagesimo,
3275 3935 3406 3974 ctua
3477 3934 3764 3991 regnasset

497 4000 766 4056 tredecim
827 4003 1063 4073 quidem
1107 4005 1270 4062 annis
1319 4017 1425 4059 una
1480 4017 1620 4059 cum
1662 4004 1888 4073 fratre;
1955 4015 2084 4076 post
2119 4008 2328 4063 obitum
2359 4017 2540 4064 autem
2571 4009 2719 4065 illius
2745 4013 2906 4066 antiis
2937 4013 3132 4068 tribus.

574 4183 591 4214 ¹
617 4180 776 4239 Socr.
801 4185 897 4240 lib.
928 4203 1000 4252 Iv,
1029 4202 1080 4242 c.
1103 4186 1194 4243 38.

1699 4357 1967 4414 VALESII
1997 4357 2549 4414 ANNOTATIONES.

574 4430 684 4502 (8i)
721 4432 782 4485 '0
825 4434 894 4488 δὲ
923 4438 1135 4496 ἀπιών.
1187 4441 1368 4496 Malim
1421 4445 1668 4502 scribere
1694 4449 1882 4504 ἐπιών.
1921 4451 2070 4506 Nice-

503 4499 708 4572 phorus
730 4519 828 4572 pro
855 4506 939 4562 bis
969 4512 1149 4567 verbis

501 4571 677 4639 magis
714 4575 908 4642 placet.

2245 4450 2694 4532 (δὴερςειύτόν
2747 4451 2976 4532 ἲπάντας
3003 4450 3342 4532 σρνελρεῖν.
3385 4449 3582 4532 biclius
3633 4468 3754 4532 meo

1202 4513 1362 4568 habet
1393 4516 1421 4567 ὁ
1456 4513 1512 4567 δὲ
1565 4517 1890 4584 ἐπιδιώκων,
1922 4519 2069 4591 quod

2181 4513 2394 4591 quidem
2415 4513 2626 4591 judicio
2652 4513 2990 4591 scriberetur
3015 4521 3094 4591 εἰς
3120 4520 3336 4581 ταύτόν,
3360 4529 3468 4574 etc.
3503 4524 3666 4578 Certe
3697 4525 3751 4578 in

2176 4587 2480 4659 Nicephoro
2515 4589 2783 4659 scriptum
2817 4598 2900 4644 est
2930 4590 3010 4655 είς
3050 4590 3110 4643 ἐν
3141 4591 3435 4650 συνελθεῖν.

677 4827 680 4830 ῃ
1917 4761 2296 4819 νΑιιιοῐιωι.

567 4835 600 4874 ⁸³
636 4838 762 4906 Τοῖς
809 4842 934 4908 μετ’
987 4844 1206 4911 αὐτοὺς
1265 4847 1546 4915 ἐδήιουν.
1597 4850 1910 4922 Legendqu
1961 4857 2075 4919 τοῖς
2116 4859 2235 4925 μετ’
2271 4860 2471 4914 αὐτῶν.
