4054 6188
475 272 612 379 κιρ

1932 312 2281 373 SOZOMENI

3596 314 3739 370 μεξο

474 444 584 497 que
631 428 1012 493 vastantibus,
1055 427 1425 483 resistendum
1482 441 1607 483 esse
1651 445 1666 482 :
1717 426 1880 483 simul
1920 440 2052 481 vero

2155 424 2449 496 ἐπαμύνειν
2488 441 2501 454 ’
2546 426 2841 494 ἀναγκαῖον
2878 426 2936 479 δὲ
2990 426 3083 478 καλ⁵
3128 429 3241 490 τοῖς
3277 428 3413 498 πρὸς
3458 427 3739 501 Ἑσπέραν

476 521 793 581 Occidentis
847 520 1161 591 provincias
1216 521 1507 590 praesentia
1569 534 1671 575 sua
1728 517 2057 574 necessario

481 617 748 685 indigere,
782 628 907 668 cum
947 612 1237 666 Alamanni
1271 612 1548 682 praecipue
1584 609 1793 665 Gallias
1828 608 2058 664 infesta-

484 716 637 772 rent,
677 708 731 761 in
791 704 929 761 urbe
980 702 1185 758 Sirmio
1218 703 1476 773 positus,
1505 700 1879 759 Theodosium
1926 715 2059 756 con-

483 811 685 857 sortem
740 798 956 870 imperii
1013 795 1119 852 sibi
1178 793 1465 866 adjunxit,
1516 810 1584 851 ex
1651 795 1908 866 Hispanis
1963 793 2057 863 qui

485 892 801 965 Pyrenaeum
857 896 1102 945 montem
1161 888 1416 943 accolunt
1480 886 1811 952 oriundum;
1877 885 2054 940 virum

487 984 659 1039 nubili
688 981 861 1053 stirpe
890 981 1123 1048 editum,
1150 987 1204 1036 et
1242 979 1336 1051 qni
1368 980 1425 1034 in
1458 979 1606 1036 bello
1647 980 1812 1035 rebus
1841 978 2060 1034 fortiter

484 1074 652 1146 gestis
700 1072 897 1143 saepius
951 1072 1310 1139 inclartterat,
1383 1071 1523 1126 adeo
1596 1076 1655 1125 ut
1711 1071 1879 1126 etiam
1933 1077 2059 1125 ante

486 1165 776 1236 imperium
799 1203 815 1229 ,
849 1164 1094 1219 omnium
1124 1161 1503 1220 Romanorum
1546 1161 1781 1231 judicio,
1827 1161 2060 1216 idoneus

489 1256 720 1326 imperio
782 1254 1173 1311 censeretur’.
1225 1252 1331 1308 Per
1384 1251 1530 1307 idem
1591 1261 1807 1321 Ieinpus
1866 1249 2058 1304 Ariani

489 1362 679 1403 omnes
717 1345 959 1403 Orientis
1019 1346 1281 1402 ecclesias
1312 1345 1490 1400 adhuc
1519 1343 1859 1408 obtinebant,
1900 1355 2059 1396 exce-

486 1440 596 1512 ptis
631 1438 1050 1510 Hierosolymis.
1082 1437 1463 1494 Macedoniani
1505 1452 1656 1503 vero,
1686 1434 1988 1506 praesertim
2024 1434 2059 1487 ii

487 1530 582 1599 qui
632 1527 1108 1600 Constantinopoli
1155 1528 1464 1600 degebant,
1509 1534 1634 1598 post
1691 1526 1881 1581 initam
1934 1539 2060 1579 cum

488 1622 706 1677 Liberio
746 1622 1090 1693 pactionem,
1141 1622 1211 1677 ab
1241 1622 1311 1677 iis
1355 1621 1449 1693 qui
1501 1620 1813 1677 doctrinam
1856 1617 2062 1673 Nicani

487 1712 709 1767 concilii
731 1712 1120 1782 sequebantur,
1143 1711 1287 1768 haud
1313 1726 1646 1782 magnopere
1668 1709 2019 1766 dissidebant
2042 1727 2055 1765 :

489 1800 581 1856 sed
617 1816 741 1855 cum
778 1776 887 1856 illis
926 1801 1083 1872 quasi
1107 1776 1318 1857 eadem
1353 1776 1719 1858 sentientibus
1744 1800 2057 1857 misceban-
2089 1776 2131 1831 Β

488 1901 597 1959 tur,
652 1903 704 1947 ct
753 1900 944 1948 mutuo
993 1894 1135 1947 inter
1187 1909 1248 1949 se
1303 1893 1801 1949 commnnicabant.
1857 1892 2054 1947 Verum

486 1991 612 2055 post
668 1984 835 2053 legem
892 1999 922 2037 a
971 1983 1233 2040 Gratiano
1281 1984 1483 2051 latam,
1532 1984 1754 2055 quidam
1804 1999 1871 2039 ex
1908 1985 2057 2040 illius

488 2082 650 2130 secta:
687 2072 960 2143 episcopis
993 2073 1268 2129 licentiam
1314 2074 1497 2139 nacti,
1542 2074 1806 2130 ecclesias
1852 2088 1975 2143 quae
2025 2089 2057 2127 a

494 2165 715 2222 Valente
743 2165 881 2236 ipsis
917 2167 1184 2235 ademptae
1219 2164 1437 2220 fuerant
1465 2173 1827 2235 occuparunt,
1862 2172 1915 2220 et
1946 2166 2057 2219 An-

488 2259 710 2315 tiochiae
744 2260 801 2313 in
849 2257 1012 2313 Caria
1046 2256 1382 2328 congregati,
1428 2254 1623 2312 Filium
1663 2265 1775 2312 n'on
1820 2256 2060 2311 consub-

488 2351 830 2416 stantialem,
873 2351 966 2407 sed
1005 2348 1199 2404 similis
1249 2364 1374 2404 cum
1409 2348 1570 2404 Patre
1613 2348 1963 2415 substantiae,
2000 2356 2056 2403 ut

487 2453 666 2509 antea,
693 2439 984 2496 dicendum
1012 2455 1139 2495 esse
1179 2440 1564 2495 decreverunt.
1597 2437 1675 2494 Ex
1704 2454 1770 2495 eo
1802 2446 2050 2508 tempore
2096 2504 2103 2516 ,

487 2534 579 2588 alii
606 2533 823 2604 quidem
850 2532 1144 2603 segregati,
1171 2546 1425 2587 seorsum
1453 2531 1713 2587 collectas
1738 2546 1918 2601 egere,
1964 2529 2055 2585 alii

488 2638 634 2689 vero,
688 2624 948 2679 damnata
1002 2622 1361 2677 contentione
1400 2629 1456 2676 et
1507 2620 1819 2691 pervicacia
1865 2635 2055 2676 eorum

487 2720 580 2790 qui
632 2719 734 2774 ista
767 2720 1155 2781 decreverant,
1196 2716 1267 2772 ab
1304 2716 1413 2771 illis
1458 2723 1836 2781 secesserunt,
1880 2722 1934 2770 et
1972 2714 2058 2770 his

487 2810 582 2882 qui
621 2809 929 2865 doctrinam
975 2808 1207 2863 Niczenze
1250 2807 1443 2879 synodi
1481 2807 1874 2878 sequebantur,
1922 2821 2058 2860 con-

486 2902 722 2956 stantius
774 2901 1141 2956 adhaaserunt.
1195 2899 1465 2955 Caeterum
1516 2916 1580 2955 ex
1635 2898 1912 2970 episcopis
1961 2898 2055 2968 qui

482 2997 636 3064 juxta
686 3001 1019 3062 prmccptuin
1074 2991 1318 3045 Gratiani
1373 2996 1505 3045 tunc
1546 2991 1753 3045 reversi
1807 2998 1937 3045 sunt
1987 2988 2057 3044 ab

2157 516 2475 587 ἀρχομένοις
2497 520 2767 587 παρεῖναι,
2791 519 2886 571 καὶ
2915 518 3146 588 μάλιστα
3182 519 3530 590 Ἀλαμαννῶν
3555 534 3580 560 ο
3604 540 3738 586 τους

2156 594 2345 663 ἐνθάδέ
2367 608 2611 673 Γαλάτας
2644 610 3126 686 κακουργούντων,
3148 613 3404 666 κοινωνὸν
3436 615 3737 686 ἐποιήσατο

2157 700 2255 770 τῆς
2276 699 2452 772 ἀρχῆς
2477 700 2535 753 ἐν
2555 699 2630 771 τῷ
2661 700 2874 778 Σιρμίῳ
2897 701 3193 770 Θεοδόσιον,
3223 702 3415 770 γένους
3446 705 3553 759 τῶν
3587 700 3738 776 ἀμφὶ

2157 792 2217 845 τὸ
2261 792 2568 863 Πυρηναῖον
2629 792 2755 866 ὅρος
2824 792 3047 866 Ἰϐήρων
3080 837 3095 862 ,
3145 796 3480 867 εὸπατρίδην
3528 815 3590 851 τε
3637 800 3736 853 καὶ

2158 882 2355 954 ἄριστα
2386 882 2645 949 πολλάκις
2687 887 2744 939 ἐν
2776 885 3032 956 πολέμοις
3069 887 3453 958 διαγενόμενον
3482 904 3498 920 ·
3531 888 3610 953 ὼς
3637 890 3736 943 καὶ

2160 976 2266 1047 πρὸ
2310 977 2407 1045 τῆς
2439 976 2740 1047 βασιλείας,
2788 979 2847 1031 ἐν
2894 981 3017 1042 ταῖς
3038 978 3148 1032 τῶν
3182 980 3440 1049 ὑπηκόων
3482 980 3737 1052 γνώμαις

2158 1067 2459 1140 ἐπιτήδειον
2504 1068 2667 1122 αὐτὸν
2698 1066 2849 1135 δόξαι
2901 1069 3038 1141 πρὸς
3077 1072 3391 1142 ἠγεμονίαν.
3439 1071 3527 1125 Ἐν
3557 1072 3736 1142 τούτῳ

2156 1157 2214 1211 δὲ
2262 1160 2403 1230 πλὴν
2444 1159 2853 1231 Ἱεροσολύμων,
2886 1160 2966 1215 ἐτι
2997 1162 3106 1214 τῶν
3135 1163 3239 1216 ἀνὰ
3268 1163 3366 1234 τὴν
3389 1164 3503 1218 Ἕω
3534 1165 3736 1235 ἐκκλη-

2160 1247 2292 1303 σιῶν
2330 1248 2382 1301 οί
2412 1248 2482 1302 τὰ
2537 1248 2745 1320 Ἀρείου
2789 1248 3114 1319 φρονοῦντες
3161 1251 3445 1322 ἐκράτουν.
3486 1252 3737 1306 Μακεδο-

2160 1339 2332 1392 νιανοὶ
2379 1337 2456 1405 δὲ,
2504 1340 2598 1393 καὶ
2666 1340 2901 1411 μάλιστα
2936 1342 2985 1395 οί
3036 1341 3095 1395 ἐν
3136 1343 3736 1407 Κωνσταντινουπόλει,

2162 1430 2303 1500 μετὰ
2360 1429 2456 1495 τὰς
2494 1432 2631 1503 πρὸς
2663 1432 2914 1504 Λιϐέριον
2953 1433 3249 1505 συνθήκας,
3296 1434 3357 1488 ού
3394 1435 3535 1505 μέγα
3560 1452 3615 1488 τι
3657 1435 3738 1488 δι-

2161 1522 2420 1595 εφέροντο
2465 1524 2604 1596 πρὸς
2655 1526 2782 1590 τοὺς
2823 1526 3178 1591 ἐπαινοῦντας
3216 1527 3277 1580 τὸ
3295 1526 3471 1598 δόγμα
3513 1527 3626 1581 τῶν
3678 1529 3739 1582 ἐν

2161 1615 2367 1687 Νικαίᾳ
2399 1617 2761 1673 συνελθόντων
2786 1634 2801 1650 ·
2841 1619 2917 1682 ὡς
2945 1618 3221 1689 όμοδόξοις
3247 1619 3327 1684 δὲ,
3364 1618 3508 1672 κατὰ
3551 1618 3741 1682 πόλεις

2164 1709 2524 1779 ἐπεμίγνυντο
2547 1748 2562 1773 ,
2592 1710 2686 1763 καὶ
2713 1708 3030 1766 ἐκοινώνουν
3068 1710 3338 1781 ἀλλήλοις.
3369 1710 3527 1764 Μετὰ
3554 1710 3614 1762 δὲ
3646 1709 3739 1762 τὸν

2159 1798 2384 1853 τεθέντα
2432 1799 2583 1873 παρὰ
2636 1799 2934 1870 Γρατιανοῦ
2978 1800 3162 1871 νόμον,
3212 1800 3396 1864 ἀδείας
3445 1800 3738 1870 λαϐόμενοί

2158 1907 2303 1954 τινες
2331 1890 2439 1945 τῶν
2455 1891 2769 1945 ἐπισκόπων
2787 1890 2989 1962 ταύτης
3005 1892 3106 1962 τῆς
3128 1891 3409 1961 αἱρέσεως,
3436 1891 3738 1944 κατέλαϐον

2157 1982 2256 2047 τὰς
2297 1983 2612 2053 ἐκκλησίας,
2656 1977 2730 2038 ὧν
2782 1985 2877 2037 ἐπὶ
2939 1983 3237 2047 Οὐάλεντος
3284 1983 3584 2055 ἀφῄρηντο.
3628 1985 3737 2037 Καὶ

2161 2070 2503 2137 συνελθόντες
2546 2074 2605 2127 ἐν
2663 2074 2959 2144 Ἀντιοχείᾳ
2984 2076 3081 2145 τῆς
3126 2070 3359 2145 καρίας,
3400 2074 3738 2145 ἐψηφίσαντο

2162 2164 2236 2234 μὴ
2282 2164 2391 2218 δεῖν
2440 2164 2723 2235 όμοούσιον
2770 2165 2848 2235 τῷ
2899 2165 3073 2237 Πατρὶ
3117 2166 3206 2219 τὸν
3252 2166 3381 2219 Υἱὸν
3424 2167 3735 2236 ὀνομάζειν,

2158 2255 2271 2308 ἀλλ’
2302 2256 2658 2326 ὁμοιοούσιον,
2695 2257 2769 2321 ὡς
2800 2256 3053 2327 πρόσθεν.
3102 2259 3195 2311 Ἐκ
3219 2259 3410 2311 τούτου
3441 2258 3519 2322 δὲ,
3554 2260 3606 2310 οἱ
3636 2259 3736 2327 μὲν

2157 2348 2544 2419 διακριθέντες,
2605 2349 2713 2420 ίδίᾳ
2758 2346 3117 2419 ἐκκλησίαζον
3143 2366 3156 2380 ’
3210 2351 3260 2402 oi
3312 2349 3369 2404 δὲ
3409 2349 3520 2403 τῶν
3560 2349 3736 2403 ταῦτα

2157 2439 2551 2511 ψηφισαμένων
2578 2441 2923 2511 ἐναντιότητα
2943 2441 3037 2493 καὶ
3068 2440 3401 2509 φιλονεικίαν
3435 2442 3735 2509 καταγνόν-

2159 2549 2268 2598 τες,
2305 2532 2621 2603 ἀπέστησαν
2656 2531 2857 2597 αὐτῶν,
2888 2532 2981 2585 καὶ
3014 2531 3356 2603 βεϐαιότερον
3377 2532 3735 2603 ὠμοφρόνουν

2159 2628 2269 2689 τοῖς
2289 2625 2429 2680 κατὰ
2446 2626 2507 2679 τὸ
2520 2625 2695 2695 δόγμα
2718 2625 2819 2694 τῆς
2843 2626 2900 2677 ἐν
2927 2625 3131 2695 Νικαίᾳ
3148 2621 3365 2677 συνόδου
3395 2623 3734 2695 θρησκεύου-

2159 2733 2262 2771 σιν.
2283 2717 2375 2769 Ἐκ
2405 2716 2465 2770 δὲ
2488 2716 2594 2770 τῶν
2628 2716 2747 2769 τότε
2779 2716 2918 2769 κατὰ
2940 2716 3032 2769 τὸν
3057 2707 3354 2787 Γρατιανοῦ
3375 2716 3541 2786 νόμον
3570 2717 3739 2769 ἐπαν-

2158 2808 2418 2861 ελθόντων
2487 2809 2800 2862 ἐπισκόπων
2867 2806 2974 2861 ἀπὺ
3045 2808 3146 2881 τῆς
3213 2806 3502 2876 συμϐάσης
3550 2808 3735 2872 αὐτοῖς

2159 2900 2336 2970 φυγῆς
2370 2901 2462 2953 ἐπὶ
2488 2901 2583 2970 τῆς
2616 2899 2915 2962 Οὐάλεντος
2969 2897 3261 2968 βασιλείας,
3311 2899 3359 2951 οἱ
3412 2900 3512 2967 μὲν
3541 2940 3557 2962 ,
3594 2916 3733 2970 προ-

2159 2990 2339 3061 εδρίας
2398 2991 2549 3045 οὐδὲν
2610 2991 2955 3060 ἐφρόντισαν,
3000 2989 3158 3054 ἀλλὰ,
3204 2991 3303 3060 τὴν
3330 2991 3584 3061 ὁμόνοιαν
3624 2992 3735 3043 τῶν

485 3083 701 3145 exsilio,
727 3081 873 3151 quod
906 3079 1147 3136 Valentis
1178 3080 1516 3151 temporibus
1547 3080 1792 3149 perpessi
1816 3078 2053 3144 fuerant,

2156 3081 2299 3135 λαῶν
2330 3083 2783 3153 προτιμήσαντες,
2820 3081 2895 3152 μὴ
2919 3080 3239 3136 καταλιπεῖν
3267 3084 3408 3152 σφᾶς
3434 3082 3734 3153 ἐδεήθησαν

486 3173 733 3228 nonnulli
773 3171 841 3226 de
879 3171 1118 3240 primatu
1169 3185 1278 3224 non
1332 3184 1668 3241 magnopere
1714 3171 2055 3226 laborarunt.

488 3264 595 3320 Sed
620 3262 796 3333 plebis
824 3261 1175 3317 concordiam
1199 3261 1411 3330 potiore
1446 3262 1568 3316 loco
1591 3261 1876 3327 ducentes,
1899 3275 2059 3330 roga-

484 3364 612 3412 rnnt
635 3356 853 3411 Arianae
886 3355 1059 3426 partis
1090 3353 1368 3409 antistites
1387 3393 1402 3418 ,
1445 3368 1513 3410 ne
1543 3355 1690 3425 ipsos
1716 3354 2054 3419 desererent,

484 3463 621 3503 neve
661 3446 964 3503 Ecclesiam
1005 3447 1209 3501 mutuis
1241 3444 1684 3502 dissensionibus
1709 3446 2054 3511 divellerent,

483 3554 670 3609 quam,
712 3555 836 3594 cum
871 3554 899 3593 a
931 3539 1150 3595 Christo
1183 3548 1237 3595 et
1282 3538 1351 3593 ab
1398 3540 1665 3609 apostolis
1713 3554 1816 3593 una
1862 3538 2053 3592 relicta

482 3638 650 3695 esset,
709 3628 1015 3698 pervicacia
1062 3639 1117 3685 ct
1163 3629 1389 3685 ambitio
1421 3630 1474 3684 in
1525 3631 1726 3685 multas
1771 3629 2051 3685 diviserat.

486 3722 597 3775 lloc
638 3720 822 3774 animo
875 3721 981 3775 fuit
1032 3722 1175 3776 inter
1233 3732 1465 3777 caeteros
1520 3720 1766 3777 Eulalius
1818 3720 2055 3777 Amasiae

483 3815 537 3866 in
590 3811 767 3866 Ponto
818 3811 1112 3882 episcopus
1150 3833 1166 3867 :
1208 3812 1304 3880 qui
1368 3812 1589 3882 quidem
1642 3820 1765 3882 post
1816 3812 2050 3867 reditum

480 3918 680 3969 suum,
735 3902 1028 3973 quemdam
1085 3917 1153 3959 ex
1197 3904 1419 3958 Arianis
1472 3904 1750 3974 episcOpis
1803 3904 2052 3960 ecclesiae

479 4013 592 4053 sua:
627 3995 1006 4066 praesidentem
1054 3996 1331 4065 reperisse
1376 3996 1602 4063 dicitur,
1638 4012 1798 4067 quem
1836 4012 1903 4052 ex
1934 4006 2049 4052 tota

478 4089 638 4160 281
664 4089 802 4143 urbe
831 4101 899 4142 ne
923 4087 1319 4158 quinquaginta
1352 4088 1570 4159 quidem
1601 4087 1854 4144 homines
1879 4096 2051 4145 secta-

477 4183 697 4241 bantur.
732 4179 932 4238 Verum
964 4181 1231 4247 Eulalius,
1252 4182 1421 4237 totius
1469 4180 1653 4252 populi
1683 4180 1879 4235 unitati
1924 4194 2050 4249 pro-

478 4276 738 4346 spiciens,
777 4288 902 4331 eum
935 4273 1110 4329 oravit
1156 4280 1216 4326 ut
1257 4274 1495 4344 priorem
1531 4273 1710 4328 locum
1753 4273 2044 4337 obtineret,

477 4376 532 4424 et
559 4368 846 4422 ecclesiam
879 4380 983 4421 una
1019 4380 1142 4420 cum
1170 4366 1291 4435 ipso
1315 4373 1547 4436 regeret,
1575 4364 1809 4434 primatu
1833 4364 2042 4431 fruens,

2157 3171 2265 3224 τῶν
2294 3172 2401 3225 ἀπὸ
2434 3164 2531 3242 τῆς
2577 3172 2785 3244 Ἀρείου
2822 3173 3105 3243 αἱρέσεως,
3137 3172 3269 3243 μηδὲ
3300 3172 3542 3245 διχονοίᾳ
3569 3192 3735 3228 κατα-

2157 3260 2373 3331 τέμνειν
2394 3246 2490 3333 τὴῦ
2519 3264 2869 3335 Ἐκκλησίαν,
2899 3266 2966 3336 ἢν
2998 3264 3152 3336 παρὰ
3180 3264 3316 3318 Θεοῦ
3359 3265 3455 3319 καὶ
3503 3267 3735 3320 amns.

2156 3351 2261 3407 λων
2312 3354 2441 3424 μίαν
2485 3357 2900 3428 παραδοθεῖσαν,
2953 3356 3274 3427 φιλονεικίαι
3314 3359 3409 3411 καὶ
3470 3359 3733 3431 φιλοπρο-

2160 3445 2333 3517 εδρίαι
2362 3447 2667 3512 εἰς-πολλὰς
2698 3448 3089 3519 κατεμέρισαν.
3112 3449 3325 3520 Ταύτης
3353 3450 3411 3504 δὲ
3436 3451 3538 3521 τῆς
3568 3468 3733 3504 σπον-

2155 3540 2249 3609 δῆς
2274 3538 2489 3607 ἐγένετο
2534 3541 2627 3595 καὶ
2661 3539 2916 3605 Εύλὰλιος
2955 3544 2983 3595 ὁ
3018 3544 3076 3595 ἐν
3117 3542 3354 3614 Ἀμασία
3394 3544 3462 3613 τῇ
3492 3542 3631 3613 πρὸς
3657 3543 3733 3614 τῷ

2155 3631 2341 3701 Πόντῳ
2377 3632 2673 3695 ἐπίσκοπος
2706 3648 2718 3661 '
2767 3631 2982 3699 λέγεται
3010 3633 3140 3701 γοῦν
3164 3633 3306 3704 μετὰ
3341 3632 3441 3704 τὴν
3471 3635 3733 3688 ἐπάνοδον

2154 3726 2333 3794 εὑρεῖν
2358 3724 2543 3793 ἕτερον
2573 3725 2969 3795 προϊστάμενον
2994 3726 3092 3795 τῆς
3121 3725 3284 3780 αὐτοῦ
3306 3725 3605 3797 ἐκκλησίας
3623 3726 3730 3801 (83)

2152 3816 2259 3869 τῶν
2301 3817 2508 3887 ’Δρείου
2544 3816 2859 3870 ἐπισκόπων
2893 3835 2906 3847 ·
2943 3812 3083 3871 εἶναι
3119 3817 3176 3870 δὲ
3202 3818 3331 3882 τοὺς
3370 3819 3730 3889 πειθομένους

2152 3908 2299 3978 αὐτῷ
2337 3910 2394 3962 ἐν
2421 3912 2487 3979 τῇ
2515 3908 2689 3975 πόλει,
2729 3909 2838 3964 οὐδ’
2867 3909 3021 3973 ὂλους
3047 3911 3383 3981 πεντήκοντα
3413 3927 3430 3941 ·
3466 3912 3729 3982 προνοούο

2155 4015 2312 4067 μενον
2353 3997 2409 4050 δὲ
2438 3997 2539 4066 τῆς
2568 3998 2784 4052 πάντων
2832 3998 3098 4063 ἐνώσεως,
3137 3999 3488 4070 ἀντιϐολῆσαι
3540 4001 3725 4055 τοῦτον

2151 4089 2479 4158 πρωτεύειν,
2517 4089 2611 4142 καὶ
2650 4094 2805 4161 κοινῇ
2845 4089 2942 4163 τὴν
2980 4091 3277 4164 ἐκκλησίαν
3307 4093 3529 4155 ίθύνειν,
3566 4090 3726 4148 ἆθλον

2150 4181 2241 4234 ἐπ)⁸
2268 4183 2332 4251 τῇ
2383 4180 2605 4252 ὁμονοία
2634 4181 2731 4251 τὴν
2782 4183 3075 4253 προεδρίαν
3104 4183 3319 4253 ἔχοντα.
3379 4184 3523 4237 Ἀλλ’
3562 4188 3593 4239 ὁ
3624 4186 3725 4255 μὲν

2152 4271 2224 4341 μὴ
2257 4271 2524 4334 πεισθεὶς,
2550 4273 2650 4325 οὐκ
2690 4275 2769 4336 είς
2800 4275 3019 4344 μακρὰν
3055 4275 3279 4345 ἔμελλεν
3305 4276 3428 4329 οὐδὲ
3468 4270 3543 4330 ὧν
3581 4272 3722 4346 εἶχεν

2145 4363 2338 4431 ὀλίγων
2363 4362 2687 4433 ἡγήσεσθαι,
2723 4365 3105 4435 προσθεμένων
3136 4369 3249 4430 τοῖς
3275 4368 3475 4432 ἄλλοις.

478 4471 738 4530 tanquam
774 4458 995 4528 praemio
1021 4464 1248 4513 servatae
1277 4457 1605 4511 concordiaa.
1636 4455 1734 4509 llic
1756 4470 1882 4511 vero
1908 4470 2034 4510 cum
2072 4455 2442 4510 conditionem
2492 4454 2652 4509 istam
2702 4457 3045 4526 repudiasset
3068 4500 3082 4524 ,
3125 4458 3269 4513 haud
3343 4461 3517 4515 multo
3599 4468 3715 4533 post

479 4556 667 4622 paucis
693 4553 802 4606 illis
830 4567 1064 4622 praeesse
1092 4551 1281 4617 desiit,
1309 4553 1408 4621 ipsi
1440 4552 1587 4606 enim
1622 4567 1680 4607 se
1711 4552 1939 4621 reliquis
1973 4549 2367 4622 adjunxerunt.

547 4754 560 4782 ¹
606 4754 761 4806 Socr.
804 4755 840 4806 I.
873 4771 944 4819 iv,
981 4762 1099 4824 cap;
1141 4757 1193 4808 '5.

1652 4931 1924 4988 VALESII
1961 4930 2520 4988 ANNOTATIONES.

547 5020 656 5099 (A83)
686 5024 1155 5099 ullgoi’otdyercr
1204 5025 1529 5099 τ-ῆςλαύτοῦ
1578 5028 1952 5099 ἐκκλησίας.Δ
1983 5026 2039 5080 In

2155 5028 2436 5097 utrobique
2472 5043 2669 5083 sensus
2702 5037 2805 5094 est,
2841 5027 3002 5082 modo
3034 5027 3324 5099 ecclesiam
3381 5029 3708 5099 accipiamus

473 5090 660 5167 codice
684 5090 981 5167 Fiiketiano
1013 5090 1492 5164 scriptuniinveni
1517 5099 1615 5167 τῆς
1643 5090 1812 5166 αὐτῆς
1841 5090 2037 5166 ἐκκλη-

474 5162 612 5227 σίας,
640 5177 800 5232 quain
829 5162 1155 5232 scripturam
1189 5167 1465 5222 meliorem
1495 5162 1640 5237 puto.
1674 5162 1817 5223 Idein
1851 5162 2032 5221 tamen

2147 5113 2246 5167 pro
2276 5098 2502 5155 basilica
2548 5115 2642 5154 seu
2665 5099 2779 5153 aede
2811 5101 3049 5169 inquam
3081 5098 3266 5154 fideles
3290 5098 3707 5154 conveniebant.

1922 5340 2304 5399 VARIORUM.

543 5453 575 5511 ei
610 5438 1017 5511 ’Alaqudir.
1044 5437 1362 5511 Alemanni,
1408 5455 1505 5494 seu
1576 5441 1882 5505 Alamanni,
1933 5456 2033 5511 po-

471 5510 583 5582 puli
620 5507 1429 5582 fuerewGerinani‘ae_S_lep_ba_no,
1472 5511 1894 5582 quiuAlainanni
1918 5507 2033 5566 Ma-

469 5575 654 5638 crnbio
675 5590 729 5635 et
751 5579 1012 5646 Sidonio;
1040 5575 1877 5648 Galliae-Belgicze'etVindelieize
1904 5597 2035 5635 con-

469 5650 680 5705 termini
732 5658 910 5715 erant,
960 5663 1151 5717 nempe
1178 5649 1320 5704 inter
1364 5648 1608 5705 Rhenum
1660 5649 1903 5714 fluvium,
1941 5650 2035 5706 Ni-

467 5733 641 5782 cmin,
681 5718 895 5786 Lit-um.
940 5726 1100 5788 atque
1154 5718 1526 5790 Briganlinum
1574 5723 1749 5776 lacum
1796 5725 2027 5787 extensi,

2132 5440 2222 5494 ubi
2251 5455 2399 5495 nunc
2431 5441 2670 5496 maxima
2696 5455 2823 5511 pars
2868 5438 3081 5493 Snevia:
3111 5450 3466 5511 :quanquani
3492 5434 3558 5488 ad
3581 5433 3706 5511 Mcr—

2131 5524 2262 5594 ilnm
2317 5510 2543 5566 ﬂuvium
2589 5505 2763 5594 usque
2813 5505 3241 5594 protendantur.
3271 5505 3697 5594 a’quibusdain.

2133 5579 2334 5635 Eorum
2367 5591 2574 5637 tractus
2603 5578 2783 5636 dictus
2809 5578 2915 5635 fuit
2957 5578 3301 5641 Alemanuia,
3329 5578 3478 5630 unde

2132 5666 2331 5706 nomen
2362 5667 2557 5709 recens
2585 5653 2683 5706 toti
2735 5650 3039 5706 Germaniae
3076 5649 3329 5704 inditum.
3375 5644 3443 5700 li.
3471 5643 3538 5699 Al
3567 5643 3698 5697 Βιυ·

2136 5737 2308 5775 DBAND

3525 5584 3698 5645 postea
