4054 6188
490 301 619 357 1421
1441 299 1763 357 HISTORIA
1804 298 2362 357 ECCLESIA'STICA.
2394 328 2465 342 —
2505 298 2633 355 LIB.
2660 299 2774 358 Vll.
3597 305 3736 364 ﬂ?!

1084 413 1128 464 Κ
1140 413 1337 468 ΕΦΑᾹ.
1387 417 1459 468 Γ’.
2094 427 2138 484 Α

2094 427 2138 484 Α
2813 436 2967 493 CAP.
3020 438 3106 494 Ill.

487 503 629 583 "apt
648 500 936 599 τῶιςικατὰ
970 502 1077 599 τον
1111 503 1284 599 ἅγιον
1312 505 1601 599 ῆίελέτιον
1632 508 1729 599 καὶ
1759 505 2069 599 Παυλῖνον

2168 526 2248 582 De
2268 529 2352 583 his
2367 546 2483 599 qua:
2506 530 2645 584 inter
2666 527 2939 584 Meletium
2962 548 3026 584 ac
3052 528 3339 587 Paulinum
3365 537 3738 595 Antiochense:

557 573 678 626 τῶν
745 572 1100 639 Ἀντιοχείας
1151 575 1535 638 ἐπισκόπων,
1600 577 1699 629 καὶ
1753 578 1889 642 περὶ
1950 574 2069 628 τῶν

557 658 890 679 Αοοοιρηηονιην
921 643 1113 679 ﬁrmo/.m-
1140 642 1237 679 λιιι
1260 646 1366 679 φιλυ
1405 644 1800 679 ὸηιηνηηονλυ
1828 645 2046 679 tamtum.-

2168 572 2208 581 "
2221 572 3742 679 ἐᾦξὲἕοῖὄζᾞὲὲιξἲιῖῆῗῗεῗᾶε”ῖιὶῗὲἲέῖοᾶἷιὶὶῖ”ἵὲἱῖὗὲἷ

555 658 890 742 grege???
911 643 1121 742 ,ὁλοκων⁵
1140 642 1238 742 ιῗιᾲ
1254 646 1368 742 ydr-
1400 644 1800 742 έπισκρπυεὸν
1827 645 2064 742 θρρνοτζ·
2234 642 2983 742 ἓβὲἰὲἇὶἇῑεῶῒὲἓεῖνῖἲὶιὲιὲζ

566 730 654 784 Ἐν
680 731 738 785 δὲ
770 730 847 801 τῷ
867 733 1009 796 τότε,
1039 733 1133 786 καὶ
1164 734 1431 788 Μελετίου
1463 735 1606 789 κατὰ
1644 736 1833 789 τοῦτον
1862 735 1952 789 τὸν
1982 735 2069 788 νό-
2265 730 2276 737 ’
2410 730 2422 737 ’
2818 730 2831 742 ’
2850 795 2872 818 ,

484 841 586 896 μον
614 824 1001 890 ἐπανελθόντος
1030 828 1110 890 είς
1154 826 1483 897 Ἀντιόχειαν
1516 828 1614 897 τῆς
1665 826 1890 897 Συρίας,
1920 824 2065 898 δεινή

2238 821 2441 878 Eodem
2474 830 2722 894 tempore
2757 838 2884 880 cum
2927 823 3180 881 Meletius
3218 827 3555 898 supradictae
3606 831 3741 904 legis

480 934 566 981 τις
614 916 691 987 τῷ
727 917 844 988 λαῴ
883 918 1184 986 φιλονεικία
1241 919 1461 991 συνέϐη.
1505 918 1775 972 Παυλίνου
1825 920 1933 991 γὰρ
1987 919 2067 972 ἔτι

2167 913 2437 970 beneficio
2466 915 2821 971 Antiochiam
2850 914 3023 987 Syriae
3062 931 3380 987 remeasset,
3404 922 3590 991 gravis
3612 912 3754 979 con;

485 1010 787 1079 περιόντος,
819 1004 880 1064 ob
917 1010 1016 1081 τὴν
1052 1012 1360 1076 εὐλάϐειαν,
1389 1011 1465 1076 ὡς
1492 1010 1756 1082 ἔγνωμεν,
1802 1009 2068 1075 αἰδεσθεὶς

2169 1009 2342 1064 ῑεηιίο
2367 1010 2422 1063 in
2455 1011 2656 1081 populo
2688 1020 2882 1067 exorta
2915 1020 3000 1068 est
3020 1014 3063 1065 ⁸.
3091 1012 3304 1071 Etenim
3334 1031 3461 1072 cum
3480 1017 3742 1075 Paulinus

482 1100 699 1171 Οὐάλης
727 1103 755 1154 ό
788 1101 1059 1171 βασιλεὺς,
1108 1104 1467 1157 καταδικάσαι
1506 1103 1684 1174 φυγὴν
1717 1104 1817 1157 οὐκ
1845 1102 2069 1174 ἐτόλμη-

2166 1100 2349 1155 adhuc
2375 1111 2661 1171 superstes
2694 1112 2861 1168 esset,
2911 1119 3073 1175 quem
3118 1107 3415 1177 imperator
3443 1107 3642 1167 Valens
3670 1112 3742 1166 ob

486 1210 598 1258 σεν,
655 1196 704 1247 εἰ
751 1196 872 1265 μὲν,
934 1196 1226 1268 σύνθρονον
1277 1196 1441 1250 αὑτοῦ
1486 1195 1744 1264 γενέσθαι
1802 1196 2066 1253 Μελέτιον

2164 1193 2447 1261 pietatem,
2481 1201 2540 1248 ut
2566 1210 2732 1266 supra
2759 1195 3026 1263 diximus,
3057 1201 3349 1264 reveritus,
3376 1201 3575 1258 exsilio
3600 1203 3744 1258 mul-

482 1284 688 1355 ἠξίουν.
731 1285 1144 1352 Ἀντιλεγόντων
1176 1286 1234 1340 δὲ
1279 1286 1387 1340 τῶν
1413 1286 1485 1340 τὰ
1515 1286 1787 1341 Παυλίνου
1816 1289 2068 1361 φρονούν-

2166 1292 2284 1340 tare
2311 1284 2736 1359 haudquaquam
2771 1304 2941 1346 ausus
2986 1289 3210 1358 fuerat,
3243 1292 3466 1362 quidam
3492 1296 3740 1364 postula-

483 1393 611 1438 των,
637 1377 730 1429 καὶ
755 1375 854 1446 τὴν
884 1375 1144 1430 Μελετίου
1176 1378 1512 1448 χειροτονίαν
1545 1377 1960 1445 διαϐαλλόντων,
1990 1379 2068 1444 ὡς

2165 1377 2298 1433 baut
2320 1387 2382 1433 ut
2407 1380 2663 1438 Meletius
2689 1382 2745 1436 in
2768 1382 3071 1452 episcopali
3098 1382 3229 1440 sede
3259 1398 3382 1439 cum
3412 1385 3506 1440 illo
3543 1386 3743 1443 reside-

484 1467 589 1519 ὑπὸ
625 1466 917 1536 Ἀρειανῶν
938 1468 1254 1522 ἐπισκόπων
1280 1470 1674 1541 γεγενημένην,
1699 1471 1790 1542 βίᾳ
1810 1472 1871 1525 τὸ
1900 1489 2067 1526 σπου-

2166 1477 2274 1527 ret.
2305 1468 2521 1536 Quibus
2562 1487 2689 1528 cum
2720 1471 2939 1529 Paulini
2972 1473 3215 1531 fautores
3257 1475 3652 1541 reclamarent.
3687 1486 3742 1533 et

480 1555 777 1625 δαξὸμενον
820 1559 899 1621 εἰς
940 1558 1098 1629 ἔργον
1144 1554 1280 1629 ἦγον
1338 1563 1389 1614 οἱ
1442 1560 1707 1615 Μελετίου
1758 1562 2062 1617 ἐπαινέται.

2165 1559 2570 1617 ordinationem
2616 1561 2815 1639 Meletii
2867 1569 3130 1632 tanquam
3164 1563 3234 1619 ab
3279 1565 3497 1622 Arianis
3541 1566 3740 1622 factam

486 1646 692 1718 Πλῆθος
726 1648 834 1719 γὰρ
862 1649 923 1701 οὐ
950 1649 1011 1702 τὸ
1063 1650 1226 1719 τυχὸν
1256 1650 1429 1713 ὄντες,
1472 1651 1530 1704 ὲν
1558 1652 1656 1721 μιᾷ
1686 1650 1794 1704 τῶν
1832 1651 1939 1722 πρὸ
1965 1652 2065 1722 τῆς

2165 1652 2617 1717 criminarentur,
2653 1652 2898 1709 fautores
2927 1654 3129 1712 Meletii
3156 1656 3209 1711 id
3251 1657 3399 1730 quod
3429 1657 3739 1722 studebant.

483 1739 690 1803 πόλεως
714 1740 1020 1809 ἐκκλησιῶν
1050 1744 1130 1804 είς
1157 1741 1248 1794 τὸν
1277 1743 1633 1796 ὲπισκοπικδν
1668 1742 1856 1812 θρόνον
1882 1744 2064 1798 ἀνεϐί-

2166 1741 2219 1795 vi
2248 1741 2543 1811 perfecere.
2573 1742 2709 1798 Cum
2740 1745 2885 1799 enim
2917 1744 3063 1799 haud
3087 1747 3248 1815 pauci
3278 1760 3509 1803 numero
3530 1756 3741 1811 essent,

484 1830 654 1884 ϐασαν
677 1831 857 1886 αὐτόν,
893 1831 1260 1902 Ἐκατέρωθεν
1282 1833 1339 1886 δὲ
1355 1832 1449 1886 τοῦ
1474 1830 1604 1886 λαοῦ
1628 1833 2061 1903 χαλεπαίνοντος,

2171 1832 2227 1887 in
2258 1834 2492 1903 quadam
2522 1836 2755 1892 ecclesia
2784 1836 3104 1892 suburbana
3134 1836 3407 1893 Meletium
3446 1839 3502 1894 in
3535 1840 3744 1910 cpisco-

484 1922 578 1975 καὶ
600 1924 839 1986 στάσεως
863 1924 1337 1994 προσδοκωμένης,
1362 1924 1650 1995 θαυμαστή
1684 1942 1765 1987 τις
1790 1925 2063 1996 ἐκράτησε

2170 1925 2279 1994 pali
2326 1925 2470 1981 solio
2523 1926 2887 1982 collocarunt.
2939 1926 3147 1998 Populo
3192 1928 3356 1998 igitur
3396 1945 3462 1985 ex
3508 1937 3743 2002 utraque

486 2014 668 2086 βουλὴ,
707 2016 843 2086 πρὸς
874 2017 1126 2085 ὁμόνοιαν
1155 2018 1354 2081 αὐτοὺς
1380 2017 1610 2085 ἄγουσα.
1635 2017 1914 2071 Συνεδόκει
1949 2018 2060 2089 γὰρ

2170 2023 2328 2085 parte
2353 2018 2657 2082 concitato,
2687 2034 2811 2073 cum
2853 2019 3054 2075 seditio
3094 2019 3279 2075 futura
3301 2029 3739 2090 exspectaretur,

482 2108 678 2179 ὅρκους
715 2107 901 2159 λαϐεῖν
934 2106 1084 2178 παρὰ
1117 2106 1227 2161 τῶν
1263 2109 1582 2162 ἐπισκοπεῖν
1605 2108 1698 2162 τὸν
1722 2109 1910 2163 ὲνθάδε
1937 2109 2063 2181 Θρό-

2171 2096 2496 2162 admirabile
2538 2108 2815 2178 quoddam
2863 2109 3156 2165 consilium
3186 2111 3489 2179 praevaluit,
3530 2127 3638 2182 quo
3670 2113 3738 2168 ad

484 2216 573 2253 vov
597 2198 914 2269 ἐπιτηδείων
939 2195 1078 2252 εἶναι
1096 2199 1486 2269 νομιζομένων,
1509 2199 1543 2270 ἢ
1566 2199 2027 2271 προσδοκωμένων
2045 2214 2059 2228 ’

2171 2199 2522 2255 concordiam
2558 2208 2970 2258 revocarentur.
3009 2201 3222 2258 Placuit
3258 2204 3403 2259 enim
3429 2211 3490 2259 ut
3525 2204 3742 2275 jureju-

481 2282 558 2343 ὧν
584 2286 726 2362 ἦσαν
758 2290 933 2361 ἕτεροι
964 2290 1146 2355 πέντε,
1173 2294 1266 2343 καὶ
1298 2291 1616 2355 Φλαϐιανὸς,
1650 2291 1725 2354 ὠς
1747 2291 1870 2345 οὕτε
1902 2309 2064 2345 σπου-

2172 2290 2350 2345 rando
2396 2306 2521 2348 sese
2568 2293 2939 2361 astringerent
2983 2294 3022 2349 ii
3064 2295 3161 2365 qui
3194 2295 3263 2350 ad
3294 2296 3593 2367 regendum
3623 2299 3743 2369 ejus

483 2380 723 2448 δάσουσι,
753 2381 877 2435 οὔτε
930 2383 1264 2453 χειροτονίας
1294 2384 1384 2435 ἐπ’
1414 2384 1599 2447 αὐτοῖς
1628 2384 1914 2454 γινομένης
1936 2427 1950 2450 ,
1971 2387 2066 2438 ἁν-

2172 2381 2279 2436 loci
2321 2382 2700 2452 episcopatum
2743 2384 2923 2440 idonei
2976 2400 3100 2442 esse
3148 2387 3486 2456 putabantur
3548 2404 3741 2460 spera-

486 2473 700 2537 έξονται
730 2476 1072 2540 ἐπισκοπεῖν,
1110 2476 1167 2537 ὲς
1184 2475 1308 2528 ὅσον
1340 2475 1610 2538 Παυλῖνος
1644 2476 1675 2544 ἢ
1701 2475 1963 2540 Μελέτιος
1987 2477 2065 2548 τῷ

2173 2472 2478 2540 banturve;
2511 2488 2578 2528 ex
2624 2473 2828 2544 quibus
2856 2484 3015 2530 erant
3049 2486 3161 2531 tum
3200 2477 3293 2532 alii
3328 2479 3589 2549 quinque,
3620 2488 3738 2534 tum

487 2565 587 2637 βίῳ
618 2565 851 2637 περιῶσι
878 2583 891 2597 ·
927 2569 1235 2637 συγχωρεῖν
1269 2566 1325 2620 δὲ
1369 2566 1599 2639 θατέρου
1622 2567 2062 2638 τελευτήσαντος,

2173 2564 2505 2632 Flavianus;
2545 2582 2605 2623 se
2651 2582 2830 2636 neque
2877 2568 3215 2634 ambituros,
3250 2585 3447 2639 neque,
3475 2572 3742 2627 electione

485 2658 576 2711 τὸν
605 2658 790 2727 ἕτερον
826 2658 1115 2729 μόνον,τὴν
1159 2659 1465 2726 ἐπισκοπὴν
1499 2657 1663 2728 ἔχειν.
1706 2660 1860 2712 Κατὰ
1890 2660 2067 2715 ταῦτα.

2174 2656 2424 2727 ipsorum
2484 2657 2670 2722 facta,
2729 2660 3104 2730 episcopatum
3166 2670 3527 2731 suscepturos
3585 2679 3740 2731 esse,

486 2751 543 2804 δὲ
571 2752 832 2804 δοθέντων
860 2751 968 2804 τῶν
999 2752 1197 2820 ὅρκων,
1227 2750 1411 2821 σχεδὸν
1451 2751 1513 2803 τὸ
1534 2752 1641 2806 πᾶν
1670 2751 1900 2821 ὼμονόει
1925 2753 2065 2822 πλῆ-

2174 2746 2419 2815 quandiu
2452 2744 2715 2802 Paulinus
2765 2763 2829 2803 ac
2870 2747 3118 2806 Meletius
3156 2751 3482 2821 superstites
3509 2762 3740 2810 essent:

416 2861 426 2867 ·
489 2843 600 2907 Οος·
629 2843 798 2911 ὀλίγοι
825 2843 879 2897 δὲ
909 2840 1015 2896 τῶν
1037 2842 1371 2913 Λουκίφερος
1392 2841 1473 2895 ἑτι
1502 2842 1832 2913 διεφέροντο,
1863 2842 1938 2907 ὡς
1959 2844 2017 2896 in

2174 2839 2353 2893 altero
2381 2846 2565 2894 autem
2601 2839 2820 2894 illorum
2863 2849 3104 2910 mortuo,
3136 2858 3397 2912 passuros
3426 2859 3487 2900 se
3516 2852 3578 2899 ut
3606 2846 3745 2901 alter

490 2934 818 3005 ἑτεροδόξων
849 2934 1116 2987 Μελετίου
1153 2932 1639 3005 χειροτονηθέντας.
1682 2934 1833 2987 Ἐπεὶ
1862 2934 2065 2988 δὲτάδε

2173 2930 2552 3000 episcopatum
2590 2931 2742 2986 solus
2770 2932 3065 2987 obtineret.
3092 2932 3259 3003 Igitur
3285 2933 3648 3004 jurejurando
3686 2936 3745 2991 in

489 3016 591 3075 ὦδε
616 3024 828 3092 γέγονε,
858 3023 1119 3087 Μελέτιος
1148 3024 1245 3094 μὲν
1269 3020 1402 3095 ἧκεν
1438 3025 1515 3088 εἰς
1552 3026 2066 3078 Κωνσταντινούπο-

2176 3022 2277 3078 bas
2324 3023 2673 3080 conditiones
2713 3026 2978 3094 praestita,
3016 3026 3272 3081 universa
3323 3026 3441 3083 fere
3484 3027 3638 3098 plebs
3677 3030 3745 3083 ad

490 3113 594 3168 λιν·
633 3117 796 3185 ἡνίκα
830 3116 922 3169 καὶ
968 3115 1147 3177 ἄλλοις
1181 3117 1501 3180 ἐπισκόποις
1535 3117 1676 3171 κατὰ
1725 3117 1888 3170 ταύτὸ
1920 3134 2071 3185 γενο-

2176 3114 2530 3169 concordiam
2584 3116 2769 3170 rediit.
2820 3115 2988 3171 Pauci
3039 3124 3224 3173 tamen
3269 3134 3336 3175 ex
3380 3118 3746 3177 Luciferianis

497 3207 700 3277 μένοις,
753 3206 933 3272 ἔδοξεν
977 3209 1274 3276 ἀναγκαῖον
1322 3205 1458 3261 εἶναι
1508 3210 1573 3262 ὲκ
1614 3210 1714 3278 τῆς
1762 3207 2067 3273 Ναζιανζοῦ

2174 3204 2356 3259 adhuc
2398 3206 2776 3273 dissidebant,
2834 3217 3125 3279 propterea
3179 3211 3325 3281 quod
3378 3210 3628 3268 Meletius
3678 3214 3748 3268 ab

496 3299 806 3367 μεταθεῖναι
833 3300 871 3350 Γ
876 3299 1152 3371 ρηγᾶριον,
1177 3300 1269 3353 καὶ
1286 3297 1578 3371 ἐπιτρέψαι
1600 3299 1748 3367 αὐτῷ
1767 3297 1863 3369 τὴν
1883 3297 2068 3351 ἐνθάδε

2176 3296 2450 3354 haereticis
2481 3300 2771 3355 ordinatus
2805 3299 3020 3358 fuisset.
3069 3301 3280 3368 Quibus
3320 3302 3390 3358 ad
3434 3304 3583 3359 hunc
3627 3319 3748 3358 mo-

496 3391 819 3460 ἐπισκοπὴν.
2181 3391 2309 3446 dum
2357 3394 2619 3461 peractis.
2673 3393 2924 3451 Meletius
2973 3395 3512 3467 Constantinopolim
3561 3397 3747 3470 profc-

495 3489 617 3535 ctus
658 3494 771 3545 est;
811 3498 921 3552 quo
956 3482 1176 3550 quidem
1224 3481 1653 3552 tempora/aliis
1695 3496 1915 3552 quoque
1948 3481 2227 3552 episcopis
2274 3483 2347 3537 ibi
2395 3487 2764 3553 congregatis,
2840 3500 3019 3554 opera:
3090 3487 3324 3557 pretium
3394 3488 3571 3543 visum
3636 3498 3745 3555 est,

493 3580 556 3631 ut
593 3572 889 3642 Gregorius
944 3575 1014 3627 ab
1059 3574 1261 3645 oppido
1312 3573 1587 3629 Nazianzo
1644 3574 2064 3641 transferretur,
2145 3576 2377 3646 ejusque
2424 3576 2579 3631 urbis
2644 3578 2992 3648 episcopatus
3033 3579 3085 3633 ei
3128 3579 3400 3651 regendus
3441 3583 3750 3641 committe-

496 3678 664 3725 TCIUI‘.

1051 3826 1057 3832 ,
1093 3762 1343 3816 issem.
1398 3765 1473 3816 A’.
1912 3716 1934 3741 “
2822 3759 2968 3813 CAP.
3014 3759 3102 3814 ιν.

492 3853 633 3921 Περὶ
661 3853 764 3925 τῆς
811 3853 1005 3922 ἀρχῆς
1050 3853 1371 3908 Θεοδοσίου
1407 3855 1514 3909 τοῦ
1537 3856 1837 3925 Μεγάλου,
1879 3858 1975 3910 καὶ
1999 3859 2077 3923 ὡς

2181 3852 2253 3907 De
2276 3853 2492 3921 imperio
2518 3852 2794 3925 Theodosii
2827 3851 3029 3925 Magni,
3061 3863 3106 3925 et
3136 3854 3395 3924 quomodo
3415 3853 3479 3907 ab
3504 3852 3745 3925 Asc/tolio

564 3923 724 4004 arripit
754 3924 1067 4004 ’Λσχολιου
1091 3923 1643 4004 Θεσσαλονίκης.τὸ
1664 3926 1823 4004 θεῖον
1843 3928 2077 4004 sitv:an

2251 3925 2293 3978 Τ
2296 3924 2640 4004 Ιιεδειιιοηὶςιε
2676 3924 2917 3991 episcopo
2954 3923 3258 4004 baptigotus
3280 3932 3408 4004 est:
3436 3924 3748 4004 anquiri-de-

562 3990 888 4061 ,βάπτισμιῖ
915 4010 927 4022 ⁸
955 3993 1049 4046 καὶ
1099 3990 1193 4046 οἶα
1225 3995 1450 4062 ἔγραψε
1481 3990 1607 4061 τοῖς
1653 3997 1738 4063 μὴ
1774 3990 1923 4051 κατὰ
1974 3990 2082 4051 τὸυ

2250 3995 2466 4049 creverit
2520 3994 2771 4049 adversus
2825 3990 2912 4047 eos
2943 3994 3033 4061 qui
3062 3991 3292 4047 ~Nictrni
3334 3990 3545 4047 concilii
3583 3992 3741 4062 fidem

565 4064 707 4130 ὅρον
736 4063 845 4131 τῆς
870 4065 940 4117 ἐν
971 4065 1185 4129 Numici
1222 4066 1490 4119 συνόδου
1515 4067 1935 4132 πρεσϐεύουσι.

1046 4065 1185 4129 καίει
1222 4066 1490 4119 συνόδου
1515 4067 1935 4132 πρεσϐεύουσι.
2249 4064 2647 4133 impugnabant.

578 4153 712 4204 Ὑπὸ
766 4153 824 4205 δὲ
863 4152 1050 4204 τοῦτον
1097 4153 1187 4205 τὸν
1240 4153 1451 4223 χρόνον,
1492 4153 1793 4225 Γρατιανὺς
1849 4156 1950 4225 μὲν
1997 4155 2077 4208 ἔτι

2251 4155 2364 4208 Sub
2390 4154 2532 4209 idem
2570 4163 2806 4221 tempus,
2838 4166 2965 4207 cum
2995 4151 3284 4206 Alamanni
3316 4152 3529 4208 crebris
3557 4151 3746 4209 incur-

500 4246 606 4299 τῶν
638 4245 772 4316 πρὸς
814 4246 1082 4316 Ἑσπέραν
1105 4244 1360 4299 Γαλατῶν
1390 4245 1494 4299 ὑπὸ
1532 4245 1849 4317 Ἀλαμανῶν
1874 4263 2076 4316 ταρατ-

2178 4246 2427 4302 siouibus
2448 4243 2654 4299 Gallias
2676 4244 3021 4308 infestarent,
3054 4242 3351 4300 Gratianus
3382 4243 3446 4299 ad
3487 4244 3746 4301 occiduas

496 4338 759 4408 τομένων,
814 4338 906 4389 ἐπὶ
952 4336 1052 4407 τὴν
1100 4335 1357 4407 πατρῴαν
1391 4335 1689 4408 ἀνέστρεψε
1744 4339 1957 4407 μοῖραν⁸
2010 4336 2075 4406 ἢν

2178 4338 2392 4409 paterni
2444 4336 2659 4407 imperii
2711 4345 2894 4406 partes
2940 4352 3197 4391 reversus
3249 4344 3382 4405 est,
3437 4351 3576 4407 quas
3630 4337 3747 4408 ipse

498 4428 647 4499 αὐτῷ
671 4446 729 4481 τε
767 4427 960 4498 καὶτῷ
989 4427 1201 4498 ἀδελφῷ
1231 4428 1250 4465 ί
1282 4428 1502 4480 διοικεῖν
1544 4427 1832 4485 κατέλιπεν
1852 4468 1866 4492 ,
1914 4427 2075 4479 Ἰλλυ-

2146 4461 2148 4483 ι
2179 4431 2281 4487 sibi
2314 4444 2378 4485 ac
2414 4428 2569 4483 fratri
2602 4428 2867 4498 regendas
2897 4429 3058 4500 282
3089 4429 3420 4493 retinuerat,
3469 4444 3592 4484 cum
3622 4428 3747 4501 Illy-

503 4522 648 4589 ριοίις
686 4520 778 4574 καὶ
828 4520 894 4573 τὰ
932 4519 1067 4591 πρὸς
1098 4519 1249 4588 ἥλιον
1281 4518 1568 4589 ἀνίσχοντα
1599 4519 1698 4590 τῆς
1741 4518 1914 4590 ἀρχῆς
1949 4517 2075 4570 Θεο-

2180 4522 2355 4576 ricum
2386 4529 2441 4576 et
2490 4519 2732 4576 Orientis
2766 4528 2951 4590 partes
3003 4518 3315 4574 Theodosio
3367 4519 3742 4575 tradidisset’.

497 4613 659 4681 δοσίῳ
730 4611 1048 4681 ἐπιτρέψας.
1111 4608 1479 4679 Κατωροοῦτο
1540 4610 1597 4663 δὲ
1664 4608 1805 4662 κατὰ
1848 4607 2073 4679 γνώμην

2180 4612 2247 4667 Ει
2275 4613 2392 4681 ipse
2419 4611 2660 4682 quidem,
2688 4627 2755 4667 ex
2786 4611 2956 4666 animi
3000 4610 3085 4667 sui
3116 4610 3387 4667 sententia
3425 4626 3539 4667 rem
3578 4613 3748 4683 gessit

498 4703 645 4773 αὐτῴ
680 4704 746 4756 τὰ
793 4704 928 4774 πρὸς
953 4701 1175 4765 τούτους
1219 4719 1233 4732 ·
1283 4701 1549 4771 Θεοδοσίῳ
1583 4701 1640 4754 δὲ
1668 4701 1736 4754 τὰ
1791 4700 1923 4770 πρὸς
1944 4700 2071 4762 τοὺς

2179 4701 2446 4756 adversus
2496 4702 2837 4756 Alamannos
2891 4719 2905 4755 :
2959 4698 3302 4756 Theodosius
3357 4716 3486 4757 vero
3545 4701 3744 4756 bellum

500 4796 645 4866 ἀμφὶ
671 4796 759 4847 τὸν
787 4796 997 4866 ’Ἴστρον
1039 4792 1365 4865 βαρϐάρους.
1404 4793 1554 4846 Ἐπεὶ
1580 4793 1634 4845 δὲ
1650 4793 1758 4845 τῶν
1785 4793 1884 4862 μὲν
1922 4791 2071 4864 μάχῃ

2178 4808 2301 4847 cum
2348 4793 2596 4847 barbaris
2626 4791 2827 4846 Islrum
2856 4792 3228 4847 accolentibus
3259 4808 3368 4848 non
3405 4793 3587 4847 minus
3624 4791 3746 4847 feli-

499 4886 864 4957 ἐπεκράτησε,
901 4887 1023 4948 τοὺς
1061 4885 1118 4938 δὲ
1163 4885 1348 4954 φίλους
1374 4885 1516 4954 ἔχειν
1561 4884 1866 4953 Ῥωμαίους
1918 4884 2068 4937 ἀντι-

2182 4888 2316 4939 citer
2353 4885 2610 4940 coniecit.
2644 4885 2888 4952 Quorum
2934 4885 3072 4941 alios
3104 4901 3227 4940 cum
3276 4884 3471 4956 prmlio
3512 4884 3747 4941 devicis-

502 4976 809 5041 ϐολοῦντας,
862 4980 1104 5049 ὁμήρους
1158 4976 1359 5041 λαϐὼν,
1404 4977 1635 5040 σπονδὰς
1682 4976 1900 5040 ἐδέξατο
1937 4976 2071 5047 (8i).

2182 4985 2263 5031 set
2297 4977 2435 5032 alios
2479 4976 2850 5033 Romanorum
2884 4978 3180 5033 amicitiam
3207 4979 3566 5048 postulantes,
3593 4989 3749 5030 acce-

576 5138 592 5169 ⁸
635 5138 788 5195 Socr.
822 5139 914 5193 lib.
946 5155 1002 5203 v,
1038 5153 1157 5208 cap.
1193 5138 1246 5193 5.
1322 5139 1343 5169 ²
1370 5137 1498 5193 ibid.
1543 5151 1665 5206 cap.
1696 5136 1747 5189 6.

1704 5269 1970 5325 VALESll
2011 5267 2561 5327 ANNOTATIONES.

573 5367 683 5440 (84)
713 5366 984 5433 Σπονδὰς
1020 5366 1284 5432 ἐδέξατο.
1321 5367 1498 5420 Malim
1527 5365 1769 5421 scribere
1801 5367 1879 5429 εἰς
1915 5366 2174 5430 σπονδὰςέ

1871 5384 1879 5429 ;
1915 5366 2141 5430 σπονδὰς
2163 5367 2396 5432 ἐδέξατο.
2436 5368 2606 5422 Aliter
2633 5350 2777 5421 enim
2815 5363 3044 5418 barbara
3081 5363 3224 5413 esset
3247 5352 3472 5408 locutio.

1920 5530 1925 5533 »
1948 5500 2303 5561 νΑιιιοιξυΜ

581 5562 599 5635 ξ
634 5598 745 5649 Ἢν
766 5593 940 5667 αὐτῷ
973 5612 1035 5648 τε
1058 5596 1153 5667 καὶ
1183 5596 1261 5659 τῷ
1283 5593 1543 5667 ἀδελφῷ,
1571 5592 1833 5667 Gratiano
1864 5608 2087 5667 cessere
2180 5643 2182 5651 η

2180 5597 2320 5653 Male
2355 5599 2515 5666 igitur
2550 5597 2820 5667 Illyricum
2863 5580 3170 5643 Theodosio
3205 5592 3331 5636 mox
3362 5577 3551 5636 tribuit
3580 5574 3742 5634 Som-

502 5666 709 5731 Gallizc,
764 5665 1055 5733 Hispaniae,
1108 5665 1401 5720 Britannia:
1427 5662 1444 5730 ;⁷
1501 5662 1885 5718 Valentiniano
1921 5665 2077 5718 fratri
2187 5662 2401 5722 manus:
2611 5662 2627 5667 ⁷
3543 5673 3549 5680 ’

504 5738 675 5799 ltalia.
718 5735 1015 5803 Illyricum,
1056 5735 1256 5793 Africa.
1306 5735 1532 5804 Zosiin.,
1570 5734 1663 5789 lib.
1700 5749 1769 5799 ιν,
1806 5749 1926 5805 pag.
1961 5733 2082 5793 746.
