4054 6188
489 263 509 316 Ι
518 261 627 318 δὶνῦ

1398 257 1723 314 lliSTOlliA
1764 257 2317 316 ECCLESIASTICA.
2343 290 2408 298 —
2431 258 2559 316 LIB.
2603 259 2712 316 VII.

3579 264 3717 320 HBG

482 379 560 430 ἔτι
593 378 642 429 οἱ
685 375 756 429 τά
782 375 989 446 Ἀρείου
1021 374 1363 446 φρονοῦντες,
1396 368 1469 428 ὧν
1501 377 1684 446 ἡγεῖτο
1721 374 2050 446 Δημόφιλος.

2165 377 2347 432 adhuc
2388 376 2642 432 ecclesiis
2675 372 3046 446 potiebantur,
3088 379 3285 448 quibus
3335 369 3564 452 praeerat
3611 382 3714 437 De-

485 464 778 536 Γρηγόριος
813 463 869 515 δὲ
913 462 942 513 ό
981 465 1044 516 ἐκ
1080 463 1383 528 Ναζιανζοῦ
1416 465 1707 532 προϊστατο
1730 461 1836 514 τῶν
1861 460 2051 530 ὁμοού·

486 572 594 607 σιον
624 553 827 624 Τριάδα
853 551 1202 618 δοξαζὼτων.
1243 551 1597 623 Ἐκκλησίαζε
1642 552 1697 604 δέ
1731 553 1788 604 ἐν
1828 550 2052 619 οἰκίσκῳ

488 642 698 715 μικρῷ,
761 644 891 712 παρ’
944 644 1210 713 ὁμοδόξων
1260 643 1408 714 αὐτῷ
1453 660 1511 696 τε
1557 643 1653 696 καὶ
1700 643 1812 703 τοῖς
1853 639 2052 709 ὁμοίως

429 806 432 809 Ι
481 732 869 804 θρησκεύουσιν
905 734 984 796 εἰς
1027 734 1311 806 εύκτήριον
1353 729 1499 786 οἷκον
1535 731 2049 786 κατασκευασθέντι.

478 822 632 876 Μετὰ
663 821 719 876 δέ
759 823 930 878 ταῦτα
957 825 1263 895 περιφανὴς
1297 823 1404 877 τῶν
1434 825 1491 876 ἐν
1519 825 1586 893 τῇ
1618 822 1769 875 πόλει
1797 820 1931 885 νεὼς
1963 822 2056 888 γέ-

479 930 634 980 γονεν
663 907 836 982 οὗτος,
861 915 954 969 καὶ
981 915 1146 980 ἐστιν,
1182 915 1241 968 ού
1272 915 1430 986 μόνον
1457 914 1710 985 οίκοδομη
1721 915 1902 984 μάτων
1926 915 2053 967 κάλ-

479 1005 561 1057 λει
600 1022 659 1059 τε
698 1007 793 1061 καὶ
835 1007 1085 1077 μεγέθει,
1130 1006 1262 1061 ἀλλὰ
1310 1004 1405 1060 καὶ
1445 991 1689 1077 ἐναργῶν
1728 1005 2054 1074 θεοφανειῶν

479 1095 786 1164 ὠφελείαις.
832 1096 1245 1167 Προφαινομένη
1287 1097 1394 1166 γάρ
1427 1094 1612 1150 ἐνθάδε
1654 1095 1774 1150 θεία
1805 1095 2050 1166 δύναμις,

483 1186 631 1259 ὕπαρ
651 1205 709 1240 τε
731 1187 828 1241 καὶ
864 1189 920 1241 ἐν
943 1187 1208 1259 ὀνείρασι,
1239 1187 1453 1251 πολλοῖς
1481 1186 1741 1251 πολλάκις
1765 1186 1940 1249 νόσοις
1959 1187 2054 1240 καὶ

483 1279 855 1350 περιπετείαις
883 1283 1220 1350 πραγμάτων
1249 1279 1547 1350 κάμνουσιν
1578 1279 1848 1349 ἐπήμυνε.
1884 1278 2056 1331 Πεπί-

484 1389 702 1427 στευται
742 1373 800 1426 δὲ
843 1372 1045 1443 ταύτην
1088 1372 1186 1444 τὴν
1241 1371 1374 1426 Θεοῦ
1425 1371 1638 1444 μητέρα
1683 1371 1903 1442 Μαρίαν
1956 1370 2054 1442 τὴν

483 1462 642 1530 ἁγίαν
709 1462 981 1535 Παρθένον
1051 1460 1223 1517 εἶναι’
1286 1463 1456 1536 ταύτῃ
1523 1464 1632 1535 γὰρ
1690 1463 2052 1533 ἐπιφαίνεται.

495 1554 848 1608 ’Λναστασίαν
882 1555 938 1608 δέ
965 1555 1167 1626 ταύτην
1198 1555 1296 1626 τὴν
1327 1555 1620 1625 ἐκκλησίαν
1678 1554 2052 1625 ὀνομάζουσιν,

483 1645 558 1708 ὡς
594 1645 690 1716 μὲν
714 1644 922 1716 ᾠόμην,
961 1646 1151 1701 καθότι
1187 1646 1247 1700 τὸ
1276 1645 1452 1716 δόγμα
1477 1646 1576 1716 τῆς
1612 1646 1669 1700 ἐν
1705 1644 1909 1714 Νικαίᾳ
1933 1661 2028 1698 συν

484 1737 602 1791 όδου
639 1739 924 1802 πεπτωκὸς
949 1739 1050 1809 ἤδη
1081 1740 1137 1793 ἐν
1159 1737 1725 1792 Κωνσταντινουπόλει
1747 1737 1840 1789 καὶ
1863 1736 2023 1803 τεθνη

484 1828 598 1892 κὸς,
629 1828 706 1893 ὡς
735 1831 931 1895 εἰπεῖν,
963 1830 1049 1884 διὰ
1081 1831 1178 1900 τὴν
1210 1829 1439 1900 δύναμιν
1465 1829 1572 1882 τῶν
1603 1829 1944 1900 ἑτεροδόξων,
1973 1830 2056 1881 ἐνο

486 1918 612 1974 θάδε
659 1921 855 1993 ἀνέστη
905 1921 998 1975 καὶ
1039 1921 1238 1975 ἀνεὸίω
1269 1921 1358 1974 διὰ
1390 1920 1497 1978 τῶν
1527 1915 1822 1992 Γρηγθρίου
1859 1919 2052 1987 λόγων.

493 2015 584 2078 Ὠς
619 2013 676 2067 δέ
719 2030 882 2068 τινων
919 2013 1095 2085 ἀληθῆ
1137 2013 1316 2082 λέγειν
1360 2014 1783 2085 ἰσχυριζομένων
1821 2013 2052 2084 ἀκήκοα,

483 2106 925 2178 ἐκκλησιάζοντος
964 2107 1059 2160 τοῦ
1109 2105 1272 2170 λαοῦ,
1321 2106 1456 2178 γυνὴ
1508 2105 1765 2177 ἐγκύμων
1806 2104 1912 2158 ἀπὸ
1955 2103 2056 2172 τῆς

483 2197 731 2271 ὑπερῴου
761 2200 920 2262 στοᾶς
939 2199 1343 2262 καταπεσοῦσα,
1368 2198 1554 2253 ἐνθάδε
1575 2197 1803 2268 τέθνηκε
1828 2213 1843 2229 ο
1871 2195 2055 2265 κοινῆς

481 2291 540 2344 δέ
570 2290 719 2360 παρὰ
749 2289 962 2344 πάντων
995 2289 1158 2362 εὐχῆς
1195 2291 1282 2344 ἐπ’
1310 2291 1444 2361 αὐτῇ
1469 2289 1768 2360 γενομένης
1800 2289 2053 2357 ἀνέζησε,

484 2380 576 2432 καὶ
606 2380 703 2433 σὺν
729 2379 808 2449 τῷ
842 2379 1031 2450 βρέφει
1063 2377 1262 2450 ἐσώθη.
1299 2379 1386 2444 Ὡς
1413 2379 1506 2432 ἐπὶ
1539 2376 1826 2450 παραδόξῳ
1857 2377 1912 2431 δέ
1942 2377 2058 2429 θεό-

481 2467 577 2524 θεν
624 2468 918 2540 συμϐάντι,
969 2467 1173 2540 ταύτην
1223 2469 1380 2540 ἔλαχε
1432 2469 1532 2541 τὴν
1583 2468 1952 2540 προσηγορίαν
1997 2465 2056 2531 ἐξ

482 2558 692 2614 ἐκείνου
724 2561 753 2613 ό
777 2558 961 2622 τόπος.
986 2559 1097 2612 Καὶ
1122 2557 1250 2630 περὶ
1281 2559 1379 2626 μέν
1405 2559 1596 2612 τούτου
1622 2557 1860 2622 τοιοῦτος
1887 2558 2055 2611 εἰσέτι

480 2649 577 2704 νῦν
603 2649 826 2719 φέρεται
856 2649 1031 2718 λόγος.
1063 2649 1120 2702 Ὀ
1148 2649 1204 2702 δέ
1237 2647 1512 2719 βασιλεὺς,
1543 2649 1761 2720 πέμψας
1788 2649 1923 2720 πρὸς
1954 2651 2058 2718 Δη-

485 2740 730 2810 μόφιλον,
777 2738 1060 2794 ἐκέλευσεν
1096 2738 1257 2792 αὐτὸν
1293 2738 1435 2793 κατὰ
1458 2739 1518 2792 τὸ
1541 2739 1718 2810 δόγμα
1740 2739 1837 2810 τῆς
1868 2739 1926 2792 ἐν
1960 2739 2008 2791 Ν
2015 2756 2058 2790 ι·

483 2831 612 2903 καίᾳ
639 2830 854 2884 συνόδου
881 2831 1226 2902 θρησκεύειν,
1261 2831 1355 2883 xal.
1387 2830 1476 2883 τὸν
1517 2830 1646 2883 λαὸν
1690 2831 1768 2893 είς
1806 2829 2056 2900 ὁμόνοιαν

482 2922 656 2990 ἄγειν,
682 2921 716 2991 ἢ
745 2921 854 2976 τῶν
899 2921 1203 2992 ἐκκλησιῶν
1244 2923 1562 2992 ὑποχωρεῖν.
1582 2921 1638 2974 '0
1667 2921 1748 2986 δὲ,
1772 2921 1833 2974 τὸ
1857 2921 2058 2990 πλῆθος

485 3011 845 3082 συγκαλέσας,
876 3012 976 3083 τὴν
1003 3011 1263 3082 βασιλέως
1286 3012 1521 3083 ἐδήλωσε
1548 3013 1771 3083 γνώμην
1794 3029 1807 3044 ο
1854 3012 1949 3064 καῖ⁹
1978 3015 2057 3074 είς
2082 3041 2126 3099 c

480 3103 580 3174 τὴν
613 3103 903 3175 ὑστεραίαν
949 3102 1056 3173 πρὸ
1098 3101 1209 3156 τῶν
1253 3100 1448 3173 τειχῶν
1489 3101 1868 3172 ἐκκλησιάζειν
1924 3119 2056 3174 προ-

480 3195 778 3266 ηγόρευσεν
803 3212 818 3226 ·
846 3195 968 3248 ἐπεὶ
1012 3193 1174 3260 θεῖος,
1215 3193 1342 3265 ἔφη,
1385 3194 1658 3248 ἐπιτάττει
1696 3195 1880 3265 νόμος,
1923 3194 2058 3248 Ἐὰν

482 3286 638 3356 ὑμᾶς
663 3285 958 3340 διώκωσιν
1001 3285 1071 3339 ἐκ
1115 3285 1222 3354 τῆς
1251 3286 1483 3352 πόλεως
1510 3287 1761 3354 ταύτης,
1809 3286 2056 3356 φεύγετε

479 3380 570 3444 εις
593 3376 705 3446 τὴν
732 3375 949 3444 ἄλλην.
1001 3375 1189 3430 Τοιάδε
1231 3375 1562 3446 προσειπὼν,
1612 3377 1671 3441 ἐξ
1703 3377 1910 3431 ἐκείνου
1952 3378 2058 3448 πρὸ

481 3469 580 3539 τῆς
609 3469 815 3533 πόλεως
840 3467 1167 3540 ἐκκλησίαςε
1193 3484 1206 3498 ·
1249 3469 1345 3521 σὺν
1375 3467 1524 3538 αὐτῷ
1551 3468 1606 3521 δὲ
1631 3469 1724 3521 καὶ
1750 3469 1996 3533 Λούκιος,
2028 3471 2057 3522 ό

482 3560 648 3614 πάλαι
669 3561 805 3632 πρὸς
838 3559 946 3614 τῶν
980 3559 1188 3631 Ἀρείου
1213 3559 1310 3632 τὴν
1341 3559 1737 3629 Ἀλεξανδρέων
1764 3561 2055 3630 ἐκκλησίαν

481 3651 823 3722 ἐπιτραπείς.
854 3649 1157 3715 Ἐξελαθεὶς
1201 3650 1330 3723 γὰρ,
1375 3649 1451 3714 ὡς
1497 3649 1730 3721 εἴρηται,
1768 3651 1944 3720 φυγὰς
1976 3651 2056 3714 είς

482 3743 1046 3798 Κωνσταντινούπολιν
1074 3743 1264 3811 ἐλθὼν,
1297 3742 1481 3797 ἐνθάδε
1507 3742 1793 3813 διέτριϐεν.
1843 3743 2056 3796 ’Λπολι-

481 3835 690 3888 πόντων
749 3835 805 3888 δέ
849 3835 947 3906 τὴν
1014 3834 1310 3905 ἐκκλησίαν
1372 3835 1481 3888 τῶν
1535 3835 1675 3904 ἀμφὶ
1719 3835 2053 3906 Δημόφιλον,

481 3924 735 3979 εἰσελθὼν
763 3927 792 3978 ό
821 3924 1071 3994 βασιλεὺς
1097 3922 1322 3992 ηὔξατο.
1355 3923 1464 3975 Καὶ
1492 3922 1552 3972 τὺ
1582 3921 1639 3985 ἐξ
1671 3922 1898 3986 ἐκείνου,
1929 3927 2056 3988 τοὺς

481 4017 802 4088 εὐκτηρίους
861 4017 1039 4078 οἴκους
1097 4008 1357 4083 κατέσχον
1415 4015 1462 4066 οἱ
1507 4011 1714 4082 Τριάδα
1773 4013 2054 4083 ὁμοούσιον

485 4106 899 4179 πρεσϐεύοντες.
947 4106 1106 4170 Ἔτος
1129 4107 1186 4159 δέ
1222 4104 1380 4158 τοῦτο
1408 4099 1475 4176 ἦν
1504 4105 1562 4156 ἐν
1591 4096 1634 4172 ᾧ
1670 4104 1708 4156 Γ
1714 4105 1967 4176 ρατιανὺς
1995 4105 2055 4159 τὺ

482 4199 754 4269 πέμπτον,
801 4199 894 4252 καὶ
918 4197 1194 4260 Θεοδόσιος
1244 4195 1306 4249 τὸ
1349 4194 1561 4266 πρῶτον
1591 4195 1879 4248 ύπάτευον.
1916 4197 2052 4248 Τεσ-

483 4288 813 4360 σαρακοστδν
841 4289 896 4342 δὲ
927 4289 1062 4358 (89),
1103 4288 1192 4357 ἀφ’
1226 4281 1286 4342 οὗ
1316 4287 1425 4339 τῶν
1472 4285 1778 4358 ἐκκλησιῶν
1822 4287 2054 4358 ἐκράτη-

484 4398 583 4434 σαν
609 4381 660 4435 οἱ
685 4380 792 4434 ἀπὺ
819 4381 914 4451 τῆς
939 4379 1151 4449 Ἀρείου
1183 4378 1467 4448 αἱρέσεως.

2031 1675 2127 1774 ξΒ

2153 469 2459 540 mophilus;
2489 467 2787 539 Gregorius
2815 482 2942 523 vero
2964 467 3338 530 Nazianzenus
3368 475 3434 531 iis
3461 473 3717 544 prasidc-

2152 562 2242 616 bat
2275 560 2367 630 qui
2391 560 2712 614 Trinitatem
2745 559 3269 618 consubstantialem
3298 564 3713 632 profitebantur.

2154 650 2254 706 llic
2282 654 2337 705 iu
2383 651 2580 721 exigua
2610 650 2842 720 quadam
2883 651 3077 715 domo,
3123 668 3244 723 quae
3308 668 3404 722 per
3450 654 3714 723 quosdam

2153 740 2400 812 ejusdem
2437 740 2560 796 fidei
2591 741 2862 806 homines,
2894 751 3008 795 tum
3047 743 3173 812 ipsi,
3205 753 3318 798 tum
3353 743 3420 798 iis
3451 745 3540 813 qui
3569 758 3718 799 eam-

2153 832 2276 887 dem
2340 832 2658 903 religionem
2736 833 3123 902 sequebantur,
3177 835 3234 889 in
3287 834 3532 889 ecclesia:
3595 848 3719 902 spe-

2154 925 2292 978 ciem
2325 933 2654 980 commutata
2686 924 2886 992 fuerat,
2918 925 3178 982 colleCtas
3212 925 3426 996 agebat.
3457 923 3715 994 Sequenti

2154 1031 2283 1071 vero
2338 1024 2602 1086 tempore,
2663 1031 2775 1088 prae
2807 1016 3018 1072 cmteris
3078 1017 3236 1087 regiae
3278 1016 3432 1072 urbis
3470 1017 3720 1072 ecclesiis

2155 1111 2388 1166 illustris
2418 1111 2532 1165 haec
2555 1110 2678 1176 fuit,
2705 1118 2760 1165 et
2787 1125 2936 1164 nunc
2967 1124 3184 1181 quoque
3209 1116 3292 1164 est
3318 1127 3331 1164 :
3382 1125 3494 1164 nun
3542 1110 3721 1165 solum

2155 1200 2226 1254 ob
2243 1207 2532 1258 structurae
2554 1200 2878 1270 elegantiam
2897 1209 3061 1270 atque
3082 1199 3514 1269 amplitudinem,
3534 1215 3721 1255 verum

2155 1292 2317 1346 etiam
2351 1291 2422 1346 ob
2450 1291 2703 1347 assiduas
2729 1307 2852 1362 quae
2883 1307 2948 1347 ex
2971 1291 3138 1345 divini
3167 1291 3409 1347 numinis
3433 1291 3722 1361 praesentia

2155 1382 2266 1435 illic
2298 1381 2674 1451 percipiuntur
2707 1381 2997 1436 utilitates.
3031 1379 3244 1435 Etenim
3271 1380 3457 1435 divina
3485 1381 3586 1446 vis,
3610 1388 3722 1433 tam

2154 1473 2531 1542 vigilantibus,
2567 1488 2730 1543 quam
2767 1472 2824 1526 in
2874 1473 3102 1535 somnis,
3143 1472 3485 1528 manifestam
3536 1471 3610 1526 ibi
3665 1486 3725 1526 se

2157 1565 2441 1630 exhibens,
2483 1564 2672 1620 multis
2717 1578 3093 1634 saepenumero
3138 1563 3232 1632 qui
3271 1564 3356 1618 vel
3405 1563 3593 1618 morbo
3639 1561 3724 1617 vel

2156 1652 2388 1707 diversis
2420 1652 2640 1708 casibus
2670 1652 3074 1722 premebantur,
3113 1653 3396 1722 suppetias
3423 1652 3567 1706 tulit.
3592 1650 3724 1706 Cre-

2158 1743 2306 1796 ditur
2338 1752 2518 1799 autem
2548 1743 2661 1797 hzec
2689 1757 2808 1798 esse
2835 1758 2991 1799 sacra
3022 1741 3184 1814 Virgo
3215 1743 3384 1798 Maria
3408 1743 3501 1799 Dei
3524 1751 3721 1798 mater.

2158 1833 2250 1888 Sic
2281 1834 2424 1889 enim
2475 1849 2735 1905 apparere
2792 1836 2950 1890 solet.
3014 1833 3185 1889 Porro
3239 1837 3381 1890 hanc
3437 1835 3724 1891 ecclesiam

2154 1923 2502 1977 Anastasiam
2528 1923 2793 1985 nominat,
2819 1923 2890 1979 ob
2932 1923 3006 1989 id,
3034 1938 3152 1980 mea
3174 1924 3395 1995 quidem
3427 1924 3724 1988 sententia,

2154 2014 2297 2086 quod
2324 2013 2556 2069 Nicena:
2585 2015 2776 2086 synodi
2805 2014 3057 2069 doctrina
3090 2030 3184 2084 per
3217 2016 3520 2085 potentiam
3549 2014 3723 2070 luere-

2157 2085 2388 2159 ticorum
2420 2085 2684 2175 oppressa
2709 2105 2848 2175 jam,
2887 2113 3058 2176 utque
3085 2107 3158 2160 ita
3189 2106 3391 2172 dicam,
3438 2106 3723 2160 intermoro

2155 2199 2268 2260 tua,
2302 2193 2551 2265 Gregorii
2587 2196 2949 2252 concionibus
2981 2197 3038 2251 in
3064 2211 3130 2252 eo
3173 2198 3297 2252 loco
3341 2197 3608 2254 suscitata
3641 2213 3720 2253 re-

2155 2284 2380 2353 vixerit;
2416 2287 2552 2352 sive,
2581 2294 2639 2340 ut
2667 2302 2732 2342 ex
2770 2288 2891 2342 aliis
2923 2288 3252 2356 audivi,.qui
3303 2303 3379 2345 se-
3415 2303 3606 2344 verum
3643 2289 3723 2344 di.

2155 2390 2278 2429 cere
2307 2376 2716 2439 asseverabant,
2744 2391 2810 2432 eo
2838 2376 2985 2446 quod
3018 2375 3148 2431 dum
3189 2378 3426 2447 pepulus
3464 2378 3725 2435 collectas

2155 2466 2231 2520 ibi
2267 2466 2588 2534 celebraret,
2621 2467 2818 2523 mulier
2846 2466 3098 2537 quzedam
3132 2483 3417 2538 pnegnans
3465 2484 3532 2524 ex
3565 2484 3717 2538 supe-

2155 2554 2287 2608 riori
2313 2556 2528 2624 porticu
2556 2555 2801 2626 delapsa,
2836 2555 2987 2610 illico
3008 2555 3325 2626 exspiravit.
3353 2555 3518 2611 Facta
3540 2565 3724 2613 autem

2155 2645 2226 2700 ab
2259 2646 2514 2702 omnibus
2545 2647 2792 2702 oratione
2816 2662 2980 2717 super
3020 2647 3143 2717 ejus
3184 2645 3395 2707 funere,
3431 2647 3723 2702 confestim

2158 2736 2374 2804 revixit,
2412 2748 2466 2794 et
2502 2754 2608 2793 uua
2649 2755 2774 2794 cum
2805 2739 2940 2794 fretu
2965 2749 3181 2796 servata
3207 2748 3316 2797 est.
3345 2739 3423 2794 Ex
3457 2740 3725 2795 miraculo

2157 2825 2326 2896 igitur
2357 2826 2507 2898 quod
2543 2828 2808 2884 divinitus
2859 2828 2972 2884 illic
3025 2831 3354 2901 contigerat,
3422 2831 3582 2886 locus
3637 2830 3724 2884 hic
3820 2866 3824 2870 -

2158 2918 2416 2988 deinceps
2441 2919 2861 2989 appellationem
2889 2919 3049 2975 istam
3082 2921 3439 2976 sortitusest.
3471 2919 3732 2990 ELhujus

2159 3008 2377 3077 quidem
2418 3010 2496 3063 rei
2534 3010 2660 3066 talis
2689 3024 2858 3064 causa
2905 3011 3202 3073 exstitisse,
3264 3012 3559 3065 multorum
3610 3027 3727 3068 ser.-

2160 3099 2415 3156 mouibus
2449 3101 2750 3156 etiamnum
2791 3110 3146 3158 memoratur.
3178 3101 3446 3158 Caeterum
3490 3103 3719 3174 impera-

2158 3200 2244 3246 tor
2294 3207 2392 3262 per
2445 3193 2862 3250 internuntios‘
2931 3195 3214 3251 mandavit
3274 3195 3631 3265 Demophilo,
3670 3204 3723 3249 ut

2156 3283 2362 3338 Nicaeni
2413 3285 2638 3340 concilii
2683 3286 2847 3358 tidem
2869 3297 3216 3356 sequeretur,
3267 3295 3322 3342 et
3353 3287 3612 3357 populum
3661 3288 3728 3341 ad

2156 3374 2509 3430 concordiam
2541 3385 2819 3431 revocaret
2841 3395 2853 3430 :
2873 3377 2958 3432 sin
2981 3378 3180 3441 minus,
3203 3378 3452 3432 ecclesiis
3491 3377 3725 3432 cederet.

2157 3461 2263 3527 Qui
2304 3463 2490 3517 statim
2525 3471 2830 3518 convocata
2884 3465 3066 3533 populi
3105 3465 3494 3532 multitudine,
3525 3481 3730 3535 praece-

2158 3561 2310 3622 ptum
2351 3553 2700 3623 imperatoris
2734 3555 2815 3610 eis
2845 3555 3119 3625 exposuit,
3176 3564 3230 3611 et
3263 3557 3525 3626 postridie
3571 3565 3729 3612 extra

2158 3642 2348 3696 urbem
2405 3657 2464 3697 se
2525 3643 2782 3699 collectas
2852 3644 3257 3700 celebraturum
3327 3646 3728 3715 pronuntiavit.

2157 3732 2638 3804 Quandoquidem,
2698 3736 2900 3805 inquit,
2943 3737 3127 3791 divina
3173 3738 3257 3792 lex
3309 3737 3501 3807 jubet:
3536 3737 3595 3792 Si
3638 3755 3724 3793 vos

2155 3824 2417 3891 persecuti
2448 3824 2645 3893 fuerint
2667 3839 2732 3878 ex
2759 3823 2857 3878 hac
2882 3824 3031 3890 urbe,
3065 3825 3232 3895 fugite
3268 3825 3320 3879 iu
3349 3827 3513 3879 aliam
3536 3829 3576 3880 ³.
3603 3826 3726 3881 ilice

2155 3930 2279 3969 cum
2313 3915 2568 3979 dixisset,
2602 3917 2863 3986 populum
2913 3927 3068 3971 extra
3105 3917 3292 3970 urbem
3324 3917 3583 3986 deinceps
3613 3920 3727 3971 col-

2156 4006 2287 4078 legit
2316 4026 2328 4062 :
2365 4015 2419 4062 et
2452 4024 2554 4061 uua
2584 4023 2708 4062 cum
2737 4008 2829 4062 illo
2856 4006 3084 4069 Lucius;
3120 4008 3212 4077 qui
3245 4008 3374 4060 olim
3409 4009 3477 4061 ab
3501 4007 3728 4065 Arianis

2155 4099 2544 4154 Alexandrinae
2570 4100 2818 4154 ecclesiae
2854 4100 3147 4169 episcopus
3170 4098 3347 4152 fuerat
3365 4099 3722 4155 constitutus.

2155 4190 2290 4247 lude
2339 4193 2484 4246 enim
2535 4193 2826 4262 expulsus,
2878 4192 2955 4244 uti
3004 4205 3170 4260 supra
3232 4191 3547 4254 retulimus,
3596 4205 3721 4244 cum
3815 4199 3820 4202 '

2158 4285 2389 4353 fugisset
2415 4283 2979 4354 Constantinopolim,
3013 4285 3068 4336 in
3108 4298 3171 4336 ea
3213 4283 3350 4337 urbe
3380 4283 3722 4337 morabatur.

2083 4374 2291 4433 DCum
2346 4377 2512 4446 igitur
2573 4375 2926 4445 Demophilus
2979 4390 3088 4430 una
3131 4387 3255 4430 cum
3313 4375 3432 4430 suis
3485 4374 3722 4429 ecclesia

480 4471 858 4536 abscessisset,
897 4471 1194 4542 imperator
1265 4471 1321 4525 in
1364 4485 1482 4525 eam
1541 4469 1846 4539 ingressus,
1902 4469 2068 4525 Deum
2147 4473 2344 4527 oravit.
2392 4471 2571 4541 Atque
2627 4486 2692 4525 ex
2725 4484 2791 4524 eo
2849 4476 3094 4539 tempore
3147 4468 3200 4526 hi
3256 4469 3349 4537 qui
3393 4466 3720 4521 Trinitatem

482 4562 999 4618 consubstantialem
1029 4562 1443 4632 profitebantur,
1481 4559 1748 4613 ecclesias
1779 4557 2153 4613 obtinuerunt.
2199 4561 2392 4614 Aunus
2411 4569 2591 4614 autem
2655 4558 2744 4612 hic
2764 4565 2902 4623 erat,
2958 4573 3066 4626 quo
3121 4555 3416 4612 Gratianus
3451 4557 3725 4626 quintum

479 4660 535 4711 et
561 4653 726 4726 284
747 4653 1090 4711 Theodosius
1118 4653 1352 4724 primum
1395 4651 1744 4707 consulatum
1773 4666 1990 4721 gessere
2015 4667 2029 4704 :

481 4749 843 4820 dragesimus.

553 4931 571 4962 '
604 4930 760 4987 Socr.
793 4930 889 4986 lib.
919 4945 992 4996 tv,
1019 4943 1068 4984 c.
1111 4928 1160 4980 7.
1238 4927 1258 4957 ’
1285 4924 1480 4983 Matth.
1513 4939 1570 4993 ι,
1593 4921 1682 4978 25.

2107 4665 2176 4706 ex
2205 4667 2315 4721 quo
2365 4667 2494 4706 vero
2549 4650 2735 4704 Ariani
2774 4649 3042 4705 ecclesias
3088 4657 3519 4720 occupaverant,
3583 4664 3720 4718 qua-

1654 5079 1921 5138 VALESII
1955 5046 2510 5156 ANNOTATlONES.
2568 5105 2570 5107 ν

553 5184 664 5255 (89)
707 5179 1316 5255 Taceapaxoo'tdr__8é.
1357 5178 1502 5255 idem
1530 5193 1752 5255 quoque
1805 5186 2042 5255 testatur

400 5282 415 5295 -
480 5249 832 5310 Marcellinus
855 5249 1051 5309 (iotnes
1080 5256 1132 5305 iu
1175 5252 1429 5305 Chronico
1454 5265 1473 5302 :
1507 5249 1641 5314 Aug.
1683 5266 1734 5313 γ,
1778 5257 1824 5302 et
1873 5250 2040 5303 Tlteo-

476 5306 879 5393 ἇῦέὲᾶῥιέέὶιὶιὶηὶ
910 5306 1048 5377 coss.
1082 5321 1183 5393 [Iis
1218 5320 1530 5393 caitsulibus
1569 5306 1891 5393 Theodosius
1923 5319 2039 5393 Μῃ-

476 5414 632 5465 gnus,
654 5388 930 5465 postquam
959 5393 1022 5446 de
1061 5390 1332 5465 Scythicis
1370 5388 1608 5465 gentibus
1662 5389 2036 5465 triumphavit,

476 5457 710 5533 Expulsis
740 5457 985 5518 continuo
1018 5463 1080 5515 ab
1106 5457 1517 5533 orthodoxbrum
1551 5457 1785 5533 Ecclesia
1821 5460 2038 5513 Ariani:

475 5529 565 5605 qui
595 5552 711 5590 eam
737 5551 827 5604 per
864 5535 934 5588 40
979 5534 1146 5605 ferme
1178 5547 1341 5605 annos
1382 5529 1476 5605 sub
1507 5529 1725 5605 Arionis
1766 5530 2042 5605 imperato-

477 5598 623 5658 ribus
657 5598 949 5662 tenuerant.
979 5598 1176 5657 nostris
1216 5600 1490 5653 catholicis
1531 5598 1850 5651 orthodoxus
1884 5600 2036 5652 resti-

479 5677 579 5730 tuit
612 5677 893 5745 imperator
930 5691 1096 5729 meuse
1127 5671 1414 5726 Decembri.
1445 5669 1740 5724 Ecclesium
1779 5669 2043 5724 Constat»

2146 5177 2567 5248 tinopolitanam
2598 5175 2958 5231 obtinuerunt
2990 5176 3182 5248 Ariani
3207 5177 3320 5248 jam
3349 5176 3536 5248 inde__a
3570 5175 3716 5230 (Ion-

2148 5244 2339 5302 stan‘tii
2389 5247 2747 5314 temporibus,
2805 5255 2936 5302 tunc
2974 5263 3094 5301 cum
3130 5244 3397 5301 Eusebius
3460 5244 3716 5300 Nicome-

2144 5318 2352 5372 diensis
2390 5317 2706 5385 episcopus,
2747 5316 2925 5385 ejecto
2986 5317 3179 5380 Paulo,
3232 5331 3350 5369 eam
3395 5314 3578 5385 sedem
3612 5315 3716 5369 ob-

2148 5388 2335 5441 tinuit.
2367 5384 2522 5452 Quod
2559 5384 2911 5442 factumesse
2937 5402 3080 5439 anno
3103 5385 3304 5440 Christi
3333 5384 3557 5453 circiter
3584 5385 3715 5453 539,

2145 5457 2308 5512 docui
2345 5457 2399 5510 in
2434 5457 2527 5511 lib.
2564 5472 2624 5518 ll,
2657 5472 2778 5526 cap.
2814 5456 2847 5510 5
2879 5456 3318 5526 Obseruatiouum
3385 5452 3712 5526 ecclesiastié

2146 5543 2348 5580 rerum.
2386 5527 2470 5581 Al)
2501 5527 2604 5580 hoc
2627 5523 2773 5580 anno
2796 5540 2970 5594 usque
2987 5523 3068 5595 _ad
3094 5524 3334 5595 primitur
3368 5524 3714 5595 consulatum

2150 5596 2466 5658 Theodosii,
2514 5597 2604 5665 qui
2667 5596 2768 5648 fuit
2802 5592 2942 5646 anno
2975 5592 3180 5665 Christi
3216 5592 3342 5659 580,
3402 5593 3527 5648 anui
3588 5604 3722 5650 sunt

2155 5663 2546 5737 quadraginta,
2576 5675 2628 5722 et
2661 5668 2803 5735 quod
2835 5663 3076 5720 excurrit
