4054 6188
373 224 509 282 {6'19

1325 226 1655 288 HISTORIA
1713 232 2270 296 ECCLESIASTICA.
2335 237 2663 295 —LlB.V|l.

3477 243 3613 300 i630

365 344 556 399 λεσθαι
599 346 690 400 τὸν
738 345 1046 416 πρεσϐύτην
1085 345 1419 417 ὑϐριστικῶς
1450 350 1753 408 ἐκέλευσεν.
1800 355 1861 407 Ὀ
1887 354 1944 408 δέ

2064 358 2398 428 imperatoris
2433 367 2615 413 autem
2661 357 2828 412 ﬁlium
2862 360 2952 428 qui
2990 374 3093 413 una
3129 375 3255 415 cum
3288 368 3443 432 patre
3475 363 3613 419 resi-

369 438 751 508 ρῦστιζόμενος,
785 439 1139 509 ἐπιστραφεὶς
1165 434 1337 494 εἶπεν·
1374 440 1534 498 Οῦτω
1562 444 1627 516 δὴ
1655 446 1873 517 νόμισον
1896 442 1942 502 ὢ

370 527 614 601 βασιλεῦ,
659 526 753 579 καὶ
792 526 885 580 τὸν
917 527 1166 597 οὐράνιον
1196 530 1421 602 Πατέρα
1448 533 1774 601 ἀγανακτεῖν
1807 538 1944 608 πρὸς

364 619 494 682 τοὺς
532 617 799 688 ἀνομοίως
848 617 938 671 τὸν
971 619 1103 674 Υίδν
1144 621 1442 691 τιμῶντας,
1481 626 1574 679 καὶ
1602 627 1801 697 ἥττονα
1826 629 1946 681 τολ-

284 746 293 752 -
372 709 591 780 μῶντας
637 709 930 765 ἀποκαλεῖν
976 713 1071 766 τοῦ
1124 716 1498 785 γεννήσαντος.
1560 718 1844 785 Ἀγασθεὶς
1889 719 1946 772 δὲ

365 801 459 854 ἐπὶ
510 799 590 869 τῷ
640 801 923 872 είρημένῳ
972 804 1001 856 6
1046 804 1336 875 βασιλεὺς,
1409 808 1808 878 μετεκαλέσατο
1856 808 1947 862 τὸν

367 889 536 961 ἱερέα,
565 890 659 943 καὶ
692 892 1023 965 συγγνώμην
1068 896 1207 966 ﬁrst,
1261 898 1355 951 καὶ
1404 899 1618 970 ἀληθῶς
1668 902 1948 973 εἰρηκέναι

368 979 755 1049 συνωμολόγει.

367 1069 622 1139 προσίετο
667 1071 791 1139 τοὺς
825 1074 975 1145 παρὰ
1015 1075 1172 1130 τοῦτο
1207 1077 1546 1143 δοξάζοντας.
1587 1082 1695 1135 Καὶ
1723 1081 1821 1147 τὰς
1856 1084 1941 1137 ἐπ’

368 1162 577 1232 ἀγορᾶς
602 1160 784 1234 ἔριδας
822 1165 913 1219 καὶ
953 1166 1198 1229 συνόδους
1228 1168 1606 1241 ἀπηγόρευσεο
1647 1171 1742 1225 καὶ
1770 1171 1945 1225 διαλέ-

369 1252 563 1321 γεσθαι
608 1255 697 1310 τὸν
742 1256 905 1310 αὐτὸν
953 1258 1154 1328 τρόπον
1194 1260 1323 1331 περὶ
1354 1262 1543 1326 οὐσίας
1591 1264 1684 1317 καὶ
1729 1262 1943 1332 φύσεως

369 1342 529 1409 Θεοῦ,
573 1345 674 1400 οὐκ
717 1347 996 1402 ἀκίνδυνον
1037 1350 1292 1416 ἐποιεῖτο,
1338 1352 1502 1423 νόμον
1549 1354 1772 1426 θέμενος
1820 1354 1949 1427 περὶ

368 1434 584 1502 τούτου,
618 1438 714 1491 καὶ
742 1440 1011 1511 τιμωρίαν
1039 1441 1250 1511 όρίσας.

2046 445 2247 511 debat,
2328 448 2757 519 haudquaquam
2807 449 2971 503 simili
3018 448 3229 506 honore
3282 462 3613 522 prosecutus

2046 544 2130 591 est
2155 553 2168 600 ;
2200 536 2295 592 sed
2322 538 2546 607 propius
2566 535 2857 601 accedens,
2882 536 3027 591 velut
3051 536 3116 592 ad
3139 554 3400 607 puerum:
3432 537 3613 605 Salve,

2047 625 2247 695 inquit,
2284 626 2379 692 ﬁli,
2412 642 2646 697 eumque
2681 626 2851 697 digito
2882 626 3193 684 demulcere
3240 629 3428 699 coepit.
3474 628 3614 685 Tum
3657 640 3666 648 ‘

2048 732 2179 772 vero
2212 718 2505 787 imperator
2535 726 2865 785 commotus,
2890 730 2942 775 et
2971 729 3230 790 tanquam
3257 720 3327 777 ob
3351 720 3612 789 injuriam

2053 808 2165 863 ﬁlio
2199 807 2399 863 factam
2430 809 2769 879 indignatus,
2802 810 2949 879 quod
2982 825 3089 866 non
3146 811 3290 882 pari,
3330 826 3440 883 quo
3476 811 3613 880 ipse.

2053 898 2261 953 honore
2282 897 2512 953 ali'ectus
2539 898 2755 964 luisset,
2779 914 2964 956 senem
2988 900 3383 957 contumeliose
3418 900 3617 970 expelli

835 984 948 1037 Καὶ
1028 986 1429 1057 ἀσφαλέστερος
1489 988 1780 1059 γενόμενος
1802 1031 1816 1056 ,
1880 993 1940 1046 οὐ

2064 988 2232 1049 iussit.
2265 986 2370 1053 Qui
2418 986 2545 1042 dum
2600 989 3019 1056 exturbaretur,
3072 1005 3376 1047 conversus
3432 990 3612 1046 dixit:

2052 1082 2178 1136 Pari
2210 1081 2395 1147 modo,
2441 1080 2759 1151 imperator,
2810 1081 3087 1137 cmlestem
3139 1096 3356 1153 quoque
3400 1079 3616 1135 Patrem

2053 1188 2377 1230 succensere
2410 1173 2477 1229 iis
2512 1173 2790 1238 existima,
2828 1173 2920 1245 qui
2961 1172 3158 1227 Filium
3196 1172 3371 1244 ipsius
3411 1170 3618 1241 dispari

2051 1264 2200 1318 cultu
2261 1272 2611 1327 venerantur,
2637 1277 2690 1318 et
2725 1263 2991 1320 Genitore
3037 1279 3139 1319 suo
3192 1266 3460 1320 minorem
3492 1280 3617 1341 eum

2053 1355 2327 1425 appellare
2358 1370 2464 1409 non
2499 1355 2773 1411 dubitant.
2805 1355 2960 1422 Quod
2988 1356 3199 1411 dictum
3250 1357 3483 1411 miratus
3517 1357 3619 1409 im-

2052 1454 2291 1515 perator,
2333 1448 2672 1501 sacerdotem
2713 1449 3027 1512 revocavit,
3067 1447 3392 1519 veniamque
3441 1447 3510 1503 ab
3554 1461 3620 1500 eo

370 1532 530 1603 petiit
555 1572 572 1600 ,
604 1547 843 1604 veraque
872 1534 1025 1588 illum
1065 1534 1272 1591 dixisse
1299 1535 1590 1593 confessus
1623 1546 1732 1595 est.
1774 1540 1951 1609 Atque
1988 1536 2187 1592 exinde
2216 1536 2433 1591 cautior
2457 1536 2652 1601 factus,
2685 1553 2780 1593 eos
2808 1539 2901 1608 qui
2942 1539 3100 1595 aliter
3168 1540 3438 1596 sentirent
3509 1556 3618 1593 nan

376 1621 620 1676 admisit.
644 1620 1040 1679 Contentiones
1065 1637 1289 1694 quoque
1309 1635 1364 1682 et
1386 1634 1562 1683 coetus
1590 1627 1645 1682 in
1686 1627 1805 1684 foro
1865 1628 1980 1684 ﬁeri
2020 1628 2193 1682 vetuit
2220 1645 2233 1681 :

2311 1634 2479 1696 utque
2528 1627 2597 1681 de
2644 1636 2839 1682 natura
2880 1636 2934 1683 et
2981 1630 3288 1684 substantia
3323 1628 3415 1684 Dei
3457 1629 3620 1685 solito

376 1732 530 1773 more
563 1716 847 1787 disputare
877 1718 1304 1788 haudquaquam
1334 1730 1512 1778 tutum
1543 1730 1710 1791 esset,
1736 1723 1939 1789 eﬂ'ecit,
1981 1723 2089 1777 lata
2122 1722 2263 1792 lege,
2294 1731 2348 1776 et
2388 1734 2548 1791 poena
2590 1721 2645 1776 in
2675 1736 2792 1777 eam
2828 1736 2942 1776 rem
2976 1722 3299 1777 constituta.

988 1812 1236 1867 ΚΕΦΑΛ.
1279 1815 1351 1870 Z'.
1985 1821 2030 1877 Β

374 1902 515 1974 Περὶ
544 1900 653 1971 τῆς
682 1900 965 1974 δευτέρας
994 1902 1166 1974 ᾀγίας
1205 1906 1624 1974 οἰκουμενικῆς
1662 1909 1949 1971 συνόδου,

447 1972 585 2045 ('5er
606 1970 609 1971 ⁷
630 1970 727 2024 καί
764 1971 862 2045 did
906 1970 1088 2045 :ror’dg'
1117 1974 1314 2045 αἰτίαν
1341 1970 1633 2045 dvo-sorti.
1684 1979 1793 2032 Kal
1821 1970 1953 2045 περὶ

449 2040 556 2107 τῆς
585 2040 997 2109 παραιτήσεως
1028 2043 1355 2113 Fpnroplov
1389 2044 1494 2098 τοῦ
1526 2040 1842 2116 Θεολόπου.

458 2133 546 2185 Ἐν
567 2131 719 2203 τάχει
743 2148 801 2185 τε
825 2132 916 2185 καὶ⁵
942 2132 1156 2187 σύνοδον
1179 2134 1493 2189 ἐπισκόπων
1518 2137 1786 2209 ὁμοδόξων
1807 2138 1956 2209 αῦτῷ

378 2221 697 2278 συνεκάλεσε
718 2224 763 2286 ε,
796 2222 1137 2295 βεδαιότητός
1157 2242 1216 2278 τε
1233 2225 1394 2280 ἕνεκα
1412 2227 1598 2287 τῶνέν
1623 2229 1824 2301 Νικαίᾳ
1865 2229 1954 2282 δο-

377 2314 602 2381 ξάντων,
625 2313 719 2367 καὶ
746 2315 1078 2385 χειροτονίας
1109 2315 1202 2370 τοῦ
1227 2316 1506 2387 μέλλοντος,
1524 2320 1839 2374 ἐπισκοπεῖν
1866 2320 1956 2373 τὸν

378 2405 997 2469 Κωνσταντινουπόλεως
1018 2406 1224 2478 θρόνον.
1267 2407 1585 2461 ’Υπολαὸὼν
1615 2409 1671 2462 δέ
1695 2408 1955 2463 δύνασθαι

379 2497 612 2567 συνάψαι
666 2500 731 2567 τῇ
784 2497 1009 2550 καθόλου
1056 2496 1356 2569 Ἐκκλησία⁵
1419 2501 1546 2563 τοὺς
1592 2499 1958 2569 καλουμένους

379 2587 832 2650 Μακεδονιανοὺς,
880 2586 954 2650 ὡς
997 2587 1071 2658 μὴ
1109 2587 1238 2659 περὶ
1273 2587 1413 2660 μέγα
1442 2605 1496 2641 τι
1540 2588 1958 2661 διαφερομένους
1976 2648 1991 2669 ί

379 2682 438 2732 ἐν
465 2681 531 2748 τῇ
575 2679 715 2731 κατά
758 2676 820 2730 τὸ
864 2678 1040 2747 δόγμα
1078 2677 1325 2749 ζητήσει,
1360 2679 1680 2734 συνεκάλεσε
1715 2681 1810 2733 καὶ
1836 2680 1959 2734 τού-

378 2785 524 2831 τους.
549 2768 815 2837 Συνῆλθον
836 2763 946 2831 οὖν,
976 2770 1040 2821 ἐκ
1064 2768 1161 2839 μὲν
1190 2768 1298 2821 τῶν
1328 2769 1609 2840 όμοούσιον
1630 2770 1728 2840 τὴν
1758 2770 1961 2840 Τριάδα

380 2857 728 2923 δοξαζόντων,
763 2858 905 2929 ἀμφὶ
951 2859 1144 2912 ἐκατδν
1190 2859 1283 2912 καλ⁵
1331 2861 1669 2931 πεντήκοντα
1693 2875 1706 2889 ·
1764 2860 1873 2914 τῶν
1905 2860 1962 2914 δὲ

382 2947 493 3001 ἀπὸ
519 2949 616 3017 τῆς
644 2947 974 3001 Μακεδονίου
1008 2948 1291 3018 αἱρέσεως,
1325 2947 1385 3012 ἓξ
1418 2949 1511 3001 καὶ
1540 2950 1854 3019 τριάκοντα,
1887 2943 1961 3003 ὧν

384 3038 436 3089 οἱ
466 3036 681 3099 πλείους
710 3035 1005 3106 ἐτύγχανον
1039 3038 1103 3089 ἐκ
1142 3036 1248 3090 τῶν
1283 3037 1408 3108 περὶ
1442 3038 1533 3092 τὸν
1576 3039 1961 3111 Ἑλλήσποντον

2690 1812 2843 1869 CAP.
2879 1812 2987 1867 VII.

2056 1905 2135 1960 De
2180 1905 2411 1960 secunda
2452 1905 2741 1960 universali
2797 1908 2998 1975 synodo
3025 1923 3043 1959 :
3080 1906 3217 1959 unde
3271 1914 3321 1959 et
3348 1922 3505 1975 quam
3561 1904 3622 1957 ob

2123 1992 2343 2046 causam
2366 1985 2683 2046 congregata
2703 1976 2793 2030 sit.
2817 1974 2883 2028 Et
2904 1975 2967 2029 de
2982 1986 3274 2044 spontaneo
3294 1974 3626 2030 abdicatione

2127 2043 2364 2115 Gregorii
2398 2043 2667 2114 Tlieolbgi.

2127 2135 2236 2192 Nec
2270 2136 2444 2195 multo
2474 2143 2619 2206 post,
2654 2135 3041 2206 episcoporum
3074 2134 3480 2191 communionis
3513 2149 3627 2189 sua:

2058 2228 2331 2299 synodum
2383 2228 2728 2291 convocavit,
2763 2235 2877 2281 tum
2932 2236 2991 2282 ut
3020 2224 3226 2279 Nicauni
3274 2224 3495 2280 concilii
3531 2224 3627 2278 de-
3740 2234 3749 2238 ·

2059 2326 2208 2374 creta
2237 2319 2723 2382 conﬁrmarentur,
2756 2329 2869 2372 tum
2908 2326 2968 2372 ut
2998 2316 3631 2385 Constantinopolitana:

2042 2408 2206 2464 sedis
2231 2408 2522 2478 episcopus
2554 2406 2983 2462 constitueretur
3009 2407 3048 2461 ⁸.
3078 2405 3325 2474 Cumque
3350 2404 3634 2459 existima-

2059 2505 2143 2551 ret
2174 2510 2271 2552 eos
2298 2496 2390 2566 qui
2419 2494 2792 2551 Macedoniani
2837 2494 3119 2560 dicuntur,
3159 2493 3413 2550 Ecclesia:
3445 2495 3633 2549 catho-

2060 2588 2176 2643 licae
2208 2587 2370 2642 facile
2400 2585 2623 2657 adjungi
2658 2600 2841 2655 posse,
2886 2585 3091 2655 quippe
3124 2585 3223 2655 qui
3270 2585 3325 2638 in
3384 2583 3634 2638 doctrina

2061 2679 2191 2734 ﬁdei
2224 2694 2333 2733 non
2389 2692 2719 2747 magnopere
2770 2676 3122 2742 dissiderent,
3163 2677 3268 2730 hos
3312 2676 3475 2730 etiam
3511 2674 3633 2729 cuin

2062 2769 2275 2825 caneris
2301 2768 2568 2823 evocavit.
2601 2765 2679 2819 Ex
2710 2765 2778 2821 iis
2807 2765 2977 2837 igitur
3005 2764 3100 2834 qui
3130 2762 3457 2818 Trinitatem
3502 2777 3637 2816 con-

2063 2860 2479 2918 substantialem
2529 2858 2951 2929 proﬁtebantur,
3001 2863 3381 2913 convenerunt
3409 2861 3575 2909 centu
3602 2871 3633 2905 ιι

2062 2955 2284 3008 circiter
2312 2960 2366 3008 et
2400 2951 2836 3023 quinquaginta,
2907 2966 2971 3006 ex
3024 2947 3434 3005 Macedonianis
3485 2960 3634 3006 vero.

2065 3056 2157 3095 sex
2186 3048 2238 3095 et
2269 3041 2529 3109 triginta:
2574 3054 2809 3110 quorum
2842 3038 3094 3110 plerique
3146 3048 3305 3094 erant
3338 3052 3407 3091 ex
3445 3038 3640 3091 civita-

386 3127 612 3181 πόλεων.
662 3126 922 3195 Ἡγοῦντο
970 3126 1025 3179 δὲ
1069 3126 1272 3181 τούτων
1319 3128 1588 3193 Ἐλεύσιος
1633 3132 1660 3183 6
1696 3130 1958 3195 Κυζίκου,

2066 3132 2213 3187 tibus
2265 3131 2414 3185 circa
2480 3130 2897 3200 Hellespontum
2965 3131 3108 3186 sitis.
3142 3128 3423 3184 Praeerant
3459 3136 3639 3181 autem

387 3219 482 3273 ttat
512 3218 822 3290 Μαρκιανὸς
851 3219 879 3271 6
925 3218 1227 3289 Λαμψάκου
1254 3235 1268 3249 θ
1318 3219 1439 3274 τῶν
1474 3220 1532 3273 δὲ
1582 3219 1755 3275 ἄλλων
1799 3221 1967 3292 Τιμόο

388 3310 526 3375 θεος,
568 3312 596 3362 6
644 3308 751 3362 τῶν
790 3309 1184 3382 Ἀλεξανδρέων
1234 3310 1435 3364 διέπων
1482 3311 1702 3383 θρόνον,
1753 3312 1815 3365 ού
1862 3314 1970 3385 πρὸ

388 3399 585 3454 πολλοῦ
617 3400 1036 3470 τετελευτηκότα
1083 3400 1322 3471 Πέτρον,
1365 3401 1591 3471 ἀδελφὸν
1632 3402 1760 3456 ὄντα
1803 3403 1969 3457 αὐτοῦ

387 3491 767 3562 διαδεξάμενος
786 3508 801 3522 ’
835 3492 928 3545 καὶ
959 3491 1216 3555 Μελέτιος
1240 3494 1268 3544 ό
1295 3493 1626 3563 Ἀντιοχείας
1651 3495 1967 3561 ἐπίσκοπος,

392 3582 494 3655 ἤδη
530 3581 716 3654 πρώην
742 3584 823 3647 είς
843 3582 1412 3636 Κωνσταντινούπολιν
1438 3583 1528 3637 διὰ
1550 3586 1650 3656 τὴν
1670 3584 1969 3655 Γρηγορίου

393 3674 727 3728 κατάστασιν
766 3675 1098 3746 ἀφικόμενος
1121 3691 1135 3707 ⁸
1185 3675 1279 3728 καὶ
1310 3675 1577 3745 Κύριλλος
1608 3677 1637 3729 6
1683 3676 1973 3748 Ἱεροσολύ-

398 3781 533 3829 μων,
568 3764 964 3835 μεταμεληθεὶς
982 3767 1128 3829 τότε,
1155 3768 1237 3819 ὅτι
1265 3769 1525 3838 πρότερον
1550 3767 1617 3820 τὰ
1642 3768 1971 3822 Μακεδονία.)

396 3855 633 3924 ἐφρόνει.
680 3857 786 3909 Σὺν
830 3856 1042 3920 τούτοις
1075 3858 1132 3910 δὲ
1164 3853 1326 3928 ἦσαν,
1369 3858 1640 3929 Ἀσχόλιός
1686 3877 1742 3913 τε
1783 3862 1812 3914 6
1842 3860 1974 3914 Θεσ-

400 3947 708 4017 σαλονίκης,
738 3948 834 4000 καὶ
878 3948 1140 4017 Διόδωρος
1184 3951 1212 4002 6
1249 3950 1483 4021 Ταρσοῦ,
1530 3950 1624 4004 καὶ
1657 3953 1911 4016 Ἀκάκιος
1946 3954 1975 4005 6

368 4038 373 4043 ’
400 4036 641 4110 Βεροίας.
676 4040 737 4091 Οἳ
770 4039 834 4110 δὴ
865 4038 1066 4103 πάντες
1092 4039 1369 4094 ἐπαινέται
1402 4044 1761 4113 τυγχάνοντες
1792 4044 1891 4114 τῆς
1917 4045 1976 4099 ἐν

398 4130 606 4202 Νικαίᾳ
631 4130 1021 4204 βεϐαιωθείσης
1042 4134 1280 4205 γραφῆς,
1302 4134 1508 4187 ἐδέοντο
1533 4136 1712 4203 σφίσιν
1733 4136 1975 4207 ὁμογνώ-

403 4238 571 4291 μονας
607 4221 863 4290 γενέσθαι
891 4224 1018 4287 τοὺς
1049 4224 1193 4294 ἀμφὶ
1216 4224 1507 4287 Ἐλεύσιον,
1536 4221 1977 4298 ἀναμιμνήσκον-

401 4328 493 4374 τες
521 4305 595 4365 ὧν
628 4329 685 4364 τε
720 4313 855 4383 πρὸς
897 4314 1146 4385 Λιδέριον
1186 4314 1622 4386 ἐπρεσϐεύσαντο
1651 4319 1745 4370 καὶ
1772 4318 1977 4389 ὡμολό-

403 4419 581 4473 γησαν
623 4404 711 4458 διὰ
740 4404 1060 4470 an-morm,
1105 4408 1199 4462 καὶ
1229 4407 1510 4475 Σιλϐανοῦ,
1555 4410 1648 4463 καὶ
1695 4409 1973 4479 Θεοφίλου,

2067 3222 2187 3277 istis
2216 3219 2471 3276 Eleusius
2498 3219 2826 3291 Cyziccnus,
2871 3230 2923 3275 et
2974 3219 3284 3275 Marcianus
3318 3217 3643 3288 Lampsace-

2068 3328 2194 3368 nus.
2252 3312 2478 3368 Czeteris
2537 3327 2666 3366 vero
2696 3310 3018 3368 Timotheus
3063 3309 3444 3366 Alexandrina:
3496 3305 3646 3361 sedis

2070 3406 2304 3459 antistes
2339 3403 2690 3474 praesidebat,
2720 3402 2814 3472 qui
2850 3404 3014 3470 paulo
3068 3410 3227 3455 antea
3267 3399 3428 3455 Petro
3490 3398 3643 3452 fratri

2071 3509 2173 3549 suo
2204 3510 2270 3550 ex
2292 3494 2393 3548 hac
2424 3495 2545 3547 luce
2575 3493 2815 3555 sublato,
2839 3492 2893 3545 in
2923 3492 3241 3561 episcopatu
3260 3498 3641 3544 successerat:

2070 3597 2123 3641 et
2151 3601 2275 3640 cum
2307 3600 2372 3640 eo
2408 3584 2656 3639 Meletius
2687 3585 2979 3653 episcopus
3025 3582 3350 3647 Antiochiae,
3410 3582 3503 3651 qui
3533 3596 3643 3635 non

2071 3679 2148 3732 ita
2179 3676 2382 3731 dudum
2419 3676 2784 3732 ordinationis
2837 3674 3086 3745 Gregorii
3134 3689 3299 3730 causa
3334 3674 3646 3730 Constanti-

2073 3767 2311 3836 nopolim
2338 3766 2673 3822 advenerat:
2709 3775 2763 3821 et
2790 3764 3033 3836 Cyrillus
3063 3765 3358 3834 episcopus
3390 3764 3648 3820 Hieroso-

2074 3857 2368 3927 lymorum,
2413 3857 2734 3928 paenitentia
2775 3866 2888 3910 tum
2947 3856 3151 3911 ductus
3215 3856 3361 3927 quod
3395 3855 3642 3926 opinioni

2074 3946 2377 4003 Macedonii
2416 3948 2652 4004 antehac
2686 3948 3029 4005 adhaesisset.
3062 3948 3305 4002 Aderant
3347 3962 3455 4000 una
3520 3962 3645 3999 eum

2076 4042 2200 4098 istis
2250 4042 2543 4098 Ascholius
2574 4041 3003 4106 Thessalonicae,
3050 4039 3317 4095 Diodorus
3360 4038 3540 4103 Tarsi,
3593 4047 3648 4091 et

2076 4130 2241 4203 286
2264 4131 2499 4187 Aeacius
2538 4131 2741 4186 Beroea:
2788 4132 3099 4201 episcopus.
3134 4129 3239 4195 Qui
3272 4130 3495 4199 quidem
3526 4145 3647 4183 om-

2077 4240 2177 4280 nes
2208 4240 2332 4280 cum
2365 4224 2489 4278 ﬁdei
2533 4223 2822 4278 formulam
2863 4224 2916 4276 in
2952 4222 3188 4277 cont-ilio
3254 4221 3475 4276 Nicmno
3518 4236 3653 4274 con~

2078 4315 2340 4383 scriptam
2364 4312 2755 4382 approbarent,
2784 4311 2851 4366 ab
2871 4311 2955 4366 his
2978 4312 3070 4380 qui
3100 4327 3222 4365 cum
3252 4311 3472 4366 Eleusio
3492 4318 3649 4363 erant

2078 4406 2511 4468 contenderunt,
2570 4411 2630 4458 ut
2688 4418 2814 4457 cum
2851 4403 2989 4472 ipsis
3037 4402 3353 4458 consentire
3406 4403 3647 4456 vellent:

400 4490 479 4555 ὡς
524 4490 758 4562 εἴρηται.
814 4494 977 4548 Ἀλλά
1024 4499 1075 4549 οί
1132 4498 1263 4567 μὲν,
1318 4499 1523 4569 μήποτε
1567 4478 1851 4569 ὁμοούσιον
1900 4500 1962 4571 τᾷ

2085 4504 2409 4553 revocantes
2449 4496 2556 4551 illis
2591 4495 2644 4548 in
2681 4496 3000 4551 memoriam
3038 4494 3362 4565 legationem
3390 4508 3556 4563 quam
3582 4492 3650 4547 ad

404 4583 580 4653 Πατρὶ
604 4582 695 4637 τὸν
726 4583 852 4636 Υίὸν
881 4585 1123 4653 δοξάζειν
1168 4589 1466 4657 ἀναφανδὸν
1498 4591 1760 4654 εἰπόντες,
1804 4592 1853 4643 εί
1887 4592 1979 4645 καὶ

405 4673 621 4727 ἐναντία
655 4677 773 4739 ταῖς
806 4676 941 4747 πρὸς
969 4678 1217 4749 Λιὸέριον
1249 4680 1559 4750 ὁμολογίαις
1589 4681 1805 4753 ἐροῦσιν
1840 4682 1975 4754 (94),

480 4853 494 4886 ⁸
522 4853 678 4908 Socr.
706 4854 798 4909 lib.
830 4871 882 4922 v,
908 4856 1031 4911 c.8.

2082 4588 2359 4644 Liberium
2416 4587 2701 4651 miserant,
2747 4593 2801 4641 et
2854 4586 3206 4655 sponsionem
3261 4599 3426 4654 quam
3471 4584 3650 4637 eidem

2084 4682 2329 4736 l‘ecerant
2358 4696 2452 4751 per
2480 4679 2845 4744 Eustathium,
2873 4675 3154 4734 Silvanum
3180 4692 3242 4733 ac
3267 4674 3651 4748 Theophilum,

1537 5036 1803 5092 VALESII
1856 5037 2406 5099 ANNOTATIONES.

482 5149 822 5233 (94).El~xal
855 5150 1105 5233 ἐναντίᾳ
1133 5151 1262 5233 ταῖς
1283 5152 1741 5233 ίτρὸςηΛιϐᾀριον
1768 5155 1982 5233 ὁμολοέ

415 5223 570 5294 τίαις
595 5220 820 5288 ἐροῦσι.
855 5220 958 5274 Pro
985 5223 1151 5276 verbo
1186 5221 1369 5291 ἐροῦσι
1407 5222 1536 5276 Nicc
1583 5224 1749 5277 ltorus
1832 5224 1979 5278 osuit

414 5289 588 5359 εἶπον,
614 5293 759 5363 quod
784 5291 1033 5347 eumdem
1066 5292 1229 5347 habet
1252 5308 1497 5349 sensum.
1528 5238 1595 5347 [Et
1627 5291 1768 5348 hanc
1794 5238 1978 5348 nectie-

2088 5171 2212 5210 nem
2245 5159 2428 5234 secuti
2455 5160 2714 5216 videntur
2772 5163 3119 5234 interpretes.
3159 5161 3269 5217 Nos
3314 5169 3493 5215 tamen
3534 5152 3655 5208 vul-

2096 5238 2275 5297 gatam
2323 5230 2654 5301 scripturam
2707 5230 2931 5290 minime
2972 5234 3322 5304 rejiciendam
3372 5236 3647 5299 putamus-

1829 5471 2210 5531 VARIORUM.

493 5569 519 5609 ⁸
544 5569 811 5644 Σύνοᾷον
838 5570 1232 5644 (ξυνεκᾴᾷεσε.
1288 5567 1473 5644 Mense
1505 5567 1645 5623 Man
1693 5570 1822 5624 anni
1890 5567 1958 5623 58

2064 5571 2231 5644 inquit
2259 5574 2489 5632 Cavcus.
2563 5572 2661 5629 Cui
2725 5568 2999 5627 consentit
3050 5568 3173 5621 Ant.
3244 5565 3367 5637 Pagi
3408 5565 3471 5619 ad
3528 5579 3649 5621 eum

420 5653 647 5695 annum.
686 5639 819 5695 Vide
850 5640 1003 5695 Socr.
1036 5640 1129 5695 lib.
1167 5655 1218 5703 v,
1256 5652 1377 5708 cap.
1412 5636 1468 5693 8.
