4054 6188
445 195 576 253 1431

1912 189 2259 247 ὃΟΖΟΜΕΝΙ

3565 201 3702 254 1452

441 315 586 369 sicut
618 319 776 366 antea
826 310 1034 365 dictum
1099 318 1201 365 est.
1244 309 1443 365 Verum
1483 311 1560 364 illi
1622 325 1748 364 cum
1807 309 2013 365 diserte

2124 313 2494 384 ἀπεδήμησαν.
2565 315 2673 368 Καὶ
2733 317 2846 377 τοῖς
2909 314 3049 369 κατά
3099 314 3252 368 πόλιν
3307 317 3705 386 ὁμοτρονοῦσιν

443 407 828 474 allirmassent,
857 419 1137 473 nunquam
1175 420 1232 458 se
1278 404 1806 460 consubstantialem
1868 403 2016 456 Patri

443 497 640 551 Filium
670 505 992 551 asserturos
1019 513 1162 559 esse,
1191 496 1408 550 etiamsi
1467 497 1743 550 contraria
1774 497 1841 552 iis
1896 511 2018 566 qua:

444 586 664 641 Liberio
687 587 920 656 polliciti
949 586 1168 640 fuerant
1191 585 1394 640 dicturi
1418 585 2015 642 essentdiscesserunt.

446 678 510 732 Et
530 678 596 732 ad
621 693 718 732 eos
744 677 837 748 qui
868 678 922 732 in
957 678 1194 748 singulis
1235 677 1466 732 urbibus
1497 678 1741 748 opinioni
1771 679 2016 747 ipsorum

443 769 822 833 adhaerebant,
861 769 1076 826 litteras
1110 771 1480 841 scripserunt,
1522 787 1590 824 ne
1636 769 1877 826 decretis
1925 768 2018 823 Ni-

443 876 605 915 caana:
643 860 839 932 synodi
884 862 1282 916 consentirent.
1338 860 1553 932 Reliqui
1588 877 1715 915 vero
1770 861 2016 930 episcopi

441 951 538 1020 qui
567 951 1056 1022 Constantinopoli
1089 964 1490 1017 remanserant,
1530 953 1670 1006 inter
1709 967 1769 1005 se
1794 953 2018 1006 consul-

444 1049 654 1104 taruut,
685 1043 902 1097 cuinam
937 1043 1284 1112 potissimum
1325 1043 1676 1113 episcopatus
1715 1043 1834 1112 ejus
1865 1043 2018 1097 urbis

440 1136 893 1190 committeretur.
919 1135 1129 1190 Etenim
1153 1137 1311 1190 aiunt
1365 1136 1749 1205 imperatorem
1773 1137 2016 1207 quidem,

441 1242 568 1280 cum
600 1226 924 1297 Gregorium
953 1229 1024 1282 oh
1054 1229 1218 1282 vitam
1254 1237 1421 1297 atque
1447 1227 1757 1282 doctrinam
1792 1243 2016 1298 magno-

443 1338 576 1391 pere
613 1323 932 1386 miraretur,
967 1337 1091 1377 enm
1119 1321 1226 1376 hoc
1269 1322 1591 1392 pontiﬁcatu
1619 1320 1847 1391 dignum
1888 1335 2017 1376 cen-

443 1415 663 1470 suisse:
700 1425 754 1470 et
787 1416 1086 1485 plerosque
1115 1430 1182 1470 ex
1213 1414 1492 1484 episcopis
1521 1413 1618 1484 qui
1652 1413 1890 1467 concilio
1935 1413 2019 1467 in-

443 1516 711 1570 tererant,
761 1521 871 1576 prae
921 1505 1224 1562 reverentia
1283 1519 1392 1574 qua
1452 1503 1706 1575 Gregorii
1762 1503 2016 1558 virtutem

444 1599 934 1670 prosequebantur,
1011 1598 1358 1668 imperatoris
1419 1595 1694 1667 judicium
1761 1610 2018 1666 compro-

444 1691 630 1746 basse.
667 1690 849 1761 Ipsum
883 1707 1011 1747 vero
1045 1691 1396 1761 Gregorium,
1434 1689 1592 1745 initio
1623 1689 1846 1760 quidem
1881 1688 2018 1743 Con-

444 1781 948 1852 stantinopolitanae
995 1781 1258 1837 Ecclesiae
1310 1780 1843 1836 administrationem
1908 1795 2016 1833 non

445 1872 676 1927 invitmu
732 1874 1084 1943 suscepisse;
1141 1883 1329 1941 postea
1399 1888 1527 1928 vero
1583 1887 1712 1925 cum
1747 1869 2013 1941 quosdam

443 1963 749 2018 antistitem
787 1981 850 2019 ac
879 1964 1156 2034 praecipue
1187 1963 1477 2034 Egyptios
1511 1961 1776 2030 refragari
1812 1959 2018 2015 intelli«

443 2064 617 2124 geret,
649 2069 768 2110 eam
803 2071 1090 2110 recusasse
1119 2056 1158 2108 ‘.
1191 2055 1270 2108 Ac
1303 2054 1436 2107 mihi
1467 2052 1688 2122 quidem
1722 2051 2018 2121 sapientis-

443 2147 640 2200 simum
671 2146 819 2201 hunc
850 2147 1050 2209 virum,
1091 2154 1206 2200 tum
1242 2145 1312 2199 ob
1357 2145 1464 2198 alia
1504 2143 1708 2205 multa,
1742 2151 1859 2196 tum
1904 2159 2019 2196 ma-

450 2237 598 2293 xime
649 2237 704 2293 in
741 2239 846 2294 hoc
908 2239 1132 2310 negotio
1183 2237 1373 2292 mirari
1425 2236 1594 2291 subit.
1661 2234 1798 2288 Nam
1841 2249 2020 2304 neque

446 2330 586 2384 l'astu
615 2330 792 2386 elatus
837 2339 924 2386 est
978 2338 1203 2401 propter
1256 2327 1617 2393 facundiam;
1679 2342 1780 2381 nec
1835 2326 2020 2382 inanis

444 2422 633 2490 gloriae
678 2422 867 2478 studio
906 2425 956 2478 ei
999 2423 1260 2478 Ecclesia:
1325 2421 1622 2491 prmsidere
1677 2419 2016 2489 concupivit,

443 2529 609 2580 quam
641 2529 780 2584 pene
811 2515 1143 2570 exstinctam
1179 2529 1242 2569 ac
1273 2521 1547 2568 mortuam
1583 2513 1700 2580 ipse
1727 2512 2018 2581 regendam

445 2616 799 2676 susceperat;
832 2606 928 2662 sed
961 2607 1380 2678 reposcentibus
1409 2605 1686 2677 episcopis
1709 2603 2018 2673 depositum

447 2690 706 2762 reddidit,
727 2699 862 2753 nihil
885 2698 954 2754 de
982 2701 1172 2754 multis
1201 2699 1484 2754 laboribus
1507 2699 1625 2752 suis
1653 2703 2016 2765 conquestus,

447 2789 582 2845 nihil
608 2789 676 2846 de
709 2792 970 2862 periculis
999 2807 1121 2862 qua:
1151 2792 1416 2846 adversus
1450 2787 1685 2845 luereSes
1729 2787 2020 2843 decertans

445 2883 712 2939 subierat.
751 2884 912 2955 Atqui
952 2885 1085 2939 nulli
1119 2899 1285 2955 grave
1324 2883 1574 2937 futurum
1613 2891 1755 2947 erat,
1804 2880 1851 2934 si
1903 2880 2020 2953 ipse

2117 404 2384 476 ἔγραψαν,
2421 405 2496 475 μή
2530 404 2821 458 συνθέσθαι
2861 409 2974 470 τοῖς
3001 408 3064 460 ἐν
3095 407 3301 478 Νικαίᾳ
3332 407 3701 478 δεδογμένοις.

2119 497 2184 548 Oi
2212 494 2267 548 δὲ
2291 498 2348 548 ἐν
2375 497 2943 551 Κωνσταντινουπόλει
2969 499 3422 569 προσμείναντες,
3450 501 3706 554 ἐϐουλεύ-

2120 605 2279 642 σαντο
2314 588 2419 641 τίνι
2461 588 2570 642 δέοι
2601 588 2886 658 ἐπιτρέψαι
2915 589 3014 660 τὴν
3045 590 3232 644 ἐνθάδε
3265 591 3560 662 καθέδραν.
3606 595 3703 646 Λέ-

2117 697 2271 747 γεται
2320 679 2450 750 γὰρ,
2487 679 2578 732 τὸν
2626 679 2852 749 βασιλέα
2903 680 3002 750 μὲν
3045 681 3397 750 θαυμάζοντα
3447 683 3574 750 βίου
3621 687 3707 737 καὶ

2119 771 2227 823 τῶν
2257 769 2430 838 λόγων
2464 769 2786 840 Γρηγόριον,
2816 770 2965 835 ἄξιον
2997 771 3339 842 ψηφίσασθαι
3368 773 3585 843 ταύτης
3614 774 3706 843 τῆς

2119 861 2424 929 ἐπισκοπῆς
2448 878 2460 891 ·
2495 861 2806 915 συναινέσαι
2837 861 2893 915 δὲ
2925 863 3020 915 καὶ
3046 863 3173 926 τοὺς
3199 863 3417 927 πλείους
3449 866 3557 934 τῆς
3590 883 3709 918 συν-

2119 952 2261 1015 όδου,
2290 951 2428 1005 αἰδοῖ
2450 952 2548 1021 τῆς
2580 952 2744 1005 αὐτοῦ
2780 952 3015 1024 ἀρετῆςο
3051 952 3142 1007 τὸν
3165 953 3242 1017 δὲ,
3279 955 3345 1008 τά
3377 955 3480 1024 μὲν
3513 957 3710 1026 πρῶτα

2122 1044 2337 1097 ἑλέσθαι
2388 1045 2711 1113 προστατεῖν
2760 1045 2860 1115 τῆς
2917 1046 3553 1111 Κωνσταντινουπόλεως
3622 1050 3706 1102 ἐκ-

2120 1134 2347 1205 κλησίας
2370 1152 2383 1165 ’
2419 1135 2735 1204 αἰσθόμενον
2759 1135 2816 1188 δέ
2841 1153 2991 1200 τινας
3016 1137 3260 1208 ἀντερεῖν
3277 1139 3326 1201 ιι,
3351 1139 3446 1191 καί
3469 1139 3711 1208 μάλιστα

2118 1227 2244 1289 τοὺς
2272 1226 2331 1290 ἐξ
2357 1225 2652 1294 Αἰγύπτου,
2673 1227 3134 1298 παραιτήσασθαι.
3169 1228 3276 1281 Καί
3300 1245 3390 1298 μοι
3414 1229 3532 1296 (95)
3567 1229 3710 1281 τόνδε

2123 1315 2432 1385 σοφώτατον
2460 1317 2626 1386 ἄνδρα
2654 1316 2874 1370 πάντων
2898 1316 3105 1379 ἕνεκεν,
3154 1316 3254 1386 οὐχ
3290 1318 3493 1386 ἥκιστα
3527 1317 3593 1370 δὲ
3622 1317 3711 1371 τοῦ

2121 1394 2387 1478 παρόντος
2435 1405 2832 1478 θαυμάζεσθαι.
2881 1404 3018 1460 Οΰτε
3068 1407 3178 1477 γὰρ
3232 1406 3338 1459 ὑπὸ
3370 1406 3713 1475 εὐγλωττίας

2121 1500 2424 1570 ἐνεπλήσθη
2445 1499 2635 1568 τύφου,
2655 1497 2778 1551 οὔτε
2798 1498 2903 1552 ὑπὸ
2931 1499 3092 1568 κενῆς
3122 1497 3277 1568 δόξης
3303 1500 3382 1562 εἰς
3405 1499 3714 1568 ἐπιθυμίαν

2120 1589 2283 1664 ἦλθεν
2311 1591 2563 1663 ήγεῖσθαι
2603 1591 2704 1660 τῆς
2734 1589 3027 1660 ἐκκλησίας
3069 1590 3136 1660 ἢν
3185 1589 3480 1659 παρέλαϐε,
3508 1593 3712 1660 μηκέτι

2119 1680 2257 1737 εἷναι
2295 1682 2728 1736 κινδυνεύουσαν.
2777 1681 3092 1734 Ἀπαιτοῦσι
3136 1680 3191 1734 δὲ
3232 1683 3345 1743 τοῖς
3382 1681 3710 1746 ἐπισκόποις

2119 1775 2216 1846 τὴν
2262 1773 2731 1845 παρακαταθήκην
2795 1771 3078 1826 ἀπέδωκεν
3105 1813 3120 1836 ,
3178 1774 3240 1825 οὐ
3293 1774 3420 1834 τοὺς
3476 1772 3711 1836 πολλοὺς

2121 1866 2350 1937 ἱδρῶτας
2396 1864 2770 1937 μεμψάμενος,
2812 1864 2845 1934 ἢ
2885 1865 3011 1926 τοὺς
3049 1863 3331 1928 κινδύνους
3358 1864 3454 1926 οὓς
3495 1865 3708 1932 ὑπέστη

2119 1956 2253 2027 πρὸς
2285 1957 2383 2018 τὰς
2421 1957 2661 2026 αἱρέσεις
2695 1953 3040 2026 ζυγομαχῶν.
3090 1955 3348 2022 Καίτοιγε
3399 1955 3462 2010 τὸ
3500 1954 3712 2007 λυποῦν

2118 2047 2269 2100 οὐδὲν
2294 2043 2382 2117 ἦν,
2413 2045 2636 2118 μηδενὸς
2659 2045 2831 2106 ὄντος.
2867 2045 3048 2115 μένειν
3078 2044 3238 2099 αὐτὸν
3270 2046 3712 2099 Κωνσταντινου-

2118 2138 2326 2201 πόλεως
2370 2136 2686 2191 ἐπίσκοπον.
2733 2135 2874 2206 Ἤδη
2908 2135 3015 2206 γὰρ
3050 2137 3144 2190 καὶ⁸
3174 2134 3484 2200 Ναξίανξοῦ
3520 2135 3712 2206 ἔτερος

2119 2229 2416 2291 ἐπίσκοπος
2445 2227 2874 2300 κεχειροτόνητο.
2914 2228 3056 2281 Ἀλλ’
3079 2229 3230 2300 ὅμως
3264 2229 3298 2300 ή
3336 2227 3582 2292 σύνοδος,
3617 2230 3712 2282 καὶ

2119 2322 2246 2385 τοὺς
2286 2322 2547 2393 πατρίους
2585 2321 2782 2392 νόμους
2816 2321 2912 2375 καὶ
2944 2321 3043 2390 τὴν
3067 2319 3530 2392 ἐκκλησιαστικὴν
3555 2321 3713 2386 τάξιν

2121 2414 2484 2484 φυλάττουσα,
2514 2413 2542 2467 ὃ
2569 2414 2788 2477 δέδωκε,
2823 2415 2950 2484 παρ’
2981 2412 3196 2476 ἐκόντος
3220 2413 3516 2482 ἀπείληφε,
3543 2413 3714 2483 μηδὲν

2120 2505 2424 2560 αἰδεσθεῖσα
2450 2505 2557 2558 τῶν
2588 2503 2682 2558 τοῦ
2713 2504 2905 2575 ἀνδρὸς
2929 2503 3441 2573 πλεονεκτημάτων.
3491 2502 3583 2564 Ὠς
3619 2503 3715 2556 ἐπὶ

2123 2597 2364 2668 μεγίστῳ
2401 2599 2458 2652 δὲ
2500 2596 2973 2668 πεφροντισμένης
3016 2594 3213 2666 βουλῆς
3253 2594 3331 2664 τῷ
3367 2593 3586 2664 βασιλεῖ
3620 2595 3716 2647 καὶ

2118 2695 2229 2755 τοῖς
2279 2691 2512 2763 ἱερεῦσιν
2555 2690 2750 2762 οὔσης,
2805 2688 3271 2760 παρεγγυωμένου
3313 2705 3372 2740 τε
3421 2687 3518 2740 τοῦ
3560 2704 3718 2758 κρα-

2118 2781 2338 2845 τοῦντος
2368 2779 2570 2853 ἀκριϐῆ
2613 2778 2941 2849 ποιήσασθαι
2977 2778 3242 2848 βάσανον,
3289 2777 3440 2839 ὅπως
3485 2777 3572 2828 ὅτι
3605 2776 3715 2846 μά-

2119 2873 2276 2926 λιστα
2321 2871 2480 2935 καλός
2532 2889 2592 2924 τε
2641 2871 2735 2924 καὶ
2777 2869 2980 2938 ἀγαθὸς
3014 2868 3284 2940 εὑρεθείη,
3319 2861 3364 2936 ᾧ
3397 2867 3585 2937 δεήσει
3622 2885 3716 2919 πι-

443 2977 950 3046 Constantinopolis
980 2978 1274 3048 episcopus
1310 2983 1645 3040 remaneret,
1678 2989 1803 3028 cum
1831 2973 2016 3028 nullus

2124 2964 2342 3018 στεῠσαι
2375 2963 2475 3034 τῆς
2524 2963 2783 3034 μεγίστης
2815 2962 2910 3014 καὶ
2943 2960 3330 3030 βασιλευούσης
3363 2959 3578 3022 πόλεως
3606 2960 3714 3028 τὴν

449 3065 520 3119 ibi
545 3075 692 3120 esset
721 3066 886 3122 alius.
925 3065 1047 3120 Jam
1076 3068 1222 3121 enim
1253 3065 1511 3120 Nazianzi
1551 3065 1689 3119 alter
1721 3062 2014 3133 episcopus

450 3155 624 3208 fuerat
653 3155 965 3212 ordinatus.
1001 3155 1369 3211 Nihilominus
1405 3167 1586 3212 tamen
1629 3163 1819 3210 sancta
1851 3167 2016 3224 syno-

447 3249 552 3304 dus
583 3249 731 3318 leges
770 3250 1067 3320 majorum,
1111 3257 1164 3304 et
1204 3248 1464 3304 Ecclesia:
1502 3245 1852 3316 disciplinam
1897 3253 2018 3299 stu-

2121 3057 2538 3128 ἀρχιεροσύνην,
2571 3056 2630 3108 ού
2661 3055 2762 3124 τὴν
2793 3053 2962 3123 αὐτὴν
2988 3052 3213 3122 γνώμην
3237 3047 3383 3121 εἶχεν
3409 3052 3441 3122 '1;-
3468 3050 3711 3110 σύνοδος.

2128 3150 2390 3202 Ἕκαστοι
2438 3149 2493 3202 δέ
2551 3165 2672 3202 τινα
2729 3147 2839 3200 τῶν
2902 3146 3081 3208 αὐτοῖς
3144 3143 3463 3214 ἐπιτηδείων
3521 3142 3716 3211 ἠξίουν

2129 3244 2471 3311 χειροτονεῖν.

447 3339 599 3394 diose
629 3355 880 3406 servans,
916 3340 968 3394 id
1001 3341 1147 3410 quod
1180 3339 1429 3404 dederat,
1502 3355 1532 3391 a
1602 3337 1819 3389 volente
1861 3333 2094 3402 recepit,
2133 3333 2364 3387 eximias
2395 3333 2515 3401 ejus
2544 3331 2653 3384 viri
2684 3329 2844 3384 dotes
2872 3327 3300 3396 haudquaquam
3354 3324 3519 3395 287
3555 3338 3714 3378 reve—

450 3433 575 3487 rita.
615 3431 782 3488 l’orro
805 3448 928 3488 cu:u
963 3433 1266 3503 imperator
1297 3439 1352 3487 et
1385 3428 1627 3500 episcopi
1654 3435 1916 3497 tanquam
1954 3425 2021 3481 de
2063 3440 2122 3480 re
2159 3423 2380 3477 maximi
2419 3423 2682 3478 momenti
2717 3421 3127 3483 consultantes,
3187 3417 3484 3472 admodum
3555 3416 3710 3469 anxii

449 3529 778 3600 sollicitique
806 3537 1023 3592 essent,
1077 3537 1133 3584 et
1161 3529 1458 3602 imperator
1494 3527 1610 3597 ipse
1641 3524 2026 3580 cohortaretur
2106 3531 2164 3576 ut
2199 3519 2437 3595 diligens
2482 3518 2770 3592 inquisitio
2813 3518 2968 3575 ﬁeret
3010 3514 3206 3587 optimi
3247 3521 3410 3584 atque
3458 3512 3712 3582 integer-

558 3683 576 3716 ί
601 3683 756 3739 Socr.
789 3681 827 3738 1.
882 3698 933 3748 v,
964 3695 1015 3736 c.
1045 3681 1102 3736 7.

1647 3866 1910 3922 VALESII
1948 3864 2498 3923 ANNOTATIONES.

521 3956 637 4038 (95)
667 3955 776 4038 καί
801 3953 1251 4038 μοιηίιρηνίουε.
1283 3955 1530 4038 savilius
1561 3957 1616 4012 in
1648 3961 1894 4038 margine
1942 3959 2027 4013 sui

453 4026 664 4086 codicis
689 4026 972 4082 adnotavit
988 4026 1180 4082 deesse
1201 4027 1288 4084 hic
1311 4027 1533 4098 aliquod
1552 4029 1797 4084 verbum.
1818 4026 2023 4084 Verum

2137 3973 2204 4012 ex
2227 3956 2534 4024 Nicepltoro
2564 3954 2725 4012 facile
2745 3961 2832 4011 est
2869 3955 3005 4011 illud
3043 3953 3302 4026 supplere
3325 3952 3381 4008 in
3412 3952 3560 4008 hunc
3595 3967 3710 4009 mo-

2133 4028 2301 4082 dum:
2353 4029 2458 4080 Καξ
2496 4045 2583 4098 μοι
2617 4027 2818 4081 ἔπεισι.

1870 4205 2260 4263 VARIORUM.

536 4301 953 4374 δΛισθόμενον
978 4302 1045 4357 δέ
1087 4319 1258 4368 τινας
1297 4303 1585 4372 ἀντερεῖν.
1637 4304 1697 4362 S.
1731 4305 2019 4374 Gregorius

2133 4319 2320 4374 pacem
2369 4305 2725 4358 conciliarent
2749 4321 2763 4371 ;

455 4373 857 4440 Nazianzenus,
904 4373 1340 4445 orthodoxorutu
1388 4375 1774 4445 episcopormn
1824 4373 2023 4428 studiis

458 4463 524 4502 ac
567 4445 844 4513 suﬂragiis
884 4444 1168 4505 incitatus,
1212 4443 1472 4499 Ecclesia?
1513 4443 2023 4512 Cdnstantirmpoli-

459 4530 599 4571 tante
625 4531 814 4569 curam
857 4515 910 4568 in
945 4527 1005 4568 se
1054 4514 1293 4584 recepit.
1315 4513 1410 4567 llic
1440 4515 1762 4584 aliquandiu
1797 4516 2026 4570 docebat

460 4589 513 4642 in
553 4585 668 4641 aede
700 4600 856 4640 sacra
890 4583 1204 4655 perexigua,
1233 4583 1300 4637 ad
1333 4600 1497 4652 quam
1534 4583 1721 4654 postea
1749 4586 2026 4655 amplissig

463 4671 609 4709 mum
641 4653 903 4724 templum
929 4653 1202 4724 adjectum
1224 4663 1337 4724 est,
1363 4653 1653 4712 Anastasia
1686 4653 1855 4720 dicta,
1880 4654 2025 4723 quod

460 4741 527 4778 eo
557 4727 609 4778 in
641 4722 767 4776 loco
790 4723 995 4777 Nicaeni
1030 4723 1254 4777 concilii
1304 4722 1455 4788 ﬁdes,
1489 4725 1771 4778 hominum
1821 4722 2025 4792 impro-

465 4795 639 4848 bitate
669 4793 933 4862 collapsa,
963 4793 1243 4848 revixerit.
1279 4792 1566 4848 Diuturnis
1610 4803 1792 4848 autem
1825 4793 2030 4846 labori-

464 4867 565 4919 bus
585 4863 900 4925 exantlatis,
918 4863 1120 4918 multos
1138 4878 1334 4932 passus
1359 4865 1687 4917 Arianormn
1712 4863 2026 4930 conﬂictus,

462 4933 697 5005 tandem
713 4949 782 4986 ne
804 4933 1214 5005 Catholicorutn
1233 4933 1469 5005 quidem
1515 4934 1704 5005 eﬂ‘ugit
1725 4933 2026 5005 invidiam.

465 5003 704 5074 Egyptii
731 5017 969 5071 namque
999 5004 1246 5073 episcopi
1270 5003 1593 5070 Maximum,
1637 5003 2029 5074 'philosOphum

463 5073 740 5148 cynicum,
773 5081 958 5143 postea
984 5073 1314 5148 Apollinaris
1346 5073 2020 5148 prmstigiisferxczecattmt,

465 5144 624 5214 cujus
658 5145 874 5200 fuerant
921 5144 1167 5214 corrupti
1219 5144 1487 5214 pecuniis,
1538 5144 1605 5200 in
1646 5146 1794 5200 illius
1842 5147 2020 5199 locum

467 5211 842 5272 tumultuariis
884 5211 1162 5284 sull'ragiis
1193 5211 1548 5270 sitlIecerunt.
1584 5216 1858 5271 Cessisset
1908 5225 2026 5270 sta-

467 5289 564 5341 tim
597 5284 914 5355 Gregorius,
945 5291 1000 5338 et
1029 5283 1085 5355 in
1109 5285 1507 5351 optatissimam
1545 5285 1783 5354 quietem
1812 5283 2022 5339 lubenti

467 5358 650 5410 animo
680 5354 954 5419 rediisset,
984 5354 1090 5408 nisi
1126 5355 1338 5422 piorum
1374 5356 1628 5424 precibus
1664 5355 1776 5410 fere
1822 5355 2025 5408 invitus

467 5429 726 5482 detentus
753 5426 965 5481 luisset.
998 5424 1310 5489 Quinetiam
1345 5441 1452 5478 non
1485 5426 1660 5478 multo
1701 5437 1823 5493 post
1865 5424 2025 5477 Mele-

469 5498 602 5576 tius,
634 5498 926 5576 cagterique
950 5495 1190 5564 episcopi
1223 5494 1314 5563 qui
1346 5496 1412 5548 ad
1446 5496 1698 5576 gciterale
1730 5495 2020 5576 concilium

474 5567 614 5623 hanc
643 5567 806 5620 etiam
835 5563 905 5622 ob
931 5563 1154 5621 causam
1181 5563 1468 5620 convocati
1503 5563 1735 5628 fuerant,
1787 5574 1846 5616 ut
1874 5565 2020 5616 tion-

476 5637 977 5710 Stautinopolitantc
1026 5635 1319 5702 Ecclesiae,
1381 5636 1583 5692 sedatis
1660 5635 2017 5697 tumultibus,

2842 4317 2969 4359 cum
3026 4305 3197 4374 probe
3251 4311 3478 4359 nossent
3542 4319 3709 4374 quam

2155 4375 2372 4444 egitime
2398 4375 2695 4445 Gregorius
2725 4389 2845 4429 eam
2889 4374 3192 4429 Ecclesiam
3239 4375 3534 4443 regendam
3584 4390 3711 4430 sas-

2137 4446 2401 4516 cepisset,
2452 4454 2517 4516 et
2566 4459 2728 4513 quam
2803 4445 3141 4501 salutaribus
3190 4445 3499 4516 praeceptis
3545 4455 3711 4512 atque

2135 4515 2405 4570 institutis
2439 4515 2795 4586 informasset
2846 4517 3050 4586 regiam
3094 4515 3394 4586 civitatem
3425 4515 3573 4568 inter
3628 4521 3708 4586 tot

2135 4586 2522 4641 haereticorum
2550 4585 2820 4654 procellas
2845 4583 3234 4652 ﬂuctuantem;
3259 4583 3494 4638 Maximo
3517 4584 3710 4654 cynico

2134 4673 2164 4711 e
2197 4659 2372 4711 sacris
2394 4653 2603 4710 aedibus
2632 4656 2943 4719 exturbato,
2975 4656 3204 4724 eiusque
3250 4655 3406 4710 Actis
3450 4653 3708 4708 omnibus

2129 4727 2430 4797 abrogatis,
2483 4725 2633 4797 illum
2688 4724 2742 4777 in
2796 4735 3056 4795 suscepto
3082 4724 3366 4797 regimine
3409 4724 3709 4797 conﬁrma-

2129 4793 2288 4851 runt:
2320 4796 2425 4852 Sed
2462 4795 2778 4865 paulopost
2807 4793 3027 4850 ntortuo
3052 4793 3286 4860 Meletio,
3309 4804 3364 4849 et
3387 4809 3418 4848 a
3446 4793 3711 4864 Gregorio

2128 4867 2381 4938 Nysseno
2435 4864 2650 4938 funebri
2705 4866 2957 4938 oratione
3016 4865 3266 4938 laudatp,
3322 4879 3447 4938 cum
3502 4865 3712 4938 videret

2130 4933 2429 5006 Gregorius
2488 4935 2670 5006 furere
2707 4935 2880 5005 magis
2936 4936 2990 4989 in
3023 4936 3141 4990 dies
3169 4933 3481 5006 Egyptios,
3505 4933 3710 5006 habita

2129 5003 2382 5064 oratione
2411 5008 2478 5061 ad
2503 5005 2611 5076 CL.
2642 5003 2851 5070 Patres,
2879 5017 3074 5076 sponte
3095 5003 3442 5060 dimissiOnis
3462 5004 3705 5076 libellum

2129 5079 2308 5150 petiit,
2340 5087 2396 5135 et
2427 5093 2486 5133 se
2523 5075 2825 5150 episcopali
2852 5073 3096 5150 munere
3129 5075 3455 5150 abdicavit,
3508 5073 3709 5150 [:ahbei

2131 5142 2380 5204 'llt'storia
2399 5142 2769 5217 conciliorum,
2801 5145 2868 5200 ad
2897 5162 3026 5200 ann.
3048 5148 3172 5206 581.
3201 5161 3328 5217 pag.
3353 5144 3479 5217 l_)l_6.
3509 5142 3710 5217 pstea-

2131 5219 2212 5274 dit
2239 5229 2422 5274 autem
2456 5218 2653 5273 Petrus
2705 5215 2774 5270 de
2806 5217 2985 5271 Marca
3021 5214 3312 5270 Damaémh
3355 5215 3462 5269 Pl‘.
3509 5214 3709 5268 Roma-

2133 5306 2265 5344 num
2293 5290 2562 5360 Gregorio
2596 5299 2705 5360 non
2737 5286 2958 5360 favisse,
3003 5288 3101 5342 sed
3146 5294 3344 5340 contra
3375 5287 3499 5360 ejus
3527 5293 3708 5338 trans-

2136 5355 2764 5440 lationem'scripsissen
2791 5359 3066 5440 quoniam
3085 5371 3328 5440 canones
3360 5355 3619 5440 vetabat“
3641 5368 3707 5406 ne

2133 5432 2260 5501 quis
2291 5424 2587 5501 episcopus
2619 5426 2686 5479 de
2719 5424 2943 5501 civitate
2997 5427 3418 5501 alia__in_aliam
3449 5424 3703 5479 traduce-

2133 5495 2305 5555 retur.
2330 5495 2398 5556 Ῥ.
2433 5495 2500 5556 nti
2530 5500 2742 5563 Manes,
2788 5499 2859 5554 De
2893 5497 3176 5553 concordia
3203 5495 3260 5553 S.
3286 5505 3341 5553 et
3368 5497 3432 5565 l.,
3470 5505 3608 5568 part.
3644 5507 3702 5556 tt,

2132 5588 2250 5643 pag.
2287 5572 2373 5628 55.
