4054 6188
336 269 478 326 “55

1294 271 1619 330 HISTORIA
1659 275 2226 333 ECCLESIASTICA.
2258 304 2323 317 -ο
2363 275 2494 332 LIB.
2541 274 2652 331 VII.

3432 270 3575 326 M54

336 385 467 441 rimi
497 385 622 452 viri,
656 387 746 442 cui
767 385 1113 457 amplissima:
1142 402 1203 441 ac
1237 389 1399 459 regiae
1430 392 1671 447 civitatis
1701 392 2078 449 sacerdotium
2143 393 2614 448 committeretur:
2673 387 2869 459 synodi
2936 395 3119 441 tamen
3188 395 3577 455 eptsCOpornm

338 488 686 545 nequaquam
740 473 878 529 idem
932 473 1170 528 studium
1211 475 1455 532 futurum
1514 479 1641 535 fuit.
1685 480 1899 553 Singuli
1938 482 2083 539 enim
2151 482 2391 555 aliquem
2424 498 2490 537 ex
2544 478 2877 536 necessariis
2909 477 3028 532 suis
3082 474 3342 532 ordinare
3391 474 3580 543 cupie-

341 568 493 622 bant.

932 659 1183 714 ΚΕΦΑΛ.
1227 662 1285 715 II'

340 755 481 825 Περὶ
512 753 623 821 τῆς
649 751 1087 825 προχειρίσεωςν
1105 754 1429 825 Νεκταρίου
1461 756 1573 825 sic:
1598 754 1707 809 τὸν
1744 759 1900 825 Καίν-

409 820 962 891 ὀντιιντινουπόλεως
985 824 1219 891 θρόνον,
1241 823 1337 877 καὶ
1366 824 1505 879 ὅθεν
1533 821 1631 895 ἦν,
1660 824 1757 879 καί
1785 820 1909 891 οἶος

413 894 519 949 τὸν
544 893 788 962 τρόπον.

426 985 512 1038 Ἐν
536 982 710 1056 τούτῳ
737 982 794 1037 δὲ
824 983 1122 1055 Νεκτάριός
1141 1002 1224 1048 τις
1247 984 1493 1057 Ταρσεὺς
1513 986 1612 1057 τῆς
1635 985 1906 1049 Κιλικίας,

341 1074 434 1129 τοῦ
461 1074 844 1146 λαμπροτάτου
876 1075 1152 1144 τάγματος
1181 1075 1279 1144 τῆς
1308 1074 1633 1146 συγκλήτου,
1671 1076 1728 1127 ὲν
1756 1075 1907 1128 Κων-

343 1166 777 1222 σταντινουπόλει
811 1166 1096 1238 διέτριϐεν.
1131 1167 1268 1238 Ἤδη
1304 1167 1361 1221 δὲ
1396 1166 1911 1237 παρεσκευασμένος

341 1260 423 1324 είς
441 1258 540 1330 τὴν
559 1259 794 1329 πατρίδα
831 1259 1067 1322 ἀπιέναι,
1097 1258 1454 1329 παραγίνεται
1488 1257 1621 1328 πρὸς
1649 1258 1910 1328 Διόδωρον

338 1353 432 1406 τὸν
464 1350 679 1419 Ταρσοῦ
713 1350 1029 1418 ἐπίσκοπον,
1070 1351 1183 1420 εἴγε
1234 1352 1472 1423 βούλοιτο
1516 1352 1748 1421 γράφειν
1793 1351 1911 1404 ἐπι-

343 1443 534 1507 στολὰς
587 1443 961 1512 κομισόμενος.
1021 1443 1220 1514 Ἔτυχε
1266 1444 1324 1497 δὲ
1366 1444 1485 1497 τότε
1536 1441 1912 1513 διανοούμενος

342 1536 464 1590 καθ’
498 1535 688 1590 ἑαυτὸν
717 1537 746 1589 ὁ
786 1536 1082 1606 Διόδωρος,
1127 1537 1247 1589 τίνα
1284 1536 1387 1607 χρὴ
1423 1535 1785 1606 προϐαλέσθαι
1831 1536 1912 1600 εἰς

341 1627 440 1697 τὴν
487 1625 925 1697 σπουδαζομένην
970 1627 1321 1697 χειροτονίαν.
1371 1628 1481 1681 Καὶ
1526 1627 1647 1680 ίδὼν
1680 1628 1760 1691 είς
1807 1626 1912 1679 Νε-

342 1717 603 1789 κτάριον,
648 1717 798 1784 ἀξιον
837 1713 973 1772 εἶναι
1015 1718 1117 1788 τῆς
1159 1719 1465 1789 ἐπισκοπῆς
1509 1717 1725 1789 ἐνόμισε
1749 1733 1761 1747 ·
1818 1718 1912 1771 καὶ

345 1807 487 1861 κατὰ
518 1806 645 1862 νοῦν
674 1807 837 1872 εὐθὺς
864 1808 1012 1879 αὐτῷ
1040 1808 1365 1880 προσετέθη,
1406 1808 1597 1862 πολιάν
1621 1809 1670 1862 τ’
1697 1809 1908 1880 ἀνδρὸς,

343 1896 439 1950 καὶ
481 1893 621 1961 εἶδος
672 1898 1027 1969 ίεροπρεπὲς,
1074 1897 1166 1951 καὶ
1209 1898 1269 1951 τδ
1317 1898 1589 1970 προσηνὲς
1636 1898 1745 1951 τῶν
1789 1899 1914 1971 τρό-

1932 668 1987 728 Α

2632 658 2786 714 CAP.
2826 654 2964 712 VIII.

2010 756 2088 812 De
2117 755 2368 811 electione
2412 751 2657 807 Nectarii
2700 749 2931 820 episcopi
2960 743 3577 820 Constantinopolitam:

2217 827 2332 896 quis
2365 834 2413 880 et
2451 822 2586 877 unde
2614 830 2663 877 et
2695 815 2885 891 quibus
2914 817 3150 872 moribus
3185 815 3366 881 fuerit.

2082 978 2159 1035 Eo
2216 987 2459 1050 tempore
2511 976 2801 1034 Nectarius
2833 975 3084 1047 quidam,
3144 971 3321 1026 Tarso
3374 966 3582 1024 Cilicia:

2010 1072 2305 1138 oriundus,
2357 1072 2440 1125 vir
2488 1069 2752 1126 senatorii
2805 1068 3059 1133 ordinis,
3103 1059 3579 1129 Constantinopoli

2011 1162 2302 1233 degebat‘.
2345 1159 2600 1227 Quicum
2633 1161 2687 1214 in
2713 1160 2946 1229 patriam
2979 1155 3177 1213 reverti
3197 1153 3314 1219 jam
3340 1159 3579 1222 pararet,

2012 1255 2150 1311 adiit
2201 1252 2496 1309 Diodorum
2550 1252 2868 1322 episcopum
2926 1247 3122 1311 Tarsi,
3175 1247 3322 1301 velut
3369 1244 3582 1298 laturus

2011 1345 2298 1417 epistolas.
2336 1344 2381 1400 si
2432 1359 2569 1415 quas
2600 1344 2693 1398 ille
2737 1340 2972 1397 Tarsum
3021 1338 3265 1394 scribere
3295 1335 3580 1390 voluisset.

2012 1436 2176 1493 Forte
2217 1444 2331 1491 tum
2380 1434 2653 1490 Diodorus
2691 1446 2881 1489 secum
2928 1431 3047 1501 ipse
3089 1428 3290 1483 tacitus
3318 1425 3579 1497 agitabat,

2012 1528 2265 1599 quisnam
2304 1526 2655 1597 potissimum
2677 1522 2968 1594 eligendus
2996 1529 3145 1578 esset
3182 1518 3247 1573 ad
3280 1533 3400 1573 eam
3432 1514 3581 1571 ordi-

2012 1620 2315 1682 nationem,
2347 1633 2468 1688 quze
2496 1623 2647 1671 tanta
2680 1614 2984 1669 ambitione
3032 1608 3433 1666 celebrabatur.
3476 1603 3582 1671 Qui

2012 1711 2325 1768 Nectarium
2377 1709 2754 1780 conspicatus,
2806 1721 2933 1762 eum
2981 1704 3303 1775 episcopatu
3357 1698 3583 1769 dignum

2007 1819 2138 1859 esse
2177 1801 2417 1863 censuit,
2464 1799 2758 1868 statimque
2801 1796 2857 1850 in
2882 1793 3081 1849 intimo
3127 1789 3327 1845 mentis
3361 1798 3585 1841 recessu

2015 1893 2332 1962 sulfragium
2379 1906 2538 1946 suum
2586 1888 2635 1941 ei
2687 1885 2961 1948 contulit,
3000 1881 3259 1937 canitiem
3301 1876 3428 1940 viri,
3460 1875 3586 1929 vul-

343 2001 463 2040 πων
489 1986 621 2058 (96).
668 1966 778 2043 καὶ
809 1966 884 2053 ὥς
913 1989 1001 2042 ἐπ’
1037 1989 1164 2043 ἀλλο
1199 2006 1252 2043 τι
1286 1966 1508 2058 ἀγαγὼν
1558 1989 1718 2043 αὑτὸν
1768 1966 1919 2059 παρά

2025 1990 2244 2050 tumque
2280 1977 2593 2034 sacerdotio
2633 1975 2881 2045 dignum,
2909 1979 2964 2028 et
3008 1985 3222 2025 morum
3260 1966 3586 2023 suavitatem

342 2078 434 2130 τδν
466 2078 796 2149 ’Λντιοχείας
837 2080 1156 2142 ἐπίσκοπον.
1202 2079 1390 2153 ἐπῄνει
1412 2121 1425 2143 ,
1469 2080 1565 2134 καὶ
1599 2078 1917 2144 σπουδάζειν

345 2170 496 2241 αὐτῷ
541 2170 860 2243 παρεκάλει.
917 2172 975 2227 ὐ
1017 2172 1106 2237 δὲ,
1150 2173 1242 2226 ἐπὶ
1279 2171 1746 2244 μεμεριμνημέναι
1785 2171 1919 2241 πράο

343 2277 549 2332 γματι,
609 2258 817 2317 πολλῶν
874 2264 1291 2335 ἐπισημοτάτων
1349 2263 1561 2333 ἀνδρῶν
1617 2260 1918 2332 ὑποψήφων

344 2353 540 2419 ὅντων,
568 2354 792 2424 ἐγέλασε
827 2355 927 2426 τὴν
960 2355 1218 2429 Διοδώρου
1248 2354 1449 2426 ψῆφον.
1482 2355 1670 2425 Ὅμως
1697 2352 1754 2405 δὲ
1784 2351 1919 2422 πρὸς

347 2446 537 2502 ἑαυτὸν
566 2446 800 2512 καλέσας
826 2448 1127 2518 Νεκτάριον
1145 2489 1161 2513 ,
1206 2448 1525 2520 περιμένειν
1559 2444 1767 2517 βραχύν
1796 2461 1920 2497 τινα

350 2540 540 2610 χρόνον
571 2538 875 2593 ἐκέλευσεν.
910 2540 1023 2593 Οὐκ
1064 2541 1145 2604 είς
1187 2540 1403 2612 μακρὰν
1431 2538 1489 2592 δὲ
1519 2536 1921 2611 προστάξαντος

346 2628 442 2683 τοῦ
459 2629 722 2701 βασιλέως
735 2633 847 2695 τοῖς
865 2630 1121 2701 ἱερεῦσιν,
1137 2631 1412 2702 ἐγγράψαι
1439 2630 1619 2703 χάρτῃ
1640 2629 1738 2693 τὰς
1756 2644 1923 2699 προσ-

349 2723 576 2795 ηγορίας
604 2714 680 2778 ὧν
712 2723 930 2777 ἕκαστοι
956 2721 1336 2794 δοκιμάζουσιν
1360 2724 1440 2787 είς
1467 2722 1566 2794 τὴν
1596 2720 1923 2793 χειροτονίαν

348 2815 537 2881 ἀξίων,
573 2813 750 2885 ἑαυτῷ
782 2814 838 2868 δὲ
859 2813 1191 2883 φυλάξαντος
1216 2817 1278 2868 ὲκ
1311 2814 1526 2869 πάντων
1553 2812 1647 2871 τοῦ
1681 2813 1799 2877 ἑνὸς
1825 2816 1924 2884 τὴν

348 2907 577 2978 αἵρεσιν,
609 2905 759 2960 ἄλλοι
794 2906 891 2977 μὲν
923 2905 1113 2970 ἄλλους
1136 2905 1463 2977 ἐνέγραψαν.
1506 2907 1566 2959 ὐ
1595 2905 1651 2959 δὲ
1681 2906 1778 2976 τῆς
1811 2906 1927 2959 Ἀν-

349 2996 573 3066 τιοχέων
632 2995 925 3067 ἐκκλησίας
974 2994 1301 3067 ἡγούμενος,
1363 2995 1631 3065 ἐγγράφει
1684 2996 1781 3066 μὲν
1831 2994 1925 3061 οὓς

352 3086 603 3141 ἰδούλετο
621 3103 635 3116 ·
684 3086 908 3158 ἔσχατον
934 3086 991 3141 δὲ
1021 3087 1241 3143 πάντων
1272 3086 1596 3158 προστίθησι
1624 3086 1926 3158 Νεκτάριον

350 3179 440 3233 διά
463 3179 561 3250 τὴν
592 3178 728 3251 πρὸς
768 3178 1028 3250 Διόδωρον
1060 3177 1237 3250 χάριν.
1282 3178 1578 3247 Ἀναγνοὺς
1621 3177 1679 3232 δὲ
1707 3180 1737 3233 ὁ
1770 3176 1927 3248 βασι-

353 3271 479 3335 λεὺς
502 3269 613 3323 τῶν
641 3269 1025 3341 ἐγγραφέντων
1056 3268 1146 3323 τὸν
1172 3268 1491 3337 κατάλογον,
1525 3267 1657 3339 ἔστη
1695 3269 1788 3322 ἐπὶ
1819 3269 1928 3321 Νε-

353 3361 581 3433 κταρίῳ.
604 3361 713 3415 Καὶ
764 3361 985 3425 σύννους
1014 3360 1328 3431 γενόμενος,
1375 3359 1538 3431 σχολῇ
1579 3359 1700 3413 καθ’
1739 3359 1928 3412 ἑαυτὸν

354 3452 687 3513 ἐϐουλεύετο.
709 3453 800 3507 τὸν
819 3452 1079 3506 δάκτυλον
1103 3450 1309 3514 ἐπιθεὶς
1327 3453 1394 3522 τῇ
1415 3450 1700 3521 τελευταίᾳ
1717 3452 1924 3521 γραφῇ.

357 3546 469 3601 Καὶ
524 3544 848 3618 ἀναδραμὼν
933 3546 1013 3608 είς
1073 3544 1172 3614 τὴν
1229 3543 1441 3615 ἀρχὴν,
1500 3539 1656 3606 αὖθις
1720 3543 1928 3605 πάντας

356 3635 627 3708 ἐπανῆλθε
648 3678 663 3701 ,
709 3639 803 3690 καὶ
832 3636 1131 3707 Νεκτάριον
1160 3635 1412 3706 αἱρεῖται.
1447 3632 1642 3703 Θαῦμα
1677 3631 1733 3685 δὲ
1764 3633 1928 3689 πᾶσιν

358 3726 572 3798 ἐγένετο
589 3745 604 3761 ο
632 3728 728 3782 καὶ
752 3728 1112 3783 ἐπυνθάνοντο
1139 3728 1286 3792 ὅστις
1316 3727 1401 3796 εἴη
1426 3725 1722 3794 Νεκτάριος
1751 3716 1927 3787 οὗτος,

358 3819 453 3872 καὶ
484 3818 724 3883 ποδαπὸς
748 3819 809 3872 τδ
836 3818 1194 3890 ἐπιτήδευμα,
1234 3819 1329 3873 καὶ
1355 3815 1536 3871 πόθεν.
1571 3814 1849 3876 Μαθόντες
1873 3811 1932 3865 δὲ

354 3909 497 3982 μηδὲ
522 3909 834 3983 μυστηρίων
865 3910 1258 3980 μετεσχηκέναι
1285 3908 1375 3963 τὸν
1407 3907 1597 3977 ἀνδρα,
1622 3905 1701 3959 ἔτι
1735 3903 1932 3974 μᾶλλον

358 4000 667 4071 ἐθαύμαζον
698 4000 758 4054 τὸ
787 4000 1087 4073 παράδοξον
1115 4000 1214 4071 τῆς
1241 3997 1336 4056 τοῦ
1374 3996 1639 4068 βασιλέως
1676 3993 1931 4066 κρίσεως.

371 4091 585 4161 Ἡγνόει
612 4091 670 4144 δὲ
716 4091 895 4159 τοῦτο,
930 4086 1106 4162 οἶμαι,
1154 4090 1246 4144 καὶ
1272 4089 1554 4159 Διόδωρος.
1603 4086 1679 4141 Οὐ
1713 4086 1821 4155 γάρ
1867 4084 1933 4138 ἂν

360 4185 663 4257 ἐθάρρησεν
678 4183 853 4249 εἰδὼς,
874 4183 951 4237 ἔτι
974 4184 1202 4254 ἀμυήτῳ
1219 4180 1400 4235 δοῦναι
1417 4181 1596 4252 ψῆφον
1616 4176 1931 4250 ἱερωσύνης.

375 4276 514 4334 Ἀλλ’
540 4271 628 4329 οἷα
651 4275 818 4338 εἰκὸς,
848 4274 1075 4344 νομίσας
1106 4273 1292 4327 πολιὸν
1324 4271 1474 4333 ὄντα,
1512 4270 1588 4341 μὴ
1626 4269 1722 4323 καὶ
1768 4266 1935 4320 πάλαι

365 4365 675 4437 μεμυῆσθαι
706 4364 839 4449 (9]).
891 4365 1005 4418 Οὐκ
1049 4363 1198 4418 ἀθεεὶ
1241 4362 1297 4416 δὲ
1344 4362 1514 4416 ταῦτα
1553 4358 1863 4413 συνέϐαινεν
1890 4353 1934 4409 ί.

375 4456 528 4510 Ἐπεὶ
558 4455 651 4509 καὶ
681 4444 929 4525 βασιλεὺς
961 4453 1206 4524 ἀμύητον
1238 4452 1401 4506 αὑτὸν
1426 4446 1565 4504 εἶναι
1596 4446 1802 4520 μαθὼν,
1842 4444 1937 4498 ἐπὶ

361 4548 463 4619 τῆς
490 4545 657 4615 αὐτῆς
679 4544 859 4615 ἔμεινε
886 4543 1129 4616 γνώμης,
1158 4542 1367 4597 πολλῶν
1396 4540 1585 4612 ἱερέων
1619 4536 1937 4592 ἀντιτεινόν-

438 4728 458 4762 ¹
486 4728 670 4796 Socr.,
697 4727 795 4791 lib.
827 4745 881 4799 v,
911 4745 962 4784 (ι.
997 4728 1050 4787 8.

2017 2072 2400 2129 considerans.
2424 2071 2611 2137 Itaque
2635 2074 2894 2136 tanquam
2920 2063 3150 2118 alterius
3170 2057 3372 2129 negotii
3396 2068 3587 2117 causa,

2017 2181 2142 2223 eum
2173 2165 2239 2219 ad
2275 2164 2593 2233 episcopum
2620 2159 3045 2216 Antiochensem
3078 2153 3337 2218 deduxit;
3372 2148 3591 2203 multis-

2018 2275 2126 2330 que
2155 2256 2409 2312 laudibus
2444 2262 2786 2325 prosecutus,
2810 2248 2987 2305 oravit
3007 2246 3324 2317 episcopum
3357 2250 3416 2296 ut
3436 2241 3589 2296 illum

2019 2328 2282 2417 sull‘ragio
2314 2360 2416 2400 suo
2444 2343 2751 2412 adjuvaret.
2788 2339 2883 2394 Ille
2912 2351 3046 2392 vero
3076 2336 3132 2390 in
3160 2332 3294 2388 tanti
3327 2328 3591 2386 momenti

2020 2438 2261 2507 negotio,
2311 2435 2404 2490 ubi
2432 2433 2590 2488 multi
2626 2432 2870 2485 illustres
2899 2427 3002 2497 εἰτί
3041 2423 3278 2497 eligendi
3318 2435 3591 2493 propone-

2019 2533 2251 2595 bantur,
2302 2526 2522 2583 Diodori
2576 2522 2899 2593 sull'ragium
2947 2518 3176 2585 derisit;
3233 2515 3593 2570 nihilominus

2020 2630 2310 2682 evocatum
2338 2619 2405 2674 ad
2438 2633 2498 2674 se
2526 2615 2864 2681 Nectarium,
2896 2608 3295 2683 aliquantulum
3329 2603 3592 2674 temporis

2021 2710 2262 2783 opperiri
2305 2708 2492 2777 jussit.
2535 2704 2692 2760 Haud
2741 2703 2914 2758 multo
2952 2706 3098 2772 post,
3137 2711 3265 2753 cum
3296 2694 3595 2765 imperator

2024 2782 2340 2858 mandasset
2373 2796 2668 2867 episcopis,
2702 2801 2762 2847 ut
2794 2791 3015 2848 nomina
3044 2802 3237 2845 eorum
3266 2800 3407 2855 quos
3437 2782 3595 2854 quis-

1981 2968 1986 2972 .
2023 2908 2132 2965 que
2175 2891 2495 2961 episcopatu
2542 2886 2740 2957 dignos
2772 2881 3089 2953 iudicaret,
3138 2876 3193 2931 in
3232 2874 3424 2929 charta
3471 2884 3598 2941 per-

2027 2963 2348 3049 scriberent,
2368 2994 2649 3049 unumque
2665 2992 2732 3033 ex
2748 2973 3006 3030 omnibus
3023 2966 3260 3041 eligendi
3280 2963 3596 3019 facultatem

2027 3080 2133 3137 sibi
2178 3080 2298 3149 ipse
2331 3078 2688 3133 reservasset,
2716 3067 2810 3122 alii
2848 3064 3071 3136 quidem
3112 3059 3343 3116 aliorum
3377 3053 3598 3110 nomina

2029 3140 2493 3243 perscripserunt.
2523 3155 2911 3216 Antiochensis
2938 3159 3123 3208 autem
3160 3144 3409 3204 ecclesia:
3454 3140 3601 3195 anti-

2030 3235 2146 3315 stes
2180 3235 2405 3325 scripsit
2436 3258 2493 3308 et
2525 3251 2643 3320 ipse
2673 3262 2769 3302 eos
2801 3258 2942 3316 quos
2976 3241 3177 3297 voluit:
3230 3235 3475 3292 omnium
3511 3238 3600 3284 ta-

1956 3322 1999 3380 C
2034 3365 2157 3406 men
2191 3321 2529 3418 postremum
2562 3339 2763 3409 adjecit
2795 3334 3110 3391 Neoterium
3143 3329 3197 3385 in
3224 3327 3453 3402 gratiam
3478 3321 3602 3375 Dio.

2034 3439 2175 3496 dori.
2192 3410 2512 3508 uliiiperator
2533 3431 2725 3502 igitur,
2751 3426 2991 3497 perlecto
3014 3420 3260 3476 indicnlo
3291 3428 3482 3472 eorum
3507 3410 3603 3480 qui

2032 3505 2560 3598 inscripti-fuerant,
2597 3516 2846 3577 substitit
2895 3516 2953 3568 in
2987 3509 3265 3567 Nectario.
3300 3507 3366 3561 Et
3394 3505 3604 3559 intenta

2034 3594 2233 3677 mentis
2276 3616 2414 3679 acie,
2447 3627 2631 3669 secum
2666 3611 2785 3680 ipse
2821 3601 3192 3669 consultabat,
3220 3596 3392 3668 digito
3419 3594 3475 3647 in
3505 3607 3607 3662 po-

2033 3720 2298 3769 stremum
2334 3702 2658 3761 vocabulum
2682 3702 2976 3769 impresso.
3002 3692 3328 3761 Rursusque
3351 3685 3418 3741 ad
3442 3693 3608 3754 caput

2035 3815 2312 3863 reversus,
2336 3812 2463 3854 cum
2500 3803 2734 3851 cunctos
2762 3788 2955 3847 ordine
2982 3783 3367 3857 percurrisset,
3407 3775 3608 3832 Necta-

2036 3896 2178 3950 rium
2224 3890 2407 3962 elegit.
2440 3886 2583 3942 'l‘um
2631 3898 2764 3941 vero
2798 3876 3094 3935 admiratio
3126 3888 3321 3932 omnes
3368 3866 3606 3925 invasit:

2037 3960 2465 4059 quaerebant—tque
2511 3979 2636 4051 quis
2677 3985 2733 4034 et
2770 3974 2915 4031 unde
2957 3979 3108 4029 esset
3158 3963 3445 4022 Nectarius
3496 3960 3608 4021 ille,

2037 4051 2092 4136 et
2118 4077 2265 4149 quod
2294 4051 2417 4132 vitae
2456 4087 2627 4144 genus
2659 4075 2986 4126 sectaretur.
3009 4062 3258 4128 Cumque
3287 4051 3613 4110 didicissent

2041 4188 2111 4229 ne
2137 4183 2299 4226 sacro
2321 4142 2542 4237 quidem
2572 4163 2793 4217 lavacro
2818 4172 2943 4213 eum
2969 4152 3242 4208 initiatum
3266 4159 3408 4211 esse,
3432 4142 3615 4211 inepi-

2040 4270 2230 4318 natum
2266 4232 2532 4328 principis
2565 4249 2837 4321 judicium
2878 4259 2943 4299 eo
2974 4240 3208 4310 amplius
3247 4232 3610 4289 mirabantur.

2042 4321 2333 4424 lgnorabat
2354 4321 2539 4400 autem
2571 4338 2741 4403 istud,
2784 4344 2845 4391 ut
2873 4335 3092 4406 Opinor,
3120 4329 3287 4385 etiam
3320 4321 3611 4377 Diodorus.

2039 4422 2226 4512 Neque
2246 4436 2393 4494 enim
2432 4434 2482 4491 si
2531 4432 2586 4487 id
2636 4428 2900 4493 sciisset,
2955 4436 3127 4479 ausus
3176 4422 3327 4474 esset
3372 4424 3614 4481 unquam

2047 4501 2166 4589 viro
2213 4525 2457 4584 nondum
2492 4522 2711 4580 initiato
2742 4514 3038 4576 sacerdotii
3084 4506 3404 4581 suffragium
3460 4501 3613 4560 dare.

1570 4881 1833 4942 VALESII
1871 4874 2426 4937 ANNOTATIONES.

437 5004 550 5077 (96)
592 5004 701 5077 Kal
732 5003 803 5059 τὸ
831 4999 1136 5077 προσηνὲς
1169 4999 1290 5054 τῶν
1305 4998 1557 5077 cperim.
1590 4994 1663 5077 U_t
1702 4996 1924 5077 perfect:

2055 5012 2077 5062 ι’
2090 4992 2376 5077 articulant
2396 5004 2435 5077 ε
2448 5001 2571 5077 ,ειξο
2613 4978 3114 5077 εριιέςεςξρξιηξὲξο
3139 4976 3479 5077 ‘31‘2‘5‘3'53‘
3510 4970 3620 5077 il?

366 5064 757 5141 sit‘sententia,
807 5064 1127 5130 addendum
1150 5077 1234 5126 est
1260 5064 1486 5124 omnino
1528 5064 1752 5124 verbum
1779 5064 1942 5138 ὁρῶν,

367 5156 465 5207 aut
500 5146 649 5201 aliud
684 5145 883 5203 simile.

441 5217 553 5290 (97)
575 5216 672 5286 Μὴ
694 5201 797 5272 καί
808 5213 995 5270 πάλαι
1003 5208 1365 5285 μεμυῆσθαι.
1385 5206 1621 5265 Savilius
1642 5205 1924 5279 negativau

2055 5203 2160 5260 hoc
2192 5201 2353 5258 modo
2395 5218 2409 5255 :

2051 5046 2269 5129 gantius
2320 5060 2583 5129 videtur,
2613 5056 2661 5112 si
2713 5046 3105 5129 legamusjoq
3155 5048 3251 5129 καὶ
3290 5046 3621 5129 maturitate;

2053 5107 2829 5197 FB'iié'Eniiﬁ'éaiiig'éndh‘in
2856 5107 2947 5197 est
2969 5107 3189 5197 initium
3219 5117 3386 5188 hujus
3413 5107 3623 5185 periodi

2463 5187 2621 5253 ’ADf'
2637 5194 2767 5260 iam;
2791 5193 3020 5265 νομίσας
3044 5187 3136 5263 ἦν,
3170 5197 3280 5247 etc.

1805 5383 2112 5442 VARIORU
2124 5382 2171 5437 Μ
2181 5426 2195 5441 .

454 5492 468 5534 ⁸
513 5493 638 5546 Οὐκ
674 5488 833 5546 ἀθεεὶ
857 5487 926 5542 δὲ
957 5484 1144 5540 ταῦτα
1168 5482 1545 5539 συνέϐαινεν.
1578 5477 1753 5551 Supra
1776 5489 1951 5536 osten-

373 5577 497 5618 sum
528 5571 633 5624 est.
674 5560 742 5614 ad
780 5558 1024 5621 Sozom.,
1055 5556 1150 5610 lib.
1191 5568 1419 5624 Vchap.
1457 5551 1552 5624 24,
1594 5551 1778 5624 divum
1826 5553 1954 5604 Am-

375 5621 629 5688 brosium
672 5630 726 5684 in
781 5624 1202 5684 Mediolancnsis
1262 5622 1520 5679 Ecclesiae
1553 5621 1946 5690 episcOpatum,

375 5702 505 5759 dum
568 5700 748 5757 adhuc
801 5698 1229 5756 catechumenus
1266 5701 1435 5762 esset,
1470 5691 1801 5765 sull‘ragante
1848 5705 1948 5762 po~

2057 5478 2209 5549 pulo,
2264 5482 2319 5532 et
2347 5479 2623 5530 annuente
2674 5442 3625 5549 imperatore,_adlectttmml:ttj§{tfi

2058 5523 2252 5602 contra
2267 5523 2932 5612 Eanéiiié.ﬁ"5bo§i6|ieym
2961 5523 3127 5612 Lixx,
3146 5533 3215 5612 _et
3239 5523 3529 5612 lﬂicaannrn
3558 5538 3619 5612 ri.

2065 5594 2760 5682 tilio"Eiié'iﬁmsin'ghisn
2826 5605 2919 5682 [lci
2971 5596 3314 5682 providentia
3366 5594 3621 5665 contigit.

2058 5672 2200 5759 quod
2228 5695 2281 5746 ct
2314 5685 2382 5743 de
2415 5672 2670 5741 Nectario
2696 5679 2784 5736 hic
2817 5672 3106 5733 dicendum
3142 5675 3245 5726 est.
