4054 6188
235 329 375 388 NH

1191 321 1514 379 HISTORIA
1552 315 2106 375 ECCIJESIASTICA.
2148 349 2215 359 —
2255 320 2383 377 LIB.
2430 321 2537 378 ΥΠ.

3360 329 3502 389 1482

231 445 293 498 δε
327 443 494 499 πάλαι
532 442 630 514 τῆς
680 439 828 505 θείας
881 439 1189 511 βαπτίσεως
1240 437 1547 509 μετασχὼν,
1583 439 1648 507 τῇ
1686 436 1802 504 αὐτῇ

1928 444 2178 502 peccata,
2216 439 2330 508 lege
2363 437 2547 494 divina
2579 443 2938 497 constitutum
2964 450 3069 499 est.
3095 444 3171 500 Ac
3201 446 3334 502 mihi
3374 448 3499 519 qui-

229 534 511 589 διετέλεσα
551 533 703 605 βιοτῇ
759 530 1058 602 χρώμενος.
1096 531 1208 584 Kal
1232 530 1260 582 6
1285 530 1383 599 μὲν
1412 530 1589 585 τοιάδε
1623 528 1818 597 λέγων,

231 626 332 696 οὐχ
359 625 570 694 ὑπέστη
598 624 698 694 τὴν
731 621 1085 692 χειροτονίαν.
1119 618 1263 689 Ἐγὼ
1293 621 1351 674 δὲ
1382 621 1483 674 καὶ·
1502 620 1601 689 τῆς
1622 635 1821 690 παραι-

230 717 445 787 τήσεως
506 712 710 768 ἐπαινῶ
758 711 851 766 τὸν
903 711 1096 784 ἄνδρα,
1158 712 1256 767 καὶ
1300 711 1389 766 διά
1435 711 1617 773 τοῦτο,
1657 709 1820 780 μέρος

231 807 575 878 ἐποιησάμην
624 803 784 856 αὑτὸν
835 803 1043 874 ταύτης
1069 804 1168 874 τῆς
1200 803 1439 875 γραφῆς.
1486 802 1545 855 ’0
1580 801 1637 854 δὲ
1664 800 1820 871 βασι-

232 898 382 962 λεὺς,
420 893 608 965 μαθὼν
630 893 699 947 τὰ
734 892 1019 964 συμϐάντα
1048 894 1246 965 Παύλῳ
1272 893 1350 965 τῷ
1378 894 1820 946 Κωνσταντινευ-

230 990 437 1050 πόλεως
482 986 769 1056 ἐπισκόπῳ
817 985 1117 1057 γενομένῳ,
1168 986 1525 1056 μετεκόμισεν
1561 983 1727 1038 αὑτοῦ
1756 983 1818 1037 τὸ

229 1079 410 1146 σῶμα,
468 1076 563 1130 καὶ
624 1078 682 1129 ἐν
724 1076 792 1147 τῇ
837 1076 1102 1148 ἐκκλησίᾳ
1144 1075 1364 1146 ἔθαψεν,
1398 1077 1465 1145 ἢν
1499 1075 1816 1145 ᾠκοδόμησε

225 1168 556 1231 Μακεδόνιος
614 1169 643 1221 ό
685 1165 1075 1232 ἐπιϐουλεύσας
1131 1166 1317 1237 αὐτῷ·
1380 1166 1549 1221 είσέτι
1600 1183 1660 1219 τε
1720 1164 1816 1218 νῦν

227 1258 518 1330 ἐπώνυμός
545 1260 693 1312 ἐστιν
722 1256 893 1328 αὐτῷ,
918 1258 1173 1327 μέγιστος
1195 1258 1271 1311 ὢν
1292 1258 1387 1313 καὶ
1416 1256 1816 1329 ἐπισημότατος

224 1353 256 1406 6
288 1352 416 1415 ναὸς
437 1342 611 1414 οὗτος.
639 1350 705 1403 Ὀ
726 1351 821 1404 καὶ
837 1349 1064 1413 πολλοὺς
1078 1349 1405 1418 ἀγνοοῦντας
1420 1349 1518 1420 τὴν
1533 1350 1810 1421 ἀλήθειαν,

227 1443 477 1497 ὑπονοεῖν
508 1441 653 1494 ποιεί
680 1439 892 1494 Παῦλον
917 1439 1007 1494 τὸν
1036 1440 1332 1494 ἀπόστολον
1360 1440 1548 1494 ἐνθάδε
1578 1440 1812 1502 κεῖσθαι,

230 1535 468 1605 μάλιστα
524 1533 583 1588 δὲ
631 1531 727 1587 καὶ
783 1532 881 1596 τὰς
917 1534 1202 1601 γυναῖκας,
1237 1534 1330 1586 καὶ
1367 1531 1463 1586 τοῦ
1488 1534 1660 1605 δήμου
1690 1534 1815 1595 τοὺς

227 1626 465 1691 πλείους.
506 1625 645 1695 Περὶ
671 1624 729 1678 δέ
756 1622 946 1679 τοῦτον
976 1624 1068 1680 τὸν
1097 1625 1310 1696 χρόνον,
1338 1625 1431 1679 καὶ
1462 1625 1523 1680 τὸ
1549 1625 1811 1679 Μελετίου

226 1718 475 1788 λείψανον
525 1716 789 1788 ἐκομίσθη
850 1718 931 1781 είς
985 1715 1336 1787 ’Δντιόχειαν,
1394 1716 1487 1770 καὶ
1528 1715 1680 1787 παρὰ
1713 1716 1812 1785 τὴν

1922 525 2045 581 dem
2095 528 2302 585 videris
2358 531 2474 600 ipse
2523 532 2593 586 ab
2637 532 2940 589 infantibus
2980 549 3172 592 recens
3225 539 3369 595 natis
3418 539 3498 594 nil

1921 615 2165 674 dill'erre.
2201 618 2312 691 Ego
2342 636 2473 676 vero
2511 623 2604 692 qui
2635 623 2748 693 jam
2790 626 3000 696 pridem
3035 641 3258 683 sacrum
3310 631 3495 700 bapti-

1922 723 2101 764 smum
2133 718 2465 767 consecutus
2492 726 2639 780 sum,
2662 714 2717 769 in
2748 715 2937 770 eadem
2961 731 3069 787 qua
3094 717 3250 789 prius
3277 718 3497 776 vivendi

1918 799 2133 856 ratione
2161 804 2528 871 perseveravi.
2564 805 2742 877 Atque
2788 806 2879 863 hic
2909 807 3129 879 quidem
3181 809 3496 880 hujusmodi

1919 903 2145 945 causam
2205 892 2471 963 allegans,
2529 896 2935 953 ordinationem
2986 897 3334 956 detrectavit.
3385 901 3497 974 Ego

1918 996 2048 1037 vero
2076 996 2200 1038 eum
2229 984 2300 1038 ob
2327 985 2487 1040 istam
2517 989 2917 1045 recusationem
2953 1005 3281 1061 magnopere
3307 992 3492 1057 laudo,

1918 1081 2082 1144 atque
2135 1075 2345 1133 idcirco
2395 1078 2526 1134 huic
2572 1080 2819 1136 historiae
2861 1082 3014 1138 illum
3056 1083 3285 1140 inserui.
3323 1082 3497 1139 Porro

1918 1164 2396 1235 imperator,-cum
2439 1169 2507 1225 de
2550 1170 2617 1227 iis
2661 1186 2786 1241 quae
2832 1172 3004 1227 Paulo
3045 1175 3320 1243 quondam
3349 1175 3497 1230 Con-

1918 1258 2305 1329 stantinopolis
2339 1262 2603 1332 episcopo
2632 1264 2949 1320 acciderant
2973 1266 3178 1321 certior
3205 1265 3384 1323 factus
3406 1284 3497 1325 es-

1916 1354 2019 1409 set,
2057 1363 2259 1419 corpus
2296 1352 2417 1420 ejus
2463 1354 2904 1411 transferendum
2960 1359 3174 1413 curavit
3211 1368 3265 1414 et
3315 1359 3371 1414 in
3403 1374 3496 1414 ec-

1916 1437 2084 1493 clesia
2114 1441 2425 1509 sepelivit‘,
2450 1457 2611 1512 quam
2641 1443 2996 1503 Macedonius
3022 1447 3143 1517 ejus
3174 1456 3496 1518 persecutor

1914 1527 2280 1585 aaditicavcrat
2304 1530 2486 1602 291.
2514 1543 2566 1589 et
2588 1549 2710 1604 qua:
2743 1536 3009 1595 hactenus
3034 1539 3207 1607 ipsius
3228 1539 3494 1594 vocabulo

1914 1619 2175 1690 insignita
2230 1630 2346 1688 est,
2395 1624 2541 1680 ardes
2584 1626 2820 1681 maxima
2869 1638 3036 1699 atque
3090 1629 3491 1687 illustrissima.

1913 1709 2046 1777 Quae
2092 1725 2259 1767 causa
2290 1720 2376 1769 est
2412 1722 2469 1769 ut
2497 1714 2657 1769 multi
2693 1716 2977 1773 veritatem
3023 1718 3103 1773 rei
3149 1716 3490 1790 ignorantes,

227 1785 401 1881 θήκην
429 1785 649 1863 suam
668 1785 787 1863 τοῦ*
812 1808 1091 1881 μάρτυρος
1133 1785 1331 1880 ἐτάφη.
1372 1785 1621 1878 Λέγεται
1638 1809 1693 1861 δὲ
1719 1807 1802 1863 διὰ

1913 1820 1978 1858 ac
2021 1805 2326 1874 praesertim
2360 1806 2642 1874 mulieres,
2687 1814 2743 1863 et
2776 1809 3167 1879 quamplurimi
3210 1825 3277 1866 ex
3313 1811 3490 1881 plebe,

225 1901 408 1971 πάσης
459 1900 557 1971 τῆς
615 1899 893 1971 λεωφόρου
956 1898 1099 1953 κατὰ
1139 1898 1405 1969 βασιλέως
1455 1899 1806 1972 πρόσταγμα,

227 1992 378 2056 ἐντὸς
424 1990 621 2062 τειχῶν
669 1991 750 2054 είς
805 1989 906 2054 τὰς
937 1989 1121 2054 πόλεις
1168 1990 1527 2061 εἰσδεχθῆναι,
1572 1990 1722 2061 παρὰ
1749 1990 1809 2042 τὸ

227 2082 609 2154 νενομισμένον
674 2081 985 2153 Ῥωμαίοις,
1035 2081 1330 2154 ἀμοιϐαδόν
1378 2098 1438 2134 τε
1491 2081 1596 2134 ὑπὸ
1624 2081 1807 2152 ψαλμ-

223 2173 410 2245 ῳδίαις
442 2174 560 2236 ταῖς
592 2173 652 2226 ἐν
680 2171 896 2244 ἑκάστῳ
920 2171 1068 2245 τόπῳ
1098 2170 1425 2244 τιμώμενον,
1459 2170 1566 2236 ἓως
1605 2172 1807 2225 Ἀντιο-

222 2266 378 2336 χείας
402 2264 839 2336 διακομισθῆναι.

1910 1892 2142 1950 Paulum
2172 1897 2486 1966 apostolum
2514 1898 2625 1953 illic
2655 1899 2934 1954 conditum
2959 1915 3083 1958 esse
3114 1902 3487 1972 suspicentur.

1910 1985 2015 2042 Per
2065 1987 2207 2043 idem
2237 1997 2455 2058 tempus
2499 1989 2698 2045 Meletii
2746 1992 2982 2047 cadaver
3018 1993 3368 2048 Antiochiam
3396 1993 3491 2050 de-

1910 2085 2211 2149 portatum,
2252 2088 2308 2134 et
2348 2079 2507 2149 juxta
2554 2080 2797 2135 loculum
2844 2081 3063 2154 Babyla:
3094 2082 3359 2155 martyris
3390 2085 3491 2141 de-

1911 2171 2151 2241 positum
2178 2180 2283 2226 est.
2311 2170 2480 2227 Aiunt
2502 2187 2692 2244 porro,
2719 2189 2818 2245 per
2839 2181 3011 2229 totam
3038 2175 3191 2230 viam
3215 2176 3491 2246 publicam

1907 2278 1972 2319 ex
2008 2261 2360 2332 imperatoris
2396 2262 2578 2333 jussu,
2606 2263 2842 2321 cadaver
2869 2263 3004 2320 illud
3033 2264 3179 2321 intra
3198 2264 3373 2321 urbes
3403 2280 3493 2321 re-

219 2369 440 2429 ceptum
492 2356 684 2422 fuisse,
731 2364 926 2429 praeter
958 2372 1169 2414 morem
1215 2359 1644 2429 institutumque
1688 2357 2103 2423 Romanorum;
2133 2363 2185 2411 et
2208 2357 2545 2425 psalmorum
2615 2357 2873 2415 cantibus
2938 2373 3037 2430 per
3099 2358 3316 2430 singula
3368 2361 3491 2416 loca

218 2450 534 2508 alternatim
568 2457 879 2521 exceptum,
917 2448 1220 2507 honoriﬁce
1244 2451 1598 2509 Antiochiam
1631 2465 1809 2521 usque
1844 2447 2140 2507 deductum
2175 2449 2362 2506 fuisse.

807 2606 1065 2663 KEQAA.
1104 2603 1208 2662 ΙΝ.

221 2766 364 2838 Περὶ
398 2766 510 2837 τῆς
546 2769 923 2839 χειροτονίας
947 2769 1285 2826 Φλαὸιανοῦ
1323 2769 1430 2826 τοῦ
1460 2770 1799 2827 ἐπισκόπου

307 2840 693 2909 Ἀντιοχείας,
718 2840 815 2894 καὶ
849 2838 971 2895 τῶν
989 2842 1088 2897 ἐπὶ
1115 2844 1299 2912 ταύτῃ
1321 2843 1682 2912 συμϐάντων
1703 2842 1803 2897 διὰ

293 2911 400 2964 τὸν
428 2909 629 2978 ὅρκον.

293 3046 403 3099 Kal
427 3044 686 3110 Μελέτιος
713 3047 812 3118 μὲν
835 3049 1048 3104 τοιᾶσδε
1080 3048 1286 3121 ἠξιώθη
1322 3050 1517 3120 ταφῆς.
1543 3050 1800 3121 Χειροτο-

2545 2606 2697 2663 CAP.
2750 2606 2841 2664 XI.

1906 2762 2341 2837 Deiordinatione
2363 2764 2613 2821 Flaviani
2639 2766 3013 2822 Antiochensis
3045 2767 3308 2837 episcopi,
3337 2777 3388 2825 et
3418 2768 3487 2826 de

1975 2836 2059 2890 his
2095 2853 2213 2906 quia
2235 2847 2452 2906 propter
2465 2836 2852 2907 jusjurandum
2876 2837 3203 2892 occiderunt.

1977 3040 2057 3093 Ac
2092 3036 2346 3093 Meletius
2390 3035 2610 3106 quidem
2659 3034 2976 3107 bujusmodi
3006 3035 3346 3107 sepulturam
3396 3045 3484 3093 est

222 3140 393 3191 νεῖται
447 3138 505 3191 δὲ
554 3138 672 3192 ἀντ’
702 3140 867 3194 αὐτοῦ
896 3141 1193 3205 Φλαϐιανὸς
1223 3140 1372 3212 παρὰ
1400 3142 1527 3205 τοὺς
1553 3141 1802 3205 δοθέντας

1907 3133 2263 3182 consecutus.
2321 3123 2621 3181 Flavianus
2666 3138 2799 3180 vero
2836 3123 2959 3195 ejus
3011 3126 3135 3181 loco
3191 3125 3484 3182 ordinatus

219 3230 436 3301 ὅρκουξ.
473 3229 593 3285 Ἔτι
621 3231 731 3305 γάρ
762 3233 1033 3299 Παυλῖνος
1058 3233 1134 3305 τῷ
1164 3232 1265 3304 βίῳ
1291 3233 1508 3305 περιῆν.
1560 3235 1655 3288 Ἐκ
1678 3233 1801 3288 τού-

217 3338 316 3374 του
349 3321 406 3375 δέ
457 3323 690 3394 μεγίστη
738 3324 901 3379 πάλιν
961 3324 1175 3397 ταραχὴ
1202 3323 1302 3396 τὴν
1351 3324 1670 3397 Ἀντιοχέων
1706 3326 1801 3380 ἐκ-

218 3414 448 3485 κλησίαν
499 3414 729 3468 ἐπέλαϐε
755 3431 771 3445 ·
794 3416 889 3470 καὶ
914 3416 1152 3470 πλεῖστοι
1197 3417 1338 3486 σφᾶς
1362 3416 1665 3487 ἅπέσχισαν
1701 3415 1800 3487 τῆς

220 3505 359 3577 πρὸς
412 3506 710 3562 Φλαὸιανὸν
768 3507 1075 3573 κοινωνίας,
1132 3508 1227 3560 καὶ
1271 3507 1378 3561 ὑπὸ
1412 3506 1661 3576 Παυλίνῳ
1695 3505 1801 3578 ἰδίᾳ

217 3595 599 3667 ἐκκλησίαζον.
632 3596 953 3669 Διεφέροντο
978 3597 1034 3651 δὲ
1064 3597 1252 3651 τούτου
1285 3597 1447 3669 χάριν
1473 3596 1609 3667 πρὸς
1636 3596 1800 3666 ἀλλή-

216 3687 344 3751 λους
366 3688 459 3741 καὶ
488 3688 641 3741 αὐτοὶ
672 3690 855 3759 ἱερεῖς.
890 3690 999 3742 Kal
1025 3688 1313 3757 Αἰγύπτιοι
1358 3689 1476 3759 μὲν,
1506 3688 1600 3741 καὶ
1640 3688 1799 3759 Ἀρά-

216 3777 327 3833 διοι
358 3778 451 3833 καὶ
481 3778 736 3851 Κύπριοι,
769 3779 843 3844 ὡς
870 3779 962 3833 ἐπὶ
1010 3780 1324 3852 ἠδικημένῳ
1356 3778 1605 3850 Παυλίνῳ
1629 3780 1798 3849 ἠγαν-

216 3872 440 3927 άκτουν.
496 3871 657 3942 Σύροι
711 3871 806 3935 δὲ,
858 3873 952 3925 καὶ
990 3870 1337 3926 Παλαιστινοὶ
1394 3871 1487 3925 καὶ
1531 3870 1794 3935 Φοίνικες,

230 3964 531 4037 Ἀρμενίων
581 3982 640 4017 τε
692 3967 788 4018 καὶ
840 3962 1224 4018 Καππαδοκῶν
1256 3964 1350 4017 καὶ
1392 3962 1668 4024 Γαλατῶν,
1702 3961 1795 4015 καὶ

214 4050 328 4105 τῶν
350 4053 485 4123 πρὸς
511 4050 589 4122 τῷ
620 4050 808 4124 Πόντῳ
835 4052 885 4105 oi
918 4052 1154 4117 πλείους,
1186 4053 1254 4107 τά
1301 4051 1599 4106 Φλασιανοῧ
1629 4051 1793 4123 ἐφρό-

216 4159 362 4197 νουν.
386 4143 497 4214 Οὐχ
525 4143 728 4213 ἥκιστα
748 4143 805 4197 δὲ
835 4143 1187 4214 ἐχαλέπαινεν
1210 4145 1239 4198 6
1266 4144 1551 4215 Ῥωμαίων
1571 4143 1793 4196 ἐπίσκο-

212 4249 336 4298 ⁴προς,
358 4233 449 4286 καὶ
470 4234 667 4297 πάντες
692 4234 740 4287 οἱ
762 4234 897 4305 πρὸς
913 4234 1181 4307 Ἑσπέραν
1210 4235 1391 4306 ἱερεῖς.
1417 4235 1524 4287 Kal
1545 4234 1794 4306 Παυλίνῳ

216 4325 319 4393 μὲν
347 4324 423 4389 ὼς
449 4325 735 4396 ὲπισκὸπῳ
767 4325 1098 4397 Ἀντιοχείας
1124 4325 1224 4390 τὰς
1265 4326 1517 4397 συνήθεις
1554 4325 1793 4396 ἔγραφον

1903 3226 2017 3282 est,
2051 3223 2243 3273 contra
2292 3215 2661 3287 jurisjurandi
2718 3217 2944 3275 fidem’.
3015 3216 3152 3272 Nam
3218 3217 3485 3275 Paulinus

1898 3308 2079 3364 adhuc
2105 3315 2388 3379 superstes
2418 3314 2560 3364 erat.
2614 3306 2734 3376 Qua
2769 3323 2837 3365 ex
2869 3324 2928 3365 re
2960 3307 3158 3379 ingens
3185 3306 3485 3379 perturba-

1901 3402 1978 3459 tio
2008 3400 2442 3457 Antiocbensem
2475 3400 2770 3456 ecclesiam
2822 3400 3024 3455 iterum
3058 3398 3354 3470 occupavit
3382 3414 3398 3455 :
3426 3407 3483 3454 et
3536 3447 3543 3453 .

1896 3494 2127 3566 plurimi
2160 3509 2219 3550 se
2251 3509 2280 3548 a
2325 3492 2722 3548 communione
2780 3491 3027 3546 Flaviani
3092 3491 3480 3561 sejunxerunt,

1898 3600 1965 3642 ac
2013 3600 2267 3642 seorsum
2327 3584 2433 3639 sub
2486 3583 2724 3638 Paulino
2784 3583 3048 3639 collectas
3103 3583 3477 3640 celebrarunt.

1900 3676 2006 3732 Sed
2033 3685 2087 3732 et
2122 3675 2439 3731 sacerdotes
2467 3674 2606 3744 ipsi,
2646 3673 2816 3743 hujus
2875 3674 2955 3729 rei
2996 3688 3167 3729 causa
3223 3675 3369 3732 inter
3417 3691 3481 3732 se

1896 3768 2260 3826 dissidebant.
2299 3766 2366 3822 Et
2422 3767 2668 3840 Egyptii
2705 3767 2925 3838 quidem
2958 3783 3082 3823 cum
3119 3767 3369 3826 Arabicis
3424 3782 3481 3826 et

1895 3858 2149 3931 Cypriis,
2187 3856 2407 3912 Paulini
2438 3863 2704 3927 tanquam
2727 3855 2930 3926 injuria
2962 3854 3144 3910 allecti
3178 3856 3350 3912 vicem
3376 3857 3478 3914 do-

1896 3952 2104 4008 lebant.
2147 3949 2271 4022 Syri
2296 3965 2427 4005 vero
2454 3960 2507 4006 et
2559 3949 2840 4006 Palaestini
2869 3964 2934 4005 ac
2968 3947 3284 4009 Pbmnices.
3321 3956 3379 4004 et
3407 3965 3476 4005 ex

1896 4043 2194 4104 Armeniis,
2221 4042 2683 4113 Cappadocibus',
2717 4041 2925 4096 Galatis
2968 4055 3033 4094 ac
3075 4040 3321 4096 Ponticis
3358 4040 3476 4110 ple-

1894 4136 2078 4206 rique,
2121 4133 2368 4189 Flaviani
2396 4142 2580 4205 partes
2634 4132 2911 4188 fovebant.
2945 4132 3146 4187 Verum
3177 4131 3473 4201 episcopus

1895 4229 2180 4283 Romanus
2229 4238 2283 4281 et
2348 4225 2545 4295 reliqui
2586 4222 3017 4279 occidentalium
3080 4222 3321 4292 partium
3379 4236 3469 4276 sa-

1894 4320 2150 4376 cerdotes
2207 4333 2316 4372 non
2395 4314 2749 4370 mediocriter
2792 4312 3239 4383 indignabantur.
3288 4309 3356 4365 Et
3400 4311 3469 4365 ad

212 4415 525 4480 ἐπιστολάς,
556 4416 621 4481 ἃς
648 4416 931 4480 συνοδικάς
950 4416 1211 4472 καλοῦσι·
1242 4417 1379 4488 πρὸς
1406 4417 1463 4470 δὲ
1494 4417 1792 4472 Φλαϐιανδν

1904 4414 2181 4469 Paulinum
2214 4410 2436 4481 quidem
2466 4420 2725 4478 tanquam
2780 4407 3103 4477 episcopum
3133 4404 3469 4467 Antiochiaz,

214 4504 428 4577 σιωπὴν
483 4501 636 4578 ἦγον.
696 4507 805 4560 Kal
868 4508 994 4571 τοὺς
1045 4508 1188 4579 ἀμφὶ
1221 4486 1483 4580 Διόδωρον
1514 4509 1605 4563 τὸν
1642 4511 1789 4582 Ταρ-

1904 4513 2188 4563 eousuetas
2252 4502 2569 4559 scribebant
2631 4500 2931 4571 epistolas,
2985 4513 3123 4569 quas
3177 4496 3471 4567 synodieas

214 4592 310 4646 σοῦ
346 4593 447 4664 (4),
483 4596 576 4649 καὶ
623 4594 876 4650 Ἀκάκιον
923 4596 1013 4650 τὸν
1058 4597 1304 4668 Βεροίας,
1335 4598 1457 4661 τοὺς
1494 4598 1656 4652 αὐτὸν
1680 4617 1790 4670 χει-

216 4687 629 4757 ροτονήσαντας,
654 4687 711 4739 ἐν
738 4687 888 4760 αἰτίᾳ
915 4687 1214 4749 ἐποιοῦντο,
1266 4687 1362 4742 καὶ
1392 4689 1788 4761 ἀκοινωνήτους

213 4773 378 4849 εἶχον.
409 4778 573 4832 ’Ὥστε
601 4779 659 4834 δὲ
702 4779 772 4834 τὰ
812 4780 941 4852 περὶ
970 4780 1175 4834 τούτων
1203 4779 1516 4849 διαγνῶναι,
1542 4781 1787 4854 ἔγραψαν

287 4951 306 4984 ³
339 4951 519 5018 Socr.,
549 4950 642 5007 lib.
667 4967 720 5020 v,
754 4965 808 5008 ο.
833 4950 887 5007 9.
959 4952 980 4983 ²
1004 4950 1163 5017 ibid.,
1184 4968 1233 5008 e.
1258 4951 1414 5009 9-l7.

1896 4598 2196 4669 appellant.
2239 4593 2318 4649 Ad
2354 4590 2677 4647 Flavianum
2728 4604 2857 4645 vero
2907 4589 3088 4644 nullas
3119 4588 3333 4643 litteras
3360 4586 3460 4640 da-

1894 4692 2044 4745 bant.
2086 4686 2229 4754 Quin
2263 4695 2314 4743 et
2346 4684 2642 4755 Diodorum
2678 4681 2834 4736 Tarsi
2870 4688 2925 4735 et
2974 4679 3231 4735 Acacium
3263 4676 3470 4733 Bermze

1893 4783 2186 4854 episcopos
2215 4779 2308 4851 qui
2349 4779 2502 4833 illum
2557 4775 2973 4839 ordinaverant,
3022 4773 3078 4828 in
3132 4773 3340 4828 crimen
3372 4787 3469 4828 vo-

1411 5107 1684 5166 VALESII
1715 5100 2267 5164 ANNOTATIONES.

210 5265 344 5321 Scio
368 5264 593 5336 quidem,
647 5264 954 5321 sacerdotio
981 5266 1242 5320 adnexam
1290 5282 1411 5322 esse
1446 5274 1772 5336 potestatem
1885 5271 1994 5327 tur,
2015 5262 2158 5333 quod
2181 5260 2447 5336 Flaviani:
2462 5259 2832 5336 m_supe_rstite
2849 5254 3458 5336 Paulinoorilinaraut;

206 5337 517 5391 dimittendi
549 5335 724 5391 aliena
753 5344 998 5405 peccata.
1050 5338 1222 5406 Atque
1253 5338 1357 5391 hoc
1404 5335 1568 5392 sensu
1598 5350 1781 5406 sacer-

207 5407 431 5477 duliunt
480 5406 665 5461 vocari
720 5404 880 5475 posse
926 5404 1218 5477 καθάρσιον
1280 5408 1397 5477 τῶν,
1454 5404 1783 5477 ἁμαρτημά-

205 5494 363 5547 τωνη
392 5475 590 5530 Verum
640 5477 824 5547 hocin
860 5477 982 5531 loco
1006 5475 1116 5530 non
1149 5479 1332 5547 agitur
1370 5476 1439 5532 de
1479 5475 1782 5530 alienorum

206 5545 504 5670 uirginum
550 5546 891 5612 remissione,
936 5548 1032 5603 sed
1060 5547 1127 5602 de
1152 5545 1473 5618 purgatione
1500 5547 1672 5616 ipsius
1699 5560 1788 5600 sa-

207 5632 303 5670 cer
343 5625 468 5670 otts.

207 5617 468 5672 curdotis.

287 5687 360 5757 (4)
400 5686 692 5757 Διόδωρον
715 5686 821 5740 τὸν
844 5685 1100 5757 Ταρσοῦ.
1150 5686 1267 5741 Non
1316 5687 1610 5742 Diodorum
1657 5692 1785 5757 tan-

211 5755 417 5812 tumet
446 5756 703 5811 Acacium
746 5755 989 5829 episcopi
1020 5757 1384 5816 occidentales
1418 5755 1786 5815 criminaban-

1896 5323 2086 5388 veruin
2120 5335 2283 5406 etiam
2309 5323 2622 5406 Nectariutii
2645 5327 3311 5406 Constantinopolitanum
3347 5323 3461 5406 cpi-

1888 5419 2113 5473 scopum
2131 5404 2250 5472 ejus
2280 5403 2357 5456 rei
2376 5416 2540 5473 causa
2573 5399 2988 5473 insimulabant,
3014 5395 3161 5466 quod
3183 5395 3303 5473 ejus
3331 5405 3462 5445 con-

1890 5461 2058 5544 sen'su
2081 5461 2404 5544 ae'consilio
2433 5472 2708 5544 ordinatio
2746 5471 2855 5544 illa
2875 5461 3051 5544 facta
3080 5478 3202 5544 esse
3237 5461 3458 5544 ‘dicere-

1892 5552 1998 5596 tur.
2030 5543 2216 5612 Itaque
2242 5542 2625 5598 Occidentales
2658 5540 2831 5609 ipsius
2874 5534 3113 5612 Nectarii
3154 5530 3461 5612 ordinatio-

1894 5628 2014 5667 nem
2043 5603 2304 5682 tan'quam
2332 5614 2464 5668 vitio
2510 5603 3234 5683 factam__reprehendebant,
3273 5606 3333 5683 ut
3379 5603 3461 5654 vi-

1893 5683 2021 5754 dere
2054 5673 2225 5754 estin
2254 5684 2487 5754 epistola
2527 5679 2749 5738 concilii
2780 5673 2947 5732 Italia:
2976 5673 3041 5727 ad
3071 5673 3458 5741 imperatorem

1892 5751 2281 5810 Theodosium.

2938 5846 2970 5871 ..δ
