4054 6188
374 288 514 343 1445

1318 279 1637 337 HISTORIA
1667 278 2224 335 ECCLESIASTICA.
2250 310 2315 321 —
2356 284 2483 339 LIB.
2526 285 2640 341 VII.

3474 295 3611 352 1440

374 407 688 478 διαιρέσεως
713 405 809 473 τῆς
854 401 1196 472 Ἑκκλησίας,
1233 400 1553 471 καθηγητὰς
1582 399 1676 455 καὶ
1699 398 1936 459 διδασκά

2054 400 2361 457 rectissime
2397 403 2685 459 consulere
2707 402 2879 467 visus,
2917 412 3106 460 auctor
3148 388 3251 462 fuit
3274 419 3332 464 ut
3363 409 3608 481 fugerem

377 500 503 563 λους
521 498 629 552 τῶν
648 496 806 567 ἱερῶν
819 495 1005 561 Λόγων
1032 494 1373 565 γενομένους.
1402 495 1463 547 El
1488 493 1584 563 μὲν
1603 491 1707 564 γὰρ
1720 492 1942 554 τούτων,

377 592 505 662 ἔφη,
540 589 637 652 τὰς
698 586 998 657 μαρτυρίας
1049 584 1417 648 ἀποϐάλωσιν,
1449 584 1553 637 ὑπὸ
1597 583 1704 636 τῶν
1728 581 1945 635 οίκείων

376 680 807 750 ὲξελαθήσονται.
848 676 910 728 El
941 676 998 729 δὲ
1047 675 1264 739 ἱκανοὺς
1292 677 1370 738 είς
1400 673 1670 740 ἀπόδειξιν
1697 672 1806 725 τῶν
1838 671 1946 741 ἀμ-

376 773 607 843 φιϐόλων
643 770 963 839 ἡγήσονται,
1014 764 1370 840 προΐσχεσθαι
1420 766 1498 819 δεῖ
1534 765 1631 827 τὰς
1660 762 1836 818 αὐτῶν
1865 761 1944 832 βί-

374 864 552 926 ϐλους.
581 856 654 914 Εὖ
683 861 789 931 γὰρ
810 859 948 930 ᾔδει,
973 860 1047 924 ὡς
1067 861 1118 913 οἱ
1138 860 1357 913 παλαιοὶ
1383 857 1649 911 συναῖδιον
1669 855 1746 926 τῷ
1770 854 1943 925 Πατρὶ

372 956 461 1008 τὸν
509 953 637 1007 Υίδν
703 953 975 1023 εὑρόντες,
1028 953 1127 1005 οὐκ
1170 951 1472 1021 ἐτόλμησαν
1501 950 1673 1002 εἰπεῖν
1705 945 1768 999 ἐκ
1798 962 1942 1008 τινος

368 1047 550 1119 ἀρχῆς
580 1043 676 1115 τὴν
708 1043 920 1111 γένεσιν
958 1044 1120 1120 αὐτὸν
1152 1040 1318 1112 ἔχειν.
1347 1040 1500 1093 Ἐπεὶ
1522 1039 1578 1092 δὲ
1605 1038 1730 1093 τάδε
1760 1035 1941 1098 καλῶς

368 1135 513 1205 ἔχειν
552 1135 648 1187 καὶ
695 1133 983 1203 Νεκταρίῳ
1023 1134 1317 1200 συνεδόκει,
1352 1131 1539 1202 μαθὼν
1583 1130 1639 1184 δὲ
1663 1130 1758 1183 καὶ
1787 1128 1940 1198 βασι-

370 1227 514 1290 λεὺς,
558 1224 787 1295 ἐπῄνεσε
821 1224 919 1294 τὴν
943 1224 1157 1295 βουλὴν,
1186 1225 1523 1295 ἀπεπειρᾶτο
1554 1221 1661 1276 τῶν
1686 1220 1796 1275 ἀπὸ
1830 1218 1940 1271 τῶν

367 1316 544 1370 ἀλλων
572 1315 854 1384 αἱρέσεων,
889 1314 1036 1377 ὅπως
1071 1314 1255 1384 ἔχουσι
1302 1313 1525 1383 γνώμης
1556 1312 1685 1384 περὶ
1714 1310 1811 1373 τὰς
1832 1309 1940 1362 τῶν

371 1405 740 1474 παλαιοτέρων
768 1404 1073 1475 ἐξηγήσεις.
1106 1403 1225 1458 Τῶν
1252 1405 1308 1457 δὲ
1338 1404 1482 1473 μάλα
1516 1401 1935 1470 θαυμασάντων,

369 1494 670 1565 ἀναφανδὸν
715 1494 1002 1566 ἐδήλωσεν,
1040 1495 1088 1546 εί
1139 1494 1231 1546 ἐπὶ
1270 1496 1384 1556 τοῖς
1421 1491 1729 1564 εἰρημένοις
1757 1488 1941 1548 αὐτοῖς

370 1585 779 1642 καταπαύσουσι
807 1584 902 1649 τὰς
928 1584 1200 1654 ζητήσεις,
1238 1584 1330 1638 καὶ
1343 1582 1649 1654 ἀξιοχρέους
1682 1577 1937 1651 ἡγοῦνται

370 1678 651 1749 μάρτυρας
675 1674 769 1728 τοῦ
793 1675 1079 1745 δόγματος.
1126 1674 1399 1744 Διχονοίας
1426 1674 1482 1727 δὲ
1508 1672 1602 1726 καὶ
1629 1670 1757 1741 περὶ
1783 1665 1937 1721 τοῦτο

2060 488 2458 559 disputationes
2491 508 2613 547 cum
2650 493 2943 562 haereticis,
3001 506 3265 567 tanquam
3301 503 3610 558 contentio-

2049 579 2136 633 nis
2170 595 2235 635 ac
2255 580 2474 637 discidii
2534 583 2753 641 fomites
2789 603 2803 640 :
2872 586 3385 661 interrogarentque
3424 597 3608 664 potius

2046 668 2193 735 illos,
2220 685 2353 725 num
2395 671 2746 731 admitterent
2793 689 2889 733 eos
2923 676 3181 735 doctores
3231 689 3392 751 atque
3434 682 3608 737 inter-

2045 765 2227 828 pretes
2251 774 2534 815 sacrarum
2569 761 3002 834 Scripturarum,
3030 768 3125 837 qui
3163 777 3290 824 ante
3317 768 3606 826 discidium

2045 848 2304 906 Ecclesiae
2326 851 2613 908 vixissent.
2643 853 2880 920 Etenim,
2910 856 3126 921 aiebat,
3181 859 3228 913 si
3259 858 3488 914 istorum
3529 871 3610 916 te-

2044 941 2303 996 stimonia
2362 944 2673 1013 rejecerint,
2707 961 2736 1000 a
2770 948 2885 1003 suis
2909 949 3257 1005 consortibus
3312 951 3609 1020 exploden-

2044 1042 2153 1088 tur.
2209 1033 2264 1088 Si
2315 1041 2451 1090 vero
2514 1037 2641 1092 illos
2694 1039 2758 1093 ad
2819 1038 3152 1097 dirimendas
3203 1044 3607 1099 controversias

2045 1125 2272 1182 idoneos
2303 1143 2429 1184 esse
2466 1129 2902 1199 arbitrabuntur,
2933 1131 3241 1202 proferendi
3267 1141 3395 1188 sunt
3415 1149 3604 1188 eorum

2043 1215 2190 1271 libri.
2222 1217 2397 1274 Probe
2418 1220 2562 1274 enim
2595 1228 2755 1275 norat
2814 1223 3070 1293 antiquos
3094 1223 3184 1293 qui
3226 1223 3421 1277 Filium
3455 1223 3606 1279 Patri

2051 1316 2383 1364 coaeternum
2457 1311 2607 1366 credi
2675 1312 3052 1381 reperissent,
3103 1329 3382 1384 nunquam
3436 1329 3605 1372 ausos

2044 1395 2218 1454 fuisse
2235 1398 2442 1464 dicere,
2474 1401 2618 1469 quod
2653 1402 3024 1472 generationis
3072 1420 3187 1460 sua:
3230 1405 3454 1475 aliquod
3512 1406 3606 1461 ha-

2042 1492 2251 1568 buisset
2284 1493 2519 1548 initium.
2562 1495 2695 1548 Cum
2740 1496 2904 1566 igitur
2933 1495 3186 1551 Nectario
3208 1497 3260 1552 id
3280 1498 3600 1568 placuisset,

2040 1592 2095 1659 et
2116 1560 2412 1654 imperator
2434 1586 2595 1656 293
2624 1587 2825 1641 certior
2857 1588 3034 1643 factus
3053 1590 3347 1645 consilium
3399 1605 3603 1660 appro-

2041 1675 2460 1741 basset,tentare
2485 1678 2650 1748 coepit
2683 1679 3063 1734 haereticorum
3087 1680 3320 1744 animos,
3340 1682 3600 1751 quidnam

713 1769 827 1830 τοῖς
865 1738 1170 1837 προεστῶσι
1189 1738 1321 1819 *τῶν
1368 1763 1652 1835 αἱρέσεων,
1682 1738 1743 1815 οὐ
1763 1758 1934 1814 ταὺτά

2038 1768 2141 1837 ipsi
2184 1769 2250 1824 de
2286 1779 2529 1824 veterum
2576 1770 3117 1840 interpretationibus
3169 1774 3454 1828 sentirent.
3498 1773 3602 1840 Qui

369 1861 475 1931 γὰρ
529 1861 749 1915 ἕκαστοι
813 1859 943 1930 περὶ
996 1858 1095 1922 τὰς
1130 1858 1238 1911 τῶν
1265 1856 1632 1927 ἀρχαιοτέρων
1677 1854 1933 1924 ἐφρόνουν

372 1951 581 2021 βίΰλους
603 1968 617 1981 ·
640 1950 781 2019 ἔγνω
802 1953 831 2003 ὁ
847 1948 1117 2020 βασιλεὺς,
1134 1947 1209 2011 ὡς
1229 1947 1493 2014 διαλέξεσι
1514 1946 1700 2016 μόναις
1720 1943 1934 1997 οἰκείων

370 2043 542 2111 λόγων
591 2041 931 2106 πεποιθότες,
992 2038 1331 2113 παρῃτοῦντο
1377 2038 1476 2109 τὴν
1509 2037 1791 2108 πρότασιν.
1822 2035 1933 2088 Καὶ

367 2135 464 2204 τῆς
492 2132 714 2204 γνώμης
743 2133 939 2195 αὐτοὺς
991 2130 1361 2203 μεμψάμενος,
1393 2128 1675 2182 ἐκέλευσεν
1700 2126 1935 2195 ἑκάστην

367 2226 579 2296 αἵρεσιν
630 2223 844 2294 γραφὴν
876 2222 1025 2293 αὐτῷ
1054 2223 1250 2278 διδόναι
1290 2220 1386 2275 τοῦ
1421 2219 1618 2274 οἰκείου
1643 2217 1931 2287 δόγματος.

380 2317 533 2368 Ἐπεὶ
550 2315 607 2368 δὲ
633 2314 815 2386 ἡμέρα
838 2315 1040 2385 παρῆν.
1076 2313 1199 2368 καθ’
1236 2313 1306 2383 ἢν
1332 2310 1531 2382 ὥριστο
1552 2307 1709 2361 τοῦτο
1740 2309 1931 2369 ποιεῖν,

367 2404 624 2476 συνῆλθον
677 2407 756 2468 εἰς
802 2405 871 2459 τά
912 2404 1177 2475 βασίλεια,
1218 2404 1357 2472 ὑπὲρ
1390 2401 1488 2472 μὲν
1516 2398 1622 2453 τῶν
1653 2397 1934 2469 ὁμοούσιον

367 2498 568 2567 Τριάδα
613 2495 960 2562 δοξαζὼτων,
1008 2494 1308 2563 Νεκτάριος
1345 2491 1440 2544 καὶ
1484 2488 1722 2558 ’Λγέλιος
1746 2504 1760 2518 ·
1796 2487 1936 2557 ὑπὲρ

363 2592 419 2645 δὲ
435 2593 534 2659 τῆς
568 2592 772 2661 Ἀρείου
790 2589 1071 2660 αἱρέσεως,
1091 2584 1395 2657 Δημόφιλος
1413 2582 1618 2653 ταύτης
1634 2577 1932 2651 προεστώς*

363 2684 462 2752 τῆς
523 2681 582 2734 δὲ
614 2681 911 2750 Εὑνομίου,
960 2678 1121 2740 αὐτὸς
1173 2674 1434 2744 Εὐνόμιος
1460 2687 1475 2704 ⁸
1520 2669 1788 2732 Ἐλεὺσιος
1818 2667 1875 2721 δὲ
1909 2668 1937 2720 ὁ

367 2770 606 2835 Κυζίκου
641 2767 955 2831 ἐπίσκοπος,
995 2765 1135 2835 ὑπὲρ
1186 2762 1295 2816 τῶν
1323 2758 1667 2830 καλουμένων
1693 2755 1938 2810 Μακεδόσ-

367 2862 583 2916 νιανῶν.
636 2859 936 2929 Δεξάμενος
992 2857 1048 2910 δὲ
1106 2854 1203 2925 τὴν
1236 2854 1466 2907 ἑκάστου
1499 2849 1738 2921 γραφὴν,
1770 2847 1937 2917 μόνην

365 2955 463 3023 τὴν
488 2952 769 3023 ὀμοούσιον
792 2948 995 3019 Τριὰδα
1027 2944 1422 3018 είοηγουμένην
1459 2942 1707 3014 ἐπῄνεσε.
1739 2940 1848 3002 Ta;
1881 2938 1939 2991 δὲ

2036 1868 2159 1907 eum
2186 1870 2279 1910 eas
2302 1871 2630 1926 magnopere
2655 1855 2994 1923 laudassent,
3023 1859 3322 1930 imperator
3355 1861 3603 1931 apertius

2032 1960 2100 1999 ex
2152 1944 2222 2000 iis
2268 1956 2623 2014 percontatus
2670 1955 2774 2010 est,
2809 1957 2992 2002 utrum
3043 1965 3110 2003 ex
3159 1951 3380 2005 illorum
3437 1952 3601 2008 dictis

2036 2035 2444 2091 controversias
2482 2037 2724 2092 decisuri
2757 2047 2964 2103 essent,
2988 2048 3044 2094 et
3068 2056 3193 2095 num
3221 2042 3346 2096 illos
3376 2040 3605 2098 idoneos

2034 2128 2300 2182 doctrinae
2332 2136 2502 2183 testes
2525 2129 2860 2198 iudicarent.
2914 2130 3058 2185 Cum
3092 2147 3221 2187 vero
3278 2134 3381 2189 hac
3437 2136 3600 2189 etiam

2034 2219 2102 2274 de
2139 2234 2196 2274 re
2239 2219 2382 2274 inter
2410 2227 2681 2275 sectarum
2712 2221 2990 2291 principes
3037 2231 3156 2277 orta
3186 2207 3360 2280 esset.
3387 2225 3603 2282 disseno

2036 2312 2119 2366 sio
2150 2329 2164 2365 :
2209 2326 2386 2380 neque
2408 2311 2558 2365 enim
2589 2313 2777 2367 eadem
2804 2329 2995 2370 omnes
3038 2314 3106 2369 de
3129 2324 3376 2371 veterum
3428 2318 3600 2372 inter-

2034 2402 2436 2471 pretationihus
2511 2403 2873 2471 sentiebant,
2953 2404 3222 2461 intellexit
3304 2408 3605 2479 imperator

2036 2492 2184 2559 illos,
2225 2494 2541 2562 opinionum
2572 2509 2796 2549 suarum
2839 2496 3288 2554 altercationibus
3339 2501 3600 2567 conﬁsos,

2036 2584 2402 2639 conditionem
2436 2587 2771 2655 propositam
2804 2601 3081 2644 recusare.
3115 2588 3203 2656 Et,
3239 2590 3500 2647 damnato
3535 2593 3601 2646 il-

2037 2676 2212 2729 lorum
2250 2676 2503 2743 consilio,
2540 2677 2707 2745 jussit
2752 2684 2812 2731 ut
2866 2693 3207 2751 unaquaeque
3273 2692 3425 2737 secta
3476 2682 3601 2739 ﬁdei

2040 2782 2153 2822 sua:
2174 2768 2463 2823 formulam
2485 2770 2693 2839 scripto
2713 2772 3165 2841 comprehensam
3196 2774 3298 2844 ipsi
3331 2775 3598 2832 traderet.

2035 2861 2334 2930 Postquam
2366 2861 2484 2917 dies
2525 2862 2701 2915 illuxit
2730 2878 2853 2933 quae
2891 2863 3017 2920 huic
3048 2867 3268 2936 negotio
3297 2870 3601 2924 constituta

2038 2953 2239 3010 fuerat.
2267 2961 2642 3008 convenerunt
2672 2954 2726 3008 in
2771 2956 3057 3025 palatium.
3119 2974 3219 3028 pro
3255 2959 3324 3015 iis
3374 2962 3598 3031 quidem

365 3044 553 3107 ἄλλας,
581 3043 657 3106 ὡς
684 3042 929 3104 ἐναντίας
965 3038 1243 3115 διέρρηξε.
1283 3036 1394 3089 Καὶ
1432 3034 1794 3095 Ναυατιανοῖς
1839 3030 1936 3100 μὲν

2039 3042 2133 3111 qui
2203 3040 2531 3097 Trinitatem
2604 3046 3133 3101 consubstantialem
3198 3030 3603 3118 proﬁtebantur

366 3135 517 3189 οὐδὲν
542 3132 789 3187 ἐντεῦθεν
820 3132 971 3202 παρά
1002 3129 1226 3201 γνώμην
1252 3126 1453 3196 ἀπέϐη.
1492 3123 1720 3194 Ὁμοίως
1750 3121 1933 3192 γὰρτῇ

368 3224 595 3279 καθόλου
643 3222 936 3293 Ἐκκλησία
985 3222 1053 3275 τὰ
1085 3221 1213 3291 περὶ
1258 3218 1393 3272 Θεοῦ
1421 3215 1753 3281 δοξάζουσιν.
1785 3213 1845 3265 Οἱ
1878 3212 1936 3267 δὲ

365 3319 515 3373 ἄλλοι
545 3316 679 3389 πρὸς
704 3317 828 3379 τοὺς
859 3314 1035 3369 αὐτῶν
1071 3313 1249 3385 ἱερέας
1284 3310 1654 3382 ἐχαλέπαινον,
1687 3306 1761 3370 ὡς
1793 3306 1938 3376 ἀμα-

366 3409 475 3471 θῶς
500 3407 680 3477 σφίσιν
705 3406 975 3469 ἐναντίους
1008 3406 1099 3458 ἐπὶ
1116 3404 1210 3458 τοῦ
1240 3400 1564 3473 κρατοῦντος
1593 3398 1933 3468 γενομένους.

369 3498 558 3553 Πολλοὶ
595 3498 651 3551 δὲ
700 3497 789 3551 καὶ
844 3495 1221 3563 καταγνόντες,
1258 3494 1395 3563 πρὸς
1437 3492 1533 3560 τὴν
1561 3488 1935 3542 ἐπαινεθεῖσαν

370 3583 669 3654 μετέθεντο.
723 3585 781 3636 Ὀ
813 3583 868 3636 δὲ
915 3583 1164 3655 βασιλεὺς
1213 3578 1515 3651 νομοθετῶν
1551 3577 1651 3649 (7),
1683 3576 1935 3629 ἐκέλευσε

314 3658 317 3665 ’
368 3677 492 3739 τοὺς
547 3675 880 3745 ἐτεροδόξους
939 3678 1075 3747 μήτε
1136 3673 1550 3747 ἐκκλησιάζειν,
1616 3673 1752 3743 μήτε
1810 3671 1939 3742 περὶ

369 3769 603 3831 πίστεως
624 3762 912 3833 διδάσκειν,
956 3768 1092 3837 μήτε
1121 3768 1451 3830 ἐπισκόπους
1480 3768 1513 3838 ἢ
1544 3766 1734 3829 ἄλλους
1761 3780 1937 3835 χειρο-

364 3863 537 3913 τονεῖν
558 3876 570 3889 ·
599 3860 833 3921 καὶτοὺς
868 3859 984 3929 μὲν,
1017 3858 1223 3912 πόλεων
1252 3858 1345 3911 καὶ
1376 3857 1558 3927 ἀγρῶν
1585 3856 1934 3911 ἐλαύνεσθαι·

368 3952 492 4014 τοὺς
519 3949 594 4015 δὲ,
621 3950 847 4020 ἀτίμους
872 3947 1008 4004 εἶναι
1050 3949 1147 4022 (8),
1188 3950 1279 4003 καὶ
1317 3948 1590 4012 πολιτείας
1625 3947 1822 4019 ὁμοίως
1863 3947 1937 4018 μὴ

371 4040 616 4111 μετέχειν
643 4043 754 4103 τοῖς
777 4040 973 4103 ἀλλοις.
1010 4041 1119 4093 Καὶ
1179 4038 1418 4111 χαλεπὰς
1456 4040 1567 4103 τοῖς
1614 4038 1800 4110 νόμοις
1840 4039 1939 4091 ἐπ-

371 4133 576 4203 έγραψε
600 4132 886 4203 τιμωρίας.
908 4131 1048 4185 Ἀλλ’
1078 4132 1175 4183 οὐκ
1204 4128 1451 4200 ἐπεξῄει·
1476 4129 1538 4181 οὐ
1561 4129 1668 4202 γὰρ
1689 4132 1939 4201 τιμωρεί-

370 4222 515 4285 σθαι.
556 4223 669 4278 ἀλλ’
726 4227 803 4287 εἰς
841 4223 957 4287 δέος
989 4222 1248 4294 καθιστᾷν
1277 4225 1401 4287 τοὺς
1428 4223 1702 4292 ὑπηκόους
1735 4222 1936 4276 ἐσπού-

369 4313 547 4379 δαζεν,
581 4315 726 4378 ὅπως
756 4314 1055 4384 ὁμόφρονες
1083 4312 1230 4383 αὐτῷ
1257 4313 1497 4381 γένοιντο
1528 4315 1656 4384 περὶ
1685 4314 1745 4367 τὸ
1772 4313 1933 4369 θεῖον.

380 4399 531 4453 Ἐπεὶ
559 4402 654 4455 καὶ
679 4402 804 4464 τοὺς
832 4402 1006 4454 έκοντὶ
1039 4401 1489 4471 μετατιθεμένους
1508 4400 1716 4472 ἐπῄνει.

2036 3130 2327 3188 Nectarius
2353 3147 2407 3189 et
2439 3135 2662 3204 Agelius
2695 3154 2708 3190 :
2754 3151 2852 3206 pro
2877 3137 3098 3194 Arianis
3163 3147 3367 3207 autem,
3404 3141 3600 3198 Demo-

2040 3225 2220 3295 philus
2249 3224 2371 3293 ejus
2403 3232 2565 3281 sectae
2604 3228 2836 3283 antistes
2870 3248 2883 3283 :
2938 3244 3038 3299 pro
3078 3230 3457 3299 Eunomianis,
3492 3233 3601 3290 Eu-

2037 3317 2256 3372 nomius
2285 3318 2404 3387 ipse
2440 3335 2454 3372 :
2488 3332 2586 3387 pro
2609 3318 2676 3374 iis
2704 3335 2835 3374 vero
2862 3322 2954 3391 qui
2989 3321 3369 3378 Macedoniani
3401 3326 3600 3381 dicun-

2036 3417 2146 3472 tur,
2180 3406 2433 3463 Eleusius
2459 3409 2751 3479 episcopus
2774 3411 3099 3481 Cyzicenus.
3134 3413 3329 3479 Porro,
3357 3419 3602 3487 acceptis

2039 3497 2379 3567 singulorum
2440 3500 2682 3563 libellis,
2755 3516 2874 3555 eam
2924 3503 3097 3557 solam
3139 3504 3263 3559 fidei
3310 3506 3600 3562 formulam

2036 3589 2334 3658 imperator
2364 3590 2639 3659 probavit,
2671 3606 2791 3661 qua:
2831 3590 3158 3648 Trinitatem
3225 3598 3599 3653 consubstan-

2036 3681 2222 3736 tialem
2255 3693 2565 3750 assereret;
2597 3684 2837 3753 reliquas
2865 3701 3016 3747 vero.
3053 3695 3315 3759 tanquam
3352 3689 3482 3745 huic
3500 3692 3601 3745 ad-

2037 3780 2322 3828 versantes
2349 3773 2664 3844 discerpsit.
2717 3778 2796 3830 Ac
2840 3775 3158 3836 Novatianis
3200 3782 3419 3851 quidem
3467 3783 3601 3839 nihil

2037 3877 2104 3917 ex
2140 3863 2243 3916 hoc
2269 3864 2492 3932 negotio
2549 3863 2752 3919 accidit
2805 3874 3001 3935 praeter
3061 3872 3415 3925 sententiam.
3461 3873 3602 3930 Idem

2036 3951 2181 4007 enim
2217 3951 2362 4021 quod
2395 3950 2638 4007 Ecclesia
2667 3953 2939 4010 catholica
3015 3955 3082 4011 de
3134 3956 3423 4014 divinitate
3477 3977 3605 4017 sen-

2040 4044 2201 4096 tiunt.
2235 4041 2429 4097 Caeteri
2463 4057 2594 4097 vero
2650 4044 2928 4114 episcopis
2974 4048 3091 4102 suis
3142 4061 3600 4116 suecensnerunt,

2038 4134 2182 4203 quod
2233 4149 2417 4188 coram
2469 4135 2835 4203 imperatore,
2882 4139 3177 4207 pugnantia
3233 4155 3419 4196 secum
3470 4145 3606 4212 ipsis

2038 4232 2201 4293 atque
2231 4223 2532 4287 contraria,
2572 4224 2825 4293 imperite
2874 4227 3170 4285 dixissent.
3223 4229 3376 4284 Multi
3412 4235 3599 4297 etiam,

2037 4314 2312 4371 damnatis
2339 4314 2468 4379 illis,
2504 4314 2568 4367 ad
2592 4329 2710 4369 eam
2739 4315 2894 4371 ﬁdem
2928 4334 3048 4388 quae
3077 4321 3301 4390 probata
3334 4321 3513 4378 fuerat
3544 4342 3607 4381 se

1967 4401 2020 4462 ι)
2045 4406 2469 4462 transtulerunt.
2507 4404 2776 4460 Cancrum
2818 4407 3118 4479 imperator
3150 4413 3267 4482 lege
3317 4415 3425 4467 lata
3466 4432 3605 4484 pra:-

370 4492 534 4562 cepit,
559 4510 628 4548 ne
660 4493 898 4549 hazretici
930 4493 1190 4548 collectas
1226 4501 1469 4563 agerent,
1542 4510 1676 4551 neve
1733 4496 1801 4552 de
1858 4497 1961 4555 ﬁde
2039 4498 2321 4562 docerent,
2374 4512 2509 4553 neve
2560 4499 2848 4569 episcopos
2893 4510 2988 4556 aut
3040 4503 3177 4557 alios
3229 4505 3551 4561 ordinarent
3585 4522 3605 4562 :

371 4598 536 4657 utque
559 4590 651 4642 alii
693 4590 912 4659 quidem
967 4588 1202 4643 urbibus
1257 4596 1313 4643 et
1363 4590 1510 4657 agris
1542 4590 1929 4659 pellerentur:
2010 4595 2103 4649 alii
2166 4608 2297 4648 vero
2327 4602 2655 4649 notarentur
2692 4593 2938 4661 infamia,
2984 4613 3087 4653 nec
3131 4597 3222 4668 jus
3273 4616 3485 4670 a'quum
3529 4605 3607 4658 cio

368 4683 554 4738 vitatis
590 4698 713 4737 cum
757 4684 985 4754 reliquis
1014 4683 1231 4737 civibus
1309 4684 1681 4753 possiderent.
1716 4686 1780 4739 Et
1814 4703 2008 4757 graves
2076 4688 2294 4759 quidem
2363 4703 2554 4758 pmnas
2619 4691 2831 4760 legibus
2884 4692 3001 4747 suis
3066 4695 3370 4765 ascripsit:
3426 4698 3606 4754 haud-

369 4790 647 4844 quaquam
709 4783 891 4829 tamen
928 4775 1262 4829 exsecutioni
1294 4774 1596 4830 mandavit.
1623 4776 1812 4848 Neque
1845 4781 1989 4834 enim
2030 4783 2223 4850 punire
2257 4783 2524 4843 subditos.
2548 4786 2641 4839 sed
2672 4790 2878 4839 terrere
2914 4787 3292 4844 tantummodo
3328 4789 3608 4855 studebat,

371 4878 429 4921 ut
456 4868 598 4920 idem
634 4882 756 4921 cum
796 4868 915 4935 ipso
940 4867 1008 4921 de
1044 4866 1336 4923 Divinitate
1362 4871 1653 4925 sentirent.
1690 4869 1823 4923 Nam
1872 4879 1929 4925 et
1966 4872 2089 4928 illos
2123 4874 2400 4939 laudabat,
2432 4879 2524 4947 qui
2587 4893 2684 4932 sua
2721 4886 2914 4947 sponte
2945 4889 3414 4938 converterentur.

1511 5025 1786 5081 V’ALESH
1823 5027 2373 5089 ANNOTATIONES.

444 5132 519 5199 (7)
652 5132 719 5184 δὲ
750 5133 1049 5200 βασιλεὺς
1081 5136 1431 5211 νομοθετῶν.
1464 5140 1717 5211 lntelligit
1760 5142 1933 5197 δοιο-

372 5217 566 5281 plenus
600 5203 1357 5281 legemnsegtaun,__sept_imatn
1404 5203 1777 5281 etgseque'ntes
1812 5228 1933 5281 quae

372 5271 670 5355 habentur
696 5272 750 5326 in
774 5272 975 5330 Codice
1016 5271 1422 5342 Theodosiano,
1450 5271 1610 5334 titul'o
1646 5280 1719 5335 De
1757 5271 1930 5339 inae-re-

375 5356 517 5483 migi
557 5411 699 5477 Τοὺς
718 5412 805 5478 δὲ,
827 5415 1075 5485 ἀτίμους
1092 5411 1263 5473 εἶναι.
1294 5419 1621 5477 Μοηὶοὶιωοε
1644 5420 1924 5493 intelligit.

2041 5145 2107 5201 lli
2141 5149 2283 5229 enim
2312 5166 2421 5220 prae
2444 5155 2657 5229 caeteris
2680 5155 2914 5229 infames
2938 5174 3061 5214 esse
3091 5159 3356 5229 jnbentur
3389 5176 3404 5212 :
3439 5156 3508 5210 ita
3546 5165 3606 5211 nt

2040 5233 2143 5290 nec
2180 5224 2488 5276 testamenti
2525 5223 2783 5290 faciendi,
2847 5244 2947 5283 nec
3000 5246 3065 5286 ex
3092 5223 3447 5283 'testainento
3509 5244 3603 5279 ra-

2040 5289 2224 5367 piendi
2253 5292 2419 5367 ullam
2446 5294 2682 5352 habeant
2714 5289 3049 5365 faCultatem,
3083 5308 3140 5354 ut
3166 5299 3240 5353 ait
3265 5298 3349 5353 lex
3371 5294 3600 5367 septima

2037 5359 2223 5417 codice
2260 5361 2448 5417 citato.
