4054 6188
352 303 493 362 1649

1270 291 1600 353 HISTORIA
1636 287 2206 352 ECCLESlASTlCA.
2239 318 2307 331 ε-
2328 289 2460 345 LIB.
2494 285 2607 345 Vll.

3463 289 3600 347 Hii“

346 417 487 488 μήτε
525 415 768 487 μείζονος
810 411 1217 484 μεταποιεῖσθαι
1258 414 1433 484 φήσας
1471 411 1566 467 ἐπὶ
1601 410 1776 483 μισθῷ
1801 410 1916 464 ἀσε-

2032 406 2237 477 gradus
2273 402 2692 476 pollicitatione
2741 406 3085 473 demulcens,
3144 408 3311 478 cmpit
3367 408 3602 464 hortari.

343 508 517 571 ϐεἱας.
551 509 702 561 Ἐπεὶ
721 503 812 560 οὖν
842 506 1028 576 ἐνέστη
1062 506 1139 576 μή
1174 521 1303 558 ποτε
1335 505 1492 558 τοῦτο
1510 502 1927 579 διαπράξασθαι,

343 596 524 669 ’ἕτεροι
551 598 940 665 διηκονήσαντο
967 595 1106 664 πρὸς
1152 594 1249 665 τὴν
1280 594 1427 647 θέσιν
1452 595 1546 647 τοῦ
1572 594 1814 647 τοιούτου
1838 594 1927 646 vdo

348 706 473 760 μου.
541 686 942 758 Παρεκελεύετο
998 686 1057 741 δὲ
1090 686 1261 750 ἀδεῶς
1286 689 1524 740 συνιέναι
1568 687 1694 749 τοὺς
1728 685 1930 756 ὁμοίως

342 779 661 846 δοξάζοντας
711 780 823 840 τοῖς
868 780 926 832 έν
995 778 1278 849 ’Δριμίνῳ,
1339 780 1434 831 καὶ
1476 778 1615 848 μετά
1659 776 1832 830 ταῦτα
1864 777 1927 829 έν

344 869 919 925 Κωνσταντινουπόλει
953 869 1369 939 συνεληλυθόσι⁸
1415 870 1539 934 τοὺς
1572 869 1630 923 δὲ
1676 864 1925 940 ἐμποδὼν

341 960 691 1029 γενομένους,
750 960 784 1031 ἢ
836 960 1054 1015 ἐναντία
1094 959 1190 1030 ’τῷ
1229 961 1391 1032 νόμῳτ
1429 960 1693 1031 βασιλέως
1739 959 1927 1032 δεομέ-

325 1064 466 1140 ινους
495 1050 630 1120 (l2),
660 1050 877 1121 θανάτῳ
905 1049 1251 1122 ζημιοῦσθαι.
1282 1050 1469 1105 Ταῦτα
1515 1048 1924 1121 σπουδαζούσης

338 1145 439 1215 τῆς
484 1142 580 1198 τοῦ
633 1142 899 1214 βασιλέως
952 1142 1176 1215 μητρὸς,
1201 1142 1413 1214 καὶτὸν
1450 1143 1615 1214 νόμον
1654 1144 1734 1208 είς
1763 1141 1924 1214 ἔργον

338 1236 498 1306 ἀγειν
521 1235 975 1306 κατεπειγούσης,
1006 1235 1333 1305 ἀγγέλλεται
1355 1234 1493 1304 δόλῳ
1507 1234 1917 1308 ’Δνδραγαθίου,

334 1327 398 1392 ὓς
420 1326 725 1398 στρατηγὸς
798 1322 868 1397 ἦν
909 1326 1198 1397 Μαξίμου,
1254 1326 1552 1398 Γρατιανδν
1595 1325 1916 1399 ἀνῃρῆσθαι.

352 1419 468 1489 Ἐφ’
489 1418 824 1491 ἁρμαμάξης
844 1418 951 1490 γὰρ
964 1418 1251 1490 βασιλικῆς
1272 1417 1587 1489 ὀχούμενος,
1606 1418 1916 1490 ἀπεκρύϐησ

339 1513 435 1566 καὶ
464 1510 542 1575 ὡς
572 1510 669 1564 τοῦ
718 1509 981 1580 βασιλέως
1025 1510 1113 1580 εἴη
1163 1510 1402 1582 γαμετὴ,
1436 1513 1550 1575 τοῖς
1592 1511 1920 1583 ἡγουμένοις

337 1601 623 1670 ἀγγέλλειν
686 1602 954 1656 ἐκέλευεν.
1024 1602 1467 1672 Ἀπερισκέπτως
1519 1602 1579 1657 δὲ
1625 1601 1920 1673 Γρατιανδς

335 1691 428 1746 τὸν
485 1691 612 1764 τῇδε
668 1692 911 1763 ποταμὸν
962 1692 1176 1758 διαϐάς,
1211 1692 1289 1757 ὡς
1316 1693 1544 1764 ἔναγχος
1578 1694 1786 1764 γήμας,
1823 1693 1917 1746 καὶ

2029 493 2141 552 Nec
2178 502 2361 552 tamen
2413 495 2465 551 ei
2512 496 2844 566 persuadere
2886 496 3086 567 potuit.
3132 492 3270 551 Nam
3311 496 3604 553 Benivolus

2030 589 2340 643 detractum
2371 587 2478 643 sibi
2521 590 2799 661 cingulum
2847 597 2976 645 ante
3011 588 3181 659 pedes
3212 589 3414 660 reginae
3454 590 3606 659 περ.

2028 680 2140 745 cit,
2189 695 2291 735 nec
2319 689 2647 749 praesentem
2691 680 3032 752 dignitatem,
3072 695 3174 735 nec
3220 680 3388 734 ullam
3438 681 3601 733 aliam

2029 772 2318 841 majorem,
2371 786 2472 842 pro
2504 772 2756 828 mercede
2802 771 3103 842 impietatis
3151 787 3211 828 se
3238 772 3379 827 velle
3419 774 3604 827 susci-

2027 876 2156 933 pere
2185 861 2485 921 allirmans.
2521 862 2656 917 Cum
2685 877 2841 934 ergo,
2864 864 2969 917 iste
3017 878 3298 932 nunquam
3333 861 3387 916 id
3433 878 3492 919 se
3525 863 3606 915 fa-

2025 961 2247 1009 cturum
2289 961 2611 1011 constanter
2653 960 3017 1019 asseveraret,
3065 954 3299 1010 adhibiti
3341 965 3473 1011 sunt
3506 956 3604 1025 qui

2024 1044 2170 1100 hanc
2198 1045 2374 1116 legem
2420 1045 2713 1102 dictarem.
2762 1044 3124 1116 Praecipiebat
3162 1057 3344 1102 autem
3391 1061 3459 1102 ea
3493 1047 3600 1111 lex,

2024 1146 2086 1191 ut
2117 1137 2435 1208 quicunque
2463 1137 2711 1193 eamdem
2754 1137 2915 1193 tidem
2957 1146 3208 1193 tenerent
3238 1152 3402 1207 quam
3439 1137 3477 1192 ii
3506 1139 3604 1208 qui

2020 1229 2154 1282 olim
2196 1228 2458 1298 Arimini,
2504 1245 2571 1287 ac
2619 1216 2816 1302 postea
2853 1230 3335 1302 ConstantinOpoli
3379 1230 3604 1286 fuerant

2021 1319 2382 1391 congregati,
2437 1320 2612 1377 libere
2668 1320 2724 1375 in
2775 1321 3047 1377 ecclesias
3098 1320 3468 1376 convenirent
3503 1337 3517 1373 :
3551 1322 3602 1374 si

2020 1413 2116 1482 qui
2140 1426 2270 1467 vero
2311 1412 2670 1476 obsisterent,
2704 1421 2800 1468 aut
2846 1413 3131 1468 contraria
3186 1413 3318 1468 huic
3364 1413 3467 1483 legi
3501 1427 3605 1481 po-

2020 1505 2317 1571 stularent,
2375 1506 2559 1576 capite
2608 1506 3000 1576 plecterentur.
3052 1505 3192 1559 Dum
3248 1503 3601 1573 imperatoris

2021 1606 2199 1652 mater
2243 1597 2348 1654 ista
2375 1598 2628 1664 molitur,
2669 1609 2725 1653 et
2759 1584 2931 1670 legem
2960 1598 3305 1654 exsecutioni
3335 1598 3603 1653 mandare

2020 1685 2493 1755 studet,_aﬂ‘ertur
2533 1689 2784 1753 nuntius,
2816 1688 3138 1743 Gratianum
3174 1686 3366 1744 fraude
3389 1687 3603 1743 Andra-

335 1781 455 1846 νέος
485 1781 581 1846 ῶν,
618 1783 711 1836 καὶ
740 1782 1022 1856 ἐρωτικῶς
1065 1785 1203 1856 πρὸς
1242 1786 1341 1856 τὴν
1373 1788 1607 1853 γυναῖκα
1630 1785 1916 1849 διατεθεὶς,

2020 1778 2197 1848 gathii
2233 1779 2327 1849 qui
2374 1794 2561 1835 comes
2610 1788 2730 1834 erat
2773 1778 3017 1844 Maximi,
3053 1778 3407 1836 interfectum
3452 1794 3599 1834 esse.

336 1870 444 1925 ὑπὸ
477 1870 786 1943 προθυμίας
830 1873 927 1927 τοῦ
982 1873 1281 1928 θεάσασθαι
1312 1875 1481 1945 αὐτὴν
1514 1875 1679 1945 μηδὲν
1703 1875 1918 1946 προϊδό-

336 1978 521 2032 μενος,
553 1963 632 2025 είς
672 1962 773 2026 τὰς
818 1961 1203 2033 Ἀνδραγαθίου
1260 1964 1485 2017 ἐνέπεσε
1541 1968 1748 2035 χεῖρας.
1808 1964 1917 2018 Καὶ

335 2054 687 2124 συλληφθεὶς,
716 2054 816 2108 οὐκ
850 2056 930 2118 εἰς
965 2055 1184 2126 μακρὰν
1220 2055 1483 2128 ἀνῃρέθη,
1511 2056 1608 2126 ἐτη
1642 2057 1740 2127 μὲν
1773 2058 1917 2129 ἀμφὶ

333 2146 404 2200 τὰ
425 2146 839 2218 εἰκοσιτέσσαρα
867 2146 1129 2216 γεγονὼς,
1162 2147 1294 2202 δέκα
1342 2148 1400 2202 δὲ
1440 2149 1537 2203 καὶ
1574 2149 1735 2204 πέντε
1766 2150 1918 2221 βασι-

333 2239 554 2302 λεύσας.
592 2240 682 2302 Ὦς
737 2238 1129 2311 ἐπιγενομένης
1183 2238 1241 2292 δὲ
1293 2240 1564 2311 τοσαύτης
1604 2242 1913 2312 συμφορᾶς,

327 2331 616 2385 ἱπαύσατο
652 2331 916 2385 Ἰουστίνα
939 2331 1041 2401 τῆς
1072 2334 1215 2385 κατά
1253 2333 1580 2404 Ἀμϐροσίου
1603 2334 1793 2406 ὀργῆς.
1829 2335 1917 2389 Ἐν

330 2420 509 2489 τούτῳ
535 2419 592 2472 δὲ
633 2419 884 2490 Μάξιμος
928 2421 1188 2491 πλείστην
1211 2422 1438 2492 ἀγείρας
1472 2424 1732 2495 στρατιάν
1782 2422 1916 2495 Βρεο

328 2511 508 2565 ταγῶν
530 2510 759 2582 ἀνδρῶν,
778 2513 871 2565 καὶ
887 2512 994 2566 τῶν
1024 2514 1241 2585 ὁμόρων
1261 2514 1534 2577 Γαλατῶν,
1562 2515 1658 2569 καὶ
1672 2514 1912 2583 Κελτῶν,

328 2601 549 2655 καὶτῶν
583 2602 710 2673 τῇδε
733 2601 926 2665 ἐθνῶν,
958 2603 1051 2667 ἐπὶ
1079 2602 1179 2673 τὴν
1222 2604 1454 2657 Ἰταλίαν
1489 2604 1608 2676 ᾔει·
1640 2606 1917 2677 πρόφασιν

334 2694 436 2762 μὲν
471 2693 547 2757 ὡς
587 2693 688 2748 οὐκ
737 2693 1064 2764 ἀνεξόμενος
1095 2693 1359 2765 νεώτερόν
1397 2713 1450 2749 τι
1502 2696 1756 2765 γενέσθαι
1789 2698 1918 2768 περὶ

330 2786 430 2850 τὴν
466 2784 720 2856 πάτριον’
743 2787 947 2851 πίστιν,
1000 2788 1096 2842 καὶ
1126 2788 1224 2858 τὴν
1253 2772 1713 2860 έκκλησιαστικὴν
1740 2789 1914 2855 τάξιν.

330 2874 408 2928 Τὸ
442 2876 501 2930 δὲ
550 2877 769 2947 ἀληθὲς,
838 2878 1104 2950 τυράννου
1158 2879 1316 2947 δόξης
1370 2880 1563 2934 ἑαυτὸν
1596 2879 1874 2952 καθαίρων
1899 2924 1915 2950 ,

330 2968 470 3039 πρὸς
491 2969 548 3022 δὲ
574 2969 671 3042 τὴν
687 2969 963 3041 βασιλείαν
993 2971 1227 3041 βλέπων,
1260 2971 1354 3026 καὶ
1370 2973 1914 3045 πραγματευόμενος,

330 3060 397 3156 ei
420 3076 494 3129 πη
538 3060 646 3131 ἄρα
696 3059 915 3116 δύναιτο
965 3060 1115 3126 δόξαι
1148 3060 1319 3132 νόμῳ,
1360 3062 1422 3115 ού
1469 3061 1580 3132 βίᾳ,
1615 3061 1714 3133 τὴν
1740 3062 1914 3156 ἀρχὴν
1941 3099 1983 3156 c

342 3148 630 3221 Ῥωμαίων
655 3152 835 3223 ἑαυτῷ
888 3155 1216 3225 περιποιεῖν.
1244 3152 1683 3218 υύαλεντινιανὸς
1720 3152 1776 3207 δὲ
1808 3154 1914 3206 ὑπὸ

329 3238 426 3293 τοῦ
458 3241 652 3311 καιροῦ
680 3240 943 3311 βιασθεὶς,
974 3242 1194 3309 ἐδέξατο
1235 3241 1305 3296 τὰ
1342 3238 1586 3314 σύμϐολα
1616 3242 1718 3313 τῆς
1745 3243 1911 3297 αὐτοῦ

331 3330 631 3401 βασιλείας.
693 3332 887 3397 Δείσας
919 3333 975 3388 δὲ
1004 3333 1081 3404 μή
1110 3350 1163 3386 τι
1210 3332 1396 3397 πάθοι,
1419 3332 1637 3402 φεύγων
1674 3334 1735 3399 ἐξ
1774 3336 1912 3388 Ἰταο

328 3421 473 3485 λίας,
506 3422 589 3486 είς
612 3421 1014 3494 Θεσσαλονίκην
1037 3419 1173 3496 ἦκε’
1214 3424 1312 3478 σὺν
1337 3423 1488 3494 αύτῷ
1516 3424 1573 3478 δὲ
1604 3425 1699 3479 καὶ
1723 3427 1757 3496 ἡ
1803 3426 1912 3496 μή.

326 3528 456 3584 τηρ,
497 3514 591 3568 καὶ
612 3515 820 3586 Πρὸεος
843 3518 872 3569 ὁ
899 3515 1162 3589 ὕπαρχος.

2018 1869 2121 1925 llic
2168 1872 2351 1937 enim,
2404 1887 2532 1928 cum
2591 1872 2863 1942 imperiali
2916 1885 3183 1942 carpento
3208 1871 3374 1942 295
3408 1880 3602 1926 vectus

2017 1960 2388 2025 delitesceret,
2420 1961 2860 2031 praecursoribus
2887 1962 3243 2016 mandaverat
3270 1969 3330 2015 ut
3362 1960 3602 2029 impera-

2019 2052 2155 2106 toris
2220 2051 2514 2123 conjugem
2570 2051 2833 2108 advenire
2894 2052 3235 2109 nuntiarent.
3303 2041 3602 2109 Gratianus

2020 2158 2169 2210 vero,
2201 2153 2388 2214 utpote
2422 2144 2517 2215 qui
2554 2159 2750 2200 recens
2785 2159 3012 2201 uxorem
3037 2128 3293 2213 duxerat,
3327 2154 3385 2202 et
3419 2143 3605 2201 adhuc

2014 2234 2237 2305 juvenis
2268 2236 2478 2306 ingenti
2507 2235 2629 2306 ejus
2660 2251 2852 2291 amore
2877 2236 3164 2308 ﬂagrabat,
3191 2237 3316 2307 ejus
3349 2236 3604 2293 videndae

2019 2327 2226 2391 studio,
2273 2328 2412 2381 nihil
2451 2328 2561 2382 doli
2599 2328 2936 2398 suSpicatus,
2988 2329 3215 2384 ﬂuvium
3263 2330 3605 2387 interlaben-

2020 2429 2128 2474 tem
2193 2420 2498 2488 improvide
2561 2428 2949 2492 transgressus
3004 2430 3110 2486 est,
3178 2431 3344 2493 atque
3410 2423 3487 2478 ita
3547 2424 3605 2479 iu

2019 2523 2216 2564 manus
2238 2510 2596 2581 Audragatbii
2628 2511 2844 2566 incidit.
2877 2510 3215 2583 Captusque,
3253 2512 3398 2569 haud
3428 2515 3603 2569 multo

2020 2610 2146 2672 post
2187 2601 2519 2664 trucidatur.
2560 2618 2684 2659 cum
2720 2604 2955 2660 vixisset
3005 2620 3181 2660 annos
3213 2605 3434 2661 circiter
3467 2621 3604 2675 qua~

2020 2698 2148 2743 tuor
2186 2699 2241 2744 et
2272 2690 2486 2761 viginti,
2544 2690 2875 2761 imperasset
2923 2703 3105 2748 autem
3140 2695 3480 2765 quindecim.
3519 2696 3602 2750 Oh

2017 2788 2223 2836 tantam
2257 2783 2428 2852 igitur
2473 2783 2839 2838 calamitatem
2874 2800 2997 2855 qua:
3037 2786 3341 2852 acciderat,
3381 2786 3602 2843 Justina

2017 2873 2159 2927 iram
2193 2874 2460 2931 adversus
2499 2875 2856 2930 Ambrosium
2895 2876 3123 2945 abjecit.
3168 2877 3381 2951 Interea
3434 2876 3605 2933 Maxi-

2017 2980 2164 3029 mus,
2197 2965 2431 3020 collecto
2467 2982 2535 3021 ex
2589 2965 2875 3021 Britannia
2939 2976 2995 3022 et
3060 2969 3262 3025 vicinis
3292 2969 3507 3032 Galliis,
3546 2979 3603 3023 ct

2018 3053 2192 3112 Celtis
2270 3070 2336 3111 ac
2406 3057 2659 3113 ﬁnitimis
2733 3060 2997 3129 gentibus
3074 3075 3374 3116 numeroso
3442 3077 3603 3116 excr-

2018 3149 2153 3212 citu,
2202 3148 2259 3203 in
2316 3147 2524 3204 ltaliam
2590 3149 2875 3222 profectus
2939 3160 3025 3208 est
3067 3154 3301 3223 :specie
3353 3154 3599 3225 quidem.

2018 3242 2177 3310 quasi
2219 3256 2327 3296 non
2369 3258 2636 3312 passurus
2699 3252 2758 3297 ut
2810 3245 2958 3299 circa
3018 3244 3180 3302 ﬁdem
3227 3247 3500 3318 majorum
3546 3257 3604 3301 et

2019 3334 2074 3387 in
2102 3335 2481 3389 ecclesiastica
2515 3335 2810 3405 disciplina
2845 3338 3147 3407 quidquam
3186 3339 3550 3394 innovaretur
3583 3356 3597 3393 :

2020 3439 2080 3479 re
2110 3432 2296 3479 autem
2326 3425 2447 3496 ipsa
2484 3435 2544 3480 ut
2583 3427 2957 3497 suspicionem
3002 3429 3316 3500 tyrannidis
3346 3430 3538 3498 procul
3568 3445 3600 3482 a

2020 3531 2083 3571 se
2115 3516 2452 3586 depelleret;
2496 3525 2688 3587 utpote
2734 3519 3105 3590 principatum
3150 3520 3437 3588 allectaus,
3476 3538 3597 3575 om-

332 3604 503 3673 nique
541 3612 660 3658 arte
713 3604 945 3660 studens
995 3614 1056 3659 ut
1102 3605 1394 3675 imperium
1449 3604 1756 3659 Romanum
1799 3620 1906 3661 non
1980 3607 2054 3672 vi,
2103 3606 2201 3661 sed
2238 3606 2365 3675 jure
2412 3607 2518 3662 sibi
2554 3608 2840 3664 vindicare
2883 3610 3184 3666 videretur.
3257 3610 3597 3667 Valentinia-

330 3708 440 3749 nus
470 3709 601 3749 vero
649 3695 981 3751 necessitate
1014 3701 1321 3765 temporum
1374 3704 1624 3756 coactus,
1668 3696 1907 3767 insignia
1949 3696 2168 3767 imperii
2206 3696 2361 3752 illius
2393 3699 2633 3754 admisit.
2669 3700 2777 3756 Sed
2811 3709 2994 3759 tamen
3041 3703 3251 3761 veritus
3322 3721 3389 3762 ne
3462 3706 3598 3776 quid

329 3786 464 3842 mali
499 3792 799 3857 pateretur,
837 3785 1027 3842 relicta
1073 3785 1232 3841 Italia
1279 3786 1735 3844 Thessalonicam
1776 3787 2044 3859 profugit,
2077 3804 2188 3844 una
2236 3804 2363 3844 cum
2393 3799 2591 3859 matre,
2624 3800 2677 3848 et
2711 3791 2896 3849 Probo
2927 3797 3185 3867 praefecto
3225 3800 3485 3869 praetorii.

937 3900 1187 3957 ΚΕΦΑΛ.
1212 3902 1309 3956 lA'.

330 4013 474 4083 Περὶ
523 4008 635 4082 τῆς
674 4011 966 4084 γενέσεως
1024 4013 1331 4084 Ὁνωρίους
1367 4016 1462 4070 καὶ
1509 4015 1599 4070 ὅτι
1632 4014 1707 4084 τῇ
1746 4019 1910 4069 Κων-

403 4082 729 4138 σταντίνου
790 4082 985 4137 λιπὼν
1069 4083 1380 4152 Ἀρκάδιον
1402 4124 1417 4148 ,
1484 4088 1573 4151 εις
1652 4082 1907 4140 Ἰταλίαν

401 4153 668 4231 ἔρχεται.⁸
700 4152 814 4231 ιῳι
839 4154 974 4231 περὶ
1000 4152 1112 4222 τῆς
1136 4153 1425 4231 διαδοχῆς
1472 4155 1905 4231 τῶν-Ναυατιαε

404 4221 550 4296 νῶν,
577 4223 674 4276 καὶ
698 4221 815 4296 τῶν
836 4223 1040 4296 ἄλλων
1064 4221 1443 4296 πατριιιρᾗῶν
1464 4243 1479 4257 ·
1515 4225 1613 4279 καὶ
1636 4228 1768 4296 περὶ
1799 4227 1906 4281 τοῦ

402 4291 671 4361 θράσους
710 4291 830 4346 τῶν
875 4291 1190 4360 Ἀρειανῶνί
1216 4312 1230 4326 ο
1267 4291 1365 4348 aut
1403 4295 1485 4362 ὡς
1536 4291 1770 4350 ἀνελῶν
1799 4296 1907 4349 τὸν

400 4364 699 4485 agam-r3:
722 4362 1060 4444 Θςοδόσιος,
1075 4365 1506 4435 μεγαλοπρεπῆ
1529 4366 1815 4437 θρίαμϐον
1833 4366 1905 4419 ἐν

481 4450 606 4485 eum
682 4449 809 4485 οιει.

416 4432 606 4501 Ῥώμῃ
636 4432 809 4487 ποιεῖ.

2628 3906 2785 3964 CAP.
2841 3907 2983 3966 XIV.

2014 4014 2251 4091 De_ortu
2287 4021 2559 4075 Honorii:
2593 4031 2643 4076 et
2694 4028 2960 4091 quomodo
3014 4025 3357 4090 Theodosius,
3406 4031 3591 4083 relicto

2085 4088 2549 4168 Constantinopoli
2605 4088 2974 4168 Arciadiotjn
3038 4095 3263 4168 italiam
3324 4088 3590 4168 profectus

2083 4167 2182 4213 est.
2222 4160 2356 4213 Item
2386 4161 2450 4214 de
2491 4163 2820 4232 successione
2863 4160 3434 4232 Novatiauorumfet'
3459 4173 3589 4227 reli-

2116 4246 2303 4282 uorum
2332 4231 2765 4298 patriarcharum
2797 4250 2815 4286 :
2834 4244 2883 4287 et
2904 4235 2968 4289 de
2993 4231 3317 4291 Arianorum
3335 4240 3587 4296 audacia.

2109 4300 2153 4352 Et
2181 4305 2440 4382 qugnzodo
2484 4301 2809 4382 Theodosius
2842 4308 3013 4382 occiso
3058 4317 3285 4377 tyranno
3336 4314 3590 4382 magniﬁ-

2088 4369 2207 4424 cuni
2240 4369 2422 4426 Roma
2457 4373 2780 4441 triumphum
2826 4376 2950 4445 egit.

413 4523 504 4575 Ἐν
527 4521 703 4593 τούτῳ
720 4522 799 4586 δὲ,
831 4522 1372 4595 παρασκευαζομένῳ
1412 4524 1678 4598 Θεοδοσίῳ
1705 4528 1787 4591 είς
1811 4527 1904 4582 τὸν

2076 4528 2282 4585 Eodem
2308 4537 2568 4600 tempore.
2595 4547 2723 4586 cum
2757 4515 3098 4590 Theodosius
3118 4536 3389 4593 adversus
3418 4537 3590 4595 Maxi-

326 4610 470 4685 πρδς
495 4612 746 4683 Μάξιμον
772 4613 1029 4685 πόλεμον,
1064 4616 1271 4682 γίνεται
1302 4618 1431 4678 παῖς
1480 4616 1754 4688 Ὀνὼριος.
1819 4617 1910 4681 Ὠς

325 4705 386 4759 δὲ
409 4703 559 4775 αύτῷ
600 4703 669 4757 τά
703 4705 830 4775 περὶ
852 4704 950 4776 τὴν
982 4705 1241 4776 στρατιὰν
1265 4704 1598 4778 ηὐτρέπιστο
1628 4750 1643 4774 ,
1689 4710 1911 4763 καταλι-

326 4795 449 4850 πὼν
501 4799 561 4852 ἐν
613 4797 1175 4852 Κωνσταντινουπόλει
1235 4797 1586 4869 βασιλεύοντα
1627 4802 1908 4873 Ἀρκάδων

322 4890 418 4944 τὸν
444 4887 591 4956 υἱὸν,
624 4890 1031 4961 καταλαμϐάνει
1060 4891 1117 4943 ὲν
1137 4889 1502 4963 Θεσσαλονίκῃ
1530 4892 1915 4949 Οὑαλεντινια-

323 4981 436 5036 νόν.
498 4983 609 5036 Καὶ
662 4982 788 5045 τοὺς
839 4981 938 5052 μὲν
995 4982 1398 5048 ἀποσταλέντας
1448 4985 1598 5055 παρά
1647 4986 1900 5056 Μαξίμου

325 5072 608 5144 πρέσϐεις,
657 5072 781 5127 οὗτε
828 5075 1155 5146 ἀπέπεμπεν
1204 5077 1285 5138 εἰς
1324 5075 1385 5129 τὸ
1436 5082 1732 5148 προφανὲς,
1777 5079 1900 5133 οὔτε

435 5231 450 5261 ⁸
489 5228 647 5285 Socr.
691 5229 788 5285 lib.
824 5246 877 5293 v.
911 5245 1039 5300 cap.
1071 5230 1276 5298 1215,
1315 5233 1404 5287 M.

2007 4638 2156 4676 mum
2192 4622 2598 4693 expeditionem
2645 4633 2888 4694 pararet,
2918 4625 3200 4684 Honorius
3237 4629 3287 4684 ei
3322 4631 3464 4688 [ilius
3490 4649 3590 4687 na-

2006 4715 2186 4769 scitur
2221 4712 2261 4769 ί.
2310 4712 2555 4770 Tandem
2588 4731 2720 4772 vero
2768 4719 2977 4787 paratis
3020 4719 3133 4788 jam
3168 4722 3427 4778 omnibus
3465 4741 3589 4794 qua:

2007 4805 2074 4860 ad
2105 4806 2307 4860 bellum
2344 4809 2664 4863 necessaria
2708 4819 2883 4873 erant,
2935 4811 3052 4881 ipse
3102 4809 3586 4886 Constantinopoli

2005 4898 2298 4964 excedens,
2341 4898 2639 4953 Arcadium
2688 4902 2999 4984 Aug‘ustum
3037 4902 3207 4970 (ilium
3256 4920 3417 4960 suum
3471 4906 3585 4961 illic

2010 4988 2254 5059 reliquit,
2287 5004 2352 5045 ac
2399 4988 2852 5049 Thessalonicam
2906 4995 3214 5066 profectus,
3246 4997 3583 5055 Valentiniao

2009 5097 2139 5135 num
2188 5082 2264 5137 ibi
2309 5082 2557 5140 oll'endit.
2596 5082 2661 5139 Et
2689 5086 2905 5159 legatos
2933 5090 3029 5161 qui
3080 5108 3112 5147 a
3154 5091 3393 5149 Maximo
3422 5093 3583 5147 missi

1522 5387 1789 5447 VALESII
1826 5390 2265 5451 ΑΝΝΟΤΑἸἸΟΝ
2272 5395 2376 5454 ES.

393 5546 635 5621 (12)]11
701 5549 945 5604 ἐναντία
1009 5549 1089 5615 τῷ
1117 5553 1277 5619 νόμῳ
1326 5550 1634 5618 ,ϐασιλέως
1695 5551 1898 5621 δεομέ-

318 5634 488 5690 νους.
528 5616 690 5690 Qerte
720 5621 785 5673 ad
814 5622 1020 5676 calcem
1058 5616 1199 5690 legis
1225 5623 1338 5675 haec
1370 5616 1621 5675 habetur
1664 5616 1897 5676 emuniui-

320 5689 475 5764 natio
504 5687 795 5764 :__Man_ente
827 5687 1171 5744 nihilominus
1196 5707 1281 5764 eos
1304 5692 1577 5759 supplicio.
1600 5694 1690 5764 qui
1711 5704 1897 5747 contra

320 5760 458 5812 hanc
486 5758 883 5826 dispositionem
919 5772 1154 5814 nostram
1204 5762 1479 5827 obreptire.
1510 5758 1621 5815 aut'
1655 5765 1895 5818 clanculo

608 5853 882 5916 PATROL.
928 5856 1044 5917 Gn.
1077 5856 1328 5915 LXVII.

1997 5556 2298 5634 supplicare
2348 5564 2684 5634 mutaverint.
2737 5563 2869 5629 Qua:
2928 5564 3088 5619 verba
3143 5577 3267 5617 cum
3316 5566 3576 5634 superius

1998 5629 2209 5706 omissa
2244 5630 2357 5683 sint
2388 5646 2417 5683 a
2450 5632 2630 5695 nobis,
2666 5634 2773 5706 hic
2812 5637 3064 5688 consulto
3099 5629 3408 5700 retulimus,
3444 5640 3574 5706 quia

1997 5697 2341 5779 Sozomenus
2395 5709 2583 5779 noster
2612 5703 2677 5756 ad
2717 5720 2780 5757 ea
2825 5707 3086 5771 respexit,
3127 5714 3181 5761 et
3242 5697 3573 5779 interpretes

1999 5782 2221 5825 sensum
2249 5770 2366 5841 ejus
2399 5771 2822 5842 haudquaquam
2847 5770 3128 5843 ceperunt.
3390 5770 3405 5779 ’
3473 5783 3477 5786 ’

3088 5866 3164 5943 ⁸6

2184 5936 2238 5948 ορ*
2260 5940 2296 5946 ιι.
2344 5942 2375 5945 -γ
