4054 6188
533 336 666 394 N5!

1995 327 2340 385 SOZOMENl

3657 321 3781 377 H32

539 463 720 517 erant,
741 464 841 504 nec
863 447 1065 519 repulit
1089 455 1298 518 aperte,
1323 460 1423 501 nec
1447 443 1691 508 admisit,
1712 444 1806 500 sed
1836 454 2121 516 assumpto

2225 446 2478 518 προσίετο
2510 463 2523 476 ’
2563 443 2845 499 ἀναλαϐὼν
2893 441 2949 495 δέ
2994 443 3118 504 τοὺς
3155 439 3514 512 στρατιώτας,
3563 441 3656 493 ἐπὶ
3695 437 3780 505 τὴν

531 542 802 606 exercitu,
840 539 895 593 in
958 536 1170 592 Italiam
1216 536 1523 592 contendit.
1561 535 1676 590 Sub
1718 534 1860 591 idem
1904 543 2124 605 tempus

532 633 759 704 Agelius
793 629 1224 686 Novatianorum
1257 628 1403 698 apud
1441 612 1979 695 Consmntinopolim
2011 627 2128 696 epi-

541 740 768 796 scopus,
800 722 914 777 lato
942 721 1208 786 instante,
1249 719 1513 775 Sisinium
1543 733 1710 773 unum
1738 732 1805 772 ex
1844 717 2128 788 presbyte-

545 816 625 870 ris
658 813 799 877 suis,
835 823 1214 865 successorem
1251 808 1356 864 sibi
1387 806 1716 876 designavit.
1739 805 2126 874 Gonquercnte

528 915 712 959 autem
762 902 920 972 plebe
966 900 1114 970 quod
1174 914 1284 954 non
1317 899 1500 969 pmius
1535 897 1849 953 ordinasset
1898 895 2124 951 Marcia-

528 1011 683 1059 num,
724 995 901 1047 virum
936 991 1227 1061 religionis
1275 1005 1443 1045 causa
1477 989 1947 1046 celeberrimum.
1994 1002 2120 1040 cum

525 1093 640 1164 jam
678 1085 872 1141 melius
904 1099 963 1140 se
1013 1083 1217 1138 habere
1239 1079 1543 1145 'videretur,
1591 1079 1926 1134 Marcianum
1969 1077 2122 1132 ordi-

541 1179 731 1245 navit,
777 1185 832 1234 et
887 1177 1150 1248 populum
1197 1176 1250 1229 in
1298 1174 1531 1230 ecclesia
1589 1173 1861 1227 allocutus
1902 1179 1988 1225 est
2035 1170 2122 1226 his

529 1270 757 1326 verbis:
793 1268 927 1324 Post
964 1283 1052 1322 me
1083 1266 1396 1321 Marcianus
1443 1266 1516 1321 sit
1547 1272 1727 1320 vester
1783 1263 2114 1333 episcopus;

530 1371 657 1435 post
688 1363 841 1417 illum
879 1375 1010 1416 vero
1038 1358 1305 1415 Sisinius.
1341 1360 1473 1424 Quae
1517 1372 1641 1412 cum
1673 1356 1926 1417 dixisset,
1975 1353 2120 1408 haud

528 1452 705 1507 multo
735 1459 856 1522 post
885 1466 948 1506 ex
977 1451 1082 1504 hac
1115 1449 1226 1504 vita
1253 1448 1529 1519 migravit,
1559 1463 1657 1517 per
1684 1460 1860 1500 annos
1887 1444 2121 1514 quadra-

530 1545 679 1616 ginta
712 1544 1010 1614 pnesulatu
1039 1550 1204 1598 secta:
1241 1556 1356 1597 sum
1393 1555 1590 1613 magna
1629 1555 1755 1594 cum
1791 1539 1953 1592 laude
1996 1551 2118 1606 per-

529 1635 774 1692 functus.
817 1635 925 1691 Nec
956 1634 1181 1697 desunt,
1232 1635 1326 1704 qui
1359 1649 1487 1689 eum
1549 1631 1724 1687 virum
1778 1629 2117 1700 persecutio-

2237 537 2464 591 Ἰταλίαν
2502 535 2716 607 ἐχώρει.
2770 535 2902 604 Περὶ⁸
2945 533 3003 586 δὲ
3024 532 3210 586 τούτον
3243 533 3335 585 τὸν
3359 533 3552 603 χρόνον
3590 531 3781 601 μέλλων

2221 628 2475 699 τελευτᾷν
2503 627 2742 695 Ἀγέλιος
2767 626 2796 677 ὁ
2819 627 2876 680 ἐν
2894 623 3457 678 Κωνσταντινουπόλει
3473 623 3582 676 τῶν
3613 625 3780 677 Ναυα-

2221 718 2420 773 τιανῶν
2467 719 2788 783 ἐπίσκοπος,
2835 717 3139 787 ἐψηφίσατο
3171 715 3290 768 ἀντ’
3347 715 3512 768 αὐτοῦ
3565 715 3782 769 Σισίνιον

2223 810 2593 881 πρεσϐύτερον
2636 811 2744 863 τῶν
2797 810 2888 861 ὑπ’
2945 808 3126 862 αὐτόν.
3181 807 3549 878 Μεμφομένου
3607 808 3663 861 δέ
3699 807 3781 860 τοῦ

2221 900 2477 972 πλήθους,
2511 902 2592 955 ὅτι
2627 901 2702 972 μὴ
2730 901 3049 972 Μαρκιανὸν
3084 901 3176 952 ἐπὶ
3213 899 3470 970 εὐλαϐείᾳ
3503 901 3780 971 ἐπίσημον,

2223 995 2353 1065 ῥᾷον
2375 993 2518 1064 ἔχειν
2546 993 2722 1060 δόξας.
2749 993 3119 1063 ἐχειροτόνησε
3152 991 3469 1062 Μαρκιανόν
3504 1008 3518 1021 ο
3575 994 3671 1046 καὶ
3715 993 3785 1063 τῷ

2221 1082 2335 1153 λαῷ
2383 1085 2442 1137 ἐν
2493 1085 2561 1154 τῇ
2625 1084 2893 1154 ἐκκλησία⁷
2946 1082 3368 1153 προσεφώνησέ,
3395 1082 3529 1135 Μετ’
3558 1083 3678 1152 ἐμὲ,
3707 1083 3784 1136 λέ-

2220 1192 2355 1243 γων,
2396 1175 2714 1247 Μαρκιανδν
2747 1174 2897 1245 ἔχετε
2934 1191 2950 1208 ·
3000 1175 3139 1244 μετὰ
3179 1173 3235 1227 δέ
3264 1172 3471 1239 τοῦτον,
3523 1175 3782 1227 Σισίνιον.

2220 1267 2332 1320 Καὶ
2369 1269 2397 1321 ὁ
2426 1267 2524 1336 μὲν
2556 1267 2680 1320 τάδε
2706 1266 2894 1328 εἰπὼν,
2926 1266 3025 1319 οὐκ
3055 1268 3135 1329 είς
3170 1267 3386 1336 μακρὰν
3412 1266 3782 1336 ἐτελεύτησεν,

2220 1358 2313 1411 ἐπὶ
2341 1359 2747 1428 τεσσαράκοντα
2775 1356 2950 1411 ἔτεσιν
2973 1356 3272 1426 εύδοκίμως
3297 1358 3394 1427 τῆς
3417 1357 3625 1420 οἰκείας
3648 1358 3786 1426 αἱρέ-

2221 1468 2359 1514 σεως
2391 1451 2651 1521 προστάς.
2667 1449 2789 1503 Εἰσὶ
2806 1449 2862 1502 δὲ
2885 1448 2936 1503 οἳ
2961 1451 3053 1503 καὶ
3069 1449 3404 1520 όμολογητὴν
3431 1447 3786 1520 ἰσχυρίζονται

2217 1535 2407 1597 τοῦτον
2445 1541 2535 1595 τὸν
2585 1541 2750 1612 ἄνδρα
2783 1543 2842 1596 ἐν
2894 1541 3226 1611 Ἑλληνικοῖς
3262 1543 3473 1610 καιροῖς
3522 1541 3785 1608 γενέσθαι.

2220 1635 2296 1688 Οὐ
2347 1634 2526 1704 πολλῷ
2557 1635 2614 1688 δὲ
2659 1634 2906 1704 ὕστερον,
2957 1633 3223 1704 Τιμοθέου
3255 1634 3350 1687 καλ⁵
3396 1633 3671 1704 Κυρίλλου
3705 1633 3788 1687 τὸν

529 1745 662 1785 num
688 1728 1030 1798 temporibus
1057 1725 1433 1781 confessorem
1452 1725 1624 1780 fuisse
1646 1723 1935 1777 aliirment.
1960 1718 2116 1776 Haud

2225 1727 2337 1797 βίον
2398 1724 2862 1798 μεταλλαξάντων,
2915 1725 3216 1795 διαδέχεται
3265 1725 3358 1778 τὸν
3379 1725 3786 1795 -Ἃλεξανδρέων

528 1817 704 1872 multo
742 1785 864 1886 post
898 1814 1191 1870 Timotheo
1224 1823 1278 1869 et
1307 1814 1511 1886 Cyrillo
1534 1829 1598 1868 ex
1633 1813 1738 1867 hac
1771 1812 1893 1866 luce
1929 1810 2116 1866 subla-

2225 1785 2411 1893 θρόνον
2451 1785 2728 1886 Θεόφιλοςο
2775 1785 2884 1872 τῶν
2941 1818 2997 1870 δὲ
3040 1785 3460 1888 ⁸ίέροσολύμων,

531 1911 625 1970 tis,
649 1907 1079 1961 Alexandrinam
1113 1904 1332 1976 quidem
1375 1905 1559 1960 sedem
1593 1900 1951 1973 Theophilus,
1989 1899 2118 1955 Hie-

529 1999 982 2070 rosolymitanam
1030 2011 1161 2051 vero
1207 1994 1448 2050 Joannes
1487 1995 1756 2064 suscepit.
1801 1993 2119 2048 Constanti-

529 2091 717 2160 nopoli
745 2104 990 2159 quoque,
1037 2086 1397 2156 DemOphilus
1444 2085 1663 2140 Arianae
1698 2092 1862 2140 secta:
1901 2084 2119 2154 episco—

535 2199 637 2253 pus
668 2189 972 2236 extremum
1021 2178 1186 2248 296
1235 2176 1380 2231 diem
1419 2177 1577 2231 obiit.
1628 2174 1803 2245 Cujus
1846 2175 1901 2228 in
1939 2175 2117 2229 locum

531 2273 779 2329 Marinus
806 2270 1029 2340 quidam
1077 2285 1142 2324 ex
1189 2266 1428 2322 Thracia
1453 2275 1538 2322 est
1588 2265 1952 2322 substitutus.
2011 2263 2119 2319 Sed

530 2381 657 2421 cum
690 2364 1001 2419 Dorotheus
1040 2361 1336 2416 Antiochia
1396 2358 1569 2430 Syriae
1619 2357 1956 2421 advenisset,
1999 2364 2116 2410 tan-

530 2471 694 2528 quam
740 2454 916 2524 magis
956 2453 1212 2518 idoneus,
1250 2452 1578 2505 Arianorum
1620 2458 1783 2505 secta:
1830 2449 2119 2518 illic.pra3-

539 2546 667 2602 fuit.
691 2548 908 2600 interea
927 2543 1196 2613 temporis
1219 2540 1606 2596 Tlieodosioin
1621 2538 1829 2593 italiam
1846 2538 2117 2608 ingresso,

531 2637 668 2691 varii
701 2649 800 2706 pro
829 2625 1104 2703 cujusque
1133 2629 1367 2686 libidine
1393 2644 1647 2684 rumores
1667 2628 1733 2682 de
1765 2627 1908 2681 bello
1931 2628 2117 2681 incre-

530 2727 722 2782 buere.
793 2723 955 2794 Apud
1010 2721 1254 2775 Arianos
1317 2718 1539 2790 quidem
1598 2715 1912 2781 ferebatur,
1972 2714 2120 2785 quod

545 2817 736 2872 multis
772 2816 825 2870 in
859 2815 1056 2886 prmlio
1091 2811 1313 2876 occisis,
1351 2811 1645 2880 imperator
1689 2808 1744 2861 in
1777 2809 1991 2879 tyranni
2029 2823 2122 2876 po-

533 2914 786 2961 testatem
832 2904 1096 2957 venisset.
1155 2899 1260 2966 Qui
1313 2915 1422 2954 non
1463 2898 1624 2952 aliter
1684 2912 1749 2952 ac
1797 2897 1842 2952 si
1897 2912 1956 2952 re
2004 2896 2120 2963 ipsa

535 2997 807 3066 completa
835 3003 1020 3050 essent
1060 3009 1182 3063 qua:
1220 2995 1361 3046 inter
1403 3006 1462 3046 se
1487 2990 1872 3051 susurrabant,
1907 2988 2122 3043 animos

535 3094 937 3158 sumpserunt:
994 3093 1047 3138 et
1099 3085 1306 3153 impetu
1369 3081 1534 3145 facto,
1588 3078 1829 3135 Nectarii
1875 3078 2118 3148 episcopi

536 3181 758 3235 domum
789 3176 1167 3238 incenderunt,
1208 3189 1349 3244 aegre
1382 3173 1620 3228 ferentes
1659 3171 1805 3240 quod
1850 3170 2117 3226 ecclesias

535 3271 831 3326 obtineret.
867 3265 1068 3320 Verum
1101 3266 1403 3334 imperator
1429 3279 1494 3318 ex
1523 3263 1690 3316 animi
1725 3263 1808 3316 sui
1844 3261 2118 3316 sententia

537 3361 737 3417 bellum
778 3358 1038 3413 confecit.
1074 3355 1288 3410 Etenim
1326 3354 1530 3408 milites
1568 3352 1808 3416 Maximi,
1841 3367 1936 3407 seu
1971 3357 2117 3405 metu

499 3451 501 3453 ’
536 3452 718 3509 bellici
761 3457 1056 3522 apparatus
1105 3463 1267 3519 quem
1300 3445 1644 3502 Theodosius
1674 3444 1938 3500 adversus
1972 3445 2121 3515 ipsos

536 3554 911 3609 contraxerat,
945 3559 1040 3598 seu
1089 3541 1398 3613 proditione
1431 3539 1604 3604 ducti,
1639 3548 1929 3610 tyrannum
1978 3551 2124 3591 com-

540 3637 870 3707 prehensum
928 3635 1346 3689 interemerunt.
1403 3631 1809 3702 Andragathius
1867 3644 2020 3692 vero,
2073 3628 2121 3684 is

541 3727 631 3796 qui
658 3725 982 3780 Gratianum
1013 3731 1330 3784 necaverat,
1360 3721 1445 3776 his
1474 3722 1639 3776 rebus
1676 3719 1994 3788 compertis,
2031 3731 2122 3771 ar-

539 3827 720 3874 matus
748 3827 806 3872 ut
833 3825 982 3880 erat,
1017 3830 1141 3872 sese
1171 3815 1225 3868 in
1255 3813 1624 3883 praeﬂuentem
1670 3811 1896 3865 ﬂuvium
1928 3809 2120 3881 praeci-

537 3909 749 3979 pitavit,
787 3916 952 3977 atque
1002 3907 1074 3960 ita
1105 3905 1407 3960 exstinctus
1451 3909 1554 3956 est.
1606 3899 1760 3954 llunc
1809 3901 1862 3954 in
1895 3901 2118 3954 modum

538 4001 693 4055 (inito
725 4000 892 4062 bello,
934 4015 1060 4053 cum
1110 3997 1406 4066 imperator
1439 3991 1781 4054 Gratianum,
1826 3991 1988 4045 sicuti
2021 4005 2120 4060 par

2231 1910 2356 1964 Ἐπὶ
2377 1907 2433 1961 δέ
2463 1908 2563 1977 τῆς
2597 1906 3236 1970 Κωνσταντινουπόλεως,
3285 1907 3381 1959 καὶ
3427 1909 3733 1978 Δημόφιλος
3761 1913 3786 1962 6

2217 1998 2319 2069 τῆς
2357 1998 2566 2069 Ἀρείου
2619 1998 2882 2068 αἱρέσεως
2938 1997 3238 2067 ἡγούμενος
3287 1998 3636 2068 ἐτελεύτησε.
3676 2001 3786 2054 M1-

2224 2093 2366 2161 ρῖνος
2407 2091 2464 2144 δέ
2503 2107 2588 2154 τις
2617 2092 2682 2143 ἐκ
2725 2090 2948 2162 Θρᾴκης
2999 2090 3390 2161 μετακληθεὶς,
3442 2093 3785 2163 ἐπιτρέπεται

2217 2181 2317 2252 τὴν
2347 2179 2510 2235 αὐτοῦ
2533 2181 2799 2252 διαδοχήν.
2848 2182 2936 2246 Ὠς
2965 2180 3399 2254 ἐπιτηδειότερος
3439 2183 3496 2236 δὲ
3522 2184 3783 2254 Δωρόθεος

2219 2272 2286 2326 ἐκ
2331 2273 2432 2342 τῆς
2491 2272 2644 2345 παρὰ
2695 2273 2887 2345 Σύροις
2929 2274 3258 2345 Ἀντιοχείας
3285 2275 3475 2340 ἐλθὼν,
3503 2278 3785 2346 προῖστατο

2218 2363 2318 2434 τῆς
2372 2364 2653 2434 αἱρέσεως.
2703 2365 2791 2417 Ἐν
2826 2365 3001 2436 τούτῳ
3028 2365 3086 2419 δὲ
3115 2367 3395 2421 Θεοδοσίου
3453 2370 3534 2432 είς
3569 2368 3786 2421 Ἰταλίαν

2219 2452 2574 2522 ἀφικομένου,
2615 2453 2792 2523 φῆμαι
2822 2454 2952 2525 περὶ
2979 2454 3074 2508 τού
3121 2455 3364 2524 πολέμου
3397 2456 3537 2526 πρὸς
3571 2455 3634 2508 τὸ
3663 2456 3785 2509 ἑκά⁸

2222 2564 2332 2618 στῳ
2366 2547 2554 2601 δοκοῦν
2587 2549 2850 2619 ἐκράτουν
2883 2564 2897 2578 ο
2943 2550 3094 2619 παρὰ
3137 2549 3192 2602 δὲ
3219 2551 3332 2612 τοῖς
3377 2549 3787 2619 Ἀρει-ανοῖς,ὡς

2220 2640 2429 2694 πολλῶν
2458 2642 2517 2694 ἐν
2545 2643 2611 2711 τῇ
2651 2640 2798 2712 μάχῃ
2852 2641 3148 2704 πεσόντων,
3203 2641 3310 2694 ὑπὸ
3355 2641 3448 2695 τὸν
3490 2643 3790 2713 τύραννονὸ

2222 2728 2473 2800 βασιλεὺς
2505 2729 2740 2798 ἐγένετο.
2773 2730 2880 2782 Καὶ
2907 2730 2982 2794 ὼς
3011 2732 3420 2802 ἐπιγενομένοις
3459 2735 3572 2804 (13)
3594 2735 3694 2804 ἤδη
3714 2731 3790 2799 οἷς

2221 2818 2582 2886 ἐλογοποίουν,
2607 2818 2940 2891 ἐθάρρησαν·
2977 2822 3070 2872 καὶ
3095 2821 3560 2892 καταδραμόντες,
3583 2824 3791 2876 Νεκτα·

2225 2909 2340 2981 ρίου
2378 2909 2471 2963 τοῦ
2502 2911 2799 2964 ἐπισκόπου
2829 2911 2928 2981 τὴν
2955 2910 3130 2964 οἰκίαν
3167 2913 3501 2983 ἐνέπρησαν,
3546 2914 3792 2983 χαλεπαί·

2222 3018 2424 3064 νοντες,
2456 3001 2538 3054 ὅτι
2568 2999 2674 3052 τῶν
2719 2999 3057 3070 Ἐκκλησιῶν
3102 3001 3342 3072 ἐκράτει.
3377 3002 3470 3073 Τῷ
3500 3003 3558 3056 δὲ
3589 3003 3796 3072 βασιλεῖ

2146 3129 2188 3186 C
2223 3091 2291 3186 τὰ
2321 3089 2448 3161 περὶ
2496 3088 2589 3142 τὸν
2621 3089 2854 3160 πόλεμον
2885 3089 3027 3142 κατὰ
3071 3091 3294 3162 γνώμην
3349 3093 3555 3163 ἀπέϐη.
3597 3096 3662 3148 Oi
3693 3096 3799 3165 γὰρ

2223 3180 2328 3233 ὑπὸ
2367 3180 2606 3250 Μαξίμῳ
2659 3180 3008 3251 στρατιῶται,
3053 3180 3085 3251 ἢ
3129 3182 3277 3252 φόϐῳ
3327 3186 3428 3254 τῆς
3460 3185 3548 3237 ἐπ’
3601 3186 3801 3249 αὐτοὺς

2224 3270 2594 3339 παρασκευῆς,
2622 3269 2655 3340 ἢ
2678 3268 2956 3341 προδοσίᾳ,
2999 3271 3382 3343 συλλαϐόμενοι
3418 3273 3511 3326 τὸν
3537 3274 3805 3346 τύραννον

2225 3358 2456 3413 ἀνεῖλον.
2523 3359 2908 3431 Ἀνδραγάθιος
2955 3361 3013 3414 δὲ
3057 3364 3086 3416 ό
3126 3359 3424 3432 Γρατιανὸν
3466 3365 3698 3432 ἀνελὼν,
3728 3368 3808 3431 ὡς

2226 3447 2350 3502 τάδε
2385 3448 2544 3516 ἔγνω,
2585 3449 2682 3502 σὺν
2726 3451 2910 3514 αὐτοῖς
2953 3451 3136 3516 ὅπλοις
3165 3457 3246 3518 είς
3301 3456 3543 3526 ποταμὸν
3584 3462 3807 3529 παραρ-

2231 3538 2419 3609 ρέοντα
2451 3540 2641 3611 ἥλατο,
2673 3542 2765 3594 καὶ
2801 3542 3084 3615 διεφθάρη.
3119 3544 3226 3598 Τοῦ
3257 3545 3314 3598 δέ
3343 3548 3582 3617 πολέμου
3614 3549 3808 3603 τοῦτον

2222 3629 2562 3694 διαλυθέντος
2587 3631 2677 3684 τὸν
2702 3633 2922 3703 τρόπον,
2951 3635 3140 3688 ἔπειτα
3169 3639 3351 3690 εἰκότα
3380 3640 3492 3709 (Η)
3519 3641 3811 3711 Γρατιανῷ

2224 3723 2562 3791 τιμωρήσας,
2592 3719 2727 3795 ἧκεν
2767 3726 2851 3787 είς
2894 3725 3111 3797 Ῥώμην
3156 3729 3250 3782 καὶ
3284 3730 3548 3784 ἐπινίκιον
3579 3734 3810 3804 πομπὴν

2222 3811 2341 3881 ἅμα
2393 3810 2820 3882 Οὑαλεντινιανῷ
2855 3813 3164 3878 ἐπετέλεσε,
3194 3816 3287 3868 καὶ
3330 3816 3400 3869 τὰ
3436 3819 3570 3888 περὶ
3607 3819 3712 3888 τῆς
3753 3823 3810 3871 ὲν

2236 3899 2435 3972 Ἰταλίᾳ
2484 3898 2882 3972 Ἐκκλησίαςεῦ
2907 3902 3144 3975 διέθηκε.
3174 3904 3378 3975 Συνέϐη
3405 3905 3516 3976 γὰρ
3537 3907 3638 3961 καὶ
3680 3909 3813 3962 ’1ου-

2227 3993 2408 4046 στίναν
2441 3994 2754 4047 ἀποθανεῖν.

537 4100 676 4154 erat,
707 4091 875 4152 ullus,
915 4089 1140 4143 Romam
1187 4086 1454 4148 venisset,
1499 4092 1554 4138 et
1589 4098 1696 4137 una
1773 4098 1896 4137 cum
1969 4080 2351 4138 Valentiniano
2410 4085 2680 4155 insignem
2745 4087 3086 4157 triumphum
3136 4088 3363 4160 egisset,
3418 4105 3512 4146 res
3585 4106 3813 4164 quoque

538 4187 948 4246 ecclesiasticas
983 4184 1036 4238 in
1065 4183 1219 4238 italia
1245 4190 1394 4238 recte
1420 4178 1718 4235 ordinavit.
1745 4176 2104 4233 Commodum
2145 4181 2291 4236 enim
2318 4178 2532 4235 Justina
2556 4197 2588 4238 e
2625 4183 2764 4237 vivis
2791 4189 3130 4237 excesserat.

1167 4291 1320 4348 CAP.
1378 4290 1493 4346 XV.

538 4410 620 4466 De
651 4408 911 4463 Flaviano
956 4415 1007 4462 et
1057 4405 1303 4475 Evagrio,
1331 4400 1671 4456 Antiochenis
1719 4399 2026 4475 episcopis;
2065 4407 2116 4453 et

609 4481 674 4534 de
718 4480 799 4565 his
846 4469 1354 4565 qurelfllexa'nglrig:
1404 4483 1552 4541 gesta
1595 4480 1716 4565 sunt
1762 4473 1814 4524 in
1855 4469 2118 4565 enersioue
2153 4511 2196 4565 υ

612 4550 791 4617 templi
837 4538 1036 4601 Bacchi
1067 4561 1085 4599 :
1117 4557 1179 4617 et
1210 4545 1273 4598 de
1303 4538 1552 4612 Serupeo,
1601 4541 1824 4610 aliisque
1855 4538 2122 4593 idolorum

615 4615 820 4686 templis
867 4615 1154 4672 destructis

610 4766 718 4824 Per
760 4769 902 4824 idem
932 4777 1150 4839 tempus
1181 4777 1396 4821 mortuo
1432 4764 1736 4819 Antiochia:
1775 4763 2026 4827 Paulino,
2070 4751 2126 4817 hi

542 4867 639 4939 qui
666 4866 879 4922 subillo
907 4867 962 4920 in
1001 4864 1237 4919 ecclesia
1261 4861 1761 4934 congregabantur,
1780 4858 2122 4922 Flavianum,

545 4967 734 5030 utpote
761 4959 853 5028 qui
885 4955 1244 5028 iurisiurandi
1273 4955 1376 5011 sub
1410 4953 1628 5009 Mcletio
1681 4953 1910 5022 przestiti
1961 4949 2122 5004 fidem

542 5049 827 5114 violasset,
858 5049 1098 5103 aversari
1133 5054 1642 5116 perseveraverant,
1678 5047 1802 5101 licet
1827 5045 1883 5099 in
1911 5043 2117 5099 doctri-

2820 4294 3069 4346 ΚΕΦΑΛ.
3097 4295 3198 4348 IE'.

2225 4403 2347 4455 Ὅτι
2381 4401 2512 4469 περὶ
2542 4401 2900 4471 Φλαϐιανοῦ.
2939 4403 3038 4455 καὶ
3085 4401 3380 4471 Eiram/0v
3415 4404 3537 4459 τῶν
3581 4407 3819 4461 ‘Arno-

2293 4471 2480 4545 χέων)
2519 4471 2616 4545 καὶ
2648 4471 2781 4539 περὶ
2805 4470 2938 4545 ’τῶν
2965 4475 3052 4545 εὶς
3090 4470 3540 4545 Ἀλεξανὸρείαν
3564 4479 3818 4545 γενομέ-

2296 4558 2418 4596 νων
2445 4541 2542 4594 ἐπὶ
2578 4541 2914 4608 καθαιρέσει
2955 4541 3060 4595 τοῦ
3097 4543 3256 4608 ἱεροῦ
3303 4541 3607 4600 mordaci)
3654 4563 3670 4576 ο
3706 4541 3818 4600 καὶ

2297 4611 2429 4679 περὶ
2464 4610 2567 4664 τοῦ
2598 4612 2890 4678 Σεραπίων
2911 4652 2924 4672 ,
2973 4613 3076 4665 καί
3111 4611 3228 4665 τῶν
3260 4616 3819 4684 καταστραφέντων

2298 4681 2504 4734 ἄλλων
2528 4680 2850 4733 εὶδωλικῶν
2874 4680 3042 4733 νεῶν.

2338 4697 2504 4734 ,ινιων
2528 4697 2850 4733 ειοωνιικων
2874 4697 3042 4733 νεων.

2309 4768 2396 4821 Ἐν
2424 4768 2480 4821 δὲ
2502 4767 2576 4837 τῷ
2597 4767 2717 4820 τότε
2739 4767 3000 4820 Παυλίνου
3028 4769 3086 4820 ἐν
3125 4769 3423 4840 Ἀντιοχείᾳ
3442 4769 3822 4842 τελευτήσαν-

2224 4875 2335 4922 τος,
2362 4858 2632 4928 διέμειναν
2663 4858 2712 4910 οἱ
2733 4858 2822 4909 ὑπ’
2843 4856 2989 4927 αὐτῷ
3019 4856 3493 4928 ἐκκλησιάζοντες,
3521 4858 3604 4923 ὡς
3635 4878 3820 4933 παρα-

2225 4951 2395 5004 ϐάντα
2434 4951 2558 5010 τοὺς
2591 4949 2682 5001 ἐπὶ
2727 4949 2989 5003 Μελετίου
3019 4949 3270 5012 δοθέντας
3305 4950 3507 5018 ὅρκους
3533 4952 3814 5021 ἀποστρε·

2223 5048 2445 5116 φόμενοι
2511 5046 2808 5100 Φλαϐιανὺν
2836 5085 2850 5110 ,
2891 5045 3094 5116 καίπερ
3151 5044 3302 5098 οὐδὲν
3355 5045 3488 5115 περὶ
3513 5044 3583 5098 τὸ
3647 5045 3808 5114 δόγμι

1711 5179 1972 5240 VALESII
2015 5178 2571 5238 ANNOTATIONES.

617 5279 729 5371 (l3)
758 5298 972 5371 Καλῶς
996 5296 1456 5371 ἐπιγενομένοις.
1482 5298 1844 5371 Scribendum
1866 5304 1950 5350 est
1985 5311 2110 5371 pro-

2219 5314 2340 5379 sum
2383 5305 2628 5379 secutus,
2657 5295 2888 5379 Vulgata
2913 5307 3060 5379 certe
3084 5295 3248 5379 lectio
3289 5293 3582 5379 ferrimon

3617 5304 3808 5367 potesl.

543 5364 635 5430 cui
664 5364 831 5424 dubio
853 5364 1339 5423 diductis'voci'bus
1363 5369 1454 5421 ἐπὶ
1479 5364 2110 5436 γενομένοις,ιιυοιιιο(10

2225 5367 2404 5436 Neque
2427 5368 2570 5421 enim
2614 5364 2910 5437 bello'jam
2947 5369 3121 5430 linito,
3177 5364 3532 5437 Theodosius
3590 5364 3815 5437 posthac

543 5443 708 5498 etiam
745 5440 1056 5494 Saviliusin
1084 5454 1185 5492 suo
1221 5441 1407 5493 codice
1434 5437 1762 5492 emendavit.

2218 5435 2540 5491 Gratianum
2584 5438 2730 5492 ullus
2758 5435 2862 5492 εει.
2893 5437 2998 5492 Sed
3025 5439 3078 5491 in
3109 5440 3228 5506 ipso
3262 5435 3408 5489 bello
3438 5435 3658 5492 caedem
3690 5436 3822 5492 Gn-

619 5512 730 5579 (M)
765 5515 1007 5580 Ἔπειτα
1030 5509 1248 5562 εἰκότα.
1283 5508 1381 5580 llic
1413 5523 1629 5580 quoque
1659 5505 1958 5580 separanda
1985 5513 2112 5580 sunt
2217 5509 2368 5580 tiani
2419 5508 2736 5580 vindicavit,
2775 5517 2998 5580 sumpto
3050 5505 3141 5564 de,
3170 5505 3414 5562 Maximo
3450 5508 3830 5565 interfectore

545 5575 809 5633 vocabula
852 5577 954 5633 hoc
999 5580 1159 5633 modo
1191 5597 1204 5634 ε
1244 5579 1396 5631 Ἑπεὶ
1429 5575 1518 5630 ’τὰ
1544 5575 1761 5630 enim
1821 5575 2112 5644 Γρατιανὸν

547 5649 886 5722 τιμωρήσας,
907 5657 1011 5705 etc.
1037 5648 1210 5715 Quam
1247 5651 1574 5720 scripturam
1609 5650 1662 5701 in
1716 5650 1968 5700 versione
1998 5660 2117 5699 mea

2222 5578 2465 5633 Gratiani
2497 5578 2785 5649 supplicio.
