4054 6188
439 241 584 304 1455

1395 235 1726 304 HISTORIA
1748 233 2017 303 ECCLESJ

2119 234 2393 300 .ΤιοΑ.-
2423 234 2549 298 LIB.
2583 231 2695 297 νη.
3543 235 3680 294 ιιει

438 363 842 437 διαφερόμενοι.
867 364 1204 420 Καθίσταται
1231 323 1291 421 δέ
1322 366 1502 421 αὐτῶν
1533 368 1832 432 ἐπίσκοπος
1867 367 2014 420 Εὐά-

2119 380 2190 419 na
2220 363 2343 419 ﬁdei
2375 363 2512 417 nihil
2546 363 2614 418 ab
2642 376 2708 416 eo
2729 353 3156 416 dissentirent‘.
3190 358 3254 412 Ει
3279 350 3546 429 Evagrius
3587 378 3684 411 ιςυ·

442 473 599 529 γριος
625 455 674 496 ¹¹⁸
714 455 806 509 τοῦ
839 455 930 522 δὲ,
963 454 1168 526 βραχύν
1206 473 1328 512 τινα
1365 459 1557 528 χρόνον
1604 457 2015 519 ἐπιδιώσαντοςν

442 548 626 603 ούκέτι
651 547 855 617 ταύτην
893 548 995 618 τὴν
1030 547 1281 620 διαδοχὴν
1319 549 1506 621 ἐτερος
1534 549 1839 620 ἐπλήρωσε,
1875 547 2020 601 Φλα-

445 639 634 692 ϐιανοῦ
677 639 1156 708 ἀντιπράττοντος.
1207 640 1338 713 Ἱδίᾳ.
1386 642 1444 695 δέ
1477 639 1859 711 ἐκκλησίαζον,
1904 630 2020 692 ὅσοι

442 727 542 800 τὴν
562 729 698 798 πρὸς
718 728 880 782 αὑτὸν
903 730 1245 802 παρῃτοῦντο
1263 730 1570 784 κοινωνίαν.
1605 729 1740 782 Ὑπὸ
1757 729 1814 781 δὲ
1833 727 2021 781 τοῦτον

441 817 534 870 τὺν
563 817 773 886 χρόνον,
821 818 1215 889 Ἀλεξανδρέων
1254 819 1553 882 ἐπίσκοπος
1581 817 1644 870 τὸ
1673 819 1802 886 παρ’
1833 807 2020 878 αὐτοῖς

442 904 698 959 Διονύσου
747 905 890 975 ἱερὸν
937 907 1016 969 είς
1068 905 1360 975 ἐκκλησίαν
1403 903 1768 975 μετεσκεύαζε
1801 920 1816 935 ·
1847 902 2019 973 δῶρον

444 995 550 1064 γὰρ
586 994 794 1065 εἰλήφει
821 993 978 1048 τοῦτο
1011 997 1161 1064 παρά
1188 994 1280 1047 τοῦ
1316 994 1574 1064 βασιλέως
1591 994 1839 1064 αἰτήσας.
1862 991 2010 1046 Καθ·

447 1085 790 1154 αιρουμένων
818 1085 875 1137 δὲ
905 1083 1013 1137 τῶν
1050 1084 1235 1136 ἐνθάδε
1276 1082 1498 1148 ξοάνων,
1543 1083 1636 1134 καὶ
1664 1081 1770 1134 τῶν
1811 1071 2020 1135 ἀδύτων

445 1175 977 1245 ἀνακαλυπτομένων
1005 1214 1022 1240 ,
1080 1173 1331 1245 ἐπίτηδες
1385 1172 1699 1236 σπουδάζων
1741 1170 2020 1241 ἐνυϐρίσαι

445 1267 557 1328 τοῖς
591 1265 918 1338 Ἑλληνικοῖς
946 1266 1283 1337 μυστηρίοις,
1315 1263 1652 1332 ἐξεπόμπευε
1686 1261 1856 1316 ταῦτα
1877 1276 1890 1289 ⁵
1923 1261 2020 1314 καὶ

447 1358 700 1426 φαλλοὺς,
726 1358 818 1411 καὶ
853 1359 975 1410 είτι
996 1357 1181 1428 ἕτερον
1209 1358 1266 1410 ἐν
1311 1359 1421 1420 τοῖς
1453 1355 1665 1418 ἀδύτοις
1702 1354 2022 1424 κεκρυμμέ-

446 1461 534 1502 νον
564 1447 962 1516 καταγέλαστον
1005 1441 1072 1518 ἦν
1104 1446 1137 1517 ἢ
1165 1445 1414 1514 ἐφαίνετο
1436 1483 1452 1508 ,
1503 1442 1738 1513 δημοσίᾳ
1780 1438 1915 1512 ἦγεν
1941 1442 2022 1504 είς

446 1538 724 1604 ἐπίδειξιν.
756 1537 898 1609 Πρὸς
937 1537 994 1590 δὲ
1023 1536 1084 1588 τὸ
1125 1535 1357 1605 ἀληθὲς,
1391 1533 1483 1586 καὶ
1523 1534 1585 1585 τὸ
1615 1532 1872 1602 ἀδόκητον
1907 1531 2019 1599 (15)

447 1629 540 1681 τοῦ
577 1627 882 1698 συμϐάντος
919 1624 1360 1694 καταπλαγέντες
1391 1626 1439 1678 oi
1470 1623 1760 1694 Ἕλληνες,
1791 1614 2014 1693 ἠρεμεῖν

446 1720 548 1774 οὐκ
602 1719 914 1788 ἠνείχοντοο
965 1716 1518 1788 παρασκευασάμενοι
1587 1714 1644 1766 δὲ
1697 1716 1753 1767 ἐν
1802 1715 2012 1776 ἑαυτοῖς
2046 1693 2086 1748 Β

446 1806 785 1878 κατέδραμον
831 1807 955 1869 τοὺς
993 1800 1369 1874 Χριστιανούς.
1421 1800 1532 1856 Καὶ
1577 1804 1702 1866 τοὺς
1738 1803 1836 1874 μὲν
1865 1802 2012 1856 κτεί-

447 1913 665 1959 ναντες,
700 1897 826 1958 τοὺς
857 1894 914 1948 δὲ
954 1895 1295 1965 τραυματίας
1335 1895 1656 1965 ποιήσαντες
1677 1932 1693 1956 ,
1729 1892 2011 1964 καταλαμ-

448 1975 669 2037 ϐάνουσι
700 1979 760 2036 τὸ
788 1981 1075 2052 Σεράπιον.
1120 1981 1265 2046 Ναὺς
1307 1981 1364 2034 δὲ
1409 1977 1562 2044 οὗτος
1590 1981 1658 2053 ἦν
1693 1981 1880 2034 κάλλει
1917 1982 2013 2034 καὶ

450 2073 667 2146 μεγέθει
697 2073 1122 2142 ἐμφανέστατος,
1154 2075 1245 2126 ἐπὶ
1277 2073 1551 2142 γεωλόφου
1586 2063 1852 2144 κείμενος.
1899 2072 2010 2125 Ἐν-

446 2166 636 2220 τεῦθεν
691 2166 766 2229 ὼς
819 2162 914 2219 ἀπ’
965 2165 1141 2235 ἄκρας
1181 2164 1324 2228 τινὸς
1369 2157 1697 2228 ἐξαπιναίως
1743 2164 2009 2227 ἐλθόντες,

451 2257 738 2311 συνέλαϐον
764 2274 822 2310 τε
846 2255 1074 2319 πολλοὺς
1103 2254 1462 2328 Χριστιανῶν,
1493 2256 1588 2307 καὶ
1608 2253 2008 2325 βασανίζοντες,

445 2349 754 2420 ἠνάγκαζον
792 2337 959 2402 θύειν.
1004 2345 1474 2418 Παραιτουμὲνους
1501 2343 1580 2408 δὲ,
1607 2347 1735 2408 τοὺς
1789 2337 1887 2416 μὲν
1916 2347 2011 2399 ἀν-

447 2437 803 2492 εσκολόπισαν
822 2454 836 2468 ⁸
872 2436 980 2490 τῶν
1015 2426 1072 2488 δὲ
1100 2437 1168 2490 τὰ
1202 2436 1366 2506 σκέλη
1400 2434 1669 2500 κατέαξαν
1695 2454 1708 2467 ·
1738 2427 1925 2499 ἄλλους
1954 2426 2008 2490 δὲ

446 2529 622 2593 ἄλλως
650 2529 900 2601 ἀνῄρουν.
945 2519 1069 2582 Ἐπὶ
1108 2527 1286 2600 πολλῷ
1323 2521 1379 2580 δὲ
1417 2527 1595 2599 χρόνῳ
1634 2527 1732 2596 τῆς
1769 2528 2008 2592 στάσεως

447 2621 753 2694 κρατούσης
793 2620 1223 2694 παραγενόμενοι
1264 2619 1399 2692 πρὸς
1427 2619 1624 2682 αὐτοὺς
1649 2614 1697 2671 οἱ
1728 2617 2006 2687 ἄρχοντες,

447 2713 628 2784 νόμων
666 2712 1110 2782 ὑπεμίμνησκον,
1154 2712 1248 2764 καὶ
1284 2710 1551 2764 παύεσθαι
1598 2706 1835 2780 πολέμου
1865 2721 2009 2780 παρ-

447 2805 780 2868 εκελεύοντο,
821 2798 918 2858 καὶ
951 2795 1013 2857 rb
1056 2796 1323 2872 Σεράπιον
1354 2795 1801 2872 καταλιμπάνειν.
1831 2794 2010 2871 Ἦρχε

2121 469 2244 510 rum
2302 453 2598 521 episc0pus
2648 451 2733 506 est
2787 448 3093 505 ordinatus.
3155 445 3258 513 Qui
3306 458 3431 500 cum
3487 445 3686 516 exiguo

2121 544 2382 614 temporis
2415 544 2593 612 spatio
2625 540 3045 612 supervixisset.
3103 549 3266 592 neruo
3312 537 3574 606 deinceps
3626 535 3685 590 in

2120 635 2243 704 ejus
2276 634 2454 688 locum
2487 635 2772 697 successit,
2791 625 3090 687 obsistente
3121 627 3372 681 videlicet
3406 626 3686 679 Flaviano.

2122 713 2230 779 Sed
2273 725 2590 794 quicunque
2639 721 3073 777 communionem
3127 716 3368 770 Flaviani
3415 715 3690 770 detrecta-

2119 814 2272 880 bant,
2319 815 2611 883 separatim
2633 813 2893 867 collectas
2920 811 3175 881 agebant.
3208 804 3410 862 Eodem
3441 815 3687 875 tempore

2119 896 2502 961 Alexandrina:
2573 906 2726 960 urbis
2786 906 3078 974 episcoptis
3150 903 3408 972 templum
3480 899 3680 954 Bacchi

2120 997 2266 1065 quod
2321 991 2435 1051 illic
2483 1005 2621 1060 erat,
2674 989 2728 1050 in
2783 997 3074 1050 ecclesiam
3121 993 3498 1048 commutavit.
3555 988 3694 1044 lllud

2121 1086 2294 1138 enim.
2337 1078 2404 1139 ab
2463 1085 2793 1154 imperatore
2869 1081 3120 1154 petitum,
3189 1083 3334 1136 dono
3386 1087 3691 1149 acceperat.

2119 1162 2292 1229 Porro
2343 1175 2472 1230 dum
2520 1176 2816 1231 simulacra
2878 1175 2999 1244 ejus
3047 1174 3151 1228 loci
3205 1177 3602 1235 everterentur,
3640 1181 3697 1225 ct

2121 1266 2282 1334 adyta
2331 1267 2765 1332 recluderentur,
2797 1266 3085 1336 episcopus
3129 1265 3304 1318 sacris
3356 1273 3693 1332 paganorum

2121 1357 2516 1412 contumeliose
2563 1356 2794 1411 studens
2842 1355 3090 1419 illudere,
3132 1369 3198 1409 ea
3239 1354 3304 1408 de
3344 1349 3504 1422 297
3539 1353 3697 1406 indu-

2122 1450 2254 1504 stria
2284 1441 2580 1519 publicavit
2607 1464 2673 1504 ac
2701 1446 2966 1505 traduxit.
3008 1442 3225 1502 Phallds
3256 1447 3442 1510 ctiam,
3467 1452 3520 1500 et
3542 1442 3695 1514 quid-

2122 1539 2254 1610 quid
2307 1539 2362 1594 in
2411 1539 2590 1609 adytis
2648 1540 2923 1594 occultum
2959 1545 3052 1592 aut
3095 1546 3216 1592 erat
3262 1546 3355 1589 aut
3404 1535 3696 1589 videbatur

2122 1645 2247 1686 esse
2299 1624 2625 1696 ridiculum,
2683 1631 2899 1702 publice
2953 1630 3312 1700 Spectandum
3384 1624 3691 1696 proposuit.

2115 1714 2252 1778 Tum
2277 1730 2407 1779 Vero
2438 1723 2654 1794 pagani,
2687 1731 2743 1777 et
2788 1722 3012 1777 insolito
3041 1723 3096 1774 et
3135 1721 3416 1790 insperato
3456 1718 3534 1772 rei
3567 1727 3692 1784 spe-

2111 1815 2326 1870 ctaculo
2352 1812 2633 1876 commoti,
2659 1827 3000 1882 nequaquam
3031 1809 3318 1880 quiescere
3363 1813 3682 1876 potuerunt.

2111 1905 2206 1960 sed
2235 1894 2646 1970 conspiratione
2674 1900 2812 1954 inter
2851 1915 2909 1953 se
2933 1892 3078 1952 facta
3097 1935 3112 1960 ,
3145 1897 3200 1949 in
3227 1894 3573 1948 Christianos
3615 1893 3684 1945 ir-

2111 1987 2372 2053 ruerunt;
2431 1987 2728 2055 multisque
2779 1993 2967 2040 eorum
3014 1984 3218 2038 occisis
3266 1990 3320 2037 et
3366 1979 3695 2043 vulneratis,

2114 2075 2406 2152 Serapium
2445 2084 2810 2148 occuparunt.
2842 2071 3094 2130 Erathoc
3129 2073 3392 2144 templum
3429 2081 3484 2127 et
3520 2087 3696 2126 venu-

2111 2181 2254 2229 state
2281 2182 2336 2228 et
2367 2169 2737 2241 amplitudine
2776 2167 3210 2230 nobilissimum,
3239 2167 3292 2220 in
3323 2164 3521 2235 exiguo
3561 2159 3700 2219 colle

2110 2263 2302 2320 situm.
2337 2257 2420 2316 Ex
2450 2270 2517 2317 eo
2557 2262 2696 2325 loco,
2733 2265 2994 2329 tanquam
3034 2269 3100 2312 ex
3139 2271 3264 2311 arce
3295 2256 3554 2326 quadam,
3598 2255 3701 2307 lm-

2109 2354 2335 2426 provlso
2383 2362 2755 2422 erumpentes,
2804 2350 3007 2404 multos
3059 2347 3499 2402 Christianorum
3545 2359 3697 2400 com-

2113 2442 2551 2517 prehendehant,
2594 2451 2649 2496 et
2683 2439 2974 2495 tormentis
3007 2437 3356 2493 excruciatos
3385 2435 3702 2517 sacriﬁcare

2111 2515 2404 2606 cogebant.
2449 2532 2506 2586 Si
2542 2531 2634 2602 qui
2671 2544 2796 2585 vero
2845 2529 2896 2583 id
2938 2528 3118 2582 facere
3151 2515 3546 2588 detrectarcﬁt,
3597 2537 3694 2579 eo;

2114 2631 2210 2682 aut
2240 2624 2295 2678 in
2329 2636 2553 2678 crucem
2604 2619 2858 2690 agebant,
2897 2625 2992 2671 aut
3038 2615 3233 2670 fractis
3267 2615 3548 2676 cruribus,
3601 2625 3697 2669 aut

2117 2715 2231 2771 alio
2258 2713 2451 2768 mortis
2492 2720 2691 2782 genere
2723 2709 3084 2779 perimebant.
3113 2705 3286 2761 Porro
3315 2720 3440 2759 cum
3475 2706 3590 2760 haec
3613 2721 3702 2759 se-

2111 2806 2255 2865 ditio
2285 2805 2496 2861 diutius
2529 2807 2934 2873 perseveraret,
2972 2798 3327 2868 magistratus
3352 2797 3419 2850 ad
3449 2811 3545 2851 eos
3573 2811 3703 2866 pro-

447 2896 505 2950 δὲ
542 2896 664 2949 τότε
707 2895 815 2948 τῶν
855 2896 914 2948 ἐν
955 2888 1214 2964 Αἰγύπτῳ
1260 2890 1666 2964 στρατιωτικῶν
1712 2890 2008 2960 ταγμάτων

2120 2896 2298 2970 gressi
2347 2897 2494 2968 leges
2535 2893 2672 2964 ipsis
2710 2892 2765 2945 in
2818 2890 3140 2945 memoriam
3174 2897 3528 2954 revocarunt,
3573 2889 3704 2942 hor-

458 2984 752 3057 Ῥωμανός·
766 2977 1031 3054 Εὐάγριος
1041 2981 1097 3035 δὲ
1115 2977 1353 3052 ὕπαρχος
1366 2979 1474 3052 (16)
1485 2981 1581 3050 τῆς
1607 2978 2008 3051 Ἀλεξανδρείας

2121 2992 2301 3046 tantes
2340 2992 2452 3040 uta
2484 2985 2626 3040 bello
2655 2983 2935 3037 abstinere
2973 2989 3027 3035 et
3068 2976 3358 3050 Serapium
3389 2981 3704 3048 relinquet.

450 3073 651 3148 ἠγεῖτο.
694 3075 781 3140 Ὠς
803 3075 860 3128 δὲ
889 3073 1038 3128 οὐδὲν
1067 3075 1249 3145 ἤνυον,
1283 3075 1558 3144 ἐμήνυσαν
1592 3070 1668 3142 τῷ
1708 3071 1916 3141 βασιλεῖ
1945 3071 2012 3125 τὰ

2121 3079 2345 3134 vellent.
2382 3075 2513 3130 Erat
2549 3086 2680 3130 tunc
2715 3073 2978 3143 temporis
3007 3072 3118 3126 dux
3161 3073 3397 3126 militum
3433 3073 3487 3126 in
3533 3071 3703 3142 ,Εεν-

446 3164 738 3238 γενόμενα.
783 3164 1230 3237 Προθυμοτέρους
1277 3163 1333 3216 δὲ
1379 3159 1504 3226 τοὺς
1551 3162 1608 3214 ἐν
1650 3160 1726 3232 τῷ
1764 3161 2014 3234 Σεραπίῳ

2119 3179 2214 3241 pto
2242 3168 2525 3224 Romanus
2560 3187 2573 3222 :
2616 3165 2887 3236 Evagrius
2927 3178 3078 3227 vero,
3121 3162 3415 3232 praefectus
3450 3173 3682 3236 augusta

448 3255 864 3329 παρεσκεύαζεν
889 3251 1050 3320 εἶναι,
1080 3255 1140 3308 τὸ
1165 3253 1464 3307 συνειδέναι
1497 3253 1676 3322 σφίσιν
1702 3251 1738 3306 ἃ.
1759 3251 2017 3323 τετολμή-

2122 3261 2192 3316 lis
2220 3271 2340 3317 erat
2377 3256 2750 3313 Alexandriae.
2783 3255 2888 3322 Qui
2929 3271 3053 3309 cum
3086 3256 3224 3310 nihil
3256 3255 3606 3324 proficerent,
3637 3271 3701 3310 ea

448 3362 642 3404 ’κασινο
678 3348 868 3401 ἔπειτα
901 3347 958 3401 δὲ
995 3347 1088 3400 καὶ
1147 3344 1440 3416 Ὀλύμπιός
1491 3361 1572 3408 τις
1623 3345 1681 3398 ἐν
1726 3343 2017 3413 φιλοσόφου

2123 3365 2245 3420 quae
2295 3359 2448 3419 gesta
2501 3348 2721 3401 fuerant
2771 3346 3092 3417 imperatori
3146 3345 3565 3417 significarunt;
3610 3362 3707 3402 eos

450 3443 689 3512 σχήματι
723 3438 894 3493 συνὼν
931 3438 1143 3500 αὐτοῖς,
1183 3438 1278 3489 καὶ
1304 3435 1504 3490 πείθων
1535 3434 1732 3505 χρῆναι
1769 3433 1843 3504 μὴ
1884 3433 2022 3504 ἀμε-

451 3533 562 3586 λεῖν
598 3531 708 3586 τῶν
731 3531 994 3602 πατρίων,
1020 3529 1133 3582 ἀλλ’
1166 3530 1214 3581 εί
1235 3527 1344 3581 δέοι
1366 3521 1504 3596 ὑπὲρ
1528 3525 1705 3578 αὐτῶν
1730 3524 1983 3594 θνήσκειν
2003 3537 2018 3555 ·

451 3617 897 3690 καθαιρουμένων
939 3617 997 3671 δὲ
1044 3617 1152 3670 τῶν
1192 3615 1429 3683 ξοάνων,
1475 3614 1822 3686 ἀθυμοῦντας
1849 3612 2013 3684 ὁρῶν,

452 3709 800 3763 συνεΰούλευε
851 3699 928 3780 μὴ
986 3703 1295 3775 ἐξίστασθαι
1341 3707 1443 3775 τῆς
1494 3698 1828 3778 θρησκείας,
1887 3696 2018 3777 ὓλην

448 3800 698 3874 φθαρτὴν
736 3801 830 3855 καὶ
875 3799 1174 3868 ἰνδάλματα
1217 3798 1390 3867 λέγων
1425 3792 1563 3852 εἶναι
1596 3801 1665 3851 τὰ
1697 3797 2009 3867 ἀγάλματα,

450 3891 549 3946 καὶ
601 3890 689 3944 διὰ
730 3889 887 3944 τοῦτο
942 3889 1247 3959 ἀφανισμὸν
1300 3888 1626 3959 ύπομένεινο
1659 3888 1920 3956 δυνάμεις
1952 3886 2013 3940 δέ

448 3993 602 4046 ’τινας
641 3975 918 4052 ἐνοικῆσαι
956 3981 1159 4044 αὐτοῖς.
1194 3979 1287 4033 καὶ
1315 3981 1395 4040 εἰς
1426 3974 1652 4050 οὐρανὸν
1683 3979 2012 4048 ἀποπτῆναι.

450 4073 562 4132 Καὶ
586 4074 614 4126 ὁ
649 4074 770 4144 μὲν,
796 4073 975 4127 τοιάδε
1016 4071 1422 4144 είσηγούμενος,
1462 4073 1556 4126 καὶ
1585 4070 1792 4142 πληθὺν
1829 4070 2017 4141 Ἐλλή-

447 4175 558 4218 νων
599 4162 737 4233 ἔχων
776 4161 902 4233 περὶ
933 4159 1116 4224 αὑτὸν,
1151 4161 1209 4213 ἐν
1241 4158 1320 4231 τῷ
1351 4159 1604 4230 Σεραπίῳ
1628 4157 1915 4229 διέτριϐεν.
1960 4158 2020 4213 '0

533 4305 546 4336 '
582 4302 764 4370 Somn,
797 4303 894 4358 lib.
932 4319 982 4369 ν,
1011 4318 1065 4357 c.
1095 4299 1292 4366 15,16.

2127 3451 2307 3495 autem
2336 3440 2430 3510 qui
2463 3436 2786 3507 in'Serapio
2814 3444 2993 3499 erant,
3028 3437 3328 3490 alacriores
3360 3437 3622 3492 reddebat
3649 3448 3704 3491 ct

2125 3529 2466 3584 conscientia
2516 3526 2781 3580 facinoris
2817 3526 2964 3582 illius
3023 3526 3170 3596 quod
3225 3526 3601 3592 admiserant;
3650 3539 3706 3580 et

2122 3627 2390 3689 praeterea
2417 3618 2701 3689 Olympius
2729 3617 2973 3685 quidam,
3005 3618 3100 3688 qui
3134 3617 3188 3671 ia
3229 3617 3420 3672 habitu
3461 3619 3707 3688 philoso-

2123 3711 2286 3781 phice
2343 3722 2470 3763 cum
2523 3709 2657 3779 ipsis
2690 3708 2918 3779 degens,
2962 3705 3231 3764 suadebat
3276 3704 3701 3780 haudquaquam

2115 3799 2440 3870 negligenda
2473 3814 2597 3856 esse
2627 3813 2786 3857 sacra
2820 3801 3022 3870 patria,
3083 3798 3178 3855 sed
3214 3814 3312 3868 pro
3347 3799 3479 3864 illis,
3531 3801 3577 3854 si
3617 3818 3704 3853 res

2114 3893 2193 3946 ita
2241 3892 2575 3962 postularet,
2633 3900 2866 3947 mortem
2906 3905 3124 3962 quoque
3171 3891 3514 3945 subeundam
3552 3905 3693 3946 esse.

2119 3983 2365 4055 Cumque
2419 4001 2516 4041 eos
2572 3986 2644 4040 ob
2694 3985 3037 4041 eversionem
3109 3983 3537 4037 simulacrorum
3601 3982 3698 4036 de-

2123 4077 2396 4145 spondere
2448 4077 2662 4132 animos
2710 4072 2941 4140 videret,
2995 4075 3255 4128 monebat
3305 4087 3374 4127 ne
3424 4071 3634 4126 idcirco
3668 4086 3698 4123 a

2122 4167 2386 4238 religione
2417 4183 2517 4223 sua
2551 4167 2888 4222 absisterent
2921 4185 2934 4220 :
2968 4179 3224 4220 asserens
3255 4172 3472 4219 statuas
3519 4170 3702 4217 mate-

1637 4404 1908 4466 VALESH
1943 4405 2496 4473 ANNOTATIONES.

520 4510 636 4581 (l5)
670 4512 824 4580 Πρὸς
866 4504 933 4565 δὲ
961 4509 1025 4564 τὸ
1063 4508 1307 4583 ἀληθὲς,
1335 4502 1430 4583 καὶ
1453 4503 1519 4583 gf)
1545 4503 1863 4583 ἀδόκητον.
1897 4507 2013 4562 Non

2119 4526 2264 4565 anno
2289 4513 2490 4568 Christi
2516 4513 2642 4581 59!;
2682 4511 2987 4583 eodemque
3015 4527 3157 4568 anno
3195 4512 3479 4570 Romanus
3513 4528 3699 4570 comes

451 4575 644 4637 dubito
673 4575 1176 4651 quin'scribendutn
1206 4580 1275 4632 sit
1299 4577 1434 4648 πρὸς
1457 4575 1513 4629 δὲ
1535 4575 1596 4627 τὸ
1628 4575 2010 4651 ἄηθες,-‹ιιιιιιιι

453 4645 775 4721 scripturam
807 4653 1136 4706 inversione
1182 4663 1300 4702 mea
1343 4645 1478 4700 'sum
1517 4654 1762 4702 secutus.
1797 4645 1932 4700 Nam
1956 4647 2012 4702 in

453 4723 673 4790 vulgata
709 4722 936 4790 lectione
960 4721 1141 4790 utullus
1171 4728 1254 4772 est
1291 4731 1507 4790 sensus.

524 4783 635 4860 (l6)
667 4789 954 4859 Εὐάγριος
1003 4789 1071 4860 δὲ
1107 4789 1396 4860 ὔέαρχος.
1445 4783 1545 4860 Hie
1577 4783 1845 4860 Evagrius
1882 4801 2020 4856 prte-

455 4854 630 4918 lectus
666 4854 980 4932 Augustalis
1013 4858 1116 4914 fuit
1140 4857 1369 4912 Tatiauo
1404 4867 1459 4911 et
1493 4854 1812 4929 Synnnaebo
1849 4854 2020 4920 cess.,

2119 4583 2194 4656 rei
2226 4583 2499 4656 militaris
2529 4584 2659 4656 fuit,
2684 4601 2780 4656 per
2805 4584 3124 4656 Egyptum.
3165 4592 3225 4638 ut
3265 4585 3424 4638 docet
3479 4586 3559 4638 lex
3600 4601 3702 4639 un-

2121 4650 2332 4704 decima
2368 4654 2570 4724 Codice
2601 4650 2985 4709 Theodosiano
3015 4655 3087 4708 De
3126 4655 3373 4724 paganis.
3410 4656 3700 4710 sacriﬁciis

2122 4732 2177 4793 et
2219 4723 2455 4792 templis.
2499 4723 2756 4793 Ejusdem
2821 4725 3036 4792 Evagrii
3097 4723 3148 4776 et
3181 4723 3412 4777 Romani
3450 4726 3700 4779 meminit

2128 4789 2407 4859 Eunapitts
2457 4794 2508 4846 in
2539 4789 2553 4793 ⁷
2598 4794 2714 4846 Vita
2778 4789 2988 4847 Αῗιίεέῖί
3042 4794 3318 4861 Sep/iisne.
3365 4795 3468 4850 Ubi
3517 4803 3700 4851 tamen

2127 4861 2348 4914 Εὑετίου
2374 4879 2657 4934 perperam
2697 4867 2961 4920 scribitur
2987 4881 3085 4935 pro
3119 4864 3410 4935 Εὐαγρίου.

1853 4964 2237 5034 VARIOBUM.

525 5073 552 5114 ι
584 5073 943 5128 Καθίσταται
973 5071 1042 5126 δὲ
1085 5070 1283 5126 αὐτῶν
1328 5068 1662 5136 ἐπίσκοπος
1707 5065 2020 5138 Εὑάγριος.

451 5137 818 5198 Theodoritus
877 5142 1041 5197 refert
1073 5141 1379 5212 Evagrium
1404 5157 1433 5193 a
1460 5144 1576 5212 solo
1615 5137 2022 5212 Paulinorurd‘i-

453 5224 639 5267 natum
671 5229 816 5273 esse.
855 5213 1000 5282 quod
1035 5209 1398 5282 ιθιιιειιπαρά
1425 5210 1518 5262 τὸν
1563 5209 2018 5282 ἐκκλησιαστικὸν

451 5283 650 5353 θεσμὸν
707 5278 1162 5353 factum__monet.
1193 5278 1554 5353 (Tugonont'r.
1604 5278 1750 5353 {list}
1782 5280 1964 5353 eccles.
2003 5320 2020 5344 ,

453 5349 565 5405 lib.’
587 5369 639 5414 ν,
672 5368 722 5408 c.
755 5352 872 5421 23.)
903 5349 1062 5405 Hunc
1091 5358 1270 5405 tamen
1297 5349 1586 5421 Evagrium
1624 5349 2024 5421 Romaniponf

449 5423 628 5477 tiﬁces
665 5417 896 5476 Siricius
930 5429 985 5476 et
1027 5420 1379 5475 Innocentius
1411 5420 1652 5489 primus.
1697 5427 1750 5472 et
1781 5417 2023 5489 universi

451 5493 845 5560 propemodum
873 5491 1235 5546 occidentales
1258 5505 1355 5560 pro
1379 5487 1506 5542 vero
1531 5487 2018 5560 episcopo_hahue-

451 5555 597 5615 runt.
638 5559 893 5617 Socrates
925 5568 1108 5616 autem
1134 5561 1232 5613 lib.
1260 5555 1320 5621 'v,
1355 5572 1478 5626 cap.
1523 5557 1626 5626 15W;
1668 5564 1737 5626 et
1779 5555 2020 5620 Sozom.,

452 5631 492 5685 Ι.
517 5647 615 5698 vn,
655 5646 776 5702 cap.
803 5632 891 5701 15,
922 5630 1165 5699 tradunt,
1213 5627 1355 5701 quod
1408 5625 1533 5698 post
1589 5625 1878 5682 Paulinum
1907 5626 2020 5682 vita

2124 5074 2373 5144 functum
2417 5074 2656 5144 populus
2717 5075 3093 5131 Antiochcnus
3123 5074 3411 5144 Evagrium
3458 5087 3700 5144 χειροτο-

2123 5143 2353 5213 νηθῆναι
2383 5140 2690 5208 constituit,
2745 5147 2881 5199 adeo
2926 5156 2985 5200 ut
3026 5161 3133 5199 non
3167 5140 3262 5199 εἰ(
3282 5151 3436 5213 extra
3463 5140 3697 5194 dubium

2122 5212 2306 5268 euma
2333 5213 2568 5268 Paulino
2594 5217 2713 5270 solo
2746 5216 3058 5270 ordinatum
3109 5216 3297 5269 fuisse.
3335 5212 3446 5265 Hoc
3484 5217 3698 5262 tantum

2123 5291 2332 5338 certum
2366 5296 2471 5347 est.
2503 5286 2646 5354 quod
2674 5285 2721 5338 si
2754 5301 2782 5338 a
2815 5287 2934 5341 solo
2964 5284 3199 5354 Paulino
3219 5283 3440 5354 ordines
3471 5292 3699 5354 accepe-

2123 5355 2210 5414 rit,
2248 5349 2533 5410 canonice'
2561 5371 2668 5410 non
2704 5356 2992 5409 ordinatus
3027 5363 3132 5409 est.
3163 5353 3307 5406 Guil.
3343 5349 3695 5416 Bevercgius,

2125 5425 2407 5493 Ammain
2448 5427 2676 5493 primum
2711 5441 2961 5479 canonem
3015 5423 3398 5493 Apostolirum,
3430 5419 3519 5493 qui
3556 5432 3698 5493 prie-

2126 5496 2273 5560 cipit.
2308 5492 2383 5549 Ne
2417 5487 2540 5564 quis
2590 5497 2876 5550 ordinetur
2909 5487 3227 5564 episcopus,
3257 5492 3362 5546 nisi
3413 5487 3449 5542 a'
3476 5487 3699 5544 duobus

2126 5565 2212 5618 Vel
2239 5564 2418 5622 tribus
2437 5563 2746 5636 episcopis,
2773 5580 2895 5636 pag.
2927 5563 3015 5619 10.
