4054 6188
377 171 513 230 1461
851 162 897 189 Χ·

1347 168 1674 227 HISTORIA
1713 167 2267 226 ECCLESIASTICA.
2306 201 2376 210 —
2414 170 2544 225 LIB.
2587 147 2712 224 vn;

3488 165 3630 220 “69.

373 283 473 339 τοῦ
505 281 736 354 ὲδάςρους
765 283 952 337 πίπτει
973 279 1084 352 (το)
1107 299 1120 312 ·
1141 278 1238 335 σὺν
1255 279 1482 352 ὀλολυγῇ
1509 281 1620 352 (27)
1644 281 1739 336 καὶ
1761 282 1821 334 τὸ
1854 282 1961 335 πᾶν

2081 281 2451 336 :ommunione
2477 292 2766 337 sacrorum
2809 291 2934 348 qua:
2974 276 3206 334 initiatis
3242 277 3476 349 praeberi
3509 264 3647 334 mos:

375 376 481 446 τῆς
544 374 865 444 Ἐκκλησίας
919 371 1122 441 πλῆθος
1179 371 1431 444 δακρύων
1487 371 1842 442 ἐμπίπλαται.
1881 370 1955 424 Τὸ

383 467 525 538 μετά
579 465 734 520 τοῦτο
790 462 846 516 δὲ
870 503 885 527 ,
957 461 1174 533 πρῶτος
1236 463 1266 516 6
1317 462 1614 526 ἐπίσκοπος
1669 460 1954 526 ἐξανίστα-

379 577 504 625 ται,
557 557 652 610 καὶ
690 555 816 619 τοὺς
877 553 1164 623 κειμένους
1212 553 1500 625 ἀνίστησι·
1549 552 1642 606 καὶ⁵
1789 569 1960 622 προσ-

380 647 518 716 ῆκεν
577 644 714 714 ὑπὲρ
796 644 1200 715 ἡμαρτηκότων
1286 642 1774 715 μεταμελουμένων
1866 645 1959 698 εύ-

385 736 634 809 ξάμενος,
664 735 1000 805 ἀποπέμπει.
1024 734 1163 788 Καθ’
1184 735 1374 789 ἑαυτὸν
1398 734 1454 788 δὲ
1483 735 1662 787 ἑκοντὶ
1684 732 1960 787 ταλαιπωο

387 827 646 901 ρούμενος
669 825 971 897 ἕκαστος,ἢ
999 826 1338 897 νηστείαις,ἦ
1360 824 1703 896 ἀλουσίαις,ἢ
1727 824 1960 894 ἐδεσμά-

383 934 495 974 των
533 917 742 987 ἀποχῇ,
769 916 801 987 ἢ
825 917 1032 988 ἑτέροις
1078 912 1160 980 οἷς
1207 919 1642 988 προστέτακται,
1677 917 1961 988 περιμένει

383 1008 480 1062 τὸν
511 1008 734 1078 χρόνον,
765 1008 844 1070 είς
873 1007 996 1060 ὅσον
1028 1005 1177 1077 αὐτῷ
1212 1006 1439 1077 τέταχεν
1472 1008 1500 1059 6
1533 1007 1850 1071 ἐπίσκοπος.
1881 1007 1959 1077 Τῇ

383 1097 444 1152 δὲ
469 1096 776 1169 προθεσμίᾳ
795 1137 810 1160 ,
837 1096 1024 1167 ὥσπερ
1048 1113 1100 1149 τι
1129 1096 1350 1167 όφλημα
1380 1095 1638 1160 διαλύσας
1666 1095 1763 1166 τὴν
1792 1113 1965 1166 τιμω·

389 1187 531 1260 ρίαν,
561 1189 663 1258 τῆς
707 1185 982 1257 ἁμαρτίας
1011 1184 1216 1240 ἀνίεται
1251 1185 1362 1255 (28)
1381 1225 1395 1248 ,
1424 1186 1520 1239 καὶ
1550 1184 1688 1255 μετὰ
1715 1183 1808 1237 τοῦ
1835 1183 1964 1238 λαοῦ

386 1278 760 1349 ἐκκλησιάζει.
804 1279 942 1332 Τάδε
976 1278 1078 1346 μὲν
1121 1276 1359 1348 ἀρχῆθεν
1395 1277 1444 1330 οἱ
1490 1275 1775 1346 Ῥωμαίων
1804 1275 1967 1346 ἱερεῖς

387 1370 516 1441 ἄχρι
547 1371 640 1423 καὶ
663 1370 745 1432 εἰς
774 1371 920 1439 ἡμᾶς
949 1370 1323 1439 φυλάττουσιν.
1363 1368 1451 1422 Ἐν
1475 1368 1532 1422 δὲ
1573 1369 1642 1438 τῇ
1674 1368 1966 1420 Κωνσταν-

388 1457 694 1512 τινουπόλει
737 1458 1053 1530 Ἑκκλησίᾳ,
1075 1459 1103 1510 6
1131 1458 1224 1511 ἐπὶ
1251 1457 1358 1510 τῶν
1384 1455 1782 1528 μετανοούντων
1812 1471 1970 1508 τετα-

391 1549 593 1618 γμένος
620 1549 989 1621 πρεσϐύτερος
1021 1548 1379 1602 ἐπολιτεύετο.
1406 1548 1593 1601 Είσότε
1627 1546 1692 1616 δὴ
1718 1547 1852 1618 γυνή
1884 1562 1969 1608 τις

2060 382 2166 438 est,
2195 387 2322 427 cum
2354 373 2558 442 gemitu
2598 386 2660 426 ac
2694 370 2952 426 lamentis
2983 384 3190 440 pronos
3230 385 3291 425 se
3325 370 3381 425 in
3426 377 3648 426 terram

2065 462 2346 532 abjiciunt.
2375 461 2512 516 Tum
2530 461 2822 533 episcopus
2859 473 2983 514 cum
3014 457 3273 528 lacrymis
3305 472 3372 512 ex
3400 457 3634 512 adverso

2063 568 2384 618 occurrens,
2419 554 2630 626 pariter
2662 553 2782 623 ipse
2812 553 2959 606 humi
2989 549 3331 621 provolvitur
3359 567 3375 607 :
3414 557 3469 604 et
3511 549 3636 604 uni-

2063 659 2223 700 versa
2265 644 2525 700 Ecclesiae
2559 641 2854 698 multitudo
2912 639 3075 696 simul
3124 637 3416 703 confltens,
3455 637 3634 708 lacry-

2067 735 2171 791 mis
2213 734 2582 806 perfunditur.
2625 734 2874 790 Posthatc
2924 747 3056 788 vero
3129 730 3340 802 primus
3391 729 3639 799 exsurgit

2066 828 2378 899 episcopus,
2403 841 2466 881 ac
2491 833 2799 897 prostratos
2824 824 3022 895 erigit:
3055 822 3330 892 factaque,
3366 827 3427 874 ut
3457 819 3635 883 decet,

2066 918 2388 989 precatione
2426 932 2523 988 pro
2571 915 2956 987 peccatoribus
3005 910 3385 983 paenitentiam
3432 908 3643 978 agenti-

2068 1009 2194 1072 bus,
2224 1023 2318 1064 eos
2349 1007 2593 1062 dimittit.
2620 1005 2879 1061 Privatim
2913 1013 3095 1059 autem
3128 1001 3510 1071 unusquisque
3539 1013 3641 1055 sua

2071 1105 2269 1169 sponte
2298 1113 2356 1153 se
2397 1113 2704 1160 macerans,
2748 1102 2844 1152 aut
2881 1094 3130 1165 jejttniis,
3172 1100 3269 1146 aut
3301 1090 3508 1152 illuvie,
3546 1095 3642 1142 aut

2071 1189 2320 1244 ciborum
2363 1187 2714 1253 abstinentia,
2761 1186 2846 1241 vel
2896 1185 3022 1240 aliis
3072 1184 3273 1254 quibus
3324 1182 3514 1250 jussus
3555 1187 3642 1234 est

2072 1278 2269 1341 modis,
2316 1289 2530 1348 tempus
2573 1285 3062 1348 quantumcunque
3114 1273 3214 1343 ipsi
3271 1272 3339 1325 ab
3382 1271 3644 1340 episcopo

2073 1372 2434 1428 constitutum
2467 1377 2574 1436 est,
2623 1375 2922 1437 exspectat.
2987 1365 3090 1421 Ubi
3134 1380 3264 1420 vero
3305 1363 3645 1434 praestitutus

2074 1463 2194 1519 dies
2220 1462 2460 1528 advenit,
2495 1469 2758 1531 tanquam
2799 1458 2986 1514 debito
3014 1456 3250 1527 quodam
3280 1454 3583 1525 persoluto,
3614 1467 3646 1506 a

2076 1569 2238 1627 pcena
2282 1554 2562 1610 commissi
2599 1553 2824 1610 sceleris
2862 1551 3148 1616 liberatur,
3199 1556 3253 1602 et
3287 1547 3502 1616 reliquo
3546 1544 3648 1598 Ec-

392 1639 500 1694 τῶν
516 1640 874 1711 εὐπατριδῶν,
886 1641 979 1694 ἐπὶ
995 1640 1290 1711 ἁμαρτίαις
1306 1633 1393 1703 αἷς
1414 1637 1799 1710 προσήγγειλε,
1814 1653 1974 1708 προσο

2081 1648 2483 1727 clesiazyopulo
2513 1645 2778 1702 sociatur.
2816 1642 2943 1699 Haec
2969 1641 3208 1713 episcopi
3242 1638 3396 1694 urbis
3436 1636 3644 1702 Romae,

392 1733 653 1802 ταχθεῖσα
695 1733 845 1804 παρὰ
881 1733 1073 1787 τούτου
1111 1733 1206 1786 τοῦ
1249 1731 1620 1804 πρεσϐυτέρου
1663 1729 1963 1802 νηστεύειν,

395 1825 489 1877 καὶ
515 1824 605 1877 τὸν
634 1824 767 1878 Θεὸν
805 1823 1086 1887 ίκετεύειν,
1117 1823 1306 1878 τούτου
1338 1825 1496 1896 χάριν
1522 1826 1579 1878 ὲν
1609 1827 1674 1895 τῇ
1700 1825 1968 1896 ἐκκλησίᾳ

394 1915 782 1986 διατρίϐουσα,
811 1913 1276 1984 ὲκπεπορνεῦσθαι
1325 1915 1456 1986 παρ’
1497 1914 1688 1984 ἀνδρὸς
1721 1915 1967 1970 διακόνου

399 2007 792 2076 κατεμήνυσεν.
841 2006 955 2074 Ἐφ’
988 1999 1032 2073 ᾧ
1069 2005 1130 2058 τὸ
1162 2005 1364 2076 πλῆθος
1400 2006 1588 2076 μαθὸν,
1619 2005 1970 2076 ἐχαλέπαινεν

399 2094 476 2158 ὡς
518 2094 617 2164 τῆς
651 2094 943 2163 ἐκκλησίας
980 2095 1333 2166 ύϐρισμένης.
1374 2095 1623 2166 Μεγίστη
1656 2095 1714 2148 δὲ
1749 2094 1972 2166 διαϐολὴ

401 2187 528 2248 τοὺς
576 2186 902 2257 ίερωμένους
955 2181 1121 2256 εῖχεν.
1164 2185 1412 2258 Ἀπορῶν
1459 2186 1518 2240 δὲ
1557 2187 1586 2240 6
1619 2204 1672 2241 τι
1709 2188 1975 2258 χρήσαιτο

399 2277 480 2350 τῷ
508 2278 875 2349 συμϐεϐηκότι
903 2279 1206 2350 Νεκτάριος
1225 2319 1240 2342 ,
1271 2279 1523 2348 ἀφείλετο
1557 2280 1658 2349 τῆς
1700 2277 1975 2342 διακονίας

399 2369 493 2424 τδν
529 2369 883 2441 ἡταιρηκότα.
927 2369 1452 2454 Συμϐουλευσάντων
1483 2368 1540 2422 δέ
1566 2386 1729 2422 τινων
1761 2385 1977 2437 συγχω-

403 2464 519 2534 ρεῖν
550 2461 800 2524 ἕκαστον,
829 2461 904 2524 ὡς
947 2461 1014 2515 ἃν
1065 2462 1243 2533 ἑαυτῷ
1299 2461 1566 2532 συνειδείη
1613 2462 1709 2515 καὶ
1755 2460 1978 2534 θαρρεῖν

400 2553 636 2617 δύναιτο,
681 2555 956 2607 κοινωνεῖν
993 2553 1100 2607 τῶν
1153 2553 1484 2624 μυστηρίων,
1515 2553 1719 2606 ἔπαυσε
1745 2553 1835 2606 τὸν
1885 2553 1979 2606 ἐπὶ

402 2644 501 2715 τῆς
558 2641 846 2712 μετανοίας
894 2641 1284 2714 πρεσϐύτερον.
1321 2643 1431 2695 Καὶ
1478 2639 1538 2706 ἐξ
1571 2640 1780 2694 ἐκείνου
1822 2639 1981 2694 τοῦτο

404 2734 639 2805 κρατοῦν
667 2733 934 2804 διέμεινεν
965 2750 978 2762 ·
1009 2733 1112 2804 ἤδη
1150 2734 1253 2804 τῆς
1281 2734 1656 2805 ἀρχαιότητος,
1682 2729 1855 2804 οἶμαι,
1888 2735 1982 2788 καὶ

403 2825 502 2896 τῆς
527 2827 646 2879 κατ’
670 2825 840 2896 αὐτὴν
865 2824 1191 2894 σεμνότητος
1214 2826 1310 2878 καὶ
1338 2824 1640 2894 ἀκριϐείας,
1662 2827 1742 2889 είς
1759 2825 1982 2894 ἀδιάφο-

2062 1741 2177 1812 jam
2232 1741 2358 1795 inde
2407 1739 2478 1794 ab
2510 1737 2706 1792 ultima
2745 1741 3018 1790 vetustate
3063 1731 3130 1786 ad
3167 1738 3418 1786 nostram
3472 1743 3649 1798 usque

2067 1840 2280 1886 aetatem
2315 1829 2661 1886 cuslodiunt.
2706 1824 2765 1880 lu
2815 1821 3427 1891 Constantinopolitana
3467 1825 3650 1872 autem

2071 1923 2351 1985 Ecclesia,
2411 1929 2594 1975 certus
2657 1917 2943 1989 presbyter
3002 1914 3338 1969 constitutus
3379 1917 3502 1965 erat
3555 1909 3649 1978 qui

2069 2013 2467 2085 paenitentibus
2518 2015 2799 2080 praesset.
2852 2007 3033 2061 Donec
3074 2008 3340 2073 fmatrona
3401 2000 3652 2072 qumdatu

2071 2107 2296 2167 nobilis.
2333 2105 2403 2158 ob
2433 2109 2658 2174 peccata
2689 2114 2811 2170 quae
2848 2097 3103 2155 confessa
3149 2095 3348 2160 fuerat,
3387 2094 3544 2164 jussa
3586 2093 3655 2146 ab

2071 2198 2177 2254 hoc
2235 2198 2556 2268 presbytero
2614 2193 2896 2263 jejunare,
2962 2206 3027 2246 ac
3101 2188 3271 2242 Deum
3331 2184 3656 2256 suppliciter

2075 2303 2270 2351 orare;
2323 2285 2452 2339 dum
2490 2283 2654 2352 hujus
2692 2282 2772 2336 rei
2813 2294 2980 2335 causa
3030 2280 3086 2333 in
3125 2277 3358 2333 ecclesia
3407 2288 3654 2328 morare-

2075 2386 2187 2442 tur,
2238 2390 2267 2429 a
2298 2373 2532 2428 diacono
2579 2385 2639 2427 se
2687 2376 2993 2440 stupratam
3057 2383 3181 2422 esse
3215 2365 3478 2436 prodidit.
3533 2364 3656 2430 Quo

2076 2468 2317 2538 cognito.
2361 2465 2516 2536 plebs
2565 2462 2748 2518 omnis
2808 2460 3161 2515 vehementer
3202 2457 3542 2519 succensuit,
3588 2470 3656 2510 eo

2079 2559 2222 2630 quod
2257 2555 2599 2613 contumelia
2635 2553 2787 2607 illata
2815 2558 2962 2607 esset
2987 2548 3275 2604 ecclesiae:
3313 2561 3414 2602 nec
3450 2545 3659 2601 medio-

2078 2653 2156 2708 cri
2202 2649 2405 2721 probro
2446 2643 2682 2717 expositi
2730 2651 2889 2699 erant
2938 2640 3083 2696 sacri
3133 2638 3343 2695 ordinis
3385 2638 3512 2693 viri.
3553 2635 3658 2693 Ne-

2080 2741 2289 2798 ctarius
2316 2754 2475 2801 vero,
2508 2751 2631 2792 cum
2661 2735 2754 2790 diu
2787 2733 3131 2804 multumque
3159 2730 3470 2786 dubitasset
3496 2729 3660 2800 quid-

2083 2847 2206 2887 nam
2250 2831 2306 2884 in
2349 2829 2454 2883 hoc
2488 2827 2706 2897 negotio
2735 2823 3002 2896 agendum
3039 2829 3210 2888 esset,
3247 2836 3372 2877 eum
3408 2821 3501 2891 qui
3537 2827 3660 2874 stu-

410 2931 502 2986 ρον
525 2916 618 2969 καὶ
645 2914 992 2986 ἠμελημένον
1035 2911 1168 2985 ἦθος
1195 2916 1336 2970 κατὰ
1373 2916 1567 2987 μικρὸν
1608 2916 1979 2970 διολισθαίνειν

2082 2938 2240 2995 prum
2281 2920 2602 2983 admiserat,
2651 2917 2945 2972 diaconatu
3001 2914 3176 2970 exuit.
3229 2913 3478 2982 Cumque
3527 2925 3663 2966 non-

406 3005 738 3077 ἀρξαμένης.
795 3007 947 3060 Ἐπεὶ
999 3007 1293 3078 πρότερον,
1327 3007 1402 3070 ὡς
1429 3006 1691 3078 ἠγοῦμαι,
1728 3008 1864 3079 μείω
1911 3008 1982 3062 τά

407 3097 780 3168 ἁμαρτήματα
825 3093 913 3168 ἦν,
951 3097 1055 3151 ὑπό
1085 3114 1143 3151 τε
1181 3097 1363 3162 αίδοῦς
1405 3097 1514 3152 τῶν
1552 3096 1982 3169 ἐξαγγελλόντων

407 3191 507 3253 τὰς
559 3188 708 3258 σφῶν
754 3189 934 3242 αὐτῶν
977 3189 1358 3261 πλημμελείας
1380 3231 1396 3255 ,
1430 3193 1527 3246 καὶ
1559 3193 1663 3246 ὑπὸ
1697 3192 1986 3264 ἀκριϐείας

407 3279 516 3333 τῶν
544 3279 637 3332 ἐπὶ
684 3279 860 3349 τούτῳ
894 3279 1243 3350 τεταγμένων
1290 3280 1511 3352 κριτῶν.
1560 3280 1653 3335 Ἐκ
1690 3281 1892 3352 ταύτης
1927 3282 1985 3335 δὲ

407 3367 508 3438 τῆς
545 3367 724 3430 αίτίας
763 3367 1094 3438 συμϐάλλω,
1142 3369 1237 3422 καὶ
1288 3369 1563 3424 Θεοδόσιον
1613 3371 1706 3424 τὸν
1762 3370 1986 3440 βασιλέα

411 3457 803 3529 προνοούμενον
843 3457 941 3528 τῆς
973 3458 1080 3511 τῶν
1127 3459 1461 3529 Ἐκκλησιῶν
1502 3459 1749 3522 εὐκλείας
1785 3478 1845 3513 τε
1888 3462 1984 3514 καὶ

413 3547 740 3619 σεμνότητος
807 3548 1168 3618 νομοθετῆσαι
1222 3549 1320 3611 τὰς
1366 3550 1630 3616 γυναῖκας
1673 3548 1804 3623 (ἳ9ὶς
1827 3551 1876 3602 εί
1908 3551 1982 3623 μὴ

411 3639 609 3702 παῖδας
644 3639 840 3710 ἔχοιεν,
859 3640 954 3694 καὶ
990 3639 1130 3710 ὑπὲρ
1161 3638 1428 3708 ἐξήκοντα
1463 3638 1558 3710 ἔτη
1586 3639 1846 3706 γένοιντο,
1872 3639 1982 3694 δια-

412 3729 598 3785 κονίαν
639 3730 773 3785 Θεοῦ
807 3729 884 3802 μὴ
936 3729 1331 3803 ἐπιτρέπεσθαι
1376 3730 1420 3796 ι,
1455 3732 1639 3786 καὶτὸ
1686 3734 1985 3788 ἀποστόλου

2083 3013 2216 3069 nulli
2251 3012 2538 3068 consilium
2583 3008 2632 3065 ei
2674 3007 2980 3071 dedissent,
3029 3015 3090 3061 ut
3137 3004 3456 3074 unicuique,
3499 3010 3662 3073 prout

2083 3103 2185 3159 sibi
2232 3101 2498 3158 conscius
2547 3105 2714 3162 esset,
2771 3111 2836 3153 ac
2885 3096 3140 3152 fiduciam
3175 3095 3261 3152 sui
3315 3094 3560 3157 haberet,
3595 3094 3664 3148 ad

2082 3210 2368 3250 sacrorum
2417 3191 2808 3265 mysteriorum
2859 3189 3309 3245 communionem
3361 3186 3677 3242 accedendi=

2081 3287 2306 3342 liberam
2337 3284 2541 3340 faceret
2570 3291 2929 3354 potestatem,
2961 3281 3338 3351 presbyterum
3365 3279 3458 3351 qui
3496 3294 3686 3349 agen--

2087 3379 2172 3433 die
2211 3377 2550 3448 poenitentia:
2574 3375 2905 3444 praepositus
2930 3381 3071 3437 erat,
3103 3372 3360 3426 abolevit.
3393 3371 3571 3441 Atque
3594 3386 3664 3425 ex

2087 3482 2156 3522 eo
2187 3475 2434 3536 tempore
2468 3465 2520 3519 id
2548 3464 2765 3518 ﬁrmum
2800 3476 2865 3516 ac
2904 3461 3102 3517 stabile
3135 3461 3291 3530 301
3324 3462 3660 3530 permansit;

2087 3563 2393 3619 vetustate,
2433 3555 2592 3624 eique
2638 3553 2899 3621 adjuncta
2939 3551 3210 3622 gravitate
3243 3565 3308 3606 ac
3347 3553 3662 3616 severitate,

2085 3647 2199 3717 jam
2245 3654 2382 3711 tum,
2415 3654 2474 3699 ut
2515 3645 2733 3715 opinor,
2780 3644 2835 3698 in
2890 3643 3070 3698 laxam
3114 3657 3180 3698 ac
3221 3643 3544 3699 dissolutam
3577 3643 3662 3698 vi-

2092 3737 2254 3792 vendi
2297 3736 2568 3790 rationem
2604 3735 2870 3807 paulatim
2908 3734 3155 3806 delapsa.
3197 3733 3335 3790 Nam
3385 3744 3565 3803 antea,
3607 3743 3672 3790 ut

1618 3851 1888 3921 VALESI!
1925 3852 2478 3915 ANNOTATIONES.

485 3945 858 4016 (26)'0polwc
892 3945 990 3999 ἐπὶ
1023 3943 1130 3998 τοῦ
1165 3940 1428 4016 ἐδάφους
1467 3942 1685 3998 πίπτει.
1726 3942 1990 4016 Hionios

414 4013 535 4074 erat
580 4013 838 4072 "Ecclesia:
895 4016 1172 4074 Romanas,
1223 4023 1284 4067 ιιι
1334 4013 1623 4082 episcopus
1675 4029 1797 4069 sese
1839 4015 1988 4070 humi

418 4095 788 4158 prosterneret
821 4101 1005 4158 coram
1038 4083 1620 4158 panitentibtts,_tunc
1652 4099 1774 4139 cum
1813 4085 1991 4158 parui-

417 4154 641 4212 tentiam
670 4156 853 4210 dabat.
883 4155 1079 4211 Postea
1120 4167 1268 4214 vero,
1292 4154 1512 4222 quando
1534 4168 1629 4208 eos
1670 4154 1992 4208 reconcilia-

418 4229 531 4290 bat,
561 4227 815 4280 similiter
847 4242 906 4281 se
958 4223 1362 4290 prosternebat,
1407 4230 1468 4275 ut
1500 4223 1660 4277 docet
1711 4223 1858 4278 Ordo
1891 4223 1992 4277 Ro-

419 4312 628 4357 manus.
658 4297 710 4348 in
749 4295 916 4350 Cmna
946 4291 1182 4348 Domini.
1216 4291 1318 4358 Qui
1351 4292 1488 4346 liber
1538 4293 1664 4346 licet
1694 4294 1864 4348 multo
1903 4309 1986 4348 re-

2093 3947 2166 4001 ita
2205 3947 2399 4001 scribit
2437 3944 2585 4001 Ordo
2613 3943 2898 4000 Romanus
2935 3961 2948 3997 :
2985 3943 3086 3997 Hic
3105 3957 3226 4010 ergo
3254 3940 3379 3994 dum
3409 3939 3668 4010 adfpa’ni'o

2096 4017 2298 4071 tudinis
2328 4017 2586 4071 actionem
2617 4015 2780 4068 tantis
2806 4013 3074 4067 excitatur
3103 4009 3378 4077 exemplis,
3410 4009 3506 4062 sub
3537 4026 3665 4063 con—

2098 4096 2276 4154 specta
2322 4086 2710 4154 ingemiscentis
2757 4082 3029 4154 Ecclesiae,
3075 4080 3384 4136 venerabilis
3428 4080 3670 4149 pontifex

2090 4151 2414 4225 protestetur
2453 4165 2504 4210 et
2553 4154 2733 4207 dicit:
2781 4151 3100 4223 Iniquitates
3152 4167 3296 4204 meas
3330 4165 3422 4217 ego
3470 4165 3664 4221 cogno-

2093 4233 2420 4363 πῖέἧιὲὺγ
2485 4291 2774 4363 ὀλολυγῇ.
2827 4291 2998 4361 Magis
3027 4290 3206 4363 placet
3253 4289 3523 4358 scriptura
3575 4303 3667 4363 co-

419 4367 634 4441 centiur
667 4366 737 4420 sit
759 4381 920 4441 quam
945 4363 1305 4441 Sozomenus,
1338 4361 1780 4441 plurimatamen
1811 4373 1992 4419 servat
2024 4379 2072 4441 ι)
2094 4359 2233 4441 dicis
2260 4359 2568 4441 Fuketiani,
2604 4359 2974 4441 συνομολογέῖ,
3006 4359 3114 4418 etc.
3146 4359 3342 4416 Deesse
3367 4369 3550 4413 tamen
3583 4359 3666 4414 vi—

423 4436 646 4505 vestigia
673 4429 1016 4505 antiquitatis
1055 4435 1200 4505 illius
1225 4429 1387 4502 quain
1438 4432 1605 4486 refert
1633 4429 1985 4505 Sozomenus.

422 4503 605 4560 Primo
629 4505 774 4560 enim
811 4503 970 4572 quod
1027 4505 1103 4557 ait
1151 4504 1518 4573 Sozomenus,
1547 4503 1883 4573 episcopum
1924 4518 1990 4557 ex

423 4575 654 4644 adverso
711 4569 1451 4644 pmnitentiumiocculrere,
1511 4569 1564 4624 id
1591 4569 1808 4644 i‘diserie
1860 4573 1994 4644 dicit

425 4643 569 4698 Ordo
595 4640 858 4699 Rom—anus
897 4645 983 4699 his
1002 4642 1184 4697 verbis
1217 4660 1229 4695 :
1269 4640 1416 4694 Tunc
1447 4643 1712 4712 egreditur
1744 4643 1994 4709 paenitens

421 4713 486 4766 de
521 4714 634 4767 loco
661 4714 752 4766 ubi
785 4714 1141 4782 paenitentiam
1175 4712 1351 4782 gessit,
1399 4720 1456 4764 ut
1492 4713 1688 4780 gremio
1715 4723 1996 4779 pra'sente-

424 4791 514 4836 tur
570 4783 837 4839 Ecclesiae.
879 4783 1101 4838 Setlente
1142 4793 1319 4836 autem
1361 4783 1606 4849 pontifice
1652 4799 1748 4850 pro
1791 4782 1995 4848 {oribus

420 4853 673 4915 ecclesiis,
699 4855 1061 4920 paenitentibus
1103 4854 1156 4905 in
1188 4853 1326 4905 atrio
1369 4852 1599 4905 ecclesiw
1629 4853 1832 4905 eminus
1877 4868 1997 4904 cum

423 4921 801 4976 archidiacono
841 4925 1057 4993 jussum
1105 4923 1253 4976 illius
1297 4922 1742 4993 pt'wstolantibus
1788 4937 1806 4975 :
1846 4933 1996 4993 ante-

422 5010 578 5056 quam
615 5009 701 5046 eos
733 4990 941 5062 θίγοι-ιιι,
972 4994 1204 5060 postulat
1256 4991 1657 5045 archidiaconus
1691 4990 1772 5045 Itis
1802 4991 1991 5045 verbis.

424 5061 529 5116 Ulli
575 5064 751 5116 obiter
807 5064 1044 5127 notabis,
1077 5063 1325 5130 singulos
1364 5063 1690 5131 pceniteutes
1742 5076 1991 5117 seorsum

422 5132 570 5185 dumi
620 5133 994 5203 paenitentiam
1045 5135 1242 5203 egisse.
1287 5131 1337 5186 id
1378 5132 1523 5201 quod
1563 5133 1788 5203 t-tiatn_a
1829 5131 2016 5203 εστιν

423 5217 586 5256 ttteno
621 5193 711 5257 ltic
733 5202 951 5259 dicitur.
980 5193 1054 5258 De
1075 5193 1276 5275 gemitu
1305 5193 1520 5273 quoque
1546 5203 1714 5257 totius
1740 5201 1997 5258 Ecclesia:

2094 4437 2256 4506 detur
2291 4435 2556 4506 particula
2579 4434 2949 4502 coujunctiva.

2167 4499 2609 4574 (28)’Διαλύσας
2626 4499 2748 4574 τὴν
2772 4502 3054 4573 τιμωρίαν
3071 4499 3182 4570 τῆς
3203 4499 3490 4574 ἁμαρτίας
3513 4499 3670 4552 ἀνίε-

2096 4570 2211 4628 ται.
2247 4570 2302 4630 ln
2330 4575 2518 4630 codice
2541 4570 2839 4630 Fuketiano
2880 4580 3002 4643 post
3036 4586 3221 4643 vocem
3267 4570 3534 4643 τιμωρίαν
3575 4585 3672 4636 ap-

2100 4646 2276 4715 posita
2293 4655 2376 4701 est
2396 4647 2624 4716 virgula.
2652 4641 3144 4716 Eamdetn‘quoque
3173 4641 3681 4716 itaet-punctionem

2101 4660 2276 4715 posua
2293 4660 2376 4701 (BSt
2396 4660 2624 4716 Vll'glllil.
2654 4660 2904 4698 ΙἋΠΠΟΕΙΙΙ
2928 4660 3144 4765 αΠΟἹΙΙθ
3176 4660 3681 4708 ιιιιυιῚηιῐιειιοηρηι

2101 4717 2388 4772 continuat
2423 4715 2761 4785 Niccpltortts
2791 4715 2844 4785 in
2882 4711 3387 4785 libroruodecimo,
3421 4725 3540 4785 cap.
3576 4710 3668 4764 28.
3731 4722 3734 4732 '

2175 4786 2285 4856 ('29)
2327 4781 2736 4856 [νομοθετῆσαι
2756 4784 2859 4856 τὰς
2882 4782 3186 4856 terantur.
3215 4781 3476 4856 intelligit
3501 4783 3670 4856 legent

2102 4850 2432 4910 27‘Co'licis
2471 4850 2858 4916 Theotlosiatti,
2907 4851 2978 4905 De
3006 4851 3278 4921 episcopis
3325 4860 3378 4904 et
3431 4850 3670 4912 clericis,

2099 4941 2220 4996 quae
2248 4927 2328 4980 sic
2355 4926 2514 4996 habet
2544 4942 2558 4976 :
2589 4924 2755 4996 Nulla
2788 4923 2899 4996 nisi
2924 4923 3148 4975 emensis
3181 4923 3456 4992 sexaginta
3491 4921 3668 4982 annis,

2100 4993 2185 5048 cui
2231 4997 2397 5048 votiva
2445 4995 2587 5048 domi
2636 4993 2805 5060 proles
2853 4993 2963 5056 sit,
3022 4996 3305 5044 secundum
3357 4998 3672 5059 pra'ceptum

2101 5064 2364 5129 Apostoli,
2414 5065 2481 5117 ad
2520 5064 2946 5118 diaconissarum
3009 5063 3332 5116 consortium
3379 5061 3680 5130 transfera-

2105 5147 2212 5199 tur,
2243 5151 2350 5190 etc.

1862 5305 2247 5364 νιιιιιοιιυιι.

501 5397 524 5438 ι
565 5401 888 5472 ᾼιακονίανί
931 5402 1078 5457 Θεοῦ
1111 5401 1198 5472 μὴ
1241 5402 1679 5470 ἐπιτρέπεσθαι.
1719 5400 1990 5456 .lttst'tttia-

427 5485 556 5533 nus,
586 5469 791 5542 Novell.
836 5471 958 5534 125,
1004 5469 1128 5542 cap,
1170 5475 1270 5530 15.
1326 5469 1576 5542 praecipit
1620 5472 1989 5526 diaconissam

427 5553 538 5594 non
572 5541 813 5596 ordinari
864 5542 917 5595 iu
967 5541 1153 5597 sancta
1203 5541 1651 5609 Ecclesia,’qu:e
1691 5545 1868 5596 utiuor
1908 5548 1994 5596 est

429 5623 731 5688 annorum"
753 5611 1111 5688 quadraginta
1135 5651 1150 5672 ,
1196 5620 1291 5666 aut
1315 5613 1396 5688 _atl
1447 5613 1718 5688 secundas
1748 5682 1759 5688 _
1770 5612 1992 5688 nuptias

430 5679 662 5738 venerit.
696 5679 1141 5738 Dc’ordiuatioue
1176 5699 1273 5738 seu
1313 5681 1693 5738 benedictione
1730 5679 1999 5740 diaconus-

2096 5415 2303 5460 sarum.
2345 5402 2520 5469 deque
2561 5399 2739 5455 vat-iis.
2764 5406 2818 5455 et
2853 5394 3251 5469 multiplicibus
3281 5407 3469 5469 eat-unt
3507 5392 3676 5445 mitt'r-

2099 5473 2303 5533 stet-iis,
2335 5461 2504 5524 multa
2536 5469 2740 5540 profert
2763 5485 2826 5523 ex
2867 5461 3110 5540 antiquis
3152 5461 3677 5518 l’atrihusloauttcs

2102 5542 2366 5602 Marinus,
2431 5541 2504 5596 De
2536 5533 2722 5595 'sacris
2751 5533 3212 5598 ordinationibus,
3263 5541 3400 5602 part.
3438 5547 3514 5596 tu,
3549 5548 3676 5606 pag.

2108 5613 2228 5672 14⁷,
2269 5611 2384 5666 M9.
