4054 6188
345 283 482 338 Ηϐδ

1301 277 1625 335 HISTORIA
1660 275 2218 334 ECCLESIASTICA.
2251 307 2320 317 —
2359 277 2487 332 LIB.
2517 268 2628 333 Vll.

3445 275 3582 332 H68

339 404 400 454 ὲν
440 393 996 450 Κωνσταντινουπὸλει
1047 395 1116 449 τὰ
1148 395 1415 466 Εὑνομίου
1447 394 1680 465 φρονῶν,
1707 396 1910 450 ἐπώνυ-

2015 402 2124 447 tem
2169 393 2460 464 opiniones
2511 407 2635 448 cum
2676 407 2745 448 ne
2777 391 2911 463 ipsis
2953 393 3173 464 quidem
3215 391 3579 449 Eunomianis

346 503 446 556 μον
483 485 632 556 αὑτῷ
663 485 949 540 κατέλιπεν
985 485 1219 555 αἴρεσιν.-
1246 488 1586 558 Ζητουμένου
1609 488 1716 558 γὰρ
1743 489 1790 540 εί
1813 489 1912 558 τὴν

343 577 580 648 ἐσχάτην
623 575 770 645 ὥραν
817 573 1073 642 γινώσκει
1107 578 1135 629 6
1178 577 1341 642 Υἱὸς,
1379 580 1473 631 καὶ
1526 580 1606 640 είς
1632 578 1910 647 ἀναίρεσιν

341 667 550 726 τούτου,
573 666 677 719 τῶν
700 665 1000 736 εἰρημένων
1027 667 1084 719 ὲν
1108 670 1220 730 τοῖς
1250 669 1602 736 Εὑαγγελίοις
1632 669 1712 720 ὃτι
1750 669 1910 737 μόνος

341 761 370 812 6
417 758 604 826 Πατὴρ
638 752 776 810 οἶδεν
800 794 816 821 ,
855 757 1188 811 ἀντικεῖσθαι
1232 758 1562 820 δοκούντων,
1608 760 1910 828 ἰσχυρίζετο

344 845 475 916 μηδὲ
503 843 704 912 ταύτης
726 847 825 914 τῆς
851 843 1102 912 γνώσεως
1129 845 1353 916 ἄμοιρον
1389 842 1524 898 εἶναι
1553 846 1644 898 τὸν
1678 847 1909 912 Υξὸν,ώς

340 934 600 1001 ἀνενδεῶς
619 933 850 987 λαϐόντα
871 935 1047 988 πάντα
1067 937 1214 1006 παρά
1231 936 1322 988 τοῦ
1342 937 1452 988 Πατ
1462 936 1568 1005 ρός.
1589 936 1677 1006 Μὴ
1701 953 1910 1006 προσιε-

342 1026 519 1092 μένων
550 1025 606 1078 δὲ
639 1025 730 1078 τὸν
755 1025 910 1094 λόγον
941 1026 1048 1080 τῶν
1081 1027 1201 1079 τότε
1239 1027 1593 1096 προεστώτων
1623 1027 1722 1096 τῆς
1759 1027 1910 1096 αἱρέ-

340 1130 497 1177 σεως,
538 1113 726 1166 ἑαυτὸν
757 1113 995 1184 χωρίσας
1037 1114 1136 1184 τῆς
1185 1113 1484 1179 κοινωνίας,
1521 1114 1747 1181 ἀφίκετο
1773 1115 1907 1183 πρὸς

339 1203 601 1273 Εὐνόμιον
629 1205 690 1256 ὲν
718 1206 784 1274 τῇ
814 1204 1074 1275 ὑπερορίᾳ
1101 1204 1248 1256 ὄντα.
1292 1202 1697 1266 Καταλαὸόντος
1719 1203 1773 1256 δὲ
1807 1205 1904 1275 ἤδη

337 1293 582 1348 διακόνου
613 1294 708 1348 καὶ
731 1294 949 1364 ἐτέρων,
979 1297 1028 1348 οἳ
1067 1296 1133 1348 ὲκ
1163 1295 1261 1365 τῆς
1290 1295 1907 1358 Κωνσταντινουπύλεως

337 1385 746 1454 ἀπεστάλησαν,
784 1384 1053 1438 διαϐαλεῖν
1079 1402 1139 1438 τε
1171 1385 1353 1452 αὑτὸν,
1385 1386 1479 1440 καὶ
1513 1388 1562 1438 εί
1600 1386 1780 1455 δεήσοι
1801 1384 1907 1438 δια-

337 1474 612 1544 λεξόμενοι
646 1472 780 1543 (55),
820 1473 1006 1543 μαθὼν
1044 1473 1304 1544 Εὑνόμιος
1332 1475 1416 1542 ἐφ’
1445 1467 1488 1542 ᾧ
1522 1471 1901 1544 παρεγένοντο,

335 1565 462 1628 τοὺς
491 1565 752 1635 Εὑτυχίου
791 1564 981 1633 λόγους
1005 1563 1254 1635 ἐπῄνεσε.
1275 1566 1384 1618 Καὶ
1406 1566 1707 1635 συνηύξατο
1732 1563 1902 1632 αὐτῷ,

337 1658 538 1728 καίπερ
566 1658 627 1710 οὑ
661 1656 879 1727 θεμιτὸν
914 1659 971 1709 ὲν
1013 1657 1196 1720 αὑτοῖς
1223 1655 1369 1727 (36),
1412 1655 1760 1725 συνεύχεσθαι
1792 1658 1905 1718 τοῖς

2019 485 2278 539 ferendus
2326 484 2625 546 videretur,
2679 498 2743 537 er
2791 497 2980 538 eorum
3038 482 3283 538 Ecclesia
3333 483 3577 552 eiectus,

2018 577 2275 630 lneresim
2333 577 2574 631 nominis
2633 576 2716 631 sui
2761 576 3026 630 condidit.
3080 573 3190 630 Nec
3245 576 3417 630 multo
3458 583 3578 644 post

2016 664 2322 736 Eutychius
2365 665 2586 735 quidam
2633 681 2697 720 ex
2745 666 3210 719 Eunomianorum
3262 675 3432 730 secta,
3480 664 3580 718 deo

2016 777 2151 833 gens
2197 761 2694 833 Coustantirmpoli,
2751 763 2996 818 haeresim
3045 765 3272 817 alteram
3327 777 3430 816 suo
3475 776 3578 814 nu-

2015 850 2161 905 mine
2206 851 2535 920 appellatam
2584 853 2824 922 reliquit.
2875 852 3012 907 Nam
3056 866 3181 906 cum
3241 858 3580 920 quaereretur

2016 951 2202 996 utrum
2256 942 2432 999 Filius
2481 945 2758 1014 cognitam
2811 943 3036 998 haberet
3089 943 3278 996 horam
3331 940 3575 995 novissi-

2015 1046 2182 1095 mam,
2217 1041 2271 1088 et
2317 1033 2484 1087 verba
2519 1033 2610 1086 illa
2651 1032 2953 1103 Evangelii,
2986 1032 3184 1102 quibus
3230 1031 3383 1085 solus
3417 1029 3577 1084 Pater

2013 1135 2133 1174 eam
2162 1121 2350 1175 horam
2390 1137 2554 1177 nosse
2583 1121 2806 1188 dicitur,
2839 1123 2893 1175 id
2931 1137 3128 1192 negare
3159 1122 3477 1176 viderentur
3510 1120 3580 1175 de

2012 1211 2182 1278 Filio;
2221 1212 2312 1266 ille
2351 1213 2591 1267 asseruit
2643 1211 2840 1267 Filium
2869 1229 2934 1266 ne
2962 1213 3128 1280 hujus
3157 1212 3376 1282 quidem
3398 1213 3577 1266 scien-

2013 1302 2104 1356 tia:
2140 1308 2415 1370 expertem
2459 1316 2603 1364 esse,
2637 1302 2842 1371 quippe
2871 1302 2965 1370 qui
3019 1309 3220 1354 cuncta
3268 1301 3388 1354 sine
3417 1314 3578 1353 exce-

2012 1391 2200 1462 ptione
2237 1405 2268 1444 a
2298 1388 2458 1445 Patre
2491 1391 2822 1459 accepisset.
2870 1388 2974 1443 Sed
3018 1404 3144 1442 cum
3197 1396 3360 1444 secta:
3389 1389 3575 1440 Euno-

2013 1480 2323 1533 mianorum
2374 1478 2650 1533 antistites
2691 1491 2811 1532 eam
2859 1477 3188 1532 sententiam
3233 1491 3340 1530 non
3385 1476 3575 1545 proba-

2011 1579 2164 1629 rent,
2201 1567 2440 1636 seipsum
2492 1581 2520 1620 a
2568 1566 2904 1636 reliquorum
2944 1567 3334 1623 communione
3384 1568 3577 1637 sejun-

2013 1673 2180 1728 gens,
2226 1657 2293 1711 ad
2335 1657 2657 1710 Eunomium
2700 1658 2791 1725 qui
2825 1667 2936 1711 tum
2971 1658 3023 1710 in
3065 1659 3262 1712 exsilio
3301 1659 3572 1728 degebat,

337 1747 592 1817 ἀλλαχόθι
627 1748 750 1817 δίχα
797 1747 1139 1818 γραμμάτων
1189 1749 1640 1818 ἀφικνουμένοις,
1680 1749 1717 1803 ἃ.
1770 1749 1906 1820 πρὸς

2014 1748 2273 1817 perrexit.
2308 1747 2442 1801 Cum
2481 1755 2661 1801 autem
2696 1747 2964 1800 diaconus
2993 1756 3047 1800 et
3071 1748 3165 1800 alii
3194 1749 3414 1817 quidam
3450 1763 3572 1801 eum

340 1839 480 1907 σφᾶς
507 1837 703 1900 αὑτοὺς
736 1837 1018 1912 ὁμοδόξους
1053 1837 1218 1907 δηλοῖ,
1243 1837 1330 1890 διὰ
1367 1839 1605 1908 σημείων
1638 1839 1906 1909 ἐγγραφο-

342 1929 517 1999 μένων
548 1930 666 1990 ταῖς
713 1929 1042 1990 ἐπιστολαῖς,
1077 1927 1366 1996 ἀγνώστων
1415 1932 1526 1991 τοῖς
1554 1928 1753 1990 ἄλλοις,
1795 1929 1908 1981 Οὑκ

338 2024 418 2085 είς
449 2021 662 2093 μακρὰν
687 2021 743 2074 δὲ
767 2018 971 2090 ταύτης
1002 2020 1099 2089 τῆς
1131 2017 1406 2089 ζητήσεως
1449 2018 1706 2088 Εὑνομίου
1726 2017 1908 2070 τελευ-

338 2115 617 2184 τήσαντος,
646 2112 706 2164 οὑ
735 2111 986 2181 προσίετο
1011 2109 1102 2162 τὸν
1135 2109 1390 2178 Εὑτύχιον
1427 2111 1455 2162 6
1499 2108 1774 2180 προεστὼς
1810 2106 1908 2178 τῆς

339 2205 398 2256 ἐν
450 2200 1014 2256 Κωνσταντινουπόλει
1079 2199 1380 2271 αἱρέσεως,
1415 2199 1519 2252 ὑπὸ
1580 2199 1908 2269 ζηλοτυπίας

337 2291 808 2362 ἀπεχθανόμενος,
844 2289 927 2342 ὅτι
975 2288 1109 2359 μηδὲ
1154 2288 1413 2358 κληρικοῦ
1457 2288 1609 2352 ὃντος
1668 2289 1908 2351 ἐναντίος

338 2380 475 2436 εἶναι
527 2381 838 2444 σπουδάζων
879 2381 991 2443 τοῖς
1045 2378 1208 2432 αὑτοῦ
1251 2378 1448 2447 λόγοις,
1481 2379 1579 2449 οὑχ
1603 2373 1712 2442 οἶός
1753 2395 1811 2432 τε
1840 2375 1907 2450 ἦν

336 2471 573 2528 διαλύειν
597 2472 658 2523 τὸ
685 2470 992 2541 πρόϐλημα.
1025 2468 1303 2522 Ἐντεῦθεν
1333 2484 1392 2520 τε
1425 2468 1560 2538 μετά
1583 2469 1688 2521 τῶν
1709 2469 1908 2538 ὁμοίως

337 2563 488 2634 αὑτῷ
502 2561 857 2634 φρονούντων.
876 2562 956 2624 είς
973 2561 1104 2614 ἰδίαν
1124 2560 1331 2632 αἵρεσιν
1347 2559 1614 2628 ἐχωρίσθη
1632 2558 1906 2629 Εὐτύχιος.

339 2658 450 2726 τῆς
471 2656 650 2726 μέντοι
677 2653 805 2724 περὶ
821 2653 918 2724 τὴν
944 2653 1092 2706 Θείαν
1118 2651 1368 2722 βάπτισιν
1395 2651 1628 2722 διαφορᾶ
1638 2663 1729 2716 ςω,
1749 2650 1909 2704 αὑτόν

336 2763 396 2798 τε
429 2747 522 2798 καὶ
546 2744 863 2814 Θεοφρόνιον
894 2744 922 2795 6
957 2741 1122 2803 πολὺς
1152 2739 1310 2808 λόγος
1337 2739 1664 2792 ἐπαιτιᾶται.
1695 2738 1830 2792 Τάδε
1852 2737 1910 2802 ἐξ

339 2830 415 2890 ὧν
466 2835 745 2905 ἐπυθόμην
775 2831 988 2905 ἔγραψα
1011 2870 1027 2895 ,
1072 2830 1208 2901 πρὸς
1243 2829 1508 2898 σύντομον
1553 2828 1758 2898 εἴδησιν
1801 2827 1910 2879 τῶν

341 2927 551 2989 αἰτιῶν,
583 2926 675 2994 ἀφ’
700 2919 776 2978 ὧν
806 2922 1128 2992 Εὑνομιανοὶ
1173 2918 1520 2992 διῃρέθησαν.
1576 2917 1909 2982 Ἐπεξελθεῖν

339 3019 396 3072 δὲ
431 3017 639 3080 πάντας
662 3016 787 3078 τοὺς
819 3013 906 3066 διὰ
931 3013 1086 3065 τοῦτο
1123 3010 1441 3081 κινηθέντας
1466 3009 1674 3076 λόγους,
1701 3007 1908 3078 μακρὸν

344 3111 412 3164 ἀν
436 3109 554 3178 εἴη’
583 3107 749 3178 κάμοὶ
777 3106 834 3159 δὲ
867 3106 928 3158 οὑ
963 3103 1160 3175 ῥᾴδιον,
1194 3101 1317 3154 ἐπεὶ
1339 3099 1472 3169 μηδὲ
1499 3099 1774 3168 ἐμπείρως
1803 3098 1909 3167 ἔχω

342 3201 453 3256 τῶν
503 3198 758 3253 τοιούτων
795 3195 1100 3260 διαλέξεων.
1130 3194 1264 3262 Περὶ
1301 3193 1358 3245 δὲ
1389 3191 1574 3243 τοῦτον
1601 3191 1694 3242 τὴν
1723 3190 1910 3260 χρόνον

343 3292 436 3344 καὶ
460 3293 571 3353 τοῖς
599 3279 654 3341 ἐν
682 3285 1242 3341 Κωνσταντινουπόλει
1272 3283 1566 3354 Ἀρειανοῖς
1588 3281 1792 3350 ἀνεφύη
1818 3281 1912 3349 ζή-

340 3397 526 3450 τησις,
569 3379 617 3431 εί
648 3380 776 3448 πρὶν
803 3373 940 3429 εἶναι
966 3375 1056 3428 τὸν
1086 3373 1234 3434 Υίὸν,
1264 3372 1341 3435 ὡς
1367 3370 1426 3436 ἐξ
1451 3371 1550 3423 οὑκ
1583 3371 1750 3422 ὄντων
1782 3367 1908 3439 παρ’

342 3469 524 3531 αὐτοῖς
571 3466 1017 3538 ὁμολογούμενον,
1067 3463 1280 3518 δύναιτο
1329 3461 1608 3515 καλεῖσθαι
1653 3459 1843 3530 Πατὴρ
1883 3459 1910 3511 6

341 3560 494 3622 Θεός.
527 3559 636 3612 Καὶ
673 3557 944 3628 Δωρόθεος
977 3556 1095 3625 μὲν,
1125 3555 1182 3617 ὃς
1212 3554 1331 3608 ἀντὶ
1367 3552 1604 3622 Μαρίνου
1638 3551 1907 3620 μετακλη-

343 3652 456 3716 θεὶς
486 3654 550 3704 ὲκ
600 3651 701 3720 τῆς
745 3648 1090 3718 Ἀντιοχείας,
1130 3646 1421 3716 προΐστατο
1451 3642 1653 3712 ταύτης
1685 3641 1785 3710 τῆς
1819 3643 1907 3693 αἱ·

346 3742 566 3816 ρέσεως,
599 3741 674 3805 ὡς
715 3741 852 3811 πρός
898 3757 952 3793 τι
997 3738 1089 3792 τοῦ
1141 3737 1401 3805 ὀνόματος
1444 3735 1614 3798 ὄντος,
1651 3733 1778 3804 πρὶν
1819 3733 1909 3786 τὸν

344 3834 474 3886 Υἰὸν
504 3833 825 3902 ὑποστῆναι,
865 3832 940 3901 μὴ
972 3829 1250 3883 καλεῖσθαι
1284 3826 1498 3898 Πατέρα
1528 3825 1620 3879 τὸν
1645 3825 1775 3878 Θεὸν
1801 3825 1908 3876 ἀπ-

344 3928 596 3997 εφήνατο.
638 3927 876 3996 Μαρῖνος
900 3925 955 3978 δὲ
974 3964 988 3987 ,
1017 3922 1318 3976 τούναντίον
1350 3920 1672 3990 ἰσχυρίζετο.
1707 3920 1798 3972 καὶ
1836 3917 1910 3988 μὴ

346 4017 652 4086 ὑφεστῶτος
694 4017 788 4070 τοῦ
821 4015 970 4081 Υἱοῦ,
1005 4016 1224 4086 Πατέρα
1266 4014 1354 4068 ἀεὶ
1388 4011 1527 4067 εἶναι
1571 4012 1662 4066 τὸν
1693 4013 1911 4082 Πατέρα

343 4110 622 4178 ἐδόξαζεν·
662 4110 696 4182 ἢ
749 4109 921 4173 οὕτως
950 4108 1086 4178 ἔχων
1119 4106 1363 4178 γνώμης,
1406 4106 1438 4178 ἢ
1471 4105 1602 4160 καθὸ
1649 4103 1911 4175 Δωροθέῳ

2009 1840 2438 1910 ριέιινοιιίεεεηι,
2479 1853 2543 1893 ex
2587 1837 2727 1891 urbe
2761 1837 3376 1905 Constantinopolitaua
3420 1839 3572 1892 missi

2007 1940 2066 1984 ut
2104 1933 2284 2000 ipsum
2316 1937 2686 1994 accusarent,
2735 1939 2827 1982 aut
2860 1930 2906 1982 si
2940 1944 3079 1998 opus
3120 1929 3296 1992 foret,-
3336 1945 3461 1983 cum
3509 1945 3579 1982 eo

2006 2023 2391 2091 disputarem,
2447 2021 2750 2074 Eunomius
2798 2019 3002 2073 certior
3047 2019 3226 2073 factus
3277 2020 3440 2088 cujus
3495 2020 3574 2073 rei

2005 2127 2173 2167 causa
2205 2112 2516 2174 venissent,
2547 2109 2798 2180 Eutycbii
2823 2111 3150 2165 sententiam
3175 2110 3576 2178 comprobavit.

2006 2200 2146 2268 Quin
2207 2199 2372 2255 etiam
2413 2213 2522 2253 una
2562 2213 2689 2252 cum
2732 2199 2826 2253 illo
2865 2199 3076 2260 oravit,
3115 2198 3368 2267 quamvis
3419 2197 3576 2252 nefas

2007 2295 2079 2348 sit
2114 2292 2254 2362 apud
2293 2292 2443 2360 ipsos
2477 2305 2639 2344 orare
2677 2305 2806 2344 cum
2867 2290 2938 2346 iis
2989 2292 3082 2359 qui
3130 2291 3352 2344 aliunde
3409 2290 3578 2345 adve-

2005 2385 2166 2440 niunt
2195 2383 2402 2452 absque
2438 2381 2672 2443 litteris,
2707 2396 2827 2451 qua:
2863 2382 2991 2436 illos
3025 2397 3139 2436 suae
3173 2380 3575 2436 communionis

2005 2491 2130 2531 esse
2152 2482 2424 2529 testantur
2447 2487 2543 2542 per
2565 2480 2724 2526 notas
2747 2471 3008 2542 quasdam
3027 2473 3228 2526 litteris
3252 2472 3575 2540 inscriptas,

2007 2579 2129 2634 quae
2158 2563 2385 2632 reliquis
2423 2563 2624 2630 ignota:
2671 2571 2824 2616 sunt.
2879 2560 3052 2616 Porro
3096 2577 3220 2615 cum
3275 2562 3578 2617 Eunomius

2008 2670 2116 2709 non
2150 2654 2241 2707 diu
2278 2662 2403 2723 post
2437 2655 2580 2708 hanc
2605 2653 3045 2708 .controversiam
3081 2668 3113 2707 e
3143 2652 3284 2708 vivis
3315 2652 3575 2719 abiisset,

2008 2747 2058 2801 is
2103 2745 2196 2814 qui
2248 2743 2606 2799 Eunomianis
2675 2743 3002 2814 pmsidebat
3055 2743 3576 2815 Constantinopoli,

2009 2835 2337 2906 Eutychium
2377 2834 2668 2890 admittere
2711 2834 3024 2898 recusavit,
3071 2851 3183 2906 pra:
3228 2836 3436 2890 invidia
3494 2836 3577 2890 illi

2013 2926 2300 2990 infensus,
2354 2926 2503 2994 quod
2555 2939 2682 2980 cum
2733 2927 3098 2982 assertionem
3150 2927 3304 2983 illius
3360 2929 3455 2998 qui
3509 2942 3582 2982 ne

2011 3017 2248 3071 clericus
2299 3016 2521 3085 quidem
2553 3025 2706 3080 erat,
2755 3019 2961 3074 acriter
3014 3019 3335 3089 impugnare
3376 3021 3579 3086 vellet,

2010 3107 2368 3176 quaestionem
2401 3108 2616 3163 solvere
2651 3109 2877 3164 minime
2907 3108 3202 3178 potuisset.
3230 3109 3310 3164 Ex
3349 3125 3415 3165 eo
3443 3117 3583 3164 tem-

2009 3214 2142 3268 pore
2174 3197 2472 3269 Eutychius
2503 3214 2629 3254 cum
2656 3200 2727 3256 iis
2775 3200 2868 3270 qui
2920 3203 3252 3258 sententiam
3283 3203 3460 3273 ipsius
3495 3217 3585 3268 se:

2011 3290 2337 3358 quebantur,
2367 3289 2635 3346 secedens
2657 3329 2672 3356 ,
2702 3292 3036 3361 peculiarem
3065 3303 3274 3349 sectam
3297 3293 3578 3348 conﬂavit.

2010 3379 2168 3435 ilunc
2187 3393 2348 3450 porro
2363 3387 2418 3434 et
2436 3379 2906 3452 Theopbronium,
2926 3384 3174 3455 plerique
3195 3385 3464 3440 aﬂirmant
3485 3401 3584 3440 au-

2009 3478 2192 3524 ctores
2225 3468 2401 3526 fuisse
2431 3471 2553 3539 ejus
2586 3472 3010 3542 discrepantia,
3040 3490 3162 3543 qua:
3189 3483 3274 3528 est
3301 3475 3445 3540 apud
3475 3473 3584 3527 Eu-

2012 3563 2306 3617 nomianos
2329 3563 2384 3616 in
2416 3562 2686 3618 tradendo
2715 3577 2878 3618 sacro
2908 3564 3254 3633 baptismate.
3273 3567 3448 3632 Atque
3469 3566 3584 3618 haec

2013 3663 2175 3723 prout
2209 3653 2488 3722 comperi,
2515 3653 2758 3708 breviter
2784 3653 3130 3724 conscripsi,
3169 3663 3228 3708 ut
3259 3654 3419 3724 303
3450 3668 3584 3709 cau-

2014 3757 2121 3804 sae,
2155 3749 2376 3812 prapter
2399 3758 2540 3813 quas
2576 3742 2903 3799 Eunomiani
2940 3745 3085 3800 inter
3114 3761 3174 3802 se
3207 3745 3539 3817 divisisunt
3565 3789 3579 3811 ,

2015 3835 2328 3890 summatim
2358 3845 2848 3906 cognoscerentur.
2886 3839 3088 3894 Omnes
3133 3845 3314 3894 autem
3358 3845 3585 3892 contro-

2014 3925 2224 3980 versias
2251 3940 2373 3994 quae
2402 3925 2469 3981 de
2508 3926 2612 3982 bac
2649 3943 2710 3982 re
2748 3936 2912 3983 mota:
2937 3935 3103 3993 sunt,
3140 3927 3458 3997 singillatim
3487 3941 3585 3979 ex-

2017 4016 2224 4086 plicare
2263 4017 2534 4086 prolixum
2580 4026 2727 4074 esset
2765 4038 2779 4074 :
2825 4033 2890 4074 ac
2918 4019 3047 4073 mihi
3079 4017 3300 4086 quidem
3330 4015 3584 4078 diﬂicile,

2017 4107 2222 4178 quippe
2275 4110 2374 4178 qui
2432 4109 2747 4179 bujusmodi
2807 4109 3244 4180 disputationum
3303 4105 3586 4176 haudqua-

380 4301 384 4305 .
1540 4261 1809 4318 VALESII
1847 4259 2394 4319 ANNOTATIONES.

416 4354 526 4423 (⁸55)
547 4356 614 4410 El
630 4353 840 4423 δεήσοι
861 4350 1360 4423 διαλεξόμενοιείη
1380 4350 1569 4406 codice
1601 4351 1899 4406 Fuketiano

2077 4354 2189 4416 (34)
2225 4356 2306 4407 Οὐ
2350 4355 2588 4422 Θεμιτὸν
2638 4356 2707 4408 ἐν
2762 4354 2984 4420 αὐτοῖς.
3051 4353 3266 4410 Mallem
3329 4352 3574 4410 scribere

346 4421 608 4493 scriptum
630 4421 806 4479 inveni
828 4423 1250 4492 διαζευξόμενοι.
1275 4421 1516 4493 Vulgata
1531 4431 1713 4493 tmnen
1738 4423 1902 4476 lectio

345 4491 533 4550 sani—or
564 4495 977 4565 videtur,quam
994 4491 1282 4548 conﬁrmat
1299 4492 1460 4547 etiam
1483 4491 1846 4562 Nicepliorus.

2005 4424 2210 4494 καίπερ
2247 4424 2308 4476 οὑ
2344 4423 2561 4494 θεμιτὸν
2589 4424 2649 4478 ὃν
2672 4425 2874 4488 αὑτοῖς,
2900 4436 3004 4480 etc.

1777 4655 2163 4714 VARIORUM.

414 4771 454 4794 "
489 4762 603 4826 Τῆς
638 4761 843 4830 μέντοι
875 4760 1007 4828 περὶ
1052 4759 1166 4830 τὴν
1199 4755 1680 4830 ᾅδων-,βάπτισιν
1700 4754 1908 4830 διαφο-

339 4833 472 4902 ρᾶς.
527 4823 695 4902 Αὑτῇς
727 4831 822 4884 καὶ
857 4823 961 4902 τοὺ
987 4823 1180 4902 αγίου-
1215 4825 1610 4902 βαπτίσματος-
1641 4823 1909 4892 ἀνέτρεψε

276 4896 302 4920 ·’
340 4895 444 4955 τόν
464 4900 724 4954 ἀνέκαθεν
743 4901 892 4971 παρὰ
921 4895 1243 4971 τοῦ-Κυρίορ
1267 4895 1359 4948 καὶ
1389 4895 1704 4971 ἀποστόλων
1717 4909 1910 4971 ,παραυ

342 4971 565 5024 δοθέντα
588 4971 785 5039 θεσμόν
816 4965 886 5010 ἐ-
909 5000 977 5010 -
1011 4965 1520 5039 ldeijuuomius)
1555 4965 1911 5039 sanctietiam

346 5035 698 5107 ὺαριίειηοιὲε’
721 5040 882 5109 legem
923 5040 1048 5092 olim
1086 5055 1117 5089 a
1160 5036 1384 5088 Domino
1430 5043 1478 5088 et
1514 5035 1767 5109 apostolis
1802 5043 1914 5085 tra-

345 5104 517 5164 ditam
567 5104 788 5169 evertit;
841 5118 890 5162 et
929 5110 1255 5161 contrariam
1315 5112 1491 5170 aperte
1542 5104 1758 5163 sanxit.
1812 5117 1915 5155 non

347 5189 588 5246 oportere
620 5181 798 5234 dicens
831 5189 907 5230 ter
937 5179 1092 5230 illum
1121 5177 1424 5246 immergere
1469 5175 1560 5246 qui
1589 5173 1914 5246 baptizatur,

347 5240 440 5304 nec
491 5256 733 5306 inuocare
784 5248 1131 5304 Trinitatem.
1188 5245 1277 5298 sed
1309 5240 1482 5297 'semel
1544 5244 1812 5308 baptizare
1863 5240 1919 5292 in

347 5319 551 5374 (Ληίδιὶ
596 5330 835 5372 mortem.
893 5315 1234 5385 Baptizantes
1274 5330 1389 5367 vero
1432 5329 1592 5385 usque
1631 5311 1698 5364 ad
1737 5320 1919 5380 pectus

348 5405 492 5456 aqua
519 5389 898 5451 madefaciunt,
933 5383 1145 5453 reliquis
1189 5394 1362 5456 autem
1391 5383 1633 5456 partibus
1664 5391 1917 5456 tanquam

347 5449 686 5512 easecrandis
706 5474 897 5524 aquam
923 5449 1164 5510 adhibere
1185 5449 1476 5521 prohibent.
1503 5451 1618 5516 Qua
1647 5449 1710 5502 de
1735 5465 1921 5524 causa,

349 5527 561 5596 quando
595 5529 649 5580 in
680 5518 814 5581 solio
845 5518 1206 5592 baptizabant.
1269 5524 1526 5596 hominem
1583 5530 1735 5574 extra
1786 5518 1920 5596 illud

352 5589 678 5658 statuentes,
747 5598 859 5666 ejus
904 5589 1056 5666 caput
1110 5610 1269 5662 usque
1313 5591 1379 5644 ad
1426 5600 1604 5658 pectus
1649 5589 1806 5666 semel
1868 5589 1922 5640 in

356 5684 548 5736 aquam
585 5660 975 5728 dw‘rimebauﬂ
1003 5660 1285 5734 Postquam
1333 5671 1506 5714 autem
1535 5660 1751 5727 contigit
1792 5674 1932 5743 san:

2014 4755 2148 4806 ciari
2169 4754 2465 4822 quempiam
2506 4758 2673 4820 capite
2713 4751 2782 4804 ad
2811 4751 3002 4822 solium
3045 4751 3210 4822 illisa,
3243 4751 3392 4806 aliud
3425 4768 3589 4822 genus

2016 4818 2348 4891 baptismatis
2406 4818 2792 4892 excogitarunt.
2865 4818 2927 4873 In
2979 4821 3232 4892 subsellio
3287 4818 3592 4888 enim'quo-

2017 4889 2141 4946 dam
2197 4909 2419 4962 pronum
2477 4889 2739 4946 Ito—minem
2797 4889 3151 4962 extendentes,
3198 4901 3246 4944 et
3276 4901 3426 4944 extra
3458 4893 3592 4962 illud

2020 4972 2177 5031 caput
2198 4959 2483 5032 erigentes.
2521 4979 2710 5032 aquam
2739 4959 3044 5082 irjundunt,
3068 4976 3184 5029 qute
3208 4962 3412 5014 nullum
3444 4959 3590 5012 aliud

2023 5038 2310 5082 membrum
2372 5033 2608 5082 attinuit.
2668 5032 2770 5082 Oui
2813 5047 2898 5082 am
2943 5047 3098 5082 uarro
3153 5032 3364 5082 illorum
3417 5031 3584 5082 alium

2023 5031 2310 5087 membrum
2372 5033 2608 5101 attingit.
2668 5031 2898 5095 Quidam
2941 5047 3098 5097 porro
3153 5032 3364 5086 illorum
3417 5031 3584 5101 alium

2022 5104 2181 5157 etiam
2209 5099 2544 5172 baptismatis
2577 5101 2787 5154 modum
2818 5102 3142 5172 invenerunt.
3193 5101 3429 5156 Twniam
3454 5099 3593 5152 enim

2028 5170 2390 5241 longissimam
2437 5179 2798 5240 pra'parantes
2822 5211 2837 5235 ,
2867 5177 2914 5222 et
2940 5170 3074 5222 hanc
3099 5181 3497 5241 consecrantes_,
3530 5184 3594 5241 ea

2025 5237 2282 5295 hominem
2322 5237 2482 5311 usque
2514 5237 2582 5294 ad
2624 5256 2820 5308 ungues
2851 5241 3142 5311 involvunt,
3169 5259 3200 5294 a
3233 5252 3437 5311 pectore
3466 5237 3597 5288 inci-

2027 5313 2242 5380 pientes,
2277 5310 2431 5381 atque
2463 5313 2540 5365 ita
2580 5311 2770 5381 deinde
2812 5326 3004 5381 aquam
3061 5310 3367 5381 infundunt.
3413 5333 3486 5381 --_
3526 5333 3596 5381 -ς-

2031 5373 2136 5436 Sed
2183 5393 2230 5437 et
2288 5373 2435 5435 aliud
2492 5381 2681 5435 audere
2733 5373 2867 5432 illos'
2920 5373 3136 5442 dicunt,
3191 5373 3603 5446 quodrrscriptis

2031 5453 2352 5506 committere
2391 5469 2490 5505 non
2524 5453 2716 5505 ausim.
2768 5449 2968 5517 Sit/ﬁcit
3000 5445 3230 5517 enimgd
3257 5445 3596 5517 polluendum

2032 5519 2263 5575 animum
2295 5523 2372 5576 vel
2402 5525 2516 5576 sola
2539 5523 2612 5574 rei
2646 5510 3108 5589 nefarité'auditio.
3145 5510 3354 5572 The'od.
3387 5510 3594 5568 "teret.

2033 5592 2161 5647 Γαίν..
2199 5592 2287 5644 lib.
2333 5609 2400 5647 tv.
2443 5591 2547 5647 fab.
2587 5593 2637 5645 5.

2033 5593 2161 5650 ἴων..
2199 5593 2287 5644 lib.
2333 5609 2400 5654 tv,
2443 5593 2547 5647 fab.
2587 5593 2637 5645 5.
