4054 6188
429 259 562 316 ΗϐἹ

1880 250 2226 311 SOZOMENI

3541 227 3683 286 ΗΕΒ

421 389 588 446 quam
629 372 840 446 peritus
877 373 1004 430 sim.
1043 371 1150 428 Per
1199 373 1346 428 idem
1398 373 1518 430 fere
1566 379 1813 442 tempus,
1861 372 2004 428 inter

2121 372 2360 444 ςιάφορος
2407 365 2515 442 ἦν,
2570 364 2921 441 προκριθέντι
2975 355 3310 432 προεστάναι
3352 351 3464 446 τῆς
3506 348 3686 446 abstini

421 467 658 522 Arianos
705 480 928 536 quoque
955 463 1432 533 Constantinopoli
1472 463 1733 532 degentes
1772 460 2004 534 quaestio

423 564 616 613 exorta
647 563 733 610 est
778 564 988 616 utrum,
1022 561 1319 623 antequam
1374 550 1550 607 Filius
1597 558 1776 617 esset,
1831 548 2006 619 siqui-

422 648 550 702 dem
581 647 734 700 illum
761 661 829 702 ex
861 645 1033 700 nihilo
1062 654 1244 699 ortum
1273 659 1397 700 esse
1421 643 1693 697 aﬂirmant
1714 680 1730 704 ,
1761 639 2007 711 potuerit

426 735 574 791 Deus
613 736 877 806 appellari
928 735 1106 789 Pater.
1149 734 1228 788 Ac
1267 733 1574 788 Dorotheus
1611 731 1868 802 quidem,
1907 730 2004 801 qui

425 825 722 880 Antiochia
755 825 968 881 accitus
999 826 1056 880 in
1088 826 1267 880 locum
1300 824 1528 887 Marini,
1560 823 1780 878 Arianis
1811 823 2002 893 praesi-

427 915 625 980 debat,
654 929 778 970 cum
816 930 1014 970 nomen
1049 915 1193 970 istud
1228 915 1516 970 relativum
1553 915 1626 969 sit
1646 955 1665 979 ,
1700 921 2000 983 antequam

430 1005 605 1063 Filius
646 1007 1008 1070 subsisteret,
1056 1007 1223 1062 Deum
1256 1023 1363 1061 non
1397 1005 1649 1076 potuisse
1679 1004 1863 1060 vocari
1899 1003 2004 1057 Pa-

431 1105 571 1153 trem
601 1098 999 1168 pronuntiavit.
1036 1096 1284 1151 Marinus
1313 1111 1442 1150 vero
1476 1096 1820 1151 contrarium
1852 1110 2008 1150 asse-

427 1188 574 1254 ruit,
604 1195 659 1242 et
688 1188 906 1242 Patrem
937 1204 1158 1258 semper
1191 1203 1311 1243 esse
1355 1186 1570 1241 Patrem
1595 1227 1610 1249 ,
1655 1187 1820 1241 etiam
1871 1185 2008 1239 Filio

426 1295 539 1336 non
589 1281 952 1344 subsistente,
1005 1282 1223 1336 censuit
1268 1299 1283 1335 :
1336 1297 1434 1336 seu
1494 1280 1639 1350 quod
1692 1293 1882 1334 revera
1932 1279 2007 1332 ita

427 1373 694 1434 sentiret,
735 1387 830 1426 seu
863 1373 992 1440 quia
1033 1373 1282 1428 infensus
1319 1380 1438 1426 erat
1481 1371 1791 1434 Dorotheo,
1822 1370 1915 1439 qui
1953 1370 2008 1426 in

429 1465 783 1536 gubernanda
823 1465 1149 1518 Arianorum
1188 1464 1434 1520 Ecclesia
1481 1463 1585 1533 ipsi
1627 1463 1894 1532 praelatus
1923 1479 2012 1519 es-

430 1561 538 1610 set.
570 1552 722 1608 Hanc
757 1555 828 1609 ob
883 1569 1108 1609 causam
1165 1554 1318 1623 plebs
1370 1551 1710 1606 Arianorum
1767 1552 1820 1606 in
1870 1553 2009 1608 duas

431 1656 618 1719 partes
649 1647 827 1702 divisa
861 1654 968 1703 est.
1000 1646 1250 1714 Cumque
1281 1645 1588 1700 Dorotheus
1619 1658 1728 1698 una
1761 1658 1888 1698 cum
1923 1658 2011 1698 se-

2104 441 2457 531 Ἐκκλησίας.
2487 459 2582 514 Ἐκ
2623 457 2828 527 ταύτης
2857 455 2914 508 δὲ
2944 452 3041 523 τῆς
3073 448 3286 512 αίτίας,
3315 445 3392 507 είς
3426 441 3688 509 ἐκάτερον

2103 553 2346 624 διεκρίθη
2376 551 2438 605 τὸ
2466 550 2685 622 πλῆθος.
2723 546 2997 618 Δωροθέου
3034 545 3092 598 δὲ
3122 541 3219 594 σὺν
3247 539 3359 600 τοῖς
3393 531 3545 601 αὐτῷ
3575 547 3696 588 ttat»
3725 600 3732 605 η

2107 644 2353 714 θομένοις
2369 644 2455 712 ἐφ’
2484 635 2558 696 ὧν
2581 642 2832 708 κατεῖχεν
2851 634 3155 705 εύκτηρίων
3192 629 3357 684 οἴκων
3380 624 3686 696 μείναντος,

2105 733 2323 804 ἐτέρους
2357 732 2812 802 οἰκοδομήσαντες
2847 729 2897 780 οἱ
2948 722 3094 794 ἀμφὶ
3131 721 3410 790 Μαρῖνον,
3443 714 3549 784 ἰδίᾳ
3593 714 3690 765 ἐκ-

2105 823 2418 893 κλησίαζον.
2465 818 2911 890 Ἐπωνομάζοντο
2955 816 3013 868 δέ
3041 809 3379 884 ψαθυριανοὶ
3411 808 3532 877 ἦτοι
3579 805 3690 856 τῶν

2105 915 2318 968 Γότθων
2349 931 2364 944 '
2398 914 2459 968 τὸ
2496 914 2592 985 μὲν
2642 915 2723 967 ὅτι
2768 907 3088 969 Θεόκτιστός
3145 921 3231 966 τις
3274 895 3692 970 Ψαθυροπώλης

2106 1006 2350 1060 ποπάνου
2377 1007 2434 1060 δὲ
2457 1005 2614 1059 τοῦτο
2639 1004 2702 1058 τὺ
2735 998 2918 1070 εἶδος),
2941 997 3238 1070 προθύμως
3261 992 3432 1062 ταύτῃ
3457 993 3526 1059 τῇ
3561 987 3689 1057 δέξῃ

2109 1097 2413 1152 συνίστατο.
2447 1097 2655 1149 Γότθων
2689 1094 2769 1157 δὲ,
2817 1090 3004 1146 καθότι
3036 1090 3128 1142 καὶ
3180 1084 3400 1146 Σελίνας
3425 1084 3455 1135 ό
3481 1079 3690 1133 τούτων

2110 1190 2427 1254 ἐπίσκοπος,
2461 1188 2662 1259 ὁμοίως
2720 1183 2991 1248 ἐδόξαζεν.
3029 1175 3599 1244 Ἐπακολουθήσαντες
3633 1169 3690 1222 δὲ

2107 1280 2280 1349 τούτῳ
2302 1280 2487 1349 σχεδὸν
2512 1278 2709 1339 πάντες
2744 1273 3029 1346 βάρϐαροι,
3054 1270 3152 1323 σὺν
3182 1267 3362 1328 αὐτοῖς
3393 1260 3692 1331 ἐκκλησία-

2109 1369 2220 1434 ζον.
2253 1369 2527 1440 Πειθήνιοι
2557 1367 2664 1438 γὰρ
2691 1367 2749 1429 ἐς
2776 1364 2845 1418 τὰ
2876 1363 3112 1434 μάλιστα
3134 1357 3213 1427 τῷ
3235 1354 3433 1423 Σελίνῳ
3457 1351 3694 1420 ἐτύγχα-

2108 1479 2220 1524 νον,
2244 1439 2553 1531 ὑπογραφεῖ
2575 1475 2635 1510 τε
2665 1455 2942 1526 γενομένῳ
2968 1439 3062 1507 καὶ
3083 1448 3310 1517 διαδόχῳ
3331 1443 3575 1512 Ούλφίλα
3596 1440 3695 1493 τοῦ

2111 1551 2243 1622 παρ’
2304 1551 2487 1611 αὐτοῖς
2542 1546 3014 1615 ἐπισκοπήσαντος
3039 1585 3055 1609 ,
3107 1540 3202 1593 καὶ
3251 1537 3346 1591 ἐπὶ
3400 1533 3698 1602 ἐκκλησίας

2116 1637 2282 1709 ἱκανῷ
2327 1637 2618 1701 διδάσκειν,
2652 1636 2714 1689 ού
2757 1634 2916 1705 μόνον
2944 1631 3086 1685 κατὰ
3132 1628 3232 1700 τὴν
3262 1627 3493 1698 πάτριον
3518 1622 3698 1676 αὐτῶν

431 1738 738 1792 ctatoribus
779 1737 933 1798 suis,
989 1736 1042 1790 in
1097 1735 1348 1791 ecclesiis
1415 1748 1557 1804 quas
1629 1742 2004 1804 occupaverat

2121 1707 2317 1800 φωνην,
2347 1725 2482 1781 ἀλλὰ
2527 1725 2634 1796 γὰρ
2687 1723 2781 1777 καὶ
2822 1722 2922 1793 τὴν
2970 1719 3263 1790 Ἑλλήνων.
3301 1716 3376 1770 Ού
3429 1710 3618 1804 mne,
3643 1711 3700 1765 es

431 1835 813 1899 permaneret,
842 1827 895 1881 hi
925 1825 1019 1896 qui
1051 1840 1176 1880 cum
1209 1824 1420 1879 Marino
1447 1832 1638 1891 erant,
1669 1823 2008 1879 constructis

433 1919 560 1974 aliis
609 1917 893 1981 ecclesiis,
934 1918 1232 1989 separatim
1269 1924 1579 1972 conventus
1611 1924 1864 1987 egerunt.
1901 1914 2010 1970 Vo-

436 2009 713 2064 cabantur
740 2017 927 2064 autem
968 2009 1062 2064 isti
1106 2008 1496 2079 Psathyriani,
1549 2007 1636 2062 vel
1683 2005 2006 2061 Gothorum.

433 2099 779 2172 Psathyriani
813 2100 1072 2170 quidem,
1122 2107 1420 2170 propterea
1463 2097 1612 2169 quod
1658 2095 2011 2154 Theoctistus

432 2191 659 2263 quidam
692 2190 1120 2263 Psathyropola,
1167 2198 1252 2246 est
1285 2191 1388 2245 hoc
1417 2189 1622 2258 Popani
1673 2203 1876 2260 genus,
1912 2203 2013 2258 pro

435 2285 538 2340 hac
580 2284 841 2354 opinione
885 2284 1086 2338 acriter
1115 2283 1456 2350 decertaret;
1496 2281 1799 2338 Gothorum
1843 2297 2009 2347 vero,

433 2387 500 2427 eo
527 2371 673 2442 quod
718 2370 907 2426 Selina
955 2369 1261 2436 Gothorum
1310 2371 1640 2441 episcopus,
1692 2370 1838 2426 idem
1887 2385 2013 2426 cum

436 2464 569 2532 ipsis
603 2464 854 2520 sentiret.
889 2461 1094 2518 Omnes
1143 2464 1289 2519 enim
1341 2463 1737 2533 propemodum
1790 2462 2014 2518 barbari

437 2554 586 2608 hunc
615 2566 944 2624 sequentes,
977 2569 1101 2608 cum
1148 2555 1271 2609 istis
1321 2555 1586 2609 collectas
1629 2553 2010 2610 celebrabant.

439 2647 637 2702 Salinae
666 2648 1185 2718 quippeparebant
1233 2646 1630 2709 libentissime,
1675 2654 1870 2716 utpote
1914 2645 2012 2717 qui

436 2741 793 2800 amanuensis
839 2753 895 2797 et
950 2752 1245 2798 successor
1276 2737 1471 2793 fuisset
1500 2734 1733 2808 Ulphila
1769 2736 2014 2808 ipsorum

437 2837 712 2909 quondam
749 2836 1029 2906 episcopi,
1069 2844 1126 2890 et
1160 2833 1391 2888 idoneus
1429 2840 1578 2888 esset
1609 2831 1674 2885 ad
1707 2829 2014 2886 docendum

438 2928 700 2997 populum
734 2926 788 2980 in
841 2925 1116 2990 ecclesia,
1168 2938 1280 2978 non
1328 2922 1507 2978 solum
1554 2921 1729 2991 patria
1771 2921 2014 2992 ipsorum

439 3020 622 3088 lingua
645 3056 661 3079 ,
693 3031 884 3071 verum
913 3016 1076 3071 etiam
1105 3014 1317 3071 Graeca.
1345 3014 1618 3070 Caeterum
1657 3012 1804 3066 haud
1845 3013 2016 3067 multo

2115 1819 2340 1890 ὕστερον
2376 1817 2639 1887 διαφορᾶς
2661 1817 2788 1886 περὶ
2817 1811 3108 1886 προεδρίας
3141 1807 3442 1879 γενομένης
3465 1803 3700 1876 Μαρὶνῳ

2116 1910 2252 1983 πρὸς
2292 1909 2572 1977 Ἀγάπιον,
2600 1909 2658 1962 ὃν
2697 1907 2993 1959 ἐπίσκοπον
3029 1901 3140 1956 τῶν
3177 1901 3237 1953 ἐν
3278 1897 3492 1967 Ἐφέσῳ
3513 1892 3700 1965 ὁμοδό-

2117 2003 2223 2070 ξων
2255 2001 2628 2073 ἐχειροτόνησε
2651 2039 2666 2061 ,
2699 1995 3071 2068 διακριθέντες
3115 1990 3384 2062 ἀλλήλων,
3420 1985 3703 2058 μονονουχὶ

2117 2094 2252 2162 πρὸς
2299 2095 2440 2162 σφᾶς
2492 2090 2812 2160 ἐπολέμουν,
2845 2085 3236 2158 ἐπαμυνόντων
3287 2078 3539 2150 ’Δγαπίῳ
3591 2077 3701 2130 τῶν

2116 2183 2350 2238 Γότθων.
2385 2183 2479 2237 Ἐκ
2503 2182 2709 2252 ταύτης
2737 2180 2793 2234 δὲ
2826 2179 2926 2249 τῆς
2965 2175 3163 2239 αἰτίας,
3193 2172 3418 2241 λέγεται
3473 2168 3703 2230 πολλοὺς

2116 2273 2225 2327 τῶν
2246 2272 2432 2326 ἐνθάδε
2461 2269 2758 2344 κληρικῶν,
2789 2265 3168 2339 μεμφομένους
3193 2263 3292 2333 τὴν
3318 2260 3429 2314 τῶν
3463 2257 3703 2329 ἡγουμέ-

2117 2382 2224 2419 νων
2279 2362 2619 2433 φιλοτιμίαν,
2671 2361 2736 2430 τῇ
2798 2357 3025 2411 καθόλου
3097 2351 3396 2421 Ἐκκλησία
3437 2349 3702 2417 κοινωνῆο

2120 2470 2231 2507 σαι.
2259 2447 2389 2505 Ὧδε
2423 2451 2520 2523 μὲν
2553 2448 2822 2521 Ἀρειανοὶ
2847 2446 2945 2519 τὴν
2973 2444 3148 2517 ἀρχὴν
3179 2440 3583 2513 ἐχωρίσθησαν,
3609 2439 3704 2492 καὶ

2119 2547 2287 2602 εἰσέτι
2309 2543 2404 2599 νῦν
2431 2545 2489 2597 ἐν
2517 2537 2607 2606 αἷς
2647 2543 2751 2594 είσι
2793 2539 3013 2592 πόλεσιν
3036 2577 3052 2602 ,
3091 2536 3197 2606 ίδίᾳ
3235 2529 3698 2601 ἐκκλησιάζουσι*

2118 2641 2246 2703 τοὺς
2296 2637 2355 2691 δὲ
2398 2636 2456 2689 ἐν
2502 2631 3066 2688 Κωνσταντινουπόλει
3084 2667 3099 2692 ,
3125 2627 3219 2680 ἐπὶ
3266 2624 3566 2695 τριάκοντα
3612 2620 3706 2674 καὶ

2121 2728 2282 2782 πέντε
2327 2726 2469 2779 ἔτεσι
2501 2722 2871 2794 διενεχθέντας
2916 2719 3054 2792 πρὸς
3109 2719 3280 2787 σφᾶς,
3323 2717 3405 2779 είς
3448 2714 3707 2785 ὁμόνοιαν

2123 2818 2350 2889 ὕστερον
2385 2815 2622 2886 συνῆψεν
2670 2813 2929 2884 ὁμόδοξος
2973 2810 3050 2866 ὢν
3091 2811 3276 2872 αὐτοῖς
3301 2806 3540 2869 Πλινθᾶς
3567 2803 3705 2874 (35),

2123 2911 2264 2983 ἀνὴρ
2294 2907 2558 2970 ὑπατικὸς
2577 2906 2742 2960 ἵππου
2768 2921 2829 2957 τε
2858 2903 2953 2957 καὶ
2985 2901 3155 2972 πεζῆς
3183 2900 3440 2970 στρατιᾶς
3460 2894 3708 2967 ἡγεμὼν,

2122 3003 2493 3062 δυνατώτατος
2531 2997 2652 3050 τότε
2691 2997 2748 3049 ἐν
2796 2997 2910 3058 τοῖς
2963 2991 3254 3064 βασιλείοις
3290 2987 3556 3058 γεγονώς.
3601 2988 3712 3041 Καὶ

440 3063 661 3088 ...τ-κ,
706 3063 884 3071 ---
916 3063 1076 3071 ---_---
1112 3063 1317 3071 ww---
1354 3063 1618 3070 vmvw-
1660 3063 1804 3066 πη-

440 3117 565 3177 post
595 3115 717 3160 orta
748 3107 815 3160 de
845 3107 1081 3176 primatu
1119 3103 1499 3159 controversia
1552 3102 1696 3156 inter
1742 3101 2016 3155 Marinum

2122 3099 2201 3159 εἰς
2231 3094 2429 3148 ταύτὸν
2465 3089 2826 3151 συνελθόντες,
2866 3063 3201 3157 ἐψηφίσαντο
3230 3084 3303 3154 μή
3342 3098 3473 3136 ποτε
3506 3079 3711 3148 ταύτην

440 3208 496 3252 et
530 3197 796 3266 Agapium
818 3234 833 3259 ,
864 3210 1027 3264 quem
1060 3194 1307 3248 Marinus
1336 3202 1498 3248 secta;
1527 3207 1642 3247 sua:
1667 3191 1809 3260 apud
1843 3190 2023 3260 Epheo

443 3303 566 3343 sum
595 3289 915 3356 episcOpum
950 3285 1344 3351 ordinaverat;
1390 3298 1421 3338 a
1467 3299 1526 3339 se
1556 3283 1789 3337 invicem
1836 3297 2025 3352 segre-

2123 3187 2223 3258 τὴν
2255 3186 2481 3256 ζήτησιν
2514 3181 2594 3244 είς
2624 3177 2854 3242 διάλεξιν
2882 3177 3056 3246 ἄγειν.
3091 3175 3202 3229 Καὶ
3232 3173 3302 3227 τὰ
3331 3172 3452 3243 μὲν,
3483 3169 3712 3240 ὕστερον

2129 3272 2231 3332 ὧδε
2257 3272 2462 3343 ἀπέϐη.

442 3379 588 3449 gati,
621 3353 824 3434 bellum
882 3377 1292 3455 quodammodo
1361 3377 1507 3432 inter
1556 3390 1616 3431 se
1657 3384 1988 3446 gesserunt,
2050 3370 2244 3428 Gothis
2295 3363 2502 3434 Agapio
2543 3361 2810 3416 auxilium
2865 3356 3197 3412 ferentibus.
3249 3353 3369 3421 Qua
3425 3353 3496 3409 de
3520 3363 3714 3455 -causa

445 3473 649 3528 multos
677 3475 771 3543 qui
819 3473 932 3528 illic
969 3453 1129 3529 erant
1185 3473 1439 3536 clericos,
1495 3469 1793 3541 praesulqu
1859 3483 2087 3524 suorum
2128 3462 2274 3519 ambi
2305 3462 2488 3514 ionem
2539 3456 2898 3518 damnantes,
2974 3451 3043 3506 ad
3095 3449 3360 3506 Ecclesiae
3426 3446 3718 3503 catholica:

443 3565 881 3619 canimunioncm
925 3565 1214 3621 transiisse
1267 3563 1471 3619 ierunt.
1500 3539 1694 3618 illunc
1748 3562 1802 3616 in
1857 3560 2078 3616 modum
2103 3553 2292 3612 Ariani
2353 3553 2500 3606 inter
2533 3564 2593 3604 se
2650 3548 2886 3619 primum
2938 3543 3102 3600 divisi
3143 3549 3306 3623 sunt,
3354 3551 3412 3595 et
3448 3540 3520 3594 ad
3567 3539 3717 3592 hunc

445 3763 570 3802 cum
628 3747 872 3824 quinque
917 3762 982 3801 ac
1050 3718 1276 3818 triginta
1328 3761 1600 3802 annorum
1654 3745 1834 3815 spatio
1907 3718 2052 3798 inter
2108 3754 2167 3795 se
2228 3734 2658 3794 dissensissent,
2713 3729 2768 3784 in
2828 3725 3177 3783 concordiam
3243 3732 3436 3795 postea
3497 3718 3720 3785 reduxit

447 3816 686 3899 Plintha,
734 3851 802 3891 ex
866 3836 1092 3890 consule
1115 3816 1146 3901 ,⁷
1187 3837 1449 3906 magister
1515 3837 1804 3904 utriusque
1867 3832 2096 3896 militiae,
2134 3826 2227 3901 qui
2273 3834 2389 3881 tum
2439 3820 2703 3892 temporis
2755 3819 2810 3874 in
2871 3817 3078 3889 palatio
3126 3816 3421 3886 plurimum
3473 3821 3715 3887 poterat.

445 3931 624 4000 Atque
684 3929 763 3985 illi
829 3945 955 3986 mox
1009 3930 1063 3984 in
1116 3945 1288 3984 unum
1340 3929 1688 3999 congregati,
1739 3927 2114 3983 decreverunt
2183 3918 2464 3977 communi
2532 3914 2828 3986 suffragio,
2889 3925 2962 3968 ne
3024 3911 3152 3982 quis
3191 3923 3433 3981 unquam
3498 3907 3568 3962 de
3616 3907 3720 3961 hac

446 4025 746 4100 quaestione
794 4023 1120 4096 disputaret.
1177 4023 1244 4079 Et
1290 4024 1406 4080 haec
1443 4022 1666 4094 quidem
1717 4029 1907 4093 postea
1937 4020 2083 4076 hunc
2121 4015 2327 4073 exitum
2370 4011 2706 4068 habuerunt.

961 4136 1125 4210 304
1162 4135 1315 4193 CAP.
1344 4134 1513 4193 xvu.

453 4253 729 4324 Quomodo
764 4250 1055 4324 Novqtiani
1079 4251 1242 4324 aliam
1270 4245 2027 4324 horresimLSabbatia‘i‘torum

521 4326 757 4390 scilicet,
783 4323 1106 4391 con/larunt.
1149 4320 1172 4374 1
1183 4330 1281 4391 tem
1305 4320 1369 4391 de
1397 4316 1598 4390 synodo
1627 4317 1776 4391 apud
1817 4314 2032 4391 Sanga-

409 4417 423 4462 ;
524 4411 667 4460 rum,
698 4386 750 4449 et
784 4393 849 4448 de
882 4386 1032 4462 'festo
1056 4392 1141 4446 die
1169 4389 1394 4445 Pascha
1417 4386 1573 4460 longa
1602 4386 1884 4459 digressio.

569 4589 826 4660 Ejusdem
894 4585 1249 4658 imperatoris
1322 4585 1664 4657 temporibus
1734 4582 2027 4640 Novatiani

454 4695 674 4751 quoque
700 4681 767 4734 de
798 4679 1048 4734 Paschali
1095 4677 1238 4733 festo
1283 4676 1429 4730 inter
1473 4690 1536 4730 se
1573 4673 1908 4730 dissidentes
1931 4673 2014 4727 al-

453 4782 627 4829 teram
665 4781 894 4840 sectam,
947 4786 1139 4828 eorum
1199 4770 1296 4842 qui
1368 4767 1692 4825 Sabbatiani
1744 4767 2030 4833 dicuntur,

2061 4459 2108 4517 D

2716 4118 2963 4174 ΚΕΦΑΛ.
3015 4117 3124 4171 IH'.

2132 4242 2257 4296 Ὀτι
2297 4238 2396 4294 καὶ
2438 4234 2797 4293 Ναυατιανοί
2827 4233 3038 4301 ἑτέραν
3081 4232 3316 4300 αἵρεσιν
3345 4225 3718 4301 ιςῶνᾼΣαὸεα-

2205 4308 2426 4366 τιανῶν
2473 4297 2969 4371 συνεστήσαντὸο
3001 4302 3099 4356 καὶ
3138 4297 3430 4371 ἓτερὶῌτῆς
3444 4299 3721 4371 ῌὲνηξιηκ

2276 4398 2365 4448 ρῳ
2395 4375 2662 4448 συνόδου
2681 4393 2695 4406 ο
2719 4367 2976 4448 καὶπερὶ
2997 4371 3106 4441 τῆς
3135 4367 3346 4440 ἑορτῆς
3365 4367 3473 4422 τοῦ
3504 4367 3720 4438 Πάσχα

2246 4441 2692 4515 ιὲξοδικώτερον
2733 4441 3034 4513 διήγησις.

2220 4585 2344 4639 Ἐπὶ
2380 4583 2437 4638 δέ
2468 4583 2568 4654 τῆς
2609 4579 2892 4653 παρούσης
2913 4577 3230 4650 ἡγεμονίας,
3259 4574 3355 4630 καὶ
3384 4575 3721 4628 Ναυατιανοὶ

2137 4676 2276 4749 πρὸς
2299 4677 2440 4745 σφᾶς
2467 4672 2830 4744 διενεχθέντες
2869 4672 2998 4742 περὶ
3028 4670 3128 4741 τῆς
3166 4666 3481 4738 Πασχαλίας
3505 4666 3719 4736 ἑορτῆς,

2136 4768 2330 4840 ἑτέραν
2377 4765 2588 4838 αἵρεσιν
2636 4763 2744 4818 τῶν
2790 4761 3145 4834 καλουμένων
3183 4757 3573 4814 Σαϐϐατιανῶν
3601 4773 3726 4811 συν-

1644 4947 1914 5007 VALESII
1951 4941 2504 5004 ANNOTATIONES.

533 5129 654 5202 (35)
695 5130 979 5197 Πλινθᾶς.
1025 5129 1127 5202 ilic
1157 5140 1240 5186 est
1276 5122 1818 5202 quieum__Monaxio
1839 5121 2036 5202 consul

461 5193 565 5256 fuit
597 5193 744 5258 anno
773 5193 982 5256 Natalis
1035 5193 1308 5256 Dominici
1339 5199 1462 5254 419.
1518 5196 1719 5253 Nescio
1775 5211 1844 5248 an
1892 5193 2035 5249 idem

461 5274 552 5328 ille
594 5276 701 5334 sit.
745 5273 812 5328 tle
854 5286 963 5341 quo
1005 5269 1356 5341 Marcellinus
1399 5266 1599 5341 Comes
1650 5267 1702 5320 in
1751 5264 2037 5341 Chronico,

462 5358 607 5397 anno
636 5343 841 5398 Christi
875 5334 1002 5404 3H8,
1027 5343 1099 5394 ita
1129 5339 1320 5392 scribit
1358 5355 1374 5392 :
1417 5337 1639 5391 Plintha
1668 5351 1841 5390 comes
1868 5334 2040 5404 idem-

462 5429 561 5481 que
591 5412 838 5477 rebellio,
882 5403 1020 5480 apud
1058 5409 1404 5481 Palwstinam
1456 5408 1781 5481 provinciam
1843 5403 2040 5481 deletus

462 5472 568 5538 est.
614 5472 1093 5549 Quomodo'enim
1131 5479 1326 5549 consul
1367 5492 1489 5532 esse
1518 5477 1693 5546 potuit
1737 5489 1885 5528 anno
1916 5472 2038 5549 M9,

464 5556 514 5623 si
559 5541 845 5623 superiore
876 5567 1022 5607 anno
1061 5551 1274 5606 deletus
1305 5547 1482 5623 [uerat
1517 5541 1682 5623 atque
1708 5541 2040 5623 oppressus?

469 5622 579 5691 Aut
611 5611 784 5691 igitur
825 5624 1117 5678 dicendum
1160 5628 1245 5691 est
1303 5611 1607 5672 Plintham'
1633 5611 1791 5691 illuni
1835 5613 1930 5691 qui
1980 5611 2035 5666 in

472 5683 762 5748 Palaestina
801 5709 888 5751 res
916 5693 1083 5769 novas
1113 5690 1334 5748 molitus
1376 5695 1460 5747 est
1507 5701 1652 5742 anno
1688 5683 1816 5753 418,
1856 5683 2034 5740 diver-

2143 5139 2264 5180 sum
2318 5137 2444 5179 esse
2499 5136 2530 5176 a
2583 5119 2807 5176 Plintha
2857 5112 3089 5172 consule
3126 5125 3149 5190 7:
3181 5114 3301 5190 “aut
3341 5103 3726 5190 Martiali-inpii!

2145 5174 2529 5249 ἇὲῐιέειῖὀῖιέηἷ
2568 5174 2692 5257 eius
2718 5174 3010 5261 verrere!!!
3055 5179 3496 5261 retulisse???
3520 5174 3726 5261 chris.“

2146 5245 3210 5329 ῖῙέΪΙέίἰεὶτίϊιιΊξέ(ΙίοξιηιίιεωΡίίιιιιιξιηι⁸
3267 5245 3569 5329 rebellasse
3605 5245 3731 5329 qui:-

2147 5317 2271 5390 deni
2297 5333 2350 5387 in
2385 5331 2676 5386 Palmstina
2701 5343 2845 5383 anno
2865 5321 3076 5399 Chriin
3107 5317 3234 5399 41$.
3257 5317 3578 5399 Vvictumque
3607 5327 3731 5399 esse

2149 5385 2450 5457 a'ducibus
2480 5399 2813 5461 Theodosii;
2848 5395 2942 5452 sed
2987 5407 3114 5448 cum
3154 5388 3299 5441 vires
3331 5385 3729 5461 iterum_colle—

2151 5453 2727 5544 iig'séi,'55¢éiii'cam’
2754 5453 2820 5523 eo
2847 5465 3072 5544 lact-ain,
3118 5468 3174 5515 et
3199 5457 3524 5544 consulatus
3539 5453 3721 5544 hono-

2150 5524 2350 5598 :éiﬁ'éi
2377 5524 2636 5597 rdelatura
2673 5552 2796 5595 esse
2825 5553 2855 5591 a
2887 5532 3158 5607 principe.
3195 5527 3380 5599 Atque
3415 5524 3563 5580 hanc
3597 5537 3728 5580 scn-

2150 5614 2376 5671 tcntiam
2409 5612 2680 5669 veriorem
2717 5616 2875 5680 puto.
