4054 6188
322 203 478 303 ἰιισθ

1255 234 1587 294 HISTORIA
1623 230 2185 290 ECCLESIASTICA.
2227 264 2296 276 —-
2336 233 2467 290 LIB.
2509 235 2625 292 νιι.

3447 236 3588 296 M70

327 364 648 435 εστήσαντο.
673 358 969 422 Σαδδάτιος
982 356 1091 428 γὰρ
1131 357 1503 430 πρεσϐύτερος
1523 356 1630 410 ὑπὸ
1654 356 1908 424 Μαρκια-

2021 352 2370 408 condiderunt
2397 356 2436 410 ¹.
2455 353 2591 410 Nam
2627 353 2923 411 Sabbatius
2942 355 3036 427 qui
3062 371 3091 410 a
3111 354 3397 412 Marciano
3428 337 3587 427 pres?

327 453 424 508 νοῦ
452 450 870 524 χειροτονηθεὶς,
901 449 1019 518 ἅμα
1044 447 1349 517 Θεοκτίστῳ
1377 450 1473 502 καὶ
1498 445 1772 517 Μακαρίῳ
1796 446 1909 508 τοῖς

329 539 835 614 συμπρεσδυτέροις
875 539 1140 607 ἑπόμενος
1175 541 1288 604 τοῖς
1324 542 1380 593 ἐν
1414 537 1761 609 Παζουκὼμῃ
1789 553 1912 590 συνο

329 633 648 706 εληλυθόσιν
677 631 768 683 ἐπὶ
801 629 904 698 τῆς
927 629 1226 694 Οὐάλεντος
1268 628 1766 700 βασιλείας.ήξίουν
1796 627 1912 698 ἅμα

326 729 443 788 τοῖς
475 722 747 785 Ἰουδαίοις
769 720 881 789 (56)
915 721 1015 790 τὴν
1043 721 1134 774 τοῦ
1174 723 1366 790 Πάσχα
1405 721 1598 792 ἐορτὴν
1621 719 1908 774 ἐπιτελεῖν.

339 812 609 876 ’Δποστάς
644 812 702 864 δὲ
740 811 840 880 τῆς
878 811 1224 881 Ἐκκλησίας,
1249 812 1316 865 τὰ
1351 811 1448 882 μὲν
1477 811 1688 883 πρῶτα,
1711 812 1788 881 πῆ
1815 811 1913 880 μὲν

325 904 611 972 ἀσκήσεως
633 899 819 962 ἕνεκα,
850 899 1048 969 ἄριστα
1079 901 1186 970 γὰρ
1211 900 1381 964 ἐϐίου,
1405 901 1484 970 πῆ
1513 899 1570 952 δέ
1593 915 1747 962 τινας
1775 899 1914 950 ὑπο-

325 994 467 1045 νοείν
498 987 752 1053 ἀναξίους
786 989 1069 1052 κοινωνίας
1111 989 1446 1060 μυστηρίων,
1479 989 1805 1058 ἐσκήπτετο.
1823 987 1916 1050 Ὠς

325 1083 382 1136 δὲ
414 1081 658 1149 ἐγεγόνει
707 1079 866 1150 δῆλος
899 1078 1236 1150 νεωτερίζων
1259 1121 1274 1144 ,
1303 1079 1581 1149 ἐμέμφετο
1614 1079 1713 1148 μὲν
1752 1079 1917 1146 Μαρ-

327 1173 513 1235 κιανὸς
547 1171 646 1242 τὴν
679 1171 762 1245 ἐπέ
793 1169 939 1240 αὑτῷ
973 1170 1332 1240 χειροτονίανο
1365 1169 1588 1238 ἄμεινόν
1624 1185 1683 1220 τε
1726 1163 1794 1238 ἦν
1822 1168 1915 1221 ἐπὶ

328 1262 572 1325 ἀκάνθας
601 1260 916 1330 ἐπιτεθῆναι
959 1260 1059 1323 τὰς
1088 1263 1274 1330 χεῖρας
1295 1299 1309 1320 ,
1328 1259 1362 1328 ἢ
1399 1260 1484 1311 ἐπ’
1515 1246 1695 1323 αὐτὸν,
1714 1258 1914 1312 πολλά-

327 1371 440 1418 κις,
461 1351 646 1421 φησὶν,
665 1348 879 1404 ἀνεϐόα.
898 1351 1051 1403 Διατε
1061 1349 1329 1420 μνομὲνην
1356 1349 1411 1402 δέ
1429 1347 1576 1418 αὐτῷ
1606 1350 1704 1419 τὴν
1719 1349 1918 1420 ἐκκλη-

333 1440 452 1492 σίαν
491 1440 571 1501 είς
596 1435 782 1506 ἕτερον
811 1436 1010 1507 πλῆθος
1053 1436 1213 1508 ὁρῶν,
1237 1436 1592 1490 συνεκάλεσεν
1629 1436 1916 1507 ὁμοδόξους

331 1528 664 1590 ἐπισκόπους
688 1529 766 1590 είς
799 1528 1100 1596 Σάγγαρον.
1133 1527 1346 1598 Χωρίον
1365 1527 1423 1580 δέ
1456 1525 1612 1580 τοῦτο
1640 1527 1912 1591 Βιθυνίας.

331 1621 432 1672 οὐκ
465 1617 578 1671 ἀπὸ
630 1617 825 1670 πολλοῦ
885 1618 1306 1682 Ἐλενουπόλεως
1354 1619 1446 1672 ἐπὶ
1493 1621 1593 1689 τῆς
1639 1619 1916 1690 Θαλάσσης

333 1710 605 1780 κείμενον.
648 1709 814 1761 Ἔνθα
844 1708 909 1779 δὴ
940 1708 1302 1773 συνελθόντες,
1327 1711 1753 1782 μετεκαλέσαντο
1773 1711 1914 1763 Σαϐ-

336 1799 541 1852 ϐάτιον.
597 1797 750 1850 Ἐπεὶ
791 1797 847 1849 δέ
887 1797 987 1866 τῆς
1025 1797 1200 1868 λύπης
1243 1799 1341 1870 τὴν
1380 1800 1558 1852 αἰτίαν
1594 1799 1916 1870 ἀπαιτηθεὶς

336 1889 538 1958 λέγειν,
567 1890 827 1960 ἐπῃτιᾶτο
858 1888 954 1957 τῆς
975 1890 1162 1960 ἑορτῆς
1200 1890 1261 1942 τὸ
1283 1891 1555 1960 διάφορον,
1585 1890 1917 1959 ὑπονοήσειν·

337 1996 429 2042 τες
473 1980 640 2051 ἔρωτι
683 1978 975 2050 προεδρίας
1008 1979 1132 2032 τάδε
1167 1979 1328 2032 αὑτὸν
1365 1979 1719 2049 σκήπτεσθαι,
1754 1980 1916 2050 ὅρκον

339 2072 626 2144 άπῄτησαν
675 2070 751 2132 ὠς
805 2069 1110 2140 ἐπισκοπὴν
1155 2069 1254 2122 οὐκ
1294 2068 1358 2123 ἂν
1403 2069 1573 2123 ἓλοιτό
1624 2087 1774 2124 ποτε.
1808 2069 1915 2124 Τοῦ

336 2161 396 2214 δέ
437 2161 561 2214 τάδε
609 2159 898 2230 ἐνωμότως
954 2159 1411 2230 ὁμολογήσαντος,
1443 2158 1789 2230 λογισάμενοι
1841 2159 1916 2232 μὴ

337 2250 637 2321 ἀξιόχρεων
666 2245 806 2304 εἶναι
841 2249 1046 2318 ταύτην
1073 2249 1170 2317 τὴν
1191 2249 1367 2302 αἰτίαν
1398 2251 1477 2312 είς
1504 2248 1780 2319 χωρισμὸν
1807 2263 1918 2300 κοι-

338 2342 554 2405 νωνίας.
577 2341 821 2404 ἅπαντας
862 2340 960 2410 μὲν
990 2340 1235 2409 ὁμονοεῖν
1262 2339 1356 2392 καὶ
1387 2341 1503 2407 ἅμα
1533 2337 1916 2409 ἐκκλησιάζειν

341 2434 707 2504 ἐψηφίσαντο·
741 2431 974 2488 ἕκαστον
1021 2431 1079 2484 δέ
1202 2430 1267 2484 ἂν
1323 2429 1472 2502 αὑτῷ
1519 2431 1685 2501 δοκῇ,
1715 2430 1918 2500 ταύτην

337 2527 438 2592 τὴν
466 2525 660 2597 ἑορτὴν
680 2524 967 2578 ἐπιτελεῖν.
984 2523 1094 2577 Καὶ
1123 2523 1321 2577 κανόνα
1349 2523 1476 2592 περὶ
1503 2523 1691 2576 τούτου
1714 2521 1913 2588 ἔθεντο,

336 2619 398 2672 ὃν
417 2616 705 2684 ἀδιάφορον
734 2614 1113 2684 ἐπωνόμασαν.
1144 2613 1254 2666 Καὶ
1277 2613 1344 2666 τὰ
1369 2613 1468 2683 μέν
1497 2607 1597 2667 ὧδε
1631 2613 1774 2678 ἔδοξε
1804 2613 1919 2677 τοῖς

338 2709 400 2762 ἑν
445 2709 713 2777 Σαγγάρῳ
757 2704 1122 2760 συνελθοῦσιν.
1165 2703 1256 2768 Ἐξ
1298 2704 1506 2759 ἐκείνου
1532 2705 1588 2758 δέ
1620 2704 1919 2767 Σαόδάτιος

339 2802 450 2864 τοῖς
484 2798 758 2862 Ἰουδαίοις
773 2796 1056 2865 ἑπόμενος,
1074 2797 1123 2850 εί
1147 2797 1221 2865 μὴ
1239 2795 1378 2849 κατὰ
1398 2796 1593 2849 ταύτὸν
1619 2795 1918 2866 συνηνέχθη

341 2892 550 2954 πάντας
577 2890 730 2958 ἄγειν
759 2889 863 2960 τὴν
893 2888 1106 2959 ἐορτὴν,
1138 2887 1354 2956 φθάνων
1375 2888 1450 2950 ὡς
1481 2887 1598 2951 ἐθος
1626 2888 1882 2956 ἐνήστευε
1900 2926 1916 2948 ,

2017 449 2170 520 byter
2211 451 2497 506 ordinatus
2551 451 2750 515 fuerat,
2803 466 2908 505 una
2965 466 3090 505 cum
3148 450 3465 507 Theoctisto
3532 459 3589 507 et

2016 538 2255 594 Macario
2289 542 2754 613 eompresliyteris
2777 583 2791 606 ,
2824 556 3060 611 sequens
3092 541 3369 595 decretum
3396 556 3588 596 eorum

2015 630 2106 699 qui
2141 629 2386 686 Valentis
2424 633 2732 702 principatu
2782 633 2836 686 in
2864 625 3168 686 Pazucome
3195 638 3586 696 convenerant,

2016 720 2215 775 festum
2231 720 2457 776 Pascha:
2486 723 2629 776 diem
2655 738 2779 776 cum
2807 722 3010 778 Iudaeis
3047 721 3438 776 celebrandum
3466 736 3590 777 esse

2014 810 2404 871 contendebat.
2445 810 2692 881 Cumque
2713 812 2781 866 ab
2832 811 3075 866 Ecclesia
3109 812 3455 874 recessisset,
3483 812 3592 866 ini-

2015 900 2095 955 tio
2133 901 2354 970 quidem
2427 902 2778 957 abstinentia:
2843 911 2898 958 et
2963 903 3223 957 arctioris
3284 903 3592 972 ἀὶεεῑνιὶιιω

2016 1008 2225 1058 causa,
2270 993 2485 1048 vivebat
2537 999 2684 1049 enim
2742 994 3136 1060 sanctissime,
3188 1002 3243 1047 et
3302 1005 3589 1062 propterea

2016 1084 2164 1154 quod
2191 1085 2570 1154 suspicaretur
2603 1085 2873 1155 quosdam
2914 1085 3307 1140 communione
3334 1085 3591 1154 indignos

2016 1189 2160 1236 esse,
2191 1189 2252 1227 se
2267 1173 2602 1229 abscessisse
2637 1173 2954 1228 simulabat.
2997 1171 3100 1226 Ubi
3132 1188 3263 1227 vero
3282 1173 3592 1243 deprehen-

2017 1278 2139 1318 sum
2167 1271 2254 1317 est
2280 1277 2402 1316 eum
2440 1278 2530 1317 res
2555 1278 2723 1318 novas
2747 1264 2979 1334 agitare,
3013 1263 3328 1320 Marcianus
3367 1264 3589 1333 quidem

1950 1406 1952 1408 ,
2017 1355 2086 1409 de
2106 1354 2454 1408 ordinatione
2484 1354 2634 1408 illius
2667 1355 3030 1424 querebatur.
3085 1355 3162 1409 Ac
3189 1367 3588 1424 saepenumero,

2016 1451 2078 1498 ut
2100 1444 2288 1505 aiunt,
2325 1442 2638 1498 exclamare
2674 1444 2873 1498 solitus
2913 1452 3068 1509 erat,
3111 1445 3291 1499 satius
3326 1443 3499 1498 fuisse
3531 1451 3592 1495 ut

2017 1547 2185 1601 super
2214 1531 2426 1601 spinas,
2457 1545 2623 1600 quam
2676 1541 2735 1585 ut
2764 1546 2929 1601 super
2975 1540 3139 1603 caput
3168 1532 3316 1588 illius
3349 1571 3365 1597 ,
3395 1547 3592 1587 manus

2017 1623 2342 1692 imponeret.
2400 1620 2538 1674 Cum
2586 1629 2768 1676 autem
2797 1621 3060 1678 Ecclesia:
3109 1639 3222 1678 sua:
3251 1625 3507 1695 pOpulum
3535 1623 3591 1676 in

2015 1713 2153 1768 duas
2174 1722 2360 1782 partes
2383 1711 2628 1766 divisum
2657 1712 2862 1766 videret
2889 1751 2905 1776 ,
2958 1722 3122 1769 sectae
3151 1729 3265 1768 suae
3296 1715 3592 1782 episcopos

2018 1801 2322 1873 Saugarum
2344 1803 2692 1856 convocavit.
2729 1802 2826 1857 Est
2874 1803 2966 1857 hic
3017 1804 3175 1858 locus
3209 1804 3264 1857 in
3313 1803 3589 1873 Bithynia,

2017 1894 2084 1947 ad
2115 1908 2263 1947 mare
2295 1894 2437 1947 situs
2471 1891 2616 1944 haud
2645 1892 2838 1960 procul
2886 1889 3227 1960 Helenopoli.
3273 1893 3392 1945 lllic
3423 1893 3596 1962 igitur

2016 1982 2360 2051 congregati,
2399 1979 2717 2034 Sabbatium
2755 1986 3075 2032 accersunt.
3109 1978 3215 2043 Qui
3237 1977 3433 2045 jussus
3456 1992 3595 2031 cau-

2017 2086 2132 2126 sam
2173 2070 2380 2125 doloris
2431 2070 2515 2125 sui
2561 2069 2771 2132 dicere,
2811 2083 2938 2122 cum
2979 2067 3417 2137 discrepantiam
3466 2065 3594 2121 festi

2018 2163 2300 2231 allegaret,
2327 2159 2595 2229 suspicati
2651 2159 2898 2230 episcopi
2931 2173 3056 2213 eum
3105 2159 3462 2228 episcopatus
3493 2173 3596 2211 eu-

2019 2252 2249 2324 piditate
2284 2252 2513 2308 ductum
2563 2252 2670 2308 ista
2720 2259 3043 2322 praetexere,
3080 2249 3472 2320 jusjurandum
3526 2248 3596 2302 ab

2018 2341 2113 2397 illo
2139 2348 2456 2411 exegerunt,
2480 2340 2628 2409 quod
2657 2340 3039 2410 episcopatum
3091 2351 3374 2407 nunquam
3406 2351 3598 2391 susce-

2017 2441 2214 2504 pturus
2246 2440 2415 2486 esset.
2466 2430 2522 2486 Id
2573 2445 2700 2484 cum
2754 2431 2846 2485 ille
2891 2429 3218 2498 interposita
3266 2427 3596 2482 sacramenti

2018 2522 2126 2578 ﬁde
2156 2520 2520 2592 promisisset,
2555 2519 2638 2574 illi
2687 2532 2910 2574 causam
2950 2519 3095 2572 hanc
3143 2531 3253 2571 non
3303 2517 3438 2572 satis
3484 2515 3601 2570 ido-

2019 2625 2176 2666 neam
2211 2624 2336 2665 esse
2358 2608 2614 2663 arbitrati
2653 2607 2724 2662 ob
2755 2622 2917 2677 quam
2951 2606 3272 2660 communio
3307 2604 3599 2661 divellere-

2018 2710 2131 2766 tur,
2176 2700 2540 2756 decreverunt
2582 2706 2644 2753 ut
2683 2713 2878 2753 omnes
2920 2697 3141 2768 quidem
3184 2697 3326 2752 inter
3357 2711 3418 2752 se
3465 2710 3601 2750 con-

2018 2793 2306 2858 sentirent,
2331 2798 2385 2847 et
2413 2791 2678 2846 collectas
2710 2803 2819 2844 una
2864 2790 3247 2853 celebrarent,
3278 2786 3583 2856 unusquis-

2019 2899 2128 2954 que
2147 2897 2279 2938 vero
2306 2896 2408 2953 pro
2439 2895 2542 2937 suo
2572 2880 2844 2936 arbitratu
2880 2877 3080 2934 festum
3110 2877 3254 2933 diem
3291 2881 3597 2946 perageret.

341 2983 436 3036 καὶ
468 2980 588 3035 καθ’
625 2979 815 3033 ἐαυτὸν
861 2979 952 3034 διὰ
977 2977 1089 3032 τῶν
1130 2977 1528 3049 νενομισμένων
1581 2977 1822 3032 ἐπετέλει
1856 2977 1918 3031 τὸ

2021 2978 2204 3048 anue
2239 2974 2306 3032 de
2338 2989 2398 3030 re
2429 2988 2698 3030 canonem
2735 2971 3102 3042 scripserunt,
3132 2984 3297 3040 quem
3339 2965 3600 3036 adiapho-

342 3071 555 3139 Πάσχα.
585 3069 675 3139 Τῷ
717 3069 774 3122 δὲ
807 3069 1073 3139 Σαϐϐάτῳ
1105 3068 1196 3136 ἀφ’
1231 3067 1466 3138 ἑσπέρας
1492 3067 1586 3120 ἐπ“ι⁸
1614 3067 1706 3121 τὸν
1734 3067 1920 3121 δέοντα

343 3161 533 3232 καιρὸν
572 3162 631 3212 ἐν
683 3159 958 3231 ἀγρυπνίᾳ
1007 3160 1102 3212 καὶ
1133 3161 1253 3222 ταῖς
1293 3159 1694 3228 προσηκούσαις
1735 3161 1920 3230 εὐχαῖς

343 3251 736 3321 διαγινόμενος,
759 3253 824 3320 τῇ
856 3249 984 3320 ἑξῆς
1013 3250 1195 3322 ἡμέρᾳ
1221 3253 1375 3319 κοινῇ
1396 3253 1559 3304 πᾶσιν
1575 3251 1918 3321 ἐκκλησίαζε,

345 3342 438 3394 καὶ
471 3341 578 3393 τῶν
611 3341 926 3410 μυστηρίων
973 3343 1210 3410 μετεῖχε.
1246 3341 1356 3394 Kal.
1391 3341 1460 3394 τὰ
1496 3341 1592 3410 μὲν
1625 3341 1838 3411 πρῶτα,
1861 3342 1923 3394 τὺ

345 3430 548 3500 πλῆθος
581 3429 866 3482 ἐλάνθανεν
897 3445 910 3458 ·
949 3429 1026 3491 ὡς
1053 3428 1112 3480 δὲ
1140 3429 1217 3498 τῷ
1250 3431 1426 3499 χρόνῳ
1463 3430 1708 3483 ἐντεῦθεν
1737 3431 1924 3498 ἐπίση-

351 3537 449 3590 μος
505 3520 758 3588 ἐγένετο,
819 3519 1046 3582 πολλοὺς
1094 3521 1218 3583 τοὺς
1275 3519 1567 3589 ζηλοῦντας
1621 3519 1778 3589 ἔσχε,
1830 3521 1925 3573 καὶ

351 3609 587 3679 μάλιστα
644 3607 862 3678 Φρύγας
925 3610 1020 3662 καὶ
1074 3608 1358 3672 Γαλάτας,
1395 3603 1476 3671 οἷς
1545 3608 1770 3677 πάτριον
1823 3602 1924 3660 ὧδε

345 3698 443 3768 τὴν
498 3700 689 3769 ἐορτὴν
742 3698 944 3768 ταύτην
999 3699 1284 3753 ἐπιτελεῖν.
1319 3700 1582 3770 ’Ὕστερον
1629 3699 1684 3752 δέ
1740 3701 1818 3762 είς
1864 3699 1926 3750 τὸ

349 3789 623 3858 προφανὲς
661 3790 924 3852 ἀποστὰς,
958 3790 1066 3842 τῶν
1111 3789 1262 3860 αὐτῷ
1293 3791 1628 3860 πειθομένων
1671 3790 1768 3861 τὴν
1804 3791 1926 3842 ἐπι-

353 3881 562 3952 σκοπὴν
617 3880 932 3948 ἀνεδέξατο,
966 3883 1042 3946 ὠς
1085 3883 1144 3936 ἐν
1201 3881 1379 3954 καιρῷ
1432 3881 1720 3947 λελέξεται.
1773 3883 1927 3951 Ἐμοὶ

350 3971 406 4028 δὲ
463 3970 762 4041 θαυμάζειν
814 3971 991 4029 ἔπεισι
1041 3973 1196 4026 τοῦδε
1251 3972 1346 4026 τοῦ
1402 3973 1631 4045 ἀνδρὸς,
1667 3973 1760 4028 καὶ
1821 3972 1928 4026 τῶν

352 4061 632 4131 ἑπομένων
687 4061 870 4130 αὐτῷ,
910 4062 991 4116 ὁτι
1039 4063 1164 4118 τάδε
1212 4065 1569 4136 ἐνεωτέρισαν
1597 4082 1612 4096 σ
1664 4065 1930 4136 Ἐϐραίων

351 4151 460 4204 τῶν
488 4151 692 4213 πάλαι,
729 4151 804 4214 ὡς
836 4153 1039 4222 ίστορεί
1064 4135 1320 4216 Εὐσέδιος
1351 4155 1464 4224 (37)
1487 4196 1502 4219 ,
1538 4155 1644 4209 ὑπὸ
1693 4135 1928 4226 μάρτυσι

349 4258 410 4294 τε
437 4241 629 4293 Φίλωνι
658 4242 751 4294 καὶ
785 4241 1035 4310 Ἰωσήπῳ
1060 4280 1075 4304 ,
1110 4242 1205 4296 καὶ
1246 4241 1659 4312 Ἀριστοϐούλῳ,
1689 4244 1783 4296 καὶ
1811 4242 1928 4296 ἐτέ-

355 4349 468 4403 ροις
504 4333 774 4397 πλείστοις
798 4375 812 4396 ,
847 4335 988 4405 μετὰ
1018 4334 1237 4403 ἐαρινὴν
1273 4335 1558 4404 ἰσημερίαν
1583 4335 1651 4389 τὰ
1677 4335 1929 4406 διαϐατή-
1957 4317 2004 4374 Ῐ)

357 4444 447 4496 ρια
475 4425 729 4487 θυόντων,
746 4427 894 4497 ἡλίου
915 4426 978 4480 τὸ
1003 4425 1218 4496 πρῶτον
1244 4425 1714 4498 δωδεκατημόριον
1733 4428 1931 4498 τμῆμα

354 4516 646 4578 ὀδεόοντος,
662 4516 690 4569 ὃ
714 4518 865 4588 κριὸν
882 4517 1138 4588 Ἕλληνες
1164 4516 1515 4587 ὀνομάζουσιν
1536 4533 1548 4546 ·
1571 4519 1630 4572 ἐν
1655 4516 1930 4590 διαμέτρῳ

355 4608 410 4663 δὲ
448 4608 544 4674 τῆς
603 4607 829 4676 σελήνης
861 4608 1517 4678 τεσσαρεσκαιδεκαταίας
1564 4608 1663 4678 τὴν
1703 4608 1930 4680 πορείαν

358 4697 703 4766 ποιουμένης.
723 4699 874 4750 Ἐπεὶ
900 4699 994 4751 καὶ
1021 4699 1174 4751 αὐτοὶ
1194 4699 1521 4752 Ναυατιανοὶ
1545 4694 1626 4763 οἷς
1647 4699 1929 4770 ἀκριϐείας

359 4787 532 4856 μῗλει,
559 4787 943 4858 ίσχυρίζονται,
971 4788 1047 4852 ὡς
1073 4789 1194 4843 οὔτε
1223 4790 1424 4852 αὐτοῖς.
1449 4788 1572 4843 οὕτε
1597 4789 1674 4861 τῷ
1703 4791 1931 4863 ἁρχηγῷ

354 4877 452 4944 τῆς
486 4879 784 4947 αἱρέσεως,
831 4879 990 4934 τοῦτο
1041 4881 1303 4950 πρότερον
1355 4877 1422 4952 ἦν
1465 4881 1620 4946 ἔθυς’
1669 4883 1785 4936 ἀλλ’
1827 4884 1932 4937 ὑπὸ

356 4966 467 5018 τῶν
535 4969 591 5021 ἐν
645 4969 986 5041 Παζουκώμῃ
1044 4972 1475 5042 συνεληλυθότων
1531 4975 1889 5046 ἐνεωτερίσθη
1913 4992 1928 5008 ·

360 5057 526 5115 είσέτι
553 5075 608 5110 τε
643 5060 746 5130 καὶ.
781 5060 873 5112 νῦν
918 5063 974 5113 ἐν
1010 5066 1075 5132 τῇ
1109 5065 1455 5136 πρεσδυτὲρᾳ.
1487 5066 1675 5138 Ῥώμῃ
1697 5107 1710 5130 ,
1743 5067 1932 5137 ὁμοδό-

478 5171 636 5228 Socr.
661 5173 756 5229 lib.
798 5192 852 5239 v,
882 5190 932 5231 c.
966 5175 1056 5239 2|,
1081 5174 1172 5232 2‘2.

2021 3084 2121 3124 ron
2161 3067 2525 3139 appellarunt.
2568 3064 2634 3119 Et
2663 3063 2782 3119 haec
2827 3063 3051 3133 quidem
3083 3060 3308 3116 decreta
3357 3066 3487 3112 sunt
3531 3057 3602 3110 ab

2022 3160 2132 3216 illis
2158 3161 2249 3229 qui
2299 3163 2431 3213 tum‘
2469 3153 2700 3226 Sangari
2757 3159 3153 3209 convenerant.
3209 3147 3424 3204 Exinde
3469 3159 3604 3200 vero

2025 3250 2323 3306 Sahbatius
2363 3248 2582 3304 Iudaeos
2625 3255 2868 3310 secutus,
2921 3244 3030 3300 nisi
3080 3241 3225 3297 forte
3281 3238 3607 3308 contigisset

2023 3350 2082 3398 ut
2111 3357 2302 3396 omnes
2343 3341 2535 3395 eodem
2579 3346 2827 3409 tempore
2871 3335 3036 3392 simul
3089 3332 3300 3389 Pascha
3351 3329 3607 3386 celebra-

2025 3442 2168 3495 rent.
2214 3435 2328 3502 ipse
2359 3430 2724 3502 praeveniens,
2755 3435 2816 3482 ut
2848 3427 3021 3482 moris
3065 3431 3172 3488 est,
3201 3421 3512 3493 jejunabat,
3549 3425 3607 3474 et

2025 3525 2277 3596 privatim
2328 3521 2596 3596 solemnia
2651 3519 2904 3575 Mosaicae
2949 3517 3086 3588 legis
3121 3515 3446 3576 observans,
3502 3509 3606 3564 Pa-

2026 3587 2155 3670 scha
2205 3587 2517 3682 peragebat.
2579 3609 2678 3664 Die
2725 3624 2858 3664 vero
2911 3587 3158 3670 Sabbati,
3198 3620 3231 3660 a
3276 3617 3504 3673 vespere
3536 3599 3607 3654 ad

2026 3711 2292 3760 statutum
2333 3715 2511 3770 usque
2542 3707 2780 3768 tempus.
2816 3695 3023 3767 vigiliis
3051 3702 3108 3750 et
3132 3693 3316 3750 solitis
3341 3689 3609 3747 orationi-

2026 3795 2129 3849 bus
2158 3806 2380 3850 vaeans.
2423 3789 2672 3859 sequenti
2720 3787 2812 3842 die
2851 3786 3018 3843 simul
3047 3799 3176 3841 cum
3213 3782 3443 3853 reliquis
3487 3795 3609 3835 om-

2028 3882 2192 3938 nibus
2227 3881 2282 3935 in
2317 3879 2608 3936 ecclesiam
2639 3877 3032 3940 conveniebat,
3060 3881 3116 3930 et
3144 3887 3301 3929 sacra
3342 3869 3603 3941 mysteria

2029 3972 2388 4044 percipiebat.
2437 3969 2504 4024 Et
2553 3968 2712 4024 initio
2774 3965 3018 4038 quidem,
3069 3961 3475 4017 multitudinem
3530 3959 3608 4012 la-

2029 4066 2136 4121 tuit
2174 4081 2188 4120 :
2226 4076 2522 4134 progressu
2567 4073 2702 4116 vero
2744 4054 3034 4127 temporis,
3068 4069 3192 4108 cum
3234 4067 3300 4108 ea
3341 4051 3409 4106 de
3439 4063 3607 4104 causa

2035 4157 2274 4226 insignis
2299 4161 2467 4219 esset,
2516 4152 2720 4207 multos
2764 4150 3078 4226 imitatores
3115 4143 3330 4208 habuit,
3365 4156 3430 4197 ac
3471 4155 3609 4212 prato

2033 4225 2222 4306 sertim
2253 4246 2502 4316 Phrygas
2533 4251 2588 4298 et
2613 4225 2860 4299 Galatas.
2890 4239 3092 4310 quibus
3125 4235 3338 4306 patrius
3375 4247 3494 4287 mos
3525 4243 3610 4287 est

2035 4341 2233 4395 festum
2271 4337 2500 4393 Pascha
2535 4337 2608 4389 ita
2637 4333 2941 4388 celebrare.
2989 4326 3231 4384 Tandem
3270 4341 3405 4382 vero
3429 4325 3606 4396 palam

2029 4430 2314 4496 deﬁciens,
2360 4442 2548 4484 eorum
2582 4424 2678 4495 qui
2721 4420 3055 4478 sententiam
3103 4418 3280 4488 ipsius
3313 4416 3613 4486 sequeban-

2029 4531 2142 4588 tur,
2174 4519 2556 4591 episcopatum
2591 4513 2853 4582 suscepit,
2881 4511 3028 4566 sicut
3049 4524 3152 4564 suo
3181 4507 3305 4561 loco
3339 4505 3608 4560 dicemus.

2032 4611 2158 4669 Mihi
2199 4625 2331 4667 vero
2360 4608 2546 4663 mirari
2587 4605 2734 4660 subit
2776 4611 2888 4657 tum
2944 4599 3217 4655 hominem
3265 4597 3447 4661 istum,
3498 4605 3611 4647 tum

2033 4719 2128 4762 eos
2151 4703 2245 4776 qui
2284 4701 2431 4757 illum
2491 4696 2684 4755 sectati
2717 4703 2864 4758 sunt,
2900 4707 2999 4746 cur
3036 4690 3177 4744 hanc
3205 4687 3498 4742 novitatem
3527 4685 3614 4738 in-

2035 4797 2326 4855 duxerint:
2356 4808 2481 4850 cum
2519 4800 2733 4846 veteres
2767 4784 2998 4846 Hebraei,
3030 4780 3192 4852 305
3219 4785 3279 4834 ut
3318 4775 3489 4833 refert
3515 4775 3624 4829 Eu-

2037 4891 2240 4952 sebius,
2295 4885 2561 4946 Philonis.
2613 4877 2857 4950 Josephi,
2909 4871 3228 4939 Aristobuli,
3276 4869 3615 4935 aliorumque

2038 4976 2400 5047 complurium
2449 4972 2729 5028 adducens
2778 4964 3174 5026 testimonium,
3217 4971 3343 5031 post
3388 4966 3613 5047 vernum

2037 5043 2426 5139 aequinoctium
2480 5060 2702 5132 Pascha
2761 5055 3190 5120 immolaverint,
3248 5047 3470 5122 quando
3532 5043 3614 5100 sol

1495 5329 1864 5387 VARIORUM
1898 5331 2456 5390 ANNOTATIONES.

440 5469 565 5539 (56),
597 5466 842 5533 Ἦξίυυν
883 5469 1002 5538 ἅμα
1036 5467 1159 5534 τοῖς
1201 5467 1524 5530 Ἰουδαίοις.
1562 5464 1929 5520 Scribcndum

366 5538 456 5600 est
480 5538 652 5604 ἠξίου,
687 5549 744 5591 ιιι
777 5551 1017 5606 apparo-1,

477 5601 591 5677 (εἰ)
625 5610 719 5674 Ὠς
742 5601 960 5680 ισὲὸρεῐ
987 5609 1292 5674 Εὐσέϐιος.
1315 5606 1426 5660 lmo
1457 5605 1744 5661 Anatolius
1770 5601 1916 5675 apud

2045 5467 2340 5594 Ειιειρὺὲιηι
2380 5467 2436 5522 in
2469 5465 2608 5522 libro
2637 5465 2874 5536 septimo
2904 5456 3160 5515 Historiae
3188 5450 3603 5516 ecclesiastica,

2045 5553 2159 5594 can.
2188 5540 2220 5592 ’5

2036 5553 2159 5612 cap.
2188 5540 2220 5592 ’5
