4054 6188
462 206 602 264 M77

1383 205 1712 262 HISTORIA
1753 205 2324 270 ECCLESIASTICA.
2347 206 2552 262 -—I.IB.
2580 205 2692 262 VII.

3587 205 3725 267 I478

461 323 838 396 πρεσϐύτερος
886 321 962 374 ὢν
985 360 1003 384 ,
1038 323 1168 393 περὶ
1205 321 1300 375 τοῦ
1345 323 1619 396 δόγματος
1670 325 2037 398 διαλεγόμενος

2155 325 2314 387 urle,
2334 339 2432 379 nec
2451 325 2764 394 episcopus,
2799 336 2898 376 nec
2921 321 3059 377 alius
3088 323 3380 392 quisquam
3410 323 3465 380 in
3492 326 3726 381 ecclesia

459 415 804 488 ἑνεωτέρισε.
855 413 1018 467 Ξένον
1058 413 1116 467 δὲ
1171 415 1390 468 κάκεῖνο
1423 418 1576 487 παρὰ
1635 417 2041 487 Ἀλεξανδρεῦσι

461 504 694 567 τούτοις.
751 503 1302 574 ’Δναγινωσκομένων
1354 505 1464 576 γὰρ
1507 507 1616 560 τῶν
1671 507 2040 575 Εύαγγελίων,

461 595 566 649 οὐκ
609 592 966 646 ἐπανίσταται
1002 593 1032 646 δ
1068 593 1406 659 ἑπίσκοποςο
1462 597 1492 650 δ
1543 595 1673 666 παρ’
1708 595 1885 658 ἄλλοις
1928 594 2041 649 οὔτ’

462 683 656 752 ιγνων,
680 680 1044 754 οὒτ⁹άκὴκοα.
1072 683 1290 756 Ταύτην
1313 686 1372 739 δὲ
1396 687 1495 756 τὴν
1526 685 1676 757 ἱερὰν
1701 685 1882 755 βίϐλον
1907 687 2039 739 ἀνα-

462 775 719 844 γινώσκει
764 774 952 828 ἑνθάδε
997 775 1156 846 μόνος
1201 777 1230 829 ὁ
1271 777 1646 847 ἀρχιδιάκονος
1677 787 1698 814 ι’
1737 794 1752 809 ο
1800 777 1954 848 παρὰ
1984 777 2040 831 δὲ

459 866 641 929 ἄλλοις
667 904 682 929 ,
733 865 1012 919 διάκονοι·
1065 867 1124 920 ἑν
1173 866 1393 930 πολλαῖς
1445 869 1502 922 δὲ
1563 868 1948 940 Ἑκκλησίαις,
1988 870 2038 923 oi

462 959 628 1029 ίερεῖς
659 955 829 1028 μόνοι.
879 958 970 1011 Ἐν
998 957 1056 1010 δὲ
1089 958 1386 1028 ἐπισήμοις
1419 959 1654 1029 ἡμέραις
1677 999 1692 1022 ,
1727 961 2036 1026 ἐπίσκοποι,

458 1047 535 1110 ὡς
569 1048 627 1099 ἑν
656 1049 1227 1101 Κωνσταντινουπόλει
1265 1047 1406 1100 κατὰ
1433 1049 1533 1118 τὴν
1572 1049 1794 1120 πρώτην
1824 1050 2040 1121 ἡμέραν

457 1138 561 1210 τῆς
592 1139 965 1210 άναστασίμου
1006 1138 1118 1208 (49)
1151 1139 1366 1210 ἑορτῆς.
1397 1141 1508 1194 Καὶ
1553 1140 1652 1212 τὴν
1695 1142 1803 1213 πρὸ
1835 1141 2040 1210 ταύτης

457 1228 517 1283 δὲ
566 1229 908 1301 καλουμένην
967 1229 1450 1302 τεσσαρακοστὴν,
1483 1233 1542 1285 ὲν
1676 1233 1926 1303 νηστεύει
1977 1231 2038 1285 τδ

462 1317 666 1389 πλῆθος
683 1358 700 1383 ,
726 1319 776 1372 oi.
807 1318 908 1389 μὲν
933 1319 1014 1382 είς
1053 1317 1112 1384 ἒξ
1145 1317 1446 1388 ἑϐδομάδας
1466 1320 1688 1391 ἡμερῶν
1711 1321 2034 1389 λογίζονται,

458 1407 536 1472 ὡς
581 1408 829 1478 Ἰλλυριοὶ
861 1408 956 1461 καὶ
987 1409 1036 1462 oi
1073 1405 1212 1478 πρὸς
1237 1408 1391 1462 δύσιν
1413 1449 1428 1473 ,
1458 1409 1632 1482 Λιϐύη
1667 1427 1725 1464 τε
1756 1415 1908 1466 πᾶσα
1941 1412 2036 1466 καὶ

459 1496 736 1564 Αἴγυπτος
763 1498 860 1550 σὺν
877 1499 991 1560 τοῖς
1016 1497 1413 1562 Παλαιστινοίς.
1444 1499 1507 1553 Oi
1544 1499 1622 1565 δὲ,
1662 1500 1802 1554 ἑπτὰ
1821 1541 1836 1566 ,
1859 1501 1934 1564 ὡς
1976 1503 2035 1555 ἑν

457 1589 1054 1652 Κωνσταντινουπόλει,
1097 1590 1190 1644 καὶ
1233 1593 1347 1656 τοῖς
1398 1590 1560 1662 πέριξ
1610 1591 1824 1655 ἔθνεσι,
1869 1593 2032 1664 μέχρι

456 1679 738 1734 Φοινίκων.
776 1679 960 1733 Ἀλλοι
988 1679 1045 1734 δὲ
1067 1719 1084 1744 ,
1137 1684 1286 1752 τρεῖς
1325 1683 1600 1755 σποράδην
1651 1685 1710 1737 ἑν
1756 1686 1876 1747 ταῖς
1900 1683 1961 1748 ἑξ
1993 1684 2026 1755 ἢ

2150 412 2409 482 populum
2439 411 2615 467 docet.
2662 410 2768 467 Sed
2806 411 2948 481 apud
2977 411 3376 470 Alexandrinos
3407 415 3560 470 solus
3587 417 3723 470 civi-

2146 502 2279 556 tatis
2323 501 2705 556 Alexandrinas
2761 501 3058 572 episcopus
3116 503 3492 558 concionatur.
3550 505 3722 572 Quam

2142 593 2616 655 consuetudinem,
2641 607 2764 646 cum
2789 599 2949 646 antea
2974 607 3081 646 non
3108 592 3321 654 fuisset.
3356 595 3720 649 introductam

2139 696 2265 737 esse
2312 682 2516 748 ferunt,
2565 697 2629 737 ex
2671 695 2780 751 quo
2828 682 2994 736 Arius
3044 681 3327 752 presbyter
3367 681 3434 738 de
3472 683 3720 738 doctrina

2140 771 2263 827 ﬁdei
2294 771 2596 836 disserens,
2651 787 2794 826 nova
2844 771 3099 842 dogmata
3133 772 3359 826 invexit.
3414 774 3512 828 Est
3557 776 3719 828 etiam

2139 863 2283 933 apud
2330 863 2734 918 Alexandrinos
2791 864 2894 918 hoc
2963 879 3166 918 novum
3223 873 3390 934 atque
3455 866 3717 921 insolens.
3791 914 3801 921 .

2139 950 2276 1005 Dum
2311 953 2456 1005 enim
2494 953 2746 1020 leguntur
2792 954 3106 1024 Evangelia,
3159 969 3269 1008 non
3327 957 3569 1026 assurgit
3609 958 3724 1026 epi-

2139 1057 2387 1113 scopus:
2449 1043 2616 1113 308
2667 1043 2812 1113 quod
2863 1052 3044 1100 tamen
3109 1045 3240 1100 alibi
3283 1062 3512 1116 usquam
3579 1047 3720 1112 fieri,

2139 1147 2314 1202 neque
2364 1133 2495 1198 vidi,
2554 1150 2732 1204 neque
2769 1135 2971 1188 audivi.
3017 1134 3084 1188 Et
3134 1136 3248 1191 illic
3298 1138 3518 1206 quidem
3570 1140 3722 1194 solus

2137 1225 2556 1280 archidiaconus
2608 1241 2826 1280 sacrum
2878 1227 3028 1280 illum
3086 1227 3332 1282 codicem
3381 1229 3550 1298 legit:
3593 1231 3722 1285 alibi

2135 1332 2286 1377 vero.
2317 1317 2576 1384 diaconi;
2609 1315 2662 1370 in
2698 1318 2886 1372 multis
2917 1327 3095 1373 autem
3137 1317 3416 1381 Ecclesiis,
3449 1321 3548 1373 soli
3577 1320 3720 1374 dun-

2137 1415 2281 1461 taxat
2319 1407 2646 1478 presbyteri.
2683 1408 2895 1462 Alicubi
2930 1409 2982 1461 in
3011 1409 3300 1478 praecipuis
3332 1411 3721 1465 festivitatibus

2135 1497 2380 1566 episcopi
2424 1497 2608 1565 legunt
2636 1516 2651 1563 ;
2707 1505 2765 1551 ut
2795 1498 3269 1568 Constantinopoli
3302 1502 3476 1570 primo
3501 1502 3587 1556 die
3622 1502 3724 1556 Pa-

2137 1588 2336 1642 schalis
2372 1586 2708 1642 festivitatis.
2761 1589 3248 1659 Quadragesimam
3292 1607 3422 1646 vero
3464 1607 3585 1662 qua:
3620 1593 3724 1647 hoc

2137 1677 2335 1733 festum
2359 1680 2605 1747 proxime
2633 1681 2928 1744 antecedit,
2970 1682 3024 1734 in
3067 1696 3173 1750 qna
3205 1683 3440 1754 populus
3471 1684 3724 1753 jejunare

458 1770 599 1824 ἑπτὰ
620 1770 991 1841 νηστεύουσιν.
1031 1742 1092 1826 Oi
1122 1742 1202 1835 δὲ..
1235 1742 1352 1844 ἅμα
1391 1742 1676 1846 τρεῖίπρδ
1709 1775 1808 1845 τῆς
1835 1742 2030 1846 ἑορτῆς

2139 1769 2297 1836 solet,
2339 1770 2430 1823 alii
2463 1769 2685 1838 quidem
2741 1787 2835 1827 sex
2871 1772 3087 1826 dierum
3133 1742 3456 1843 septimanis
3490 1790 3721 1845 compu-

459 1862 821 1917 συνάπτουσιν
841 1878 855 1891 ⁸
884 1864 934 1916 oi
955 1863 1032 1926 δὲ,
1062 1863 1174 1928 δύο,
1204 1864 1280 1928 ὼς
1299 1866 1348 1918 oi
1376 1864 1444 1918 τὰ
1469 1864 1748 1920 Μοντανοῦ
1771 1865 2031 1936 φρονούν-

457 1969 570 2016 τες.
599 1953 672 2006 ού
710 1953 816 2023 μὴν
836 1953 972 2008 ἀλλὰ
1001 1955 1098 2007 καὶ
1134 1953 1232 2008 τοῦ
1265 1955 1649 2025 ἐκκλησιάζειν
1685 1956 1783 2026 ούχ
1807 1958 1837 2009 ὁ
1868 1955 2031 2018 αὐτὸς

460 2041 610 2113 παρά
637 2045 774 2096 πᾶσι
814 2044 1004 2115 καιρὸς
1035 2045 1068 2115 ἡ
1100 2047 1318 2117 τρόπος.
1363 2045 1580 2117 ’Δμέλει
1615 2048 1664 2099 οί
1700 2046 1799 2117 μὲν
1830 2047 1924 2100 καὶ
1951 2047 2031 2118 τῷ

456 2134 741 2206 Σαϐϐάτῳ,
771 2135 974 2206 ὁμοίως
1003 2138 1070 2206 τῇ
1108 2137 1206 2206 μιᾷ
1245 2135 1525 2191 Σαϐϐάτου
1553 2136 2028 2208 ἐκκλησιάζουσιν,

455 2225 532 2288 ὡς
563 2227 620 2280 ὲν
646 2227 1246 2293 Κωνσταντινουπόλει,
1270 2229 1364 2282 καὶ⁹
1395 2229 1581 2299 σχεδὸν
1607 2229 1883 2299 πανταχοῦ
1909 2247 1922 2260 ·
1971 2232 2029 2283 ἑν

467 2316 659 2391 Ῥώμῃ
693 2318 750 2371 δὲ
780 2319 874 2371 καὶ
923 2319 1298 2391 Ἀλεξανδρείᾳ
1318 2359 1332 2381 ,
1363 2319 1546 2373 οὐκέτι
1567 2336 1582 2351 ο
1607 2321 1756 2390 παρὰ
1781 2321 1836 2373 δὲ
1865 2321 2029 2388 Δίγυ-

458 2406 637 2472 πτίοις
657 2408 714 2461 ἑν
746 2408 966 2471 πολλαῖς
992 2410 1179 2463 πόλεσι
1207 2409 1300 2464 καὶ
1325 2409 1572 2481 κώμαις,
1600 2410 1752 2482 παρὰ
1778 2411 1841 2464 τὸ
1874 2413 2028 2482 κοινῇ

458 2499 592 2550 πᾶσι
628 2500 1034 2568 νενομισμένον,
1065 2499 1202 2570 πρὸς
1231 2500 1472 2571 ἑσπέραν
1501 2500 1578 2572 τῷ
1604 2500 1870 2571 Σαϐϐάτῳ
1905 2517 2030 2552 συν-

459 2584 666 2649 ιόντες,
717 2589 1074 2658 ἠριστηκότες
1130 2589 1268 2660 ἤδη,
1349 2589 1665 2660 μυστηρίων
1722 2589 2028 2660 μετέχουσι.

457 2678 568 2730 Καὶ
607 2677 795 2749 εὐχαῖς
826 2679 883 2734 δὲ
931 2681 1026 2734 καὶ
1081 2680 1421 2752 ψαλμῳδίαις
1463 2684 1580 2745 ταῖς
1609 2681 1856 2753 αὐταῖςῆ
1898 2683 2032 2736 ἀνα-

457 2767 745 2840 γνώσμασι
771 2813 786 2836 ,
824 2771 966 2825 κατὰ
996 2772 1086 2825 τὸν
1134 2773 1295 2826 αὐτὸν
1337 2772 1526 2844 καιρὸν
1558 2773 1669 2842 (50)
1696 2812 1711 2834 ,
1740 2773 1799 2826 ού
1827 2774 2033 2837 πάντας

458 2859 834 2930 κεχρημένους
858 2862 1037 2931 εὑρεῖν
1082 2861 1252 2916 ἑστιν.
1291 2862 1447 2916 Ούτω
1489 2863 1620 2932 γοῦν
1643 2862 1742 2934 τὴν
1769 2862 2034 2934 καλουμέο

458 2965 556 3019 νην
598 2950 964 3020 ’Δποκάλυψιν
990 2951 1222 3024 Πέτρου,
1264 2952 1338 3016 ὼς
1383 2952 1534 3006 νόθον
1573 2951 1848 3016 παντελῶς
1894 2953 2031 3024 πρὸς

456 3041 568 3094 τῶν
612 3042 853 3112 ἀρχαίων
899 3043 1350 3113 δοκιμασθεῖσαν,
1399 3044 1456 3097 ἓν
1495 3061 1636 3098 τισιν
1688 3044 2034 3115 Ἐκκλησίαις
2060 3071 2104 3132 c

457 3133 558 3201 τῆς
583 3134 946 3204 Παλαιστίνης
974 3137 1140 3190 εἰσέτι
1169 3137 1264 3190 νῦν
1288 3136 1435 3202 ἅπαξ
1461 3137 1690 3190 ἑκάστου
1721 3135 1872 3201 ἔτους
1899 3137 2030 3191 άνα-

459 3225 872 3296 γινωσκομένην
904 3226 1151 3298 ἔγνωμεν
1179 3267 1194 3291 ,
1229 3229 1286 3281 ἑν
1315 3230 1380 3298 τῇ
1423 3227 1607 3299 ἡμέρᾳ
1646 3227 2030 3298 Παρασκευῆς,

459 3313 528 3387 ἡν
563 3315 806 3379 εὐλαϐῶς
839 3316 976 3385 ἄγαν
1005 3318 1033 3371 ὁ
1061 3317 1188 3381 λαὸς
1213 3317 1462 3387 νηστεύει
1493 3319 1585 3370 ὲπὶ
1611 3318 1912 3388 άναμνὴσει
1937 3316 2032 3370 τοῦ

460 3407 735 3478 Σωτηρίου
765 3408 972 3473 πάθους
998 3426 1011 3440 ·
1054 3408 1153 3479 τὴν
1195 3408 1251 3462 δὲ
1280 3407 1375 3462 νῦν
1402 3409 1477 3473 ὼς
1517 3408 1882 3474 Ἀποκάλυψιν
1921 3409 2034 3477 (5|)

461 3497 674 3551 Παύλου
724 3499 818 3552 τοῦ
855 3499 1152 3553 ἀποστόλου
1198 3498 1538 3570 φερομένην,
1593 3499 1662 3569 ἢν
1717 3499 1892 3561 οὒδεὶς
1940 3500 2040 3570 ἀρ·

460 3587 630 3658 χαίων
647 3586 778 3656 εἶδε,
796 3589 1037 3643 πλεῖστοι
1057 3588 1307 3661 μοναχῶν
1336 3588 1672 3643 ἐπαινοῦσιν.
1701 3588 1822 3642 Ἐπὶ
1836 3587 2038 3660 ταύτης

2131 1870 2272 1927 tant,
2312 1872 2371 1917 ιιι
2418 1865 2589 1934 Illyrii
2628 1874 2682 1918 et
2723 1862 3128 1941 Occidentales,
3184 1873 3408 1936 totaque
3442 1867 3625 1920 Africa
3667 1873 3724 1922 ct

2132 1951 2404 2023 Egyptus
2435 1968 2500 2007 ac
2553 1953 2859 2009 Palaestina.
2915 1954 3022 2008 Alii
3070 1970 3200 2010 vero
3255 1967 3460 2026 septem
3519 1957 3725 2012 hebdo-

2132 2045 2322 2099 madas
2352 2053 2707 2115 compntant,
2751 2053 2808 2098 ut
2837 2045 3316 2117 ConstantinOpoli
3358 2057 3413 2104 et
3445 2065 3542 2118 per
3583 2064 3720 2105 cuno

2131 2143 2251 2191 clas
2279 2135 2334 2189 in
2366 2135 2604 2190 circuitu
2673 2135 2986 2205 provincias
3049 2152 3222 2207 usque
3274 2137 3342 2192 ad
3402 2137 3718 2196 thnicen.

2132 2224 2396 2280 Nonnulli
2441 2242 2472 2280 ε
2506 2240 2601 2280 sex
2641 2233 2735 2278 aut
2780 2235 2988 2296 septem
3027 2227 3137 2282 illis
3180 2227 3569 2294 hebdomadis,
3609 2238 3722 2286 tres

2136 2331 2233 2386 per
2256 2316 2544 2370 intervalla
2574 2315 2861 2384 jejunant;
2890 2317 2986 2369 alii
3013 2325 3129 2373 tres
3153 2319 3316 2373 simul
3340 2319 3718 2377 hebdomadas

2137 2405 2412 2460 Paschale
2473 2405 2676 2460 festum
2751 2406 3003 2474 proxime
3067 2408 3461 2465 antecedentes
3535 2413 3719 2465 conti-

2136 2504 2361 2562 nuant;
2397 2495 2622 2566 quidam
2654 2493 2795 2549 duas
2829 2501 3069 2559 tantum,
3105 2503 3163 2549 ut
3205 2495 3570 2552 Montanistan
3614 2499 3721 2554 Sed

2133 2603 2312 2656 neque
2351 2601 2545 2642 omnes
2571 2585 2762 2640 eodem
2796 2593 3068 2656 tempore,
3091 2596 3184 2642 aut
3213 2590 3403 2645 eodem
3448 2591 3632 2656 modo,
3663 2595 3718 2648 in

2135 2680 2436 2736 ecclesiam
2479 2678 2842 2733 conveniunt.
2876 2677 2983 2733 Alii
3019 2680 3166 2734 enim
3192 2681 3458 2747 Sabbato,
3493 2685 3722 2754 perinde

2135 2783 2200 2823 ac
2235 2769 2525 2823 Dominico
2560 2767 2669 2826 die.
2705 2777 3014 2823 conventus
3060 2777 3263 2839 agunl;
3313 2781 3372 2824 ut
3408 2772 3724 2829 Constanti—
3778 2816 3782 2819 .

2134 2859 2344 2929 nopoli,
2383 2874 2446 2913 ac
2475 2857 2590 2914 fere
2615 2859 2844 2928 ubique.
2880 2858 3068 2915 Romae
3099 2875 3230 2915 vero
3263 2870 3320 2916 et
3344 2863 3718 2933 Alexandria,

2137 2965 2245 3004 non
2284 2951 2440 3004 item.
2471 2947 2530 3003 In
2561 2950 2749 3005 multis
2779 2958 2964 3005 autem
2998 2952 3231 3006 urbibus
3263 2967 3328 3008 ac
3374 2955 3510 3010 vicis
3552 2956 3721 3027 Egy-

2138 3043 2240 3112 pti,
2271 3049 2466 3094 contra
2498 3051 2778 3111 receptam
2824 3043 3066 3097 omnium
3101 3045 3584 3110 consuetudinem,
3628 3049 3722 3104 die

2141 3133 2374 3188 Sabbati
2409 3133 2516 3187 sub
2562 3148 2856 3204 vesperam
2901 3137 3317 3206 convenientes,
3348 3137 3461 3209 jam
3506 3142 3718 3210 pransi,

2138 3239 2296 3279 sacra
2359 3223 2621 3294 mysteria
2678 3225 3018 3295 percipiunt.
3077 3224 3340 3283 Precibus
3397 3244 3618 3300 quoque
3665 3239 3720 3286 et

2139 3313 2370 3384 psalmis
2422 3327 2486 3367 ac
2540 3313 2899 3381 lectionibus,
2955 3331 3058 3372 nec
3110 3317 3304 3373 iisdem
3353 3335 3570 3386 omnes,
3617 3337 3721 3377 nec

2138 3405 2328 3458 eodem
2371 3412 2617 3473 tempore
2651 3406 2728 3458 uti
2761 3407 3030 3474 reperies.
3059 3408 3150 3462 Sic
3179 3411 3587 3467 Revelationem
3621 3412 3724 3467 Pc-

2138 3494 2235 3556 υιί,
2269 3508 2394 3562 ηυδε
2437 3501 2496 3545 ιιι
2543 3491 2857 3546 adulterina
2904 3508 2933 3546 a
2968 3497 3252 3552 veteribus
3289 3501 3572 3568 repudiata
3599 3513 3708 3568 est,

2139 3591 2198 3646 in
2226 3584 2562 3660 quibusdam
2585 3583 2854 3641 Ecclesiis
2882 3585 3189 3645 Palaesdnre
3221 3594 3390 3648 semel
3413 3598 3718 3664 quotannis

1649 3761 1924 3820 V'ALESII
1957 3763 2513 3829 ANNOTATIONES.

461 3847 782 3920 nitatemin
833 3849 1065 3905 ecclesia
1088 3850 1506 3919 profitebantur.
1538 3851 1709 3920 Quem
1736 3863 2032 3910 tractatum

459 3919 788 3992 Ambrosius
839 3928 1014 3992 totum
1049 3919 1345 3990 descripsit
1378 3923 1430 3975 in
1468 3919 1641 3992 lilnm
1678 3923 1756 3978 De
1789 3925 2023 3980 velandis

463 3988 778 4056 virginibus.
838 3989 940 4044 Sed
983 3988 1314 4061 responderi
1382 3988 1563 4061 potest
1630 3994 1777 4049 hunc
1826 3993 2035 4050 Liberii

463 4072 776 4131 sermonem
825 4076 932 4114 non
973 4060 1145 4115 fuisse
1179 4061 1245 4131 ad
1295 4060 1559 4131 populum
1585 4102 1600 4124 .
1638 4065 1732 4119 sed
1779 4065 2039 4119 exhorta-

463 4127 669 4180 tionem
705 4129 968 4183 duntaxat
991 4169 1006 4190 .
1056 4136 1111 4184 et
1148 4127 1535 4186 allocutionem
1565 4133 1630 4186 ad
1664 4133 2036 4188 Mareellinam

462 4197 754 4268 virginem.
797 4200 961 4268 Atqui
996 4197 1336 4255 Sozomenus
1369 4202 1470 4255 hoc
1500 4203 1619 4257 loco
1662 4203 1729 4258 de
1760 4205 2036 4258 sermoni-

2137 3860 2304 3932 Addit
2333 3872 2594 3932 praeterea
2621 3906 2636 3930 ,
2689 3879 2798 3919 non
2843 3864 3020 3918 solum
3053 3864 3141 3917 die
3176 3862 3528 3932 Paschaz.sed
3554 3863 3719 3917 etiam

2139 3929 2523 4004 inApri'ncipio
2577 3929 2747 3999 anni,
2781 3934 2971 4004 idiest
3024 3931 3618 4004 Kalendislanuarij,
3664 3943 3720 3986 ut

2139 4001 2338 4074 opinor
2357 4042 2400 4074 ,γ
2430 4001 2804 4074 patriarchatn
2837 4002 3508 4074 Constantinopolitanutn
3535 4002 3721 4074 Evan-

2140 4071 2340 4138 gelitnn
2389 4071 2447 4126 iri
2506 4076 2741 4128 ecolcsia
2796 4073 2976 4139 legere
3031 4073 3254 4125 solitum
3305 4087 3318 4122 :
3380 4078 3544 4138 atque
3578 4071 3720 4126 hanc

2144 4141 2430 4212 lectionem
2467 4142 2763 4212 dupliciter
2795 4142 2911 4195 fieri
2952 4149 3270 4212 ;_quantntn
3328 4141 3722 4212 enitnﬂrecitat

2143 4209 2463 4280 episcopus,
2507 4209 2847 4265 tantumdem
2878 4210 3111 4265 subinde
3141 4211 3356 4264 recitari
3392 4211 3720 4280 audiacono.
3781 4226 3804 4280 χῖ

464 4265 569 4320 bus
605 4265 995 4348 loquitur,.'qui
1035 4271 1230 4348 fiebant
1266 4270 1334 4348 ad
1370 4273 1630 4348 populum
1676 4276 1816 4328 inter
1840 4272 2038 4348 Missa-
2071 4271 2115 4326 D
2145 4265 2534 4344 IIujus'autem
2583 4283 2656 4335 rei
2694 4281 2878 4348 plures
2904 4295 3103 4334 causas
3130 4280 3332 4333 ibidem
3373 4278 3530 4333 affert
3560 4265 3724 4334 Nice¥
3790 4271 3806 4317 ί

467 4350 590 4412 rum
635 4337 940 4412 solemnia,
973 4355 1110 4410 quas
1143 4338 1315 4412 Graeci
1349 4337 1582 4412 ῥμίλίας
1629 4351 1846 4396 vocant.
1879 4345 2040 4399 tlerte

465 4404 693 4478 verbum
719 4404 1233 4478 oraéaxsw'proprie
1257 4410 1325 4466 de
1346 4404 1414 4465 iis
1439 4404 1788 4468 sermonibus
1809 4412 2036 4468 dicitur.

465 4472 736 4529 Praeterea
785 4481 888 4532 OISI
935 4472 1307 4534 concedamus
1356 4495 1666 4535 sermonem
1723 4492 1853 4536 ιιιιιο
1887 4497 1914 4535 a

465 4543 622 4613 berio
684 4546 928 4603 habitutn
992 4563 1158 4613 esse,
1218 4549 1358 4603 nihil
1422 4549 1528 4605 hoc
1593 4551 1722 4606 facit
1776 4552 2040 4608 adversus

467 4612 856 4672 Sozomenum.
887 4618 942 4671 id
976 4619 1122 4672 enim
1144 4612 1310 4672 extra
1358 4620 1608 4676 ordinent
1655 4621 1862 4678 factum
1893 4630 1975 4675 est
2007 4637 2038 4676 a

465 4680 690 4758 Libet-io
738 4686 795 4758 in
841 4691 1073 4758 gratiam
1123 4687 1474 4744 Marcelline.
1524 4689 1864 4747 Sozotnenus
1913 4707 2042 4746 vero

466 4753 710 4877 {pquitur
741 4757 812 4814 de
841 4753 994 4813 inore
1023 4766 1248 4832 recepto
1283 4767 1454 4830 atque
1483 4761 1689 4817 usitato
1715 4763 1770 4816 in
1796 4759 2042 4816 Ecclesia

517 4839 740 4877 omana.

517 4839 740 4878 omana.

453 4911 458 4945 ε
526 4893 648 4967 ,(49)
681 4894 843 4967 κατὰ
892 4894 1010 4966 τὴν
1051 4894 1295 4967 πρώτην
1341 4897 1574 4967 ἡμέραν
1609 4897 1720 4967 τῆς
1764 4902 2046 4957 ἀναστα-

465 4963 675 5042 ᾳίμου.
725 4963 1068 5042 Νἱοθρὶιότιιε
1092 4963 1469 5024 Callistus-ili
1515 4969 1611 5026 lib.
1656 4963 1756 5037 xit,
1795 4987 1912 5042 cap.
1949 4975 2043 5037 54,

472 5033 621 5089 hunc
664 5033 878 5094 morem
916 5041 1096 5098 adhuc
1151 5059 1250 5097 sua
1300 5051 1462 5102 aetate
1507 5033 1780 5098 mansisse
1816 5033 2031 5098 sc'ribit.

2144 4349 2374 4419 phorus,
2408 4366 2548 4419 quas
2575 4351 2860 4405 studiosus
2898 4350 3070 4403 lector
3099 4349 3207 4403 illic
3239 4350 3498 4402 inveniet.

2219 4418 2331 4490 (δυ)
2368 4417 2530 4474 Κατά
2570 4421 2678 4473 τὸν
2728 4421 2917 4473 αὑτὸν
2955 4420 3188 4490 καιρόν.
3236 4417 3551 4490 Supplcnda
3588 4419 3720 4490 mihi

2143 4487 2363 4543 videtur
2413 4491 2674 4550 particula
2717 4491 2820 4544 hoc
2865 4487 3061 4550 modo,
3110 4489 3204 4540 καὶ
3245 4487 3388 4541 κατὰ
3431 4489 3524 4540 τὸν
3561 4489 3723 4542 αὐτὸν

2145 4559 2358 4627 καιρόν.
2412 4558 2688 4630 Dupliccm
2731 4559 2895 4630 enim
2923 4565 3075 4630 notat
3123 4558 3485 4630 differentiam
3512 4597 3543 4630 ,ᾗ
3573 4559 3720 4628 quod

2147 4643 2327 4697 neque
2373 4628 2575 4685 eaedem
2617 4639 2806 4684 essent
2847 4628 3050 4697 ubique
3085 4643 3278 4697 preces
3318 4637 3373 4683 et
3403 4628 3721 4696 lectiones;

2147 4712 2325 4780 neque
2369 4701 2572 4780 e_o_denr
2587 4709 2840 4780 tempore
2877 4698 3070 4780 fierent
3102 4697 3247 4780 apud
3286 4713 3507 4780 omnes.

2216 4767 2329 4838 (5i)
2375 4769 2495 4838 Τὴν
2536 4768 2605 4822 δὲ
2653 4767 2768 4824 νῦν
2809 4769 2890 4834 ὡς
2956 4767 3397 4838 Ἀποκάαῖυψινἐ
3443 4768 3502 4822 In
3535 4769 3726 4826 codice

2145 4833 2452 4910 Fu'ketiano
2504 4840 2772 4910 scriptum
2805 4833 2890 4893 est
2927 4839 3028 4908 τὴν
3076 4837 3133 4891 δὲ
3182 4833 3310 4910 μήν.
3364 4833 3626 4902 Rectius,
3664 4850 3723 4893 ιιι

2146 4911 2367 4978 opinor.
2397 4908 2744 4981 Nicephorus
2775 4924 2908 4965 vero
2947 4923 3068 4964 eam
3121 4908 3311 4965 v0cem
3347 4911 3723 4979 praetermisit,
3791 4935 3799 4943 -

2147 4990 2208 5033 ιιι
2238 4981 2594 5049 superfluam.

1919 5218 2310 5278 VARIORUM.

541 5314 578 5383 ξ
611 5309 840 5383 Ταύτην
862 5311 932 5364 δὲ
956 5310 1069 5383 τὴν
1094 5313 1258 5383 lepida.
1277 5311 1500 5377 ,βίϐλον
1533 5313 1926 5383 ἀναγινώσκει
1947 5314 2044 5367 ὲν-

415 5396 428 5403 ·
454 5373 836 5465 ’ςάδςμᾴνος
873 5383 908 5435 ὁ
951 5373 1411 5465 domantur-acu
1455 5412 1525 5423 —-
1583 5373 1716 5465 Syri.
1742 5383 2042 5465 hlaronitaa,

471 5455 768 5566 inantum'
802 5466 869 5504 ex
914 5466 1125 5532 'te'ltll'l
1177 5454 1523 5533 ordinatione
1587 5454 1775 5534 colligi
1838 5462 2038 5522 potest,

454 5509 482 5599 ς,
523 5515 1115 5599 ίιιιιιηιίιξῃοοθιιιιιιατι
1150 5523 1429 5599 "dentur.
1481 5520 1622 5599 Nam
1648 5523 2041 5599 dtacono‘post

455 5586 639 5660 iuuant
666 5586 1072 5660 ordinationem
1120 5591 1358 5646 traditur
1399 5593 1718 5660 Apostolus.
1761 5608 1859 5648 seu
1903 5586 2041 5648 liber

455 5652 874 5727 iEpistolarum;
924 5659 1314 5716 archidiacono
1362 5652 1490 5718 vero
1527 5664 1667 5721 liber
1707 5652 2042 5735 Evangelio-
2071 5737 2095 5746 _

2153 5311 2541 5385 l'lllnv__cujus
2595 5314 2883 5385 pericopen
2935 5318 3079 5369 Inter
3117 5313 3406 5385 missarum
3454 5309 3721 5366 solemnia

2152 5384 2300 5452 legit.
2329 5381 2640 5438 Nestoriani
2669 5381 2798 5440 vero
2823 5385 3095 5440 secundos
3125 5384 3249 5435 illos
3277 5382 3722 5452 imitanturquos

2152 5449 2492 5508 Sdzomenus
2533 5463 2944 5508 commemorat.
2980 5453 3140 5506 Juxta
3177 5452 3322 5505 enim
3362 5449 3722 5504 Nestoriano-

2151 5537 2272 5576 l‘lllll
2307 5522 2470 5575 ritum
2501 5523 2738 5578 diacono
2770 5538 2877 5577 non
2907 5522 3070 5574 datur
3107 5521 3242 5575 liber
3274 5519 3719 5587 Evangeliorum,

2149 5591 2244 5646 sed
2277 5592 2642 5668 Epistolarum
2667 5634 2682 5656 ,
2723 5592 2915 5647 lectori
2947 5605 3084 5668 vero
3119 5589 3572 5668 Testamentum;
3622 5588 3718 5668 sed

2148 5656 2469 5733 presbytero
2518 5663 2656 5731 soli,
2704 5677 2830 5720 cum
2863 5659 3188 5733 ordinatur,
3233 5659 3372 5718 liber
3399 5656 3722 5728 Evangelia-
