4054 6188
426 277 444 322 l
467 273 560 328 £79

1891 269 2228 325 SOZOMENI

3544 275 3685 331 ιιεο

423 396 526 460 ιυςιι
566 383 1060 440 animadvertimus
1091 399 1104 438 :
1140 383 1229 438 die
1271 383 1483 438 scilicet
1511 383 1864 448 Parasceves,
1897 401 1993 456 quc

2106 385 2162 438 δὲ
2190 385 2287 454 τῆς
2322 384 2594 455 βασιλείας
2622 385 2985 456 ἰσχυρίζονταὶ
3014 398 3157 448 τινες
3180 383 3386 454 ταύτην
3411 387 3686 458 ηὑρῆσθαι

425 478 657 550 populus
690 475 987 530 admodum
1035 476 1294 545 religiose
1328 477 1541 546 jejunat
1585 477 1643 528 in
1682 476 2007 529 memoriam

423 568 719 622 iiominica:
768 566 1068 636 passionis.
1126 565 1255 619 Eam
1290 582 1420 620 vero
1465 581 1590 636 qua:
1646 581 1792 620 nunc
1845 566 2008 635 quasi

423 659 578 712 l’anli
610 658 846 726 apostoli
875 658 1159 712 Revelatio
1183 659 1597 723 circumfertur,
1628 673 1791 726 quam
1821 659 2010 712 nullus

420 760 665 804 veterum
702 750 952 818 agnovit,
981 750 1206 818 plurimi
1239 765 1304 804 ex
1348 749 1634 802 monachis
1669 747 1828 802 valde
1853 762 2007 802 com-

420 840 706 899 mendant.
749 839 988 905 Quidam
1023 848 1206 894 autem
1253 839 1548 905 aliirmant,
1601 839 1764 907 hujus
1800 839 1868 893 de
1897 854 2007 908 quo

421 932 637 1000 agimus
701 931 1056 1000 imperatoris
1130 931 1472 998 temporibus
1540 937 1813 998 repertum
1884 942 2008 983 esse

421 1023 567 1076 hunc
611 1023 831 1076 librum.
880 1022 1049 1074 Aiunt
1081 1023 1232 1075 enim
1269 1022 1412 1090 apud
1447 1019 1677 1074 Tarsum
1711 1019 1917 1074 Cilicia:
1951 1019 2006 1072 in

418 1113 632 1168 aedibus
676 1111 860 1177 Pauli,
908 1128 1093 1167 arcam
1140 1127 1529 1178 marmoream,
1565 1111 1678 1166 Deo
1706 1111 2003 1176 revelante,

419 1203 524 1258 sub
557 1213 702 1257 terra
747 1202 1028 1255 inventam
1065 1201 1259 1267 fuisse,
1311 1203 1364 1255 in
1401 1218 1509 1271 qua
1564 1203 1653 1254 hic
1686 1202 1824 1255 liber
1858 1208 2005 1256 esset

417 1292 754 1346 reconditus.
796 1290 929 1344 Mihi
973 1305 1100 1344 vero
1133 1291 1233 1344 hac
1279 1290 1347 1344 de
1378 1307 1436 1346 re
1484 1291 1865 1360 percontanti,
1905 1290 2004 1344 lal-

417 1399 539 1438 sum
577 1383 628 1437 id
661 1400 785 1438 esse
811 1383 952 1436 dixit
982 1383 1122 1437 Cilix
1153 1383 1402 1452 quidam,
1427 1384 1718 1453 presbyter
1743 1383 2003 1437 ecclesia:

416 1474 756 1529 Tarsensis:
816 1489 979 1544 quem
1033 1473 1254 1543 quidem
1301 1473 1414 1542 jam
1477 1473 1826 1544 grandaevum
1879 1489 2003 1528 esse

416 1564 536 1634 ipsa
601 1565 837 1619 canities
905 1564 1209 1618 indicabat.
1268 1565 1463 1618 Aiebat
1513 1573 1695 1617 autem
1757 1579 1816 1618 se
1862 1564 2001 1618 nihil

413 1656 686 1724 ejusmodi
744 1656 888 1724 apud
939 1655 1091 1723 ipsos
1139 1661 1353 1724 gestum
1407 1655 1797 1723 comperisse:
1837 1655 2001 1726 309

2109 476 2208 547 τὴν
2268 477 2468 545 βίϐλον.
2516 479 2745 545 Λέγουσι
2794 477 2902 546 γὰρ
2954 480 3018 529 ὲκ
3066 477 3215 540 θείας
3251 479 3575 547 ἐπιφανείας
3629 485 3687 533 ὲν

2111 566 2308 638 Ταρσῷ
2338 567 2440 633 τῆς
2475 569 2726 630 Κιλικίας
2753 568 2894 621 κατὰ
2932 568 3030 638 τὴν
3056 569 3228 621 οὶκίαν
3261 568 3474 622 Παύλου
3497 609 3513 634 ,
3547 587 3689 640 μαρ-

2111 659 2346 730 μαρίνην
2379 659 2626 728 λάρνακα
2673 659 2777 712 ύπὺ
2817 660 2918 730 γῆν
2964 658 3286 729 εὑρεθῆναι,
3327 660 3421 711 καὶ
3459 662 3516 712 ὲν
3541 663 3682 730 αὐτῇ

2106 749 2207 819 τὴν
2263 749 2442 818 βίϐλον
2507 745 2667 802 εἶναι.
2714 751 2986 820 Ἐρομένῳ
3034 750 3090 801 δέ
3148 766 3239 820 μοι
3285 750 3416 820 περὶ
3463 751 3681 812 τούτου,

2105 839 2297 908 ψεῦδος
2317 841 2518 911 ἔφησεν
2545 838 2684 894 εἶναι
2710 842 2866 906 Κίλιξ
2895 840 3262 911 πρεσὸύτερος
3282 841 3381 911 τῆς
3401 843 3456 894 ὲν
3480 841 3684 912 Ταρσῷ

2109 931 2437 1002 ἐκκλησίας’
2474 932 2753 1001 γεγονέναι
2799 935 2897 1002 μὲν
2930 935 3038 1002 γὰρ
3083 933 3292 986 πολλῶν
3335 932 3474 985 ἐτῶν
3518 936 3613 986 καὶ
3648 936 3680 1004 ἡ

2105 1023 2268 1096 πολιὰ
2313 1024 2403 1076 τὸν
2451 1024 2617 1094 ἄνδρα
2669 1025 2939 1078 ἐδείκνυεν
2979 1022 3112 1094 (52).
3149 1024 3341 1092 Ἔλεγε
3393 1023 3450 1076 δὲ
3513 1026 3682 1094 μηδὲν

2104 1115 2344 1168 τοιοῦτον
2370 1116 2693 1170 ἐπίστασθαι
2720 1116 2848 1184 παρ’
2881 1117 3065 1178 αὐτοῖς
3097 1115 3312 1186 συμϐάν
3330 1132 3343 1145 ·
3374 1114 3680 1184 θαυμάζειν

2103 1221 2184 1270 τε,
2209 1209 2256 1258 εί
2288 1207 2360 1277 μὴ
2391 1207 2681 1279 τάδεοπρδς
2719 1208 3010 1278 αίρετικῶν
3043 1207 3474 1261 ἀναπέπλασται.
3520 1207 3683 1260 Ἀλλὰ

2105 1296 2235 1366 περὶ
2288 1297 2388 1366 μὲν
2427 1299 2617 1351 τούτου
2669 1299 2817 1352 τάδε.
2869 1299 3044 1351 Πολλὰ
3073 1298 3118 1350 δ’
3152 1299 3217 1351 ἂν
3234 1296 3400 1366 ἐὕροι
3448 1314 3533 1359 τις
3579 1298 3677 1368 ἔθη

2103 1387 2244 1440 κατὰ
2282 1389 2465 1452 πόλεις
2518 1390 2612 1443 καὶ
2659 1390 2883 1459 κώμας,
2930 1388 3074 1459 ἅπερ
3101 1390 3242 1441 αἰδοί
3269 1389 3378 1441 τῶν
3410 1386 3467 1452 ἐξ
3499 1388 3680 1459 ἀρχῆς

2103 1480 2567 1549 παραδεδωκότων
2588 1521 2602 1544 ,
2637 1481 2673 1550 ἢ
2702 1480 2811 1533 τῶν
2851 1480 3075 1543 τούτους
3099 1480 3497 1550 διαδεξαμένων
3521 1519 3535 1542 ,
3578 1482 3676 1550 οὐχ

2103 1569 2268 1636 ὅσιον,
2297 1572 2416 1625 οὐδὲ
2444 1572 2669 1626 ἀνεκτὸν
2697 1572 2957 1644 ἡγοῦνται
2991 1572 3348 1643 παρασαίνειν
3389 1573 3439 1624 οξ
3465 1571 3675 1632 τούτοις

2104 1662 2483 1732 ἐντραφέντες.
2523 1664 2728 1716 Ταυτὺν
2755 1664 2810 1716 δὲ
2838 1663 2996 1718 τοῦτο
3031 1663 3357 1716 πεπονθέναι
3388 1662 3674 1730 νομιστέον

414 1759 480 1797 ac
511 1745 776 1814 suspicari
832 1759 899 1798 ne
946 1744 998 1796 id
1035 1744 1102 1796 ab
1149 1742 1424 1797 luereticis
1476 1745 1773 1796 contictum
1814 1754 1987 1800 esset.

2103 1729 2231 1816 τοὺς
2261 1753 2579 1825 ἀνθρώπους
2604 1795 2620 1820 ,
2651 1757 2746 1809 καὶ
2784 1755 2911 1826 περὶ
2956 1755 3160 1824 ταύτην
3203 1753 3303 1825 τὴν
3343 1729 3537 1823 ἑορτὴν
3561 1793 3576 1817 ,
3604 1746 3674 1822 ἧς

415 1830 615 1886 Verum
667 1835 734 1887 de
788 1833 888 1886 hac
954 1847 1015 1885 re
1073 1832 1179 1885 ista
1235 1831 1445 1885 dixisse
1496 1829 1748 1884 sulliciat.
1802 1831 1999 1890 Multos

2105 1842 2288 1896 ἕνεκεν
2307 1847 2387 1907 εἰς
2412 1847 2534 1910 τοὺς
2565 1847 2693 1917 περὶ
2727 1848 2932 1901 τούτων
2963 1847 3194 1917 ἐξήχθην
3226 1845 3438 1914 λόγους.

413 1931 677 1990 praeterea
708 1923 852 1976 ritus
879 1922 1082 1991 passim
1117 1923 1170 1974 in
1214 1922 1449 1976 urbibus
1476 1929 1530 1974 et
1559 1921 1714 1992 pagis
1747 1925 1991 1990 reperire
2029 1941 2132 1994 est,
2176 1950 2314 2002 quos
2349 1937 2420 1991 ob
2453 1939 2810 1994 reverentiam
2844 1953 3034 1993 eorum
3071 1939 3167 2008 qui
3233 1940 3492 2007 primitus
3550 1936 3672 1989 illos

413 2016 764 2078 invexerunt,
812 2024 905 2068 aut
934 2031 1123 2069 eorum
1163 2016 1259 2084 qui
1306 2016 1416 2072 illis
1471 2025 1664 2086 postea
1704 2032 2120 2090 successerunt,
2155 2029 2308 2085 nefas
2348 2032 2550 2088 habent
2590 2035 2902 2105 transgredi
2938 2034 2973 2088 ii
3009 2033 3098 2104 qui
3171 2041 3302 2090 sunt
3363 2034 3474 2089 illis
3551 2037 3673 2088 riti-

413 2108 515 2161 bus
566 2105 842 2159 innutriti.
902 2105 1045 2158 Idem
1082 2120 1306 2175 quoque
1354 2105 1676 2160 hominibus
1726 2109 1996 2165 accidisse
2032 2115 2462 2177 existimandum
2537 2135 2624 2180 est
2667 2127 2720 2179 in
2765 2125 2867 2180 hac
2927 2125 3238 2189 festivitate,
3313 2125 3470 2194 cujus
3506 2142 3671 2180 causa

412 2202 468 2254 in
501 2200 650 2255 hunc
683 2199 750 2253 de
783 2199 906 2253 istis
951 2199 1115 2254 rebus
1143 2214 1453 2254 sermonem
1493 2215 1611 2255 sum
1647 2201 1925 2271 delapsus.

555 2289 562 2296 ’
1029 2289 1183 2344 CAP.
1229 2288 1373 2343 XVI.

414 2383 492 2439 De
521 2383 838 2438 incremento
874 2383 1143 2453 religionis
1183 2381 1462 2453 catholica;
1493 2391 1541 2434 et
1569 2381 1632 2436 de
1663 2383 1869 2450 templis
1896 2363 2004 2437 ido-

482 2455 656 2507 lorum
700 2455 909 2522 penitus
951 2451 1208 2516 sublatis,
1242 2463 1290 2506 et
1317 2453 1380 2505 de
1413 2451 1529 2505 Nili
1577 2454 1724 2521 ﬂuvii
1762 2455 2003 2508 exunda-

481 2526 626 2578 tione
650 2539 769 2594 qua
801 2533 911 2576 tum
937 2523 1182 2590 contigit.

484 2613 727 2668 Divulsis
755 2613 900 2666 inter
929 2627 990 2666 se
1021 2626 1086 2664 ac
1117 2611 1427 2674 distractis,
1469 2611 1632 2665 sicuti
1665 2611 1872 2666 dictum
1900 2620 2004 2679 est,

411 2705 647 2759 aliarum
675 2703 1004 2772 opinionum
1030 2701 1426 2760 sectatoribus,
1451 2699 1697 2756 Ecclesia
1731 2701 1998 2758 catholica

409 2797 588 2866 magis
637 2796 933 2865 magisque
983 2795 1037 2847 in
1072 2795 1193 2849 dies
1237 2795 1558 2860 crescebat;
1593 2809 1720 2848 cum
1766 2793 1834 2848 ad
1876 2810 1996 2849 eam

411 2887 637 2958 plurimi
669 2885 1024 2946 accederent,
1056 2892 1172 2937 tum
1217 2899 1283 2939 ex
1324 2883 1724 2938 dissidentibus
1757 2884 1902 2939 inter
1937 2900 1999 2939 se

2695 2305 2944 2359 ΚΕΦΑΛ.
2985 2305 3068 2360 κ’.

2103 2392 2241 2461 Περὶ
2288 2393 2400 2461 τῆς
2446 2393 2769 2462 ἐπιδόσεως
2817 2396 2925 2450 τοῦ
2971 2395 3101 2450 καθ’
3145 2395 3302 2464 ἡμᾶς
3352 2395 3666 2464 δόγματος,

2173 2463 2272 2516 καὶ
2335 2467 2720 2530 καταλύσεως
2786 2469 2872 2530 είς
2932 2467 3106 2531 τέλος
3172 2463 3289 2518 τῶν
3346 2463 3668 2518 είδωλικὼν

2173 2534 2362 2613 νεῶν,
2411 2535 2510 2588 καί
2556 2533 2668 2614 τῆς
2715 2537 3074 2604 πλημμύρας
3117 2535 3227 2605 τῆς
3267 2536 3399 2589 τότε
3450 2535 3666 2588 Νείλου

2173 2620 2280 2656 του
2318 2619 2603 2673 ποταμου.

2174 2697 2574 2766 Διασπωμένων
2597 2697 2653 2749 δὲ
2674 2738 2688 2760 ,
2715 2697 2791 2760 ῶς
2814 2697 3048 2769 εἴρηται,
3081 2697 3188 2750 τῶν
3216 2695 3322 2750 ἀπὸ
3355 2695 3462 2749 τῶν
3491 2693 3667 2748 ἄλλων

2103 2789 2388 2858 αἱρέσεων.
2417 2787 2496 2840 ἔτι
2526 2787 2724 2858 μᾶλλον
2755 2789 3049 2861 ἐπεδίδουή
3083 2786 3304 2840 καθόλου
3348 2786 3664 2856 Ἐκκλησία,

2101 2879 2539 2949 προστιθεμένων
2566 2879 2700 2950 αὐτῇ
2732 2879 3002 2933 πλείστων
3045 2880 3107 2931 ἐκ
3137 2895 3195 2931 τε
3224 2877 3318 2948 τῆς
3358 2878 3492 2947 πρὸς
3524 2881 3664 2944 σφᾶς

411 2975 709 3040 haereticis,
754 2984 867 3028 tum
920 2973 1195 3043 praecipue
1243 2989 1309 3028 ex
1357 2973 1712 3026 multitudine
1760 2989 1993 3043 pagano-

2098 2968 2205 3020 τῶν
2243 2969 2562 3038 ἑτεροδόξων
2589 2969 2872 3040 διχονοίας,
2904 2971 2996 3023 καὶ
3046 2969 3279 3040 μάλιστα
3302 2967 3395 3021 τοῦ
3433 2967 3666 3038 Ἑλληνι-

413 3081 559 3121 rum.
589 3063 722 3116 Nam
753 3077 876 3116 cum
909 3063 1211 3131 imperator
1254 3059 1740 3121 animadverteret,
1772 3041 1993 3128 praeter-

2103 3060 2198 3112 κοῦ
2225 3061 2494 3130 «πλήθους.
2540 3061 2692 3113 Ἐπεὶ
2730 3060 2838 3132 γὰρ
2878 3056 3016 3114 εἶδεν
3050 3063 3078 3112 ὁ
3116 3060 3366 3130 βασιλεὺς
3393 3059 3490 3130 τὴν
3540 3077 3663 3111 συν-

413 3157 476 3210 iti
560 3153 829 3221 temporis
886 3150 1349 3206 consuetudinem
1403 3149 1471 3202 ad
1519 3148 1788 3216 majorum
1833 3162 1993 3201 caere-

2099 3149 2285 3218 ἠθειαν
2313 3150 2405 3202 τοῦ
2433 3151 2790 3221 παρελθόντος
2819 3150 3034 3222 χρόνου,
3067 3151 3145 3203 ἔτι
3168 3152 3300 3222 πρὸς
3320 3150 3380 3202 τὸ
3414 3150 3663 3220 πατρῷον

411 3245 627 3300 monias
669 3253 725 3297 et
776 3243 844 3294 ad
895 3242 1013 3296 loca
1070 3241 1138 3294 ab
1193 3240 1302 3294 illis
1355 3241 1504 3294 culta
1563 3238 1817 3292 subditos
1865 3253 1997 3292 suos

412 3335 770 3408 pertrahere,
807 3333 911 3388 sub
947 3333 1065 3402 ipsa
1101 3331 1319 3400 imperii
1359 3332 1445 3385 sui
1471 3328 1798 3400 primordia,
1826 3332 1996 3384 vetuit

411 3443 482 3484 ne
514 3428 806 3496 quisquam
853 3427 919 3479 ad
955 3440 1018 3481 ea
1070 3425 1190 3480 loca
1234 3422 1540 3478 accederet.
1577 3419 1821 3475 Tandem
1865 3436 1996 3475 vero

413 3520 586 3574 multa
635 3535 702 3574 ex
751 3517 818 3573 iis
864 3517 1154 3572 subvertit.
1190 3514 1270 3568 lta
1322 3513 1520 3585 pagani
1572 3513 1749 3568 sacris
1785 3513 1996 3568 azdibus

411 3610 682 3672 destituti,
704 3623 999 3679 progressu
1028 3606 1292 3676 temporis
1325 3605 1595 3660 ecclesias
1621 3603 1773 3658 adire
1802 3619 1996 3658 assue--

411 3699 540 3752 facti
586 3707 735 3753 sunt.
772 3697 957 3766 Neque
994 3696 1140 3750 enim
1179 3695 1321 3749 clam
1370 3694 1657 3763 gentilium
1697 3708 1849 3747 more
1901 3707 1992 3746 εδ·-

410 3786 690 3849 crillcare,
739 3786 946 3854 absque
995 3784 1242 3854 periculo
1292 3782 1518 3836 licebat.
1568 3780 1672 3836 Sed
1725 3783 1993 3837 adversus

409 3893 506 3932 eos
534 3877 628 3946 qui
657 3877 774 3931 haec
811 3877 1100 3930 admittere
1132 3875 1256 3930 ausi
1287 3883 1493 3938 essent,
1523 3874 1604 3928 lex
1643 3882 1760 3928 erat
1791 3889 1992 3944 propo-

408 3971 536 4034 sita,
569 3984 690 4037 qua:
725 3983 942 4038 poenam
990 3968 1188 4037 capitis
1222 3976 1278 4022 et
1324 3968 1596 4022 bonorum
1630 3966 1995 4036 proscriptio-

407 4074 532 4114 nem
581 4059 649 4114 iis
703 4059 1032 4113 intentabat.
1085 4058 1209 4124 Quo
1257 4058 1477 4128 quidem
1531 4066 1794 4125 tempore,
1840 4059 1993 4110 aiunt

405 4148 628 4221 (Egypti
680 4149 912 4205 ﬂuvium
954 4151 1167 4206 tardius
1201 4151 1365 4206 solito
1413 4149 1696 4204 exundare
1734 4149 1990 4218 cmpissc.

2099 3242 2260 3305 σέϐας
2282 3244 2424 3304 ,καὶ
2453 3246 2575 3306 τοὺς
2606 3243 3073 3314 θρησκευομένους
3098 3245 3230 3313 παρ’
3261 3243 3440 3295 αὐτῶν
3465 3245 3663 3304 τόπους

2096 3329 2358 3382 ἕλκουσαν
2401 3331 2462 3383 τὸ
2495 3332 2731 3402 ὑπήκοον
2751 3373 2764 3397 ,
2797 3332 3101 3402 ἀρξάμενος
3142 3331 3446 3402 βασιλεύειν
3473 3373 3489 3396 ,
3522 3332 3662 3383 ἐκώ-

2095 3414 2221 3468 λυσε
2253 3417 2455 3470 τούτων
2478 3419 2773 3472 ἐπιϐαίνειν
2808 3432 2854 3474 ³.
2886 3420 3162 3473 Τελευτῶν
3192 3421 3270 3485 δὲ,
3311 3422 3401 3473 καὶ
3433 3420 3662 3481 πολλοὺς

2095 3507 2360 3562 καθεῖλεν.
2397 3511 2458 3562 Οἱ
2487 3510 2561 3576 δὲ,
2593 3511 2795 3582 ἀπορίᾳ
2816 3511 3118 3582 εύκτηρίων
3157 3513 3340 3576 οἴκων,
3369 3511 3446 3581 τῷ
3484 3511 3661 3579 χρόνῳ

2098 3599 2552 3669 προσειθίσθησαν
2596 3602 2718 3664 ταῖς
2765 3601 3080 3672 ἐκκλησίαις
3130 3603 3348 3671 φοιίτξίν⁹
3398 3600 3518 3653 οὐδὲ
3552 3600 3659 3670 γὰρ

2094 3690 2269 3760 λάθρα
2297 3691 2444 3743 θύειν
2472 3691 2814 3762 Ἑλληνικῶς,
2849 3692 3126 3746 ἀκίνδυνον
3156 3689 3242 3764 ἦν’
3262 3692 3376 3745 ἀλλ’
3401 3693 3458 3744 ὲν
3492 3694 3657 3760 ἀφαι-

2094 3785 2243 3856 ρέσει
2292 3783 2530 3855 κεφαλῆς
2576 3785 2670 3838 καὶ
2699 3785 2918 3848 οὐσίας,
2953 3785 3115 3854 νόμος
3149 3786 3325 3852 ἔκειτο
3365 3785 3478 3854 (55)
3516 3785 3660 3837 κατὰ

2089 3880 2199 3932 τῶν
2229 3875 2405 3930 ταῦτα
2448 3876 2770 3946 τολμώντων
2802 3877 2899 3948 τὴν
2929 3878 3198 3948 τιμωρίαν
3251 3878 3451 3950 κυρῶν.
3487 3877 3657 3947 Tn»:-

2093 3967 2268 4021 καῦτα
2295 3968 2352 4020 δέ
2389 3985 2520 4035 φασι
2554 3968 2644 4021 τὸν
2669 3969 2946 4036 Αἰγύπτου
2990 3971 3263 4038 ποταμὸν,
3293 3970 3520 4022 κατόπιν
3567 3969 3655 4020 τοῦ

2096 4060 2290 4131 καιροῦ
2346 4059 2597 4129 γενέσθαι
2637 4064 2766 4129 περὶ
2813 4061 2912 4132 τὴν
2965 4060 3186 4132 πρώτην
3241 4060 3503 4115 ἀνάϐασιν
3549 4060 3657 4112 τῶν

2099 4147 2304 4200 ὑδάτων
2322 4164 2336 4177 ο
2359 4148 2408 4198 oi.
2427 4147 2482 4200 δὲ
2510 4147 2796 4216 Αἰγύπτιοι
2817 4149 3188 4218 ἐχαλέπαινον,
3219 4151 3299 4203 ὅτι
3330 4149 3403 4221 μὴ
3439 4166 3654 4219 συγχωο

1551 4327 1822 4383 VALESII
1861 4325 2421 4383 ANNOTATIONILS.

478 4439 590 4506 (52)
641 4437 1000 4510 Ἐδείκνυεν.
1040 4438 1099 4494 In
1146 4439 1334 4495 codice
1369 4439 1669 4496 Fuketiano
1716 4442 1980 4510 scriptum

408 4509 589 4563 inveni
630 4509 880 4580 ἐδείκνυ,
931 4511 1074 4579 quod
1136 4511 1308 4580 magis
1368 4513 1565 4579 placet.
1627 4511 1797 4563 Porro
1832 4509 1973 4579 ipost

411 4594 594 4634 vocem
622 4579 782 4644 ὲτῶν,
807 4581 948 4635 idetn
974 4581 1148 4634 codex
1179 4579 1442 4651 virgulam
1469 4582 1627 4634 habet
1645 4582 1976 4650 appositam.

2088 4439 2201 4510 Ego
2233 4443 2494 4508 punctum
2522 4436 3074 4510 _mallem_ascriher_c.

2159 4502 2271 4580 (53)
2292 4510 2486 4580 Νόμος
2511 4508 2721 4580 ἔκειτο.
2753 4506 2888 4580 Vide
2903 4507 3132 4580 titulum
3161 4507 3213 4560 in
3241 4504 3437 4580 Codice
3469 4502 3648 4559 Theo-

2085 4576 2312 4634 doSiano
2351 4578 2422 4634 De
2451 4579 2700 4648 paganis,
2739 4576 3029 4633 sacrificiis
3056 4586 3108 4632 et
3139 4577 3374 4646 templis.

1849 4752 2237 4808 VARIORUM.

406 4858 783 4933 rum.__|taque
819 4859 922 4913 hac
957 4862 1011 4933 in
1048 4877 1107 4916 re
1143 4862 1291 4916 nulla
1333 4875 1456 4914 cum
1493 4861 1821 4916 necessitate
1849 4877 1975 4931 ege-
2009 4867 2052 4922 D
2084 4863 2360 4924 Zosimus,
2398 4877 2517 4933 pag.
2543 4862 2668 4925 758,
2707 4871 2876 4933 utque
2908 4870 3126 4917 constat
3155 4878 3220 4916 ex
3253 4864 3369 4932 lege
3394 4863 3648 4933 Theodo-

407 4940 536 4988 runt
565 4928 856 4994 Ecclesia),
903 4931 999 4984 sed
1033 4947 1375 5000 unaquaeque
1407 4933 1460 4984 in
1507 4950 1609 4986 suo
1654 4949 1817 4986 senisu
1855 4928 1977 4988 sine

361 5059 364 5063 ,
407 5001 638 5071 alterius
665 4999 1094 5067 reprehensione
1125 4999 1342 5071 semper
1357 5003 1682 5056 abundavit.
1710 5001 1973 5066 Morinus,

405 5071 484 5125 De
521 5069 967 5140 ordinationibus,
1003 5080 1146 5137 part.
1179 5069 1262 5134 In,
1294 5087 1417 5140 pag.
1456 5072 1578 5126 156.

478 5151 501 5178 ιι
566 5138 912 5208 Ἀρξάμεζος
961 5138 1336 5208 βασιελεύειὺ,
1372 5138 1665 5195 ᾍκώλυσε
1747 5144 1975 5196 τούτων

403 5204 751 5281 summa.
802 5207 1060 5281 Testatur
1109 5204 1385 5273 Zosimus,
1429 5213 1522 5266 lib.
1562 5227 1636 5274 tv,
1683 5228 1806 5281 pag.
1845 5213 1970 5280 755,

407 5278 779 5351 Theodosium
832 5277 988 5351 circa
1037 5291 1213 5351 annos
1275 5281 1378 5351 579
1430 5290 1485 5334 et
1527 5282 1630 5335 580
1676 5277 1972 5351 gentilibus

405 5349 608 5418 templa
633 5348 887 5420 adeundi,
918 5348 1221 5420 patriisque
1247 5348 1701 5420 ritibus'numiua:
1720 5353 1970 5420 placandi

404 5416 729 5490 potestatem
773 5417 995 5490 fecisse.
1051 5416 1170 5490 Ἔτι
1221 5419 1625 5490 γὰρνίηιμιίι,
1675 5416 1743 5490 ἦν
1789 5422 1973 5484 αὐτοῖς

404 5487 555 5540 ἄδεια
580 5489 674 5540 τοῦ
700 5489 897 5558 νφοιτᾷν
925 5489 1003 5550 είς
1036 5486 1115 5558 τάξ
1137 5488 1279 5558 ίερὰ,
1298 5486 1410 5558 ﬁnal.
1437 5486 1507 5542 τὰ
1537 5489 1655 5541 θεῖα
1682 5486 1823 5542 κατὰ
1847 5492 1973 5553 τοὺς

404 5558 665 5628 πατρίους
691 5556 924 5628 θεσμοὺς
944 5556 1399 5628 ὲκμειλίττεσθαι.
1433 5558 1644 5612 Etenim
1664 5575 1796 5612 mox
1825 5574 1970 5614 anno

401 5625 531 5679 εει
561 5625 1028 5696 ιαιιῖιιίεὺοιιωιι
1085 5626 1382 5694 indictum,
1438 5637 1495 5683 ut
1551 5637 1784 5685 testatur
1825 5630 1968 5685 idem

2080 4936 2236 4990 siana
2287 4932 2548 4986 adversus
2603 4932 2898 5004 sacriﬁcia,
2932 4949 3054 5004 qua:
3107 4933 3188 4988 sic
3219 4933 3382 4987 habet
3413 4951 3426 4986 :
3459 4932 3518 4986 Si
3555 4936 3645 5001 qui

2077 5005 2249 5058 vetitis
2270 5004 2551 5072 sacriﬁciis
2577 5003 2780 5056 diurnis
2821 5003 3211 5071 nocturnisque,
3243 5004 3376 5056 velut
3426 5019 3646 5056 vesanus

2076 5091 2141 5127 ac
2192 5076 2476 5145 sacrilegus
2524 5076 2842 5127 incertorum
2913 5074 3269 5145 consultorum
3342 5074 3643 5145 immiserit,

2077 5146 2362 5212 fanumque
2387 5143 2494 5198 sibi
2531 5153 2622 5196 aut
2665 5145 2911 5210 templum
2941 5143 3008 5195 ad
3038 5143 3400 5209 hujuscemodi
3431 5143 3643 5195 sceleris

2077 5211 2471 5268 excusationem
2509 5214 2882 5267 assumendum
2931 5213 3232 5273 crediderit,
3283 5214 3359 5266 uel
3382 5211 3642 5282 putauerit

2077 5283 2412 5345 adeundum,
2457 5285 2827 5352 proscriptioni
2875 5300 2928 5337 se
2970 5284 3167 5336 noverit
3202 5283 3588 5352 subjugandum
3621 5297 3643 5333 :

2078 5370 2196 5407 cum
2223 5371 2316 5407 nos
2346 5354 2500 5422 justo
2539 5355 2870 5408 institutione
2896 5369 3198 5407 moneamus
3229 5353 3449 5406 :Castis
3475 5355 3640 5404 Deum

2079 5425 2334 5493 precibus
2379 5423 2780 5493 excolendum,
2818 5440 2931 5493 non
2975 5423 3475 5493 diriscarminibus
3507 5436 3639 5493 pto-

2080 5491 2396 5548 i‘anandum.
2439 5494 2563 5547 Dat.
2599 5508 2698 5548 xm
2739 5492 2866 5550 Kal.
2898 5491 3022 5548 Jan.
3055 5491 3245 5548 CPoli.
3289 5491 3547 5548 Eucherio
3587 5497 3636 5545 et

2077 5563 2302 5634 Syagrio
2342 5580 2478 5619 coss.
2513 5565 2532 5633 (
2552 5563 2675 5619 581.
