4054 6188
459 274 601 329 1483

1924 263 2157 323 'SOZOM
2170 263 2280 322 EN!

3598 275 3734 331 “8'.

457 394 774 464 impositum
824 392 1124 447 transferre
1173 396 1481 460 eruperunt.
1515 386 1633 443 ‘Sed
1677 401 1804 441 cum
1849 386 2030 442 venis-

2142 383 2299 457 ἦγον.
2317 387 2406 450 Ὠς
2433 386 2490 440 δὲ
2531 388 2607 450 εἱς
2631 387 2692 441 τὸ
2720 387 3042 460 ῐῐαντείχιον
3069 381 3227 460 ἧκον,
3254 391 3458 462 χωρίον
3485 391 3543 445 δὲ
3577 392 3740 445 τοῦτο

455 494 579 539 sent
625 483 995 546 Pantichium,
1031 481 1127 552 qui
1180 482 1336 536 locus
1367 487 1453 536 est
1484 480 1538 534 in
1572 493 1706 549 agro
1739 477 2047 533 Chalcedo-

454 577 735 641 nensium,
771 575 934 630 mulae
967 589 1092 644 qua:
1123 572 1435 628 vehiculum
1473 571 1788 636 trahebant,
1812 569 2048 626 ulterius

455 668 712 738 progredi
743 668 1153 730 detrectarunt;
1191 664 1355 733 idque
1387 663 1515 718 licet
1538 662 1836 732 equisones
1866 661 2046 717 minas

455 761 590 831 ipsis
629 760 989 823 intentarent,
1039 765 1094 810 et
1146 755 1337 826 auriga
1395 753 1608 826 ﬂagello
1653 754 1907 824 graviter
1951 769 2046 810 eas

452 851 708 906 caederet.
739 848 846 916 Qui
881 864 1006 904 cum
1036 845 1174 901 nihil
1209 846 1566 918 proﬁcerent,
1592 856 1646 900 et
1666 847 1888 901 cunctis
1915 845 2046 916 ipsi-

452 959 558 1013 que
603 941 746 997 adeo
793 938 1110 1010 imperatori
1145 952 1210 994 ea
1246 953 1335 994 res
1377 937 1651 1008 stupenda
1696 951 1761 993 ac
1804 952 2040 1008 prorsus

450 1035 639 1090 divina
675 1033 978 1096 videretur,
1017 1030 1074 1084 in
1105 1029 1226 1083 vico
1275 1029 1485 1084 Cosilai
1524 1043 1751 1084 sacrum
1781 1028 1918 1084 illud
1948 1043 2045 1084 ca-

450 1135 549 1194 put
577 1126 974 1194 deposuerunt.
1005 1119 1315 1175 Eratenim
1349 1117 1444 1173 hic
1481 1117 1640 1174 vicus
1676 1119 1734 1173 iu
1765 1119 2040 1190 proximo,

447 1227 504 1273 et
552 1217 618 1270 ad
667 1213 1050 1285 supradictum
1095 1211 1442 1266 Mardonium
1495 1210 1831 1282 pertinebat.
1867 1208 2044 1266 Porro

448 1311 595 1366 circa
640 1309 744 1362 hoc
778 1315 1017 1376 tempus,
1047 1303 1168 1360 sive
1212 1301 1330 1367 Dei,
1375 1302 1494 1357 sive
1539 1301 1823 1373 prOphetae
1865 1300 2042 1372 ipsius

446 1401 716 1472 impulsu,
747 1398 1048 1467 imperator
1075 1393 1427 1450 Theodosius
1457 1392 1529 1448 ad
1555 1407 1681 1447 eum
1707 1393 1886 1448 locum
1913 1406 2040 1462 per-

445 1493 612 1550 rexit.
669 1491 922 1559 Cumque
974 1485 1236 1556 Baptista!
1297 1483 1569 1555 reliquias
1629 1481 1762 1539 inde
1817 1482 2040 1539 auferre

444 1585 632 1647 vellet,
663 1583 805 1645 sola,
834 1587 902 1635 ut
933 1578 1114 1644 aiunt,
1148 1576 1203 1633 ei
1238 1576 1455 1632 restitit
1490 1574 1758 1640 Matrona,
1795 1589 1920 1644 qua:
1945 1590 2036 1631 sa-

446 1689 598 1734 crata
624 1675 852 1749 quidem
891 1674 1046 1744 virgo
1069 1679 1227 1740 erat;
1251 1679 1516 1727 caeterum
1555 1676 1722 1740 caput
1745 1668 1887 1725 illud
1914 1677 2037 1724 tan-

2151 477 2521 547 Χαλκηδόνος,
2554 478 2736 532 οὐκέτι
2788 480 3122 551 προσωτέρω
3179 480 3417 551 βαδίζειν
3451 485 3746 552 ἠνείχοντο

2150 569 2205 621 αἱ
2237 565 2299 620 τὸ
2331 567 2521 638 όχημα
2553 568 2912 623 καθέλκουσαι
2964 571 3223 640 ήμίονοι,
3264 573 3360 626 καὶ
3404 572 3582 628 ταῦτα
3633 575 3744 626 τῶν

2151 661 2474 731 ἱπποκόμων
2498 660 2957 726 ἐπαπειλοῦντων,
2985 665 3080 717 καὶ
3105 663 3198 716 τοῦ
3227 664 3448 735 ἡνιόχου
3479 665 3743 736 χαλεπῶς

2146 755 2211 824 τῇ
2252 753 2479 823 μάστιγι
2502 753 2840 820 κεντοῦντος.
2889 756 2977 820 Ὧς
3023 756 3081 809 δὲ
3119 757 3274 812 οὐδὲν
3323 758 3488 827 ήνυον
3512 799 3527 821 ,
3560 757 3742 810 ἐδόκει

2145 843 2203 896 δέ
2236 846 2368 897 πᾶσι
2416 846 2510 898 καὶ
2550 844 2700 915 αὐτῷ
2728 845 2806 915 τῷ
2858 845 3070 916 βασιλεῖ
3114 848 3422 918 παράδοξον
3463 845 3608 902 εἶναι
3646 851 3744 903 καὶ

2147 933 2288 986 θεῖον
2317 933 2380 986 τὸ
2420 936 2653 1005 πρᾶγμα
2671 974 2684 994 ,
2718 934 2983 990 ἀπέθεντο
3009 935 3218 1007 ταύτην
3246 937 3348 1007 τήν
3374 939 3527 1010 ἱερὰν
3562 957 3743 1010 κεφαο

2143 1025 2242 1094 λὴν
2279 1026 2339 1078 ἐν
2376 1028 2443 1096 τῇ
2469 1026 2742 1080 Κοσιλάου
2771 1025 2955 1097 κώμῃ.
2997 1028 3196 1098 Ἔτυχε
3218 1029 3330 1100 γὰρ
3377 1031 3444 1083 ἐκ
3474 1032 3742 1099 γειτόνων

2142 1111 2299 1181 οὖσα,
2327 1116 2422 1169 καὶ
2457 1117 2766 1189 Μαρδονίου
2797 1117 2991 1171 τούτου
3022 1121 3228 1189 κτῆμα.
3261 1119 3401 1191 Περὶ
3442 1121 3499 1174 δὲ
3545 1123 3740 1175 τοῦτον

2141 1209 2232 1262 τὸν
2287 1209 2515 1281 χρόνον,
2567 1208 2601 1280 ἢ
2651 1209 2748 1263 τοῦ
2792 1209 2962 1275 Θεοῦ,
3017 1211 3052 1280 ἦ
3093 1211 3260 1264 αὐτοῦ
3301 1212 3398 1265 τοῦ
3452 1215 3739 1284 προφήτου

2141 1296 2587 1373 κινοῦντος,ἦκεν
2615 1302 2696 1365 εἱς
2727 1301 2885 1372 τήνδε
2916 1301 3018 1372 τὴν
3037 1300 3232 1372 κώμην
3265 1303 3548 1368 Θεοδόσιος
3583 1307 3615 1358 6
3641 1305 3738 1376 βα-

2141 1395 2342 1460 σιλεύς.
2376 1395 2692 1466 Βουλομένῳ
2756 1411 2815 1448 τε
2865 1392 2961 1447 τοῦ
3004 1395 3316 1449 Βαπτιστοῦ
3367 1396 3428 1451 τὸ
3477 1396 3737 1467 λείψανον

2138 1485 2342 1548 λαϐεῖν,
2364 1485 2532 1555 μόνην
2554 1483 2718 1552 φασὶν
2741 1483 3016 1543 ἀντειπεῖν
3032 1484 3366 1555 Ματρώναν,
3395 1486 3429 1554 ἢ
3460 1487 3736 1556 παρθένος

2143 1577 2241 1647 μὲν
2267 1571 2335 1647 ἦν
2371 1574 2491 1648 ἱερά
2515 1614 2530 1640 ,
2581 1575 2767 1628 εἵπετο
2797 1574 2854 1627 δὲ
2900 1575 3037 1644 αὐτῇ
3086 1573 3334 1637 διάκονος
3363 1575 3478 1644 (57)
3505 1577 3602 1629 καὶ⁵
3635 1579 3735 1645 φύ-

2139 1667 2260 1735 λαξ.
2302 1664 2694 1737 Ἀνθισταμένη
2748 1665 2804 1718 δέ
2862 1666 3024 1717 παντὶ
3055 1664 3254 1729 σθένει,
3291 1664 3591 1734 βιάσασθαι
3634 1669 3732 1738 οὐχ

444 1787 612 1843 quam
636 1738 890 1825 ministra
904 1775 958 1822 et
975 1738 1167 1822 cusios
1182 1738 1574 1821 comitabatur.
1593 1738 1730 1818 dum
1753 1761 1922 1834 igitur
1946 1761 2030 1816 illa

2141 1761 2418 1830 ἡγήσαντο
2442 1759 2552 1812 δεῖν
2583 1757 2694 1827 (58)
2719 1772 2732 1786 ⁶
2766 1756 3062 1811 ἀντιϐολῶν
3086 1755 3164 1822 δὲ,
3195 1757 3369 1811 ἐδεῖτο
3397 1763 3728 1830 συγχωρεῖν.

444 1865 597 1921 omni
632 1862 834 1917 virium
869 1861 997 1916 nisu
1040 1859 1314 1925 obstaret,
1347 1858 1651 1928 imperator
1691 1869 2037 1927 nequaquam

444 1964 567 2004 eam
586 1945 888 2017 cogendam
910 1957 1035 2000 esse
1054 1942 1296 2008 censuit,
1337 1942 1433 1997 sed
1455 1940 1714 2010 precibus
1736 1938 2039 1994 contende-

444 2042 573 2104 bat,
621 2047 682 2093 ut
712 2035 980 2106 reliquias
1019 2033 1142 2088 tolli
1179 2032 1549 2102 permitteret.
1589 2031 1746 2098 Quod
1783 2044 1910 2086 cum
1943 2029 2034 2084 illa

443 2135 603 2207 311
637 2132 728 2188 vix
765 2131 987 2185 tandem
1022 2127 1428 2190 concessisset,
1463 2126 1680 2180 irritum
1711 2124 1830 2180 fore
1863 2124 2036 2193 impe-

443 2224 648 2278 ratoris
695 2226 954 2276 conatum
1007 2215 1272 2271 arbitrata
1299 2254 1314 2281 ,
1358 2229 1426 2269 ex
1475 2227 1542 2270 eo
1585 2213 1737 2284 quod
1784 2211 2034 2267 Valentis

445 2308 788 2381 temporibus
832 2305 1149 2372 acciderat,
1227 2304 1526 2374 imperator
1564 2303 1807 2358 loculum
1840 2305 1895 2356 in
1927 2316 2034 2372 quo

444 2400 682 2457 conditae
715 2409 876 2456 erant
910 2397 1188 2468 reliquiae,
1226 2410 1500 2466 purpurea
1535 2402 1694 2450 veste
1725 2409 1835 2464 qua
1869 2393 2032 2448 indu-

443 2503 537 2550 tus
575 2501 697 2548 erat
745 2491 1068 2554 involvens,
1111 2503 1301 2544 secum
1339 2486 1578 2550 detulit;
1625 2499 2028 2555 reversusque,

444 2586 500 2640 in
551 2583 878 2640 suburbano
935 2581 1091 2636 urbis
1149 2577 1828 2649 Constantinopolitanae,
1883 2574 2032 2647 quod

445 2676 738 2746 septimum
786 2673 1016 2736 dicitur,
1066 2669 1368 2742 deposuit;
1415 2667 1757 2740 amplissima
1814 2665 1926 2720 illic
1977 2671 2033 2720 et

444 2766 820 2837 pulcherrima
858 2763 1091 2820 basilica
1150 2763 1203 2817 in
1246 2762 1513 2816 honorem
1551 2759 1645 2814 Dei
1687 2765 2029 2814 constructa.

443 2858 748 2914 Matronam
781 2874 914 2913 vero
948 2856 1207 2926 quamvis
1235 2853 1329 2910 diu
1365 2853 1711 2923 multumque
1743 2860 2026 2922 precatus,

443 2965 752 3021 magnaque
798 2948 847 3003 ei
899 2961 1129 3002 niunera
1179 2939 1492 3016 pollicitus’
1514 2950 1697 3005 esset,
1747 2956 2028 3012 nunquam

2151 1850 2306 1904 Ἐπεὶ
2339 1850 2398 1904 δὲ
2427 1849 2583 1921 μόλις
2618 1845 2794 1914 εἶξεν,
2827 1849 3106 1920 ’ἀνήνυτον
3137 1843 3278 1903 εἷναι
3319 1851 3599 1922 νομίσασα
3651 1851 3730 1922 τῷ

2139 1939 2428 2012 κρατοῦντι
2453 1939 2551 2011 τὴν
2599 1939 2944 2011 ἐπιχείρησιν
2969 1939 3114 1994 κατά
3141 1939 3203 1993 τὸ
3242 1941 3461 2012 συμϐάν
3501 1943 3599 1996 ἐπὶ
3621 1943 3732 1997 τῶν

2136 2032 2435 2094 Οὐάλεντος
2465 2031 2697 2102 χρόνων,
2736 2029 3050 2102 περιλαϐὼν
3079 2034 3146 2103 τῇ
3177 2031 3463 2103 ἁλουργίδι
3503 2034 3607 2104 τὴν
3637 2033 3728 2105 θή-

2134 2140 2238 2195 κην
2265 2123 2324 2176 ἐν
2410 2120 2612 2188 ἔκειτο,
2638 2120 2779 2192 ἔχων
2805 2121 3098 2192 ἐπανῆλθε.
3117 2123 3228 2176 Καὶ
3255 2123 3364 2194 πρὸ
3389 2123 3486 2177 τοῦ
3516 2126 3726 2189 ἄστεως

2135 2211 2766 2275 Κωνσταντινουπόλεως
2813 2211 2966 2266 ἔθετο
2999 2214 3057 2267 ἐν
3089 2212 3169 2283 τῷ
3205 2213 3534 2287 καλουμένῳ
3580 2217 3727 2270 ἐϐδό-

2135 2322 2254 2376 μῳο
2293 2303 2550 2375 μέγιστον
2583 2304 2678 2357 καὶ
2713 2303 3209 2376 περικαλλέστατον
3254 2307 3334 2377 τῷ
3376 2307 3498 2378 Θεῷ
3530 2309 3720 2364 ἐνθάδε

2133 2396 2258 2449 ναὸν
2309 2395 2573 2465 ἐγείρας·
2622 2393 2796 2448 πολλά
2844 2395 2902 2448 δὲ
2951 2394 3217 2460 πολλάκις
3241 2381 3560 2470 λιπαρήσας
3606 2401 3724 2455 Μα-

2132 2488 2344 2562 τρώναν
2391 2486 2486 2542 καὶ
2515 2487 2888 2558 κεχαρισμένα
2922 2487 3331 2559 ὑποσχόμενος,
3378 2491 3481 2544 οὐκ
3538 2492 3722 2545 ἔπεισε

2135 2579 2465 2653 μεταθέσθαι
2490 2579 2593 2650 τῆς
2616 2579 2794 2650 δόξης.
2826 2575 2934 2632 Ἦν
2967 2579 3076 2650 γὰρ
3116 2579 3219 2650 τῆς
3254 2581 3594 2636 Μακεδονίου
3638 2585 3720 2635 αξ-

2135 2673 2354 2742 ρέσεως.
2385 2669 2644 2739 Καίτοιγε
2696 2671 2972 2734 Βικέντιος
3015 2671 3430 2744 πρεσϐύτερος,
3470 2673 3721 2743 όμόδοξος

2130 2762 2206 2818 ὢν
2230 2763 2366 2833 αὐτῇ
2392 2803 2406 2827 ,
2439 2762 2533 2817 καὶ
2560 2761 2660 2832 τήν
2695 2761 2853 2833 σορὸν
2882 2762 2974 2816 τοῦ
3013 2764 3296 2834 προφήτου
3321 2765 3521 2837 ἐπίσης
3559 2766 3719 2838 θεραο

2133 2856 2334 2921 πεῦων,
2366 2856 2460 2909 καὶ
2491 2855 2618 2926 περὶ
2654 2854 2860 2925 ταύτην
2907 2855 3201 2926 ἱερώμενος
3234 2855 3348 2926 (59)
3371 2897 3386 2921 ,
3415 2857 3718 2929 ἠκολούθη-

2133 2966 2222 3002 σεν
2265 2947 2463 3002 αὐτίκα
2487 2987 2502 3011 ,
2551 2945 2646 3001 καὶ
2689 2949 2802 3010 τοῖς
2841 2946 2948 2999 ἀπὸ
2979 2947 3076 3018 τῆς
3126 2947 3358 3004 καθόλου
3391 2949 3718 3023 Ἐκκλησίας

442 3057 509 3096 eo
551 3041 828 3095 adducere
867 3038 1082 3109 potuit,
1121 3045 1180 3091 ut
1221 3037 1554 3092 sententiam
1597 3043 1855 3089 mutaret.
1899 3035 2030 3087 Erat

2134 3037 2512 3106 ἐκοινώνησεν.
2569 3037 2888 3107 ’Δπώμοτον
2942 3038 3074 3108 μὲν,
3125 3038 3201 3102 ὡς
3244 3040 3497 3110 λέγουσιν
3548 3041 3599 3094 οἱ
3650 3048 3718 3100 τᾶ

443 3131 588 3185 enim
620 3147 686 3184 ex
722 3139 872 3185 secta
911 3128 1452 3183 Maccdonianorum.
1483 3126 1809 3181 Vincentius
1843 3133 2026 3180 tamen

442 3222 753 3294 presbyter,
790 3221 886 3291 qui
929 3219 1182 3289 ejusdem
1217 3228 1385 3274 sectae
1416 3233 1541 3272 cum
1583 3217 1829 3271 Matrona
1863 3227 1984 3273 erat
2009 3261 2023 3284 ,

443 3323 498 3370 et
536 3313 653 3384 pari
696 3327 820 3367 cum
864 3311 954 3365 illa
995 3309 1264 3380 obsequio
1305 3325 1488 3365 arcam
1524 3309 1804 3380 prophetae
1835 3325 2023 3366 scrva-

445 3409 561 3473 bat,
586 3413 640 3461 et
675 3403 835 3475 juxta
860 3404 1010 3458 illam
1039 3403 1338 3460 missarum
1379 3403 1646 3458 solemnia
1676 3403 2012 3466 celebrabat,

444 3497 594 3552 illico
621 3501 953 3553 subsecutus
983 3505 1104 3563 est;
1141 3503 1196 3551 et
1225 3509 1350 3551 cum
1377 3495 1444 3552 iis
1464 3536 1480 3563 ,
1510 3495 1605 3566 qui
1634 3503 1792 3551 erant
1826 3510 1891 3551 ex
1922 3495 2024 3550 Ec-

443 3589 614 3645 clesia
683 3589 996 3655 catholica,
1071 3587 1527 3654 communicavit,
1576 3587 1833 3652 tametsi,
1881 3586 2026 3642 sicut

445 3679 826 3734 Maccdoniani
859 3686 1152 3745 asserunt,
1181 3677 1546 3749 jurejurando
1571 3678 1900 3750 interposito
1925 3694 2026 3733 an-

444 3783 533 3828 tea
564 3770 924 3835 atlirmasset,
960 3785 1244 3840 nunquam
1287 3785 1348 3826 se
1387 3769 1458 3825 ab
1499 3770 1721 3826 illorum
1761 3770 2025 3841 opinione

446 3879 820 3927 recessurum,
874 3862 942 3918 ad
972 3871 1281 3918 extremum
1320 3877 1449 3919 vero
1479 3863 1655 3932 palam
1686 3863 2027 3920 decrevisset

447 3968 529 4028 ut,
563 3959 608 4014 si
642 3957 886 4028 Baptista
921 3956 1308 4026 imperatorem
1342 3955 1498 4026 sequi
1526 3956 1710 4022 vellet,
1745 3956 1862 4027 ipse
1888 3972 2028 4026 quo-

444 4068 553 4122 que
586 4051 797 4121 absque
828 4049 941 4103 ulla
975 4047 1240 4103 dilatione
1269 4061 1396 4102 cum
1437 4047 1533 4102 illo
1564 4049 2023 4105 communicaret.

445 4141 578 4197 Erat
603 4141 694 4196 hic
725 4139 946 4210 origine
970 4135 1166 4205 Persa,
1193 4136 1287 4208 qui
1319 4138 1627 4194 Constantii
1660 4140 2024 4210 temporibus,

445 4248 570 4287 cum
605 4229 918 4301 persecutio
961 4227 1231 4284 adversus
1280 4225 1632 4284 Christianos
1684 4227 1741 4282 in
1794 4225 2026 4284 Perside

447 4328 815 4388 grassaretur,
857 4329 1078 4388 arrepta
1119 4317 1244 4390 fuga
1273 4361 1289 4384 ,
1329 4319 1496 4374 simul
1525 4334 1649 4376 cum
1694 4320 1848 4376 Adda
1892 4335 2027 4376 con-

445 4413 708 4479 sobrino,
739 4413 793 4467 in
827 4411 1201 4468 Romanorum
1235 4412 1500 4468 ditionem
1533 4420 1779 4468 venerat.
1815 4412 1878 4466 Et
1910 4414 2026 4482 ipse

447 4503 670 4575 quidem
710 4505 862 4560 clero
932 4503 1252 4575 ascriptus,
1293 4503 1360 4557 ad
1407 4502 1743 4573 presbyterii
1791 4502 2021 4572 gradum

2134 3127 2471 3181 Μακεδονίου
2498 3126 2825 3199 φρονοῦντες
2845 3169 2859 3194 ,
2887 3129 3259 3200 ποιησάμενος
3281 3169 3296 3194 ,
3341 3131 3418 3203 μή
3455 3148 3584 3185 ποτε
3621 3151 3715 3203 μεο

2133 3217 2466 3289 ταθήσεσθαι
2511 3218 2610 3287 τῆς
2656 3219 2836 3273 αὐτῶν
2883 3220 3077 3291 δόξης·
3123 3221 3186 3274 τὸ
3211 3223 3268 3276 δὲ
3300 3224 3609 3279 τελευταῖον
3639 3227 3716 3288 είς

2127 3308 2189 3362 τὸ
2213 3309 2490 3380 προφανὲς
2519 3311 2741 3382 ὁρίσας,
2770 3313 2846 3375 ὠς
2876 3314 2924 3365 εἰ
2957 3313 3130 3368 ἓλοιτο
3162 3315 3190 3366 6
3235 3315 3551 3389 Βαπτιστής
3597 3319 3714 3372 ἀκο-

2129 3400 2390 3472 λουθῆσαι
2429 3403 2508 3474 τῷ
2549 3404 2779 3474 βασιλεῖ,
2827 3405 2922 3459 καὶ
2954 3407 3117 3461 αὐτὸν
3157 3411 3514 3481 κοινωνήσειν
3543 3412 3711 3482 αὐτῷ,

2129 3491 2294 3563 μηδὲν
2324 3493 2732 3566 διαφερόμενον.
2783 3496 3031 3565 Ἐγένετο
3074 3497 3129 3552 δὲ
3185 3493 3344 3565 οὗτος
3392 3503 3613 3574 Πέρσης
3650 3504 3714 3556 τὸ

2126 3584 2311 3653 γένος·
2356 3586 2448 3640 ἐπὶ
2485 3587 2541 3640 δὲ
2577 3587 2680 3658 τῆς
2716 3587 3100 3642 Κωνσταντίου
3158 3590 3438 3662 βασιλείας
3469 3595 3712 3666 διωγμοῦ

2127 3675 2530 3741 καταλαϐόντος
2561 3677 2688 3742 τοὺς
2717 3679 2776 3732 ἐν
2805 3679 3028 3751 Περσίδι
3056 3682 3428 3753 Χριστιανοὺς
3453 3727 3467 3750 ,
3495 3686 3712 3756 φεύγων

2129 3769 2247 3840 ἅμα
2283 3770 2440 3842 Ἀδδᾷ
2465 3770 2546 3842 τῷ
2575 3770 2740 3826 αὐτοῦ
2773 3772 2979 3844 ἀνεψιῷ
3005 3815 3020 3840 ,
3065 3777 3144 3840 εἱς
3187 3777 3493 3848 Ῥωμαίους
3528 3775 3710 3851 ἦλθεν.

2135 3861 2276 3915 Ἀλλ’
2307 3863 2335 3915 6
2365 3863 2464 3934 μὲν
2499 3861 2690 3934 κλήρῳ
2718 3864 3076 3936 ἐγκατελέγη,
3111 3867 3208 3921 καὶ
3230 3870 3310 3932 είς
3337 3870 3710 3942 πρεσϐυτέρου

2125 3953 2396 4024 προῆλθεν
2441 3953 2618 4019 ἀξίαν.
2682 3955 2871 4020 Ἀδδᾶς
2942 3957 2999 4011 δὲ
3053 3959 3275 4029 γήμας,
3328 3961 3560 4030 μέγιστα
3612 3964 3712 4034 τὴν

2136 4044 2464 4116 Ἐκκλησίαν
2489 4044 2738 4116 ὠφέλησε
2762 4085 2778 4110 ,
2824 4046 2918 4100 καὶ
2947 4047 3116 4102 παῖδα
3166 4049 3482 4104 καταλιπὼν
3510 4051 3710 4117 Αὺξέν-

2123 4150 2260 4199 τιον,
2286 4134 2457 4207 ἄνδρα
2478 4135 2608 4207 περὶ
2628 4134 2690 4189 τὸ
2709 4135 2864 4190 Θεῖον
2885 4138 3233 4206 πιστότατον,
3252 4142 3347 4195 καὶ
3373 4142 3503 4214 περὶ
3525 4143 3711 4212 φίλους

2124 4225 2440 4280 σπουδαῖον’
2486 4227 2701 4298 ἐμμελῆ
2754 4228 2813 4282 δὲ
2841 4229 2933 4284 τὸν
2964 4229 3099 4300 βίον,
3134 4233 3230 4286 καὶ
3262 4232 3541 4304 φιλολόγον
3565 4276 3581 4301 ,
3617 4239 3713 4289 καὶ

2132 4315 2420 4389 πολυμαθῆ
2482 4317 2592 4372 τῶν
2643 4318 2870 4391 Ἕλλησι
2926 4321 3021 4374 καὶ
3072 4324 3185 4387 τοῖς
3239 4325 3712 4396 ἐκκλησιαστικαῖς

2133 4409 2544 4480 συγγραφεῦσιν
2597 4410 2989 4482 ἱστορημένων.
3047 4414 3282 4486 Μέτριον
3328 4417 3387 4470 δὲ
3435 4419 3495 4473 τὸ
3547 4416 3708 4490 ἦθος.

2132 4499 2337 4570 καίπερ
2361 4499 2575 4570 βασιλεῖ
2605 4501 2699 4554 καὶ
2730 4503 2844 4565 τοῖς
2869 4502 3007 4571 ἀμφ’
3031 4503 3199 4557 αὐτὸν
3245 4506 3551 4577 ἐπιτήδειον
3570 4549 3584 4570 ,
3617 4510 3710 4560 καὶ

445 4595 790 4650 conscendit.
825 4594 1012 4650 Addas
1042 4610 1212 4661 vero,
1266 4593 1435 4650 ducta
1477 4609 1680 4659 uxore,
1725 4593 2020 4664 plurimum

2134 4563 2391 4661 λαμπρᾶς
2423 4563 2833 4663 ἐπειλημμένον⁷
2872 4563 3184 4664 στρατείας.
3229 4563 3583 4651 ’Δλλάιτοῦδε-
3613 4599 3709 4668 μὲν

448 4681 657 4752 profuit
695 4681 993 4751 Ecclesiae,
1035 4684 1230 4740 relicto
1275 4692 1403 4754 post
1456 4699 1515 4739 se
1556 4683 1668 4737 tilio
1705 4683 2016 4751 Auxentio,

443 4772 566 4825 viro
599 4787 729 4843 erga
761 4772 930 4828 Deum
963 4773 1319 4837 ﬁdelissimo,
1353 4781 1409 4828 et
1441 4787 1571 4843 erga
1606 4773 1818 4828 amicos
1845 4792 2019 4845 proin-

445 4862 846 4935 ptissimo.Qui
876 4865 983 4919 vita
1011 4865 1248 4936 integer,
1272 4874 1324 4920 et
1366 4865 1683 4920 litterarum
1733 4866 2020 4924 studiosus

2132 4682 2296 4746 πολύς
2338 4685 2454 4736 ἐστι
2493 4681 2651 4750 λόγος
2683 4684 2834 4754 παρά
2874 4702 2935 4738 τε
2969 4685 3426 4757 εὐδοκιμωτάτοις
3459 4695 3710 4760 μοναχοῐς

2131 4775 2228 4828 καὶ
2252 4773 2563 4839 σπουδαίοις
2596 4774 2890 4846 ἀνδράσιν,
2919 4777 3079 4847 οἵπερ
3122 4779 3286 4831 αὐτοῦ
3318 4781 3705 4851 ἐπειράθησαν.

2142 4866 2206 4920 Ἦ
2234 4866 2290 4920 δὲ
2309 4866 2587 4938 Ματρώνα
2613 4866 2774 4941 μέχρι
2795 4869 3054 4940 τελευτῆς
3073 4871 3129 4924 ἐν
3158 4874 3224 4942 τῇ
3253 4872 3518 4926 Κοσιλάου
3546 4875 3710 4946 κώμῃ

1655 4977 1922 5035 VALESll
1958 4977 2512 5036 ANNOTATIONES.

518 5070 629 5137 (57)
670 5068 886 5122 Εἵπετο
927 5069 995 5121 δὲ
1031 5068 1183 5139 αὐτῇ
1229 5069 1526 5138 διάκονος.
1580 5069 1826 5128 Pessime
1875 5073 2021 5128 hunc

447 5141 632 5216 locum
670 5146 951 5193 verterunt
999 5140 1351 5216 interpretes,
1387 5144 1834 5216 quivocabulum
1880 5145 2018 5216 αὐτῇ

445 5210 635 5266 referri
686 5218 952 5278 putarunt
981 5209 1074 5279 _ad
1124 5209 1418 5279 virginem'
1447 5212 1595 5266 illam
1624 5253 1639 5276 ,
1676 5229 1799 5268 cum
1835 5209 2016 5270 tamen

446 5277 719 5353 referatur
747 5279 814 5353 ad
837 5277 1101 5353 κεφαλήν,
1133 5277 1189 5353 id
1219 5277 1306 5334 est
1330 5279 1743 5353 caputJoannis
1767 5281 2021 5353 Baptista:

446 5349 592 5422 quod
623 5349 1081 5422 servabat__virgo
1133 5347 1252 5413 illa,
1296 5357 1350 5402 ct
1393 5347 1480 5422 cui
1509 5360 1771 5422 tanquam
1813 5347 2019 5408 famula

448 5417 814 5494 ministrabat.
879 5417 979 5494 llic
1037 5428 1122 5474 est
1183 5434 1392 5494 sensus
1428 5420 1594 5488 hujus
1629 5417 2016 5494 'lociaquetn

447 5489 784 5559 Nicephorus
817 5491 1022 5559 optime
1059 5490 1330 5561 expressit
1372 5488 1435 5561 in
1475 5504 1596 5560 cap.
1626 5491 1736 5561 749,
1784 5488 1886 5548 Iib.‘
1916 5509 2015 5547 xu.

514 5556 628 5630 (58)
671 5563 796 5629 οὺχ
829 5556 1146 5634 ἧγήσαντό
1169 5556 1734 5634 BsirLScribeudum
1767 5571 1852 5618 est
1880 5564 2017 5634 ἡγή-

446 5628 1092 5699 σατο.’‹ιιιειιί;ιιιιηοι1υιη
1128 5630 1258 5700 legit
1296 5628 1653 5700 Nlcephot‘us.

508 5700 630 5769 (59)
652 5697 798 5768 Περὶ
832 5702 1015 5778 ταῦτα
1039 5697 1367 5773 ἱερωρἐνος.
1408 5697 1561 5770 l'luuc
1591 5701 1769 5758 locum
1802 5704 2016 5759 correxi

2127 5073 2829 5156 ex.codice_Fuketiano,
2870 5077 2924 5132 in
2947 5094 3078 5156 ⁸(ιιιο
3128 5081 3392 5156 scriptum
3450 5086 3704 5156 ests-.291

2125 5143 2336 5221 ταύτην
2367 5143 2662 5221 ἱερώμενος
2697 5143 2924 5203 accentu
2947 5143 3000 5203 in
3033 5143 3479 5221 antepet'tultima.
3512 5152 3563 5205 ld
3599 5143 3702 5210 est.

2128 5231 2285 5295 sacra
2309 5214 2512 5295 faciens
2545 5217 2717 5295 _jua:ta
2751 5235 2935 5273 arcam
2966 5221 3140 5274 illaut.
3163 5214 3284 5276 Mos
3313 5222 3460 5295 enim
3491 5237 3705 5290 semper

2128 5285 2232 5365 fuit
2259 5287 2401 5365 apud
2427 5286 2796 5365 Christianos,
2835 5297 2898 5365 ut
2927 5300 3248 5365 sanctorum
3273 5292 3530 5365 reliquias
3547 5285 3708 5365 repu-

2127 5356 2263 5410 sitas
2296 5356 2569 5431 haberent
2590 5358 2694 5412 sub
2743 5361 2903 5414 altari
2935 5363 2987 5415 in
3014 5378 3124 5431 quo
3165 5356 3492 5417 sacriﬁcium
3525 5356 3706 5416 missa:

2125 5426 2506 5508 peragebatur.
2552 5424 2740 5496 ltaque
2781 5446 2879 5500 pro
2909 5424 3498 5508 .usp't,_posset.scribi
3539 5432 3699 5508 ὑπέρ.

2126 5483 2196 5548 λι
2223 5483 2595 5573 Nicepltorus_
2612 5483 2878 5573 script-uni
2909 5483 3698 5573 habetSii—saérqvwiepwpé;

2122 5582 2231 5644 νος,
2272 5565 2526 5644 possitne.
2559 5565 2884 5644 Baulo'post
2903 5571 2993 5625 ubi
3027 5574 3246 5644 legitur,
3279 5565 3564 5644 καὶ’παίδα
3604 5565 3701 5644 ᾖτα-

2121 5636 2386 5699 ταλιπών,
2406 5636 2634 5716 delenda
2659 5636 3109 5711 est'conjunctio:
3134 5659 3298 5714 quam
3317 5656 3416 5698 nec
3435 5639 3698 5707 Νξςιιριωυ

2126 5720 2221 5760 rus
2257 5714 2525 5778 agnoscit.
