4054 6188
345 231 486 290 MSS
1338 231 1660 288 HISTORIA
1699 227 2253 286 ECCLESIASTICA.
2293 257 2364 268 ιη
2401 225 2528 282 LIB.
2572 224 2683 280 VII.
3481 224 3620 281 1.586

339 350 579 420 διέτρισε
603 365 616 378 ·
643 347 832 402 διεϐίω
854 349 909 402 δέ
936 347 1275 420 ἱεροπρεπῶς
1308 347 1452 418 μάλα
1481 347 1577 400 καὶ
1610 346 1922 417 σωφρόνως,

2033 354 2088 400 et
2123 343 2415 415 multiplici
2449 352 2565 397 tum
2599 339 2886 413 gentilium
2910 381 2923 406 ,
2957 347 3073 395 tum
3109 340 3616 398 ecclesiastieorum

345 438 504 510 ἱερῶν
556 439 843 510 παρθένων
887 438 1198 509 ήγουμένψ
1246 431 1321 491 ὧν
1361 438 1532 491 εἰσέτι
1577 437 1674 491 νῦν
1723 437 1922 500 πολλὰς

2034 440 2372 510 scriptorum
2405 437 2716 506 cognitione
2752 433 2854 488 fuit
2893 433 3221 488 instructus.
3261 434 3408 490 Idem
3448 432 3620 488 mori-

338 533 612 602 περιεῖναι
639 529 920 600 ἐπυθόμην
939 570 953 592 ,
988 532 1089 600 τῆς
1129 531 1234 584 ὑπὸ
1253 531 1562 603 Ματρῶναν
1591 529 1922 593 παιδεύσεως

2034 527 2139 584 bus
2167 526 2351 582 civilis
2381 540 2446 580 ae
2477 524 2797 580 moderatus
2817 564 2831 588 .
2873 522 3003 578 licet
3035 522 3350 594 imperatori
3387 531 3440 578 et
3480 522 3620 577 auli-

338 621 490 686 ἄξιον
529 618 801 689 φερούσας
829 614 982 690 ἦθος.
1535 679 1540 683 η

2033 619 2115 675 eis
2147 617 2441 672 familiaris
2471 624 2652 682 esset,
2681 623 2736 670 et
2769 614 3126 684 splendidum
3168 615 3222 668 in
3256 613 3464 690 palatio
3498 613 3614 668 otii-

339 713 487 768 cium
515 721 752 782 gereret.
778 711 846 766 Et
870 713 1037 784 hujus
1055 715 1280 786 quidem
1306 715 1410 772 viri
1441 716 1684 772 celebris
1716 713 1864 769 fama
1884 722 1990 776 est.
2017 723 2133 768 tum
2161 715 2305 784 apud
2330 713 2825 784 praestantissimos
2847 710 3172 778 monachos,
3194 717 3308 765 tum
3336 709 3478 781 apud
3501 710 3622 780 pios

339 818 404 858 ac
431 805 723 873 religiosos
749 803 1003 862 homines
1024 847 1041 874 ,
1069 808 1162 878 qui
1197 807 1451 862 notitiam
1486 806 1607 876 ejus
1634 806 1969 862 habuerunt.
2008 805 2262 860 Matrona
2301 821 2432 861 vero
2460 821 2634 876 usque
2664 805 2735 859 ad
2767 805 2977 860 exitum
3018 806 3145 858 vita:
3168 803 3373 857 mansit
3408 802 3465 857 in
3503 803 3624 858 vico

337 893 563 958 Cosilai,
598 893 848 966 vixitque
878 906 1070 953 sancte
1100 897 1396 953 admodum
1429 911 1493 952 ac
1526 897 1821 968 religiose,
1851 911 2138 952 sacrarum
2169 895 2446 967 virginum
2484 896 2748 966 magistra
2777 913 2790 950 :
2823 909 3060 965 quarum
3104 893 3400 964 plerasque
3438 891 3625 947 adhuc

337 989 663 1060 superstites
692 1004 816 1047 esse
842 992 1067 1063 accepi,
1100 993 1350 1050 moribus
1383 992 1646 1049 Matrona:
1679 992 1997 1064 magisterio
2032 991 2179 1047 haud
2218 1005 2495 1063 quaquam
2535 991 2778 1062 indignis
2809 995 3226 1044 conversantes.

929 1087 1179 1142 ΚΕΦΑΛ.
1207 1088 1341 1142 ΚΒ’.

2639 1085 2794 1140 CAP.
2831 1084 3000 1140 XXII.

335 1175 628 1251 Hepl_zﬁg
659 1176 735 1229 δι’
754 1175 1033 1251 Δἀγχόνςίικ
1083 1177 1378 1251 τελευτῆς
1419 1179 1922 1251 Οὐαλεντινιαγοῦ

2027 1183 2106 1238 De
2144 1200 2266 1237 nece
2303 1184 2642 1251 imperatoris
2694 1180 3059 1251 Valentiniani
3099 1177 3482 1251 Jttnioris,_et
3532 1184 3620 1251 ty_-

403 1246 510 1300 τοῦ
558 1245 701 1321 νέοι)
730 1244 1038 1321 βασιλέως
1069 1249 1140 1302 ἐν
1206 1244 1429 1321 Ῥώμῃ,
1479 1251 1583 1321 grai
1638 1251 1770 1318 περὶ
1812 1249 1922 1321 τῆς

2101 1253 2324 1307 rannide
2378 1244 2626 1321 Eugenii.
2686 1250 2825 1306 Item
2875 1250 2939 1305 de
2983 1248 3334 1319 prazdictione
3387 1244 3618 1299 Joannis

404 1316 765 1390 τινρᾳννίδος
784 1319 1079 1390 Enipea-(ou
1101 1335 1115 1350 ·
1139 1319 1240 1390 καὶ
1265 1316 1397 1387 περὶ
1430 1318 1541 1387 τῆς
1561 1316 1922 1390 προφητείας

2105 1323 2345 1378 monachi
2379 1324 2433 1376 in
2469 1316 2757 1377 Thebaide.

405 1385 691 1441 Ἰωάννου
732 1387 840 1441 τοῦ
872 1388 942 1441 ἐν
969 1388 1213 1457 Θηϐαΐδι
1249 1385 1549 1460 μοόιαχοῦ.

407 1477 516 1532 Καὶ
539 1479 567 1531 6
593 1477 692 1547 μὲν
716 1477 998 1544 Θεοδόσιος
1015 1520 1030 1546 ,
1064 1479 1123 1533 ἐν
1152 1482 1346 1554 εἰρήνῃ
1371 1481 1471 1554 τὴν
1504 1482 1643 1554 πρὸς
1679 1484 1794 1537 Ἕω
1818 1482 1922 1554 ἀρ-

2100 1476 2179 1532 Ac
2211 1476 2560 1533 Theodosius
2590 1475 2812 1547 quidem
2836 1514 2851 1539 ,
2879 1489 3007 1530 eum
3040 1473 3286 1529 Orientis
3322 1471 3617 1543 imperium

333 1569 573 1641 χομένην
607 1569 821 1637 ἰθύνων,
852 1572 911 1625 ἐν
929 1571 1142 1636 τούτοις
1165 1574 1491 1640 ἐσπούδαζε,
1526 1576 1618 1628 καὶ
1651 1574 1922 1646 ἐπιμελῶς

2027 1576 2224 1639 pacate
2253 1569 2628 1650 gubernaret,
2665 1569 2754 1624 his
2789 1567 2959 1623 rebus
2985 1568 3228 1621 intentus
3261 1571 3417 1629 erat,
3448 1570 3504 1619 et
3528 1561 3616 1616 di.

339 1664 484 1734 μάλα
520 1663 583 1718 τὸ
614 1662 773 1717 Θεῖον
799 1663 1154 1736 ἐθεράπευεν.
1195 1663 1286 1717 Ἐν
1315 1665 1488 1736 τούτῳ
1517 1665 1574 1719 δὲ
1603 1666 1924 1736 ἀγγέλλεται

334 1754 778 1818 Οὑαλεντινιανδς
834 1756 863 1808 6
915 1753 1169 1824 βασιλεὺς
1231 1756 1439 1829 ἀγχόνῃ
1489 1755 1832 1811 ἀπολωλέναι
1879 1759 1921 1810 τ.

345 1843 595 1911 Ἐλέγετο
627 1843 683 1898 δὲ
711 1843 914 1916 ταύτην
933 1843 1084 1915 αὑτῷ
1120 1845 1388 1899 καττύσαι
1423 1846 1522 1918 τὴν
1551 1845 1812 1918 τελευτὴν
1835 1847 1924 1901 διά

330 1935 440 1988 τῶν
467 1935 871 2006 θαλαμηπόλων
923 1936 1194 2008 εὐνούχων
1219 1937 1411 2002 ἄλλους
1436 1939 1495 1991 τέ
1522 1955 1674 2001 τινας
1709 1938 1818 1991 τῶν
1843 1940 1924 2002 εἰς

330 2025 402 2079 τά
439 2024 692 2095 βασίλεια
717 2066 732 2091 ,
786 2029 878 2081 καὶ
935 2028 1305 2100 Ἀρϐογάστην
1351 2028 1443 2080 τὸν
1475 2029 1701 2082 ἐπὶτῶν
1755 2029 1922 2083 αὑτοῦ

335 2117 760 2188 στρατευμάτων
790 2119 1124 2190 τεταγμένον
1148 2136 1162 2151 ο
1210 2119 1400 2174 καθότι
1447 2117 1801 2192 πατρὼζοντα
1833 2122 1924 2174 τὸν

333 2211 452 2263 νέον
482 2209 658 2281 εὑρὼν
698 2211 828 2284 περ).
855 2210 954 2283 τὴν
1002 2213 1178 2284 ἀρχὴν
1205 2252 1221 2278 ,
1279 2213 1376 2268 καὶ
1425 2212 1564 2284 πρὸς
1597 2214 1770 2269 πολλὰ
1814 2214 1924 2268 τῶν

333 2298 564 2362 ἐκείνοις
585 2299 888 2356 δοκούντων
911 2302 1331 2372 χαλεπαίνοντα.
1367 2304 1430 2357 Oi
1459 2304 1517 2357 δέ
1543 2304 1704 2358 αὑτὸν
1727 2305 1924 2378 ἡγοῦν-

333 2406 422 2443 ται
453 2390 744 2463 αὐτόχειρα
767 2392 960 2446 ἐαυτοῦ
983 2395 1257 2461 γενέσθαι,
1275 2394 1351 2458 ὼς
1375 2396 1759 2468 ἐπιχειροῦντά
1778 2415 1922 2451 τισιν

332 2481 397 2534 οὑ
427 2481 545 2534 δέον
575 2481 688 2553 (60)
723 2484 781 2536 ἐν
815 2483 893 2555 τῷ
942 2483 1116 2548 ζέοντι
1147 2486 1248 2556 τῆς
1299 2485 1551 2557 ἡλικίας,
1591 2489 1686 2541 καὶ
1721 2488 1924 2542 κωλυό-

337 2588 498 2642 μενον
523 2588 537 2603 °
569 2573 663 2626 καὶ
717 2573 906 2627 τούτου
941 2575 1104 2646 χάριν
1137 2575 1200 2630 ού
1223 2576 1640 2644 καταξιώσαντα
1666 2579 1766 2650 ζῇν
1789 2619 1805 2646 ,
1841 2581 1922 2634 ὅτι

337 2659 638 2731 βασιλεύων
691 2661 767 2733 μὴ
815 2666 1151 2733 συγχωροῖτο
1181 2665 1355 2716 ποιεῖν
1405 2663 1442 2718 ἃ
1475 2663 1745 2735 βούλεται.
1786 2666 1922 2719 Φασί

334 2771 399 2821 γε
442 2754 549 2825 μὴν
580 2753 740 2808 τοῦτο
767 2755 828 2808 τὸ
879 2757 1166 2827 μειράκιον
1215 2755 1469 2827 εὐγενείᾳ
1503 2754 1754 2826 σώματος
1779 2796 1793 2822 ,
1826 2759 1921 2812 καὶ

337 2843 633 2914 βασιλικῶν
663 2846 883 2914 τρόπων
916 2846 1087 2918 ἀρετῇ
1113 2886 1128 2910 ,
1163 2846 1456 2918 ὑπερφυῶς
1483 2844 1627 2910 δόξαι
1660 2847 1761 2919 τῆς
1792 2849 1922 2918 ήγε-

338 2937 528 3008 μονίας
563 2935 713 3003 ἄξιον
737 2978 752 3004 ,
785 2939 882 2992 καὶ
937 2933 1047 3002 οἷος
1103 2939 1478 3010 μεγαλόψυχος
1505 2939 1616 3006 (6|)
1645 2980 1660 3006 ,
1709 2917 1921 2996 itabbt-
1949 2917 1996 2979 C

334 3028 596 3102 καιοσύνῃ
631 3028 1035 3100 ὑπερϐαλέσθαι
1057 3031 1146 3084 τὸν
1169 3029 1334 3085 αὑτοῦ
1362 3031 1595 3103 πατέρα,
1627 3033 1677 3085 εἰ
1707 3033 1922 3103 παρῆλ-

335 3119 430 3174 θεν
468 3121 550 3182 ei;
590 3119 791 3191 ἄνδρας
826 3119 937 3192 (62)
959 3136 971 3150 '
1009 3121 1104 3174 xui.
1159 3122 1188 3174 6
1247 3122 1346 3193 μὲν
1384 3121 1628 3186 τοιοῦτος
1661 3122 1772 3188 ὣν,
1820 3117 1923 3178 ὧδε

333 3211 616 3282 τέθνηκεν.
667 3211 924 3293 Ιξξὺγένιος
977 3211 1034 3265 δέ
1085 3229 1170 3276 τις
1213 3213 1312 3284 οὑχ
1367 3214 1536 3283 ὑγιῶς
1581 3213 1925 3286 διακείμενος

335 3306 466 3374 περὶ
488 3305 549 3358 τὸ
577 3304 751 3374 δόγμα
783 3304 892 3357 τῶν
925 3305 1302 3377 Χριστιανῶν,
1329 3306 1637 3379 ἐπεισπηδᾷ
1662 3311 1728 3379 τῇ
1755 3309 1920 3380 ἀρχῇ,

333 3397 431 3450 καὶ
452 3395 520 3449 τὰ
554 3395 800 3466 σύμϐολα
828 3397 927 3467 τῆς
953 3395 1232 3468 βασιλείας
1257 3397 1640 3470 ἀμφιέννυται.
1670 3400 1830 3471 ’ῼετο
1866 3400 1924 3454 δέ

333 3487 430 3542 τοῦ
470 3489 898 3560 ἐπιχειρήματος
923 3490 1182 3560 ἀσφαλῶς
1208 3492 1504 3562 κρατήσειν
1527 3531 1542 3556 ,
1579 3491 1925 3563 ὑπαγόμενος

333 3580 511 3650 λόγοις
543 3579 852 3654 ἀνθρώπων
878 3582 1075 3636 εἰδέναι
1107 3582 1170 3636 τὸ
1223 3583 1416 3654 μέλλον
1455 3584 1919 3655 ὑπισχνουμένων,

335 3673 588 3742 σφαγίοις
638 3675 749 3726 τισὶ
795 3675 888 3729 καὶ
941 3675 1419 3746 ήπατοσκοπίαις,
1469 3679 1567 3730 καὶ
1617 3676 1921 3748 καταλήψει

333 3763 602 3833 ἀστέρων.
621 3763 984 3829 Ἐσπούδαζον
1015 3764 1072 3818 δέ
1099 3766 1229 3838 περὶ
1265 3767 1437 3820 ταῦτα
1464 3767 1614 3822 ἄλλοι
1647 3785 1706 3821 τε
1734 3767 1922 3821 πολλοὶ

334 3853 444 3907 τῶν
490 3855 548 3908 ἐν
600 3855 1078 3926 τέλειῬωμαῑων,
1119 3857 1214 3911 καὶ
1245 3857 1543 3924 Φλαϐιανὺς
1578 3855 1689 3931 (65)
1723 3860 1752 3912 ὁ
1797 3859 1920 3912 τότε

336 3945 583 4018 ὕπαρχος
610 3987 625 4012 ,
681 3947 822 4018 ἀνὴρ
861 3948 1178 4020 ἐλλόγιμος,
1216 3950 1309 4003 καὶ
1373 3949 1501 4021 περὶ
1549 3950 1616 4004 τά
1667 3951 1922 4006 πολιτικά

335 4039 584 4112 ἐχέφρων
625 4035 766 4094 εἶναι
798 4039 973 4095 δοκῶν
996 4057 1012 4071 ο
1058 4040 1283 4112 προσέτι
1316 4040 1372 4094 δέ
1415 4041 1510 4095 καὶ
1553 4042 1622 4094 τὰ
1659 4042 1919 4113 μέλλοντα

335 4134 598 4206 ἀκριϐοῦν
657 4133 1016 4205 λογιζόμενος.
1050 4136 1330 4206 ἐπιστήμῃ
1383 4133 1731 4203 παντοδαπῆς
1786 4151 1921 4205 μαν-

2030 1661 2221 1715 vinum
2264 1677 2467 1716 numen
2511 1661 2706 1716 scdulo
2743 1651 3118 1715 venerabatur
3153 1659 3192 1712 ί.
3235 1656 3449 1713 Interea
3483 1670 3620 1710 vero

2031 1751 2262 1806 nuntius
2321 1751 2486 1822 312
2531 1750 2781 1816 affertur,
2838 1750 3231 1821 imperatorem
3269 1746 3618 1804 Valentinia-

2031 1859 2164 1899 num
2198 1845 2400 1914 laqueo
2432 1844 2738 1901 interiisse.
2779 1844 2904 1910 Quo
2935 1844 3133 1899 mortis
3162 1857 3362 1914 genere
3394 1856 3492 1912 per
3520 1857 3619 1896 cu-

2031 1934 2332 1990 bicularios
2354 1937 2649 1991 eunuchos
2674 1937 2988 1992 exstinctus
3009 1934 3181 1990 fuisse
3203 1933 3516 1996 dicebatur,
3541 1932 3619 1986 in-

2032 2027 2370 2098 stigantibus
2399 2029 2596 2083 aulicis
2627 2028 2998 2098 quibusdam,
3034 2041 3098 2082 ac
3132 2027 3409 2097 praecipue
3435 2025 3618 2080 Arbo-

2031 2129 2184 2189 gaste
2222 2119 2491 2191 magistro
2521 2119 2762 2185 militiae,
2797 2134 2862 2174 eo
2896 2117 3043 2189 quod
3083 2118 3235 2172 illum
3281 2117 3337 2171 in
3377 2115 3620 2188 regendo

2031 2212 2263 2283 imperio
2309 2221 2556 2283 paternae
2618 2213 2846 2268 virtutis
2895 2213 3271 2268 azmulatorem
3323 2211 3614 2273 viderent,

2031 2319 2133 2360 nec
2173 2305 2243 2361 iis
2281 2320 2404 2375 quae
2442 2305 2581 2374 ipsis
2623 2305 2951 2374 placuerant
2991 2304 3457 2374 acquiescentem.
3507 2300 3616 2356 Alii

2029 2395 2244 2459 dicunt,
2272 2411 2394 2450 eum
2423 2396 2530 2451 sibi
2562 2410 2761 2452 manus
2794 2395 3072 2459 intulisse,
3107 2403 3401 2466 propterea
3431 2395 3610 2467 quod,

2029 2499 2156 2538 cum
2215 2485 2268 2539 in
2325 2485 2506 2539 anatis
2560 2485 2780 2540 fervore
2843 2484 3094 2554 quaedam
3169 2490 3372 2554 praater
3420 2482 3512 2553 jus
3559 2492 3618 2538 et

2029 2566 2244 2648 aequum
2273 2575 2682 2647 aggrederetur,
2717 2576 2950 2647 proximi
2985 2577 3167 2646 ipsum
3206 2574 3570 2646 prohiberent
3599 2599 3611 2627 ς

2030 2675 2194 2738 atque
2231 2667 2441 2723 idcirco
2478 2682 2604 2724 eum
2642 2663 2879 2723 ulterius
2912 2667 3100 2723 vivere
3144 2665 3428 2733 noluisse,
3465 2665 3615 2736 quod

2029 2773 2152 2815 eum
2183 2759 2482 2829 imperator
2507 2768 2689 2824 esset,
2719 2773 2784 2814 ea
2811 2773 2933 2829 quae
2962 2758 3181 2814 volebat
3207 2772 3373 2829 agere
3403 2771 3614 2828 nequa-

2030 2864 2193 2920 quam
2224 2851 2658 2921 permitteretur.
2698 2848 2899 2906 Fertur
2927 2864 3096 2920 porro
3125 2849 3271 2906 hunc
3301 2848 3616 2905 adolescen-

2028 2950 2135 2997 tem
2159 2981 2176 3009 ,
2209 2942 2279 2998 ob
2310 2942 2566 2998 decorem
2633 2941 2888 3013 corporis
2939 2942 3087 2998 etob
3125 2943 3332 3013 regiam
3372 2941 3613 2997 indolem

2027 3049 2092 3089 ac
2117 3035 2415 3100 virtutem,
2468 3033 2707 3104 imperio
2749 3035 3142 3106 dignissimum
3188 3032 3472 3089 exstitisse
3499 3075 3514 3100 ,
3558 3043 3615 3089 et

2027 3125 2409 3197 magnitudine
2440 3125 2612 3180 animi
2653 3141 2718 3181 ac
2752 3126 2972 3196 justitia
3014 3133 3226 3196 patrem
3265 3114 3334 3181 ab
3367 3125 3464 3180 illo
3509 3141 3610 3195 po-

2027 3218 2204 3276 tuisse
2253 3219 2546 3290 superari,
2582 3219 2629 3274 si
2679 3218 2745 3273 ad
2795 3218 3010 3274 virilem
3062 3226 3276 3274 aetatem
3323 3221 3617 3290 pervenire

2025 3309 2074 3365 ei
2105 3310 2373 3367 licuisset.
2409 3313 2590 3382 Atque
2625 3311 2717 3367 hic
2749 3311 2971 3384 quidem
2996 3349 3012 3374 ,
3044 3325 3170 3366 eum
3207 3310 3482 3380 ejusmodi
3519 3327 3610 3369 es-

2027 3408 2146 3464 set,
2181 3401 2276 3456 tali
2321 3403 2473 3456 exitu
2519 3402 2705 3472 periit.
2763 3401 3044 3473 Eugenius
3103 3411 3288 3456 autem
3339 3403 3612 3472 quidam,

2027 3491 2171 3546 haud
2204 3493 2425 3548 sincero
2469 3494 2660 3548 animo
2704 3508 2833 3564 erga
2877 3492 3205 3562 religionem
3254 3491 3610 3549 Christiano-

2026 3597 2149 3638 rum
2176 3579 2454 3650 allectus,
2498 3585 2789 3655 imperium
2833 3583 3069 3648 invasit,
3101 3583 3336 3654 ejusque
3372 3584 3610 3656 insignia

2027 3677 2131 3732 sibi
2178 3673 2503 3748 assumpsit.
2558 3676 2831 3748 Sperabat
2889 3685 3071 3732 autem
3122 3685 3181 3732 se
3236 3676 3608 3749 principatum

2027 3769 2260 3824 ﬁrmiter
2299 3777 2646 3826 retenturum
2671 3809 2686 3833 ,
2725 3768 2989 3824 inductus
3021 3768 3205 3826 verbis
3238 3770 3610 3840 quorumdam

2025 3862 2348 3927 hominum,
2385 3862 2481 3932 qui
2527 3877 2587 3918 se
2631 3860 2817 3915 futura
2888 3875 3056 3916 nosse
3095 3859 3382 3930 jactabant
3431 3875 3496 3917 ex
3527 3862 3610 3916 vi-

2025 3954 2212 4013 ctimis
2283 3953 2616 4025 quihusdam
2689 3962 3053 4024 extorumque
3119 3951 3491 4022 inspectione.
3553 3960 3615 4008 et

2025 4046 2412 4102 observatione
2463 4046 2731 4101 siderum.
2787 4045 2887 4099 Cui
2947 4042 3338 4114 superstitioni
3395 4041 3607 4098 addicti

2026 4144 2184 4192 erant
2219 4151 2286 4192 eo
2333 4145 2582 4207 tempore
2605 4177 2619 4200 ,
2656 4143 2774 4190 tum
2811 4135 2902 4189 alii
2941 4135 3130 4205 plures
3166 4149 3232 4188 ex
3275 4135 3606 4204 proceribus

335 4225 506 4288 τείας.
543 4225 730 4299 Ταύτῃ
779 4225 886 4297 γὰρ
927 4225 1158 4296 μάλιστα
1195 4225 1286 4280 τὸν
1324 4223 1577 4293 Εὑγένιον
1624 4223 1809 4278 ἔπεισε
1839 4225 1920 4290 εἰς

2027 4230 2439 4291 Romanorum,
2482 4235 2594 4282 tum
2629 4225 2925 4281 Flavianus
2961 4225 3261 4298 praafectus
3300 4226 3562 4296 praetorio
3589 4269 3603 4290 ,

335 4314 574 4384 πόλεμον
600 4315 1163 4387 παρασκευάσασθαι,
1197 4317 1458 4388 μοιρίδιον
1479 4311 1618 4369 εἶναι
1647 4317 1796 4386 αὑτῷ
1820 4316 1919 4387 τὴν

2028 4321 2114 4374 vir
2171 4317 2409 4373 eximius
2453 4326 2507 4370 et
2543 4317 2595 4370 in
2635 4317 2919 4388 republica
2957 4315 3198 4386 gerenda
3237 4315 3606 4386 prudentissi-

403 4429 435 4502 ,⁸
457 4430 616 4486 Socr.
645 4431 738 4485 lib.
774 4448 830 4498 v,
850 4447 899 4488 c.
931 4431 1024 4486 25.

1505 4519 1778 4576 VALESII
1815 4517 2373 4575 ANNOTATIONES.

405 4617 517 4689 (60)
549 4617 1002 4689 V’Emzezpoﬁrtd
1015 4633 1177 4689 τισιν
1196 4621 1268 4673 οὐ
1288 4618 1450 4672 δέον.
1477 4615 1605 4672 Duas
1628 4627 1915 4688 postrema:

333 4704 499 4744 voces
528 4688 728 4744 desunt
755 4689 807 4743 in
832 4689 1021 4746 codice
1041 4688 1364 4752 Fuketiano,
1398 4703 1499 4744 nec
1531 4690 1787 4744 videntur
1820 4689 1915 4743 ad-

333 4760 556 4814 modum
581 4761 928 4814 necessariae.

403 4830 516 4899 (61)
556 4829 665 4883 Καὶ
732 4825 858 4894 οἶος
900 4833 1350 4900 μεγαλόψυχος.
1415 4830 1776 4886 Scribeudum
1828 4838 1917 4900 est

333 4897 718 4973 preculdubio
743 4902 836 4973 ita}
882 4897 998 4956 οἷον
1041 4897 1416 4973 μεγαλοψυχίᾳ
1459 4901 1554 4954 mi.
1599 4897 1914 4973 δικαιοσύνῃ

335 4968 758 5052 ὑπερϐαλέσθαι.
796 4968 1445 5052 ρρὲιηῃρὴιεηᾶπρῆεὶη
1476 4973 1771 5052 conﬁrmat
1819 4968 1914 5052 Ni:

333 5041 610 5111 cephorus
652 5041 706 5094 in
740 5056 791 5095 c.
849 5042 936 5104 59,
972 5042 1091 5096 lib..
1120 5059 1216 5097 xu.
1274 5041 1367 5096 Sic
1401 5042 1546 5095 enim
1599 5041 1782 5104 habet,
1832 5041 1910 5108 τῷ

331 5111 390 5163 δέ
416 5111 780 5184 μεγαλοψύχῳ
809 5112 903 5165 καὶ
929 5112 1006 5184 τῷ
1035 5113 1132 5183 τῆς
1152 5112 1498 5183 δικαιοσύνης
1523 5112 1679 5183 ἄκρῳ
1709 5113 1802 5164 καὶ
1825 5111 1915 5163 τὸν

2023 4619 2230 4672 ἐκείνου
2259 4619 2659 4690 ὑπερϐαλέσθαι
2687 4617 2919 4690 πατέρα,

2093 4685 2647 4812 (ξῖιΘΕὶπέαρῆλθεν
2695 4685 3048 4757 εις-ἄνδρας.
3101 4685 3314 4744 Mallem
3364 4691 3606 4748 scribere.

2093 4777 2162 4812 »οη
2236 4776 2311 4812 εν.

2023 4775 2311 4828 προηλυεν.

2070 4777 2590 4898 Ὗέέῖῗιϊίιαόιανός.
2627 4829 2748 4884 llazc
2781 4845 2846 4882 ex
2873 4827 3054 4883 Ruﬁni
3077 4829 3218 4884 libro
3251 4844 3313 4894 tt,
3345 4829 3604 4888 Historia:

2025 4899 2598 4970 Ecclesiasticwtcap.
2626 4902 2714 4964 55,
2758 4902 2993 4969 sumpsit
3025 4899 3384 4956 Sozomenus.
3431 4904 3606 4957 Crete-

2023 4987 2143 5025 rum
2187 4971 2254 5025 de
2301 4971 2404 5025 hoc
2445 4969 2706 5025 Flaviano
2744 4971 2911 5023 multa
2969 4970 3151 5024 notavi
3203 4971 3268 5025 ad
3312 4972 3406 5028 lib.
3453 4989 3599 5027 xxvu

2023 5041 2296 5095 Ammiani
2363 5039 2686 5112 Marcellini.
2738 5039 2995 5112 Ejusdem
3059 5038 3303 5095 Flaviani
3355 5043 3599 5112 praefecti

2025 5119 2181 5180 przet.
2211 5111 2460 5166 meminit
2495 5109 2760 5167 Paulinus
2800 5113 2853 5165 in
2883 5109 3003 5165 Vita
3031 5112 3174 5166 beati
3199 5109 3490 5168 Ambrosii.

1792 5219 2178 5278 VARIOBUM.

414 5320 432 5354 ί
475 5317 973 5384 Οὐαλεντινιανός
1015 5317 1244 5387 ἀγχόνῃ
1282 5319 1680 5374 ἀπολωλέναι.
1713 5317 1908 5372 Obitus

339 5390 703 5444 Valentiniani
748 5389 992 5443 Juuioris
1022 5390 1300 5444 nobilibus
1328 5389 1742 5444 characteribus
1773 5403 1909 5441 cou-

336 5467 592 5532 siguatus
616 5461 685 5514 ab
716 5459 1040 5532 Epiphanio,
1071 5459 1216 5532 libro
1244 5459 1317 5532 De
1339 5460 1598 5532 mensuris
1640 5468 1688 5512 et
1704 5457 1912 5532 ponde-

337 5529 505 5592 ribus,
539 5546 690 5584 num.
731 5529 824 5596 xx,
853 5531 942 5583 ubi
979 5531 1054 5583 ait
1089 5549 1101 5584 ε
1134 5529 1337 5595 Quibus
1369 5529 1912 5598 consulibusluempe

337 5602 578 5655 Arcadio
625 5598 689 5660 II,
737 5611 790 5654 et
833 5599 1049 5665 Ruﬁno)
1090 5611 1332 5654 mortuus
1373 5610 1449 5653 est
1512 5598 1912 5653 Valentinianus

331 5673 538 5745 junior,
603 5669 958 5725 Valentiniani
984 5669 1168 5742 Magni
1199 5671 1344 5741 ﬁlius
1373 5687 1391 5728 :
1421 5673 1511 5732 qui
1564 5671 1803 5739 subinde,
1835 5669 1912 5723 uti

2016 5317 2215 5386 ferunt,
2240 5320 2558 5388 prae/beatus
2576 5321 2628 5373 in
2651 5321 2854 5387 palatio
2882 5329 3115 5388 repertus
3140 5327 3238 5380 est,
3261 5316 3443 5371 Idibus
3467 5317 3602 5388 Maii

2014 5389 2184 5455 pridie
2224 5387 2575 5457 Pentecostes,
2609 5391 2693 5444 die
2727 5387 2952 5447 Sabbuti
2983 5405 3001 5442 :
3031 5391 3144 5458 ipso
3186 5405 3302 5458 vero
3342 5389 3428 5441 die
3457 5387 3565 5443 Pen

2017 5469 2235 5515 tecostes
2275 5461 2449 5516 elatus
2495 5472 2594 5516 est.
2655 5460 2886 5518 Occisus
2919 5468 3002 5515 est
3032 5460 3214 5518 itaque
3245 5457 3331 5512 die
3387 5459 3600 5516 decima

2017 5531 2205 5600 quinta
2233 5533 2437 5588 mensis
2468 5531 2614 5596 Maii,
2645 5534 2773 5586 anni
2805 5532 2935 5587 Chr.
2978 5527 3103 5600 39}.
3134 5527 3424 5600 Imperium
3457 5545 3596 5600 qua-

2018 5596 2230 5743 drigists
2260 5604 2501 5674 suscepit
2536 5602 2826 5677 auuo_'575.
2851 5602 2998 5674 (Ant.
3033 5596 3190 5671 Pagi,
3216 5596 3285 5653 ad
3317 5613 3446 5652 ann.
3473 5599 3601 5670 39:2,

2019 5688 2072 5728 n.
2146 5713 2157 5723 .

2019 5688 2072 5728 n.
2108 5688 2157 5724 Ο.
