4054 6188
493 293 622 348 “9|

1971 295 2313 356 SOZOMENI

3593 296 3738 356 ιιοε

483 420 751 475 honorem
807 417 1037 478 Joannis
1091 421 1349 492 Baptista:
1395 430 1829 486 construxerat,
1888 429 2058 489 utque

2166 419 2258 471 κα)⁸
2291 420 2577 490 Ῥωμαίοις
2621 418 2789 472 ἅπασι
2819 416 3070 487 γενέσθαι
3113 415 3213 489 τὴν
3248 415 3471 471 ἔκϐασιν
3513 418 3608 473 τοῦ
3644 441 3741 476 πο-

485 512 700 568 l'austus
733 526 798 566 ac
831 511 957 567 felix
990 512 1095 567 sibi
1138 523 1192 569 et
1223 515 1494 570 exercitui
1538 524 1593 570 et
1640 512 1906 568 Romanis
1941 526 2059 565 omo

483 603 651 658 nibus
681 603 809 659 belli
841 605 1025 659 exitus
1055 605 1439 675 contingeret,
1473 604 1820 676 postulasse,
1861 609 1918 656 et
1960 600 2063 654 Ba-

484 695 709 764 ptistam
741 694 846 751 sibi
879 696 1258 751 auxiliatorem
1289 695 1600 752 invocasse.
1630 694 1754 750 Haec
1780 701 2059 762 precatus,

486 787 541 839 in
582 784 792 839 Italiam
825 787 927 841 iter
961 785 1117 852 fecit,
1167 802 1405 856 cunque
1455 788 1522 841 ad
1571 787 1738 856 Alpes
1781 784 2059 848 venisset,

487 877 699 946 primas
742 878 1012 934 stationes
1045 887 1302 950 occupat.
1335 881 1399 934 Et
1429 895 1556 934 cum
1588 879 1856 934 transitus
1890 876 2063 932 verti—

485 984 603 1024 cem
641 975 1064 1038 praetergressus
1087 1010 1102 1035 ,
1127 969 1238 1039 jam
1293 968 1348 1022 in
1397 970 1670 1024 descensu
1705 976 1882 1031 esset,
1913 979 2064 1020 cam-

486 1076 617 1130 pum
670 1060 953 1130 equitibus
995 1076 1060 1116 ac
1101 1061 1380 1133 peditibus
1421 1061 1698 1130 oppletum
1740 1058 1906 1125 videt,
1962 1070 2063 1111 nec

485 1150 680 1221 procul
707 1150 914 1206 multos
942 1151 1183 1205 hostium
1213 1167 1242 1205 a
1273 1160 1426 1222 tergo
1454 1151 1510 1205 in
1543 1149 1747 1205 montis
1775 1147 2064 1202 cacumine

485 1242 708 1298 interim
737 1243 1129 1300 subsistentes.
1167 1243 1304 1299 Cum
1337 1243 1504 1313 igitur
1530 1241 1690 1312 primi
1727 1238 2063 1310 transgressi

485 1349 609 1390 cum
642 1333 895 1389 hostibus
925 1334 980 1390 in
1009 1349 1203 1404 campo
1222 1350 1442 1389 manum
1469 1335 1901 1398 conseruissent,
1921 1329 2065 1384 acris

482 1433 540 1481 et
569 1439 773 1496 anceps
806 1426 1017 1481 exstitit
1049 1442 1252 1498 pugna.
1288 1425 1463 1480 Porro
1494 1441 1620 1480 cum
1651 1426 1937 1480 exercitus
1965 1423 2063 1476 ad-

484 1517 593 1574 huc
623 1517 1070 1588 progrederetur,
1113 1517 1557 1573 animadvertens
1595 1517 1895 1587 imperator
1960 1516 2064 1568 Iru-

486 1623 648 1662 mana
692 1608 913 1678 quidem
960 1624 1065 1680 ope
1107 1625 1239 1664 suos
1262 1610 1577 1665 nullatenus
1621 1607 1829 1663 servari
1861 1621 2062 1676 posse,

483 1698 704 1754 tametsi
733 1699 970 1755 maxime
1005 1701 1236 1762 vellent,
1269 1699 1719 1755 incumbentibus
1751 1714 1778 1751 a
1809 1705 1963 1768 tergo
1995 1697 2060 1751 iis

2159 511 2347 580 λέμου,
2393 511 2486 564 καὶ
2535 510 2820 582 σύμμαχον
2854 509 3001 581 αύτῷ
3029 508 3460 562 ἐπικαλέσασθαι
3513 511 3605 564 τὸν
3636 513 3740 566 Βα-

2159 597 2409 666 πτιστήν,
2483 596 2668 651 Ταῦτα
2719 599 2776 650 δὲ
2837 597 3310 668 προσευξάμενος,
3363 599 3445 660 είς
3506 599 3738 653 Ἰταλίαν

2159 686 2408 755 ἀφίκετο.
2473 688 2581 741 Kal.
2628 688 2948 760 προσϐαλὼν
2988 691 3106 753 ταῖς
3151 687 3434 753 Ἄλπεσιν,
3482 684 3591 744 εἷλε
3638 693 3741 755 τὰς

2161 779 2383 848 πρώτας
2429 780 2691 850 φυλακάς.
2748 784 3110 854 Παραμείψας
3153 786 3209 840 δέ
3253 787 3352 858 τῆς
3400 787 3636 858 παρόδου
3675 788 3738 841 τὸ

2159 872 2348 943 ἀκρον,
2383 871 2460 936 ὡς
2511 871 2648 943 πρὸς
2683 875 2750 945 τῇ
2797 874 3006 946 καθόδῳ
3034 877 3279 946 ἐγένετο,
3336 877 3443 932 εἶδε
3467 880 3528 932 τὸ
3554 879 3736 933 πεδίον

2161 967 2367 1038 πλῆρες
2394 968 2605 1020 ἱππέων
2630 968 2724 1020 καὶ
2750 967 2930 1033 πεζῶν
2948 987 2962 1001 ο
3013 971 3114 1023 οὐκ
3137 971 3354 1026 ἄπωθεν
3378 972 3435 1025 δὲ
3469 972 3611 1025 κατά
3631 971 3734 1025 νώ⁹

2161 1078 2252 1113 του
2284 1060 2511 1124 πολλοὺς
2545 1061 2654 1113 τῶν
2703 1061 2976 1132 πολεμίων
3011 1062 3068 1115 ἐν
3111 1066 3176 1134 τῇ
3211 1068 3425 1136 κορυφῇ
3449 1065 3543 1118 τοῦ
3578 1065 3740 1135 ὅρους

2160 1151 2298 1216 τέως
2323 1151 2682 1222 ἠρεμοῦντας.
2743 1153 2896 1206 Ἐπεὶ
2934 1153 2991 1206 δὲ
3035 1155 3084 1206 οἱ
3133 1156 3338 1226 πρῶτοι
3377 1155 3739 1226 παρελθόντες

2166 1241 2551 1310 συνεμίσγοντο
2583 1243 2692 1304 τοῖς
2725 1242 2782 1294 ἐν
2823 1241 2900 1312 τῷ
2930 1242 3096 1314 πεδίῳ
3119 1286 3134 1308 ,
3198 1244 3345 1314 μάχη
3374 1244 3620 1315 καρτερά
3645 1246 3740 1298 καὶ

2163 1331 2506 1403 ἀμφήριστος
2543 1332 2786 1403 ἐκινήθη.
2835 1335 2954 1386 Ἔτι
2995 1334 3050 1388 δὲ
3097 1335 3392 1406 περιούσης
3437 1337 3538 1407 τῆς
3579 1353 3741 1407 στρα-

2163 1424 2436 1493 τιᾶς(68).
2481 1422 2835 1493 λογισάμενος
2864 1425 2987 1478 ὅσον
3027 1420 3158 1496 ἧκεν
3208 1427 3288 1491 εἰς
3322 1427 3624 1498 ἀνθρώπων
3650 1427 3741 1480 δύ-

2164 1533 2348 1586 ναμιν,
2396 1515 2490 1569 καὶ
2525 1515 2868 1585 βουλομένοις
2904 1518 2978 1587 μὴ
3011 1516 3232 1572 δυνατὸν
3281 1517 3582 1584 σώζεσθαι,
3617 1520 3739 1572 ἐπιο

2164 1606 2460 1676 τιθεμένων
2488 1606 2598 1660 τῶν
2625 1607 2733 1660 ἀπὸ
2756 1606 2850 1660 τοῦ
2883 1607 3054 1661 νώτου
3101 1609 3200 1680 τὴν
3229 1607 3544 1680 ἀκρώρειαν
3577 1628 3742 1664 κατα-

2164 1696 2458 1763 λαϐόντων,
2495 1698 2709 1771 πρηνὴς
2759 1700 2851 1752 ἐπὶ
2883 1700 2974 1777 τοῦ
3022 1701 3250 1770 ἐδάφους
3289 1702 3502 1766 πεσὼν,
3547 1703 3743 1774 ηὓχετο

483 1790 581 1861 qui
614 1790 878 1846 verticem
905 1800 1350 1862 occupaverant,
1387 1805 1598 1862 pronus
1627 1789 1776 1843 humi
1812 1789 2061 1859 abjectus

2166 1788 2435 1860 δακρύων.
2487 1762 2608 1843 καὶ.
2725 1790 2858 1854 Θεὸς
2884 1762 3499 1865 ἀὐτίκα-ἐπήκουσεν,
3683 1795 3744 1848 τὸ

484 1898 647 1937 orare
677 1885 844 1955 coepit
874 1899 998 1938 cum
1033 1884 1322 1956 lacrymis;
1367 1883 1665 1952 statimque
1709 1880 1854 1936 Deus
1887 1881 2065 1951 preci-

484 1977 588 2032 bus
613 1974 959 2047 ejusannuit,
988 1974 1134 2030 sicut
1152 1981 1347 2029 eventu
1373 1975 1494 2044 ipso
1513 1972 1928 2043 comprobatum
1952 1980 2058 2027 est.

490 2067 628 2122 Nam
654 2077 901 2124 rectores
931 2083 1120 2123 eorum
1148 2065 1242 2136 qui
1266 2065 1470 2122 montis
1492 2065 1752 2120 verticem
1780 2064 2061 2129 tenebant,

484 2159 672 2216 missis
703 2157 770 2214 ad
805 2159 956 2212 illum
1000 2157 1250 2222 nuntiis,
1284 2171 1343 2211 se
1383 2157 1451 2212 ad
1498 2156 1645 2212 illius
1676 2163 1857 2227 partes
1885 2164 2064 2211 trans-

487 2251 664 2304 ituros
697 2264 820 2304 esse
848 2247 1078 2318 polliciti
1113 2255 1275 2313 sunt,
1311 2247 1355 2303 si
1390 2247 1801 2302 honoratiorem
1832 2247 2062 2318 gradum

483 2339 628 2409 apud
651 2339 802 2394 illum
820 2337 1064 2392 habituri
1084 2336 1435 2392 essent.Tum
1459 2352 1590 2394 vero
1612 2339 2064 2408 imperator,cum

482 2432 736 2488 chartam
765 2442 818 2487 et
849 2438 1219 2486 atramentum
1249 2431 1543 2502 quaesitum
1576 2445 1687 2486 non
1734 2430 2061 2501 reperisset,

483 2524 731 2595 acceptis
774 2523 980 2579 tabulis
1013 2537 1154 2594 quas
1193 2521 1414 2593 quidam
1447 2539 1515 2578 ex
1576 2523 1890 2578 astantibus
1926 2521 2065 2576 forte

482 2616 730 2688 gerebat,
754 2615 1036 2671 honoratae
1059 2621 1112 2668 et
1136 2613 1520 2670 convenientis
1547 2613 1683 2684 ipsis
1707 2613 1915 2668 militia!
1936 2627 2060 2683 pcr-

484 2708 706 2777 scripsit
721 2706 882 2778 315
901 2706 1154 2777 gradum,
1175 2721 1340 2776 quem
1363 2705 1504 2774 apud
1530 2720 1588 2762 se
1607 2713 1793 2761 essent
1820 2703 2064 2760 habituri

491 2798 538 2855 si
573 2800 846 2870 promissa
872 2797 1272 2866 implevissent.
1301 2797 1482 2865 Atque
1524 2795 1576 2849 hi
1602 2795 1823 2866 quidem
1868 2795 2065 2852 istius-

487 2891 635 2946 modi
689 2888 1107 2945 conditionibus
1149 2888 1469 2959 imperatori
1505 2902 1627 2944 sese
1667 2888 2062 2959 adiunxerunt.

484 2981 750 3035 Caeterum
774 2995 898 3035 cum
924 2989 1121 3035 neutra
1143 2996 1272 3053 pars
1300 2980 1480 3035 adhuc
1506 2980 1762 3046 cederet,
1785 2981 1880 3037 sed
1907 2997 2064 3052 aequo

2163 1879 2374 1933 ἀποϐάν
2415 1880 2600 1947 ἔδειξε.
2660 1880 2983 1952 Πέμψαντες
3026 1882 3135 1955 γάρ
3175 1901 3363 1950 τινας,
3421 1886 3744 1957 συμμάχους

2167 1973 2307 2042 σφᾶς
2353 1971 2568 2025 ἔσεσθαι
2608 1974 3010 2044 προσήγγειλαν
3045 1977 3092 2027 οἱ
3133 1975 3402 2046 ἡγεμόνες
3451 1977 3562 2030 τῶν
3591 1995 3745 2047 περι-

2165 2062 2489 2134 καθημένων
2517 2063 2615 2136 τὴν
2640 2065 2900 2135 ἀκραν,εί
2927 2065 3169 2136 μέλλοιεν
3203 2069 3258 2120 ἐν
3282 2070 3413 2138 τιμῇ
3449 2069 3746 2140 παράύτῷ

2165 2147 2324 2206 εἶναι.
2394 2153 2546 2206 Ἐπεὶ
2585 2153 2642 2207 δὲ
2679 2155 2886 2227 χάρτην
2921 2156 3014 2209 καὶ
3056 2156 3223 2226 μέλαν
3269 2156 3607 2228 ἐπιζητήσας
3645 2159 3747 2228 οὐχ

2164 2241 2312 2318 εὗρε,
2357 2246 2537 2300 δέλτον
2567 2246 2621 2301 δὲ
2672 2247 2853 2301 λαϐὼν
2885 2249 2994 2319 (69)
3047 2251 3112 2320 ἢν
3146 2250 3302 2320 ἐτυχέ
3329 2268 3413 2314 τις
3451 2250 3562 2304 τῶν
3604 2269 3746 2322 παρ-

2165 2338 2417 2394 εστώτων
2451 2339 2609 2410 ἔχων,
2646 2339 2945 2412 ἐνέγραψεν
2990 2341 3175 2404 αὐτοῖς
3208 2344 3480 2414 ἐπισήμου
3526 2344 3622 2397 καὶ
3651 2346 3748 2414 ἀρ⁴

2169 2432 2350 2503 μοδίου
2387 2435 2645 2506 στρατιᾶς
2671 2430 2822 2497 τάξιν
2846 2433 2979 2503 (70),
3016 2433 3081 2504 ἣν
3109 2433 3286 2498 ἕξουσι
3320 2438 3448 2506 παρ’
3476 2436 3626 2507 αὐτῷ
3651 2436 3749 2506 τὴν

2168 2523 2457 2595 ὑπόσχεσιν
2495 2523 2846 2595 πληροῦντες.
2904 2525 3012 2577 Καὶ
3056 2525 3105 2577 οί
3139 2525 3240 2596 μὲν
3285 2526 3377 2579 ἐπὶ
3404 2526 3615 2591 τούτοις
3672 2526 3751 2596 τῷ

2168 2617 2379 2689 βασιλεῖ
2427 2615 2873 2690 προσεχώρησαν.
2937 2617 3026 2689 Μή
3064 2633 3150 2669 πω
3177 2617 3234 2670 δὲ
3273 2617 3500 2690 θατέρου
3547 2619 3753 2689 μέρους

2167 2709 2463 2772 κλίναντος,
2514 2707 2630 2762 ἀλλ’
2658 2707 2738 2760 ἔτι
2767 2707 2863 2778 τῆς
2895 2709 2953 2760 ἐν
2988 2708 3155 2779 πεδίῳ
3195 2707 3373 2780 μάχης
3402 2707 3752 2778 ἑκατέρωθεν

2171 2797 2484 2868 ίσαζούσης,
2514 2796 2927 2868 ἀντιπρόσωπος
2957 2800 3071 2861 τοῖς
3112 2797 3374 2860 ἐναντίοις
3402 2797 3582 2867 ἐμϐὰς
3622 2798 3750 2850 ἄνε-

2169 2907 2270 2960 μος
2299 2888 2553 2953 ἐξαίσιος,
2610 2888 2704 2940 καὶ⁹
2741 2884 2854 2942 οἷον
2879 2885 3030 2940 οὔπω
3069 2887 3331 2958 πρότερον
3355 2887 3748 2958 ἱστορήσαμεν,

2165 2983 2372 3036 διέλυσε
2393 2981 2490 3044 τὰς
2509 2980 2616 3034 τῶν
2637 2979 2909 3051 πολεμίων
2936 2979 3134 3047 τάξεις.
3163 2979 3300 3049 Βέλη
3322 2979 3376 3032 δὲ
3407 2979 3501 3032 καὶ
3523 2979 3752 3033 ἀκόντια

486 3071 661 3126 Marte
675 3071 936 3141 utrinque
953 3072 1161 3127 acriter
1188 3079 1549 3142 pugnaretur,
1572 3081 1770 3128 ventus
1795 3075 1988 3142 ingens
2010 3083 2063 3129 et

2169 3074 2310 3128 κατά
2354 3072 2638 3143 Ῥωμαίων
2686 3071 3046 3142 πεμπόμενα,
3089 3071 3165 3134 ὼς
3210 3069 3531 3134 ἀντιτύποις
3581 3088 3752 3142 προσ-

404 3209 414 3220 .
485 3162 702 3233 qualem
727 3169 889 3217 antea
920 3177 1202 3234 nunquam
1229 3162 1407 3218 fuisse
1434 3163 1712 3241 novimus,
1739 3180 1803 3220 ex
1832 3164 2068 3221 adverso

485 3257 542 3310 in
577 3253 763 3310 hostes
793 3254 1037 3320 irruens,
1065 3270 1257 3310 eorum
1287 3257 1514 3312 ordines
1543 3256 1880 3311 disturbavit
1906 3297 1920 3320 ,
1961 3257 2068 3310 tela

485 3361 618 3401 vero
664 3353 719 3401 et
749 3345 935 3416 jacula
971 3361 1094 3416 qua:
1139 3347 1196 3401 in
1248 3347 1530 3401 Romanos
1571 3347 1822 3418 conjecta
1871 3355 2066 3412 erant,

485 3435 720 3506 perinde
761 3449 826 3490 ac
865 3435 911 3490 si
954 3436 1153 3493 solidis
1193 3437 1525 3508 corporibus
1567 3439 1713 3494 illisa
1751 3447 1978 3504 essent,
2013 3441 2066 3494 in

483 3530 604 3599 ipsa
632 3529 999 3598 jacutantium
1035 3545 1270 3600 corpora
1308 3533 1556 3588 retorsit.
1601 3531 1772 3588 Scuta
1826 3533 2068 3604 denique

483 3635 552 3674 ex
584 3635 782 3674 eorum
815 3620 1077 3675 manibus
1103 3621 1328 3688 abrepta
1350 3663 1365 3686 ,
1399 3637 1524 3676 cum
1556 3623 1819 3679 sordibus
1851 3638 1915 3677 ac
1949 3625 2068 3694 pul-

486 3723 618 3764 vere
653 3709 710 3763 in
743 3709 894 3777 ipsos
925 3711 1222 3766 contorsit.
1260 3711 1450 3781 Itaque
1478 3714 1652 3770 armis
1701 3716 1932 3783 nudati,
1974 3716 2066 3770 alii

486 3814 620 3853 vero
652 3798 720 3852 ad
759 3799 1035 3854 modicum
1067 3807 1287 3869 tempus
1317 3800 1444 3874 fuga
1476 3804 1681 3874 elapsi,
1719 3805 1865 3860 haud
1895 3807 2068 3860 multo

485 3898 611 3959 post
642 3889 792 3959 capti
831 3887 1008 3945 fuere.
1046 3888 1330 3960 Eugenius
1366 3901 1550 3947 autem
1587 3893 1654 3946 ad
1689 3894 1858 3962 pedes
1898 3895 2068 3964 iri-pe-

483 3981 690 4036 ratoris
720 3982 1081 4050 provolutus,
1113 3989 1174 4035 ut
1209 3983 1318 4035 vita
1353 3983 1457 4053 ipsi
1499 3986 1904 4040 concederetur
1943 4004 2066 4040 ora-

483 4074 616 4142 bat;
654 4075 752 4130 sed
782 4075 913 4130 dum
949 4077 1327 4146 supplicaret,
1367 4093 1393 4130 a
1424 4078 1665 4148 quodam
1703 4095 1767 4135 ex
1800 4079 2067 4136 militibus

482 4169 667 4237 capite
697 4175 990 4222 truncatus
1019 4177 1124 4222 est.
1170 4168 1510 4238 Arbogastes
1541 4185 1672 4224 vero
1693 4211 1708 4234 ,
1753 4181 1878 4240 post
1921 4187 2068 4240 proe-

483 4258 621 4312 lium
673 4257 921 4326 fugiens,
987 4274 1087 4313 sua
1140 4274 1200 4314 se
1248 4275 1413 4314 manu
1461 4261 1760 4315 interemit.
1799 4261 1970 4315 Porro
2000 4275 2066 4316 eo

483 4349 604 4419 ipso
635 4356 881 4420 tempore
910 4365 1020 4420 quo
1051 4365 1232 4421 pugna
1259 4351 1735 4414 committebatur,
1775 4353 1930 4406 aiunt
1959 4353 2066 4406 dae-

2169 3164 2462 3228 ϐάλλοντα,
2493 3167 2574 3227 εἰς
2603 3164 2670 3217 τὰ
2699 3163 2805 3216 τῶν
2831 3162 3222 3226 ἀκοντιζόντων
3252 3164 3612 3233 περιέστρεφε
3645 3161 3754 3215 σώο

2172 3267 2338 3328 ματα.
2370 3257 2479 3310 Καὶ
2507 3256 2603 3318 τὰς
2648 3255 2878 3317 ἀσπίδας
2907 3252 3226 3324 ἐξαρπάζων
3255 3253 3362 3306 τῶν
3400 3253 3624 3324 χειρῶν,
3656 3255 3754 3306 σὺν

2170 3346 2387 3419 φορυτῷ
2419 3348 2514 3400 καὶ
2542 3345 2802 3417 κονιορτῷ
2835 3348 2954 3399 κατ’
2981 3346 3161 3399 αὐτῶν
3189 3344 3391 3399 ἐκύλιε.
3427 3344 3753 3414 Γυμνωθέν-

2168 3459 2257 3504 τες
2287 3441 2342 3494 δὲ
2369 3440 2478 3493 τῶν
2513 3439 2712 3502 ὃπλων,
2755 3439 2804 3492 oi
2851 3440 2948 3509 μὲν
2979 3439 3197 3500 πλείους
3225 3437 3422 3492 αὐτίκα
3450 3437 3758 3508 διεφθάρη·

2171 3550 2292 3596 σαν,
2329 3533 2378 3586 oi
2423 3532 2480 3586 δὲ
2525 3532 2659 3602 πρὸς
2687 3531 2867 3598 ὀλίγον
2909 3533 3054 3601 φυγῇ
3082 3529 3472 3594 διασωθέντες,
3523 3529 3642 3597 μετ’
3691 3528 3754 3581 ού

2171 3623 2302 3678 πολὺ
2352 3623 2591 3692 ἥλωσαν.
2643 3621 2898 3689 Εὑγένιος
2936 3619 3014 3681 δέ,
3058 3617 3424 3689 προσδραμὼν
3468 3619 3583 3680 τοῖς
3622 3618 3757 3672 ποσὶ

2168 3713 2260 3767 τοῦ
2293 3711 2578 3782 βασιλέως,
2624 3712 2792 3766 ἐδεῖτο
2839 3709 3126 3775 σώζεσθαι.
3191 3711 3278 3762 Ἐν
3326 3702 3372 3778 ᾧ
3421 3709 3478 3762 δὲ
3515 3710 3753 3771 ἱκέτευε,

2169 3806 2307 3877 πρὸς
2351 3823 2442 3859 του
2489 3803 2596 3858 τῶν
2636 3805 2982 3875 στρατιωτῶν
3008 3803 3108 3874 τὴν
3141 3802 3383 3872 κεφαλὴν
3429 3801 3752 3873 ἀπετμήθη.

2182 3897 2546 3969 Ἀρϐογάστης
2593 3896 2649 3948 δὲ
2697 3895 2914 3965 φεύγων
2950 3895 3088 3965 μετὰ
3123 3895 3221 3966 τὴν
3248 3896 3450 3966 μάχην,
3491 3896 3753 3963 αὐτόῖειρ

2170 3990 2363 4044 ἐαυτοῦ
2393 3989 2604 4058 γέγονε.
2659 3988 2890 4057 Λέγεται
2930 3988 2986 4041 δέ
3029 3987 3149 4042 καθ’
3195 3987 3256 4041 δν
3298 3987 3487 4058 καιρὸν
3537 3981 3699 4050 οὗτος
3726 3987 3754 4038 δ

2171 4082 2406 4150 πόλεμος
2436 4083 2809 4153 συνεκροτεῖτο
2831 4121 2846 4145 ,
2899 4079 2974 4143 ὼς
3003 4082 3060 4132 ἐν
3109 4079 3190 4150 τῷ
3235 4080 3340 4150 νεῷ
3369 4078 3463 4131 τοῦ
3498 4076 3638 4130 Θεοῦ
3677 4078 3753 4148 τῷ

2169 4173 2227 4224 ἐν
2254 4171 2331 4242 τῷ
2370 4171 2635 4242 Ἑϐδόμῳ,
2665 4171 3088 4243 οὗπροσηύξατο
3105 4173 3132 4223 ό
3153 4171 3406 4239 βασιλεὺς
3438 4169 3618 4234 ἐξιὼν,
3638 4170 3755 4222 δαι-

2172 4263 2351 4335 μονῶν
2398 4282 2480 4328 τις
2528 4264 2895 4334 ἀναρπασθεὶς
2943 4264 3254 4333 μετάρσιος,
3300 4262 3392 4315 τὸν
3434 4263 3752 4333 Bautis-rip:

2181 4360 2436 4429 Ἰωάννην
2468 4358 2806 4428 ἐλοιδορεῖτο,
2857 4357 2950 4410 καὶ
2977 4357 3051 4420 ὡς
3095 4357 3194 4426 τῆς
3222 4355 3465 4426 κεφαλῆς
3491 4357 3752 4424 ἀποτμη-

485 4441 806 4496 moniacum
843 4442 1138 4512 quemdam
1169 4444 1224 4497 in
1255 4444 1458 4513 templo
1510 4443 1604 4497 Dei
1651 4445 1798 4514 quod
1840 4454 1960 4500 erat
2006 4445 2060 4499 in

2168 4447 2328 4502 θέντα
2366 4449 2627 4514 ὠνείδιζε,
2669 4449 2762 4502 καὶ⁵
2808 4447 3040 4501 ἀνεϐόα·
3088 4447 3160 4500 Σύ
3211 4465 3277 4518 με
3324 4449 3502 4518 νικᾷς,
3551 4448 3650 4500 καὶ
3686 4449 3749 4516 τῇ

486 4527 736 4600 Septimo
760 4569 776 4595 ,
813 4530 868 4584 in
903 4547 1014 4602 quo
1043 4533 1344 4603 imperator
1372 4533 1438 4588 ad
1473 4533 1674 4587 bellum
1708 4535 2068 4603 proﬁciscens

484 4635 682 4690 preces
713 4620 972 4690 fuderat,
1017 4639 1046 4678 a
1087 4625 1339 4680 diemone
1377 4624 1673 4680 sublimem
1716 4635 1935 4696 raptum
1973 4625 2067 4680 Jo-

485 4710 619 4763 anni
651 4711 910 4780 Baptistze
937 4714 1311 4767 conviciatum
1345 4729 1467 4769 esse
1489 4753 1502 4777 ,
1534 4730 1770 4784 eumque
1798 4723 2062 4785 tanquam

483 4800 669 4868 capite
715 4809 1074 4865 truncatum,
1118 4804 1340 4873 probris
1376 4807 1672 4873 appetiissc
1697 4848 1712 4871 ,
1753 4805 1824 4859 ita
1861 4808 2067 4860 vocife-

487 4889 700 4944 rando:
733 4889 815 4944 Tu
847 4907 936 4948 me
964 4893 1142 4949 vincis
1163 4935 1178 4961 ,
1216 4903 1271 4949 et
1297 4896 1567 4950 exercitui
1599 4913 1719 4951 meo
1751 4896 2059 4954 insidiaris.

483 4979 552 5035 Hi
587 4995 720 5036 vero
753 4982 848 5052 qui
885 4982 1157 5050 aderant,
1200 5001 1326 5041 cum
1353 5028 1368 5054 ,
1407 4997 1466 5041 ut
1514 4988 1782 5043 credibile
1823 4999 1940 5055 est,
1979 4992 2064 5045 in-

2170 4542 2275 4610 ἐμῇ
2311 4541 2540 4611 στρατιᾷ
2569 4537 2958 4602 ἐπιϐουλεύεις.
3011 4538 3074 4592 Oi
3119 4538 3179 4591 δὲ
3224 4537 3647 4607 περιτυχόντες,
3679 4538 3751 4596 ὡς

2169 4632 2336 4694 εἰκὸς,
2371 4630 2570 4700 πολλῆς
2597 4629 2762 4700 οῦσης
2797 4629 2927 4699 περὶ
2951 4629 3046 4682 τοῦ
3080 4628 3317 4698 πολέμου
3348 4627 3588 4698 σπουδῆς
3617 4627 3751 4680 νεώ·

2166 4720 2325 4788 τερόν
2357 4736 2408 4771 τι
2437 4717 2658 4772 ἀκούειν
2685 4718 2780 4770 καὶ
2804 4716 3006 4784 λέγειν,
3051 4716 3498 4784 καταπλαγέντες
3520 4715 3752 4787 ἀνεγρά-

2165 4812 2337 4882 ψαντο
2379 4811 2475 4881 τὴν
2521 4810 2770 4883 ἡμέραν,
2827 4809 2946 4862 καθ’
2982 4809 3050 4880 ἢν
3093 4807 3340 4878 γενέσθαι
3395 4808 3462 4860 τά
3505 4809 3636 4877 περὶ
3668 4808 3750 4858 τὸν

2169 4901 2405 4971 πόλεμον
2433 4901 2533 4954 οὐκ
2565 4901 2644 4963 είς
2672 4898 2890 4970 μακρὰν
2915 4898 3158 4966 ἔγνωσαν
3185 4896 3334 4968 παρὰ
3359 4897 3467 4949 τῶν
3492 4913 3753 4964 mumm-

2169 4991 2378 5045 σάντων
2406 4992 2472 5060 τῇ
2507 4991 2676 5063 μάχῃ.
2712 4989 2821 5043 Καὶ
2854 4989 2923 5044 τὰ
2957 4988 3055 5059 μὲν
3083 4982 3185 5043 ὧδε
3210 4986 3467 5056 γενέσθαι
3500 4987 3685 5053 λόγος.

483 5091 621 5148 gens
662 5077 908 5133 omnium
949 5079 1198 5134 studium
1240 5093 1391 5139 esset
1440 5084 1507 5138 de
1550 5084 1655 5139 hoc
1699 5084 1878 5151 bello,
1923 5096 1986 5141 ut
2017 5086 2224 5159 aliquid
2258 5087 2382 5140 novi
2408 5085 2666 5140 audirent
2695 5099 2759 5138 ac
2793 5083 3076 5148 dicerent,
3108 5081 3477 5151 obstupefacti
3519 5080 3668 5135 diem
3707 5082 3753 5132 in

1674 5274 1942 5330 V’ALESII
1975 5272 2534 5332 ANNOTATIONES.

556 5449 677 5525 (68)_
731 5453 857 5504 Ἔτι
893 5449 962 5525 δὲ
1012 5453 1343 5525 περιούσης
1405 5451 1866 5525 τῆςᾴσζραζιᾶς.
1920 5452 2066 5525 Lego

482 5519 806 5644 παριούσέὅ,
837 5520 919 5576 vel
945 5531 1094 5577 certe
1130 5522 1420 5593 κατιούσης
1449 5531 1506 5575 ιιι
1535 5519 1696 5578 habet
1723 5519 2064 5594 Nicephorius

484 5607 537 5641 ιιι
574 5604 693 5644 caD.
801 5634 809 5643 .

484 5604 917 5734 ιιιίὲὖῑῖᾼῗέὒτον
939 5659 1007 5734 δὲ
1034 5662 1255 5718 λαϐὼν.
1285 5661 1456 5717 Nemo
1484 5671 1588 5726 est,
1619 5673 1676 5717 ιιι
1718 5666 1931 5734 opinor,
1964 5667 2057 5734 qui

483 5741 593 5781 non
636 5725 812 5782 videat
849 5731 1197 5788 scribendum
1231 5751 1349 5791 esse
1374 5735 1551 5788 δέλτον
1578 5725 1649 5806 δὴ
1702 5725 2053 5805 λσὶΰώνςςίς.

2172 5453 2290 5508 Jam
2322 5455 2464 5509 enim
2511 5469 2674 5523 supra
2703 5453 2914 5521 monui,
2968 5449 3169 5522 smpius
3221 5461 3510 5522 peccatum
3556 5467 3677 5506 esse
3719 5464 3745 5503 τι

2172 5526 2417 5579 librariis
2461 5526 2512 5576 in
2549 5525 2648 5580 Irae
2675 5539 2825 5578 voce.

2243 5595 2353 5662 (70)
2388 5594 2671 5662 Στρατιᾶς
2694 5593 2885 5656 τάξιν.
2913 5591 3124 5647 Mallem
3152 5591 3398 5646 scribere
3429 5592 3740 5662 στρατείας.

2172 5665 2222 5716 id
2252 5661 2344 5716 est
2370 5665 2616 5718 ordinent
2650 5661 2891 5730 militiae;
2922 5662 3149 5734 στρατιά
3185 5678 3312 5717 vero
3332 5662 3638 5717 exercitum
3667 5661 3743 5714 sic

2167 5751 2234 5805 gn
2246 5753 2254 5786 l
2267 5735 2382 5787 licat
2395 5775 2406 5786 .
