4054 6188
401 309 419 364 Ι
432 311 538 368 493

1364 303 1686 362 HISTORIA
1725 276 2275 360 EChLEStAsrtcA.
2308 333 2377 343 -
2414 301 2542 358 un.
2585 299 2694 358 vn.

3521 296 3690 355 ιιι-ι.

395 433 589 485 charta
629 430 1070 502 perscripserunt
1097 447 1112 495 ;
1143 442 1326 498 eoque
1350 427 1478 498 ipso
1501 428 1593 482 die
1617 426 1870 497 proelium
1898 424 2102 480 factum
2131 439 2287 486 esse.
2313 423 2461 478 haud
2491 425 2666 480 multo
2696 431 2818 494 post
2847 439 2911 478 ex
2945 425 3009 478 iis
3045 422 3138 494 qui
3174 423 3368 494 prmlio
3396 421 3659 476 interfue-

397 535 529 582 runt
553 524 884 580 didicerunt.
917 521 1095 591 Atque
1125 521 1240 576 haec
1274 519 1497 589 quidem
1533 521 1585 574 in
1621 520 1769 574 hunc
1801 517 2022 572 modum
2053 524 2206 587 gesta
2240 533 2368 573 esse
2399 518 2682 573 dicuntur.

975 616 1224 668 ΚΕΦᾹΛ.
1265 614 1391 669 ΚΕ’.
1468 609 1474 614 ’

396 706 533 772 Περὶ
587 703 698 772 τῆς
754 704 903 770 πρὸς
944 703 1214 768 βασιλέα
1266 703 1592 758 Θεοδόσιον
1642 701 1749 756 τοῦ
1808 703 1981 772 ἁγίου

479 774 820 854 ᾈμϐροσίου
847 775 1220 854 παρῤησίξις,
1278 773 1375 827 καὶ
1402 773 1730 854 τοῦ-φόνρυ
1768 772 1887 854 τῶς·
1911 773 1982 826 ἐν

466 842 887 909 Θεσσαλονίκῃ
908 859 919 870 ·
973 843 1071 914 καὶ
1097 842 1377 914 διήγησις
1425 842 1532 897 τοῦ
1570 843 1743 912 ἁγίου
1765 843 1980 897 τούτου

463 914 682 981 ἐτέρων
707 912 1192 981 κατορθωμάτων.

463 1003 620 1058 Μετὰ
647 1004 827 1075 δὲτὴν
858 1003 1115 1072 Εύγενίου
1150 1002 1489 1074 καθαίρεσιν,
1534 1003 1863 1074 ἀφικόμενος
1901 1005 1980 1068 είς

394 1096 722 1150 Μεδιόλανον
757 1097 788 1148 ὁ
819 1095 1091 1166 βασιλεὺς,
1126 1091 1263 1167 ἧκεν
1291 1097 1372 1159 είς
1393 1096 1494 1168 τήν
1525 1095 1820 1166 ἐκκλησίαν
1883 1095 1979 1150 εύ-

375 1188 636 1259 ,ξόμενοςκ
697 1189 786 1252 Ὠς
815 1188 872 1241 δέ
905 1187 1041 1260 πρὸς
1069 1189 1188 1252 ταῖς
1220 1187 1414 1260 θύραις
1445 1188 1681 1256 ἐγένετο,
1712 1187 1980 1257 ὀπήντετο

406 1280 730 1352 Ἀμϐρόσιος
755 1294 781 1322 ι
827 1281 858 1334 ὁ
900 1281 1002 1350 τῆς
1043 1280 1251 1345 πόλεως
1295 1280 1591 1345 ἐπίσκοπος
1613 1298 1628 1313 ο
1679 1280 1773 1335 καὶ
1817 1279 1980 1333 λαϐό-

396 1387 558 1440 μενος
583 1372 682 1441 τῆς
709 1369 1025 1442 ἁλουργίδος
1049 1371 1143 1423 ἐπὶ
1163 1371 1257 1424 τοῦ
1282 1371 1538 1442 πλήθους,
1557 1371 1828 1442 Ἐπίσχες,
1849 1370 1974 1442 ἔφη.

408 1461 590 1532 Ἀνδρῒ⁵
632 1460 740 1532 γὰρ
786 1461 892 1515 ύπδ
938 1462 1214 1533 ἁμαρτίας
1241 1461 1483 1533 βεϐήλῳ,
1538 1461 1758 1526 καὶτὰς
1791 1465 1980 1534 χεῖρας

394 1551 722 1622 ᾑμαγμένας
739 1553 843 1607 ούκ
869 1554 928 1606 ἐν
955 1553 1082 1626 δίκῃ
1113 1553 1310 1624 ἔχοντι,
1337 1555 1396 1608 ού
1425 1554 1648 1625 θεμιτὸν
1676 1555 1782 1625 πρὸ
1816 1572 1980 1626 μετας

393 1644 542 1708 νοίας
573 1645 672 1714 τῆς
703 1645 798 1700 τοῦ
831 1649 979 1718 ίεροῦ
1018 1649 1316 1702 ἐπιϐαίνειν
1344 1649 1498 1703 ούδοῦ
1529 1649 1639 1722 (71)
1659 1691 1672 1716 ,
1703 1649 1736 1720 ἢ
1773 1667 1979 1721 μυστη-

359 1726 526 1826 ξρίων
561 1737 721 1792 θείων
749 1742 1044 1796 κοινωνεῖν.
1103 1741 1164 1794 '0
1189 1742 1247 1794 δὲ
1276 1741 1532 1812 βασιλεὺς
1575 1740 1864 1812 θαυμάσας
1887 1741 1979 1795 τὸν

395 1824 548 1895 ἱερέα
571 1827 672 1896 τῆς
706 1829 1044 1900 παρρησίας,
1077 1829 1302 1894 σύννους
1325 1831 1582 1900 γεγονὼς,
1611 1831 1975 1903 ὑπέστρεφεν,

395 1917 500 1968 ὑπὸ
523 1919 622 1987 τῆς
641 1919 928 1987 μετανοίας
947 1920 1326 1990 κεντούμενος.
1354 1917 1464 1974 Ἦν
1489 1921 1546 1974 δὲ
1573 1921 1672 1990 τῆς
1703 1921 1979 1992 ἁμαρτίας
2009 1961 2050 2015 Β

395 2007 669 2076 πρόφασις
715 2009 916 2062 τοιάδε⁶
978 2009 1304 2081 Βουθερίκου
1355 2010 1468 2080 (72)
1517 2011 1614 2064 τοῦ
1669 2012 1974 2083 ἡγουμένου

394 2099 514 2152 τότε
539 2097 648 2152 τῶν
671 2103 799 2172 παρ’
829 2101 1110 2173 Ἰλλυριοῖς
1133 2105 1481 2174 στρατιωτῶν
1495 2105 1711 2177 ἡνίοχος
1724 2105 1816 2159 τὸν
1834 2105 1976 2160 οἰνο-

393 2191 518 2260 χόον
559 2191 801 2262 αίσχρῶς
859 2192 1003 2257 ἰδὼν,
1050 2194 1331 2266 ἐπείρασε.
1394 2196 1507 2252 Kal.
1554 2197 1880 2269 συλληφθεὶς
1916 2199 1978 2255 ἐν

395 2283 609 2353 φρουρᾷ
635 2277 724 2352 ἦν.
772 2283 1075 2355 Ἐπισήμου
1107 2285 1166 2340 δέ
1213 2288 1578 2360 ἱπποδρομίας
1609 2290 1976 2346 ἐπιτελεῖσθαι

398 2369 716 2442 μελλούσης,
758 2373 835 2433 ὡς
883 2376 1183 2444 ἀναγκαῖον
1214 2379 1294 2442 είς
1342 2379 1442 2450 τήν
1492 2381 1734 2449 ἀγωνίαν
1779 2385 1807 2437 ὁ
1837 2383 1975 2436 Θεσ-

397 2461 723 2519 σαλονικέων
787 2465 960 2536 δῆμος
1007 2468 1192 2539 ἐζήτει
1244 2471 1499 2539 ἀφίεσθαι
1528 2489 1542 2504 ·
1597 2473 1673 2536 ὡς
1725 2474 1781 2528 δὲ
1824 2475 1977 2528 οὐδὲν

394 2553 577 2623 ήνυεν,
595 2556 676 2617 εἰς
693 2555 934 2629 χαλεπήν
953 2559 1188 2630 κατέστη
1209 2560 1422 2627 στάσιν,
1440 2564 1536 2616 καὶ
1557 2562 1972 2636 calendas/(To),

395 2644 486 2699 τὸν
506 2646 835 2720 Βουθερίχαν
861 2650 1062 2706 ἀνεῖλε.
1115 2653 1225 2706 Καὶ
1253 2653 1376 2707 ἐπεὶ
1420 2655 1547 2709 τάδε
1595 2656 1861 2728 ἐμηνύθη,
1895 2659 1976 2723 είς

394 2733 636 2824 ἄμετρον
659 2738 828 2812 ὀργὴν
855 2740 1113 2811 ἐμπεσὼν
1135 2743 1162 2795 ἑ
1189 2741 1463 2812 βασιλεὺς,
1487 2744 1649 2816 ῥητὸν
1672 2747 1782 2800 τῶν
1809 2764 1977 2819 προσ-

397 2829 772 2897 τυγχανόντων
795 2831 1025 2901 ἀριθμδν
1047 2841 1076 2881 γ
1094 2833 1443 2905 ἀναιρεθῆναι
1470 2836 1822 2906 προσέταξεν.
1857 2839 1975 2892 Ἔν·

396 2917 587 2973 τεῦθεν
612 2921 670 2975 δὲ
711 2922 923 2976 πολλῶν
964 2924 1163 2978 ἀδίκων
1188 2925 1493 3000 ἐνεπλήσθη
1526 2929 1704 2998 φόνων
1734 2932 1766 3000 ἡ
1800 2930 1972 2994 πόλις.

392 3007 550 3062 Ξένοι
580 3025 640 3062 τε
681 3011 789 3084 γὰρ
820 3013 1020 3068 αὐτίκα
1065 3015 1563 3085 προσπλεύσαντες,
1619 3019 1718 3073 καὶ
1759 3020 1817 3086 ἐξ
1856 3019 1976 3074 ὁδοῦ

395 3099 741 3170 ἀφικόμενοι,
789 3103 1072 3174 ἀδοκήτως
1103 3104 1344 3176 ἣλωσαν.
1414 3109 1527 3162 Καὶ
1580 3109 1730 3181 πάθη
1769 3110 1978 3166 ἐλεεινὰ

398 3189 629 3261 συνέϐη,
685 3191 744 3243 ἐν
785 3187 866 3255 οἷς
900 3192 994 3246 καὶ
1024 3193 1143 3246 τόδε
1167 3211 1180 3224 ·
1229 3194 1469 3266 ἔμπορος
1501 3198 1622 3252 ἀντὶ
1649 3199 1743 3252 δύο
1775 3200 1978 3257 παίδων

2683 612 2838 667 CAP.
2880 611 3047 667 XXV.

2087 698 2160 755 De
2190 701 2332 754 beati
2361 702 2626 756 Ambrosii
2666 703 2718 756 in
2759 702 3016 772 loquendo
3055 702 3334 758 libertate.
3386 718 3491 770 qua
3534 717 3663 756 usus

2151 781 2230 840 est
2290 789 2415 838 erga
2455 772 2827 840 imperatorem
2869 772 3261 826 Theodosium:
3309 782 3359 824 et
3408 773 3471 824 de
3521 773 3664 825 cede

2156 839 2745 905 Thessalonicensium;
2784 844 2906 896 item
2933 843 2997 896 de
3048 842 3171 895 aliis
3220 841 3370 896 rebus
3407 857 3438 894 α
3480 853 3662 895 sancto

2152 911 2248 965 illo
2283 912 2394 965 viro
2428 911 2687 980 prmclare
2712 913 2895 983 gestis.

2152 1000 2287 1057 Post
2345 999 2576 1073 Eugenii
2638 1018 2877 1069 necem,
2935 1003 3236 1073 imperator
3293 1000 3706 1057 Mediolanum.

2081 1093 2412 1164 ingressus,
2460 1094 2656 1148 orandi
2702 1110 2872 1151 causa
2915 1093 2982 1148 ad
3023 1093 3314 1149 ecclesiam
3366 1091 3660 1162 processit.
3703 1120 3710 1140 ι

2080 1185 2333 1254 Cumque
2361 1185 2429 1240 ad
2473 1185 2622 1241 fures
2651 1187 2913 1249 venisset,
2936 1185 3188 1240 occurrit
3215 1184 3266 1239 ei
3298 1183 3655 1244 Ambrosius.
3703 1184 3710 1200 "

2081 1274 2326 1330 civitatis
2378 1275 2714 1346 episcopus;
2765 1285 2820 1331 et
2870 1275 3214 1346 apprehensa
3253 1273 3377 1343 ejus
3415 1287 3663 1344 purpura
3750 1272 3754 1277 ’

2080 1381 2268 1420 coram
2297 1367 2450 1422 omni
2501 1367 2899 1422 multitudine:
2945 1365 3098 1422 Siste
3141 1366 3410 1437 gradum,
3457 1364 3658 1434 inquit.

2081 1455 2306 1513 llomini
2334 1458 2482 1512 enim
2509 1458 2584 1515 ob
2611 1458 2821 1514 delicta
2846 1457 3079 1529 profano
3099 1497 3114 1520 ,
3146 1464 3201 1513 et
3229 1470 3426 1511 manus
3455 1455 3663 1526 injusta

2082 1548 2232 1603 caede
2262 1549 2504 1619 pollutas
2538 1549 2750 1619 gerenti
2787 1557 2916 1603 ante
2946 1547 3328 1620 paenitentiam
3360 1555 3539 1600 actam
3573 1561 3668 1602 sa-

2081 1654 2238 1694 crum
2290 1639 2461 1694 limen
2513 1639 2726 1696 intrare
2768 1655 2878 1694 non
2919 1640 3080 1706 licet,
3119 1653 3222 1695 nec
3265 1639 3333 1693 ad
3376 1651 3662 1693 sacrorum

2082 1731 2482 1802 mysteriorum
2521 1732 2972 1788 communionem
3011 1731 3297 1787 accedere.
3346 1729 3484 1784 Tum
3533 1745 3668 1784 vero

2081 1823 2404 1894 imperator,
2435 1823 2603 1896 316
2630 1825 2941 1882 sacerdotis
2971 1824 3287 1880 libertatem
3321 1822 3624 1878 admiratus
3647 1865 3660 1885 ,

2080 1913 2149 1968 ad
2183 1929 2245 1969 se
2278 1915 2480 1982 rediit",
2523 1925 2580 1972 et
2618 1916 2959 1988 ptenitentite
3001 1917 3244 1973 stimulis
3296 1921 3689 1985 compunctus

2078 2006 2373 2061 abscessit.
2403 2005 2628 2062 Peccati
2656 2023 2788 2063 vero
2814 2009 2931 2062 haec
2965 2008 3141 2063 fuerat
3170 2007 3432 2070 occasio:
3460 2004 3665 2058 Buthe-

2077 2096 2179 2151 rici
2223 2111 2290 2151 eo
2331 2105 2587 2168 tempore
2631 2097 2887 2168 magistri
2938 2097 3175 2152 militum
3232 2112 3331 2168 per
3385 2095 3663 2168 Illyricum

2076 2190 2397 2260 pincernam
2419 2231 2434 2256 ,
2467 2189 2660 2261 auriga
2691 2204 2882 2245 amore
2921 2189 3047 2258 ejus
3087 2196 3284 2258 captus
3309 2230 3323 2254 ,
3363 2187 3431 2241 de
3470 2194 3691 2257 stupro

2077 2280 2480 2336 sollicitaverat
2506 2300 2524 2347 ;
2571 2295 2808 2352 eamque
2838 2281 2910 2336 ob
2939 2295 3165 2336 causam
3195 2278 3659 2350 comprehensus.

2077 2372 2134 2426 in
2163 2372 2420 2428 custodia
2450 2373 2767 2429 tenebatur.
2793 2372 2932 2428 Cum
2960 2379 3142 2427 autem
3173 2370 3361 2426 nobile
3390 2385 3660 2440 equorum

2077 2469 2358 2519 certamen
2389 2461 2445 2516 in
2477 2461 2646 2518 Circo
2676 2462 2952 2519 edendum
2986 2469 3170 2526 esset,
3206 2461 3442 2530 populus
3494 2461 3682 2514 Thes-.

2077 2555 2447 2612 salonicensis
2505 2557 2844 2626 postulavit,
2894 2564 2954 2610 ut
2997 2555 3046 2611 is
3097 2565 3359 2624 tanquam
3406 2553 3473 2607 ad
3525 2553 3684 2607 illud‘

2077 2653 2357 2703 certamen
2390 2647 2747 2703 necessarius
2795 2647 3200 2703 dimitteretur.
3233 2646 3494 2703 Sed'cum
3521 2646 3673 2701 nihil-

2081 2740 2403 2811 proliceret,
2438 2741 2826 2811 gravissimam
2860 2743 3188 2799 seditionem
3222 2740 3544 2804 commovit,
3594 2754 3660 2794 ac

2078 2840 2363 2901 postremo
2390 2819 2748 2887 Buthericum
2781 2834 2962 2904 ipsum
2994 2833 3294 2890 interfecit.
3321 2831 3394 2887 Ea
3423 2847 3480 2887 re
3514 2847 3662 2886 nun-

2079 2923 2214 2977 tiata
2237 2964 2253 2990 ,
2287 2923 2590 2994 imperator
2619 2924 2930 2980 incredibili
2962 2925 3044 2980 ira
3071 2939 3376 2981 succensus
3398 2965 3412 2989 ,
3445 2931 3684 2981 cerlunr

2080 3028 2371 3069 nmnerum
2403 3030 2592 3070 eorum
2622 3015 2715 3086 qui
2745 3017 2890 3072 obvii
2920 3017 3146 3082 fierent;
3174 3017 3495 3071 obtruncari
3523 3031 3661 3086 pra:-

2081 3103 2249 3175 cepit.
2286 3103 2399 3160 Hac
2451 3107 2746 3163 occasione
2789 3108 2988 3162 civitas
3047 3108 3347 3163 multorum
3393 3109 3660 3163 innocen-

2083 3206 2197 3251 tum
2247 3197 2520 3268 sanguine
2569 3199 2845 3268 completa
2895 3206 3002 3254 est.
3059 3197 3274 3254 Etenim
3344 3201 3659 3270 peregrini,

396 3277 562 3332 αὑτοῦ
594 3280 1000 3350 συλληφθέντων
1057 3285 1422 3356 προσαγαγὼν
1448 3288 1640 3342 ἐαυτὸν
1688 3290 1975 3345 ἀποθανεῖν

2083 3288 2179 3358 qui
2209 3302 2405 3344 recens
2434 3304 2500 3343 eo
2535 3289 2899 3360 appulerant,
2930 3292 3034 3346 vel“
3047 3291 3300 3347 terrestri
3339 3291 3535 3347 itinere
3565 3291 3662 3346 ad-

399 3369 596 3439 ἐδεῖτο,
638 3372 763 3434 τοὺς
796 3372 853 3426 δέ
876 3373 1145 3438 σώζεσθαι
1167 3395 1180 3408 ο
1209 3378 1300 3430 καὶ
1318 3379 1509 3447 μισθὸν
1536 3382 1728 3434 τούτου
1757 3382 1980 3453 χρυσίον

397 3463 524 3517 ὅσον
550 3460 660 3535 εἶχε
691 3466 983 3536 προΐσχετο
1009 3471 1125 3530 τοῖς
1153 3469 1535 3540 στρατιώταις.
1566 3475 1627 3525 Oi
1655 3472 1732 3538 δὲ,
1766 3474 1857 3527 τὸν
1883 3473 1976 3528 ἄν-

397 3555 615 3627 θρωπον
661 3558 760 3628 τῆς
800 3563 1088 3629 συμφορᾶς
1123 3562 1462 3632 ἐλεήσαντες,
1513 3564 1636 3617 ἀντὶ
1678 3564 1796 3627 ἐνὸς
1825 3559 1885 3618 οὗ
1912 3563 1980 3619 ἂν

397 3648 595 3702 ἐλεῖται
625 3650 734 3717 (74)
762 3651 870 3704 τῶν
903 3652 1084 3716 υἱέων,
1123 3653 1221 3725 τὴν
1262 3655 1470 3709 ἱκεσίαν
1497 3655 1784 3724 προσίεντο
1805 3673 1820 3688 ι
1852 3658 1979 3722 τοὺς

395 3739 454 3792 δέ
499 3739 591 3793 δύο
622 3740 858 3808 ἀφιέναι,
906 3741 980 3806 ὡς
1013 3743 1383 3809 ἐπιλείποντος
1427 3744 1519 3799 τοῦ
1569 3744 1825 3817 ἀριθμοῦ,
1874 3747 1976 3800 οὐκ

396 3831 674 3886 ἀκίνδυνον
701 3833 881 3902 σφίσιν
913 3833 1140 3902 ἔφασαν.
1184 3837 1276 3899 Εἰς
1302 3837 1645 3907 ἀμφοτέρους
1671 3837 1727 3891 δὲ
1762 3837 1975 3908 βλέπων

396 3925 426 3978 ό
456 3923 658 3995 πατὴρ,
686 3924 1081 3996 ὀλοφυρόμενός
1107 3944 1166 3980 τε
1193 3927 1288 3981 καὶ
1319 3927 1540 3991 κλαίων,
1571 3927 1854 3999 οὐδετέρου
1879 3927 1975 3999 τὴν

396 4015 608 4084 αἰρεσιν
630 4016 840 4084 ὑπέστη
865 4033 878 4046 ·
907 4017 1022 4071 ἀλλ’
1047 4018 1269 4089 ἀπορῶν
1292 4019 1466 4073 εἰσότε
1484 4019 1778 4090 τεθνήκασι
1801 4019 1972 4073 διετέ-

392 4103 574 4171 λεσεν,
616 4105 878 4177 ἐκατέρου
911 4107 989 4160 τῶ
1018 4106 1225 4179 φίλτρῳ
1256 4108 1450 4178 ἐπίσης
1489 4108 1810 4180 νικώμενος.
1867 4107 1978 4162 Καὶ

2081 3391 2382 3440 venerant.
2418 3387 2616 3449 praeter
2641 3381 3109 3450 exspectationem
3156 3384 3346 3437 statim
3407 3398 3666 3454 comprca

2083 3469 2244 3523 hensi
2277 3477 2428 3524 sunt.
2468 3469 2747 3540 Multaque
2780 3480 2897 3526 tum
2929 3473 3259 3527 acciderunt
3305 3473 3673 3528 miseratione-

2081 3559 2283 3628 digna,
2325 3559 2471 3613 inter
2518 3576 2641 3628 quae
2669 3569 2722 3616 et
2771 3563 2955 3617 istud:
2989 3562 3260 3618 Mercator
3303 3563 3526 3632 quidam
3561 3580 3664 3635 pro

2080 3652 2301 3706 duobus
2328 3652 2455 3706 [iliis
2476 3653 2572 3720 qui
2600 3653 2984 3723 comprehensi
3017 3654 3276 3721 fuerunt,
3305 3656 3661 3726 semetipsum

2082 3742 2357 3805 oﬂerens,
2391 3743 2621 3813 rogabat
2656 3754 2714 3798 ut
2762 3745 2881 3816 ipse
2926 3744 3147 3814 quidem
3193 3753 3506 3811 necaretur,
3565 3748 3661 3802 tllii

2081 3852 2213 3892 vero
2259 3836 2478 3891 abirent
2533 3836 2868 3892 incolumes.
2927 3835 2994 3889 Et
3045 3851 3146 3906 pro
3192 3837 3358 3906 hujus
3409 3839 3662 3893 henclicii

2083 3925 2370 3986 mercede,
2423 3924 2694 3995 quidquid
2730 3925 2969 3982 habebat
3018 3927 3161 3989 auri,
3213 3926 3479 3980 militibus
3503 3927 3662 3996 polii-

2081 4016 2331 4071 cehatur.
2365 4013 2446 4068 Illi
2506 4015 2876 4070 calamitatem
2926 4014 3172 4069 hominis
3223 4015 3504 4080 miserati,
3555 4030 3671 4084 pro--

2086 4109 2262 4162 altero
2291 4123 2356 4162 ex
2396 4107 2522 4162 liliis
2567 4122 2731 4178 quem
2781 4107 2979 4173 vellet,
3031 4106 3498 4176 supplicationem
3537 4107 3660 4178 ejus

1557 4283 1825 4340 VALESII
1864 4282 2309 4340 ΑΝΝΟΤΑΤΙΟΝ
2317 4283 2421 4338 ES.
2442 4331 2445 4334 .

491 4399 583 4468 71)
620 4397 734 4469 Τῆς
765 4399 870 4454 τοῦ
896 4397 1058 4467 ἱεροῦ
1082 4399 1414 4454 ἐπιϐαίνειν
1443 4397 1649 4453 οὐδοῦ.
1683 4396 1747 4454 1η·
1780 4399 1969 4456 codice

2082 4400 2234 4456 dosio
2259 4399 2893 4465 Maximum,consulatu
2932 4403 3296 4465 Valentiniani
3331 4417 3402 4469 ιν,
3437 4414 3490 4458 et
3522 4402 3662 4459 Neu-

398 4469 700 4526 Fultetiano
758 4470 1144 4540 scriptumest
1171 4469 1312 4532 ὁδοῦ,
1346 4469 1585 4540 pessime
1617 4477 1676 4523 ut
1719 4479 1968 4538 apparet.

397 4540 505 4596 Sed
540 4547 690 4594 totus
728 4540 885 4595 locus
913 4556 980 4594 ex
1024 4539 1330 4608 Nicephoro
1350 4539 1690 4594 emendatus
1735 4548 1820 4596 est
1869 4540 1970 4594 hoc

396 4609 585 4681 modo,
612 4609 673 4662 ού
716 4609 938 4680 θεμιτὸν
970 4609 1075 4681 προ
1099 4611 1198 4680 τῆς
1232 4608 1516 4681 μετανοίας
1536 4609 1828 4681 τούνίεροῦ,
1859 4618 1964 4663 etc.

468 4679 581 4751 (72)
620 4677 1176 4751 Βουθὲρίκουζίιοος
1203 4677 1366 4751 etiam
1409 4679 1531 4751 loco
1560 4677 1768 4751 fallitur
1799 4680 1970 4733 δοκο-

394 4747 612 4814 ηιεήυε,
645 4749 736 4818 qui
769 4750 1095 4818 seditionem
1127 4749 1276 4802 illam
1306 4747 1850 4818 Thessalonicensem
1885 4766 1970 4804 re-

397 4819 504 4875 l‘ert
539 4817 672 4889 post
694 4819 1025 4874 exstinctam
1058 4817 1688 4889 Eugeniityrannidem.
1724 4817 1830 4874 Sed
1869 4819 1968 4873 Ba-

394 4887 589 4945 ronius
640 4890 694 4942 in
750 4889 1048 4943 Annalibus
1103 4887 1822 4958 certissimisiargumentis
1871 4889 1966 4944 tle-

394 4960 746 5027 monstravit,
773 4974 895 5014 eam
927 4959 1229 5029 contigisse
1267 4965 1391 5029 post
1427 4957 1701 5015 devictum
1723 4976 1753 5014 a
1786 4958 1963 5014 Theo-

2077 4471 2219 4533 tcrii,
2249 4485 2393 4525 anno
2425 4470 2625 4526 Christi
2668 4471 2794 4528 590.
2832 4472 3004 4528 Pcrro
3051 4473 3102 4527 in
3133 4474 3322 4528 codice
3353 4473 3659 4528 Fuk’etianu

2075 4542 2457 4612 scriptumest
2499 4541 2824 4612 Βουθερίχου
2875 4545 2976 4597 hoc
3019 4543 3162 4607 loco,
3192 4544 3656 4611 quemadmodum

2076 4561 2338 4611 scrtptum
2372 4561 2457 4596 es:
2499 4561 2726 4612 muuept
2764 4561 2824 4594 ou
2875 4561 2976 4597 uoc
3019 4561 3162 4607 loco,
3192 4561 3656 4611 quemaumouum

2076 4615 2236 4683 paulo
2266 4610 2409 4683 infra
2461 4561 3104 4683 εονὶιιίιυτὶῖἰουοερίχαν,
3149 4613 3240 4667 ubi
3279 4621 3461 4668 tamen
3509 4614 3662 4670 Nice-

2075 4681 2279 4752 phortts
2305 4682 2434 4750 legit
2463 4681 2806 4752 Βουθέριχον,
2833 4681 3058 4745 rectius,
3087 4691 3143 4752 ut
3162 4684 3376 4752 opinor.

2146 4752 2260 4825 (75)
2281 4749 2384 4825 Καὶ
2423 4749 2827 4825 redemtos-Vult!
2841 4823 2848 4825 φ
2863 4753 3051 4825 codice
3073 4749 3373 4809 Fultetiano
3392 4755 3669 4825 scriptunr

2073 4821 2274 4876 cstxa).
2297 4821 2627 4886 τελευταῖον,
2661 4821 2761 4876 levi
2797 4822 3138 4877 discrimine.

2147 4891 2263 4966 (74)
2309 4891 2455 4944 Ἂντὶ
2494 4887 2754 4966 εξιςὸςαοῦη
2781 4891 2859 4946 ἂν
2895 4892 3335 4966 ἐνζεῖται..ΑῃυιΙ
3373 4893 3656 4966 Νξορρὶιοο

2075 4975 2220 5028 rum,
2250 4960 2305 5015 in
2340 4976 2460 5029 cap.
2497 4961 2588 5026 40,
2616 4961 2710 5016 lib.
2742 4977 2844 5027 xtl,
2864 4963 3129 5034 scriptum
3157 4960 3241 5018 est
3265 4963 3474 5034 ἕληται.

1816 5140 2206 5202 VARIORUM.

466 5267 497 5298 ι
531 5254 864 5323 Ὕπήντετο
903 5256 1262 5325 Ἀμϐρόσιος.
1319 5254 1393 5314 De
1418 5256 1566 5313 caede
1613 5255 1970 5313 Thessaloni-

393 5327 547 5398 censi
562 5327 885 5398 Ambrosius
897 5325 1207 5398 Theodosio
1221 5329 1514 5398 scripserat
1534 5327 1880 5396 epistolam,q
1891 5343 1971 5381 me

393 5405 483 5454 est
509 5397 573 5449 5|
613 5397 668 5450 in
691 5398 933 5452 editione
963 5396 1259 5453 Parisiensi
1287 5396 1634 5452 a'monachis
1661 5397 1971 5452 Benedicti-

395 5467 486 5538 nis
505 5467 790 5538 adornata.
815 5465 891 5520 Ex
913 5483 1019 5536 qua
1037 5468 1268 5538 epistola
1291 5469 1502 5523 discere
1529 5474 1758 5536 possunt
1780 5483 1970 5522 omnes

395 5535 662 5608 episcopi,
716 5535 1087 5606 quantacuni
1117 5538 1402 5608 prudentia
1436 5546 1490 5608 et
1533 5535 1794 5591 cautione
1841 5553 1969 5608 erga

397 5607 677 5679 principes
709 5607 762 5660 in
807 5607 996 5676 gravia
1027 5609 1294 5679 quaepiam
1325 5607 1555 5662 crimina
1580 5608 1762 5677 lapsos
1787 5623 1849 5679 se
1877 5625 1968 5679 ge-

398 5675 520 5732 rere
534 5675 768 5730 debeant
792 5675 894 5730 :ct
913 5675 1370 5745 quemadinotlutn
1397 5692 1490 5730 eos
1505 5675 1755 5742 oporteat
1785 5675 1966 5734 ntimts

399 5745 660 5802 adhibere
694 5746 1006 5802 acerbitatis
1040 5763 1200 5816 qaam
1231 5747 1688 5805 mansuetudinis.
1712 5748 1962 5806 Theodo-

2074 5261 2214 5317 ritus
2245 5260 2339 5316 lib.
2389 5276 2418 5316 v
2455 5259 2599 5315 Hist.
2632 5261 2852 5326 eccles.-,
2890 5278 3011 5333 cap.
3045 5262 3151 5338 )8,
3188 5265 3516 5338 auctorest,
3552 5257 3656 5338 im-

2077 5340 2406 5400 peratorem,
2457 5341 2744 5402 postquam
2780 5347 2810 5386 a
2867 5330 3058 5402 syn‘axi
3089 5330 3461 5402 ecclesiastica
3497 5335 3642 5402 totos

2073 5396 2197 5475 octo
2225 5396 2854 5475 menses'abstinuis‘set,
2889 5396 3090 5456 natalis
3119 5398 3384 5475 Dominici
3423 5396 3562 5475 festo
3588 5397 3642 5449 in

2072 5471 2365 5546 ecclesiam
2403 5473 2588 5546 venire
2616 5467 2858 5546 voluisse
2878 5489 2908 5546 _:
2941 5485 3004 5523 ac
3037 5467 3645 5546 graviter'increpitmn

2075 5543 2144 5595 ab
2169 5543 2478 5604 Ambrosio,
2536 5557 2644 5596 non
2685 5543 2836 5610 prius
2878 5537 3088 5607 ingredi
3139 5537 3466 5610 permissum
3501 5551 3646 5596 esse,

2075 5627 2238 5680 quam
2267 5612 2500 5679 publica!
2536 5605 2866 5681 poenitentiae
2897 5605 3060 5681 caput
3085 5605 3485 5681 Stthjccisset:___
3567 5671 3578 5681 '

2143 5691 2170 5731 γ
2211 5671 2422 5747 Ῥήτὸν
2467 5671 2734 5748 ἀριθμόν.
2784 5671 3000 5748 Septem
3033 5671 3312 5748 hominum
3356 5671 3525 5726 millia
3567 5671 3650 5724 in-

2077 5743 2330 5808 terfecta.
2368 5743 2542 5824 inquit
2567 5743 2905 5814 T’licodorit'g
2940 5744 3040 5798 loc.
3100 5743 3192 5799 cit.
