4054 6188
371 312 510 372 1495

1863 303 2206 364 SOZOMENI

3513 311 3649 372 “96

371 425 738 484 admiserunt.
775 419 1089 493 Utrumque
1143 436 1272 478 vero
1323 423 1634 487 dimittere,
1673 422 1962 495 haudqua-

2073 423 2286 492 οἰκέτην
2333 424 2390 477 δὲ
2436 423 2643 493 ἀγαθὸν
2681 420 2967 494 ἐπυθόμην
3006 423 3159 488 τότε,
3220 423 3345 478 ἀντὶ
3391 425 3662 483 δεσπότου

369 533 535 590 quam
567 516 672 572 sibi
701 522 880 570 tutum
915 514 1035 570 fore
1064 514 1325 571 dixerunt
1369 530 1437 571 eo
1495 516 1643 586 quod
1690 532 1958 572 numerus

370 609 654 665 deﬁceret.
695 605 896 662 Verum
925 618 1080 676 pater
1104 621 1229 662 cum
1257 607 1449 664 ambos
1480 609 1788 680 aspiceret,
1822 609 1958 665 ﬂens

370 717 435 757 ac
474 714 738 770 gemens,
779 705 1036 752 neutrum
1089 714 1155 752 ex
1210 699 1427 756 duobus
1474 701 1717 758 eximere
1761 702 1956 765 valuit,

371 788 469 844 sed
510 789 713 845 dubius
746 803 1062 858 ancepsque
1092 789 1262 844 animi
1295 789 1479 860 quoad
1511 790 1959 847 interﬁcerentur

371 880 715 949 permansit,
791 881 1082 950 utriusque
1135 895 1322 936 amore
1370 897 1440 936 ex
1483 897 1642 952 aequo
1689 881 1955 954 ﬂagrans.

370 972 644 1028 Praeterea
671 971 932 1026 famulum
957 972 1248 1042 quemdam
1278 973 1421 1044 frugi
1466 990 1564 1044 pro
1585 975 1811 1030 domino
1835 991 1956 1043 suo,

373 1065 464 1133 qui
501 1071 618 1117 tum
651 1063 715 1117 ad
745 1071 975 1117 mortem
1006 1064 1334 1130 ducebatur,
1369 1065 1562 1120 libenti
1592 1068 1780 1122 animo
1811 1068 1962 1123 occi-

373 1171 495 1209 sum
529 1170 653 1210 esse
683 1156 892 1225 accepi.
940 1154 1148 1210 Horum
1190 1156 1358 1224 igitur
1388 1158 1662 1212 malorum
1689 1197 1704 1222 ,
1737 1167 1791 1214 et
1822 1160 1962 1216 alio-

375 1262 494 1300 rum
527 1247 894 1315 complurium
918 1286 932 1308 ,
966 1263 1087 1318 qua:
1117 1256 1268 1315 tum,
1303 1257 1364 1302 ut
1388 1249 1689 1304 verisimile
1715 1260 1834 1317 est,
1868 1267 1962 1306 ac-

373 1338 675 1401 ciderunt,
729 1354 953 1394 causam
1013 1339 1335 1408 imperatori
1389 1340 1675 1395 ascribens
1725 1341 1960 1396 Ambro-

374 1432 530 1495 sius,
575 1446 699 1484 eum
753 1431 824 1484 ab
875 1429 1026 1484 aditu
1077 1431 1326 1487 ecclesiae
1369 1433 1600 1503 repulit.
1631 1442 1686 1487 et
1735 1448 1764 1486 a
1811 1449 1964 1490 com-

373 1521 639 1576 munione
669 1521 924 1575 removit.
959 1521 1262 1590 Imperator
1291 1538 1422 1578 vero
1464 1531 1753 1593 peccatum
1800 1539 1962 1579 suum

375 1611 594 1680 publice
625 1611 676 1664 in
715 1611 950 1666 ecclesia
989 1613 1287 1670 confessus
1318 1621 1440 1668 est:
1474 1621 1529 1670 et
1563 1623 1677 1669 toto
1711 1615 1806 1668 illo
1835 1622 1966 1670 tem-

375 1704 529 1773 poris
558 1704 736 1774 spatio
768 1705 914 1775 quod
949 1706 1054 1775 ipsi
1083 1706 1150 1760 ad
1181 1708 1563 1777 pmnitentiam
1593 1707 1963 1777 praestitutum

2058 513 2331 584 ἀγομένου
2373 515 2512 578 πρὸς
2533 515 2633 586 τὴν
2665 513 2898 586 σφαγὴν,
2945 514 3302 586 ἀναιρεθῆναι
3330 517 3657 588 προθύμως.

2059 605 2329 658 Τοιούτων
2361 605 2417 658 δὲ
2471 608 2566 661 καὶ
2611 607 2834 681 ἐτέρων,
2875 604 2949 670 ὼς
2978 605 3144 671 εἰκὸς,
3185 610 3656 680 συγκυρησάντων

2060 696 2248 750 κακῶν
2271 736 2285 761 ,
2337 698 2736 769 ἐπαιτιώμενος
2785 698 3110 770 Ἀμὸρόσιος
3152 699 3245 752 τὸν
3281 699 3526 769 βασιλέα,
3555 704 3657 772 τῆς

2059 787 2355 858 ἐκκλησίας
2387 783 2557 859 εἶρξε,
2590 791 2683 843 καὶ
2732 789 3098 860 ἀκοινώνητον
3127 790 3374 862 ἐποίησε.
3405 793 3654 864 Δημοσίᾳ⁵

2059 879 2116 933 δὲ
2167 883 2261 934 καὶ
2316 882 2480 945 αὐτὸς
2525 881 2626 953 τὴν
2682 882 2964 953 ἁμαρτίαν
3029 883 3121 936 ἐπί
3176 883 3275 952 τῆς
3353 883 3654 954 ἐκκλησίας

2061 969 2379 1042 ὡμολόγησε
2403 988 2416 1001 ·
2472 971 2566 1024 καὶ
2609 972 2788 1026 πάντα
2823 972 2917 1026 τὸν
2945 972 3235 1043 ὁρισθέντα
3273 973 3423 1044 αὐτῷ
3461 975 3654 1044 χρόνον

2062 1064 2148 1126 εἰς,
2177 1063 2494 1134 μετάνοιαν,
2543 1058 2633 1118 ora
2679 1080 2742 1131 γε
2783 1063 3016 1129 πενθῶν,
3048 1063 3313 1134 βασιλικῷ
3339 1064 3531 1136 κόσμῳ
3555 1067 3657 1118 οὐκ

2062 1156 2337 1226 ἐχρήσατο
2365 1165 2420 1192 ³·
2472 1155 2567 1208 καὶ
2599 1154 2761 1226 νόμον
2793 1155 3098 1224 προσέταξε
3130 1155 3269 1226 (75),
3313 1155 3442 1218 τοὺς
3470 1156 3656 1208 διακο-

2063 1247 2356 1318 νουμένους
2384 1251 2495 1310 τοῖς
2524 1246 2616 1299 τοῦ
2639 1244 2906 1316 βασιλέως
2931 1248 3349 1318 προστάγμασιν
3392 1249 3472 1310 είς
3506 1265 3660 1318 τρια-

2064 1338 2266 1410 κοστὴν
2298 1338 2513 1409 ἡμέραν
2556 1338 2954 1392 ἀναϐάλλεσθαι
2998 1338 3098 1410 τὴν
3127 1339 3396 1410 τιμωρίαν
3421 1339 3530 1391 τῶν
3561 1340 3656 1392 ἐπὶ

2065 1429 2281 1500 θανάτῳ
2320 1428 2886 1500 καταδεδικασμένων,
2939 1429 3080 1483 ὥστε
3123 1432 3219 1484 καὶ
3259 1433 3352 1485 τὸν
3393 1433 3450 1486 ἐν
3505 1432 3660 1503 μέσῳ

2065 1522 2255 1594 χρόνον
2283 1520 2579 1590 μαλάσσειν
2605 1521 2703 1592 τὴν
2741 1521 2836 1575 τοῦ
2896 1521 3159 1592 βασιλέως
3187 1522 3375 1594 ὀργὴν,
3424 1522 3520 1577 καὶ
3560 1525 3658 1578 τοῦ

2066 1613 2241 1683 θυμοῦ
2275 1612 2761 1683 παρακμάζοντος,
2809 1614 2946 1686 ἐλέῳ
2979 1615 3074 1667 καὶ
3121 1616 3463 1686 μεταμελείᾳ
3503 1617 3658 1684 γενέ-

2070 1703 2193 1756 σθαι
2243 1703 2449 1775 χώραν.
2516 1703 2827 1775 Ἀμϐροσίῳ
2875 1704 2934 1758 δέ
2979 1704 3154 1776 τούτῳ
3201 1705 3374 1759 πολλά
3423 1707 3522 1777 μὲν
3563 1708 3659 1760 καὶ

379 1796 589 1860 fuerat,
651 1805 911 1867 tanquam
968 1799 1064 1868 qui
1123 1798 1178 1853 in
1235 1799 1388 1853 luctu
1437 1808 1623 1865 esset,
1686 1799 1964 1870 imperiali

2073 1794 2205 1848 ἄλλα
2239 1767 2598 1866 κατώρθωται
2621 1767 2734 1866 (i6)
2765 1767 2892 1859 diua
2923 1767 3242 1866 ἱερωσύνης,
3266 1795 3304 1849 ὃ.
3335 1767 3516 1866 μόνοις
3535 1798 3661 1850 imo

377 1888 529 1941 Cttllu
565 1888 790 1943 minime
821 1897 906 1944 est
943 1905 1098 1945 usus.
1133 1889 1282 1957 Quin
1313 1891 1478 1945 etiam
1516 1892 1686 1961 legem
1720 1891 1874 1955 tulit,
1909 1900 1969 1946 ut

377 1979 472 2048 qui
517 1978 783 2048 principis
814 1979 1164 2048 jussionibus
1197 1980 1606 2050 obsequuntur,
1647 1980 1704 2034 in
1747 1981 1965 2036 tricesi-

378 2086 529 2123 mum
579 2085 753 2139 usque
790 2070 934 2125 diem
978 2069 1265 2127 diﬁ‘erreut
1310 2071 1584 2142 supplicia
1629 2087 1818 2128 eorum
1872 2072 1965 2142 qui

376 2162 557 2231 capite
592 2161 837 2216 damnati
871 2170 1080 2225 essent,
1115 2177 1181 2217 eo
1215 2163 1433 2218 scilicet
1478 2164 1746 2226 consilio,
1788 2171 1845 2216 nt
1879 2165 1966 2218 iu-

385 2253 604 2322 terjecti
651 2253 919 2324 temporis
964 2255 1203 2324 spatium
1254 2255 1606 2324 imperatoris
1651 2256 1790 2309 iram
1839 2256 1968 2310 leui-

380 2352 504 2408 ret,
527 2352 583 2398 et
616 2344 911 2400 imminuto
940 2345 1054 2415 jam
1083 2345 1302 2411 furore,
1329 2346 1487 2401 locus
1525 2346 1867 2402 miserationi
1901 2361 1968 2401 ac

382 2435 724 2505 paenitentia!
769 2435 1196 2507 relinqueretur.
1241 2436 1414 2493 Porro
1459 2437 1783 2494 Ambrosius
1831 2439 1966 2501 iste,

381 2529 553 2580 multa
586 2543 805 2598 quoque
832 2531 938 2583 alia
967 2532 1174 2599 gessit,
1205 2531 1538 2587 sacerdotali
1573 2529 1752 2586 ollicio
1780 2531 1966 2602 digna,

382 2635 542 2688 qtae,
593 2628 651 2673 ut
701 2620 1002 2675 verisimile
1037 2629 1157 2688 est,
1195 2622 1332 2679 solis
1369 2637 1561 2677 eorum
1604 2622 1848 2677 locorum
1883 2623 1967 2676 iu-

381 2713 521 2767 «olis
561 2713 723 2782 317
773 2723 900 2768 nota
953 2724 1104 2770 sunt.
1157 2714 1309 2770 Inter
1356 2715 1574 2785 egregia
1619 2724 1800 2769 autem
1849 2715 1969 2784 ejus

384 2805 630 2860 facinora
691 2806 837 2860 istud
895 2822 1116 2877 quoque
1169 2806 1455 2862 auditione
1507 2807 1745 2877 accepi:
1805 2805 1970 2864 Moris

382 2905 538 2959 erat,
577 2894 635 2953 nt
673 2897 1032 2968 imperatores
1071 2900 1215 2953 intra
1249 2906 1515 2968 consepta
1549 2898 1736 2953 altaris
1771 2897 1824 2950 iu
1874 2913 1971 2953 ec-

388 2988 554 3039 clesia
590 2989 996 3050 consisterent.
1032 2991 1263 3045 honoris
1296 3005 1464 3044 causa
1502 3005 1530 3042 a
1566 2991 1755 3062 populi
1793 2989 1972 3044 multi-

387 3076 577 3128 tudine
608 3078 868 3146 separati.
909 3078 1064 3143 Quod
1097 3095 1163 3135 ex
1198 3079 1618 3144 assentatione,
1654 3079 1741 3134 vel
1791 3095 1856 3133 ex
1889 3078 1971 3132 di-
1997 3114 2040 3172 ο

386 3165 637 3234 seipliuae
691 3169 1045 3238 corruptione
1099 3169 1408 3240 profectum
1460 3186 1586 3226 esse
1636 3170 1966 3227 Ambrosius

388 3250 834 3308 animadvertens
856 3294 869 3317 ,
904 3253 1085 3308 locum
1124 3255 1446 3326 imperatori
1477 3261 1532 3312 in
1559 3259 1795 3316 ecclesia
1822 3261 1966 3316 assi-

386 3342 574 3414 gnavit
600 3351 728 3399 ante
758 3345 1032 3402 cancellos
1062 3346 1254 3402 altaris
1280 3367 1293 3402 :
1332 3348 1409 3403 ita
1440 3358 1499 3404 ut
1523 3349 1822 3420 imperator
1843 3352 1967 3422 qui-

392 3438 513 3490 dem
547 3436 760 3506 plebem
782 3479 798 3504 ,
831 3438 1012 3508 ipsum
1042 3454 1174 3497 vero
1215 3439 1606 3512 imperatorem
1640 3445 1965 3501 sacerdotes

2069 1886 2290 1958 χωρίοις
2315 1886 2458 1940 κατά
2481 1886 2540 1938 τὸ
2564 1885 2712 1950 εἰκὸς
2745 1885 3033 1954 ἔγνωσται.
3089 1887 3208 1940 Τῶν
3234 1887 3291 1940 δέ
3325 1888 3664 1959 ἐπισημοτά-

2067 1997 2174 2033 των
2205 1979 2370 2032 αύτοῦ
2402 1978 2580 2050 ἔργων
2622 1978 2715 2032 καὶ
2741 1978 2898 2031 τοῦτο
2929 1978 3230 2050 ἐπυθόμην·
3259 1979 3421 2043 Ἔθος
3441 1975 3510 2052 ἦν
3535 1983 3662 2046 τοὺς

2070 2068 2311 2139 βασιλεῖς
2337 2081 2362 2110 ιι
2391 2070 2448 2122 ἐν
2475 2069 2556 2140 τῷ
2587 2069 2840 2141 ἱερατείῳ
2876 2069 3282 2141 ἐκκλησιάζειν,
3315 2073 3437 2126 κατ’
3466 2073 3664 2145 ἐξοχὴν

2068 2160 2176 2214 τῶν
2202 2160 2365 2231 ὁρίων
2395 2160 2488 2214 τοῦ
2536 2160 2667 2215 λαοῦ
2708 2162 3171 2232 κεχωρισμένους.
3218 2163 3496 2228 Κολακίαῖ
3538 2165 3595 2218 δὲ
3625 2165 3662 2235 ἦ

2069 2252 2294 2319 ἀταξίας
2339 2248 2477 2307 εἶναι
2512 2251 2671 2306 τοῦτο
2709 2251 2960 2317 συνιδὼν,
2997 2253 3163 2306 τόπον
3207 2248 3346 2306 εἶναι
3397 2253 3666 2323 βασιλέως

2069 2346 2126 2397 ἐν
2195 2343 2464 2414 ἐκκλησίᾳ
2495 2343 2726 2414 τέταχε,
2777 2344 2870 2397 τὸν
2898 2344 3004 2415 πρὸ
3040 2345 3149 2398 τῶν
3197 2345 3523 2416 δρυφάκτων
3567 2346 3667 2400 τοῦ

2075 2434 2372 2507 ἱερατείου·
2423 2434 2564 2488 ὥστε
2619 2434 2714 2488 τοῦ
2766 2436 2865 2506 μὲν
2907 2434 3038 2489 λαοῦ
3079 2436 3169 2490 τὸν
3213 2437 3521 2508 κρατοῦντα
3565 2437 3668 2509 τὴν

2071 2527 2362 2598 προεδρίαν
2381 2526 2556 2597 ἔχειν,
2603 2525 2767 2580 αὑτοῦ
2808 2527 2864 2580 δέ
2888 2529 3015 2592 τοὺς
3050 2529 3226 2601 ἱερέας
3257 2529 3667 2602 προκαθῆσθαι.

2071 2617 2286 2689 Ταύτην
2324 2617 2380 2671 δὲ
2411 2617 2509 2689 τὴν
2535 2617 2767 2689 ἀρίστην
2797 2619 3096 2690 παράδοσιν
3128 2620 3356 2692 ἐπῄνεσε
3379 2621 3674 2683 Θεοδόσιος

2071 2709 2397 2779 ὁβασιλεὺς,
2453 2711 2546 2763 καὶ
2580 2711 2630 2763 oi
2679 2710 2817 2780 μετὰ
2845 2711 3022 2765 ταῦτα
3067 2712 3371 2785 ἐκράτυναν
3398 2729 3412 2742 ·
3464 2713 3562 2765 καὶ
3609 2714 3673 2778 ἐξ

2072 2801 2282 2856 ἐκείνου
2327 2802 2442 2854 νυνὶ
2489 2801 2908 2872 φυλαττομένην
2957 2801 3192 2875 ὁρῶμεν.
3245 2802 3448 2856 Τούτου
3481 2803 3541 2856 δὲ
3570 2803 3672 2856 τοῦ

2071 2893 2263 2965 ἀνδρὸς
2297 2894 2392 2948 καὶ
2432 2893 2549 2946 τόδε
2593 2895 2652 2946 τὸ
2691 2894 2852 2967 ἔργον
2897 2892 3390 2965 ἀξιομνημόνευτον
3443 2894 3676 2965 περιλα⁴

2075 2984 2188 3038 δεῖν
2238 2987 2306 3056 τῇ
2346 2987 2556 3056 γραφῇ.
2599 2987 2899 3055 ἀναγκαῖον
2939 2981 3081 3040 εἷναί
3127 3004 3216 3057 μοι
3249 2985 3416 3039 δοκεῖ·
3461 2985 3675 3054 Ἕλλην

2073 3092 2156 3139 τις
2199 3074 2307 3129 τῶν
2351 3079 2408 3130 ἐν
2454 3077 2596 3130 τέλει
2659 3078 2720 3131 τὸ
2763 3079 2802 3130 Γ
2806 3077 3058 3149 ρατιανὸν
3099 3076 3381 3148 ἐλοιδόρει,
3422 3076 3518 3128 καὶ
3572 3075 3670 3128 τοῦ

2075 3169 2283 3240 πατρὸς
2314 3171 2533 3236 ἀνάξιον
2578 3172 2882 3225 ἀπεκάλει·
2943 3171 3039 3224 καὶ
3076 3170 3295 3241 γραφὴν
3329 3169 3422 3223 ἐπὶ
3450 3168 3672 3232 τούτοις

2075 3261 2372 3332 ὑπομείνας
2401 3263 2764 3334 κατεδικάσθη
2807 3264 3010 3318 θανεῖν.
3085 3265 3381 3332 ’Λγομένου
3409 3261 3464 3315 δὲ
3497 3260 3673 3315 αὑτοῦ

2074 3353 2167 3407 ἐπὶ
2197 3355 2459 3426 τιμωρίᾳ,
2487 3351 2622 3428 ἧκεν
2663 3355 2988 3427 Ἀμὸρόσιος
3013 3357 3095 3418 είς
3123 3356 3192 3410 τὰ
3224 3355 3495 3426 βασίλεια,
3538 3355 3677 3424 περὶ

2075 3445 2237 3500 αύτοῦ
2266 3446 2610 3518 δεησόμενος.
2641 3447 2776 3501 Ὑπὸ
2800 3448 3037 3523 σπουδῆς
3061 3447 3119 3502 δὲ
3141 3445 3248 3500 τῶν
3271 3445 3424 3516 αὐτῷ
3446 3445 3674 3499 ἐπιδου-

1579 3614 1850 3672 VALESII
1900 3616 2454 3676 ANNOTATIONES.

463 3803 575 3874 (75)
607 3803 714 3857 Kal
761 3804 951 3872 νόμον
970 3803 1330 3874 προσέταξε.
1371 3804 1567 3860 Procul
1604 3803 1772 3860 dubio
1827 3806 1967 3862 scri—

393 3873 633 3944 bendum
678 3879 765 3944 est
794 3875 888 3944 καὶ
921 3873 1072 3944 νόμῳ
1136 3875 1458 3944 προσέταξε.
1490 3875 1665 3929 Porro
1721 3875 1835 3930 INPC
1881 3878 1964 3931 lex

393 3940 689 3997 Theodosii
723 3943 884 3998 hodie
914 3940 1055 3997 non'
1076 3940 1276 4013 exsiat.
1308 3943 1440 3997 Nam
1470 3959 1534 3999 ea
1584 3959 1706 4013 qua:
1736 3945 1970 4000 habetur

393 4014 449 4068 in
499 4015 705 4077 codice,
743 4014 846 4067 sub
873 4014 1030 4068 titulo
1085 4012 1158 4068 De
1193 4016 1393 4080 pmnis,
1422 4012 1668 4069 Gratiani
1711 4023 1815 4076 est.
1860 4031 1972 4070 non

397 4081 714 4155 Theodosii,
746 4083 872 4138 data
903 4082 1151 4155 icronaz,
1179 4086 1420 4139 Antonio
1467 4084 1781 4155 et_Syagrio
1801 4100 1970 4148 eoss.,

396 4154 490 4207 diu
518 4165 641 4209 ante
670 4155 882 4208 cladem
909 4153 1480 4210 Thessalonicensem.
1513 4153 1645 4210 Vide
1673 4153 1971 4219 Banouwu,

395 4225 465 4278 ad
489 4241 684 4277 armum
721 4224 921 4278 Christi
957 4224 1080 4278 590.

468 4295 580 4362 (76)
626 4293 734 4349 Καὶ
771 4294 931 4348 ἄλλα
987 4295 1377 4361 κατώρθωται.
1432 4292 1488 4348 1η
1525 4293 1828 4350 Fuketiano
1879 4310 1974 4350 cn-

395 4364 520 4419 dice
556 4366 820 4434 scriptum
857 4375 938 4435 est
961 4363 1311 4435 κατώρθωτο.
1352 4365 1523 4419 Porro
1552 4366 1696 4434 quod
1725 4367 1976 4434 sequitur

395 4435 467 4490 de
507 4433 837 4505 imperatore
882 4433 1192 4490 TheodoSio
1238 4444 1393 4490 extra
1445 4433 1724 4490 canéellos
1786 4433 1974 4490 altaris

2077 3808 2333 3863 submoto
2389 3809 2457 3862 ab
2515 3808 2839 3874 Ambrosio,
2908 3807 3114 3864 rectius
3161 3806 3532 3864 Theodoritus
3591 3810 3653 3865 in

2078 3877 2172 3931 lib.
2199 3895 2232 3931 ν
2261 3877 2548 3942 Historiaz,
2591 3893 2713 4001 ciu).
2760 3879 2857 3942 18,
2912 3879 2967 3933 id
3001 3878 3288 3948 coniungit
3329 3894 3454 3934 cum
3489 3883 3675 3950 poeni-

2081 3949 2253 4001 tentia
2285 3947 2600 4001 Theodosii.
2681 3963 2767 4001 am
2795 3957 2920 4001 post
2945 3949 3448 4001 reconciliationem
3485 3951 3675 4001 Theo.

2081 3949 2253 4002 tentia
2285 3947 2600 4003 Theodosii.
2631 3947 2767 4003 Nam
2795 3957 2920 4018 post
2945 3947 3448 4004 reconciliationem
3485 3947 3677 4006 Theo;

2077 4018 2220 4072 dosii
2255 4019 2316 4072 id~
2349 4020 2550 4073 factum
2591 4028 2676 4074 est
2716 4034 2745 4072 a
2774 4019 2932 4073 beato
2962 4018 3278 4081 Ambrosio,
3310 4034 3437 4072 cum
3480 4019 3678 4075 The0«

2077 4089 2268 4160 desius
2309 4105 2510 4144 munus
2561 4104 2721 4145 suum
2772 4088 2867 4160 ad,
2895 4090 3069 4160 altare
3117 4089 3429 4160 attulisset,
3460 4105 3680 4160 eoque

2078 4158 2264 4212 oblato
2313 4160 2454 4212 intra
2502 4160 2778 4214 cancellos
2823 4159 3014 4214 altaris
3071 4158 3418 4214 subsisteret.
3456 4158 3667 4214 Mirum

2078 4239 2162 4283 est
2206 4237 2388 4283 tamen
2424 4231 2630 4283 nullam
2686 4228 2848 4294 hujus
2880 4230 2956 4284 rei
2989 4243 3018 4281 a
3053 4225 3280 4282 Paulino
3343 4229 3458 4285 lieri
3509 4247 3676 4285 men-

2084 4299 2284 4370 tionem
2311 4339 2326 4362 ,
2363 4298 2457 4369 qui
2509 4298 2686 4353 Vitam
2729 4297 2999 4353 Ambrosii
3047 4297 3469 4370 diligentissime
3526 4315 3674 4356 cono

2083 4368 2328 4438 scripsit.

1845 4611 2234 4670 VARlORUM.

473 4772 496 4800 ι
532 4762 832 4838 Baetim;
859 4765 1064 4838 κόσμῳ
1094 4764 1204 4818 οὐκ
1237 4762 1559 4838 ἐχρήσατο.
1589 4764 1791 4838 Stravit
1831 4782 1969 4821 omni

2089 4766 2270 4838 venit,
2329 4766 2534 4838 aliquid
2588 4767 2777 4832 fuisse,
2846 4769 2899 4838 in
2958 4769 3327 4824 recentiorum
3355 4769 3674 4838 praesertim

396 4850 500 4902 quo
557 4832 825 4884 nitebatur
883 4832 1086 4903 insigne
1138 4836 1382 4902 regium;
1424 4836 1630 4903 deﬂevit
1673 4837 1726 4887 in
1756 4839 1981 4890 ecclesia

396 4911 666 4971 peccatum
695 4918 871 4973 suum.
903 4905 1040 4972 quod
1070 4905 1117 4957 ei
1155 4905 1386 4956 aliorum
1410 4903 1598 4973 fraude
1635 4905 1935 4972 obrepserat
1959 4925 1978 4964 :

397 4974 593 5045 gemitu
619 4980 666 5024 et
687 4971 959 5045 lncrymis
983 4975 1154 5045 oravit
1201 4971 1421 5027 ueniam.
1444 4975 1606 5045 Quod
1634 4971 1826 5044 privati
1858 4992 1979 5030 eru-

400 5042 745 5107 bescunt,non
777 5042 984 5115 erubuit
1015 5044 1302 5115 imperator
1327 5044 1530 5112 publice
1557 5042 1710 5115 agere
1729 5047 1983 5114 pwniten-

401 5115 577 5177 tiam;
607 5127 768 5180 neque
800 5109 940 5164 ullus
994 5109 1174 5184 postea
1205 5109 1471 5182 dies’l'uit,
1533 5109 1634 5184 qu'o
1687 5109 1788 5169 non
1830 5117 1982 5170 illum

400 5184 917 5306 dolereg‘errorem.
985 5182 1318 5246 Aunnosms,
1356 5184 1430 5237 De
1485 5182 1634 5239 obitu
1698 5186 1984 5240 Theodosii

400 5271 552 5306 num.
655 5292 670 5305 .
1575 5285 1586 5298 ς

399 5271 552 5310 num.
580 5254 670 5306 84.
1575 5285 1586 5298 ς

470 5337 498 5366 ει
546 5322 739 5394 "Haec,
771 5315 851 5391 ἦν
894 5321 1039 5394 rei);
1078 5322 1364 5388 βασιλεῖς
1397 5354 1466 5363 -
1506 5341 1682 5394 usque
1723 5324 1790 5377 ad
1834 5325 1972 5378 νυνι

399 5393 861 5464 φυλαττομένην
908 5391 1156 5463 ὁρῶμεν.
1207 5394 1285 5447 Ex
1338 5395 1422 5447 his
1466 5391 1752 5448 Sozomeui
1794 5396 1974 5450 verbis

401 5463 602 5534 (inquit
645 5463 994 5534 Beveregius)
1047 5464 1170 5519 linis
1209 5464 1430 5518 tandem
1486 5465 1798 5532 imponatur
1857 5475 1973 5517 tor-

400 5545 575 5590 tuosa:
596 5535 685 5588 isti
713 5536 1022 5599 quaestioni,
1054 5551 1174 5604 quae
1192 5537 1481 5587 doctorum
1514 5534 1736 5603 ingenia
1773 5535 1975 5588 hucus-

401 5621 509 5672 que
542 5605 788 5658 exercuit
811 5645 826 5667 ,
873 5605 1136 5673 quidnam
1178 5605 1440 5658 nimirum
1478 5610 1625 5659 esset
1659 5604 1848 5660 Soletis
1884 5605 1974 5660 ille

405 5686 437 5744 ιι
470 5673 872 5744 recentioribus
899 5673 1104 5731 Graecis
1127 5677 1290 5729 toties
1326 5675 1668 5732 decantatus.
1717 5683 1771 5729 ct
1812 5691 1973 5744 quem

411 5738 460 5798 in
487 5742 717 5798 ecclesia
751 5759 909 5798 usum
943 5745 1239 5802 habuerit?
1284 5746 1427 5802 Inter
1450 5762 1640 5804 omnes
1673 5738 1974 5804 cnim'cou-

2087 4834 2712 4900 Gra‘corum‘ecclesiis,
2767 4837 3017 4900 σωλείαν,
3063 4838 3282 4901 σωλίαν,
3325 4834 3549 4891 σωλεῖον
3586 4838 3678 4891 di-

2088 4916 2274 4977 ctum,
2327 4907 2493 4977 idque
2542 4923 2711 4977 prope
2758 4908 3034 4963 cancellos
3089 4911 3417 4962 collocatum
3473 4908 3671 4962 fuisse.

2089 4975 2457 5031 Consentiunt
2483 4975 2666 5032 itidem
2691 4992 2904 5041 omnes,
2938 4977 3039 5031 hoc
3067 4977 3318 5032 Latinum
3343 4993 3466 5032 esse
3498 4992 3670 5032 voea-

2090 5045 2299 5110 bulum,
2343 5057 2396 5102 et
2431 5048 2675 5118 plerique
2707 5048 2844 5101 nihil
2871 5047 3031 5118 aliud
3066 5063 3192 5103 esse
3232 5063 3397 5118 quam
3431 5048 3672 5112 Solium,

2080 5124 2139 5187 et
2167 5128 2372 5178 tamen,
2404 5117 2670 5186 quidnam
2713 5129 2859 5173 esset
2890 5117 3036 5187 istud
3072 5119 3273 5172 solium
3311 5133 3371 5172 se
3409 5118 3676 5187 ignorare

2084 5185 2322 5255 ingenue
2358 5185 2635 5250 fatentur;
2665 5187 2774 5241 nisi
2817 5187 2965 5256 quod
3009 5186 3250 5243 Jacobus
3283 5185 3670 5241 Goar‘solium

2081 5257 2285 5328 (ibristi
2338 5273 2435 5327 per
2479 5273 2677 5312 nomen
2724 5257 2858 5312 illud
2908 5257 3193 5328 designari
3243 5260 3500 5312 aliinnet.
3553 5257 3670 5311 Sed

2084 5327 2254 5397 miror
2283 5329 2489 5397 nemini
2523 5329 2591 5383 de
2620 5328 2722 5381 hac
2756 5343 2816 5381 re
2852 5327 3057 5397 agenti,
3082 5343 3296 5389 eorum,
3333 5343 3459 5396 qua:
3487 5342 3670 5395 supra

2085 5396 2352 5460 citantur,
2396 5395 2689 5452 Sozomeni
2719 5395 3006 5451 verborum
3055 5400 3108 5451 in
3139 5395 3375 5452 mentem
3421 5398 3668 5460 venisse,

2083 5466 2286 5536 quibus
2315 5467 2372 5519 D.
2401 5469 2724 5524 Ambrosius
2754 5469 2934 5522 locum
2958 5469 3385 5536 imperatoribus
3407 5468 3459 5520 in
3483 5467 3674 5536 eceleg-

2083 5534 2164 5607 sia
2193 5538 2510 5607 assignasse
2548 5537 2806 5601 traditur,
2845 5547 2972 5590 ante
2999 5534 3274 5592 cancellos
3301 5540 3518 5592 altaris.
3560 5535 3665 5589 Ubi

2084 5606 2229 5677 enim
2262 5606 2562 5677 imperator
2589 5608 2783 5664 sedere
2820 5608 3016 5664 solitus
3037 5617 3145 5671 est,
3177 5607 3386 5662 Solium
3417 5607 3664 5661 meritis-

2076 5676 2360 5740 simojure
2388 5678 2722 5732 nominetur.
2762 5679 3057 5744 Βειέιιεεη
3102 5679 3297 5733 Annot.
3340 5678 3395 5732 in
3421 5691 3542 5731 can.
3598 5690 3660 5730 λι

2077 5747 2285 5803 concilii
2328 5746 2537 5805 Nictrni
2565 5750 2723 5815 primi
