4054 6188
497 323 516 376 1
533 319 631 379 199
1973 313 2199 373 $010M
2207 316 2316 373 EN!
3623 330 3765 387 15οθ

494 456 592 496 rus
613 480 628 505 ,
657 442 824 510 caput
851 435 1175 504 extulisset,
1205 435 1326 507 ipse
1351 451 1417 494 ex
1454 434 1692 493 adverso
1726 435 1849 506 ejus
1880 444 2070 497 stans.

2189 437 2251 491 Γὸ
2275 437 2354 502 δὲ,
2401 439 2492 490 τὸν
2533 439 2713 493 σίαλον
2761 438 2840 501 εἰς
2879 439 2941 493 τὸ
2990 440 3165 510 στόμα
3209 441 3528 513 δεξάμενον,
3567 448 3766 501 αὐτίκα

494 533 713 602 signum
749 529 935 585 crucis
969 530 1026 584 in
1061 543 1188 585 aere
1215 528 1390 600 digito
1421 528 1705 599 depinxit,
1736 536 1789 584 et
1827 528 1882 583 in
1920 529 2075 583 illum

2189 530 2451 584 κατέπεσε
2477 544 2492 560 ο
2545 529 2638 584 καὶ
2669 529 2863 602 νεκρὸν
2908 531 3184 602 κείμενον,
3209 534 3270 586 οὐ
3309 536 3463 604 μεῖον
3495 535 3608 589 τῶν
3640 537 3768 609 παρ’

493 623 735 694 exspuit.
769 622 838 676 At
866 620 1056 687 draco,
1091 629 1254 691 sputo
1281 622 1335 676 in
1368 635 1432 676 os
1455 628 1704 692 accepto,
1733 621 1922 678 statim
1951 636 2079 676 con-

494 715 630 770 cidit
655 757 670 780 ,
699 721 754 770 et
783 721 1033 768 mortuus
1056 713 1250 783 jacens
1270 752 1285 776 ,
1313 713 1490 766 nihilo
1517 712 1698 767 minor
1727 711 2076 784 serpentibus

498 804 612 860 illis
642 803 939 875 apparuit,
977 803 1073 873 qui
1119 801 1261 872 apud
1306 802 1472 858 Indos
1510 818 1638 859 esse
1676 813 2072 858 memorantur.

498 896 696 952 incolae
729 903 911 960 certe,
944 901 1072 949 octo
1102 894 1265 948 boum
1306 894 1457 964 jugis
1501 895 1557 949 in
1593 895 1907 965 proximum
1947 910 2074 950 eum

496 1000 751 1054 campum
783 999 908 1038 cum
945 983 1316 1038 extraxissrnt
1338 1023 1354 1048 ο
1381 993 1841 1050 concremarunt,
1872 1000 1942 1040 ne
1971 1000 2077 1055 pu-

499 1085 746 1130 trescens
779 1088 961 1128 aerem
995 1074 1276 1140 inliceret,
1312 1081 1366 1129 et
1396 1083 1602 1145 pestem
1650 1075 1790 1145 ipsis
1831 1073 2076 1131 afferret.

501 1165 639 1219 Huic
673 1164 884 1218 Donato
915 1166 1230 1236 sepulcrum
1266 1176 1349 1221 est
1386 1166 1618 1222 illustris
1658 1166 1927 1231 ecclesia,
1955 1181 2078 1236 qua:

499 1255 568 1309 ab
611 1256 733 1324 ipso
777 1271 1080 1325 cognomen
1133 1258 1362 1328 accepit.
1411 1257 1576 1312 Juxta
1621 1259 1908 1314 ecclesiam
1950 1262 2078 1317 fons

498 1355 584 1402 est
609 1348 920 1402 uberrimus
944 1388 957 1410 ,
982 1364 1142 1418 quem
1176 1349 1318 1404 Deus
1345 1349 1606 1419 precibus
1637 1351 1759 1421 ejus
1785 1367 2037 1406 annuens
2058 1392 2075 1417 ,

501 1440 614 1495 illic
646 1439 856 1504 edidit,
885 1455 1008 1493 cum
1043 1448 1206 1495 antea
1243 1457 1351 1496 non
1386 1450 1554 1497 esset.
1583 1441 1713 1496 Erat
1743 1444 1886 1498 enim
1919 1443 1965 1499 is
2005 1445 2078 1498 lo-

498 1545 598 1583 cus
649 1545 879 1598 prorsus
924 1530 1136 1588 aridus.
1169 1529 1304 1585 Nam
1337 1547 1461 1587 cum
1511 1533 1627 1603 ipse
1676 1533 1977 1603 aliquando
2009 1551 2076 1590 ex

500 1621 698 1676 itinere
731 1621 860 1675 illuc
895 1621 1244 1686 advenisset,
1272 1631 1328 1679 et
1365 1624 1422 1678 hi
1461 1624 1556 1694 qui
1595 1638 1721 1679 cum
1757 1625 1852 1679 illo
1879 1634 2072 1689 erant,

500 1726 658 1782 aqua:
687 1713 915 1782 penuria
943 1719 1357 1784 torquerentur,
1388 1715 1612 1772 humum
1642 1733 1807 1773 manu
1839 1717 2072 1778 fodiens.

2190 617 2371 682 Ἰνδοῖς
2417 618 2817 691 ἱστορουμένων
2854 621 3102 689 ἑρπετῶν
3151 623 3379 694 διεφάνη
3415 625 3478 677 τὸ
3511 626 3760 696 μέγεθος.

2175 709 2404 779 ιἈμέλει
2430 726 2534 776 τοι,
2560 708 2637 773 ὡς
2667 709 2972 782 ἐπυθόμην,
3001 711 3106 766 ὑπὸ
3144 711 3396 782 ζεύγεσιν
3425 714 3572 768 ὀκτὼ
3597 719 3680 780 είς
3708 717 3763 770 τὸ

2178 799 2406 870 πλησίον
2423 799 2602 855 πεδίον
2631 799 3019 866 ἐξελκύσαντες
3049 803 3180 856 αὐτὸ
3207 806 3258 857 ot
3293 803 3604 876 ἐπιχώριοι,
3639 825 3763 860 κατ-

2177 888 2433 953 έκαυσαν,
2479 891 2629 954 ὅπως
2684 889 2759 961 μὴ
2801 889 3088 954 διασαπεὶς
3123 890 3214 944 τὸν
3246 891 3385 961 ἀέρα
3419 892 3762 960 λυμανεῖται,

2177 986 2272 1035 καὶ
2309 979 2548 1052 λοιμώδη
2579 981 2734 1035 νόσον
2775 981 3000 1054 ποιήσῃ.
3048 982 3265 1047 Δονάτῳ
3299 982 3357 1035 δὲ
3388 983 3566 1054 τούτῳ
3595 985 3765 1052 τάφος

2177 1072 2323 1126 ἐστὶν
2344 1072 2608 1143 ἐπίσημος
2625 1073 2915 1144 εὐκτήριος
2935 1073 3046 1140 (79)
3061 1069 3229 1138 οἶκος,
3249 1074 3343 1126 ἀπ’
3365 1075 3531 1128 αὑτοῦ
3557 1075 3658 1145 τὴν
3673 1079 3767 1129 ἐπ-

2177 1162 2420 1232 ωνυμίαν
2440 1163 2596 1232 ἔχων.
2629 1162 2766 1233 Περὶ⁵
2802 1162 2990 1217 τοῦτον
3017 1163 3073 1216 δέ
3106 1163 3258 1234 πηγὴ
3288 1165 3498 1219 ὑδάτων
3532 1166 3766 1232 πολλῶν,

2177 1255 2243 1326 ἥν
2262 1255 2322 1306 οὐ
2351 1253 2613 1326 πρότερον
2633 1250 2822 1318 οὖσαν,
2850 1253 3150 1325 εὐξαμένου
3177 1255 3365 1320 αὑτοῦ,
3397 1258 3460 1309 τδ
3482 1257 3642 1310 Θεῖον
3681 1259 3766 1309 ἀν-

2178 1347 2397 1401 έδωκεν.
2430 1343 2539 1400 Ἦν
2571 1347 2671 1417 μὲν
2706 1347 2817 1418 γὰρ
2855 1343 3010 1412 οὗτος
3062 1350 3090 1401 ὁ
3116 1348 3294 1419 χῶρος
3342 1348 3623 1410 παντελῶς
3645 1350 3769 1402 ἄνυ-

2178 1442 2321 1512 δρος.
2382 1439 2473 1505 Ἐξ
2496 1439 2804 1511 ὁδοιπορίας
2835 1439 2892 1492 δέ
2925 1457 3055 1493 ποτε
3080 1440 3267 1493 ἐνθάδε
3296 1441 3770 1512 παραγενόμενος.

2177 1533 2392 1602 λέγεται
2423 1532 2530 1586 τῶν
2562 1533 2702 1604 ἀμφ’
2729 1531 2892 1586 αὑτὸν
2921 1532 3127 1604 ἀπορίᾳ
3163 1531 3356 1595 ὕδατος
3381 1533 3770 1603 ταλαιπωρου-

2182 1624 2378 1694 μένων,
2413 1625 2478 1694 τῇ
2529 1623 2674 1694 χειρὶ
2701 1622 2799 1695 τὴν
2845 1623 2947 1694 γῆν
2979 1621 3222 1693 λαχήνας
3257 1622 3537 1689 εὔξασθαι,
3570 1623 3689 1694 ἅμα
3715 1624 3770 1676 δὲ

2177 1718 2244 1787 τῇ
2276 1715 2407 1786 εὐχῇ
2438 1714 2673 1784 ἄφθονον
2702 1714 3005 1768 ἀναϐλύσαι
3035 1714 3201 1786 ὕδωρ,
3233 1714 3324 1768 καὶ
3351 1714 3410 1781 ἐξ
3446 1714 3660 1768 ἐκείνου
3697 1717 3769 1786 μὴ

501 1805 669 1858 Deum
703 1816 894 1860 orasse
927 1804 1133 1859 dicitur
1160 1822 1173 1858 :
1208 1821 1272 1862 ac
1302 1822 1452 1870 mox.
1473 1811 1746 1880 completa
1782 1811 2036 1866 oratione
2059 1855 2072 1876 ,

2189 1777 2463 1862 ςίέιλιτὲέἐν.
2489 1777 2678 1861 "Alli
2705 1807 2871 1861 τῶνδε
2910 1807 3008 1878 μέν
3055 1777 3352 1880 μάρτυρες,
3392 1777 3444 1860 οἱ
3481 1805 3584 1878 τὴν
3621 1777 3769 1860 Ἰσωί

500 1896 692 1966 ingens
732 1910 1002 1964 aquarum
1049 1897 1208 1967 copia
1248 1898 1527 1955 aﬂluxisse
1569 1901 1915 1972 perhibetur,
1955 1918 2079 1973 quae

500 2000 566 2039 ex
597 1999 664 2039 co
709 1992 954 2054 tempore
1001 2003 1282 2057 nunquam
1327 1989 1552 2046 defecit.
1594 1990 1772 2062 Hujus
1801 1993 1879 2049 rei
1911 2002 2079 2049 testes

499 2082 631 2128 sunt
683 2075 773 2145 qui
820 2073 1048 2132 lsoriam
1094 2078 1376 2143 incolunt,
1421 2081 1600 2136 vicum
1651 2084 1806 2140 urbis
1866 2083 2081 2141 Euro-ae

499 2164 555 2220 in
593 2183 704 2237 quo
735 2167 848 2222 hrcc
879 2177 1032 2238 gesta
1067 2179 1220 2225 sunt.
1252 2169 1449 2226 Iisdem
1479 2175 1824 2244 temporibus
1845 2214 1860 2239 ,
1891 2175 2077 2231 Tomi-

505 2273 756 2316 tanorum
803 2267 859 2315 et
905 2263 1078 2317 totius
1123 2261 1360 2333 Scythia:
1406 2249 1708 2319 Ecclesiam
1755 2267 2081 2322 Theotimus

500 2347 882 2419 gubernabat,
919 2351 1004 2405 vir
1035 2352 1090 2407 in
1126 2353 1430 2408 monastica
1459 2355 1809 2426 philosophia
1846 2358 2083 2416 innutri-

502 2444 630 2506 tus;
659 2456 822 2510 quem
858 2439 1041 2498 Hunni
1067 2443 1289 2499 barbari
1327 2445 1419 2514 qui
1446 2447 1594 2502 circa
1624 2445 1825 2502 Istrum
1870 2449 2085 2502 habita-

501 2533 672 2598 bant,
705 2535 931 2592 virtutis
960 2552 1131 2592 causa
1173 2537 1547 2606 admirantes,
1596 2538 1768 2595 Deum
1810 2541 2087 2595 Romano-

502 2639 621 2678 rum
653 2626 952 2682 vocabant:
987 2628 1172 2683 divina
1204 2630 1408 2700 quippe
1436 2630 1698 2685 miracula
1743 2631 1796 2684 in
1843 2631 1936 2684 illo
1967 2629 2087 2686 fue-

503 2722 627 2769 rant
650 2717 885 2787 experti.
916 2715 1111 2773 Fertur
1139 2733 1273 2773 sane
1295 2759 1308 2781 ,
1337 2735 1461 2773 cum
1492 2719 1581 2774 ille
1611 2719 1909 2789 aliquando
1931 2720 2089 2790 juxta

502 2806 782 2876 regiOnem
815 2808 1177 2864 barbarorum
1214 2810 1307 2880 qui
1340 2810 1451 2864 illic
1479 2819 1637 2865 erant
1659 2853 1674 2876 ,
1716 2813 1820 2867 iter
1850 2811 2088 2877 faceret,

503 2915 570 2956 ex
597 2900 826 2956 adverso
852 2903 1167 2957 occurrisse
1202 2904 1471 2972 quosdam
1505 2905 1597 2974 qui
1627 2905 1816 2960 eadem
1850 2905 1936 2959 via
1967 2920 2091 2976 per-

505 3002 697 3062 gerent
723 2992 944 3050 Tomin.
966 2994 1214 3060 Cumque
1237 2995 1359 3065 ejus
1384 2998 1646 3062 comites,
1675 3007 1937 3068 tanquam
1965 3014 2088 3053 mox

2183 1899 2304 1972 ρίαν
2326 1898 2602 1962 οἰκοῦντες
2624 1897 2818 1970 κώμην
2856 1899 3110 1971 Εὐροίας,
3136 1898 3258 1952 καθ’
3285 1898 3353 1969 ἣν
3381 1897 3512 1951 τάδε
3548 1897 3766 1968 συνέϐη.

2193 1993 2282 2046 Ἑν
2322 1992 2495 2062 τούτῳ
2525 1991 2584 2044 δέ
2623 1990 2848 2060 Τόμεως
2896 1991 2991 2043 καὶ
3039 1989 3140 2059 τῆς
3181 1989 3350 2058 ἄλλης
3404 1988 3642 2050 Σκυθίας
3668 1988 3770 2058 τὴν

2193 2082 2520 2153 Ἐκκλησίαν
2567 2080 2902 2150 ἐπετρόπευε
2950 2078 3212 2149 Θεότιμος
3251 2077 3489 2146 Σκύθης,
3539 2077 3682 2147 ἀνὴρ
3716 2079 3771 2127 ἐν

2183 2174 2472 2245 φιλοσοφίᾳ
2501 2172 2730 2243 τραφείς
2749 2187 2762 2203 ο
2792 2171 2851 2224 ὃν
2894 2170 3162 2241 ἀγάμενοι
3191 2169 3291 2238 τῆς
3321 2170 3526 2239 ἀρετῆς
3558 2169 3607 2221 oi
3638 2167 3771 2235 περὶ

2181 2267 2274 2322 τὸν
2299 2268 2511 2338 Ἵστρον
2537 2259 2725 2320 Οὗννοι
2754 2262 3044 2336 βάρϐαροι,
3078 2262 3211 2315 Θεὸν
3243 2259 3534 2330 Ῥωμαίων
3557 2257 3771 2326 ὠνόμα-

2185 2360 2295 2423 ζον.
2349 2357 2457 2410 Καὶ
2507 2355 2614 2426 γὰρ
2663 2355 2729 2426 δὴ
2767 2357 2859 2408 καὶ
2905 2354 3066 2408 θείων
3105 2354 3190 2406 ἐπ’
3236 2351 3383 2422 αὐτῷ
3427 2349 3772 2421 πραγμάτων

2187 2448 2575 2520 ἐπειράθησαν.
2609 2445 2842 2514 Λέγεται
2870 2444 3000 2512 γοῦν
3020 2483 3036 2507 ,
3069 2442 3144 2505 ὡς
3176 2441 3414 2496 ὀδεύοντί
3443 2459 3576 2494 ποτε
3619 2440 3774 2511 παρὰ

2186 2543 2285 2614 τὴν
2318 2540 2504 2594 ἐνθάδε
2535 2538 2826 2610 βαρϐάρων
2871 2536 3005 2606 γῆν.
3053 2535 3353 2606 ύπήντοντο
3393 2534 3646 2587 ἐναντίαν
3677 2535 3775 2604 τὴν

2189 2632 2357 2703 αὐτὴν
2382 2630 2501 2684 δδδν
2528 2628 2620 2681 ἐπὶ
2647 2627 2818 2698 Τόμιν
2853 2626 3187 2690 ἐλαύνοντες.
3242 2625 3690 2697 Ὀλοφυρομένων
3718 2626 3776 2678 δέ

2190 2725 2298 2778 τῶν
2341 2722 2479 2792 ἀμφ’
2509 2720 2669 2775 αὐτὸν
2718 2720 2794 2786 ὡς
2842 2719 3041 2773 αὐτίκα
3083 2718 3498 2789 ἀπολουμένων,
3562 2718 3776 2781 ἀποϐὰς

2191 2815 2286 2870 τοῦ
2312 2815 2502 2877 ἵππου,
2528 2810 2750 2882 ηὔξατο.
2781 2812 2844 2864 Ol
2872 2810 2928 2864 δέ
2963 2810 3230 2881 βάρϐαροι
3262 2812 3398 2880 μήτε
3430 2809 3595 2882 αὐτὸν
3638 2810 3776 2878 μήτε

2193 2906 2319 2969 τοὺς
2364 2903 2693 2975 ἑπομένους,
2731 2901 2765 2972 ἢ
2809 2902 2933 2965 τοὺς
2972 2902 3174 2963 ἵππους
3216 2895 3291 2953 ὧν
3331 2880 3621 2970 ἀπέϐησαν
3664 2900 3777 2968 (80)

2197 2998 2541 3069 θεασάμενοι,
2574 2994 2941 3064 παρέδραμον.
2981 2989 3134 3046 Ἐπεὶ
3162 2992 3217 3046 δὲ
3249 2993 3506 3055 πολλάκις
3533 2992 3778 3053 ἐπιόντες

506 3084 738 3153 perituri
792 3084 1245 3150 lamentarentur,
1299 3088 1416 3157 ipse
1475 3103 1541 3142 ex
1607 3105 1751 3159 equo
1815 3090 2081 3148 desiliens

2189 3091 2545 3148 ἐκακοποίουν
2570 3089 2697 3150 τοὺς
2722 3086 2957 3153 Σκύθας,
2986 3086 3146 3154 φύσει
3176 3085 3463 3158 θηριώδεις
3484 3085 3667 3149 ὄντας,
3696 3087 3775 3146 εἰς

509 3175 678 3229 Deum
718 3178 919 3227 oravit.
957 3174 1097 3230 Tum
1124 3192 1255 3230 vero
1285 3174 1507 3232 barbari
1551 3196 1652 3235 nec
1697 3181 1829 3243 illo,
1863 3196 1964 3236 nec
1992 3198 2088 3237 co-

508 3264 736 3318 mitibus
767 3264 915 3317 illius
942 3304 956 3327 ,
992 3280 1092 3320 nec
1121 3267 1278 3334 equis
1303 3281 1333 3320 e
1361 3267 1566 3336 quibus
1595 3268 1762 3339 319
1786 3269 2088 3326 descende-

508 3366 634 3411 rant
677 3358 1028 3427 conspectis.
1081 3360 1462 3430 praetergressi
1517 3368 1672 3414 sunt.
1733 3360 1907 3416 Porro
1960 3377 2087 3416 cum

509 3449 728 3504 barbari
781 3450 856 3503 illi
913 3450 1124 3507 crebris
1171 3451 1589 3509 incursionibus
1622 3453 1858 3525 Scythas
1903 3462 2086 3510 vasta-

511 3548 661 3602 rent,
696 3556 824 3599 eos.
860 3542 1114 3609 quamvis
1143 3550 1340 3612 suopte
1371 3540 1594 3612 ingenio
1629 3542 1727 3598 feri
1764 3554 1952 3600 essent
1975 3585 1989 3607 ,
2021 3544 2088 3598 ad

511 3632 1296 3713 mansuetudinem.traduxit,
1326 3634 1598 3689 conviviis
1629 3634 1753 3691 illos
1781 3636 2090 3706 excipiens.

511 3730 566 3778 et
605 3723 927 3778 muneribus
968 3725 1306 3782 demnlcens.
1353 3727 1464 3782 llac
1504 3729 1572 3783 de
1611 3745 1778 3784 causa
1820 3729 2092 3786 barbarus

513 3815 736 3884 quida-u
789 3832 913 3870 cum
963 3817 1114 3871 illum
1151 3813 1470 3886 opulentum
1515 3837 1640 3877 esse
1689 3823 2091 3892 suspicaretur,

518 3923 613 3976 per
642 3907 878 3963 insidias
906 3910 1378 3979 comprehendere
1405 3913 1630 3968 molitus
1663 3922 1770 3969 est.
1805 3913 1871 3968 Et
1900 3925 2095 3984 parato

516 3999 582 4052 ad
619 4000 672 4054 id
705 3999 932 4070 laqueo,
965 4011 1124 4056 scuto
1174 4002 1432 4067 innixus,
1485 4004 1564 4058 uti
1597 4006 1809 4060 solebat
1841 4022 1967 4059 cum
2003 4007 2100 4062 ho~

517 4099 627 4145 stes
654 4091 1048 4160 alloqneretnr,
1077 4092 1294 4148 sublata
1312 4093 1504 4148 dextra
1525 4094 1780 4165 laqueum
1808 4095 2096 4152 Theotimo

516 4183 747 4253 injicere
782 4185 1048 4254 parabat,
1092 4193 1353 4256 tanquam
1380 4201 1506 4241 eum
1541 4186 1610 4241 ad
1646 4202 1707 4243 se
1747 4197 1802 4242 et
1847 4187 1915 4242 ad
1961 4203 2095 4243 con-

517 4277 750 4332 tribules
784 4292 917 4332 suos
955 4285 1320 4333 attracturus.
1356 4277 1561 4334 Verum
1603 4279 1657 4333 in
1693 4281 1816 4350 ipso
1853 4290 2093 4347 conatu,

2191 3183 2504 3255 ἡμερότητα
2533 3177 2848 3249 μετέϐαλεν,
2876 3176 3072 3231 ἐστιῶν
3096 3195 3154 3230 τε
3179 3178 3271 3230 καὶ
3299 3176 3491 3244 δώροις
3522 3175 3780 3244 φιλοφροε

2190 3274 2468 3343 νούμενος.
2541 3267 2822 3322 Ἐντεῦθεν
2857 3257 2925 3321 ’δὲ
2982 3266 3258 3340 βάρϐαρος
3302 3268 3445 3338 ἀνὴρ
3489 3266 3781 3319 ὑπολαϐὼν

2191 3365 2422 3434 εὔπορον
2456 3356 2615 3422 εἶναι,
2648 3359 3038 3412 ἐπεϐούλευσεν
3061 3358 3224 3412 αὑτὸν
3257 3358 3416 3410 ἐλείν.
3449 3357 3558 3408 Καὶ
3586 3355 3780 3426 βρόχον

2192 3451 2626 3524 παρασκευάσας
2689 3448 2877 3502 ἀσπίδι
2928 3447 3340 3518 ἐπερειδόμενον
3397 3446 3537 3517 (81),
3589 3445 3782 3513 ὥσπερ

2195 3543 2374 3599 εἰώθει
2423 3543 2538 3604 τοῖς
2615 3539 2895 3610 πολεμίοις
2939 3537 3338 3606 διαλεγόμενος,
3382 3535 3632 3606 ἀνασχὼν
3683 3536 3781 3606 τὴν

2192 3636 2398 3701 δεξιάν,
2446 3631 2750 3696 ἀκοντίζειν
2813 3633 2899 3684 ἐπ’
2929 3631 3092 3684 αὑτὸν
3133 3634 3193 3683 τὸ
3237 3631 3466 3700 σχοινίον
3507 3628 3757 3700 ἔμελλεν,

2192 3733 2268 3798 ὡς
2304 3732 2438 3804 πρὸς
2465 3729 2656 3784 ἐαυτὸν
2685 3730 2782 3782 καὶ
2815 3727 2941 3790 τοὺς
2975 3726 3281 3797 ὁμοφύλους
3318 3725 3585 3780 ἐλκύσων.
3629 3725 3780 3793 Ἀμι

2193 3825 2251 3878 δὲ
2295 3827 2361 3895 τῇ
2407 3822 2780 3893 ἐπιχειρήσει,
2841 3819 3217 3890 ἀνατεταμένη
3257 3820 3290 3889 ἡ
3337 3819 3458 3890 χεὶρ
3503 3818 3641 3888 πρὸς
3692 3817 3781 3868 τὸν

2195 3918 2333 3988 ἀέρα
2363 3915 2618 3985 διέμεινε.
2695 3911 2808 3965 Καὶ
2849 3911 2908 3964 οὐ
2966 3909 3234 3983 πρότερον
3273 3911 3301 3962 ὁ
3350 3907 3628 3979 βάρϐαρος
3675 3909 3781 3960 τῶν

2197 4010 2444 4082 ἀοράτων
2488 4006 2686 4078 ἠφείθη
2724 4004 2963 4074 δεσμῶν,
3012 4005 3060 4056 εἰ
3100 4006 3175 4072 μὴ
3212 4001 3322 4053 τῶν
3365 4000 3542 4054 ἄλλων
3573 4001 3781 4054 ἀντιϐο-

2197 4100 2462 4165 λούντων,
2519 4098 2660 4168 ὺπέρ
2705 4097 2870 4151 αὑτοῦ
2922 4097 3014 4150 τὸν
3054 4093 3186 4147 Θεὸν
3211 4095 3454 4148 ἱκέτευσε
3498 4093 3779 4162 Θεότιμος.

2198 4192 2335 4246 Φασὶ
2360 4190 2418 4244 δέ
2447 4191 2694 4261 κομήτην
2727 4191 2888 4243 αὑτὸν
2915 4189 3190 4258 διαμεῖναι
3215 4187 3334 4240 καθ’
3359 4186 3385 4239 ὃ
3414 4185 3607 4254 σχῆμα
3641 4185 3784 4252 φιλο·

2203 4281 2384 4349 σοφεῖν
2403 4278 2708 4350 ἀρξάμενος
2742 4277 3086 4348 ἐπετήδευσε.
3127 4275 3287 4328 Λιτον
3317 4275 3373 4327 δέ
3404 4273 3502 4343 τὴν
3533 4273 3745 4326 δέαιταν
3768 4290 3780 4301 ·

519 4383 716 4424 manus
754 4369 902 4424 illius
956 4367 1012 4422 in
1053 4369 1288 4424 sublime
1320 4378 1568 4436 extensa,
1590 4370 1664 4425 ita
1699 4381 1759 4426 ut
1795 4380 1937 4437 erat,
1973 4389 2085 4443 per-

2198 4371 2404 4442 τροφῆς
2434 4370 2510 4435 δὲ,
2543 4369 2603 4422 οὐ
2631 4367 2722 4421 τὸν
2755 4368 2935 4430 αὐτὸν,
2981 4366 3097 4420 ἀλλ’
3131 4368 3186 4418 ἐν
3221 4365 3298 4435 τῷ
3337 4367 3528 4434 πεινῇν
3555 4363 3588 4432 ἢ
3627 4364 3788 4433 δι’ᾲῇν

518 4458 743 4513 mansit.
779 4456 889 4513 Nec
925 4458 1080 4528 prius
1117 4457 1498 4514 invisibilibus
1535 4459 1643 4515 illis
1667 4459 1910 4515 vinculis
1955 4462 2085 4516 libe-

2201 4463 2292 4516 τὸν
2325 4461 2516 4531 καιρὸν
2541 4460 2742 4532 ὁρίσαι.
2769 4459 3064 4527 Φιλοσόφου
3087 4459 3195 4530 γὰρ
3225 4453 3313 4528 ἦν,
3338 4453 3511 4527 οἶμαι,
3545 4457 3638 4509 καὶ
3665 4458 3784 4509 τού-

518 4557 677 4604 ratus
711 4558 796 4604 est
845 4550 1114 4605 barbarus
1146 4589 1162 4613 ,
1213 4564 1379 4618 quam
1433 4550 1560 4606 aliis
1611 4550 2085 4608 intercedentibus

2198 4571 2310 4617 τοις
2335 4553 2470 4624 πρὸς
2497 4552 2710 4623 χρείαν.
2742 4551 2803 4604 ού
2832 4551 2919 4604 διὰ
2951 4550 3235 4622 ῥᾳστώνην
3267 4551 3454 4603 εἴκειν.

519 4643 846 4700 'l'heotimus
901 4644 1068 4700 Deum
1127 4661 1226 4715 pro
1275 4645 1373 4698 illo
1420 4653 1658 4699 orasset.
1707 4645 1878 4700 Aiunt
1924 4661 2091 4717 porro
2128 4661 2254 4703 eum
2299 4655 2567 4718 perpetuo
2608 4661 2821 4700 comam
2865 4646 3107 4705 aluisse,
3149 4659 3263 4713 quo
3336 4642 3527 4694 habitu
3609 4643 3784 4711 philo-

521 4737 745 4805 sophari
807 4740 1044 4807 primum
1103 4739 1443 4794 instituerat.
1493 4737 1642 4792 victu
1701 4745 1884 4793 autem
1964 4738 2136 4795 fuisse
2211 4741 2505 4794 admodum
2563 4739 2746 4800 tenui,
2808 4748 2862 4791 et
2909 4746 3130 4807 tempus
3180 4734 3450 4789 sumendo
3504 4735 3630 4786 cibo
3682 4751 3783 4788 non

521 4829 668 4884 idem
695 4843 912 4897 semper
939 4827 1203 4884 habuisse
1224 4869 1239 4895 ,
1279 4829 1375 4884 sed
1405 4843 1531 4884 cum
1562 4827 1803 4884 esuriret
1837 4826 1979 4883 forte
2009 4835 2104 4882 aut
2139 4829 2345 4884 sitiret.
2386 4826 2482 4883 Est
2511 4829 2656 4882 enim
2683 4866 2696 4888 ,
2769 4842 2889 4880 meo
2919 4826 3142 4896 quidem
3189 4822 3397 4893 judicio
3418 4861 3433 4883 ,
3504 4823 3785 4892 proprium

524 4921 871 4996 philosophi,
921 4938 1019 4992 pro
1069 4927 1432 4989 necessitate,
1471 4939 1578 4979 non
1635 4940 1700 4981 ex
1753 4923 1918 4982 luxu.
1970 4923 2092 4979 istis
2130 4924 2346 4980 cedere.

1725 5108 2000 5167 VALESII
2033 5106 2597 5165 ANNOTATIONES.

596 5199 709 5270 (79)
747 5195 1305 5279 Οῒκονβὺκτήριον.
1342 5201 1689 5279 Nicephorus
1735 5203 1790 5256 in
1834 5217 1957 5270 cap.
2004 5201 2085 5261 45.

2206 5215 2329 5279 (ιιιςεΔ
2344 5201 2579 5279 comites
2612 5197 2758 5279 idem
2789 5193 3480 5279 τυπίδερρωάθηύιιηιεει.

525 5259 753 5346 lib'._x_il,
787 5279 911 5341 post
943 5269 1044 5324 has
1093 5259 1256 5346 voces
1307 5272 1458 5346 addit
1480 5259 1606 5346 ’καὶ
1659 5274 1792 5346 ἀστυ
1818 5313 1832 5336 ,
1889 5259 1944 5326 et
1979 5280 2085 5346 tan

2214 5259 2238 5346 _'
2279 5265 3206 5346 (81)“’A0':rldt.errepecddjteroy.
3254 5259 3622 5346 §crihendum
3659 5268 3789 5346 puto

523 5329 1267 5417 oppi_durn:qttam_templum
1321 5343 1510 5417 ρους]ιὶ
1544 5329 2098 5417 voeabulo'appellari
2209 5329 2661 5417 ἐπερειδόμενος,
2705 5338 2758 5392 id
2809 5329 2895 5417 est
2921 5329 3111 5417 _settto
3135 5334 3438 5417 ui_nnixus._
3461 5329 3591 5413 Vplt
3617 5330 3785 5417 .enim

527 5405 732 5468 subdit.
763 5405 919 5466 Unde
953 5405 1200 5466 Ortelins‘
1234 5411 1287 5464 in
1324 5411 1588 5465 Thesauro
1624 5412 1818 5465 scribit
1847 5405 2100 5464 livoriam
2209 5405 2397 5467 dicere
2422 5405 2787 5472 szomenns,
2819 5408 3113 5461 barbarum
3135 5405 3288 5457 illum
3319 5413 3481 5456 scuto
3513 5405 3785 5472 innixum,

527 5484 720 5536 urbem
747 5483 920 5550 Epiri,
955 5482 1314 5534 Donatianam
1350 5497 1570 5550 quoque
1601 5481 1977 5550 dictatoresse.
2211 5497 2336 5535 cum
2391 5480 2684 5534 Theotimo
2737 5470 2980 5550 locutum
3061 5475 3233 5550 fuisse
3257 5511 3271 5534 ,
3323 5470 3785 5550 quernadtnodnu

2214 5551 2396 5606 facere
2442 5550 2688 5610 solebat,
2727 5549 2950 5618 quoties
2987 5561 3109 5618 eum
3147 5543 3422 5618 ΙῖοιιιτιηῑεΔ
3446 5543 3783 5618 1οιιιιιξνειιιιγἶ

2213 5623 2374 5676 Certe
2411 5609 2758 5688 Niccpltorns
2809 5619 2936 5686 legit
2987 5616 3152 5669 etiam
3210 5613 3660 5688 ἐπερειδόμενος,
3695 5609 3785 5684 sed

2215 5692 2285 5745 de
2313 5681 2602 5744 Tlteotinio
2647 5688 2702 5741 id
2733 5689 2840 5760 dici
2863 5681 3168 5757 “perperam
3225 5681 3587 5737 exiStimavit.
3619 5681 3788 5760 Quasi

2218 5777 2348 5817 vero
2383 5760 2704 5817 Theotimus
2734 5753 3022 5828 episcopus
3057 5763 3275 5814 scutum
3312 5762 3570 5825 gestaret.
3621 5753 3792 5804 (iu-tc-

598 5552 711 5620 (80)
744 5547 858 5606 ’Ὧν
877 5552 1203 5620 ἐπέϐησαν.
1237 5547 1461 5605 Rectius
1484 5547 1547 5605 in
1581 5551 1772 5605 codice
1803 5549 2104 5604 Fuketiano

531 5623 726 5693 legitur
752 5623 1059 5693 ἀπέϐησαν,
1093 5622 1373 5693 quomodo
1409 5622 1576 5693 etiam
1601 5621 1730 5693 legit
1765 5621 2105 5693 Epiphanius

531 5691 936 5748 Seholasticus.
970 5691 1133 5747 Certe
1169 5709 1294 5748 cum
1331 5708 1496 5762 supra
1528 5691 1728 5746 dixerit
1758 5691 2105 5746 'l‘ltc’otimum

531 5775 597 5814 cx.
627 5776 767 5834 equo
804 5763 1154 5822 descendisse
1187 5775 1242 5820 ut
1269 5765 1435 5822 Deum
1463 5773 1799 5835 precaretur,
1829 5762 1951 5834 ejus
1981 5778 2110 5833 quo-
