4054 6188
455 315 586 378 1501

1029 434 1281 490 ΚΕΦΛΛ.
1316 436 1446 492 ΚΖ’.

454 524 594 596 Περὶ
619 526 725 600 τοῦ
742 526 913 600 drlou
927 526 1269 600 Ἐπιφανίου
1287 527 1394 581 τοῦ
1408 529 1744 600 ἐπισκόπου
1761 531 2020 600 Κύπρου·

583 596 680 649 καὶ
702 595 916 665 μερική
947 595 1186 660 τιςτῶν
1218 600 1344 651 κατ’
1377 599 1565 652 αὐτὸν
1593 595 1892 669 διήγησις.

524 687 659 755 Περὶ
688 686 745 738 δὲ
795 685 982 740 τοῦτον
1036 686 1126 740 τδν
1175 688 1363 759 χρόνον
1422 691 1516 744 καὶ
1562 690 1873 758 Ἐπιφάνιος
1925 691 2024 763 τὴν

452 775 714 846 Κυπρίων
760 777 1439 850 ἐπεσκόπει“μητρόπολιν.
1506 781 1600 834 “Ov
1649 781 1707 833 οὐ
1751 780 1909 850 μόνον
1955 781 2024 834 τὰ

452 866 580 934 περὶ⁸
613 865 709 936 τὴν
741 867 1012 921 πολιτείαν
1041 868 1309 939 ἐπίσημον
1346 870 1438 922 ἐπὶ
1463 871 1684 941 ἀρεταῖς
1721 869 2020 937 ἀπέδειξεν,

448 957 583 1010 ἀλλὰ
613 959 708 1012 καὶ
744 959 847 1012 ὅσα
893 959 1168 1030 παράδοξα
1197 960 1396 1024 ζῶντος
1423 959 1610 1023 αὑτοῦ,
1645 961 1738 1013 καὶ
1775 960 1914 1030 μετὰ
1937 978 2024 1013 τε-

445 1047 640 1118 λευτὴν
669 1049 845 1119 τιμῶν
890 1049 979 1102 τὸν
1004 1050 1173 1120 ἄνδρα
1218 1052 1246 1103 6
1276 1049 1409 1113 Θεὸς
1455 1052 1791 1104 ἐπετέλεσεν.
1861 1053 2020 1105 Ἀπο-

446 1137 659 1192 θανόντι
713 1141 843 1211 γάρ,
889 1141 918 1193 δ
963 1140 1038 1212 μὴ
1071 1142 1312 1211 περιόντι
1360 1141 1588 1212 ὑπῆρξε,
1635 1143 1792 1211 λόγος
1825 1145 1916 1196 ἐπὶ
1943 1143 2020 1215 τῷ

443 1228 598 1298 τάφῳ
639 1229 802 1282 αὑτοῦ
842 1232 1008 1284 εἰσέτι
1045 1231 1138 1284 νῦν
1186 1231 1443 1302 δαίμονας
1475 1233 1893 1300 ἀπελαύνεσθαι,
1927 1235 2020 1288 καὶ

447 1317 617 1382 ἰάσεις
654 1319 804 1383 τινάς
832 1320 1097 1388 γίνεσθαι.
1139 1321 1227 1374 Ἐν
1250 1314 1294 1388 ᾧ
1315 1322 1370 1374 δὲ
1401 1322 1508 1386 ζῶν
1535 1323 1819 1394 ἐτύγχανε,
1851 1324 2020 1378 πολλά

443 1409 732 1478 θαυμάσιοι⁵
764 1410 912 1481 αὐτῷ
953 1412 1282 1478 ἀνατιθέασι,
1337 1412 1443 1466 τῶν
1485 1430 1548 1482 γε
1598 1413 1704 1484 μὴν
1757 1415 1837 1477 είς
1872 1417 2018 1484 ἡμᾶς

441 1501 704 1556 ἐλθόντων
756 1505 930 1557 ἐκεῖνο
955 1520 968 1534 ·
1007 1504 1356 1574 μεταδοτικὸς
1388 1503 1463 1557 ὣν
1491 1505 1618 1575 περὶ
1645 1507 1946 1576 δεομένους,
1981 1508 2014 1576 ἢ

439 1594 737 1660 ναυαγίοις,
790 1594 824 1664 ἢ
871 1593 1045 1659 ἄλλως
1086 1594 1560 1665 δυστυχήσαντας,
1616 1586 1801 1668 ἐπειδὴ
1850 1597 2016 1650 πάλαι

440 1685 537 1755 τὴν
560 1685 750 1739 οὐσίαν
780 1688 1084 1751 ἀνάλωσεν,
1132 1688 1212 1749 είς
1239 1686 1358 1740 δέον
1389 1687 1604 1740 ἐσπάθα
1633 1687 1744 1758 (8‘2)
1781 1690 1892 1751 τοῖς
1916 1691 2016 1759 τῆς

452 1775 776 1848 Ἐκκλησίας
798 1780 1062 1848 χρήμασι.
1096 1779 1328 1832 Πλεῖστα
1363 1777 1419 1830 δὲ
1464 1774 1532 1846 ἦν
1554 1794 1569 1809 ο
1620 1778 1882 1832 πάντοθεν
1905 1779 2016 1850 γὰρ

439 1865 624 1919 πολλοὶ
654 1867 744 1922 τὸν
785 1868 1014 1922 πλοῦτον
1048 1868 1286 1931 εὐσεϐῶς
1325 1866 1637 1923 ἀναλίσκειν
1669 1867 2011 1937 προθέμενοι,

440 1957 534 2009 καὶ
575 1956 774 2023 ζῶντες
817 1961 884 2029 τῇ
939 1959 1030 2011 ὑπ’
1079 1960 1240 2013 αὐτὸν
1273 1960 1536 2030 ἐκκλησίᾳ
1577 1963 1871 2031 παρεῖχον,
1917 1961 2012 2014 καὶ

438 2046 794 2113 τελευτῶντες
822 2049 1240 2119 κατελίμπανον.
1280 2050 1576 2120 Ἐθάρῤουν
1607 2051 1736 2121 γὰρ,
1766 2052 1842 2114 ὼς
1869 2053 2014 2104 οίκο-

437 2134 657 2200 νομικὸς
689 2136 784 2190 καὶ
830 2135 1080 2206 θεοφιλὴς
1111 2135 1206 2200 ὢν,
1244 2137 1384 2190 κατά
1417 2137 1641 2208 γνώμην
1670 2140 1856 2203 αὐτοῖς
1883 2141 2014 2192 ἀνα-

434 2221 596 2274 λώσει
615 2223 686 2275 τά
705 2222 872 2294 δῶρα.
897 2225 1032 2276 Φασὶ
1045 2222 1176 2292 γοῦν
1198 2242 1328 2278 ποτε
1351 2224 1546 2294 ὀλίγων
1569 2225 1650 2279 ἔτι
1672 2225 2010 2298 λειπομένων

435 2313 754 2384 χρημάτων,
801 2314 1104 2386 χαλεπῆναι
1132 2317 1230 2386 τῆς
1259 2315 1551 2387 ἐκκλησίας
1579 2317 1670 2369 τὸν
1711 2319 2006 2388 οἰκονόμον,

433 2404 528 2457 καὶ
567 2405 640 2468 ὠς
667 2406 903 2459 δαπανὸν
947 2406 1108 2459 αὑτὸν
1162 2407 1513 2477 μέμψασθαι,
1546 2407 1638 2461 τὸν
1681 2407 1738 2460 δὲ
1773 2409 1894 2479 μηδ’
1919 2409 2010 2462 οὖν

429 2509 540 2554 τως
584 2494 907 2563 καθυφεῖναι
957 2497 1086 2567 περὶ
1125 2497 1251 2560 τοὺς
1302 2497 1502 2560 ἐνδεεῖς
1537 2496 2004 2567 φιλοτιμούμενον.

444 2584 597 2638 Ἐπεὶ
627 2586 683 2639 δὲ
721 2588 898 2641 πάντα
945 2588 1207 2650 ἀνάλωτο,
1250 2589 1476 2652 ἐπιστάς
1512 2605 1595 2651 τις
1643 2587 1719 2658 τῷ
1752 2589 2008 2660 δωματίῳ

431 2671 492 2731 οὗ
515 2677 699 2748 διῆγεν
729 2681 758 2732 6
782 2680 1080 2750 οἰκονόμος,
1115 2679 1396 2748 βαλάντιον
1429 2678 1638 2733 πολλῶν
1676 2679 1893 2751 χρυσῶν
1919 2698 2008 2734 νο-

433 2770 719 2841 μισμάτων
742 2771 958 2824 ἔδωκεν.
1003 2772 1090 2834 Ὠς
1113 2771 1170 2824 δέ
1195 2769 1319 2824 οὔτε
1344 2774 1374 2825 6
1399 2772 1542 2835 δοὺς,
1576 2771 1609 2842 ἢ
1638 2773 1666 2824 6
1697 2770 2002 2840 πεπομφὼς

429 2859 584 2931 δῆλος
609 2856 696 2932 ἦν,
729 2862 900 2916 ἐδόκει
929 2863 984 2915 δὲ
1016 2862 1317 2931 παράδοξον
1345 2863 1590 2926 εἰκότως,
1628 2864 1720 2916 ἐπὶ
1747 2863 1889 2917 δόσει
1917 2881 2006 2917 το-

433 2952 639 3006 σούτων
681 2953 980 3023 χρημάτων
1011 2951 1296 3020 ἄνθρωπον
1326 2953 1600 3020 ἄγνωστον
1645 2953 1835 3009 ἑαυτὸν
1867 2971 2007 3026 παρ-

430 3042 594 3111 έχειν,
616 3043 735 3094 τότε
753 3041 816 3112 δὴ
841 3041 1037 3105 πάντες
1051 3042 1110 3094 τὸ
1134 3045 1363 3114 πρᾶγμα
1379 3044 1520 3096 θεῖον
1536 3040 1671 3098 εἶναι
1694 3045 2000 3101 συνέϐαλον.

443 3133 582 3185 Ἀλλ’
605 3128 716 3186 οἷον
744 3133 928 3202 ἕτερον
964 3134 1089 3204 περὶ
1118 3134 1281 3187 αὑτοῦ
1324 3134 1560 3203 λέγεται,
1590 3137 1682 3189 καὶ
1713 3137 2004 3207 ἀφηγήσα-

431 3222 553 3276 σθαι
585 3222 862 3292 βούλομαι;
895 3223 1836 3296 Πυνθάνομαιτεθαυματουργῆσθαι
1868 3229 2007 3299 Γρη-

429 3312 598 3383 γορίῳ
642 3311 720 3383 τῷ
768 3312 1073 3384 θαυμασίῳ,
1119 3313 1178 3376 δς
1227 3314 1395 3368 πάλαι
1439 3316 1537 3385 τὴν
1576 3316 2006 3388 Νεοκαισάρειαν

431 3403 814 3473 ἐπετρόπευσε,
839 3403 933 3456 καὶ
958 3404 1102 3474 μάλα
1129 3405 1408 3475 πείθομαι.
1441 3405 1576 3458 Ἀλλ’
1593 3407 1654 3459 ού
1679 3408 1829 3478 παρὰ
1848 3409 2004 3462 τοῦτο

431 3495 719 3561 άπιστέον,
758 3497 942 3565 ὅμοιον
983 3497 1090 3549 καὶ·
1129 3497 1428 3566 Ἐπιφανίῳ
1478 3498 1784 3567 εἰργάσθαι.
1849 3501 2005 3552 Ἐπεὶ

430 3584 551 3636 οὒδέ
584 3585 742 3654 μόνος
776 3586 980 3655 Πέτρος
1003 3586 1031 3637 6
1054 3585 1348 3648 ἀπόστολος
1394 3587 1582 3656 ἡγειρε
1613 3587 1826 3657 νεκρὸν,
1869 3588 2006 3642 ἀλλά

432 3675 524 3728 καὶ
565 3677 812 3745 Ἰωάννης
837 3679 865 3728 6
892 3677 1280 3746 εύαγγελιστὴς
1312 3677 1371 3730 ἐν
1415 3677 1644 3748 Ἐφέσῳ,
1678 3679 1771 3730 καὶ
1813 3679 2004 3732 Φιλίπ-

431 3785 532 3819 που
568 3768 863 3839 θυγατέρες
890 3771 946 3821 ἐν
991 3769 1307 3839 Ἱεραπόλει.
1353 3770 1462 3821 Καὶ
1486 3769 1554 3823 τὰ
1577 3769 1715 3823 αὐτὰ
1745 3771 2004 3836 πολλάκις

429 3856 881 3926 ἐξειργασμένους
924 3859 1102 3928 εὑρεῖν
1143 3857 1258 3910 ἐστι
1310 3858 1538 3923 πολλοὺς
1558 3859 1675 3912 τῶν
1709 3860 1877 3913 πάλαι
1911 3863 2004 3915 καὶ

427 3947 521 4000 νῦν
550 3948 810 4016 θεοφιλῶν
836 3949 1062 4015 ἀνδρῶν.
1099 3950 1253 4002 Ἐστι
1274 3949 1330 4002 δὲ
1349 3950 1568 4015 τοιόνδε,
1586 3950 1616 4004 6
1642 3950 1819 4019 λέγειν
1841 3952 2000 4006 θέλω⁶

443 4033 900 4106 Ἐπιτηρήσαντες
927 4035 1019 4088 δύο
1053 4052 1194 4098 τινες
1231 4039 1434 4108 πτωχοὶ
1475 4039 1698 4094 ἐπιόντα
1732 4041 1824 4094 τὸν
1855 4042 2004 4113 Ἐπιε-

431 4124 616 4193 φάνιον
645 4125 754 4194 (85)
783 4125 942 4178 πλέον
971 4143 1022 4178 τι
1051 4125 1380 4194 κομίσασθαι
1409 4129 1945 4200 πραγματευόμενοι,
1973 4132 2002 4184 6

432 4215 529 4284 μὲν
547 4214 871 4283 ἐφαπλώσας
888 4215 1080 4270 ἐαυτὸν
1098 4214 1176 4285 τῷ
1191 4215 1396 4284 ἐδάφει,
1415 4216 1592 4271 ἔκειτο
1614 4218 1771 4289 δῆθεν
1785 4221 2000 4289 νεκρόςο

425 4307 454 4357 6
502 4303 594 4368 δέ,
655 4304 938 4376 παρεστὼς
993 4304 1242 4370 ἔκλαιεν,
1289 4300 1377 4360 οἷά
1429 4324 1494 4374 γε
1541 4308 1674 4378 όμοῦ
1736 4312 2002 4382 συνήθους

1382 319 1710 378 HISTORIA
1736 317 2294 378 ECCLESIASTICA.
2320 351 2372 362 -
2416 321 2546 379 LIB.
2565 323 2673 378 Vll.

2051 440 2099 498 Δ

3559 330 3699 387 ποτε

2685 438 2841 494 CAP.
2901 439 3118 497 XXVII.

2124 526 2205 584 De
2226 540 2412 585 sancto
2443 531 2746 601 Epiphanio
2775 533 3018 603 episcopo
3038 533 3202 603 Cypri
3226 548 3245 587 :
3300 543 3350 590 et
3399 552 3574 591 rerum
3626 539 3691 590 ab

2192 615 2253 653 ea
2292 614 2560 670 gestarum
2610 601 2978 670 compendiosa
3007 601 3269 657 narratio.

2192 690 2295 748 Per
2325 693 2466 748 idem
2497 700 2713 762 tempus
2753 694 2806 748 in
2833 695 3120 764 metropoli
3155 694 3350 750 insulae
3379 695 3544 766 Cypri
3565 697 3692 766 Epi'

2123 783 2360 854 phanius
2400 784 2782 856 episcopatum
2817 784 3098 854 gerebat'.
3143 783 3316 852 Quem
3348 801 3458 841 non
3507 786 3690 842 solum

2121 877 2248 930 vita:
2304 875 2656 930 conversatio
2702 873 2975 928 illustrem
3032 875 3102 929 ob
3147 875 3379 929 virtutes
3426 873 3687 938 reddidit,

2120 981 2311 1021 verum
2346 966 2511 1020 etiam
2546 965 2837 1029 miracula,
2893 981 3017 1035 quae
3057 964 3219 1031 Deus,
3250 965 3466 1021 honore
3535 965 3690 1019 illum

2121 1057 2338 1111 allicere
2363 1057 2574 1121 volens,
2623 1055 2746 1126 ipso
2775 1055 2954 1109 adhuc
2977 1056 3295 1125 superstite,
3329 1063 3386 1111 et
3441 1065 3567 1125 post
3597 1055 3694 1109 ob-

2120 1146 2260 1200 itum
2287 1146 2407 1215 ejus
2439 1147 2628 1200 edidit.
2660 1146 2872 1199 Mortuo
2915 1147 3059 1200 enim
3092 1146 3205 1210 illo,
3237 1146 3291 1200 id
3313 1146 3458 1217 quod
3491 1146 3692 1200 viventi

2119 1251 2227 1292 non
2294 1237 2640 1306 contigerat,
2703 1236 2772 1290 ad
2828 1236 3140 1305 sepulcrum
3231 1235 3353 1306 ejus
3413 1235 3691 1291 daemones

2116 1327 2417 1382 etiamnum
2467 1327 2690 1397 fugari,
2728 1340 2781 1383 et
2821 1328 2998 1384 morbi
3029 1327 3251 1397 quidam
3289 1327 3472 1381 curari
3498 1327 3695 1382 dicun-

2118 1427 2228 1474 tur.
2262 1417 2400 1472 Dum
2424 1427 2608 1474 autem
2638 1420 2691 1474 in
2726 1419 2868 1475 vivis
2895 1425 3231 1488 superesset,
3260 1419 3432 1472 multa
3472 1418 3551 1472 illi
3584 1417 3688 1472 mi-

2118 1511 2308 1565 raeula
2351 1511 2693 1566 tribuuntur.
2740 1510 2816 1565 Ex
2867 1511 3075 1582 quibus
3117 1509 3266 1565 istud
3320 1508 3387 1563 ad
3431 1508 3689 1564 notitiam

2115 1607 2363 1654 nostram
2397 1600 2647 1668 pervenit
2680 1619 2692 1654 :
2733 1601 2866 1654 Cum
2897 1599 3144 1655 liberalis
3173 1607 3324 1654 esset
3376 1614 3510 1669 erga
3563 1614 3691 1669 ege-

2114 1706 2238 1753 nos,
2269 1691 2363 1762 qui
2401 1692 2484 1747 vel
2510 1691 2837 1762 naufragio,
2896 1692 2980 1747 vel
3011 1691 3120 1744 alio
3153 1690 3414 1760 quopiam
3447 1705 3579 1744 casu
3622 1689 3689 1742 ad

2045 1763 2088 1818 Β
2117 1782 2358 1852 inopiam
2408 1782 2616 1837 redacti
2657 1793 2879 1850 essent;
2917 1781 3181 1851 quoniam
3227 1781 3514 1835 facultates
3561 1794 3690 1834 suas

2107 1869 2221 1939 jam
2264 1869 2472 1939 pridem
2528 1885 2721 1925 omnes
2769 1870 3183 1938 absumpserat,
3222 1867 3468 1922 ecclesia:
3509 1864 3689 1926 bonis,

2115 1956 2206 2011 ubi
2229 1972 2368 2025 opus
2396 1966 2538 2016 erat,
2567 1956 2777 2025 prolixe
2800 1956 3010 2010 abusus
3037 1966 3141 2010 est.
3178 1954 3309 2007 Erat
3339 1965 3521 2008 autem
3547 1968 3691 2021 opu-

2112 2047 2424 2102 lentissima
2460 2047 2582 2116 ejus
2620 2046 2878 2100 ecclesia.
2912 2044 3068 2099 Multi
3101 2043 3248 2099 enim
3286 2060 3352 2098 ex
3391 2043 3560 2097 variis
3600 2058 3692 2096 or-

2110 2136 2196 2192 bis
2225 2134 2513 2206 partibus,
2572 2136 2667 2204 qui
2699 2149 2834 2204 opes
2873 2149 3005 2189 suas
3034 2135 3090 2189 ia
3142 2133 3267 2204 pios
3309 2149 3444 2188 usus
3478 2133 3692 2202 impen-

2108 2225 2241 2280 dere
2272 2222 2608 2289 studebant,
2650 2231 2704 2278 et
2745 2225 3082 2293 superstites
3118 2222 3244 2293 ejus
3295 2222 3548 2277 ecclesiae
3598 2235 3696 2276 eas

2107 2315 2444 2384 praebebant,
2477 2322 2533 2368 et
2570 2314 2868 2368 morientes
2892 2313 3072 2368 eidem
3105 2311 3518 2382 relinquebant.
3543 2311 3693 2366 Con-

2107 2406 2352 2460 iidebant
2401 2407 2546 2460 enim
2583 2405 2760 2467 illum,
2795 2411 2984 2475 utpote
3008 2404 3102 2472 qui
3148 2403 3355 2473 probus
3395 2403 3689 2471 dispensa-

2105 2507 2213 2564 tor,
2259 2497 2463 2567 Deique
2495 2494 2914 2550 amantissimus
2946 2503 3116 2558 esset,
3166 2508 3257 2549 res
3302 2493 3372 2546 ab
3417 2493 3554 2563 ipsis
3591 2492 3689 2544 do-

2107 2598 2268 2642 natas
2301 2601 2369 2642 ex
2405 2587 2651 2656 ipsorum
2683 2586 2960 2639 sententia
3005 2598 3070 2638 ac
3103 2583 3386 2637 voluntate
3421 2590 3686 2650 erogatu-

2105 2694 2247 2734 rum.
2283 2677 2533 2744 Quodam
2573 2675 2742 2746 igitur
2781 2683 3051 2744 tempore,
3097 2689 3220 2728 cum
3263 2687 3455 2742 paucae.
3505 2672 3689 2725 admo-

2106 2772 2235 2826 dum
2272 2770 2518 2841 pecunia:
2550 2777 2933 2839 superessent,
2969 2767 3126 2821 aiunt
3169 2765 3417 2821 ecclesia:
3463 2779 3688 2821 (nconc-

2106 2877 2254 2918 mum
2298 2861 2727 2924 succensuisse,
2768 2873 3007 2928 eumque
3060 2867 3324 2926 tanquam
3391 2854 3688 2925 prodigum

2107 2952 2544 3024 reprehendisse,
2574 2951 2725 3005 illum
2755 2964 2890 3003 vero
2923 2965 2992 3002 ne
3023 2956 3136 3001 tum
3164 2947 3390 3017 quidem
3419 2945 3486 2999 de
3523 2944 3688 2999 solita

2106 3060 2237 3116 erga
2287 3057 2557 3114 pauperes
2609 3040 2989 3096 munilicentia
3027 3037 3330 3108 quidquam
3378 3036 3686 3091 remisisse.

2105 3136 2372 3191 Omnibus
2405 3143 2587 3189 autem
2620 3132 2983 3200 consumptis,
3010 3139 3230 3199 repente
3251 3127 3440 3183 nescio
3462 3126 3590 3195 quis
3620 3126 3687 3178 ad

2107 3225 2450 3288 cubiculum,
2497 3223 2663 3293 32o
2685 3223 2742 3275 in
2765 3237 2875 3291 quo
2893 3219 3129 3290 degebat
3157 3231 3508 3278 mronomus,
3534 3229 3691 3270 acce-

2104 3319 2261 3382 dens,
2299 3331 2522 3372 saccqu
2557 3316 2613 3368 in
2649 3329 2761 3384 quo
2785 3314 2940 3366 multi
2972 3319 3133 3366 erant
3161 3310 3317 3364 aurei
3362 3309 3597 3371 nummi,
3633 3308 3688 3362 in

2106 3425 2308 3464 manus
2329 3410 2380 3464 ei
2415 3407 2664 3460 tradidit.
2687 3407 2938 3474 Cumque
2975 3418 3076 3457 nec
3115 3403 3161 3456 is
3187 3401 3280 3470 qui
3313 3399 3562 3462 dederat,
3588 3414 3688 3452 nec

2106 3499 2152 3554 is
2170 3499 2261 3561 qui
2285 3497 2510 3550 miserat
2534 3501 2880 3557 nosceretur,
2901 3491 3294 3558 videreturque
3320 3489 3517 3542 merito
3538 3488 3688 3541 inso-

2106 3587 2245 3649 lens,
2270 3599 2606 3655 quemquam
2633 3584 2686 3636 in
2721 3590 2888 3636 tanta:
2917 3581 3168 3651 pecunia:
3202 3579 3493 3650 largitione
3513 3579 3688 3632 latere

2103 3677 2272 3739 velle,
2305 3686 2421 3729 tum
2452 3690 2586 3730 vero
2623 3675 2867 3728 universi
2896 3673 2948 3726 id
2986 3672 3079 3727 Dei
3117 3688 3256 3742 opus
3299 3687 3425 3727 esse
3468 3669 3686 3739 judica-

2101 3775 2248 3822 runt.
2285 3766 2443 3819 Aliud
2475 3777 2734 3833 praeterea
2768 3763 2919 3835 quod
2956 3763 3025 3819 de
3059 3765 3156 3819 illo
3207 3763 3470 3825 refertur,
3521 3777 3680 3816 eom-

2104 3873 2410 3913 memorare
2447 3858 2600 3912 libet.
2657 3857 2710 3912 Id
2741 3857 2964 3928 quidem
2998 3857 3066 3910 ab
3107 3855 3438 3910 admirando
3473 3854 3682 3924 Grego-

2103 3948 2188 4001 rio
2250 3947 2342 4016 qui
2393 3945 2894 4000 Neocacsariensem
2949 3946 3079 3999 olim
3133 3945 3277 3998 rexit
3337 3942 3680 4008 Erelcsiam,

2101 4049 2316 4112 gestum
2350 4054 2473 4094 esse
2497 4038 2706 4106 accepi,
2741 4045 2794 4092 et
2821 4038 3052 4090 libenter
3085 4034 3274 4088 credo.
3311 4033 3414 4086 Sed
3444 4049 3553 4085 non
3591 4031 3676 4084 id-

2101 4133 2256 4187 circo
2300 4129 2630 4184 incredibile
2684 4127 2861 4180 videri
2910 4126 3094 4190 debet,
3154 4124 3296 4178 idem
3334 4137 3551 4192 quoque
3602 4121 3681 4174 fa-

2101 4229 2253 4276 ctum
2282 4234 2411 4275 esse
2439 4219 2508 4272 ab
2536 4219 2869 4288 Epiphanio.
2901 4216 3088 4284 Neque
3121 4215 3268 4269 enim
3301 4213 3454 4268 solus
3484 4210 3682 4267 Petrus

2101 4310 2390 4381 apostolus
2427 4316 2710 4360 mortuum
2761 4305 2832 4360 ab
2876 4304 3075 4359 inferis
3134 4302 3437 4369 excitavit,
3490 4316 3678 4353 verum

426 4393 652 4448 θάνατον
699 4395 1055 4466 ὀδυρόμενος,
1113 4397 1206 4450 καὶ
1252 4397 1334 4450 ὅτι
1383 4398 1516 4468 μηδέ
1559 4398 1783 4454 θάπτειν
1835 4403 1996 4457 αὐτὸν

2108 4401 2264 4456 etiam
2299 4396 2541 4452 Joannes
2568 4396 2911 4465 evangelista
2939 4394 2994 4447 in
3029 4394 3164 4447 urbe
3198 4391 3451 4460 Epheso,
3476 4397 3530 4442 et
3553 4387 3679 4440 Phi-

421 4484 658 4549 δύναιτο,
699 4488 798 4556 τὴν
839 4487 1026 4540 πενίαν
1058 4489 1569 4560 καταμεμφόμενος.
1648 4493 1705 4543 ὐ
1745 4492 1804 4546 δέ
1846 4493 1996 4548 Ἐπι-

2108 4493 2234 4564 lippi
2267 4489 2391 4544 (ilia:
2438 4486 2742 4558 Hierapoli.
2786 4486 3100 4554 Multosque
3155 4493 3266 4536 tam
3307 4498 3374 4537 ex
3413 4480 3676 4550 antiquis,

424 4577 632 4644 φάνιος,
661 4580 718 4631 ἐν
747 4579 1052 4633 ἀναπαύσει
1082 4577 1219 4635 εἶναι
1251 4580 1342 4633 τὸν
1375 4581 1630 4651 κείμενον
1651 4582 1872 4653 ηὔξατο,
1897 4587 1994 4640 καὶ

2108 4600 2264 4656 quam
2292 4599 2358 4640 ex
2387 4590 2592 4638 nostrae
2627 4579 2908 4634 memoriae
2957 4577 3063 4647 piis
3109 4575 3452 4637 hominibus,
3483 4570 3674 4628 eadem

421 4671 490 4724 τὰ
528 4671 662 4742 πρὸς
685 4671 784 4742 τὴν
809 4672 1026 4742 κηδείαν
1051 4673 1331 4745 ἐπιτήδεια
1357 4674 1607 4737 δεδωκὼς
1624 4716 1635 4738 ,
1687 4677 1978 4746 Ἐπιμελοῦ
1993 4730 2010 4757 ,

2108 4691 2467 4748 saepenumero
2498 4673 2738 4744 gessisse
2773 4670 3168 4740 comperimus.
3224 4667 3282 4720 ld
3317 4675 3499 4720 autem
3529 4660 3677 4735 quod

423 4762 560 4832 φησὶ
614 4763 692 4831 τῷ
727 4763 1036 4834 δακρύοντι,
1071 4765 1170 4834 τῆς
1196 4764 1394 4834 ταφῆς,
1431 4767 1526 4819 καὶ
1564 4766 1737 4819 παύου
1764 4769 1986 4835 κλαίων,

2108 4770 2276 4826 iicere
2291 4765 2575 4838 proposui,
2607 4763 2926 4832 hujusmodi
2953 4768 3073 4816 est:
3109 4759 3228 4813 Duo
3256 4759 3480 4829 quidam
3505 4772 3663 4811 men-

421 4847 466 4907 ὦ
497 4852 702 4908 τέκνον.
745 4855 820 4907 Οὐ
851 4853 960 4925 γάρ
995 4856 1352 4926 ἀναστήσεται
1401 4856 1515 4911 νῦν.
1574 4858 1646 4910 Τὸ
1680 4857 1736 4912 δέ
1773 4860 1864 4914 ἐπὶ
1915 4860 1992 4931 τῷ

2108 4861 2232 4926 dici,
2263 4875 2388 4914 cum
2420 4855 2790 4927 Epiphanium
2824 4852 3135 4908 venientem
3169 4850 3584 4916 obscrvasscnt,
3615 4857 3673 4906 ut

495 5006 508 5035 ‘
540 5003 889 5071 Socr.|ib.v,
924 5021 992 5077 0..
1028 5007 1115 5060 14.

1617 5149 1880 5204 VALESll
1915 5147 2464 5205 ANNOTATIONES.

419 5245 540 5287 rum
571 5230 640 5286 de
682 5230 787 5314 hoc
838 5231 1368 5314 morejllunnor-um
1404 5237 1752 5314 aliorumque
1790 5241 1994 5314 barba-
2096 5257 2160 5314 es
2186 5241 2377 5297 codice
2405 5238 2788 5314 Euketianoet
2811 5253 2878 5292 ex
2897 5237 3223 5314 Sicepjioro,
3254 5238 3345 5314 qui
3379 5251 3475 5306 pro
3501 5234 3669 5314 ὲσπάτ

416 5303 766 5378 τοινιιηιηιιιιί
801 5303 1066 5378 conjectis
1102 5305 1316 5378 laqueis
1347 5305 1596 5378 homines
1628 5303 1992 5378 abripiebant,
2099 5309 2262 5373 σθαι,
2329 5310 2592 5378 scriptum
2652 5310 2852 5362 habent
2911 5303 3158 5378 ἐσπάθα,
3221 5303 3425 5378 optime
3477 5304 3666 5378 procul

419 5371 974 5449 ntultaoliuLnolavi
1011 5374 1074 5449 in
1099 5371 1593 5449 Ob'servationibus
1638 5380 1703 5431 ad
1737 5371 1830 5432 lib.
1865 5371 1992 5434 xxxi
2095 5371 2286 5433 dubio.
2311 5380 2424 5433 Etsi
2446 5371 2606 5432 'enim
2672 5378 2884 5449 σπαθᾷν
2924 5371 3387 5449 abuli_signi'licat
3419 5371 3673 5449 etlam:-

417 5440 695 5519 Ammiani
726 5440 1024 5519 Marcellini
1051 5483 1065 5502 ,
1111 5459 1236 5513 pag.
1275 5445 1421 5519 411,
1461 5447 1661 5519 quibus
1689 5449 1793 5519 hoc
1827 5451 1992 5503 etiam
2096 5450 2254 5508 riari,
2292 5449 2610 5502 adverbium
2647 5440 3003 5516 tamen'quod
3037 5440 3280 5498 additum
3317 5450 3458 5519 est__a
3500 5443 3672 5497 Som-

422 5509 550 5562 addi
593 5511 776 5584 velim.
831 5511 970 5584 l_dem
1019 5509 1237 5582 quoque
1282 5530 1310 5584 a
1357 5509 1629 5569 Sarmatis
1677 5518 1987 5572 factitatum
2102 5534 2280 5576 meno,
2313 5519 2461 5571 verbi
2493 5519 2750 5571 duritiem
2787 5509 3054 5584 temperat
3080 5523 3244 5584 atque
3271 5513 3499 5584 emollit.

418 5580 786 5659 esse‘scribit
832 5579 1161 5659 _Paus:uiias'
1193 5584 1245 5636 in
1289 5583 1505 5640 Atticis.
1565 5584 1667 5641 Ubi
1720 5590 1991 5659 interpres
2171 5590 2280 5657 (85)
2329 5588 2606 5640 ’Amo’rta
2638 5589 2744 5659 τόν
2788 5579 3238 5659 fEm'ggeirror-{lu
3277 5582 3468 5659 codice
3495 5579 3662 5659 ξὐίίες

420 5647 612 5725 σειράς
648 5649 788 5725 male
819 5653 1219 5725 interpretatus
1244 5663 1326 5709 est
1344 5662 1604 5725 catenas.
1867 5647 1882 5659 ’
2101 5647 2543 5725 ιί.ιὶιοέιί·ἱνιιιιιι
2570 5665 2652 5711 est
2680 5647 3275 5725 émdvm_fNicep1101'tts
3297 5658 3477 5706 autem
3505 5651 3668 5707 habet

500 5718 613 5790 (82)
654 5722 754 5785 ΕΙς
809 5720 946 5774 δέω·
979 5718 1299 5777 ἑστιᾶσθαι.
1341 5723 1492 5779 llunc
1547 5727 1726 5782 locum
1778 5729 1992 5783 correxi

2108 5745 2168 5777 π)
2186 5718 2558 5798 ριόντκ,’‹ιιιοι1
2599 5726 2797 5780 rectius
2833 5723 3067 5777 videtur.
