4054 6188
418 303 559 362 1303
598 279 606 287 “

1891 305 2234 365 εοῑοιιεαι

3535 309 3671 366 1504

414 424 540 496 plus
571 421 818 494 pecuniae
846 421 914 479 ab
945 436 1012 480 eo
1042 423 1401 482 corraderent
1425 468 1439 492 ,
1474 423 1617 481 alter
1641 424 1863 496 quidem
1898 442 1994 482 eo-

2099 426 2469 499 συμϐεϐηκότι
2498 425 2892 498 ἀπαραίτητον,
2937 427 3032 482 καὶ
3071 427 3286 491 πάντως
3313 425 3678 498 ἀποκείμενον

416 529 540 569 rum
580 529 750 584 super
781 517 902 571 solo
927 523 1212 581 extensus,
1265 525 1488 572 mortuo
1536 515 1738 572 similis
1778 516 1990 587 jacuit:

415 605 557 659 alter
576 619 708 658 vero
737 620 908 674 prope
948 615 1106 662 stans
1155 606 1432 678 plorabat,
1461 605 1639 684 psimul
1691 614 1991 678 egestatem

416 712 572 752 suam
603 713 860 766 querens.
891 699 1034 768 quod
1060 699 1210 753 illum
1239 699 1471 769 sepelire
1490 713 1600 752 non
1627 705 1840 769 posset.
1863 697 1993 767 Epi-

416 786 654 855 pltanius
678 803 807 842 vero
836 787 1048 858 jacenti
1077 789 1321 858 requiem
1371 797 1703 859 apprecatus
1727 829 1742 855 ,
1777 802 1840 842 ea
1871 803 1994 858 qua!

416 875 482 928 ad
514 876 852 945 sepulturam
901 879 1023 949 ejus
1071 879 1388 936 necessaria
1445 887 1622 942 erant,
1656 879 1990 934 mendicanti

419 965 668 1028 donavit,
716 968 988 1038 Ilentique
1014 970 1188 1024 dixit:
1226 971 1369 1025 Cura
1403 970 1765 1041 sepulturam,
1798 978 1852 1024 et
1876 970 1992 1041 plo-

419 1070 546 1110 rare
565 1058 775 1122 desine,
816 1059 930 1114 Iili:
962 1076 1139 1131 neque
1164 1061 1308 1115 enim
1334 1062 1387 1114 in
1434 1060 1690 1131 praesenti
1719 1067 1988 1131 resurget.

417 1147 570 1211 Quod
600 1163 730 1202 vero
765 1149 968 1204 accidit
1002 1151 1322 1206 inevitabile
1351 1165 1414 1205 ac
1457 1165 1687 1221 prorsus
1735 1165 1994 1206 necessa-

415 1239 579 1300 rium,
634 1237 687 1291 id
725 1239 852 1292 forti
895 1241 1080 1294 animo
1130 1240 1521 1310 perferendum
1577 1251 1689 1297 εει.
1748 1241 1813 1295 Ει
1863 1242 1994 1312 Epi-

416 1328 649 1398 phanius
673 1329 1009 1400 qnidemhis
1059 1331 1225 1388 dictis
1266 1332 1562 1389 abscessit.
1613 1332 1751 1387 Cum
1809 1343 1992 1388 autem

416 1434 576 1472 nemo
601 1420 713 1488 jam
740 1421 795 1474 in
824 1430 1123 1491 conspectu
1155 1431 1328 1484 esset,
1371 1422 1662 1478 mendicus
1719 1429 1876 1478 stans
1911 1423 1997 1492 ja-

417 1518 628 1563 centem
663 1509 802 1579 pede
835 1512 1058 1580 pulsare
1101 1515 1300 1584 coepit,
1335 1513 1571 1568 laudans
1606 1513 1754 1583 quod
1787 1521 1996 1568 mortu-

417 1616 507 1654 nm
543 1603 760 1671 egregie
785 1603 1123 1670 simulasset,
1171 1613 1246 1670 et,
1282 1605 1478 1676 Surge,
1528 1605 1710 1675 inquit
1751 1624 1764 1661 :
1809 1621 1876 1660 ex
1917 1607 1996 1660 Ia-

416 1689 550 1746 bore
579 1701 671 1747 tuo
703 1694 851 1750 hunc
879 1695 1064 1750 lzetum
1110 1696 1482 1768 transigemus
1529 1697 1693 1752 diem.
1733 1695 1837 1752 Sed
1868 1713 1991 1752 cum

2092 520 2175 573 δεῖ
2203 517 2390 589 φέρειν
2412 515 2692 586 γενναίως.
2757 517 2869 571 Καὶ
2895 519 2926 572 ό
2964 517 3086 588 μὲν,
3109 517 3288 571 τοιάδε
3310 517 3502 582 εἰπὼν,
3531 533 3677 589 παρ-

2091 611 2270 681 ῆλθεν.
2329 609 2490 674 Ὦςδέ
2515 609 2688 673 οὐδεὶς
2735 609 3004 679 ἐφαίνετο,
3049 610 3130 680 τῷ
3162 610 3285 664 ποδὶ
3326 612 3554 682 κινήσας
3583 611 3677 664 τὸν

2092 701 2344 772 κείμενον
2379 701 2409 753 ό
2447 699 2639 766 ἑστὼς,
2670 700 2790 770 ἀμα
2822 718 2883 770 γε
2911 703 3149 755 ἐπαινῶν
3190 703 3266 766 ὡς
3315 702 3458 772 μάλα
3489 704 3677 771 σαφῶς

2090 791 2337 845 τεθνάναι
2382 791 2712 862 ἐμιμήσατοο
2738 790 2958 864 Ἔγειρε
3007 793 3230 859 σαυτὸν,
3267 793 3368 863 ἔφη
3391 833 3406 856 ,
3430 795 3528 848 καὶ
3575 795 3677 864 τὴν

2091 883 2304 952 ἡμέραν
2331 884 2395 935 ἐκ
2425 882 2530 936 τῶν
2555 880 2663 934 σῶν
2696 881 2872 936 πόνων
2900 885 2960 936 ἐν
3000 887 3176 955 τρυφῇ
3212 884 3504 954 διάξωμεν,
3522 886 3678 939 Ἐπεὶ

2089 973 2147 1026 δὲ
2193 973 2393 1044 ὁμοίως
2438 973 2635 1034 ἔκειτο,
2692 972 2788 1026 καὶ
2829 975 2980 1028 οὐδὲν
3025 974 3226 1044 μᾶλλον
3265 973 3389 1027 οὔτε
3445 974 3680 1042 βοιῖιντος

2090 1065 2307 1135 ἤκουεν,
2343 1063 2466 1118 οὗτε
2515 1066 2680 1119 παντὶ
2714 1065 2892 1119 σθένει
2929 1064 3206 1128 κινοῦντος
3239 1064 3524 1135 ᾐσθάνετο,
3557 1065 3680 1135 δρο-

2095 1153 2252 1222 μαῖος
2277 1151 2598 1205 καταλαϐὼν
2619 1153 2711 1206 τὸν
2732 1153 2900 1224 ίερέα,
2927 1153 3026 1221 τὴν
3048 1152 3198 1220 σφῶν
3224 1152 3419 1223 τέχνην
3435 1155 3680 1224 κατεμή-

2092 1256 2242 1304 νυσε,
2287 1239 2492 1293 κλαίων
2532 1257 2592 1293 τε
2620 1241 2716 1294 καὶ
2746 1241 2847 1304 τάς
2890 1240 3080 1310 τρίχας
3122 1241 3339 1303 τίλλων,
3385 1241 3555 1296 ἐδεῖτο
3586 1241 3680 1293 τὸν

2093 1330 2306 1397 ἑταῖρον
2332 1329 2734 1394 ἐξανίστασθαι.
2780 1330 2839 1382 ’0
2862 1330 2918 1382 δέ
2953 1329 3286 1397 Ἐπιφάνιος,
3322 1331 3396 1400 μὴ
3428 1330 3680 1400 χαλεπιῖις

2093 1419 2280 1490 φέρειν
2307 1419 2369 1472 τὸ
2401 1421 2615 1491 συμόἀν
2637 1421 2996 1492 παραινέσας,
3025 1420 3323 1490 ἀπέπεμψε
3343 1421 3440 1480 τὸν
3460 1419 3678 1490 ἀνθρωο

2093 1529 2212 1566 πον.
2254 1511 2330 1564 Οὐ
2377 1511 2484 1582 γὰρ
2525 1511 2749 1565 ἀνέλυσε
2793 1510 2854 1564 τὸ
2892 1513 3114 1580 γεγονὸς
3153 1513 3182 1564 ό
3210 1510 3371 1575 Θεόςο
3427 1511 3672 1574 πάντως,

2092 1599 2266 1673 οἶμαι,
2307 1603 2436 1666 τοὺς
2483 1601 2802 1674 ἀνθρώπους
2845 1600 3224 1671 πιστούμενος,
3271 1600 3348 1664 ὥς
3390 1601 3556 1655 αὐτὸν
3587 1600 3682 1654 τὸν

2095 1695 2274 1750 πάντα
2306 1694 2573 1748 ἀκούοντα
2593 1695 2689 1749 καὶ
2716 1693 2997 1767 ἐφορῶντα
3028 1691 3395 1758 ἐξαπατῶσιν,
3426 1693 3476 1745 οἱ
3504 1691 3677 1745 τοιούο

417 1780 512 1836 ille
557 1793 824 1854 perpetuo
869 1785 1106 1856 jaceret,
1144 1797 1198 1842 et
1235 1787 1410 1842 nihilo
1447 1788 1570 1858 plus
1613 1803 1715 1843 nec
1760 1789 1995 1844 claman<

2103 1805 2227 1852 τους
2257 1789 2398 1859 σφᾶς
2431 1789 2558 1860 περῖ
2595 1789 2722 1852 τοὺς
2749 1786 2918 1842 αὐτοῦ
2950 1786 3292 1858 θεράποντας
3311 1785 3662 1857 παρέχοντες.

416 1875 527 1923 tem
558 1873 793 1938 audiret,
824 1890 926 1931 nec
969 1875 1102 1931 totis
1135 1877 1351 1932 viribus
1394 1885 1700 1932 moventem
1739 1879 1991 1945 sentiret,
2033 1879 2251 1934 concito
2273 1893 2442 1934 cursu
2480 1879 2801 1949 episcopum
2833 1888 3163 1961 assecutus,
3225 1877 3483 1931 fraudem
3549 1891 3672 1929 am-

419 1963 612 2020 borum
641 1968 934 2027 confessus
1003 1981 1114 2039 est,
1183 1974 1521 2044 ploransque
1566 1983 1619 2029 et
1677 1975 1866 2032 crines
1907 1976 2198 2042 vellicans,
2267 1977 2462 2030 orabat
2495 1985 2553 2030 ut
2577 1977 2770 2032 socius
2809 1976 2877 2030 ad
2907 1976 3078 2030 vitam
3139 1981 3513 2031 revocaretur.
3581 1971 3686 2026 Ve-

419 2073 540 2111 rum
569 2059 916 2131 Epiphanius
952 2065 1229 2121 hominem
1265 2068 1499 2134 dimisit,
1533 2069 1785 2127 hortatus
1839 2079 1898 2126 nt
1927 2071 1984 2126 id
2024 2071 2170 2142 quod
2203 2071 2480 2127 acciderat
2505 2086 2664 2142 aequo
2735 2073 2920 2126 animo
2967 2070 3155 2126 ferret.
3220 2069 3340 2126 Non
3372 2070 3518 2125 enim
3557 2067 3678 2122 dis-

418 2151 637 2207 solvere
659 2155 834 2210 voluit
866 2155 1011 2212 Dens
1079 2157 1129 2211 id
1162 2159 1308 2228 quod
1364 2160 1571 2216 factum
1611 2163 1790 2217 fuerat
1822 2182 1836 2218 :
1869 2163 2206 2234 persuadere
2233 2163 2464 2218 omnino
2483 2164 2678 2218 volens
2703 2163 3046 2223 hominibus.
3079 2178 3177 2219 eos
3237 2163 3334 2232 qui
3399 2178 3460 2217 se
3519 2161 3663 2213 tales

419 2249 664 2317 praebent
697 2264 825 2322 erga
857 2251 1095 2307 famulos
1120 2253 1315 2323 ipsius,
1357 2255 1459 2326 ipsi
1495 2257 1588 2328 qui
1619 2259 1806 2313 omnia
1837 2259 1990 2313 audit
2026 2273 2092 2313 ac
2130 2258 2300 2323 videt,
2331 2257 2582 2314 fraudem
2602 2269 2832 2315 struere.

982 2341 1140 2398 CAP.
1189 2343 1429 2401 XXVIII.

420 2429 499 2484 De
518 2431 710 2486 Acacio
743 2433 939 2510 Βςνῳω
970 2435 1248 2510 episcopo;
1289 2437 1454 2510 deque
1485 2436 1694 2510 Zenone
1726 2449 1780 2496 et
1807 2439 1992 2510 Aiace,

766 2503 897 2560 piris
936 2503 999 2556 ob
1025 2505 1270 2560 virtutem
1297 2503 1618 2563 illustribus.

495 2652 693 2710 Verum
725 2654 840 2709 hare.
875 2657 1097 2726 quidem
1133 2659 1206 2714 ita
1269 2659 1480 2731 accepi.
1517 2657 1594 2714 Ex
1621 2660 1812 2718 eodem
1863 2671 2000 2719 tem-

417 2758 556 2814 pore
594 2749 828 2803 Aeacius
861 2765 1082 2820 quoque
1108 2750 1256 2808 inter
1299 2753 1591 2822 episcopos
1623 2756 1845 2820 claruit,
1901 2756 2000 2826 qui

416 2837 795 2908 episcopatum
853 2840 1058 2896 Beroea:
1096 2842 1152 2897 in
1187 2842 1348 2916 Syria
1389 2844 1716 2915 jamdudum
1765 2847 2001 2902 admini-

419 2931 654 2984 strabat.
686 2930 758 2986 De
781 2931 886 2986 hoc
917 2934 1090 2988 multa
1114 2936 1254 2990 scitu
1290 2935 1456 3007 digna
1491 2937 1708 2991 narrari
1736 2947 1996 3009 possunt;

419 3019 622 3088 quippe
655 3021 750 3089 qui
781 3023 835 3076 in
877 3026 1183 3080 monastica
1212 3026 1324 3080 vita
1357 3029 1428 3082 ab
1447 3028 1607 3097 321
1668 3030 1890 3085 ineunte
1915 3046 1990 3086 ae-

419 3116 531 3162 tate
558 3109 917 3177 exercitatus,
952 3113 1409 3168 emendatissime
1451 3116 1674 3174 vixerit.
1703 3119 1859 3174 Istud
1901 3127 1990 3173 ta—

418 3217 545 3260 men
594 3199 894 3257 maximum
937 3203 1159 3259 virtutis
1203 3205 1471 3260 indicium
1531 3208 1800 3277 praebuit,
1846 3210 1994 3278 quod

417 3296 736 3365 episCOpale
774 3293 1114 3351 domicilium
1135 3307 1404 3366 perpetuo
1429 3306 1680 3369 apertum
1703 3299 1992 3367 habuerit,

420 3386 495 3440 ita
529 3393 585 3439 ut
616 3388 920 3458 peregrinis
951 3402 1015 3441 ac
1046 3387 1268 3444 civibus
1300 3390 1620 3461 quicunque
1652 3393 1874 3453 vellent,
1911 3393 1995 3448 ci-

418 3478 474 3532 bi
524 3479 688 3534 etiam
723 3494 788 3534 ac
845 3480 1026 3533 somni
1075 3487 1324 3550 tempore
1360 3480 1547 3537 videre
1603 3498 1727 3538 eum
1782 3484 1990 3540 liceret.

419 3567 576 3632 Quod
608 3568 826 3636 quidem
863 3570 1102 3624 maxime
1139 3570 1406 3624 admiror.
1444 3570 1577 3624 Nam
1616 3572 1702 3626 vel
1751 3575 1824 3626 ita
1848 3574 1996 3630 vive-

420 3657 534 3721 bat,
569 3665 627 3708 nt
660 3656 913 3710 ﬁduciam
957 3661 1041 3713 sui
1073 3673 1289 3728 semper
1333 3670 1571 3730 gereret,
1610 3663 1692 3716 vel
1727 3663 1996 3720 adversus

418 3752 632 3798 naturae
693 3745 760 3798 ad
813 3747 1009 3799 vitium
1079 3749 1486 3816 proclivitatem
1535 3763 1658 3803 sese
1695 3753 1995 3815 muniens,

421 3837 561 3892 istud
587 3837 921 3906 excogitavit
961 3855 974 3891 :
1009 3847 1068 3892 ut
1099 3840 1229 3893 dum
1258 3841 1487 3896 assidue
1519 3842 1900 3911 suspicaretur
1938 3858 1998 3898 se

419 3927 824 3998 deprehensum
863 3929 931 3982 iri
963 3931 1032 3984 ab
1060 3930 1126 3984 iis
1161 3930 1255 4000 qui
1285 3945 1354 3984 ex
1397 3930 1699 4000 improviso
1731 3947 1994 4002 superve-

419 4021 621 4087 nirent,
647 4022 939 4077 continuas
966 4022 1233 4078 excubias
1253 4023 1524 4093 agens,ab
1546 4021 1725 4078 ollicio
1739 4039 1840 4080 suo
1855 4041 1998 4083 nun-

418 4127 580 4181 quam
611 4111 926 4169 deﬂeeteret
962 4153 977 4177 ,
1012 4114 1110 4169 sed
1144 4115 1393 4170 honestis
1426 4114 1647 4170 actibus
1676 4130 1894 4187 semper
1917 4118 1999 4172 in-

417 4211 606 4256 tentus
638 4213 807 4258 esset.
853 4203 1112 4259 Celebres
1140 4205 1333 4260 eodem
1379 4214 1631 4277 tempore
1664 4207 1818 4264 (uere
1853 4209 1999 4265 Zeno

416 4303 471 4349 et
505 4294 638 4364 Aiax
671 4295 872 4350 fratres
907 4312 920 4348 :
953 4296 1046 4366 qui
1082 4295 1241 4351 initio
1269 4298 1495 4367 quidem
1552 4315 1658 4355 non
1704 4301 1760 4354 in
1807 4302 2000 4356 solitu-

418 4387 548 4440 dine
597 4387 971 4457 philosophati
1027 4397 1174 4454 sunt,
1233 4391 1328 4444 sed
1370 4391 1426 4444 in
1474 4392 1609 4447 urbe
1657 4391 1802 4448 Gaza
1841 4394 1996 4464 juxta

2677 2349 2930 2403 ΚΕΦΔΛ.
2965 2349 3099 2402 κη’.

2099 2439 2259 2510 Περί
2289 2441 2561 2496 Ἀκακίου
2602 2440 2714 2508 τῆς
2740 2439 3042 2510 Βερῤοίας,
3081 2438 3178 2510 καί
3223 2437 3684 2510 περὶᾼΖήτ-ωτγτς,

2165 2507 2267 2633 ira}
2301 2511 2559 2596 ᾼῖανξος
2591 2507 2906 2579 ἐπισήμων
2936 2508 3172 2577 ἀνδρῶν
3212 2507 3309 2561 καὶ
3351 2507 3689 2574 διαϐοήτων

2198 2594 2243 2633 π
2288 2597 2489 2633 αοετη.

2198 2594 2258 2633 π·
2288 2594 2489 2648 apem.

2182 2667 2342 2721 Ἀλλά
2371 2669 2441 2726 τὰ
2467 2669 2564 2738 μὲν
2609 2662 2711 2724 ὧδε
2742 2667 3042 2738 ἐπυθόμην.
3106 2666 3198 2732 Ἐξ
3246 2667 3455 2720 ἐκείνου
3496 2666 3554 2720 δὲ
3595 2666 3689 2719 καὶ

2117 2760 2368 2822 ’Δκάκιος
2401 2760 2458 2812 ἐν
2491 2758 2811 2822 ἐπισκόποις
2839 2758 3120 2828 διέπρεπε,
3168 2757 3268 2828 ἤδη
3292 2757 3559 2829 πρότερον
3587 2757 3689 2827 τὴν

2101 2851 2159 2903 ἐν
2187 2849 2384 2922 Βεροίᾳ
2415 2849 2516 2918 τῆς
2541 2849 2741 2920 Συρίας
2777 2849 3080 2921 ἐπισκοπὴν
3107 2849 3447 2919 ἐπιτραπείς.
3482 2848 3691 2902 Τούτου

2097 2941 2156 2995 δέ
2194 2941 2340 3005 εἰκὸς
2371 2942 2468 3012 μὲν
2497 2943 2590 2996 καὶ
2629 2941 2764 2996 ἀλλα
2797 2941 3058 3011 φέρεσθαι
3086 2941 3302 3011 γραφῆς
3331 2939 3458 3004 ἀξια
3487 2957 3501 2970 ο
3555 2940 3691 2992 καθὸ

2098 3032 2190 3085 τὸν
2235 3031 2350 3098 βίον
2395 3030 2703 3102 μοναχικῶς
2766 3029 3026 3102 ἀσκηθεὶς
3067 3029 3131 3083 ἐκ
3175 3029 3384 3093 παιδὸς,
3436 3031 3686 3101 ἀκριϐῶς

2099 3119 2498 3174 ἐπολιτεύσατο.
2527 3119 2839 3189 Τεκμήριον
2865 3119 2923 3172 δὲ
2952 3117 3217 3188 μεγίστης
3239 3117 3440 3171 ἔδωκεν
3461 3121 3686 3192 ἀρετῆς,

2099 3209 2252 3279 παρὰ
2283 3210 2458 3263 πάντα
2502 3210 2592 3262 τὸν
2625 3209 2816 3280 χρόνον
2854 3208 2912 3262 τὸ
2943 3209 3299 3262 ἐπισκοπικὸν
3343 3209 3693 3277 καταγώγιον

2096 3301 2440 3371 ἀνεῳγμένον
2485 3299 2654 3369 ἔχων
2687 3299 2764 3362 ὡς
2802 3299 2898 3352 καὶ
2934 3299 3144 3370 τροφῆς
3189 3299 3308 3370 ὥρᾳ
3352 3299 3448 3353 καὶ
3495 3300 3692 3367 ὕπνου,

2095 3391 2266 3454 ἀδεῶς
2295 3387 2378 3454 οἷς
2417 3389 2591 3445 ἐδόκει
2612 3389 2782 3456 ξένοις
2806 3407 2864 3443 τε
2889 3390 2983 3446 καὶ
3013 3390 3194 3454 ἀστοῖς
3215 3389 3378 3444 αὑτὸν
3398 3391 3532 3462 όρᾷν
3555 3391 3690 3462 (84).

2102 3481 2352 3551 Ι’Δγαμαι
2403 3481 2462 3536 δὲ
2508 3480 2666 3535 τοῦτο
2728 3481 3000 3552 μάλισταο
3061 3482 3094 3552 ἢ
3143 3482 3252 3554 γὰρ
3307 3483 3480 3546 οὕτως
3531 3483 3690 3550 ἐϐίω,

2096 3577 2174 3639 ὠς
2228 3577 2318 3630 ἀεὶ
2361 3575 2711 3636 πεποιθέναι,
2751 3575 2784 3644 ἢ
2827 3575 2962 3645 πρὸς
3007 3575 3070 3628 es
3103 3574 3320 3644 ἕτοιμον
3366 3576 3446 3637 είς
3489 3576 3695 3628 κακίαν

2095 3665 2197 3734 τῆς
2245 3665 2460 3733 φύσεως
2507 3663 3080 3734 παρετοιμαζόμενος,
3126 3663 3276 3716 τουτὶ⁵
3359 3663 3690 3732 ἐπενόησεν·

2097 3753 2238 3806 ὥστε
2265 3754 2351 3808 ἀεὶ
2369 3752 2788 3822 φωραθήσεσθαι
2818 3751 3130 3823 προσδοκῶν
3153 3751 3258 3806 ὑπὸ
3287 3751 3398 3804 τῶν
3428 3752 3697 3819 ἐξαπίνης

2098 3843 2396 3908 εἰσιόντων,
2427 3845 2485 3899 ἐν
2529 3846 2595 3914 τῇ
2631 3845 2844 3914 συνεχεῖ
2884 3843 3136 3913 φυλακῇ,
3176 3843 3311 3912 μηδέ
3353 3843 3696 3913 ἁμαρτάνειν

2099 3930 2175 3990 ὧν
2200 3935 2280 3995 δεῖ
2305 3935 2435 4006 (85),
2458 3935 2574 3990 ἀλλ’
2605 3937 2664 3989 ἐν
2693 3935 2999 3998 σπουδαίοις
3039 3931 3179 3988 εἶναι
3207 3935 3552 4004 πράγμασιν.
3598 3935 3692 3986 Ἐν

2097 4025 2155 4079 δέ
2205 4025 2286 4095 τῷ
2330 4025 2453 4079 τότε
2497 4026 2752 4096 ἐπισήμω
2808 4025 2981 4096 ἤστην
3036 4025 3130 4078 καὶ
3183 4025 3366 4095 Ζήνων
3415 4025 3510 4076 καὶ
3558 4023 3696 4085 Αἴας

2101 4117 2318 4185 ἀδελφοί
2335 4135 2348 4149 ο
2367 4118 2416 4171 οἳ
2440 4116 2505 4188 δὴ
2519 4116 2580 4170 τὺ
2599 4116 2726 4186 πρὶν
2755 4116 3128 4187 ἐφιλοσόφουν,
3146 4115 3246 4168 οὐκ
3262 4117 3319 4166 ὲν
3345 4115 3694 4184 μοναγρίαις.

2101 4211 2217 4265 ἀλλ’
2243 4212 2302 4263 ἐν
2348 4209 2494 4280 Γάζῃ
2545 4209 2683 4280 πρὸς
2717 4207 2992 4263 θάλασσαν
3017 4247 3031 4269 ,
3067 4207 3203 4277 ὅπερ
3248 4205 3343 4258 καὶ
3397 4207 3697 4275 Μαῖουμᾶν

2101 4301 2476 4372 ὀνομάζουσιν.
2527 4301 2730 4371 Ἀμφω
2775 4300 2832 4353 δέ
2884 4299 3193 4352 πιστοτάτω
3240 4297 3368 4369 περὶ
3407 4297 3465 4349 τὸ
3517 4297 3695 4364 δόγμα

2101 4393 2413 4464 ἐγενέσθην,
2442 4391 2538 4445 καὶ
2592 4391 2724 4444 Θεὸν
2752 4389 3110 4460 ὡμολόγησαν
3142 4389 3400 4459 ἀνδρείως
3437 4404 3448 4416 ·
3485 4388 3563 4449 ὡς
3597 4387 3694 4438 καὶ

421 4492 612 4543 mare;
639 4478 731 4547 qui
763 4479 919 4532 locus
944 4480 1108 4533 etiam
1148 4479 1383 4551 Majuma
1419 4491 1669 4537 vocatur.
1721 4485 1994 4544 Caeterum

2105 4485 2362 4550 πολλάκις
2385 4485 2522 4556 πρὸς
2553 4484 2660 4537 τῶν
2708 4481 3068 4553 Ἑλληνιστῶν
3094 4481 3402 4556 αἰκισθῆναι
3437 4479 3695 4549 χαλεπῶς

419 4567 582 4618 ambo
619 4569 908 4625 catholicae
949 4570 1072 4627 fidei
1131 4583 1442 4629 assertores
1498 4576 1760 4631 acerrimi
1802 4578 1956 4636 fuere
1981 4620 1996 4644 ,

422 4654 701 4726 Deumque
748 4659 872 4716 forti
905 4664 1092 4718 animo
1131 4664 1372 4721 confessi
1429 4675 1589 4730 sunt,
1648 4669 1784 4724 adeo
1820 4681 1878 4726 ut
1899 4687 2003 4726 sai-

417 4761 718 4815 penumcro
775 4770 804 4807 ιι
857 4756 1085 4827 paganis
1137 4758 1470 4826 gravissime
1518 4768 1569 4814 et
1619 4761 2002 4819 crudelissime

2100 4578 2239 4644 ἄγαν
2271 4576 2364 4632 atat
2386 4576 2610 4646 ἀπηνῶς
2639 4575 2772 4645 (86).
2800 4575 3032 4643 Λέγεται
3060 4574 3116 4630 δὲ
3147 4574 3350 4628 Αἴαντα
3380 4573 3564 4642 γῆμαι
3591 4571 3696 4653 μὲν

2101 4667 2476 4738 εὐειδεστάτην
2504 4667 2764 4737 γυναῖκα’
2788 4666 2968 4736 τρίτον
2987 4665 3044 4719 δὲ
3069 4665 3227 4734 μόνον
3248 4665 3384 4734 αὑτῇ
3417 4662 3694 4715 συνελθεῖν

2101 4758 2160 4812 ἐν
2199 4758 2362 4813 παντὶ
2405 4757 2483 4829 τῷ
2535 4757 2731 4828 χρόνῳ,
2757 4756 2850 4813 καὶ
2893 4758 3043 4827 τρεῖς
3088 4756 3284 4820 παῖδας
3331 4756 3577 4826 ποιῆσαι.
3617 4753 3694 4807 τὸ

1629 4930 1895 4986 VALESII
1936 4930 2490 4987 ANNOTATIONES.

488 5060 602 5138 (δί)
652 5063 860 5138 Ξένοις
910 5080 974 5138 τε
1020 5067 1119 5138 καὶ
1166 5069 1376 5133 ἀστοῖς
1421 5070 1606 5124 αὑτὸν
1656 5069 1827 5138 όρᾷν.
1882 5069 2001 5126 Non

415 5133 608 5205 dubito
641 5135 775 5201 quin
819 5135 1172 5190 scribendum
1211 5139 1284 5191 sit
1322 5139 1508 5202 ξένους
1535 5157 1594 5192 τε
1645 5133 1747 5193 καί
1778 5141 1998 5205 ἀστούς.

417 5203 472 5257 Id
503 5203 652 5257 enim
687 5205 768 5256 lex
802 5207 1160 5275 grammatica
1202 5209 1481 5275 postulat;
1531 5221 1697 5275 atque
1745 5210 1817 5264 ita
1864 5203 2002 5266 seri-

418 5282 572 5348 ptn_m
601 5275 765 5348 habet
792 5273 1166 5348 Nicephorus.
1201 5273 1416 5348 Alioqui
1461 5273 1828 5348 supplendum
1855 5290 2002 5336 esset

417 5343 643 5398 verbum
697 5345 915 5410 ἐξεῖναι.
980 5343 1152 5398 Porro
1217 5343 1687 5408 notandum'est,
1747 5351 1998 5405 eumdem

416 5429 639 5482 quoque
677 5430 884 5469 morem
931 5415 998 5466 ab
1031 5415 1325 5470 Ambrosio
1359 5427 1637 5471 servatum
1689 5417 1890 5482 fuisse,
1943 5429 2002 5473 ut

417 5491 657 5555 testatur
732 5489 1075 5555 Augustinus
1159 5487 1212 5539 in
1285 5487 1376 5540 lib.
1435 5502 1487 5539 v1
1551 5485 1990 5555 Confessionum,

417 5554 623 5625 cap._3‘,
653 5555 737 5608 his
759 5554 944 5610 veihis
977 5573 989 5608 :
1025 5557 1175 5625 Sarpe
1205 5573 1321 5609 cum
1349 5554 1692 5611 adessemus:
1723 5574 1825 5610 non
1853 5561 1990 5612 enim

418 5622 694 5696 vetabatur
721 5627 1000 5696 quisquam
1041 5622 1245 5695 ingredi
1269 5667 1283 5689 ,
1320 5637 1410 5680 aut
1443 5629 1490 5680 ei
1537 5629 1820 5682 venientem
1859 5647 1994 5683 mm—

421 5693 550 5744 tiari
581 5709 690 5748 mos
722 5693 866 5762 erat;
894 5699 969 5752 sic
991 5693 1113 5754 cuni
1139 5698 1387 5770 legentem
1423 5700 1646 5754 vidimus
1673 5701 1852 5768 tacite,
1884 5710 1988 5757 etc.

2173 5069 2286 5137 (85)
2331 5067 2498 5136 Μηδὲ
2531 5066 2894 5137 ἁμαρτᾴνειν
2928 5060 3017 5120 ὧν
3051 5066 3160 5137 ῥεῖ.
3213 5065 3398 5137 Malim
3446 5067 3692 5122 scribere

2106 5135 2273 5209 μηδὲν
2315 5135 2672 5209 ἁμαρτάνειν.
2723 5136 2776 5209 In
2822 5139 3018 5209 codice
3060 5135 3370 5209 Fuketiano
3420 5139 3686 5209 scriptum

2103 5205 2187 5265 est
2223 5225 2316 5277 per
2341 5205 2623 5280 apocopen
2651 5206 2775 5280 μηδ’
2807 5207 3162 5280 ἁμαρτάνειν.
3207 5205 3308 5260 llic
3337 5215 3424 5261 est
3453 5207 3689 5280 gt-acius

2101 5281 2195 5349 qui
2223 5274 2545 5334 inimicitias
2578 5274 2751 5346 geésit
2803 5274 3069 5349 adversus
3105 5274 3374 5349 Joannem
3428 5276 3685 5349 -Cll_f}'§0-

2100 5344 2360 5410 stomum,
2408 5358 2462 5402 et
2501 5344 2663 5416 quem
2715 5361 2777 5399 ea
2829 5347 2897 5400 dc
2941 5362 3104 5401 causa
3145 5345 3466 5415 perstringit
3510 5344 3684 5399 Palla-

2101 5421 2226 5474 dius
2256 5419 2310 5472 in
2343 5415 2572 5485 Dialogo
2603 5416 2666 5470 de
2697 5417 2804 5468 vita
2838 5416 3062 5471 Joannis
3095 5415 3481 5485 Chrysostomi.

2174 5491 2286 5556 (86)
2321 5484 2605 5549 Χαλεπῶς
2642 5485 2797 5554 ἄγαν
2849 5487 2946 5538 καὶ
3001 5484 3268 5552 ἀπηνῶς.
3304 5484 3441 5539 Tres
3485 5485 3689 5538 ultima

2102 5555 2266 5614 voces
2312 5559 2517 5612 desunt
2551 5559 2607 5610 in
2655 5555 2849 5610 codice
2890 5555 3209 5617 Fuketiano,
3257 5564 3309 5610 et
3352 5563 3502 5610 totus
3536 5556 3688 5608 locus

2103 5632 2175 5682 ita
2216 5628 2476 5683 scribitur
2513 5643 2527 5678 :
2569 5625 2707 5696 Πρὸς
2733 5624 2839 5679 τῶν
2883 5626 3237 5698 Ἑλληνιστῶν
3272 5625 3522 5698 χαλεπῶς
3549 5628 3687 5678 αἰκι-

2105 5699 2313 5772 σθῆναμ
