4054 6188
357 213 498 279 150⁸3

1375 203 1699 262 HISTORIA
1740 201 2291 263 ECCLESIASTICA.
2316 231 2378 245 -
2413 202 2541 261 LIB.
2575 202 2712 260 Vlli.

3477 209 3614 266 1510

363 324 500 383 νὼς’
543 320 608 372 ἐκ
662 315 862 372 τούτων
902 316 957 372 δὲ
1011 316 1142 370 δέκα
1191 315 1282 368 καὶ
1327 315 1387 381 ἒξ
1441 317 1782 375 ἐϐασίλευσε.
1832 319 1941 374 Καὶ

2050 323 2212 372 natus
2245 316 2370 386 plus
2406 316 2592 371 minus
2625 323 2915 386 sexaginta
2947 335 2958 371 :
2988 333 3053 374 ex
3085 321 3288 391 quibus
3323 321 3614 393 imperavit

360 409 634 480 διαδόχους
664 409 920 463 κατέλιπε
969 407 1067 477 τῆς
1119 406 1329 478 ἀρχῆς,
1372 409 1654 478 Ἀρκάδιον
1697 411 1795 482 μὲν
1845 411 1934 466 τὸν

364 501 630 573 πρεσϐύτε
642 517 730 570 ρον
759 498 864 552 τῶν
885 497 1065 561 υἱέων,
1086 499 1194 552 τῶν
1220 499 1357 569 πρὸς
1381 500 1497 554 Ἕω
1527 501 1696 555 ὲθνῶν
1714 519 1728 532 ο
1767 501 1933 555 Ὀνώ⁶

366 609 478 658 ριον
514 592 570 644 δὲ
593 631 607 652 ,
637 590 743 643 τῶν
772 588 907 658 πρὸς
946 589 1216 660 Ἑσπέραν
1240 607 1254 622 ·
1311 593 1480 661 ἄμφω
1527 593 1583 646 δὲ
1636 593 1936 664 ὁμόφρονες

363 685 440 754 τῷ
499 683 664 753 πατρὶ
709 681 838 753 περὶ
884 681 984 752 τὴν
1033 681 1330 752 θρησκείαν
1366 683 1678 754 ἐγενέσθην.
1723 685 1937 752 Ἠγεττο

362 775 418 826 δὲ
461 773 580 825 τότε
633 771 731 839 τῆς
789 770 1078 841 Ῥωμαίων
1119 771 1443 841 Ἐκκλησίας
1489 773 1626 844 μετὰ
1662 775 1934 844 Δάμασον,

365 863 599 932 Σιρίκιος
623 879 636 891 ·
661 862 762 931 τῆς
801 861 858 914 δὲ
891 862 947 912 ἐν
974 863 1540 915 Κωνσταντινουπόλει
1560 902 1574 926 ,
1599 863 1902 934 Νεκτάριος
1918 879 1934 894 ·

361 952 618 1021 Θεόφιλος
667 952 755 1017 δὲ,
805 953 903 1023 τῆς
941 954 999 1005 ὲν
1053 953 1462 1024 Ἀλεξανδρείᾳ*
1511 955 1606 1007 καὶ
1643 954 1938 1018 Φλαϐιανὸς

363 1046 459 1114 τῆς
503 1045 818 1114 Ἀντιοχέων
851 1059 864 1074 ⁸
920 1045 1016 1098 καὶ
1078 1046 1334 1116 Ἰωάννης
1379 1045 1480 1113 τῆς
1532 1044 1933 1116 Ἱεροσολύμων.

375 1137 462 1188 ‘E-a
496 1136 666 1206 τούτῳ
694 1138 750 1190 δὲ
777 1129 966 1190 οὖννοι
995 1137 1022 1174 δ
1055 1137 1322 1209 βάρϐαροι
1366 1139 1656 1208 Ἀρμενίας
1692 1138 1789 1192 καὶ
1839 1139 1938 1209 τῆς

366 1229 502 1300 πρὸς
534 1230 649 1282 Ἕω
671 1229 978 1300 ἀρχομένης
1006 1231 1144 1301 μέρη
1168 1233 1288 1285 τινὰ
1319 1231 1675 1302 κατέδραμον.
1694 1230 1941 1299 Ἐλέγετο

363 1320 420 1372 δὲ
443 1319 516 1384 ὼς
551 1319 725 1390 λάθρα
745 1319 965 1384 τούτους
993 1321 1306 1392 ἐπηγάγετο
1335 1323 1428 1376 ἐπὶ
1457 1324 1670 1393 ταραχῇ
1709 1321 1810 1392 τῆς
1844 1319 1940 1391 βα-

293 1459 299 1469 ,
368 1411 570 1475 σιλείας
611 1413 721 1481 (95)
766 1412 1069 1480 Ῥουφῖνος,
1113 1415 1142 1465 ό
1184 1417 1285 1485 τῆς
1337 1414 1624 1484 Ἀνατολῆς
1674 1412 1937 1484 ὕπαρχος,

367 1500 607 1565 ὕποπτος
640 1501 716 1555 ὢν
743 1504 834 1556 καὶ
863 1503 1066 1568 άλλως,
1100 1503 1175 1568 ὡς
1206 1507 1486 1575 τυραννεῖν
1516 1504 1782 1576 βούλεται.
1801 1503 1939 1557 Ἀλλ’

366 1596 394 1648 ό
426 1593 523 1663 μὲν
555 1594 649 1646 ὲπὶ
681 1594 901 1666 τοιαὲτῃ
949 1595 1097 1666 αἰτίᾳ
1137 1595 1236 1649 οὐκ
1279 1597 1360 1660 είς
1414 1595 1631 1667 μακρὰν
1677 1595 1937 1669 ἀνῃρέθη.

2039 407 2345 464 sexdecim.
2401 406 2802 463 Successorem
2851 424 2984 464 vero
3012 412 3233 481 imperii
3269 413 3520 484 reliquit,
3556 413 3615 468 in

2036 497 2284 554 Orientis
2309 499 2536 570 quidem
2585 500 2858 568 partibus,
2898 501 3197 557 Arcadium
3256 504 3428 560 filium
3482 515 3616 560 natu

2037 585 2305 655 majorem
2357 604 2372 642 :
2431 587 2488 642 in
2544 584 2842 643 Occidente
2888 597 3072 645 autem
3136 589 3468 657 Honorium,
3521 594 3618 663 qui

2023 679 2264 748 quidem
2305 679 2470 757 a_mbo
2498 680 2748 736 eamdem
2782 697 2906 736 cum
2943 689 3106 752 patre
3144 682 3272 737 fidei
3307 683 3618 738 doctrinam

2037 770 2214 825 secuti
2249 779 2398 824 sunt.
2434 769 2676 826 Praeerat
2705 781 2842 829 tunc
2868 773 3159 844 temporis,
3202 773 3472 829 Ecclesiae
3497 775 3621 844 qui-

2038 859 2163 916 dem
2213 860 2473 915 Romana:
2505 870 2630 931 post
2663 862 2961 920 Damasum
3013 863 3255 919 Siricius
3298 883 3312 918 :
3345 863 3622 920 Constan-

2039 951 2419 1021 tinopolitanaa
2448 970 2578 1009 vero
2607 952 2900 1010 Nectarius
2925 973 2940 1022 ;
2969 954 3405 1010 Alexandrinam
3433 964 3619 1009 autem

2042 1041 2351 1099 Ecclesiam
2407 1043 2750 1116 TheOphilus
2814 1046 3164 1117 gubernabat
3227 1064 3240 1100 :
3308 1046 3622 1101 Antiochiae

2040 1132 2364 1200 Flavianus,
2413 1134 2662 1193 Joannes
2709 1153 2841 1194 vero
2883 1136 3284 1208 Ilierosolymis
3335 1137 3623 1207 episcopa-

2042 1232 2156 1279 tum
2207 1226 2492 1296 gerebant.
2551 1227 2654 1282 Per
2704 1229 2846 1284 idem
2891 1236 3109 1298 tempus
3180 1227 3365 1282 Hunni
3403 1228 3620 1282 barbari

2041 1315 2361 1371 Armeniam
2403 1325 2458 1372 et
2485 1318 2624 1374 alias
2658 1319 2918 1391 regiones
2945 1317 3251 1375 Orientalis
3282 1319 3500 1388 imperii
3533 1319 3625 1374 de-

2042 1415 2349 1464 vastarunt.
2421 1407 2730 1466 Dicebatur
2793 1417 2979 1465 autem
3035 1408 3268 1466 Rufinus
3323 1407 3624 1480 praefectus

2044 1499 2307 1569 praetorio
2352 1514 2450 1570 per
2498 1499 2782 1557 Orientem
2855 1516 2954 1558 eos
2993 1501 3312 1556 clanculum
3362 1514 3625 1557 evocasse

2043 1589 2113 1643 ad
2149 1590 2594 1659 perturbandum
2627 1591 2847 1661 imperii
2878 1597 3086 1645 statum
3120 1589 3368 1659 :quippe
3405 1590 3500 1659 qui
3542 1588 3628 1642 af-

368 1658 519 1755 Ἀμα
553 1687 660 1756 γὰρ
705 1686 769 1739 ἐκ
801 1658 901 1756 τῆς
939 1658 1082 1740 κατά
1113 1658 1372 1756 Εὑγενίου
1414 1658 1594 1758 μάχης
1642 1658 1942 1759 ὲπανῆλθεν

2050 1658 2263 1735 fectata:
2324 1681 2640 1750 tyrannidis
2689 1658 2991 1750 suspectus
3055 1658 3223 1735 esset.
3263 1658 3476 1734 iVerum
3536 1678 3626 1732 hic

368 1780 401 1848 η
434 1778 695 1848 στρατιά,
725 1778 817 1832 καὶ
847 1778 877 1830 ὁ
903 1778 1177 1848 βασιλεὺς,
1203 1779 1278 1842 ὡς
1325 1779 1482 1844 ἔθος,
1518 1779 1624 1851 πρὸ
1658 1779 1759 1848 τῆς
1791 1779 1945 1832 Κων-

369 1859 859 1932 σταντινουπόλεως
914 1870 1180 1940 ὑπήντετο
1203 1910 1220 1933 ,
1274 1871 1441 1940 μηδὲν
1493 1870 1860 1941 μελλήσαντες
1894 1870 1944 1923 oi

369 1959 698 2028 στρατιῶται
747 1959 838 2012 τὸν
888 1959 1166 2028 Ῥουφῖνον
1208 1961 1556 2015 ἀπέκτειναν.
1602 1963 1842 2032 Ἐγίνετο
1886 1963 1945 2017 δὲ

370 2051 464 2103 καὶ
500 2049 670 2118 ταῦτα
701 2050 969 2118 πρόφασις
1010 2050 1090 2103 ἔτι
1132 2051 1330 2120 μᾶλλον
1359 2052 1650 2106 ἐπιδιδόναι
1679 2054 1778 2125 τὴν
1811 2055 1945 2126 θρη-

375 2140 580 2193 σκείαν.
606 2139 673 2191 Οἵ
693 2155 753 2190 τε
783 2139 891 2209 γὰρ
919 2139 1241 2208 κρατοῦντες
1268 2140 1373 2193 ὑπὸ
1408 2142 1690 2208 εὐσεϐείας
1718 2145 1946 2216 ἡγοῦντο

370 2229 447 2299 τῷ
484 2230 666 2300 οἰκείῳ
690 2230 857 2299 πατρὶ
890 2229 987 2293 τὰς
1019 2229 1159 2285 κατὰ
1198 2231 1307 2285 τῶν
1331 2233 1610 2305 τυράννων
1649 2235 1946 2307 κατορθοῦ-

373 2319 497 2372 σθαι
526 2318 680 2383 νίκας
705 2357 720 2383 ,
755 2319 848 2371 καὶ
882 2318 1160 2388 Ῥουφῖνον
1187 2322 1470 2377 ἐπίϐουλον
1495 2325 1623 2378 ὄντα
1645 2325 1740 2396 τῆς
1767 2326 1945 2380 αὐτῶν

370 2411 579 2482 ἀρχῆς,
613 2409 856 2464 ἐκποδὼν
888 2410 1060 2475 οὕτως
1092 2412 1300 2468 ἀκονιτὶ
1337 2416 1686 2485 γεγενῆσθαι.
1721 2419 1829 2472 Καὶ
1860 2419 1948 2473 διὰ

372 2502 531 2556 τοῦτο
558 2502 625 2556 τὰ
658 2501 956 2572 δεδογμένα
987 2506 1101 2567 τοῖς
1135 2505 1264 2576 πρὶν
1313 2506 1622 2576 βασιλεῦσιν
1660 2509 1798 2580 ὑπὲρ
1839 2509 1947 2563 τῶν

384 2593 739 2662 Ἑκκλησιῶν,
774 2593 1181 2666 προθυμότερον
1212 2595 1404 2666 βέϐαια
1426 2597 1786 2666 ἐφυλάττοντο
1809 2601 1944 2670 (94),

373 2686 468 2740 καὶ
499 2685 707 2756 δωρεάς
743 2685 880 2749 ίδίας
910 2686 1321 2757 προσετίθεσαν.
1351 2689 1418 2742 Οἵ
1443 2706 1501 2742 τε
1551 2690 1778 2761 ὑπήκοοι
1815 2691 1948 2762 πρὸς

371 2776 592 2840 τούτους
622 2776 946 2846 βλέποντες,
1005 2778 1266 2848 Ἕλληνες
1308 2779 1406 2848 μὲν
1471 2780 1667 2851 ῥᾳδίως
1709 2782 1788 2845 είς
1816 2783 1950 2852 Χρι-

375 2869 690 2940 στιανισμδν
724 2869 1020 2941 μετέϐαλον
1043 2889 1056 2902 ·
1084 2873 1348 2942 αίρετικοὶ
1383 2871 1441 2925 δὲ
1468 2875 1533 2942 τῇ
1559 2871 1787 2926 καθόλου
1826 2874 1950 2928 Ἐκ-

2043 1770 2266 1842 quidem
2299 1785 2422 1827 eam
2449 1772 2521 1828 ob
2549 1786 2776 1829 causam
2813 1787 2923 1826 nou
2962 1773 3036 1826 ita
3067 1772 3240 1826 multa
3275 1778 3400 1841 post
3453 1770 3628 1824 truci-

2044 1863 2210 1918 datus
2238 1871 2345 1919 est.
2379 1862 2517 1918 Nam
2555 1879 2682 1918 cum
2717 1865 2998 1918 exercitus
3051 1878 3117 1917 ex
3167 1863 3312 1917 bello
3363 1861 3628 1916 adversus

2045 1951 2352 2022 Eugenium
2390 1967 2651 2008 reversus
2671 1960 2855 2016 esset,
2890 1962 2947 2005 et
2982 1953 3308 2021 imperator,
3356 1961 3414 2005 ut
3457 1950 3627 2005 moris

2044 2052 2176 2110 est,
2215 2053 2374 2098 extra
2424 2044 2618 2099 urbem
2675 2042 3348 2118 Constantinopolitanam
3407 2041 3628 2096 obviam

2045 2134 2097 2193 ei
2134 2134 2495 2200 occurrisset,
2534 2133 2739 2190 milites
2772 2133 2915 2188 nihil
2959 2133 3205 2201 cunctati
3254 2131 3508 2187 Ruﬁnum
3538 2131 3629 2185 in-

2046 2225 2408 2282 terfecerunt.
2469 2223 2648 2280 Porro
2708 2241 2775 2280 ex
2869 2225 2973 2278 hac
3033 2223 3380 2289 occasione,
3443 2223 3630 2293 religio

2046 2316 2212 2388 324
2248 2317 2568 2371 Christiana
2605 2316 2788 2371 adhuc
2825 2315 3006 2385 majus
3041 2318 3440 2369 incrementum
3476 2328 3632 2367 acce-

2046 2409 2148 2479 pit.
2211 2406 2304 2462 Sic
2341 2408 2490 2462 enim
2527 2407 2889 2476 imperatores
2941 2420 3272 2475 persuasum
3331 2404 3629 2467 habebant,

2049 2500 2238 2571 pietati
2267 2499 2655 2554 ascribendum
2699 2514 2850 2562 esse,
2888 2499 3036 2569 quod
3073 2507 3127 2553 et
3151 2508 3307 2569 pater
3376 2495 3629 2566 ipsorum

2049 2591 2339 2646 victoriam
2380 2590 2449 2644 de
2478 2590 2733 2661 tyrannis
2762 2598 3103 2661 reportasset
3133 2632 3148 2655 ,
3177 2598 3231 2643 et
3275 2589 3423 2658 quod
3459 2587 3626 2641 Rufi-

2050 2697 2178 2748 nus,
2218 2682 2315 2752 qui
2347 2683 2594 2752 ipsorum
2628 2682 2863 2752 imperio
2886 2681 3286 2743 insidiabatur,
3321 2689 3434 2735 tam
3466 2680 3633 2736 facile

2058 2774 2376 2830 exstinctus
2406 2774 2622 2828 fuisset.
2659 2774 2842 2842 Atque
2873 2771 3081 2826 idcirco
3115 2788 3178 2828 ea
3228 2788 3348 2842 quae
3393 2789 3424 2826 a
3469 2788 3634 2842 supe-

2053 2864 2296 2918 rioribus
2331 2863 2678 2933 principibus
2712 2879 2811 2933 pro
2853 2862 3226 2918 Ecclesiarum
3251 2865 3488 2920 utilitate
3531 2863 3631 2920 de-

374 2959 572 3032 κλησίᾳ
607 2957 1007 3030 προσεχώρουν.
1058 2961 1123 3014 Ui
1176 2960 1233 3013 δὲ
1283 2961 1392 3015 άπὸ
1439 2962 1540 3033 τῆς
1595 2963 1804 3033 Ἀρείου
1859 2967 1949 3018 καὶ

2054 2963 2206 3010 creta
2265 2954 2520 3021 fuerant,
2565 2955 2927 3026 propensiore
2982 2956 3168 3010 animo
3197 2955 3632 3022 confirmarunt,

375 3049 641 3120 Εὐνομίου
709 3049 970 3120 αἱρέσεως
999 3090 1014 3114 ,
1071 3051 1166 3104 καὶ
1232 3051 1312 3104 ὅτι
1387 3052 1522 3122 πρὸς
1580 3054 1721 3122 σφᾶς
1779 3055 1952 3126 ὲδιχοο

375 3143 528 3196 νόουν
560 3141 672 3212 (95)
721 3142 810 3196 διά
853 3144 952 3206 τὰς
999 3140 1234 3212 πρόσθεν
1263 3141 1559 3212 εἰρημένας
1589 3141 1769 3206 αἰτίας
1789 3183 1804 3207 ,
1832 3143 1952 3196 ἑκά-

377 3252 532 3288 στοτε
573 3233 870 3307 ὲμειοῦντο.
899 3232 1089 3286 Πολλοὶ
1134 3233 1242 3305 γὰρ
1281 3236 1346 3286 ὲκ
1374 3234 1473 3303 τῆς
1514 3234 1651 3305 πρὸς
1689 3234 1952 3306 ἀλλήλους

378 3329 779 3399 ἐναντιότητος,
809 3327 909 3381 οὐκ
940 3325 1117 3398 ὀρθῶς
1154 3325 1352 3388 αὐτοὺς
1390 3324 1518 3396 περὶ
1546 3325 1680 3378 Θεοῦ
1709 3325 1952 3391 δοξάζειν

379 3413 659 3484 ἐνόμιζον,
692 3415 788 3469 καὶ
834 3415 972 3486 πρὸς
1014 3417 1147 3479 ,τοὺς
1197 3413 1482 3484 ὁμοδόξους
1531 3417 1642 3478 τοῖς
1692 3417 1955 3486 κρατοῦσι

379 3506 738 3576 μετετίθεντο.
757 3507 894 3571 Τοὺς
921 3508 978 3561 δὲ
1011 3509 1067 3560 ἐν
1095 3506 1657 3561 Κωνσταντινουπόλει
1679 3507 1745 3560 τὰ
1768 3509 1956 3562 Μακε-

378 3595 554 3649 δονίου
608 3595 939 3668 φρονοῦντας
990 3597 1224 3650 ἔϐλαπτε
1270 3597 1391 3650 κατ’
1419 3599 1594 3650 ἐκεῖνο
1638 3597 1830 3668 καιροῦ
1877 3597 1954 3668 μὴ

379 3688 522 3757 ἔχειν
563 3689 875 3743 ἐπίσκοπον.
927 3689 1043 3758 Ἀφ’
1071 3682 1132 3743 οὗ
1176 3688 1286 3759 γὰρ
1317 3688 1408 3741 ἐπὶ
1440 3687 1540 3757 τῆς
1575 3688 1953 3742 Κωνσταντίου

381 3779 657 3850 βασιλείας
708 3781 860 3852 παρὰ
894 3780 1146 3846 Εὐδοξίου
1192 3781 1286 3835 καὶ
1322 3780 1429 3833 τῶν
1466 3778 1604 3850 ἀμφ’
1637 3779 1799 3834 αὑτὸν
1853 3779 1953 3844 τὰς

381 3871 677 3942 ἐκκλησίας
738 3872 1123 3944 ἀφῃρέθησαν,
1177 3871 1282 3926 ὑπὸ
1328 3871 1511 3942 μόνοις
1561 3869 1952 3942 πρεσϐυτέροις

457 4055 471 4085 ¹
513 4052 812 4117 Socr.,lib.
837 4068 888 4116 v,
913 4065 1034 4121 cap.
1070 4051 1122 4108 l.

2056 3057 2109 3102 et
2137 3047 2360 3117 propria
2389 3047 2492 3117 ipsi
2519 3047 2666 3103 dona
2706 3061 2772 3102 ac
2799 3047 3066 3103 beneficia
3103 3045 3454 3116 adjecerunt.
3492 3046 3633 3102 Sub-

2058 3137 2164 3192 diti
2193 3151 2324 3192 vero
2350 3138 2420 3192 ad
2454 3139 2770 3207 principqu
2818 3139 3129 3208 exemplum
3160 3154 3282 3193 sese
3311 3137 3634 3202 formantes,
3741 3169 3747 3179 ι

2058 3229 2258 3300 pagani
2291 3230 2512 3299 quidem
2555 3230 2626 3284 ad
2671 3229 3042 3286 Christianam
3091 3230 3418 3301 religionem
3478 3230 3639 3287 facile

2058 3323 2410 3387 transibant,
2453 3323 2705 3380 haeretici
2763 3339 2896 3379 vero
2948 3324 3013 3378 ad
3061 3321 3367 3379 Eeclesiam
3403 3325 3638 3380 catholi-

2059 3429 2180 3470 cam
2200 3430 2322 3470 sese
2358 3414 2754 3484 adiungebant.
2783 3416 2974 3469 Ariani
3005 3424 3190 3471 autem
3219 3425 3275 3471 et
3309 3414 3636 3471 Eunomiani

2056 3505 2320 3574 quoniam
2357 3505 2503 3560 inter
2538 3506 2756 3573 seipsos
2780 3504 3128 3560 dissidebant
3157 3506 3229 3560 ob
3257 3520 3462 3560 causas
3498 3522 3637 3576 quas

2057 3608 2227 3662 supra
2257 3594 2720 3658 commemoravi,
2751 3595 2804 3663 in
2834 3595 2956 3651 dies
2989 3597 3163 3666 magis
3220 3597 3504 3667 magisque
3534 3599 3638 3652 im-

2057 3685 2472 3741 minuebantur.
2502 3686 2578 3741 Ex
2614 3697 2808 3743 mutua
2836 3690 2984 3744 enim
3037 3691 3182 3746 inter
3226 3691 3374 3761 ipsos
3421 3691 3638 3748 discor-

2061 3779 2179 3844 dia,
2220 3779 2378 3834 multi
2404 3795 2501 3837 eos
2529 3797 2638 3836 nou
2673 3793 2821 3837 recte
2842 3783 2909 3838 de
2940 3783 3048 3840 Deo
3073 3785 3636 3857 sentirejudicabant,

2060 3880 2116 3927 et
2156 3871 2225 3927 ad
2258 3872 2406 3940 illos,
2474 3874 2568 3944 qui
2601 3873 2844 3945 ejusdem
2876 3890 3002 3931 cum
3057 3875 3486 3948 imperatoribus
3517 3880 3639 3934 fidei

1521 4203 1793 4261 VALESII
1831 4201 2394 4263 ANNO'I'ATlONES.

456 4343 597 4417 (95)Δ
619 4341 745 4396 Ἐπί
777 4341 849 4417 τῇ
877 4341 1038 4417 ἀρχῇ
1060 4341 1171 4417 τῆς
1202 4340 1547 4417 βασιλείας.
1584 4336 1744 4417 Hunc
1773 4340 1949 4417 locum

2061 4339 2331 4417 suspicari
2378 4341 2534 4417 ιιιιίιιΔ
2561 4341 2776 4412 possit,
2825 4341 3334 4417 hanc_ca_lumniam
3377 4343 3643 4402 adversus

386 4409 601 4468 correxi
629 4428 693 4466 ex
722 4409 923 4469 codice
943 4409 1246 4467 Fuﬁketiauo
1270 4453 1286 4483 _.
1338 4413 1391 4483 in
1425 4427 1536 4483 quo
1570 4410 1786 4483 diserte
1809 4409 1954 4483 scri-

389 4493 537 4552 ptum
559 4493 644 4536 est
663 4484 754 4535 ἐπὶ
780 4486 992 4554 ταραχῇ
1021 4483 1117 4552 τῆς
1143 4477 1643 4554 βασιλείαςξξοιξιο
1661 4481 1726 4534 dc
1744 4477 1958 4554 llunnis

385 4550 453 4606 ad
485 4554 783 4607 vastandas
809 4550 1048 4608 orientis
1076 4550 1387 4622 provincias
1412 4568 1440 4606 a
1470 4551 1666 4604 Rufino
1717 4550 1959 4622 evocatis

387 4623 580 4677 si'ribit
612 4624 778 4676 etiam
808 4619 1146 4678 Claudianus
1180 4625 1232 4677 in
1273 4624 1414 4677 libro
1443 4637 1480 4675 ιι
1514 4622 1776 4676 Adversus
1815 4619 1961 4688 Ruﬁ-

387 4709 533 4746 num.
609 4693 864 4760 Ejusdem
941 4694 1264 4762 irruptionis
1325 4691 1648 4762 Hunnorum
1711 4691 1961 4762 meminit

388 4766 582 4817 beatus
617 4759 979 4833 Hieronymus
1010 4759 1075 4816 in
1098 4761 1382 4833 Epitaphio
1421 4760 1681 4833 Fabiolae.
1736 4759 1959 4833 Exquo

385 4834 653 4886 discimus
681 4848 800 4886 eam
823 4830 1156 4901 contigisse
1187 4830 1425 4886 Areadio
1459 4847 1517 4885 ιιι
1550 4840 1600 4886 et
1638 4830 1881 4883 IIonorio
1912 4847 1950 4884 ιι

387 4903 743 4967 consulibus,
787 4918 931 4958 anno
961 4904 1091 4958 Chr.
1132 4903 1272 4967 594,
1318 4902 1447 4956 dum
1483 4903 1766 4956 Romanus
1799 4915 1958 4954 excr-

388 4973 532 5026 citus
559 4972 614 5026 in
651 4974 800 5026 italia
833 4973 1067 5038 abesset,
1101 4973 1243 5027 bello
1263 4973 1409 5027 civili
1436 4980 1625 5027 contra
1653 4969 1953 5038 Eugenium

388 5051 709 5110 occupatus.
774 5041 947 5108 Quam
999 5043 1462 5112 opportunitatem
1532 5041 1677 5112 nacti
1752 5039 1957 5112 Hunni,

394 5109 694 5165 Romanum
729 5112 954 5166 limitem
981 5109 1244 5167 nudatum
1269 5114 1415 5168 omni
1451 5111 1678 5164 militum
1705 5109 1960 5179 pragsidio

391 5191 700 5244 cernentes,
733 5183 786 5236 in
817 5181 1060 5238 Orientis
1089 5183 1400 5252 provincias
1434 5177 1767 5250 irruperunt.
1802 5177 1960 5234 Unde

2067 4408 2322 4463 llufinum
2393 4408 2682 4467 confictam
2719 4427 2842 4467 esse
2882 4429 2911 4466 a
2957 4411 3253 4475 Stilicone.
3291 4422 3350 4467 ut
3389 4423 3644 4472 evocatos

2067 4480 2136 4556 ab
2166 4495 2232 4556 eo
2259 4478 2490 4538 Hunnos
2521 4498 2650 4556 esse
2675 4481 2884 4536 diceret
2910 4523 2923 4546 ,
2979 4484 3071 4552 qui
3115 4491 3312 4554 suopte
3362 4493 3512 4538 motu
3546 4501 3642 4556 per

2068 4550 2293 4621 limitem
2327 4561 2600 4621 patentem
2639 4552 2974 4620 irruperant.

2140 4619 2251 4694 (9i)
2291 4619 2506 4676 Βέϐαια
2548 4619 2979 4694 ἐφυλάττοντο.
3025 4621 3480 4694 Malimscribere
3510 4624 3644 4694 ἐφύ-

2066 4689 2276 4764 λαττόν
2329 4709 2391 4764 τε
2441 4693 2536 4746 καὶ
2581 4689 2789 4760 δωρεάς
2833 4692 2970 4764 ιδίας
3009 4693 3419 4764 προσετίθεσαν.
3469 4689 3647 4764 Atqiie

2067 4761 2140 4814 ita
2179 4761 2306 4834 legit
2345 4761 2722 4834 Nicephorus,
2780 4761 3194 4834 ut_videre_cst‘
3224 4763 3277 4816 in
3310 4779 3430 4834 cap.
3465 4765 3516 4826 1,
3547 4761 3642 4820 lib.

2067 4846 2188 4884 xm.
2221 4830 2394 4887 Porro
2438 4830 2506 4887 de
2552 4832 2762 4900 legibus
2811 4832 2880 4883 ab
2913 4832 3152 4886 Arcadio
3182 4831 3234 4884 in
3278 4830 3504 4888 exordio
3539 4835 3645 4887 im-

2065 4903 2205 4968 perii
2245 4903 2368 4956 latis
2416 4917 2517 4972 pro
2565 4903 2669 4972 fide
2721 4901 2990 4955 catholica
3011 4971 3030 4972 γέ
3063 4901 3184 4956 vide
3239 4901 3532 4959 Baronium
3589 4904 3644 4956 in

2064 4979 2212 5041 tomo
2243 4971 2440 5041 quinto
2481 4971 2793 5041 Annalium,
2823 4987 2967 5041 anno
2996 4971 3128 5026 Chr.
3166 4972 3289 5027 595.

2139 5040 2404 5113 (QSiKal
2434 5041 2544 5113 γὸτι
2599 5040 2749 5108 πρὸς
2795 5040 2960 5113 σφᾶς
3009 5042 3234 5108 αὐτοὺς
3265 5043 3640 5113 ἐδιχονόουν.

2068 5107 2280 5231 Μὲιὲιριιι
2336 5112 2581 5167 scribere
2640 5107 2996 5181 transpositis
3047 5107 3498 5174 vocabulisrétt
3553 5112 3645 5164 καὶ

2068 5195 2117 5231 π,
2177 5197 2222 5231 :.
2257 5191 2363 5231 etc.

2066 5191 2222 5250 προς,
2257 5191 2363 5234 etc.

1818 5355 2206 5412 VARIORUM.

465 5476 493 5515 δ
559 5477 662 5530 Ἐν
712 5478 902 5544 τούτῳ
958 5478 1026 5530 δὲ
1092 5473 1330 5532 οὗνιλοι.
1397 5475 1691 5531 Contendit
1754 5461 1957 5544 Pagius

393 5557 588 5602 contra
634 5544 946 5611 Valesium,
1011 5549 1152 5601 hanc
1217 5547 1535 5601 Ilunnoruiu
1599 5549 1958 5615 irruptionem

394 5618 694 5688 contigisse
741 5632 883 5674 anno
919 5618 1129 5673 Christi
1175 5617 1308 5681 395,
1357 5633 1502 5671 anno
1546 5619 1756 5673 scilicet
1786 5618 1962 5675 serius
2026 5675 2032 5684 ,

2066 5487 2128 5525 ac
2167 5470 2419 5594 'V'alcsius
2456 5477 2684 5545 putavit.
2729 5475 2866 5535 Vide
2909 5492 3032 5534 eum
3072 5477 3139 5534 ad
3170 5491 3372 5531 annum
3413 5475 3644 5550 dictum,

2069 5551 2127 5594 ιιο
2238 5583 2248 5594 .
