4054 6188
461 243 599 303 {till

1919 236 2144 294 $020M
2154 238 2268 294 ENI

3570 244 3733 304 ικιε

453 363 764 414 sectatores
795 365 988 422 erant,
1015 355 1590 427 transgrediebantur.
1633 354 2037 413 Macedonianis

2146 359 2306 430 μέχρι
2335 360 2432 430 τῆς
2469 360 2735 431 ἐχομένης
2779 360 3055 432 βασιλείας
3088 363 3410 430 διεγένοντο.
3443 365 3724 419 Ναυατια-

459 455 645 504 autem
680 448 794 519 ‘qui
827 455 990 503 erant
1043 447 1564 519 Constantinopoli,
1622 447 1678 502 id
1732 447 2038 518 plurimum

461 540 670 605 nocuit,
700 541 849 611 quod
881 555 950 597 eo
980 548 1236 610 tempore
1261 539 1477 594 nullum
1511 538 1795 595 habebam
1821 540 2040 610 episco-

460 649 616 704 pum.
648 633 786 688 Nam
814 649 881 690 ex
909 649 1020 705 quo
1059 631 1347 688 Eudoxius
1391 647 1519 688 cum
1560 632 1716 698 suis,
1771 639 2041 704 regnante

457 723 813 791 Constantio,
860 725 1134 781 ecclesias
1184 723 1297 781 illis
1345 723 1646 788 ademerat,
1683 723 2038 793 sequentium

459 818 722 888 deinceps
755 817 1159 888 imperatorum
1185 815 1549 885 temporibus,
1598 815 1704 870 sub
1737 815 1872 871 solis
1913 829 2040 884 pre-

459 913 698 983 sbyteris
733 917 1180 981 permanserunt.
1209 911 1279 964 At
1314 908 1625 972 Novatiani,
1661 907 1793 962 licet
1815 907 2039 976 quidam

459 1004 704 1074 ipsorum
749 1002 959 1058 turbati
993 1010 1183 1058 essent
1222 1002 1295 1058 ob
1327 1001 1687 1072 quaestionem
1706 998 1776 1055 de
1803 997 2036 1063 Pascha,

459 1111 623 1164 quam
680 1092 978 1150 Sabbatius
1030 1095 1197 1164 paulo
1246 1102 1377 1149 ante
1423 1093 1788 1156 excitaverat,
1841 1089 2040 1160 maiori

459 1195 645 1242 tamen
682 1200 748 1243 ex
780 1179 934 1256 parte
987 1187 1042 1240 in
1072 1185 1322 1241 Ecclesia
1355 1199 1456 1242 sua
1483 1183 1848 1254 quieverunt.
1901 1179 2038 1236 Nam

457 1293 639 1348 neque
659 1277 856 1333 iisdem
881 1279 1061 1348 pinnis
1093 1293 1158 1332 ac
1177 1276 1415 1348 legibus,
1432 1275 1634 1345 quibus
1672 1274 1902 1345 reliquae
1928 1273 2039 1328 ba:-

457 1387 630 1434 reses,
661 1370 888 1428 obnoxii
923 1377 1121 1434 erant,
1161 1377 1355 1439 utpote
1401 1368 1497 1438 qui
1542 1365 1871 1422 Trinitatem
1901 1379 2036 1420 con-

455 1462 881 1520 substantialem
928 1469 1270 1527 assererent,
1316 1466 1371 1515 et
1423 1467 1559 1514 tunc
1613 1457 1904 1528 temporis,
1967 1458 2040 1516 ob

456 1555 834 1624 praestantiam
863 1553 1253 1624 episcoporum
1296 1565 1554 1616 suorum,
1605 1549 1854 1605 ﬁrmiore
1889 1549 2039 1606 inter

459 1657 520 1698 se
540 1641 840 1697 concordia
873 1641 1120 1696 devincti
1148 1648 1328 1696 erant.
1359 1637 1499 1693 Nam
1525 1646 1655 1709 post
1687 1637 1868 1708 Agelii
1894 1652 2037 1709 pra3~

459 1734 697 1789 sulatum
760 1732 1102 1788 Marcianum
1157 1732 1463 1788 antistitem
1494 1731 1641 1786 nacti
1671 1729 1913 1799 fuerant,
1954 1730 2037 1786 vi-

457 1843 580 1881 rum
615 1825 919 1897 egregium.
955 1825 1078 1891 Quo
1104 1838 1202 1894 per
1231 1823 1285 1879 id
1318 1831 1542 1894 tempus
1570 1837 1762 1878 recens
1791 1830 2033 1888 mortuo,

455 1920 834 1990 episcopatum
865 1915 992 1986 ejus
1017 1914 1268 1986 suscepit
1322 1913 1563 1970 Sisinius
1586 1952 1600 1978 ,
1655 1913 1742 1968 vir
1788 1912 2037 1983 apprime

457 2010 732 2070 eruditus,
758 2019 812 2063 et
840 2006 1349 2077 philosopliicorum
1405 2005 1724 2076 dogmatum
1759 2018 1824 2058 ac
1851 2017 2034 2059 sacra-

459 2116 580 2156 rum
608 2099 1020 2168 Scripturarum
1062 2095 1299 2150 scientia
1340 2094 1705 2159 instructus‘,
1743 2094 1810 2148 ad
1843 2092 2035 2163 dispu~

457 2189 688 2244 tandum
749 2201 974 2257 quoque
1026 2191 1315 2255 promptus
1341 2199 1406 2239 ac
1452 2191 1680 2255 paratus
1726 2200 1738 2236 :
1777 2184 1916 2240 adeo
1975 2191 2037 2238 ut

455 2280 578 2351 ipse
606 2292 825 2349 quoque
870 2276 1202 2344 Eunomius,
1257 2276 1353 2348 qui
1386 2291 1454 2332 eo
1517 2275 1745 2330 nomine
1793 2274 2037 2332 celebris

459 2370 784 2435 habebatur,
821 2375 876 2424 et
897 2367 1041 2423 hanc
1067 2374 1241 2423 artem
1270 2367 1543 2439 praecipue
1573 2367 1877 2432 excolebat,
1909 2381 2035 2422 cum

455 2480 522 2519 eo
550 2461 817 2534 congredi
849 2475 1228 2533 smpenumero
1247 2461 1542 2517 recusarit.
1574 2460 1649 2516 Ac
1671 2460 1781 2514 vita
1814 2459 2036 2530 quidem

456 2563 643 2612 castus
670 2562 838 2626 atque
868 2554 1083 2626 integer
1115 2553 1241 2616 fuit,
1271 2553 1345 2607 ita
1371 2560 1430 2608 ut
1456 2553 1608 2608 omni
1633 2553 1914 2608 calumnia
1937 2568 2036 2608 su-

457 2650 642 2721 perior
670 2657 844 2715 esset,
881 2649 1029 2704 victu
1074 2656 1256 2702 tamen
1302 2647 1543 2702 delicato
1583 2661 1646 2700 ac
1711 2645 2034 2716 superﬂuo;

458 2741 596 2797 adeo
639 2750 699 2796 ut
733 2739 772 2794 ii
826 2741 1030 2809 quibus
1077 2739 1302 2810 ignotus
1345 2743 1489 2802 erat,
1545 2735 1879 2807 persuadere
1929 2737 2035 2793 sibi

457 2847 568 2888 non
605 2838 855 2902 possent,
889 2831 1044 2885 illum
1095 2830 1152 2884 in
1190 2830 1360 2884 tantis
1413 2829 1637 2886 deliciis
1676 2828 2036 2884 nihilominus

459 2932 864 2995 temperantem
899 2938 1044 2980 csse.
1086 2922 1336 2979 Moribus
1363 2937 1531 2993 porro
1553 2921 1836 2992 iucundus
1886 2929 2032 2989 erat,

2142 451 2224 505 voi
2265 451 2354 517 δὲ,
2395 454 2445 506 εί
2491 453 2586 505 καί
2629 469 2784 516 τινας
2823 453 3030 507 τούτων
3064 454 3359 524 ἐτάραττεν
3391 457 3424 525 ἡ
3474 456 3605 526 περὶ
3631 457 3732 511 τοῦ

2143 542 2334 612 Πάσχα
2357 543 2584 612 ζήτησις
2607 587 2623 609 ,
2645 544 2713 616 ἦν
2734 543 3036 606 Σαϐϐάτιος
3070 546 3422 616 ἐνεωτέρισεν
3442 586 3456 611 ,
3490 546 3609 600 ἀλλ’
3635 543 3735 601 οὖν

2140 636 2189 688 oi
2221 635 2439 697 πλείους
2463 635 2556 687 ἐπὶ
2576 635 2675 706 τῆς
2704 635 2883 689 αὐτῶν
2920 635 3250 705 Ἑκκλησίας
3286 637 3548 707 ἠρέμουν.
3583 636 3724 691 Οὔτε

2140 725 2248 796 γὰρ
2299 727 2413 789 τοῖς
2451 725 2636 789 αὐτοῖς
2683 726 2978 796 ἐπιτιμίοις
3021 727 3056 796 ἦ
3091 727 3277 796 νόμοις
3309 769 3322 792 ,
3356 730 3558 798 ὁμοίως
3601 733 3725 794 ταῖς

2141 817 2329 880 ἄλλαις
2371 816 2649 889 αἱρέσεσιν
2678 816 2850 888 ἔνοχοι
2878 813 3048 889 ἦσαν,
3083 819 3160 880 ὼς
3201 819 3486 888 όμοούσιον
3515 820 3723 891 Τριάδα

2141 907 2475 975 δοξάζοντες,
2526 909 2622 962 καὶ
2689 909 2811 962 τότε
2865 908 3210 979 βεϐαιότερον
3264 915 3330 982 τῇ
3390 914 3559 984 ἀρετῇ
3615 915 3724 968 τῶν

2141 1000 2458 1070 ἡγουμένων
2492 1000 2809 1054 συνίσταντο
2841 1000 2978 1072 πρὸς
3008 1002 3281 1070 ὁμόνοιαν.
3302 1005 3454 1057 Μετά
3483 1006 3596 1077 γὰρ
3625 1007 3726 1077 τὴν

2155 1092 2392 1162 Ἀγελίου
2421 1092 2778 1163 προστασίαν,
2808 1092 2909 1162 τῆς
2944 1095 3263 1164 Μαρκιανοῦ
3295 1097 3486 1167 ἀνδρὸς
3515 1099 3724 1166 ἁγαθοῦ

2139 1185 2492 1254 τετυχήκασι.
2512 1184 2620 1238 Καὶ
2639 1183 2832 1238 τούτου
2853 1183 2910 1236 δὲ
2946 1183 3173 1254 ἔναγχος
3199 1188 3338 1240 κατὰ
3363 1189 3454 1240 τὸν
3477 1191 3720 1259 παρόντα

2140 1277 2329 1349 χρόνον
2354 1277 2778 1349 τελευτήσαντος
2810 1287 2858 1342 ο,
2881 1277 3150 1343 διεδέξατο
3172 1280 3272 1350 τὴν
3307 1280 3472 1334 αὑτοῦ
3501 1283 3724 1336 ἐπισκοο

2141 1369 2248 1440 πὴν
2277 1368 2510 1432 Σισίνιος
2530 1407 2544 1431 ,
2575 1367 2715 1439 ἀνὴρ
2739 1367 3024 1440 ἐλλόγιμος
3062 1369 3146 1422 ὅτι
3177 1370 3414 1438 μάλιστα
3437 1411 3452 1436 ,
3494 1373 3591 1425 καὶ
3637 1391 3720 1442 φι-

2139 1459 2382 1530 λοσόφων
2407 1459 2694 1530 δογμάτων
2717 1458 2814 1512 καὶ
2837 1458 2948 1512 τῶν
2976 1459 3137 1530 ἱερῶν
3164 1458 3339 1529 λόγων
3373 1462 3718 1532 ἐπιστήμων,

2140 1551 2235 1606 καὶ
2272 1549 2409 1622 πρὸς
2460 1549 2722 1616 διαλέξεις
2759 1549 3014 1621 ἕτοιμοςο
3041 1551 3117 1615 ὡς
3163 1551 3260 1605 καὶ
3308 1553 3575 1624 Εὐνόμιον
3630 1555 3721 1606 ἐπὶ

2139 1641 2366 1706 ταύταις
2387 1641 2774 1713 εὐδοκιμοῦντα
2795 1683 2810 1708 ,
2855 1643 2951 1694 καὶ
2975 1641 3135 1695 τοῦτο
3159 1643 3320 1713 ἔργον
3370 1644 3715 1714 ποιούμενον,

2139 1734 2401 1796 πολλάκις
2434 1733 2875 1806 παραιτήσασθαι
2901 1733 3029 1796 τοὺς
3060 1734 3197 1805 πρὸς
3229 1736 3390 1790 αὑτὸν
3415 1735 3713 1803 διαλόγους.

2151 1826 2402 1895 Ἐγένετο
2448 1825 2508 1880 δὲ
2560 1825 2796 1897 σώφρων
2840 1824 2933 1878 τὸν
2987 1825 3136 1896 βίον,
3167 1825 3244 1888 ὡς
3281 1826 3547 1896 κρείττων
3581 1822 3717 1881 εἶναι

2136 1917 2420 1988 διαϐολῆς,
2462 1916 2592 1988 περὶ
2622 1916 2680 1970 δὲ
2711 1915 2809 1988 τὴν
2837 1916 3045 1970 δίαιταν
3080 1915 3248 1988 ἁϐρὸς
3301 1917 3396 1970 καὶ
3439 1919 3712 1980 ποικίλος·

2137 2006 2214 2070 ὼς
2242 2007 2370 2070 τοὺς
2401 2005 2730 2075 ἀγνοοῦντας
2755 2006 3027 2073 ἀπιστεῖν,
3062 2008 3110 2060 εί
3155 2009 3450 2079 σωφρονεῖν
3479 2008 3712 2073 δύναιτο,

2137 2094 2392 2150 τοσοῦτον
2421 2095 2668 2166 τρυφῶν.
2701 2095 2774 2148 Τὸ
2825 2094 2882 2147 δὲ
2911 2091 3043 2166 ἦθος
3101 2091 3171 2165 ἦν
3202 2095 3416 2167 χαρίεις
3461 2098 3558 2150 καὶ
3591 2097 3716 2167 ἡδὺς

2139 2189 2196 2242 ἐν
2217 2189 2338 2252 ταῖς
2369 2187 2677 2250 συνουσίαις
2698 2202 2710 2214 ·
2745 2187 2839 2241 καὶ
2869 2186 2956 2241 διὰ
3000 2187 3173 2242 ταῦτα
3216 2190 3310 2241 καὶ
3353 2192 3465 2253 τοῖς
3498 2191 3719 2242 ἐπισκό-

2139 2299 2262 2346 ποις
2308 2279 2409 2351 τῆς
2448 2279 2678 2334 καθόλου
2721 2279 3082 2350 Ἐκκλησίας,
3119 2282 3213 2334 καὶ
3256 2283 3367 2344 τοῖς
3424 2283 3483 2334 ἐν
3522 2282 3717 2353 ἀρχαῖς

2138 2373 2234 2425 καὶ
2265 2371 2446 2438 λόγοις
2471 2368 2804 2438 καταθύμιος
2848 2364 2938 2440 ἦν,
2981 2369 3255 2424 σκώπτειν
3289 2387 3347 2423 τε
3383 2371 3479 2425 σὺν
3509 2373 3716 2442 χάριτι,

2139 2462 2232 2516 καὶ
2267 2459 2619 2532 σκωμμάτων
2649 2459 2974 2530 ἀνέχεσθαι,
3006 2461 3097 2514 καὶ
3129 2461 3386 2532 ἑκάτερον
3422 2463 3719 2532 ἀπεχθείας

2138 2554 2294 2617 ἐκτὸς
2337 2553 2666 2624 ὑπομένειν,
2701 2550 2928 2621 κομψῶς
2969 2568 3030 2604 τε
3081 2553 3178 2605 σὺν
3226 2551 3381 2622 τάχει
3431 2553 3572 2624 πρὸς
3621 2554 3719 2616 τὰς

2139 2644 2436 2714 ἐρωτήσεις
2469 2643 2732 2713 ύπαντᾷν,
2753 2637 2812 2695 εὖ
2841 2642 2985 2712 μάλα
3016 2642 3336 2712 ἐπιτηδείως
3368 2641 3528 2714 ἔχων.
3550 2644 3714 2714 Ἐρωο

2137 2737 2324 2807 τηθεὶς
2351 2733 2446 2791 οὖν
2475 2737 2597 2790 ὅτου
2632 2736 2796 2790 ἕνεκα
2824 2735 3078 2804 δεύτερον
3111 2733 3318 2789 λούοιτο
3347 2737 3447 2808 τῆς
3476 2736 3718 2808 ἡμέρας,

2138 2830 2436 2894 ἐπίσκοπος
2467 2828 2568 2882 ὢν·
2600 2829 2722 2882 Ὀτι
2753 2829 2827 2900 μὴ
2857 2828 3058 2900 τρίτον,
3083 2827 3207 2899 ἔφη,
3233 2827 3440 2897 φθάνω.
3481 2828 3641 2882 Ἐπεὶ
3664 2829 3721 2884 δὲ

2137 2921 2303 2991 λευκῇ
2325 2919 2511 2991 ἐσθῆτι
2543 2918 2768 2972 διετέλει
2803 2917 3084 2989 χρώμενος
3102 2960 3117 2984 ,
3147 2919 3433 2988 ἐπέσκωψέ
3454 2936 3539 2983 τις
3569 2919 3722 2991 αὐτῷ

459 3029 524 3067 ac
558 3015 746 3069 suavis
773 3015 831 3068 in
861 3012 1251 3085 congressibus
1285 3031 1300 3067 :
1334 3022 1501 3084 atque
1523 3011 1734 3069 idcirco
1766 3029 1892 3069 cum
1918 3013 2034 3082 epi-

2140 3011 2244 3066 τῶν
2265 3011 2371 3065 ἀπὸ
2399 3011 2497 3080 τῆς
2529 3008 2760 3064 καθόλου
2797 3009 3144 3080 Ἐκκλησίας.
3185 3011 3244 3062 '0
3283 3010 3342 3063 δὲ
3365 3010 3503 3080 πρὸς
3533 3010 3718 3064 αὐτόν·

463 3104 654 3172 scopis
685 3103 953 3158 Ecclesiae
984 3104 1294 3167 catholica,
1339 3113 1459 3158 tum
1515 3103 1931 3172 magistratibus
1981 3109 2037 3156 et

457 3192 678 3247 erudito
705 3193 908 3262 cuique
935 3201 1056 3246 erat
1099 3199 1385 3260 acceptus.
1435 3191 1649 3259 Quippe
1695 3191 1874 3260 iocari
1907 3205 2033 3244 cum

459 3290 772 3350 venustate,
801 3289 859 3338 et
883 3283 1045 3352 jocos
1089 3282 1364 3353 patienter
1412 3281 1687 3350 excipere,
1739 3288 2038 3351 utrumque

460 3391 594 3431 vero
621 3376 762 3431 citra
793 3375 1063 3431 oll‘ensam
1114 3374 1321 3440 facere,
1385 3379 1652 3444 praeterea
1679 3373 2037 3442 interrogatis

462 3469 639 3525 facete
709 3484 776 3524 ac
821 3467 1078 3524 celeriter
1127 3464 1464 3536 respondere
1519 3464 1724 3521 eximie
1781 3465 2036 3520 callebat.

457 3561 621 3633 325
655 3559 892 3616 Proinde
919 3560 1296 3629 interrogatus
1327 3557 1647 3628 aliquando,
1678 3558 2035 3628 quamobrem

459 3669 586 3707 cum
617 3654 906 3723 episcopus
951 3659 1122 3719 esset,
1155 3651 1243 3707 bis
1267 3665 1365 3721 per
1417 3649 1564 3705 diem
1599 3649 1809 3705 levaret
1839 3666 1854 3704 :
1898 3647 2038 3716 Quia

461 3753 568 3808 ter,
599 3745 802 3814 inquit,
836 3760 948 3799 non
981 3744 1208 3798 accedo.
1261 3742 1478 3798 Rursus
1502 3743 1760 3813 quoniam
1800 3741 2040 3796 candida

459 3846 615 3894 veste
644 3845 908 3907 perpetuo
931 3837 1226 3898 utebatur,
1251 3835 1474 3889 derisus
1503 3841 1590 3888 est
1623 3848 1654 3886 a
1677 3833 1916 3903 quodam
1942 3831 2042 3887 Ec-

459 3931 640 3987 clesiae
673 3929 964 3984 catholicae
997 3927 1140 3983 viro.
1169 3925 1250 3981 Ad
1279 3939 1443 3996 quem
1467 3924 1562 3978 ille
1598 3941 1612 3977 :
1656 3922 1890 3980 Ubinam
1910 3937 2040 3979 vero

461 4023 729 4093 scriptum
754 4031 862 4088 est,
895 4019 1100 4092 inquit,
1127 4018 1287 4088 nigra
1338 4024 1490 4072 veste
1537 4015 1692 4070 indui
1743 4015 2039 4085 oportere?

459 4115 564 4183 Qui
595 4129 720 4171 cum
753 4112 1030 4176 haesisset,
1067 4109 1305 4180 subjecit
1347 4107 1628 4164 Sisinius:
1673 4105 1758 4162 Tu
1818 4107 2037 4177 quidem

460 4221 742 4278 nunquam
769 4203 822 4260 id
849 4201 1145 4260 ostendere
1178 4199 1453 4271 potueris.
1497 4197 1630 4253 Mihi
1662 4212 1797 4254 vero
1825 4197 2041 4269 sapien-

461 4301 710 4355 tissimus
743 4297 968 4353 Salomo
1001 4293 1252 4366 praecipit
1275 4292 1362 4346 his
1384 4290 1566 4346 verbis
1607 4309 1619 4345 :
1661 4309 1681 4342 ι
1715 4289 1835 4345 Sint
1863 4291 2034 4346 vesti-

2141 3101 2354 3157 Οὐκοῦν
2380 3101 2502 3154 εῑπέ
2530 3141 2543 3163 ,
2580 3099 2683 3153 ποῦ
2714 3100 2930 3172 εἴρηται
2974 3101 3176 3172 ἐσθῆτα
3214 3103 3470 3172 μέλαιναν
3521 3103 3720 3172 χρῆναι

2138 3193 2538 3264 ἀμφιέννυσθαι
2563 3209 2576 3257 ;
2601 3191 2708 3245 Τοῦ
2734 3193 2790 3246 δὲ
2817 3194 3196 3263 ἀπορήσαντος
3216 3233 3231 3259 ,
3263 3194 3554 3248 ὑπολαϐὼν
3584 3194 3716 3264 ἔφη·

2138 3287 2211 3339 Σὺ
2237 3287 2336 3357 μὲν
2368 3285 2527 3339 τοῦτο
2561 3287 2662 3339 οὐκ
2699 3285 2764 3349 ἂν
2805 3283 3073 3350 ἐπιδεῖξαι
3100 3286 3334 3357 δυνήσῃο
3367 3287 3494 3357 ἐμοὶ
3537 3287 3592 3340 δὲ
3624 3289 3718 3340 καὶ

2139 3377 2389 3448 Σολομῶν
2424 3379 2453 3429 ὁ
2483 3377 2825 3447 σοφώτατος,
2855 3377 3140 3432 Ἕστωσάν
3171 3394 3264 3430 σου
3295 3377 3362 3430 τὰ
3404 3377 3594 3447 ἱμάτια
3632 3378 3718 3430 ἀεὶ

2137 3469 2328 3536 λευκὰ,
2357 3472 2614 3541 παραινεῖ
2641 3469 2840 3538 λέγων’
2878 3468 2971 3522 καὶ
3000 3468 3162 3532 αὐτὸς
3191 3470 3219 3522 ό
3244 3469 3476 3540 Χριστὸς
3507 3469 3717 3538 λευχεί-

2144 3579 2258 3632 μων
2293 3563 2352 3614 ἐν
2371 3563 2484 3625 τοῖς
2515 3559 2874 3629 Εὑαγγελίοις
2901 3558 3226 3630 φαινόμενος
3250 3598 3264 3623 ,
3291 3559 3497 3630 Μωσῆν
3523 3576 3584 3611 τε
3623 3559 3718 3612 καὶ

2155 3651 2340 3705 Ἠλίαν
2364 3651 2637 3716 τοιούτους
2660 3653 2773 3716 τοῖς
2795 3651 3115 3715 ἀποστόλοις
3144 3650 3470 3715 ἐπιδεικνύς.
3501 3653 3576 3704 Οὐ
3610 3652 3719 3721 μὴν

2141 3741 2276 3794 ἀλλά
2325 3742 2544 3796 κάκεῖνο
2585 3741 2694 3795 τῶν
2743 3740 3048 3813 εἰρημένων
3071 3741 3288 3811 Σισινίῳ
3327 3742 3516 3812 χάριεν
3539 3736 3710 3812 οἶμαι·

2153 3831 2432 3902 Ἑνεδήμει
2484 3833 2584 3903 μὲν
2634 3834 2702 3904 τῇ
2751 3833 3319 3886 Κωνσταντινουπόλει
3367 3832 3651 3900 Λεόντιος,
3690 3834 3720 3884 δ

2142 3923 2291 3996 παρά
2342 3924 2610 3988 Γαλάταις
2640 3925 2743 3995 τῆς
2779 3924 3052 3997 Ἀγκύρας
3099 3925 3418 3988 ἐπίσκοπος.
3488 3925 3717 3996 Ἐκκλη-

2141 4016 2265 4079 σίας
2309 4015 2366 4068 δὲ
2414 4014 2523 4069 τῶν
2561 4017 2740 4068 ἐκεῖσε
2792 4014 3148 4069 Ναυατιανῶν
3183 4017 3540 4086 ἀφῃρημένος
3581 4016 3714 4085 (96),

2137 4101 2240 4178 ἦκε
2292 4106 2430 4178 πρὸς
2467 4106 2628 4162 αὑτὸν
2681 4105 2976 4160 ἀπολαϐεῖν
3018 4104 3224 4169 ταύτας
3257 4106 3528 4174 δεόμενος.
3568 4107 3716 4159 Ἐπεὶ

2137 4198 2195 4252 δὲ
2220 4198 2320 4252 οὐκ
2363 4197 2613 4252 ἀπεδίδου
2637 4236 2652 4260 ,
2705 4195 2962 4268 ἐλοιδόρει
2994 4196 3050 4249 δὲ
3075 4197 3204 4260 τοὺς
3238 4197 3609 4262 Ναυατιανοίις
3643 4199 3720 4264 ὡς

2138 4291 2239 4344 οὐκ
2269 4289 2453 4354 ἀξίους
2486 4288 2886 4359 ἐκκλησιάζειν,
2918 4288 3206 4359 μετάνοιαν
3227 4289 3323 4342 καὶ
3350 4289 3451 4360 τὴν
3484 4291 3550 4342 ἐκ
3580 4289 3718 4342 Θεοῦ

459 4399 648 4446 menta
677 4399 772 4444 tua
799 4361 1021 4458 semper
1039 4361 1201 4442 alba"
1229 4403 1244 4440 :
1278 4402 1297 4436 ι
1339 4391 1394 4440 et
1411 4381 1668 4439 Christus
1693 4386 1834 4453 ipse,
1855 4382 1952 4452 qui
1980 4382 2036 4437 in

2141 4381 2551 4454 φιλανθρωπίαν
2585 4383 2827 4453 ἀναιρεῖν
2879 4383 3078 4444 αὐτοὺς
3125 4380 3322 4448 λέγων,
3369 4379 3531 4434 Ἀλλὰ
3589 4379 3716 4452 μὴν,

462 4481 773 4552 Evangeliis
814 4493 1030 4550 semper
1059 4477 1277 4532 albatus
1316 4474 1592 4539 cernitur,
1638 4482 1693 4529 et
1755 4473 2033 4542 ejusmodi

2140 4474 2238 4544 ἔφη
2271 4473 2504 4537 Σισίνιος
2531 4515 2546 4539 ,
2575 4473 2746 4537 οὐδεὶς
2773 4472 2948 4538 οὕτως
2985 4473 3060 4537 ὼς
3095 4473 3205 4541 ἐγὼ
3245 4477 3513 4543 μετανοεῖ.
3565 4475 3718 4545 Ἐροο

461 4585 616 4630 veste
646 4574 871 4629 indutos
901 4571 1102 4626 Mosem
1139 4579 1306 4641 atque
1352 4566 1562 4622 Heliam
1605 4565 1872 4635 apostolis
1919 4565 2036 4622 suis

2139 4566 2299 4636 μένου
2349 4566 2404 4619 δὲ
2455 4567 2706 4621 Λεοντίου
2749 4566 2870 4618 τίνα
2906 4567 3108 4637 τρόπον
3130 4583 3142 4596 ·
3183 4566 3306 4620 Ὅτι
3336 4585 3396 4621 σε
3428 4568 3722 4637 τεθέαμαι,

461 4666 732 4722 exhibuit.
756 4663 907 4720 Istud
935 4678 1163 4734 quoque
1187 4675 1308 4717 meo
1338 4660 1562 4730 quidem
1594 4657 1805 4728 judicio
1855 4657 2037 4728 lepide

2140 4659 2486 4729 ἁπεκρίνατο.
2522 4660 2634 4713 Καὶ
2685 4659 2850 4729 ἕτερα
2901 4659 2958 4711 δὲ
2996 4659 3168 4714 πολλά
3223 4661 3390 4714 αὐτοῦ
3445 4662 3723 4732 εὐστόχως

463 4757 670 4812 dictum
713 4766 798 4812 est
825 4772 855 4810 a
901 4754 1107 4811 Sisinio
1141 4772 1154 4809 :
1187 4753 1508 4809 Morabatur
1544 4748 2056 4820 Coustantiuopoli‘

464 4847 725 4903 Leontius
769 4848 1058 4918 episcopus
1083 4846 1315 4922 Ancyrae
1347 4845 1406 4900 in
1449 4842 1684 4908 Galatia,
1717 4841 1810 4912 qui
1855 4840 2033 4897 Nova—

538 4979 555 5013 ι
593 4980 749 5035 Socr.
783 4979 882 5037 lib.
919 4995 992 5045 vt,
1024 4996 1144 5053 cap.
1172 4979 1262 5038 22.
1342 4979 1362 5008 ¹
1393 4976 1541 5033 Eccl.
1576 4992 1652 5040 IX.
1684 4973 1736 5027 8-

2142 4751 2409 4823 εἰρημένα
2439 4752 3008 4823 ἀπομνημονεύουσιν.
3040 4754 3154 4806 Οὐκ
3185 4753 3467 4824 ἀκόμψους
3495 4771 3555 4808 τε
3588 4755 3723 4806 πολ-

2141 4846 2266 4908 λοὺς
2322 4843 2488 4899 αὑτοῦ
2543 4842 2737 4913 λόγους
2791 4845 2925 4915 φασὶ
2984 4846 3268 4916 φέρεσθαι.
3321 4847 3603 4917 Ἐπῃνεῖτο
3664 4845 3724 4902 δὲ

1631 5088 1900 5146 νΑιΕδιι
1939 5091 2494 5150 ᾹΝΝΟΤΑΤΙΟΝΕΒ.

536 5205 649 5277 (96)
713 5205 1078 5277 Ἐκκλησίας
1115 5207 1183 5259 δὲ
1218 5207 1347 5277 τῶν
1397 5206 1592 5261 ἐκεῖσε
1647 5207 2037 5264 Ναυάτιανῶν

463 5275 863 5346 ἀφῃρημένος.
888 5276 1091 5330 Suidas
1132 5277 1187 5330 in
1215 5275 1413 5330 Lexico
1450 5277 1596 5330 hunc
1637 5277 1927 5332 Sozomeni
1959 5281 2040 5332 lo-

463 5345 597 5402 cum
652 5345 1007 5410 describens,
1044 5345 1171 5416 legit
1217 5347 1598 5416 ἀφῃρημένης,
1641 5347 1790 5415 quod
1848 5348 2042 5416 procul

2140 5213 2306 5268 dubio
2337 5211 2542 5266 rectius
2562 5217 2667 5264 est.
2691 5207 2870 5264 Locus
2896 5208 3077 5264 Suidm
3101 5217 3284 5266 exstat
3303 5211 3356 5266 in
3386 5225 3521 5267 voce
3537 5208 3715 5267 Σισίν.

2139 5300 2271 5346 νιος.

1888 5479 2271 5539 νΑιιιυιιωι.

550 5573 575 5604 ε
606 5573 714 5641 Καὶ
752 5573 967 5627 τούτου
1013 5571 1082 5626 δὲ
1124 5571 1621 5641 τελευτήσαντος.
1668 5572 1922 5627 Mortuus
1955 5579 2041 5626 est

466 5635 780 5700 Marcianus
825 5644 914 5701 die
955 5661 982 5700 v
1052 5635 1645 5703 Kalendas'Decemb.
1700 5643 1830 5700 anui
1903 5643 2034 5710 395,

2149 5575 2346 5650 eodem
2370 5576 2582 5650 scilicet
2625 5577 2715 5634 die
2755 5593 3034 5650 annoque,
3075 5593 3186 5650 quo
3227 5578 3466 5636 Ruﬁnus
3496 5592 3724 5639 necatus

2148 5653 2254 5702 cst.
2297 5646 2452 5706 (Ant.
2486 5647 2641 5717 PAGI,
2674 5649 2740 5705 ad
2773 5646 2975 5706 annum
3008 5646 3132 5711 593.
3169 5665 3225 5708 ιι.
3262 5650 3342 5722 4.)
