4054 6188
374 292 511 351 1513
1282 290 1608 349 HISTORIA
1646 292 2214 354 ECCLESIASTICA.
2251 326 2320 338 --
2359 297 2486 354 LIB.
2532 298 2668 355 VIII.
3477 306 3613 360 l5”

377 407 576 480 μᾶλλον
601 407 802 476 λέγων,
834 408 909 470 ὡς
951 405 1149 477 ἄριστα
1201 406 1660 478 ὑποκρινόμενος,
1688 411 1838 480 φωνῇ
1884 426 1927 463 τι

2052 407 2220 464 tianis
2249 409 2364 465 illic
2403 408 2732 482 degentibus
2787 410 3052 467 ecclesias
3085 414 3384 469 ademerat.
3413 416 3612 471 Acces-

368 500 463 554 καὶ
494 498 782 569 βλέμματι,
811 498 905 551 καὶ
940 496 1279 568 χαριεστάτῳ
1307 498 1581 570 προσώπῳ
1605 500 1696 553 τὸν
1732 501 1927 571 ἀκροα-

2042 501 2114 557 sit
2146 501 2214 556 ad
2247 516 2372 558 eum
2417 501 2660 560 Sisinius
2700 511 2758 558 ut
2801 517 2894 559 eas
2934 514 3302 574 recuperaret.
3345 505 3455 563 Sed
3485 522 3613 562 cum

366 588 464 661 τὴν
497 590 636 643 ἑλεῖν
689 587 867 651 ἱκανός
891 601 907 617 '
939 585 1075 642 ἀλλά
1123 583 1233 653 οἷος
1281 581 1378 659 μέν
1406 584 1474 661 ἦν
1507 585 1660 654 οὗτος
1711 593 1741 645 ὁ
1772 589 1933 661 ἀνὴρ,

366 680 490 734 τάδε
512 678 767 751 είρήσθω,
790 680 870 742 εἰς
898 676 1170 743 ἀπόδειξιν
1202 673 1270 751 ἧς
1301 679 1460 752 ἔλαχε
1495 680 1710 749 φύσεως
1731 721 1747 745 ,
1784 681 1927 750 ἀγω-

2040 684 2156 739 bris
2181 684 2505 751 incesseret,
2521 692 2785 755 tanquam
2820 684 3077 754 indignos
3110 684 3202 754 qui
3231 685 3286 738 in
3310 683 3609 740 Ecclesiam

367 765 473 836 γῆς
507 786 565 823 τε
600 769 695 823 καὶ
723 768 863 839 βίου.

2040 772 2321 839 venirent,
2353 773 2733 843 paenitentiam
2761 781 2818 828 et
2861 773 3034 831 divini
3072 772 3324 828 Numinis
3369 772 3610 853 clemen—

365 867 500 919 tiam
517 878 612 920 eos
640 864 853 930 tollere,
884 864 1074 922 dicens
1109 881 1123 919 :
1159 866 1396 933 Ateuim,
1450 867 1629 939 inquit
1663 866 1922 931 Sisinius,
1961 882 2126 924 nemo
2161 875 2371 924 tantam
2400 870 2512 941 agit
2550 869 2929 940 pmnitettliam
2973 877 3235 940 quantam
3298 882 3419 939 ego.
3487 867 3615 922 Per—

360 960 605 1014 contanti
638 967 821 1016 autem
845 959 1072 1016 Leontio
1103 962 1374 1017 rationem
1436 962 1559 1033 ejus
1621 962 2001 1033 penitentiam
2045 948 2124 1018 Eo
2151 964 2297 1035 quod
2367 973 2416 1020 te
2460 965 2736 1030 viderim,
2786 964 3072 1034 respondit
3115 964 3378 1021 Sisinius.
3441 963 3616 1018 Multa

356 1067 578 1123 quoque
599 1054 705 1108 alia
727 1054 917 1109 abillo
945 1055 1085 1109 scite
1112 1055 1258 1111 dicta
1319 1056 1679 1112 referuntur:
1752 1070 1853 1112 nec
1911 1070 2120 1126 paucos
2190 1057 2314 1127 ejus
2361 1057 2535 1112 libros
2585 1065 2802 1113 exstare
2856 1056 3056 1123 aiunt,
3127 1057 3265 1111 satis
3307 1055 3609 1125 elegantes.

356 1143 532 1201 Porro
572 1147 747 1216 magis
787 1147 1123 1217 probabatur
1153 1164 1278 1204 cum
1315 1148 1527 1205 diceret
1567 1151 1809 1221 :quippe
1842 1151 1935 1219 qui
1973 1149 2181 1221 optime
2199 1150 2478 1213 recitaret,
2513 1158 2567 1205 et
2603 1163 2740 1204 voce
2782 1157 2946 1219 atque
2975 1148 3152 1204 oculis
3218 1155 3273 1202 et
3338 1150 3614 1204 venustis-

356 1239 500 1293 siiuo
558 1239 735 1303 vultu,
777 1240 844 1295 ad
883 1242 1209 1299 alliciendos
1240 1231 1523 1299 auditores
1553 1254 1701 1299 esset
1759 1242 2103 1314 aptissimus.
2175 1240 2378 1296 Verum
2428 1242 2740 1312 cujusmodi
2796 1242 2887 1295 hic.
2939 1241 3021 1294 vir
3094 1239 3279 1303 fuerit,
3342 1241 3612 1295 hactenus

2042 591 2305 648 Leontius
2331 606 2425 647 eas
2443 606 2553 647 non
2592 591 2878 658 redderet,
2946 592 3058 647 imo
3109 591 3444 649 Novatianos
3485 609 3614 664 pro-

356 1328 568 1387 dictum
609 1331 684 1387 sit
715 1344 773 1386 ut
811 1331 963 1389 illius
1015 1333 1295 1405 ingenium
1327 1343 1379 1389 et
1415 1336 1689 1391 institutio
1738 1350 1801 1389 ac
1834 1331 2052 1389 vivendi
2104 1332 2248 1386 ratio
2293 1348 2356 1387 ex
2394 1332 2478 1388 his
2522 1332 2758 1403 perspici
2787 1330 2982 1402 possit.

957 1427 1206 1480 ΚΕΦΑΛ.
1248 1427 1323 1481 B'.

357 1517 493 1586 Περί
548 1515 784 1587 ἀγωγῆς
827 1517 924 1571 καί
981 1516 1214 1585 διαίτης
1243 1557 1258 1579 .
1309 1518 1407 1572 καὶ
1473 1519 1777 1586 πολιτείας
1832 1518 1932 1572 καί

426 1589 649 1656 σοφίας
675 1628 688 1651 ,
723 1587 821 1641 καί
856 1589 943 1653 εἰς
989 1589 1106 1669 τὸτί
1134 1589 1351 1655 θρόνον
1397 1588 1662 1657 παρόδου
1693 1589 1801 1642 τοῦ
1823 1604 1929 1656 με·

426 1656 618 1712 φάλον
680 1656 952 1711 Ἰωάννου
1002 1673 1109 1711 του
1167 1660 1595 1712 Χουσοστόιιου
1628 1676 1641 1690 ·
1688 1660 1784 1712 καί
1849 1659 1929 1712 ὡς

451 1676 618 1711 ἀνιου
686 1676 952 1711 ιωαννου
1002 1676 1109 1711 του
1167 1676 1595 1727 Ᾱρυσοστομου
1628 1676 1641 1690 ·
1688 1676 1784 1712 και
1849 1677 1930 1723 ως

451 1726 699 1796 χιιποδὼν
748 1724 906 1791 αὐτῷ
947 1727 1297 1782 καθίσταται
1334 1730 1644 1797 -Θεόφιλος
1687 1731 1720 1783 ό
1760 1729 1926 1783 Ἀλε-

426 1796 767 1864 ξανδρείας.

425 1886 561 1959 Περὶ
583 1885 641 1939 δὲ
685 1884 872 1938 τοῦτον
900 1885 993 1938 τὸν
1021 1885 1212 1956 χρόνον
1241 1886 1544 1957 Νεκταρίου
1571 1886 1927 1956 τελευτήσαν-

353 1993 445 2039 τος
467 2016 482 2039 ,
519 1977 613 2029 καὶ
645 1974 840 2045 βουλῆς
872 1974 1038 2047 οὔσης
1076 1976 1196 2029 τίνα
1242 1976 1351 2029 δέοι
1395 1979 1717 2045 χειροτονεῖν
1736 2016 1751 2039 ,
1782 1975 1929 2029 ἄλλοι

356 2070 456 2139 μὲν
475 2069 666 2131 ἄλλους
690 2067 1036 2137 ἐψηφίζοντο,
1070 2068 1166 2121 καὶ
1197 2068 1258 2120 οὐ
1281 2068 1348 2120 τὰ
1378 2067 1516 2121 αὑτά
1537 2069 1702 2120 πᾶσιν
1733 2066 1926 2119 ὲδόιιιει⁸

352 2160 448 2212 καὶ
473 2160 501 2211 ό
530 2158 719 2228 χρόνος
747 2158 1011 2227 ἑτρίὸετο.
1046 2152 1154 2210 Ἦν
1183 2156 1239 2209 δέ
1284 2173 1369 2220 τις
1416 2159 1473 2209 ἐν
1520 2157 1816 2226 Ἀντιοχείᾳ
1862 2158 1927 2227 τῇ

354 2251 482 2323 παρ’
525 2249 747 2321 Ὀρόντῃ
778 2248 1148 2319 πρεσὸύτερος
1167 2288 1181 2308 ,
1265 2248 1435 2319 ὄνομα
1465 2248 1746 2319 Ἰωάννης,
1774 2249 1929 2315 γένος

352 2341 463 2394 τῶν
501 2338 840 2411 εὐπατριδῶν
867 2355 881 2369 ·
914 2337 1120 2408 ἀγαθὸς
1164 2339 1257 2392 τὸν
1308 2338 1420 2409 βίον
1443 2376 1459 2402 ,
1515 2337 1699 2404 λέγειν
1743 2354 1802 2391 τε
1837 2337 1930 2391 καὶ

355 2432 561 2487 πείθειν
592 2431 762 2495 δεινὸς
784 2469 799 2495 ,
829 2431 922 2485 καὶ
947 2432 1074 2494 τοὺς
1113 2432 1235 2485 κατ’
1255 2431 1418 2485 αὑτὸν
1451 2429 1805 2502 ὑπερϐάλλων
1840 2432 1931 2501 ρή-

351 2525 545 2598 στορὲις⁹
596 2524 671 2588 ὡς
703 2524 800 2579 καὶ
832 2523 1086 2587 meum;
1111 2526 1140 2577 ό
1173 2520 1344 2595 Σύρος
1388 2523 1650 2593 σοφιστὴς
1694 2521 1931 2593 ἐμαρτύ-

359 2633 544 2689 ρησεν.
591 2615 783 2670 Ἦνίκα
819 2613 929 2685 γάρ
973 2614 1162 2685 ἔμελλε
1212 2614 1484 2686 τελευτᾷν,
1512 2612 1930 2684 πυνθανομένων

354 2707 464 2762 τῶν
489 2707 808 2779 ἐπιτηδείων
836 2706 919 2770 τίς
945 2707 1060 2759 ἀντ’
1085 2705 1250 2759 αὑτοῦ
1278 2705 1427 2760 ἔσται
1453 2747 1467 2771 ,
1499 2705 1715 2775 λέγεται
1751 2705 1929 2760 Ἰωάν-

353 2815 453 2869 νην
480 2799 673 2860 εἰπεῖν.
702 2799 750 2851 εἰ
786 2796 860 2868 μὴ
893 2797 1211 2869 Χριστιανοὶ
1245 2796 1432 2851 τοῦτον
1466 2798 1757 2869 ἐσύλησαν.
1779 2796 1930 2852 Πλεί-

353 2906 517 2952 στους
552 2888 609 2945 δὲ
641 2889 748 2943 τῶν
773 2885 941 2943 αὑτοῦ
965 2888 1270 2941 ἀκουόντων
1301 2889 1413 2958 (97)
1448 2888 1534 2941 ἐπ’
1580 2889 1926 2960 Ἐκκλησίας,

352 2981 434 3044 εἰς
474 2980 673 3052 ἀρετὴν
705 2978 953 3050 ὠφέλησε
978 3016 994 3043 ,
1036 2979 1131 3032 καὶ
1160 2979 1467 3051 ὁμόφρονας
1515 2980 1664 3051 αὐτῷ
1709 2981 1838 3052 περὶ
1868 2978 1929 3032 τὸ

357 3073 513 3127 Θεῖον
546 3072 790 3141 εποίησε.
828 3070 999 3136 Θείως
1028 3070 1137 3143 γὰρ
1171 3072 1603 3143 πολιτευόμενος,
1631 3074 1719 3126 τὸν
1744 3074 1809 3126 ὲκ
1827 3073 1928 3143 τῆς

2699 1423 2853 1479 CAP.
2896 1422 2958 1477 Il.

2040 1514 2117 1573 De
2159 1516 2491 1571 institutione
2524 1525 2572 1569 et
2607 1517 2670 1569 de
2694 1517 2903 1568 ratione
2935 1516 3124 1578 victus,
3154 1515 3317 1581 deque
3338 1531 3608 1571 conversa-

2108 1587 2247 1641 tione
2310 1596 2360 1640 et
2403 1587 2689 1656 sapientia_
2713 1587 2893 1654 magni
2923 1584 3150 1656 Joannis
3225 1584 3604 1656 Chrysostomi,

2105 1669 2152 1709 et
2216 1654 2477 1725 quomodo
2530 1656 2599 1711 ad
2652 1654 3300 1725 cmistantinopolitanum
3337 1654 3608 1709 thronum

2102 1722 2305 1848 eiectus
2331 1728 2429 1809 ⁸δίι
2458 1744 2475 1780 ;
2507 1736 2555 1780 et
2611 1736 2668 1778 ut
2703 1722 3019 1793 Theophilus
3075 1725 3472 1781 Alexandrinus
3525 1725 3609 1779 illi

2104 1813 2132 1848 ο
2170 1806 2386 1848 stiterit.

2104 1797 2386 1851 obstiterit.

2104 1887 2205 1942 Per
2231 1888 2371 1943 idem
2404 1897 2621 1957 tempus
2651 1898 2869 1942 mortuo
2894 1885 3150 1943 Nectario
3170 1886 3352 1953 ‘,dum
3380 1888 3575 1942 consul

2033 1987 2241 2033 taretur
2266 1980 2391 2047 quis
2425 1980 2478 2033 in
2510 1979 2633 2048 ejus
2672 1979 2853 2034 locum
2881 1977 3268 2047 subrogandus
3297 1986 3444 2031 esset
3466 2016 3480 2040 ,
3513 1978 3606 2030 alii

2030 2067 2252 2136 quidem
2288 2068 2427 2123 alios
2458 2068 2835 2134 nominabant,
2886 2081 2985 2121 nec
3016 2066 3157 2120 idem
3192 2066 3451 2121 omnibus
3490 2066 3606 2136 pla-

2030 2158 2219 2224 cebat;
2251 2165 2468 2228 tempus
2500 2171 2630 2212 vero
2676 2157 2951 2212 incassum
2986 2156 3287 2212 terebatur.
3332 2156 3465 2210 Erat
3494 2158 3608 2211 Au-

2031 2248 2250 2302 tiochiae
2289 2248 2359 2302 ad
2425 2245 2688 2302 Orontem
2741 2245 3030 2317 presbyter
3068 2244 3327 2314 quidam,
3384 2244 3608 2299 nomine

2028 2340 2304 2407 Joannes,
2347 2339 2515 2395 nobili
2553 2354 2755 2410 genere
2821 2345 2985 2393 natus
3022 2374 3037 2402 ,
3067 2336 3180 2390 vita
3212 2336 3421 2406 integer
3454 2374 3469 2401 ,
3524 2335 3610 2388 di-

2029 2434 2187 2489 cendi
2225 2432 2706 2503 persuadendique
2737 2430 2934 2485 artifex
2964 2429 3325 2500 egregius,et
3356 2426 3605 2483 omnium

2031 2525 2121 2582 sui
2162 2522 2427 2592 temporis
2474 2530 2756 2577 oratorum
2792 2518 3318 2589 prastautissimus,
3352 2517 3497 2572 sicut
3522 2515 3607 2570 Li-

2031 2619 2232 2675 banius
2283 2615 2456 2689 Syrus
2515 2613 2765 2685 sophista
2818 2617 3054 2681 testatus
3116 2618 3220 2665 est.
3284 2608 3420 2663 Nam
3477 2625 3606 2667 cum

2031 2712 2337 2768 moriturus
2390 2714 2560 2774 esset,
2619 2702 3075 2777 percontantibus
3130 2700 3324 2756 amicis
3376 2700 3502 2772 quis
3548 2704 3607 2756 in

2029 2804 2153 2873 ejus
2198 2801 2382 2856 locum
2431 2796 2753 2855 succederet
2803 2812 2819 2849 :
2872 2792 3155 2857 Joannes,
3201 2789 3425 2862 inquit,
3494 2792 3605 2847 nisi

2029 2892 2334 2952 Christiani
2378 2891 2531 2946 illum
2574 2888 3007 2957 subripuissent.
3045 2883 3248 2939 Multos
3296 2897 3463 2954 porro
3509 2886 3603 2955 qui

2034 2989 2089 3045 in
2121 2986 2363 3044 ecclesia
2398 2986 2579 3056 ipsum
2614 2981 2912 3038 audiebant
2938 3019 2951 3041 ,
2992 2977 3061 3033 ad
3098 2976 3318 3032 virtutis
3358 2976 3603 3032 studium

2031 3080 2291 3151 impulit,
2332 3086 2387 3133 et
2433 3078 2491 3132 in
2544 3076 2799 3131 doctrina
2844 3074 2969 3130 ﬁdei
3013 3085 3075 3129 ut
3128 3068 3269 3125 idem
3319 3085 3444 3124 cuin
3483 3067 3607 3138 ipso

351 3165 560 3227 οἰκείας
604 3164 805 3234 ἀρετῆς
838 3162 1064 3217 ἐνετίθει
1109 3161 1267 3234 ζῆλον
1300 3166 1412 3228 τοῖς
1459 3166 1792 3236 ἀκροαταῖς·
1833 3164 1926 3217 καὶ

2044 3171 2321 3228 sentirent
2346 3169 2547 3224 effecit.
2580 3167 2719 3221 Nam
2759 3182 2886 3222 cum
2919 3167 3086 3220 vitam
3118 3172 3300 3235 ageret
3330 3163 3486 3233 plane
3517 3160 3604 3214 di-

352 3254 447 3310 ὲπὶ
477 3255 633 3309 τοῦτο
667 3254 866 3326 ῥᾳδίως
895 3253 1006 3325 (98)
1033 3255 1107 3317 ὡς
1136 3254 1196 3307 οὐ
1227 3254 1392 3327 τέχνῃ
1433 3258 1539 3309 τινὶ
1577 3256 1671 3310 καὶ
1697 3243 1924 3326 δυνάμει

352 3346 513 3415 λόγου
542 3345 784 3417 βιάζεται
808 3344 1165 3416 παραπλήσια
1209 3346 1452 3413 δοξάζειν
1481 3346 1659 3418 αὐτῷ’
1696 3347 1811 3402 ἀλλ’
1849 3347 1924 3410 ὡς

353 3437 465 3506 ἔχει
506 3437 761 3508 ἀληθείας
795 3436 944 3506 (99),
992 3436 1298 3506 εἰλικρινῶς
1344 3437 1444 3501 τὰς
1484 3440 1635 3509 ἰεράς
1680 3439 1927 3510 ἐξηγεῖτο

352 3528 577 3592 Βίϐλους
599 3545 614 3558 ·
648 3528 805 3594 λόγος
840 3528 950 3598 γὰρ
996 3528 1101 3580 ὑπὸ
1158 3528 1268 3580 τῶν
1317 3528 1494 3600 ἔργων
1531 3531 1923 3600 κοσμούμενος,

353 3623 590 3684 πίστεως
639 3621 789 3686 ἄξιος
840 3621 1063 3685 εἰκότως
1097 3621 1366 3690 φαίνεται.
1402 3623 1566 3676 ’Λνευ
1609 3623 1665 3676 δὲ
1697 3625 1923 3689 τούτων,

354 3712 551 3782 εἴρωνα
584 3711 678 3765 καὶ
723 3710 829 3765 τῶν
862 3710 1007 3765 ἰδίων
1062 3711 1232 3779 λόγων
1282 3713 1585 3783 κατήγορον
1636 3714 1925 3782 ἀποφαίνει

352 3803 445 3857 τὸν
478 3803 747 3872 λέγοντα,
795 3802 899 3856 κᾶν
948 3803 1223 3875 σπουδάζῃ
1278 3803 1561 3859 διδάσκων.
1596 3805 1686 3877 Τῷ
1725 3807 1780 3860 δὲ
1809 3808 1929 3862 κατ’

353 3892 639 3963 ἀμφότερα
676 3892 982 3963 εὐδοκιμεῖν
1022 3893 1250 3964 προσῆν.
1288 3894 1499 3966 Ἀγωγῇ
1542 3895 1641 3966 μὲν
1674 3896 1784 3968 γὰρ
1813 3897 1929 3968 βίου

356 3985 631 4053 σώφρονι,
686 3985 781 4036 καὶ
826 3982 1070 4053 πολιτείᾳ
1115 3983 1334 4053 ἀκριῦεϊ
1379 3985 1608 4057 ἐχρῆτο’
1641 3988 1837 4057 φράσει
1874 3988 1931 4042 δὲ

354 4072 515 4141 λόγου
551 4075 713 4138 σαφεῖ
738 4073 875 4143 μετὰ
903 4073 1285 4145 λαμπρότητος
1310 4092 1324 4107 ’
1360 4076 1576 4145 φύσεώς
1614 4096 1675 4133 τε
1715 4079 1823 4151 γὰρ
1869 4075 1930 4134 εὖ

354 4161 502 4232 ἔσχε.
532 4162 890 4228 Διδασκάλους
918 4163 1012 4230 δὲ,
1061 4167 1162 4235 τῆς
1218 4167 1315 4235 μὲν
1364 4170 1491 4239 περὶ
1535 4170 1662 4235 τοὺς
1695 4172 1930 4242 ῥήτορας

354 4254 675 4324 ἀσκήσεως,
704 4255 994 4311 Διόἀνιον·
1059 4257 1441 4328 Ἀνδραγάοιον
1495 4260 1591 4326 δὲ,
1641 4262 1749 4316 τῶν
1802 4264 1930 4334 περὶ

355 4345 674 4415 φιλοσοφίας
700 4345 892 4415 λόγων.
923 4347 1325 4420 Προσδοκηθεὶς
1357 4349 1413 4402 δὲ
1441 4350 1595 4416 δίκας
1621 4352 1914 4422 ἀγορεύειν

437 4460 453 4490 ¹
484 4459 637 4515 Socr.
695 4461 784 4514 lib.
821 4477 892 4525 vn,
931 4475 980 4514 c.
1014 4460 1049 4514 2
1097 4461 1149 4518 5.

2030 3263 2241 3326 vinam,
2289 3260 2355 3315 ad
2382 3258 2794 3315 aemulationem
2844 3258 3068 3313 virtutis
3122 3271 3236 3313 sure
3289 3254 3606 3308 auditorum

2033 3354 2249 3409 animos
2285 3351 2581 3407 excitabat.
2612 3348 2746 3404 Post
2781 3349 2897 3404 haec
2924 3362 3056 3404 vero
3100 3347 3265 3418 326
3309 3345 3469 3400 facile
3510 3358 3608 3399 eos

2030 3444 2364 3508 adducebat,
2396 3449 2456 3497 ut
2506 3442 2751 3496 eamdem
2781 3456 2970 3496 secum
3020 3440 3349 3495 sententiam
3401 3436 3608 3505 ample-

2026 3543 2345 3599 eterentur;
2379 3533 2584 3603 quippe
2609 3533 2702 3601 qui
2742 3547 2853 3585 non
2898 3540 3017 3584 arte
3061 3529 3298 3600 quadam
3356 3535 3451 3582 aut
3500 3530 3608 3583 elu-

2026 3626 2269 3698 quéntiic
2316 3626 2368 3678 vi
2424 3623 2578 3679 istud
2634 3633 2867 3693 ageret,
2904 3620 3000 3676 sed
3051 3623 3287 3683 sincere.
3346 3630 3603 3689 tanquam

2023 3714 2276 3771 veritatis
2308 3712 2615 3774 studiosus,
2666 3726 2858 3765 sacras
2911 3710 3229 3780 Scripturas
3280 3716 3603 3779 exponeret;

2025 3808 2227 3863 etenim
2279 3805 2458 3860 oratio
2533 3818 2653 3874 qua!
2707 3803 2967 3873 operibus
3011 3811 3353 3868 exornatur,
3404 3800 3605 3856 merito

2026 3896 2251 3950 videtur
2281 3893 2385 3948 ﬁde
2415 3891 2582 3963 digna
2611 3910 2626 3961 ;
2661 3892 2708 3948 si
2738 3907 2870 3947 vero
2903 3892 3169 3964 operibus
3206 3892 3473 3947 destituta
3506 3891 3601 3957 sit,

2026 3996 2300 4043 oratorem
2337 3987 2693 4058 impostorem
2742 3999 2866 4042 esse
2900 3985 3104 4056 arguit,
3138 3999 3203 4039 ac
3252 3983 3603 4052 suorume-

2027 4079 2145 4135 sius
2173 4080 2447 4135 dictorum
2494 4079 2971 4149 reprehensorcm,
3023 4076 3245 4131 tametsi
3299 4076 3347 4130 is
3397 4075 3451 4128 in
3503 4074 3603 4129 do-

2030 4168 2214 4225 cendo
2241 4183 2455 4239 magnae
2485 4167 2559 4223 sit
2592 4166 2909 4237 diligentiae.
2946 4167 3124 4219 Porro
3172 4162 3417 4219 Joannes
3459 4171 3604 4219 utra-

2029 4276 2139 4332 que
2170 4260 2334 4315 laude
2364 4273 2429 4314 ex
2468 4273 2627 4329 aequo
2668 4256 2875 4311 ﬂoruit.
2903 4256 3036 4311 Nam
3068 4258 3193 4323 ejus
3242 4256 3463 4325 quidem
3518 4256 3604 4310 vi-

2030 4351 2195 4409 vendi
2226 4353 2370 4406 ratio
2399 4358 2453 4405 et
2490 4348 2843 4404 conversatio
2889 4351 3075 4419 gravis
3118 4348 3217 4402 fuit
3257 4362 3322 4435 ac
3362 4362 3552 4402 severa
3586 4365 3603 4403 :

1506 4551 1771 4609 VALESII
1804 4551 2355 4610 ANNOTATIONES.

432 4667 543 4740 (97)
606 4671 936 4741 ηλείστους
987 4670 1055 4741 δὲ
1113 4670 1231 4723 τῶν
1299 4669 1485 4741 αὑτοῦ
1560 4670 1924 4723 ἀκουόντων.

2040 4672 2490 4741 interpretatione
2510 4686 2794 4727 sacrorum
2822 4671 3132 4725 Librorum.
3165 4670 3261 4724 llic
3285 4680 3367 4724 est
3405 4685 3604 4741 sensus

356 4737 599 4794 Joannes
630 4737 846 4811 Langus
882 4739 1377 4811 qui_Nicephoruiu
1424 4737 1621 4811 Latine
1653 4742 1923 4807 interpre-

358 4818 505 4862 tatus
539 4816 643 4870 est,
695 4810 810 4865 haec
861 4808 928 4864 de.
982 4808 1194 4865 Liban’ii
1228 4810 1516 4879 discipulis
1572 4810 1681 4864 dici
1733 4811 1925 4864 existi-

356 4879 546 4940 mavit,
581 4879 696 4946 qui,
730 4894 855 4932 cum
881 4879 1145 4935 Joannem
1181 4881 1409 4950 publice
1446 4880 1499 4934 in
1546 4880 1783 4950 ecclesia
1820 4881 1921 4933 do-

357 4956 571 5004 centem
605 4950 794 5002 audire
824 4949 1265 5011 consucvissent,
1292 4951 1356 5003 ad
1383 4949 1587 5005 Christi
1614 4949 1771 5004 iidem
1795 4966 1926 5005 con-

361 5019 505 5073 versi
542 5027 690 5074 sunt.
726 5020 954 5074 Praestat
987 5032 1166 5075 tamen
1204 5021 1318 5075 haec
1345 5021 1410 5074 de
1461 5020 1677 5074 cunctis
1698 5035 1926 5090 genera-

362 5090 507 5162 liter,
542 5096 650 5141 tam
680 5091 926 5162 paganis,
965 5106 1128 5159 quam
1184 5090 1451 5162 lucreticis
1480 5091 1808 5161 intelligere,
1834 5092 1927 5162 qui

362 5161 424 5213 ad
457 5158 717 5211 Joannem
756 5158 1080 5215 audiendum
1109 5160 1474 5216 conﬂuebant.

432 5229 545 5309 ινδ)
572 5300 582 5309 _
608 5230 716 5309 Κᾳὶ
756 5229 855 5309 ἐπὶ
892 5231 1066 5309 τοῦτο
1094 5230 1350 5309 ῥᾳδίως.
1412 5232 1645 5309 Sensum
1690 5229 1925 5309 .qujdctn

364 5299 527 5366 hujus
570 5300 674 5371 loci
706 5301 839 5352 satis
873 5299 1166 5371 per-Spicio.
1208 5301 1384 5370 Supra
1417 5302 1559 5354 enim
1592 5301 1729 5356 dixit
1758 5299 1928 5371 Sozo-

362 5384 561 5423 nienus
618 5367 886 5423 Joannem
940 5367 1261 5425 iniecclesia
1293 5367 1727 5426 Vconcionautem
1770 5370 1926 5424 audi-

362 5449 510 5493 tores
543 5454 676 5494 suus
704 5442 769 5493 ad
807 5441 1024 5496 virtutis
1046 5441 1307 5505 studium,
1338 5450 1393 5494 et
1418 5441 1484 5494 ad
1524 5450 1727 5494 rectam
1762 5451 1927 5509 atque

361 5508 723 5564 orthodoxaui
759 5510 916 5563 ﬁdem
955 5512 1285 5565 traduxisse.
1335 5511 1415 5564 Ac
1453 5511 1671 5566 virtutis
1714 5508 1934 5579 quidem

362 5579 604 5634 studium
645 5595 833 5633 eorum
869 5581 1143 5635 mentibus
1185 5581 1503 5637 insinuasse
1528 5583 1777 5650 exemplo
1810 5581 1934 5635 vitae

362 5663 428 5703 ac
495 5650 933 5704 conversationis
985 5666 1146 5704 sme:
1194 5658 1398 5703 rectam
1452 5665 1582 5704 vero
1632 5649 1790 5706 ﬁdem
1853 5650 1935 5705 eis

363 5720 728 5789 persua-isse.
764 5733 870 5772 non
904 5721 953 5773 vi
996 5720 1283 5784 lacundiae,
1319 5721 1413 5775 sed
1454 5735 1589 5791 pura
1620 5734 1683 5776 ac
1720 5721 1934 5779 sincera

687 5810 965 5869 PATROL.
1005 5811 1121 5871 Gn.
1171 5811 1401 5871 LXVII.

2032 4740 2200 4802 huius
2237 4742 2383 4795 loci:
2429 4743 2554 4795 licet
2600 4742 2762 4795 verba
2811 4751 3068 4809 corrupta
3122 4742 3253 4795 sint.
3314 4741 3369 4793 ln
3414 4740 3606 4796 codice

2031 4809 2638 4882 Fuketianowscriptum
2692 4812 2883 4882 inveni
2911 4812 3004 4865 xui
3057 4810 3148 4864 ἐπὶ
3197 4809 3452 4882 τοσοῦτον
3483 4813 3608 4882 .ρᾳ-

2028 4881 2180 4945 δίως,
2207 4891 2313 4935 etc.
2343 4881 2455 4951 Ego
2482 4896 2609 4935 vero
2635 4881 2984 4937 scribendum
3009 4889 3141 4951 puto
3170 4882 3264 4933 καὶ
3285 4880 3377 4933 ἐπὶ
3405 4880 3599 4951 τούτῳ.

2032 4951 2206 5015 Quam
2251 4954 2534 5006 lectionem
2593 4952 2644 5003 in
2696 4952 2946 5006 versione
3010 4967 3126 5004 inea
3179 4966 3301 5007 sum
3356 4959 3603 5006 secutus.

2032 5022 2101 5075 At
2151 5020 2493 5089 Nirephorus
2548 5021 2694 5074 hunc
2734 5020 3020 5076 Sozomeni
3054 5022 3231 5075 locum
3268 5022 3342 5074 ita
3385 5036 3607 5089 expres-

2033 5092 2145 5162 sit:
2173 5094 2271 5162 mi.
2297 5090 2571 5162 ἐχειροῦτο
2619 5091 2814 5162 ῥᾳδίως
2851 5090 3098 5144 ἐντεῦθεν
3140 5092 3267 5155 τοὺς
3299 5091 3603 5162 πλείστους,

2034 5161 2126 5232 καί
2163 5177 2225 5227 γε
2248 5147 2442 5232 επέὶθέ
2467 5147 2821 5232 παραπλήσια
2846 5161 3083 5226 δοξάζειν
3115 5147 3330 5232 ἐκείνῳ·
3360 5162 3420 5214 οὐ
3440 5147 3603 5232 τέχνη

2032 5230 2093 5299 δή
2126 5247 2232 5282 τινι
2261 5233 2356 5304 καί
2379 5229 2741 5304 ῥώμη-λόγων
2773 5233 2909 5304 πρὸς
2941 5233 3129 5285 ἑαυτὸν
3151 5229 3330 5304 ἕλκειν
3359 5229 3607 5304 ὲξδιαζό-

2038 5297 2388 5375 μενοςςῌάλλί
2436 5297 2744 5375 ingemas;
2774 5297 2862 5375 ἦν,
2918 5305 3109 5373 ὅτιπερ
3155 5299 3459 5369 εἰλιγρινῶς
3507 5297 3607 5360 τὰς

2035 5371 2185 5443 ἰεράς
2211 5370 2460 5443 ἐξηγεῖτο
2478 5370 2728 5443 Γραφάς.

2108 5441 2218 5510 (99)
2265 5436 2415 5495 Ἀλλ’
2453 5436 2543 5509 ὡς’
2569 5436 2695 5509 ἕλει
2736 5444 3041 5510 ἀληθείας.
3092 5441 3221 5494 Post
3276 5440 3392 5510 haec
3445 5436 3609 5510 verba

2036 5506 2213 5585 adjeci
2235 5506 2552 5585 adverbium
2580 5506 3027 5585 inamoena
3058 5512 3248 5585 codice
3284 5506 3606 5585 Fuﬁkelianp,

2036 5576 2207 5658 quod
2241 5582 2684 5658 habeturﬂetiatu
2734 5576 2878 5658 apud
2904 5576 3305 5658 Nicephorum.
3348 5576 3608 5658 [10”ij

2038 5646 2142 5775 got:
2196 5651 2317 5775 loeto
2377 5653 2596 5711 mallem
2644 5646 2886 5710 scribere
2915 5653 2990 5714 ὡς
3034 5648 3145 5719 ἔχει
3208 5649 3278 5702 τὰ
3333 5647 3431 5717 τῆς
3477 5646 3611 5719 ἀληο

2073 5738 2210 5775 stac.
2234 5737 2262 5775 e
2291 5737 2340 5775 c.

2073 5722 2210 5789 είας,
2234 5730 2340 5778 etc.

3207 5810 3280 5873 48
