  <div class='ocr_page' id='page_1' title='image "/cluster/home/n/w/nwhite01/storage/ocr_20150623/67/hvd.32044020707378/763.png"; bbox 0 0 4054 6188; ppageno 0'>
   <div class='ocr_carea' id='block_1_1' title="bbox 465 275 626 330">
    <p class='ocr_par' dir='ltr' id='par_1_1' title="bbox 465 275 626 330">
     <span class='ocr_line' id='line_1_1' title="bbox 465 275 626 330; baseline -0.006 0"><span class='ocrx_word' id='word_1_1' title='bbox 465 275 626 330; x_wconf 66' lang='grc'><strong>’1515</strong></span> 
     </span>
    </p>
   </div>
   <div class='ocr_carea' id='block_1_2' title="bbox 1959 262 2303 320">
    <p class='ocr_par' dir='ltr' id='par_1_2' title="bbox 1959 262 2303 320">
     <span class='ocr_line' id='line_1_2' title="bbox 1959 262 2303 320; baseline 0.006 -2"><span class='ocrx_word' id='word_1_2' title='bbox 1959 262 2182 318; x_wconf 75' lang='grc' dir='ltr'><strong>8οΖοΜ</strong></span> <span class='ocrx_word' id='word_1_3' title='bbox 2193 263 2303 320; x_wconf 79' lang='lat' dir='ltr'><strong>ENI</strong></span> 
     </span>
    </p>
   </div>
   <div class='ocr_carea' id='block_1_3' title="bbox 3599 266 3746 324">
    <p class='ocr_par' dir='ltr' id='par_1_3' title="bbox 3599 266 3746 324">
     <span class='ocr_line' id='line_1_3' title="bbox 3599 266 3746 324; baseline 0.014 -2"><span class='ocrx_word' id='word_1_4' title='bbox 3599 266 3746 324; x_wconf 70' lang='lat' dir='ltr'><strong>15l5</strong></span> 
     </span>
    </p>
   </div>
   <div class='ocr_carea' id='block_1_4' title="bbox 461 376 2052 458">
    <p class='ocr_par' dir='ltr' id='par_1_4' title="bbox 461 382 2052 458">
     <span class='ocr_line' id='line_1_4' title="bbox 461 382 2052 458; baseline -0.009 -10"><span class='ocrx_word' id='word_1_5' title='bbox 461 391 655 448; x_wconf 20' lang='lat' dir='ltr'><strong>idictio</strong></span> <span class='ocrx_word' id='word_1_6' title='bbox 699 403 830 444; x_wconf 86' lang='lat' dir='ltr'><strong>vero</strong></span> <span class='ocrx_word' id='word_1_7' title='bbox 877 386 1168 458; x_wconf 89' lang='lat' dir='ltr'><strong>perspicua</strong></span> <span class='ocrx_word' id='word_1_8' title='bbox 1216 383 1383 441; x_wconf 90' lang='lat' dir='ltr'><strong>simul</strong></span> <span class='ocrx_word' id='word_1_9' title='bbox 1436 400 1500 440; x_wconf 91' lang='lat' dir='ltr'><strong>ac</strong></span> <span class='ocrx_word' id='word_1_10' title='bbox 1552 383 1866 455; x_wconf 66' lang='lat' dir='ltr'><strong>splendida.</strong></span> <span class='ocrx_word' id='word_1_11' title='bbox 1917 382 2052 437; x_wconf 85' lang='lat' dir='ltr'><strong>Cum</strong></span> 
     </span>
    </p>
   </div>
   <div class='ocr_carea' id='block_1_5' title="bbox 2157 376 3743 458">
    <p class='ocr_par' dir='ltr' id='par_1_5' title="bbox 2165 376 3743 454">
     <span class='ocr_line' id='line_1_5' title="bbox 2165 376 3743 454; baseline 0.001 -19"><span class='ocrx_word' id='word_1_12' title='bbox 2165 383 2258 435; x_wconf 69' lang='grc' dir='ltr'>καὶ</span> <span class='ocrx_word' id='word_1_13' title='bbox 2306 383 2492 437; x_wconf 75' lang='grc' dir='ltr'>τοῦτον</span> <span class='ocrx_word' id='word_1_14' title='bbox 2550 384 2791 454; x_wconf 80' lang='grc' dir='ltr'><strong>μετιέναι</strong></span> <span class='ocrx_word' id='word_1_15' title='bbox 2839 384 2931 436; x_wconf 75' lang='grc' dir='ltr'><strong>τὸν</strong></span> <span class='ocrx_word' id='word_1_16' title='bbox 2990 382 3135 453; x_wconf 82' lang='grc' dir='ltr'>βίον,</span> <span class='ocrx_word' id='word_1_17' title='bbox 3176 381 3406 450; x_wconf 83' lang='grc' dir='ltr'>ἐγνώκει</span> <span class='ocrx_word' id='word_1_18' title='bbox 3457 376 3555 445; x_wconf 84' lang='grc' dir='ltr'><strong>τὰς</strong></span> <span class='ocrx_word' id='word_1_19' title='bbox 3587 385 3743 454; x_wconf 76' lang='grc' dir='ltr'>ίερὰς</span> 
     </span>
    </p>
   </div>
   <div class='ocr_carea' id='block_1_6' title="bbox 483 474 2053 553">
    <p class='ocr_par' dir='ltr' id='par_1_6' title="bbox 483 474 2053 553">
     <span class='ocr_line' id='line_1_6' title="bbox 483 474 2053 553; baseline -0.008 -14"><span class='ocrx_word' id='word_1_20' title='bbox 483 482 628 539; x_wconf 86' lang='lat' dir='ltr'><strong>enim</strong></span> <span class='ocrx_word' id='word_1_21' title='bbox 663 480 882 553; x_wconf 82' lang='lat' dir='ltr'><strong>egregia</strong></span> <span class='ocrx_word' id='word_1_22' title='bbox 933 487 1084 534; x_wconf 80' lang='lat' dir='ltr'><strong>esset</strong></span> <span class='ocrx_word' id='word_1_23' title='bbox 1137 477 1344 544; x_wconf 77' lang='lat' dir='ltr'><strong>indole,</strong></span> <span class='ocrx_word' id='word_1_24' title='bbox 1405 477 1706 548; x_wconf 80' lang='lat' dir='ltr'><strong>magistros</strong></span> <span class='ocrx_word' id='word_1_25' title='bbox 1750 474 1943 530; x_wconf 93' lang='lat' dir='ltr'><strong>habuit</strong></span> <span class='ocrx_word' id='word_1_26' title='bbox 1999 475 2053 526; x_wconf 92' lang='lat' dir='ltr'><strong>in</strong></span> 
     </span>
    </p>
   </div>
   <div class='ocr_carea' id='block_1_7' title="bbox 481 565 2058 644">
    <p class='ocr_par' dir='ltr' id='par_1_7' title="bbox 481 565 2058 644">
     <span class='ocr_line' id='line_1_7' title="bbox 481 565 2058 644; baseline -0.008 -14"><span class='ocrx_word' id='word_1_27' title='bbox 481 583 603 630; x_wconf 86' lang='lat' dir='ltr'><strong>arte</strong></span> <span class='ocrx_word' id='word_1_28' title='bbox 635 573 857 644; x_wconf 84' lang='lat' dir='ltr'><strong>quidem</strong></span> <span class='ocrx_word' id='word_1_29' title='bbox 896 569 1175 625; x_wconf 86' lang='lat' dir='ltr'><strong>rhetorica</strong></span> <span class='ocrx_word' id='word_1_30' title='bbox 1216 568 1547 632; x_wconf 84' lang='lat' dir='ltr'><strong>Libanium,</strong></span> <span class='ocrx_word' id='word_1_31' title='bbox 1600 569 1655 622; x_wconf 90' lang='lat' dir='ltr'><strong>in</strong></span> <span class='ocrx_word' id='word_1_32' title='bbox 1706 565 2058 635; x_wconf 81' lang='lat' dir='ltr'><strong>philosophia</strong></span> 
     </span>
    </p>
   </div>
   <div class='ocr_carea' id='block_1_8' title="bbox 481 659 2056 731">
    <p class='ocr_par' dir='ltr' id='par_1_8' title="bbox 481 659 2056 731">
     <span class='ocr_line' id='line_1_8' title="bbox 481 659 2056 731; baseline -0.006 -13"><span class='ocrx_word' id='word_1_33' title='bbox 481 674 664 718; x_wconf 86' lang='lat' dir='ltr'><strong>autem</strong></span> <span class='ocrx_word' id='word_1_34' title='bbox 695 661 1154 731; x_wconf 80' lang='lat' dir='ltr'><strong>Andragathium.</strong></span> <span class='ocrx_word' id='word_1_35' title='bbox 1193 659 1366 712; x_wconf 85' lang='lat' dir='ltr'><strong>Porro</strong></span> <span class='ocrx_word' id='word_1_36' title='bbox 1395 673 1520 712; x_wconf 88' lang='lat' dir='ltr'><strong>cum</strong></span> <span class='ocrx_word' id='word_1_37' title='bbox 1562 673 1766 714; x_wconf 82' lang='lat' dir='ltr'><strong>causas</strong></span> <span class='ocrx_word' id='word_1_38' title='bbox 1805 664 2056 717; x_wconf 75' lang='lat' dir='ltr'><strong>acturus,</strong></span> 
     </span>
    </p>
   </div>
   <div class='ocr_carea' id='block_1_9' title="bbox 480 748 2058 826">
    <p class='ocr_par' dir='ltr' id='par_1_9' title="bbox 480 748 2058 826">
     <span class='ocr_line' id='line_1_9' title="bbox 480 748 2058 826; baseline -0.005 -17"><span class='ocrx_word' id='word_1_39' title='bbox 480 767 647 826; x_wconf 89' lang='lat' dir='ltr'><strong>atque</strong></span> <span class='ocrx_word' id='word_1_40' title='bbox 687 755 740 809; x_wconf 91' lang='lat' dir='ltr'><strong>id</strong></span> <span class='ocrx_word' id='word_1_41' title='bbox 799 769 974 823; x_wconf 86' lang='lat' dir='ltr'><strong>genus</strong></span> <span class='ocrx_word' id='word_1_42' title='bbox 1018 752 1146 805; x_wconf 84' lang='lat' dir='ltr'><strong>vitae</strong></span> <span class='ocrx_word' id='word_1_43' title='bbox 1187 759 1505 808; x_wconf 88' lang='lat' dir='ltr'><strong>sectaturus</strong></span> <span class='ocrx_word' id='word_1_44' title='bbox 1549 748 1888 811; x_wconf 86' lang='lat' dir='ltr'><strong>crederetur,</strong></span> <span class='ocrx_word' id='word_1_45' title='bbox 1939 749 2058 816; x_wconf 84' lang='lat' dir='ltr'><strong>ipse</strong></span> 
     </span>
    </p>
   </div>
   <div class='ocr_carea' id='block_1_10' title="bbox 482 835 2057 913">
    <p class='ocr_par' dir='ltr' id='par_1_10' title="bbox 482 835 2057 913">
     <span class='ocr_line' id='line_1_10' title="bbox 482 835 2057 913; baseline -0.008 -11"><span class='ocrx_word' id='word_1_46' title='bbox 482 846 659 902; x_wconf 90' lang='lat' dir='ltr'><strong>sacris</strong></span> <span class='ocrx_word' id='word_1_47' title='bbox 693 842 997 913; x_wconf 89' lang='lat' dir='ltr'><strong>Scripturis</strong></span> <span class='ocrx_word' id='word_1_48' title='bbox 1026 840 1349 896; x_wconf 85' lang='lat' dir='ltr'><strong>incumbere</strong></span> <span class='ocrx_word' id='word_1_49' title='bbox 1370 880 1383 902; x_wconf 92' lang='lat'><strong>,</strong></span> <span class='ocrx_word' id='word_1_50' title='bbox 1413 848 1467 893; x_wconf 90' lang='lat' dir='ltr'><strong>et</strong></span> <span class='ocrx_word' id='word_1_51' title='bbox 1492 839 1649 912; x_wconf 82' lang='lat' dir='ltr'><strong>juxta</strong></span> <span class='ocrx_word' id='word_1_52' title='bbox 1684 838 1832 907; x_wconf 87' lang='lat' dir='ltr'><strong>leges</strong></span> <span class='ocrx_word' id='word_1_53' title='bbox 1863 835 2057 890; x_wconf 79' lang='lat' dir='ltr'><strong>Eccle-</strong></span> 
     </span>
    </p>
   </div>
   <div class='ocr_carea' id='block_1_11' title="bbox 479 929 2058 1007">
    <p class='ocr_par' dir='ltr' id='par_1_11' title="bbox 479 929 2058 1007">
     <span class='ocr_line' id='line_1_11' title="bbox 479 929 2058 1007; baseline -0.006 -16"><span class='ocrx_word' id='word_1_54' title='bbox 479 938 578 992; x_wconf 71' lang='lat' dir='ltr'><strong>size</strong></span> <span class='ocrx_word' id='word_1_55' title='bbox 622 933 1004 1007; x_wconf 87' lang='lat' dir='ltr'><strong>philosophari</strong></span> <span class='ocrx_word' id='word_1_56' title='bbox 1039 932 1350 986; x_wconf 87' lang='lat' dir='ltr'><strong>constituit.</strong></span> <span class='ocrx_word' id='word_1_57' title='bbox 1401 929 1581 1000; x_wconf 85' lang='lat' dir='ltr'><strong>Hujus</strong></span> <span class='ocrx_word' id='word_1_58' title='bbox 1611 945 1775 999; x_wconf 86' lang='lat' dir='ltr'><strong>porro</strong></span> <span class='ocrx_word' id='word_1_59' title='bbox 1809 929 2058 999; x_wconf 86' lang='lat' dir='ltr'><strong>philoso-</strong></span> 
     </span>
    </p>
   </div>
   <div class='ocr_carea' id='block_1_12' title="bbox 481 1020 2057 1098">
    <p class='ocr_par' dir='ltr' id='par_1_12' title="bbox 481 1020 2057 1098">
     <span class='ocr_line' id='line_1_12' title="bbox 481 1020 2057 1098; baseline -0.004 -16"><span class='ocrx_word' id='word_1_60' title='bbox 481 1029 622 1098; x_wconf 71' lang='lat' dir='ltr'><strong>phiae</strong></span> <span class='ocrx_word' id='word_1_61' title='bbox 648 1027 947 1097; x_wconf 88' lang='lat' dir='ltr'><strong>magistros</strong></span> <span class='ocrx_word' id='word_1_62' title='bbox 979 1025 1174 1080; x_wconf 91' lang='lat' dir='ltr'><strong>habuit</strong></span> <span class='ocrx_word' id='word_1_63' title='bbox 1209 1039 1326 1084; x_wconf 90' lang='lat' dir='ltr'><strong>eos,</strong></span> <span class='ocrx_word' id='word_1_64' title='bbox 1362 1023 1458 1093; x_wconf 90' lang='lat' dir='ltr'><strong>qui</strong></span> <span class='ocrx_word' id='word_1_65' title='bbox 1499 1031 1632 1080; x_wconf 91' lang='lat' dir='ltr'><strong>tunc</strong></span> <span class='ocrx_word' id='word_1_66' title='bbox 1665 1020 1933 1090; x_wconf 88' lang='lat' dir='ltr'><strong>temporis</strong></span> <span class='ocrx_word' id='word_1_67' title='bbox 1957 1036 2057 1075; x_wconf 88' lang='lat' dir='ltr'><strong>no-</strong></span> 
     </span>
    </p>
   </div>
   <div class='ocr_carea' id='block_1_13' title="bbox 479 1111 2054 1183">
    <p class='ocr_par' dir='ltr' id='par_1_13' title="bbox 479 1111 2054 1183">
     <span class='ocr_line' id='line_1_13' title="bbox 479 1111 2054 1183; baseline -0.006 -8"><span class='ocrx_word' id='word_1_68' title='bbox 479 1119 683 1175; x_wconf 89' lang='lat' dir='ltr'><strong>bilibus</strong></span> <span class='ocrx_word' id='word_1_69' title='bbox 717 1119 830 1172; x_wconf 90' lang='lat' dir='ltr'><strong>illic</strong></span> <span class='ocrx_word' id='word_1_70' title='bbox 875 1116 1228 1171; x_wconf 87' lang='lat' dir='ltr'><strong>monasteriis</strong></span> <span class='ocrx_word' id='word_1_71' title='bbox 1282 1111 1687 1183; x_wconf 71' lang='lat' dir='ltr'><strong>praesidebant,</strong></span> <span class='ocrx_word' id='word_1_72' title='bbox 1739 1111 2054 1166; x_wconf 81' lang='lat' dir='ltr'><strong>Carterium</strong></span> 
     </span>
    </p>
   </div>
   <div class='ocr_carea' id='block_1_14' title="bbox 478 1203 2057 1275">
    <p class='ocr_par' dir='ltr' id='par_1_14' title="bbox 478 1203 2057 1275">
     <span class='ocr_line' id='line_1_14' title="bbox 478 1203 2057 1275; baseline -0.005 -9"><span class='ocrx_word' id='word_1_73' title='bbox 478 1210 712 1273; x_wconf 86' lang='lat' dir='ltr'><strong>scilicet,</strong></span> <span class='ocrx_word' id='word_1_74' title='bbox 757 1224 823 1264; x_wconf 90' lang='lat' dir='ltr'><strong>ac</strong></span> <span class='ocrx_word' id='word_1_75' title='bbox 863 1207 1163 1263; x_wconf 88' lang='lat' dir='ltr'><strong>Diodorum</strong></span> <span class='ocrx_word' id='word_1_76' title='bbox 1192 1247 1207 1272; x_wconf 95' lang='lat'><strong>,</strong></span> <span class='ocrx_word' id='word_1_77' title='bbox 1250 1205 1346 1275; x_wconf 87' lang='lat' dir='ltr'><strong>qui</strong></span> <span class='ocrx_word' id='word_1_78' title='bbox 1389 1212 1441 1258; x_wconf 90' lang='lat' dir='ltr'><strong>et</strong></span> <span class='ocrx_word' id='word_1_79' title='bbox 1468 1203 1764 1258; x_wconf 83' lang='lat' dir='ltr'><strong>Tarsensis</strong></span> <span class='ocrx_word' id='word_1_80' title='bbox 1795 1203 2057 1258; x_wconf 66' lang='lat' dir='ltr'><strong>Ecclesiae</strong></span> 
     </span>
    </p>
   </div>
   <div class='ocr_carea' id='block_1_15' title="bbox 476 1294 2051 1369">
    <p class='ocr_par' dir='ltr' id='par_1_15' title="bbox 476 1294 2051 1369">
     <span class='ocr_line' id='line_1_15' title="bbox 476 1294 2051 1369; baseline -0.004 -15"><span class='ocrx_word' id='word_1_81' title='bbox 476 1299 772 1369; x_wconf 83' lang='lat' dir='ltr'><strong>episcOpus</strong></span> <span class='ocrx_word' id='word_1_82' title='bbox 819 1299 940 1364; x_wconf 82' lang='lat' dir='ltr'><strong>fuit,</strong></span> <span class='ocrx_word' id='word_1_83' title='bbox 988 1299 1347 1364; x_wconf 87' lang='lat' dir='ltr'><strong>multosque,</strong></span> <span class='ocrx_word' id='word_1_84' title='bbox 1410 1295 1555 1348; x_wconf 89' lang='lat' dir='ltr'><strong>sicut</strong></span> <span class='ocrx_word' id='word_1_85' title='bbox 1609 1294 1824 1362; x_wconf 82' lang='lat' dir='ltr'><strong>accepi.</strong></span> <span class='ocrx_word' id='word_1_86' title='bbox 1877 1294 2051 1348; x_wconf 85' lang='lat' dir='ltr'><strong>libros</strong></span> 
     </span>
    </p>
   </div>
   <div class='ocr_carea' id='block_1_16' title="bbox 476 1386 2056 1466">
    <p class='ocr_par' dir='ltr' id='par_1_16' title="bbox 476 1386 2056 1466">
     <span class='ocr_line' id='line_1_16' title="bbox 476 1386 2056 1466; baseline -0.006 -18"><span class='ocrx_word' id='word_1_87' title='bbox 476 1393 716 1466; x_wconf 84' lang='lat' dir='ltr'><strong>posteris</strong></span> <span class='ocrx_word' id='word_1_88' title='bbox 743 1394 982 1462; x_wconf 87' lang='lat' dir='ltr'><strong>scriptos</strong></span> <span class='ocrx_word' id='word_1_89' title='bbox 1033 1389 1288 1458; x_wconf 85' lang='lat' dir='ltr'><strong>reliquit.</strong></span> <span class='ocrx_word' id='word_1_90' title='bbox 1338 1395 1389 1442; x_wconf 89' lang='lat' dir='ltr'><strong>et</strong></span> <span class='ocrx_word' id='word_1_91' title='bbox 1451 1401 1608 1439; x_wconf 90' lang='lat' dir='ltr'><strong>sacra</strong></span> <span class='ocrx_word' id='word_1_92' title='bbox 1667 1387 1945 1439; x_wconf 78' lang='lat' dir='ltr'><strong>volumina</strong></span> <span class='ocrx_word' id='word_1_93' title='bbox 1988 1386 2056 1440; x_wconf 87' lang='lat' dir='ltr'><strong>ad</strong></span> 
     </span>
    </p>
   </div>
   <div class='ocr_carea' id='block_1_17' title="bbox 478 1474 2057 1551">
    <p class='ocr_par' dir='ltr' id='par_1_17' title="bbox 478 1474 2057 1551">
     <span class='ocr_line' id='line_1_17' title="bbox 478 1474 2057 1551; baseline -0.003 -15"><span class='ocrx_word' id='word_1_94' title='bbox 478 1485 718 1537; x_wconf 84' lang='lat' dir='ltr'><strong>litteram</strong></span> <span class='ocrx_word' id='word_1_95' title='bbox 737 1482 1016 1551; x_wconf 77' lang='lat' dir='ltr'><strong>exposuit,</strong></span> <span class='ocrx_word' id='word_1_96' title='bbox 1048 1479 1355 1550; x_wconf 85' lang='lat' dir='ltr'><strong>repudiatis</strong></span> <span class='ocrx_word' id='word_1_97' title='bbox 1379 1477 1676 1546; x_wconf 85' lang='lat' dir='ltr'><strong>allegoriis.</strong></span> <span class='ocrx_word' id='word_1_98' title='bbox 1711 1474 1899 1546; x_wconf 85' lang='lat' dir='ltr'><strong>Neque</strong></span> <span class='ocrx_word' id='word_1_99' title='bbox 1931 1491 2057 1531; x_wconf 91' lang='lat' dir='ltr'><strong>vero</strong></span> 
     </span>
    </p>
   </div>
   <div class='ocr_carea' id='block_1_18' title="bbox 477 1567 2057 1637">
    <p class='ocr_par' dir='ltr' id='par_1_18' title="bbox 477 1567 2057 1637">
     <span class='ocr_line' id='line_1_18' title="bbox 477 1567 2057 1637; baseline -0.003 -11"><span class='ocrx_word' id='word_1_100' title='bbox 477 1573 630 1626; x_wconf 90' lang='lat' dir='ltr'><strong>solus</strong></span> <span class='ocrx_word' id='word_1_101' title='bbox 657 1587 780 1627; x_wconf 89' lang='lat' dir='ltr'><strong>sese</strong></span> <span class='ocrx_word' id='word_1_102' title='bbox 820 1573 1041 1624; x_wconf 82' lang='lat' dir='ltr'><strong>illm-um</strong></span> <span class='ocrx_word' id='word_1_103' title='bbox 1077 1568 1395 1637; x_wconf 82' lang='lat' dir='ltr'><strong>magisterio</strong></span> <span class='ocrx_word' id='word_1_104' title='bbox 1427 1567 1672 1622; x_wconf 82' lang='lat' dir='ltr'><strong>subdidit</strong></span> <span class='ocrx_word' id='word_1_105' title='bbox 1705 1586 1718 1621; x_wconf 88' lang='lat'><strong>:</strong></span> <span class='ocrx_word' id='word_1_106' title='bbox 1753 1568 1848 1622; x_wconf 88' lang='lat' dir='ltr'><strong>sed</strong></span> <span class='ocrx_word' id='word_1_107' title='bbox 1879 1575 1933 1620; x_wconf 89' lang='lat' dir='ltr'><strong>et</strong></span> <span class='ocrx_word' id='word_1_108' title='bbox 1971 1583 2057 1622; x_wconf 84' lang='lat' dir='ltr'><strong>so-</strong></span> 
     </span>
    </p>
   </div>
   <div class='ocr_carea' id='block_1_19' title="bbox 465 1657 2060 1722">
    <p class='ocr_par' dir='ltr' id='par_1_19' title="bbox 465 1657 2060 1722">
     <span class='ocr_line' id='line_1_19' title="bbox 465 1657 2060 1722; baseline 0 -8"><span class='ocrx_word' id='word_1_109' title='bbox 465 1661 694 1717; x_wconf 67' lang='lat' dir='ltr'><strong>~dalibus</strong></span> <span class='ocrx_word' id='word_1_110' title='bbox 733 1661 850 1716; x_wconf 90' lang='lat' dir='ltr'><strong>suis</strong></span> <span class='ocrx_word' id='word_1_111' title='bbox 873 1677 938 1714; x_wconf 84' lang='lat' dir='ltr'><strong>ex</strong></span> <span class='ocrx_word' id='word_1_112' title='bbox 991 1659 1208 1714; x_wconf 85' lang='lat' dir='ltr'><strong>Libauii</strong></span> <span class='ocrx_word' id='word_1_113' title='bbox 1238 1660 1450 1722; x_wconf 86' lang='lat' dir='ltr'><strong>schola,</strong></span> <span class='ocrx_word' id='word_1_114' title='bbox 1506 1665 1564 1712; x_wconf 90' lang='lat' dir='ltr'><strong>ut</strong></span> <span class='ocrx_word' id='word_1_115' title='bbox 1615 1658 1758 1713; x_wconf 91' lang='lat' dir='ltr'><strong>idem</strong></span> <span class='ocrx_word' id='word_1_116' title='bbox 1814 1657 2060 1714; x_wconf 82' lang='lat' dir='ltr'><strong>facerent</strong></span> 
     </span>
    </p>
   </div>
   <div class='ocr_carea' id='block_1_20' title="bbox 2162 473 3744 546">
    <p class='ocr_par' dir='ltr' id='par_1_20' title="bbox 2162 473 3744 546">
     <span class='ocr_line' id='line_1_20' title="bbox 2162 473 3744 546; baseline -0.001 -18"><span class='ocrx_word' id='word_1_117' title='bbox 2162 475 2446 528; x_wconf 77' lang='grc' dir='ltr'><strong>ἀσκεῖσθαι</strong></span> <span class='ocrx_word' id='word_1_118' title='bbox 2480 475 2730 539; x_wconf 85' lang='grc' dir='ltr'>Βίϐλους,</span> <span class='ocrx_word' id='word_1_119' title='bbox 2766 477 2859 530; x_wconf 73' lang='grc' dir='ltr'>καὶ</span> <span class='ocrx_word' id='word_1_120' title='bbox 2893 475 3034 528; x_wconf 76' lang='grc' dir='ltr'>κατὰ</span> <span class='ocrx_word' id='word_1_121' title='bbox 3063 475 3262 545; x_wconf 82' lang='grc' dir='ltr'>θεσμὸν</span> <span class='ocrx_word' id='word_1_122' title='bbox 3289 478 3385 546; x_wconf 81' lang='grc' dir='ltr'>τῆς</span> <span class='ocrx_word' id='word_1_123' title='bbox 3417 473 3744 545; x_wconf 82' lang='grc' dir='ltr'>Ἐκκλησίας</span> 
     </span>
    </p>
   </div>
   <div class='ocr_carea' id='block_1_21' title="bbox 2164 567 3746 638">
    <p class='ocr_par' dir='ltr' id='par_1_21' title="bbox 2164 567 3746 638">
     <span class='ocr_line' id='line_1_21' title="bbox 2164 567 3746 638; baseline -0.001 -18"><span class='ocrx_word' id='word_1_124' title='bbox 2164 567 2491 637; x_wconf 75' lang='grc' dir='ltr'>φιλοσοφεῖν.</span> <span class='ocrx_word' id='word_1_125' title='bbox 2525 568 2738 638; x_wconf 80' lang='grc' dir='ltr'><strong>Ταύτης</strong></span> <span class='ocrx_word' id='word_1_126' title='bbox 2795 567 2851 621; x_wconf 83' lang='grc' dir='ltr'>δὲ</span> <span class='ocrx_word' id='word_1_127' title='bbox 2901 568 3002 636; x_wconf 75' lang='grc' dir='ltr'>τῆς</span> <span class='ocrx_word' id='word_1_128' title='bbox 3039 567 3358 636; x_wconf 77' lang='grc' dir='ltr'><strong>φιλοσοφίας</strong></span> <span class='ocrx_word' id='word_1_129' title='bbox 3389 567 3746 632; x_wconf 76' lang='grc' dir='ltr'><strong>διδασκάλους</strong></span> 
     </span>
    </p>
   </div>
   <div class='ocr_carea' id='block_1_22' title="bbox 2161 658 3746 731">
    <p class='ocr_par' dir='ltr' id='par_1_22' title="bbox 2161 658 3746 731">
     <span class='ocr_line' id='line_1_22' title="bbox 2161 658 3746 731; baseline -0.001 -18"><span class='ocrx_word' id='word_1_130' title='bbox 2161 661 2284 731; x_wconf 76' lang='grc' dir='ltr'><strong>ἔσχε</strong></span> <span class='ocrx_word' id='word_1_131' title='bbox 2312 701 2327 725; x_wconf 98' lang='grc'><strong>,</strong></span> <span class='ocrx_word' id='word_1_132' title='bbox 2379 661 2505 724; x_wconf 80' lang='grc' dir='ltr'>τοὺς</span> <span class='ocrx_word' id='word_1_133' title='bbox 2552 661 2671 713; x_wconf 90' lang='grc' dir='ltr'>τότε</span> <span class='ocrx_word' id='word_1_134' title='bbox 2713 660 3058 731; x_wconf 77' lang='grc' dir='ltr'><strong>προεστῶτας</strong></span> <span class='ocrx_word' id='word_1_135' title='bbox 3105 659 3215 711; x_wconf 86' lang='grc' dir='ltr'><strong>τῶν</strong></span> <span class='ocrx_word' id='word_1_136' title='bbox 3269 659 3394 729; x_wconf 83' lang='grc' dir='ltr'>τῇδε</span> <span class='ocrx_word' id='word_1_137' title='bbox 3426 658 3746 729; x_wconf 77' lang='grc' dir='ltr'>περιφανῶν</span> 
     </span>
    </p>
   </div>
   <div class='ocr_carea' id='block_1_23' title="bbox 2162 751 3745 824">
    <p class='ocr_par' dir='ltr' id='par_1_23' title="bbox 2162 751 3745 824">
     <span class='ocr_line' id='line_1_23' title="bbox 2162 751 3745 824; baseline 0 -20"><span class='ocrx_word' id='word_1_138' title='bbox 2162 752 2537 823; x_wconf 83' lang='grc' dir='ltr'>ἀσκητηρίων,</span> <span class='ocrx_word' id='word_1_139' title='bbox 2568 751 2872 824; x_wconf 84' lang='grc' dir='ltr'>Καρτέριόν</span> <span class='ocrx_word' id='word_1_140' title='bbox 2904 767 2964 802; x_wconf 92' lang='grc' dir='ltr'><strong>τε</strong></span> <span class='ocrx_word' id='word_1_141' title='bbox 3021 751 3115 804; x_wconf 70' lang='grc' dir='ltr'>καὶ</span> <span class='ocrx_word' id='word_1_142' title='bbox 3147 751 3445 821; x_wconf 81' lang='grc' dir='ltr'><strong>Διόδωρον,</strong></span> <span class='ocrx_word' id='word_1_143' title='bbox 3475 751 3565 803; x_wconf 73' lang='grc' dir='ltr'>τὸν</span> <span class='ocrx_word' id='word_1_144' title='bbox 3604 753 3745 821; x_wconf 81' lang='grc' dir='ltr'>ἡγη-</span> 
     </span>
    </p>
   </div>
   <div class='ocr_carea' id='block_1_24' title="bbox 2165 838 3744 912">
    <p class='ocr_par' dir='ltr' id='par_1_24' title="bbox 2165 838 3744 912">
     <span class='ocr_line' id='line_1_24' title="bbox 2165 838 3744 912; baseline -0.002 -18"><span class='ocrx_word' id='word_1_145' title='bbox 2165 843 2393 911; x_wconf 84' lang='grc' dir='ltr'>σάμενον</span> <span class='ocrx_word' id='word_1_146' title='bbox 2426 845 2524 911; x_wconf 85' lang='grc' dir='ltr'>τῆς</span> <span class='ocrx_word' id='word_1_147' title='bbox 2573 843 2632 894; x_wconf 88' lang='grc' dir='ltr'><strong>ἐν</strong></span> <span class='ocrx_word' id='word_1_148' title='bbox 2689 839 2889 912; x_wconf 80' lang='grc' dir='ltr'>Ταρσῷ</span> <span class='ocrx_word' id='word_1_149' title='bbox 2937 839 3300 910; x_wconf 86' lang='grc' dir='ltr'>Ἐκκλησίας·</span> <span class='ocrx_word' id='word_1_150' title='bbox 3346 839 3408 892; x_wconf 76' lang='grc' dir='ltr'>ὃν</span> <span class='ocrx_word' id='word_1_151' title='bbox 3457 838 3744 909; x_wconf 77' lang='grc' dir='ltr'><strong>ἐπυθόμην</strong></span> 
     </span>
    </p>
   </div>
   <div class='ocr_carea' id='block_1_25' title="bbox 2165 929 3740 1002">
    <p class='ocr_par' dir='ltr' id='par_1_25' title="bbox 2165 929 3740 1002">
     <span class='ocr_line' id='line_1_25' title="bbox 2165 929 3740 1002; baseline -0.002 -17"><span class='ocrx_word' id='word_1_152' title='bbox 2165 933 2308 985; x_wconf 89' lang='grc' dir='ltr'>ἰδίων</span> <span class='ocrx_word' id='word_1_153' title='bbox 2364 933 2817 1002; x_wconf 79' lang='grc' dir='ltr'><strong>συγγραμμάτων</strong></span> <span class='ocrx_word' id='word_1_154' title='bbox 2864 930 3064 993; x_wconf 79' lang='grc' dir='ltr'>πολλὰς</span> <span class='ocrx_word' id='word_1_155' title='bbox 3118 930 3439 984; x_wconf 80' lang='grc' dir='ltr'>καταλιπεῖν</span> <span class='ocrx_word' id='word_1_156' title='bbox 3479 929 3698 999; x_wconf 85' lang='grc' dir='ltr'>βίϐλους</span> <span class='ocrx_word' id='word_1_157' title='bbox 3726 947 3740 961; x_wconf 75' lang='grc' dir='ltr'><strong>ο</strong></span> 
     </span>
    </p>
   </div>
   <div class='ocr_carea' id='block_1_26' title="bbox 2160 1021 3740 1093">
    <p class='ocr_par' dir='ltr' id='par_1_26' title="bbox 2160 1021 3740 1093">
     <span class='ocr_line' id='line_1_26' title="bbox 2160 1021 3740 1093; baseline 0 -19"><span class='ocrx_word' id='word_1_158' title='bbox 2160 1021 2290 1092; x_wconf 73' lang='grc' dir='ltr'>περὶ</span> <span class='ocrx_word' id='word_1_159' title='bbox 2321 1021 2378 1074; x_wconf 82' lang='grc' dir='ltr'>δὲ</span> <span class='ocrx_word' id='word_1_160' title='bbox 2423 1023 2484 1074; x_wconf 83' lang='grc' dir='ltr'>τὸ</span> <span class='ocrx_word' id='word_1_161' title='bbox 2519 1022 2680 1093; x_wconf 74' lang='grc' dir='ltr'>ῥητὸν</span> <span class='ocrx_word' id='word_1_162' title='bbox 2713 1021 2822 1074; x_wconf 86' lang='grc' dir='ltr'><strong>τῶν</strong></span> <span class='ocrx_word' id='word_1_163' title='bbox 2862 1021 3023 1092; x_wconf 84' lang='grc' dir='ltr'>ἱερῶν</span> <span class='ocrx_word' id='word_1_164' title='bbox 3073 1021 3247 1089; x_wconf 86' lang='grc' dir='ltr'>λόγων</span> <span class='ocrx_word' id='word_1_165' title='bbox 3304 1022 3401 1084; x_wconf 78' lang='grc' dir='ltr'>τὰς</span> <span class='ocrx_word' id='word_1_166' title='bbox 3450 1021 3740 1092; x_wconf 71' lang='grc' dir='ltr'><strong>ἐξηγήσεις</strong></span> 
     </span>
    </p>
   </div>
   <div class='ocr_carea' id='block_1_27' title="bbox 2161 1112 3738 1184">
    <p class='ocr_par' dir='ltr' id='par_1_27' title="bbox 2161 1112 3738 1184">
     <span class='ocr_line' id='line_1_27' title="bbox 2161 1112 3738 1184; baseline 0.001 -20"><span class='ocrx_word' id='word_1_167' title='bbox 2161 1113 2520 1182; x_wconf 80' lang='grc' dir='ltr'>ποιήσασθαι,</span> <span class='ocrx_word' id='word_1_168' title='bbox 2555 1113 2653 1176; x_wconf 71' lang='grc' dir='ltr'><strong>τὰς</strong></span> <span class='ocrx_word' id='word_1_169' title='bbox 2683 1113 2915 1184; x_wconf 83' lang='grc' dir='ltr'>θεωρίας</span> <span class='ocrx_word' id='word_1_170' title='bbox 2944 1112 3344 1181; x_wconf 76' lang='grc' dir='ltr'>ἀποφεύγοντα.</span> <span class='ocrx_word' id='word_1_171' title='bbox 3372 1115 3448 1166; x_wconf 87' lang='grc' dir='ltr'><strong>Οὐ</strong></span> <span class='ocrx_word' id='word_1_172' title='bbox 3491 1114 3651 1183; x_wconf 87' lang='grc' dir='ltr'>μόνος</span> <span class='ocrx_word' id='word_1_173' title='bbox 3682 1113 3738 1166; x_wconf 81' lang='grc' dir='ltr'>δὲ</span> 
     </span>
    </p>
   </div>
   <div class='ocr_carea' id='block_1_28' title="bbox 2162 1204 3740 1276">
    <p class='ocr_par' dir='ltr' id='par_1_28' title="bbox 2162 1204 3740 1276">
     <span class='ocr_line' id='line_1_28' title="bbox 2162 1204 3740 1276; baseline 0.008 -20"><span class='ocrx_word' id='word_1_174' title='bbox 2162 1205 2308 1274; x_wconf 84' lang='grc' dir='ltr'>παρὰ</span> <span class='ocrx_word' id='word_1_175' title='bbox 2345 1204 2555 1268; x_wconf 82' lang='grc' dir='ltr'><strong>τούτοις</strong></span> <span class='ocrx_word' id='word_1_176' title='bbox 2605 1206 2824 1274; x_wconf 83' lang='grc' dir='ltr'>ἐφοίτα·</span> <span class='ocrx_word' id='word_1_177' title='bbox 2857 1205 3040 1258; x_wconf 77' lang='grc' dir='ltr'>ἔπεισε</span> <span class='ocrx_word' id='word_1_178' title='bbox 3073 1205 3134 1258; x_wconf 84' lang='grc' dir='ltr'>δὲ</span> <span class='ocrx_word' id='word_1_179' title='bbox 3171 1206 3272 1273; x_wconf 85' lang='grc' dir='ltr'>τῆς</span> <span class='ocrx_word' id='word_1_180' title='bbox 3313 1205 3484 1275; x_wconf 81' lang='grc' dir='ltr'>αὐτῆς</span> <span class='ocrx_word' id='word_1_181' title='bbox 3513 1204 3740 1276; x_wconf 79' lang='grc' dir='ltr'>γνώμης</span> 
     </span>
    </p>
   </div>
   <div class='ocr_carea' id='block_1_29' title="bbox 2160 1291 3738 1367">
    <p class='ocr_par' dir='ltr' id='par_1_29' title="bbox 2160 1291 3738 1367">
     <span class='ocr_line' id='line_1_29' title="bbox 2160 1291 3738 1367; baseline 0.003 -21"><span class='ocrx_word' id='word_1_182' title='bbox 2160 1291 2297 1349; x_wconf 81' lang='grc' dir='ltr'>εἶναι</span> <span class='ocrx_word' id='word_1_183' title='bbox 2352 1297 2598 1367; x_wconf 80' lang='grc' dir='ltr'>ἑταίρους</span> <span class='ocrx_word' id='word_1_184' title='bbox 2658 1295 2824 1350; x_wconf 79' lang='grc' dir='ltr'>αὐτοῦ</span> <span class='ocrx_word' id='word_1_185' title='bbox 2874 1297 3198 1366; x_wconf 82' lang='grc' dir='ltr'>γενομένους</span> <span class='ocrx_word' id='word_1_186' title='bbox 3237 1299 3302 1350; x_wconf 86' lang='grc' dir='ltr'><strong>ἐκ</strong></span> <span class='ocrx_word' id='word_1_187' title='bbox 3354 1297 3453 1366; x_wconf 81' lang='grc' dir='ltr'>τῆς</span> <span class='ocrx_word' id='word_1_188' title='bbox 3484 1297 3738 1350; x_wconf 85' lang='grc' dir='ltr'>Λιϐανίου</span> 
     </span>
    </p>
   </div>
   <div class='ocr_carea' id='block_1_30' title="bbox 2158 1381 3740 1458">
    <p class='ocr_par' dir='ltr' id='par_1_30' title="bbox 2158 1381 3740 1458">
     <span class='ocr_line' id='line_1_30' title="bbox 2158 1381 3740 1458; baseline 0.001 -20"><span class='ocrx_word' id='word_1_189' title='bbox 2158 1384 2477 1456; x_wconf 80' lang='grc' dir='ltr'>διατριϐῆς,</span> <span class='ocrx_word' id='word_1_190' title='bbox 2506 1388 2778 1457; x_wconf 74' lang='grc' dir='ltr'>Θεόδωρόν</span> <span class='ocrx_word' id='word_1_191' title='bbox 2825 1405 2948 1441; x_wconf 90' lang='grc' dir='ltr'>τινα</span> <span class='ocrx_word' id='word_1_192' title='bbox 2992 1389 3085 1442; x_wconf 71' lang='grc' dir='ltr'>καὶ</span> <span class='ocrx_word' id='word_1_193' title='bbox 3132 1387 3399 1458; x_wconf 78' lang='grc' dir='ltr'>Μάξιμον.</span> <span class='ocrx_word' id='word_1_194' title='bbox 3429 1381 3530 1440; x_wconf 76' lang='grc' dir='ltr'>Ὧν</span> <span class='ocrx_word' id='word_1_195' title='bbox 3579 1391 3609 1442; x_wconf 86' lang='grc' dir='ltr'><strong>ό</strong></span> <span class='ocrx_word' id='word_1_196' title='bbox 3643 1389 3740 1458; x_wconf 77' lang='grc' dir='ltr'>μὲν</span> 
     </span>
    </p>
   </div>
   <div class='ocr_carea' id='block_1_31' title="bbox 2161 1467 3736 1551">
    <p class='ocr_par' dir='ltr' id='par_1_31' title="bbox 2161 1467 3736 1551">
     <span class='ocr_line' id='line_1_31' title="bbox 2161 1467 3736 1551; baseline 0.003 -24"><span class='ocrx_word' id='word_1_197' title='bbox 2161 1475 2386 1547; x_wconf 78' lang='grc' dir='ltr'>ὕστερον</span> <span class='ocrx_word' id='word_1_198' title='bbox 2413 1467 2955 1546; x_wconf 57' lang='grc' dir='ltr'>ἐπίσκοποξέγένετο</span> <span class='ocrx_word' id='word_1_199' title='bbox 2978 1479 3298 1542; x_wconf 76' lang='grc' dir='ltr'>Σελευκείας</span> <span class='ocrx_word' id='word_1_200' title='bbox 3325 1479 3428 1549; x_wconf 79' lang='grc' dir='ltr'>τῆς</span> <span class='ocrx_word' id='word_1_201' title='bbox 3460 1478 3736 1551; x_wconf 77' lang='grc' dir='ltr'>Ἰσαὺρωνο</span> 
     </span>
    </p>
   </div>
   <div class='ocr_carea' id='block_1_32' title="bbox 2161 1566 3741 1642">
    <p class='ocr_par' dir='ltr' id='par_1_32' title="bbox 2161 1566 3741 1642">
     <span class='ocr_line' id='line_1_32' title="bbox 2161 1566 3741 1642; baseline 0.003 -22"><span class='ocrx_word' id='word_1_202' title='bbox 2161 1566 2623 1638; x_wconf 75' lang='grc' dir='ltr'>Μο[μ]ψουεστίας</span> <span class='ocrx_word' id='word_1_203' title='bbox 2641 1569 2698 1622; x_wconf 85' lang='grc' dir='ltr'>δὲ</span> <span class='ocrx_word' id='word_1_204' title='bbox 2728 1572 2826 1640; x_wconf 83' lang='grc' dir='ltr'>τῆς</span> <span class='ocrx_word' id='word_1_205' title='bbox 2846 1570 3108 1632; x_wconf 84' lang='grc' dir='ltr'>Κιλίκων,</span> <span class='ocrx_word' id='word_1_206' title='bbox 3130 1570 3412 1641; x_wconf 86' lang='grc' dir='ltr'>Θεόδωρος</span> <span class='ocrx_word' id='word_1_207' title='bbox 3444 1570 3579 1641; x_wconf 80' lang='grc' dir='ltr'>(ι)‹ι,</span> <span class='ocrx_word' id='word_1_208' title='bbox 3603 1573 3741 1642; x_wconf 76' lang='grc' dir='ltr'>ἀνὴρ</span> 
     </span>
    </p>
   </div>
   <div class='ocr_carea' id='block_1_33' title="bbox 2160 1659 3740 1734">
    <p class='ocr_par' dir='ltr' id='par_1_33' title="bbox 2160 1659 3740 1734">
     <span class='ocr_line' id='line_1_33' title="bbox 2160 1659 3740 1734; baseline 0.004 -22"><span class='ocrx_word' id='word_1_209' title='bbox 2160 1659 2255 1712; x_wconf 72' lang='grc' dir='ltr'>καὶ</span> <span class='ocrx_word' id='word_1_210' title='bbox 2285 1660 2394 1712; x_wconf 85' lang='grc' dir='ltr'>τῶν</span> <span class='ocrx_word' id='word_1_211' title='bbox 2430 1660 2589 1731; x_wconf 76' lang='grc' dir='ltr'>ιερῶν</span> <span class='ocrx_word' id='word_1_212' title='bbox 2630 1661 2835 1715; x_wconf 83' lang='grc' dir='ltr'>Βίϐλων</span> <span class='ocrx_word' id='word_1_213' title='bbox 2856 1703 2870 1726; x_wconf 90' lang='grc'><strong>,</strong></span> <span class='ocrx_word' id='word_1_214' title='bbox 2906 1663 3000 1716; x_wconf 75' lang='grc' dir='ltr'>καὶ</span> <span class='ocrx_word' id='word_1_215' title='bbox 3041 1663 3138 1732; x_wconf 79' lang='grc' dir='ltr'>τῆς</span> <span class='ocrx_word' id='word_1_216' title='bbox 3167 1661 3332 1732; x_wconf 75' lang='grc' dir='ltr'>ἄλλης</span> <span class='ocrx_word' id='word_1_217' title='bbox 3362 1663 3613 1727; x_wconf 76' lang='grc' dir='ltr'>παιδείας</span> <span class='ocrx_word' id='word_1_218' title='bbox 3648 1665 3740 1734; x_wconf 78' lang='grc' dir='ltr'>ρη-</span> 
     </span>
    </p>
   </div>
   <div class='ocr_carea' id='block_1_34' title="bbox 478 1748 2052 1824">
    <p class='ocr_par' dir='ltr' id='par_1_34' title="bbox 478 1748 2052 1822">
     <span class='ocr_line' id='line_1_34' title="bbox 478 1748 2052 1822; baseline -0.003 -14"><span class='ocrx_word' id='word_1_219' title='bbox 478 1754 785 1822; x_wconf 86' lang='lat' dir='ltr'><strong>persuasit;</strong></span> <span class='ocrx_word' id='word_1_220' title='bbox 813 1750 1106 1806; x_wconf 81' lang='lat' dir='ltr'><strong>Theodoro</strong></span> <span class='ocrx_word' id='word_1_221' title='bbox 1137 1751 1404 1806; x_wconf 90' lang='lat' dir='ltr'><strong>nimirum</strong></span> <span class='ocrx_word' id='word_1_222' title='bbox 1445 1758 1500 1805; x_wconf 92' lang='lat' dir='ltr'><strong>et</strong></span> <span class='ocrx_word' id='word_1_223' title='bbox 1530 1748 1794 1805; x_wconf 83' lang='lat' dir='ltr'><strong>Maximo.</strong></span> <span class='ocrx_word' id='word_1_224' title='bbox 1814 1751 2052 1816; x_wconf 80' lang='lat' dir='ltr'><strong>Quorum</strong></span> 
     </span>
    </p>
   </div>
   <div class='ocr_carea' id='block_1_35' title="bbox 2157 1748 3737 1824">
    <p class='ocr_par' dir='ltr' id='par_1_35' title="bbox 2161 1751 3737 1824">
     <span class='ocr_line' id='line_1_35' title="bbox 2161 1751 3737 1824; baseline 0.004 -22"><span class='ocrx_word' id='word_1_225' title='bbox 2161 1751 2334 1820; x_wconf 86' lang='grc' dir='ltr'>τόρων</span> <span class='ocrx_word' id='word_1_226' title='bbox 2380 1769 2437 1803; x_wconf 84' lang='grc' dir='ltr'><strong>τε</strong></span> <span class='ocrx_word' id='word_1_227' title='bbox 2476 1751 2572 1804; x_wconf 72' lang='grc' dir='ltr'>καὶ</span> <span class='ocrx_word' id='word_1_228' title='bbox 2622 1751 2946 1820; x_wconf 73' lang='grc' dir='ltr'>φιλοσόφων,</span> <span class='ocrx_word' id='word_1_229' title='bbox 3002 1752 3184 1816; x_wconf 79' lang='grc' dir='ltr'>ίκανδς</span> <span class='ocrx_word' id='word_1_230' title='bbox 3218 1755 3557 1824; x_wconf 86' lang='grc' dir='ltr'>ἐπιστήμων.</span> <span class='ocrx_word' id='word_1_231' title='bbox 3602 1755 3737 1808; x_wconf 78' lang='grc' dir='ltr'>Ἀλλ’</span> 
     </span>
    </p>
   </div>
   <div class='ocr_carea' id='block_1_36' title="bbox 463 1840 2052 1915">
    <p class='ocr_par' dir='ltr' id='par_1_36' title="bbox 463 1840 2052 1915">
     <span class='ocr_line' id='line_1_36' title="bbox 463 1840 2052 1915; baseline -0.003 -15"><span class='ocrx_word' id='word_1_232' title='bbox 463 1845 564 1900; x_wconf 70' lang='grc' dir='ltr'>Ἰιὶε</span> <span class='ocrx_word' id='word_1_233' title='bbox 595 1845 820 1915; x_wconf 89' lang='lat' dir='ltr'><strong>quidem</strong></span> <span class='ocrx_word' id='word_1_234' title='bbox 858 1843 1128 1899; x_wconf 71' lang='lat' dir='ltr'><strong>Seleuciae</strong></span> <span class='ocrx_word' id='word_1_235' title='bbox 1160 1843 1215 1897; x_wconf 90' lang='lat' dir='ltr'><strong>in</strong></span> <span class='ocrx_word' id='word_1_236' title='bbox 1244 1841 1459 1898; x_wconf 79' lang='lat' dir='ltr'><strong>lsauria</strong></span> <span class='ocrx_word' id='word_1_237' title='bbox 1492 1860 1505 1895; x_wconf 88' lang='lat'><strong>:</strong></span> <span class='ocrx_word' id='word_1_238' title='bbox 1569 1840 1886 1897; x_wconf 72' lang='lat' dir='ltr'><strong>Theodorus</strong></span> <span class='ocrx_word' id='word_1_239' title='bbox 1921 1857 2052 1898; x_wconf 87' lang='lat' dir='ltr'><strong>vero</strong></span> 
     </span>
    </p>
   </div>
   <div class='ocr_carea' id='block_1_37' title="bbox 478 1931 2057 2006">
    <p class='ocr_par' dir='ltr' id='par_1_37' title="bbox 478 1931 2057 2006">
     <span class='ocr_line' id='line_1_37' title="bbox 478 1931 2057 2006; baseline -0.003 -16"><span class='ocrx_word' id='word_1_240' title='bbox 478 1935 828 2006; x_wconf 76' lang='lat' dir='ltr'><strong>&#39;llopsuestize</strong></span> <span class='ocrx_word' id='word_1_241' title='bbox 851 1935 905 1988; x_wconf 93' lang='lat' dir='ltr'><strong>in</strong></span> <span class='ocrx_word' id='word_1_242' title='bbox 937 1935 1137 1989; x_wconf 81' lang='lat' dir='ltr'><strong>Cilicia</strong></span> <span class='ocrx_word' id='word_1_243' title='bbox 1181 1935 1413 2006; x_wconf 83' lang='lat' dir='ltr'><strong>posthac</strong></span> <span class='ocrx_word' id='word_1_244' title='bbox 1436 1934 1738 2004; x_wconf 89' lang='lat' dir='ltr'><strong>episcopus</strong></span> <span class='ocrx_word' id='word_1_245' title='bbox 1799 1931 1922 1997; x_wconf 80' lang='lat' dir='ltr'><strong>fuit,</strong></span> <span class='ocrx_word' id='word_1_246' title='bbox 1974 1934 2057 1986; x_wconf 80' lang='lat' dir='ltr'><strong>vir</strong></span> 
     </span>
    </p>
   </div>
   <div class='ocr_carea' id='block_1_38' title="bbox 474 2024 2057 2095">
    <p class='ocr_par' dir='ltr' id='par_1_38' title="bbox 474 2024 2057 2095">
     <span class='ocr_line' id='line_1_38' title="bbox 474 2024 2057 2095; baseline -0.001 -13"><span class='ocrx_word' id='word_1_247' title='bbox 474 2037 590 2082; x_wconf 92' lang='lat' dir='ltr'><strong>tum</strong></span> <span class='ocrx_word' id='word_1_248' title='bbox 626 2030 681 2081; x_wconf 93' lang='lat' dir='ltr'><strong>in</strong></span> <span class='ocrx_word' id='word_1_249' title='bbox 707 2027 882 2082; x_wconf 85' lang='lat' dir='ltr'><strong>sacris</strong></span> <span class='ocrx_word' id='word_1_250' title='bbox 921 2025 1167 2091; x_wconf 88' lang='lat' dir='ltr'><strong>Litteris,</strong></span> <span class='ocrx_word' id='word_1_251' title='bbox 1223 2033 1339 2080; x_wconf 93' lang='lat' dir='ltr'><strong>tum</strong></span> <span class='ocrx_word' id='word_1_252' title='bbox 1383 2025 1438 2078; x_wconf 92' lang='lat' dir='ltr'><strong>in</strong></span> <span class='ocrx_word' id='word_1_253' title='bbox 1491 2025 1717 2094; x_wconf 87' lang='lat' dir='ltr'><strong>reliquis</strong></span> <span class='ocrx_word' id='word_1_254' title='bbox 1748 2024 2057 2095; x_wconf 82' lang='lat' dir='ltr'><strong>disciplinis</strong></span> 
     </span>
    </p>
   </div>
   <div class='ocr_carea' id='block_1_39' title="bbox 473 2115 2054 2186">
    <p class='ocr_par' dir='ltr' id='par_1_39' title="bbox 473 2115 2054 2186">
     <span class='ocr_line' id='line_1_39' title="bbox 473 2115 2054 2186; baseline -0.001 -14"><span class='ocrx_word' id='word_1_255' title='bbox 473 2119 759 2173; x_wconf 83' lang='lat' dir='ltr'><strong>rhetorum</strong></span> <span class='ocrx_word' id='word_1_256' title='bbox 785 2130 850 2169; x_wconf 88' lang='lat' dir='ltr'><strong>ac</strong></span> <span class='ocrx_word' id='word_1_257' title='bbox 887 2115 1348 2186; x_wconf 83' lang='lat' dir='ltr'><strong>philosophorum</strong></span> <span class='ocrx_word' id='word_1_258' title='bbox 1396 2131 1504 2170; x_wconf 90' lang='lat' dir='ltr'><strong>non</strong></span> <span class='ocrx_word' id='word_1_259' title='bbox 1538 2117 1888 2171; x_wconf 86' lang='lat' dir='ltr'><strong>mediocriter</strong></span> <span class='ocrx_word' id='word_1_260' title='bbox 1935 2133 2054 2172; x_wconf 81' lang='lat' dir='ltr'><strong>eru-</strong></span> 
     </span>
    </p>
   </div>
   <div class='ocr_carea' id='block_1_40' title="bbox 472 2207 2055 2279">
    <p class='ocr_par' dir='ltr' id='par_1_40' title="bbox 472 2207 2055 2279">
     <span class='ocr_line' id='line_1_40' title="bbox 472 2207 2055 2279; baseline 0 -15"><span class='ocrx_word' id='word_1_261' title='bbox 472 2210 647 2264; x_wconf 85' lang='lat' dir='ltr'><strong>ditus.</strong></span> <span class='ocrx_word' id='word_1_262' title='bbox 689 2209 869 2277; x_wconf 83' lang='lat' dir='ltr'><strong>Atque</strong></span> <span class='ocrx_word' id='word_1_263' title='bbox 901 2207 990 2263; x_wconf 92' lang='lat' dir='ltr'><strong>hic</strong></span> <span class='ocrx_word' id='word_1_264' title='bbox 1023 2207 1248 2277; x_wconf 87' lang='lat' dir='ltr'><strong>quidem</strong></span> <span class='ocrx_word' id='word_1_265' title='bbox 1293 2221 1420 2261; x_wconf 91' lang='lat' dir='ltr'><strong>cum</strong></span> <span class='ocrx_word' id='word_1_266' title='bbox 1474 2223 1644 2264; x_wconf 64' lang='lat' dir='ltr'><strong>sacrae</strong></span> <span class='ocrx_word' id='word_1_267' title='bbox 1690 2208 2055 2279; x_wconf 76' lang='lat' dir='ltr'><strong>philosophia:</strong></span> 
     </span>
    </p>
   </div>
   <div class='ocr_carea' id='block_1_41' title="bbox 475 2299 2054 2370">
    <p class='ocr_par' dir='ltr' id='par_1_41' title="bbox 475 2299 2054 2370">
     <span class='ocr_line' id='line_1_41' title="bbox 475 2299 2054 2370; baseline 0.001 -16"><span class='ocrx_word' id='word_1_268' title='bbox 475 2303 624 2369; x_wconf 83' lang='lat' dir='ltr'><strong>leges</strong></span> <span class='ocrx_word' id='word_1_269' title='bbox 679 2300 918 2370; x_wconf 88' lang='lat' dir='ltr'><strong>primum</strong></span> <span class='ocrx_word' id='word_1_270' title='bbox 969 2299 1282 2362; x_wconf 85' lang='lat' dir='ltr'><strong>didicisset,</strong></span> <span class='ocrx_word' id='word_1_271' title='bbox 1333 2307 1390 2354; x_wconf 93' lang='lat' dir='ltr'><strong>et</strong></span> <span class='ocrx_word' id='word_1_272' title='bbox 1436 2307 1758 2354; x_wconf 90' lang='lat' dir='ltr'><strong>sanctorum</strong></span> <span class='ocrx_word' id='word_1_273' title='bbox 1806 2299 2054 2356; x_wconf 89' lang='lat' dir='ltr'><strong>virorum</strong></span> 
     </span>
    </p>
   </div>
   <div class='ocr_carea' id='block_1_42' title="bbox 472 2390 2054 2455">
    <p class='ocr_par' dir='ltr' id='par_1_42' title="bbox 472 2390 2054 2455">
     <span class='ocr_line' id='line_1_42' title="bbox 472 2390 2054 2455; baseline 0 -9"><span class='ocrx_word' id='word_1_274' title='bbox 472 2391 846 2446; x_wconf 85' lang='lat' dir='ltr'><strong>contubernio</strong></span> <span class='ocrx_word' id='word_1_275' title='bbox 915 2406 1052 2446; x_wconf 91' lang='lat' dir='ltr'><strong>usus</strong></span> <span class='ocrx_word' id='word_1_276' title='bbox 1101 2397 1291 2455; x_wconf 89' lang='lat' dir='ltr'><strong>esset,</strong></span> <span class='ocrx_word' id='word_1_277' title='bbox 1343 2405 1465 2444; x_wconf 88' lang='lat' dir='ltr'><strong>eam</strong></span> <span class='ocrx_word' id='word_1_278' title='bbox 1512 2390 1731 2445; x_wconf 80' lang='lat' dir='ltr'><strong>vivendi</strong></span> <span class='ocrx_word' id='word_1_279' title='bbox 1772 2391 2054 2446; x_wconf 87' lang='lat' dir='ltr'><strong>rationem</strong></span> 
     </span>
    </p>
   </div>
   <div class='ocr_carea' id='block_1_43' title="bbox 474 2479 2054 2550">
    <p class='ocr_par' dir='ltr' id='par_1_43' title="bbox 474 2479 2054 2550">
     <span class='ocr_line' id='line_1_43' title="bbox 474 2479 2054 2550; baseline -0.001 -14"><span class='ocrx_word' id='word_1_280' title='bbox 474 2482 750 2550; x_wconf 78' lang='lat' dir='ltr'><strong>probavit,</strong></span> <span class='ocrx_word' id='word_1_281' title='bbox 781 2481 998 2536; x_wconf 81' lang='lat' dir='ltr'><strong>civilem</strong></span> <span class='ocrx_word' id='word_1_282' title='bbox 1040 2487 1222 2535; x_wconf 89' lang='lat' dir='ltr'><strong>autem</strong></span> <span class='ocrx_word' id='word_1_283' title='bbox 1274 2480 1439 2533; x_wconf 82' lang='lat' dir='ltr'><strong>vitam</strong></span> <span class='ocrx_word' id='word_1_284' title='bbox 1493 2479 1799 2535; x_wconf 90' lang='lat' dir='ltr'><strong>damnavit.</strong></span> <span class='ocrx_word' id='word_1_285' title='bbox 1852 2479 2054 2536; x_wconf 81' lang='lat' dir='ltr'><strong>Verum</strong></span> 
     </span>
    </p>
   </div>
   <div class='ocr_carea' id='block_1_44' title="bbox 473 2570 2054 2644">
    <p class='ocr_par' dir='ltr' id='par_1_44' title="bbox 473 2570 2054 2644">
     <span class='ocr_line' id='line_1_44' title="bbox 473 2570 2054 2644; baseline 0 -16"><span class='ocrx_word' id='word_1_286' title='bbox 473 2575 526 2629; x_wconf 87' lang='lat' dir='ltr'><strong>in</strong></span> <span class='ocrx_word' id='word_1_287' title='bbox 558 2573 752 2630; x_wconf 89' lang='lat' dir='ltr'><strong>codem</strong></span> <span class='ocrx_word' id='word_1_288' title='bbox 801 2573 1090 2644; x_wconf 85' lang='lat' dir='ltr'><strong>proposito</strong></span> <span class='ocrx_word' id='word_1_289' title='bbox 1126 2570 1559 2642; x_wconf 84' lang='lat' dir='ltr'><strong>haudquaquam</strong></span> <span class='ocrx_word' id='word_1_290' title='bbox 1626 2573 2005 2644; x_wconf 89' lang='lat' dir='ltr'><strong>perseveravit</strong></span> <span class='ocrx_word' id='word_1_291' title='bbox 2039 2591 2054 2628; x_wconf 89' lang='lat'><strong>:</strong></span> 
     </span>
    </p>
   </div>
   <div class='ocr_carea' id='block_1_45' title="bbox 471 2662 2056 2732">
    <p class='ocr_par' dir='ltr' id='par_1_45' title="bbox 471 2662 2056 2732">
     <span class='ocr_line' id='line_1_45' title="bbox 471 2662 2056 2732; baseline -0.001 -14"><span class='ocrx_word' id='word_1_292' title='bbox 471 2664 566 2718; x_wconf 88' lang='lat' dir='ltr'><strong>sed</strong></span> <span class='ocrx_word' id='word_1_293' title='bbox 601 2663 929 2732; x_wconf 69' lang='lat' dir='ltr'><strong>pmnitentia</strong></span> <span class='ocrx_word' id='word_1_294' title='bbox 956 2663 1177 2726; x_wconf 91' lang='lat' dir='ltr'><strong>ductus,</strong></span> <span class='ocrx_word' id='word_1_295' title='bbox 1231 2662 1296 2716; x_wconf 86' lang='lat' dir='ltr'><strong>ad</strong></span> <span class='ocrx_word' id='word_1_296' title='bbox 1332 2663 1575 2732; x_wconf 85' lang='lat' dir='ltr'><strong>priorem</strong></span> <span class='ocrx_word' id='word_1_297' title='bbox 1632 2663 1851 2717; x_wconf 86' lang='lat' dir='ltr'><strong>vivendi</strong></span> <span class='ocrx_word' id='word_1_298' title='bbox 1892 2665 2056 2718; x_wconf 87' lang='lat' dir='ltr'><strong>ratio-</strong></span> 
     </span>
    </p>
   </div>
   <div class='ocr_carea' id='block_1_46' title="bbox 473 2753 2056 2825">
    <p class='ocr_par' dir='ltr' id='par_1_46' title="bbox 473 2753 2056 2825">
     <span class='ocr_line' id='line_1_46' title="bbox 473 2753 2056 2825; baseline 0.001 -17"><span class='ocrx_word' id='word_1_299' title='bbox 473 2770 597 2809; x_wconf 90' lang='lat' dir='ltr'><strong>nem</strong></span> <span class='ocrx_word' id='word_1_300' title='bbox 624 2755 1026 2824; x_wconf 88' lang='lat' dir='ltr'><strong>abripiebatur.</strong></span> <span class='ocrx_word' id='word_1_301' title='bbox 1059 2753 1311 2824; x_wconf 87' lang='lat' dir='ltr'><strong>Cumque</strong></span> <span class='ocrx_word' id='word_1_302' title='bbox 1351 2755 1694 2825; x_wconf 88' lang='lat' dir='ltr'><strong>propositum</strong></span> <span class='ocrx_word' id='word_1_303' title='bbox 1725 2771 1887 2812; x_wconf 90' lang='lat' dir='ltr'><strong>suum</strong></span> <span class='ocrx_word' id='word_1_304' title='bbox 1918 2771 2056 2812; x_wconf 40' lang='lat' dir='ltr'><strong>con“</strong></span> 
     </span>
    </p>
   </div>
   <div class='ocr_carea' id='block_1_47' title="bbox 409 2843 2054 2917">
    <p class='ocr_par' dir='ltr' id='par_1_47' title="bbox 409 2843 2054 2917">
     <span class='ocr_line' id='line_1_47' title="bbox 409 2843 2054 2917; baseline 0 -16"><span class='ocrx_word' id='word_1_305' title='bbox 409 2843 416 2852; x_wconf 90' lang='grc'><em>’</em></span> <span class='ocrx_word' id='word_1_306' title='bbox 469 2846 748 2901; x_wconf 78' lang='lat' dir='ltr'><strong>firmasset</strong></span> <span class='ocrx_word' id='word_1_307' title='bbox 798 2847 1096 2900; x_wconf 89' lang='lat' dir='ltr'><strong>contrariis</strong></span> <span class='ocrx_word' id='word_1_308' title='bbox 1139 2848 1484 2916; x_wconf 78' lang='lat' dir='ltr'><strong>argumentis</strong></span> <span class='ocrx_word' id='word_1_309' title='bbox 1537 2861 1658 2917; x_wconf 75' lang='lat' dir='ltr'><strong>quae</strong></span> <span class='ocrx_word' id='word_1_310' title='bbox 1699 2863 1767 2902; x_wconf 77' lang='lat' dir='ltr'><strong>ex</strong></span> <span class='ocrx_word' id='word_1_311' title='bbox 1810 2857 2054 2902; x_wconf 78' lang='lat' dir='ltr'><strong>veterum</strong></span> 
     </span>
    </p>
   </div>
   <div class='ocr_carea' id='block_1_48' title="bbox 469 2938 2057 3011">
    <p class='ocr_par' dir='ltr' id='par_1_48' title="bbox 469 2938 2057 3011">
     <span class='ocr_line' id='line_1_48' title="bbox 469 2938 2057 3011; baseline 0.001 -21"><span class='ocrx_word' id='word_1_312' title='bbox 469 2939 738 3008; x_wconf 78' lang='lat' dir='ltr'><strong>exemplis</strong></span> <span class='ocrx_word' id='word_1_313' title='bbox 773 2939 1162 3008; x_wconf 83' lang='lat' dir='ltr'><strong>desutnpscrat</strong></span> <span class='ocrx_word' id='word_1_314' title='bbox 1222 2938 1363 3007; x_wconf 89' lang='lat' dir='ltr'><strong>(erat</strong></span> <span class='ocrx_word' id='word_1_315' title='bbox 1413 2941 1560 2993; x_wconf 90' lang='lat' dir='ltr'><strong>enim</strong></span> <span class='ocrx_word' id='word_1_316' title='bbox 1595 2939 1886 3011; x_wconf 89' lang='lat' dir='ltr'><strong>multiplici</strong></span> <span class='ocrx_word' id='word_1_317' title='bbox 1929 2955 2057 2994; x_wconf 87' lang='lat' dir='ltr'><strong>eru-</strong></span> 
     </span>
    </p>
   </div>
   <div class='ocr_carea' id='block_1_49' title="bbox 462 3028 2056 3099">
    <p class='ocr_par' dir='ltr' id='par_1_49' title="bbox 462 3028 2056 3099">
     <span class='ocr_line' id='line_1_49' title="bbox 462 3028 2056 3099; baseline 0.003 -17"><span class='ocrx_word' id='word_1_318' title='bbox 462 3030 679 3083; x_wconf 85' lang='lat' dir='ltr'><strong>ditione</strong></span> <span class='ocrx_word' id='word_1_319' title='bbox 716 3029 1034 3099; x_wconf 68' lang='lat' dir='ltr'><strong>praeditus),</strong></span> <span class='ocrx_word' id='word_1_320' title='bbox 1080 3028 1134 3082; x_wconf 93' lang='lat' dir='ltr'><strong>in</strong></span> <span class='ocrx_word' id='word_1_321' title='bbox 1165 3029 1360 3084; x_wconf 88' lang='lat' dir='ltr'><strong>urbem</strong></span> <span class='ocrx_word' id='word_1_322' title='bbox 1396 3046 1654 3086; x_wconf 88' lang='lat' dir='ltr'><strong>reversus</strong></span> <span class='ocrx_word' id='word_1_323' title='bbox 1683 3039 1790 3098; x_wconf 90' lang='lat' dir='ltr'><strong>est,</strong></span> <span class='ocrx_word' id='word_1_324' title='bbox 1850 3033 2056 3086; x_wconf 87' lang='lat' dir='ltr'><strong>rectius</strong></span> 
     </span>
    </p>
   </div>
   <div class='ocr_carea' id='block_1_50' title="bbox 2157 1835 3736 1916">
    <p class='ocr_par' dir='ltr' id='par_1_50' title="bbox 2157 1835 3736 1916">
     <span class='ocr_line' id='line_1_50' title="bbox 2157 1835 3736 1916; baseline 0.005 -24"><span class='ocrx_word' id='word_1_325' title='bbox 2157 1835 2310 1904; x_wconf 69' lang='grc' dir='ltr'>οὗτος</span> <span class='ocrx_word' id='word_1_326' title='bbox 2339 1841 2434 1910; x_wconf 83' lang='grc' dir='ltr'>μὲν</span> <span class='ocrx_word' id='word_1_327' title='bbox 2463 1841 2624 1910; x_wconf 79' lang='grc' dir='ltr'>ἡνίκα</span> <span class='ocrx_word' id='word_1_328' title='bbox 2645 1839 2742 1912; x_wconf 84' lang='grc' dir='ltr'>τὴν</span> <span class='ocrx_word' id='word_1_329' title='bbox 2769 1842 2942 1912; x_wconf 81' lang='grc' dir='ltr'>ἀρχὴν</span> <span class='ocrx_word' id='word_1_330' title='bbox 2969 1842 3197 1913; x_wconf 56' lang='grc' dir='ltr'>ἐνέτυχες</span> <span class='ocrx_word' id='word_1_331' title='bbox 3214 1847 3325 1907; x_wconf 86' lang='grc' dir='ltr'>τοῖς</span> <span class='ocrx_word' id='word_1_332' title='bbox 3350 1844 3515 1908; x_wconf 86' lang='grc' dir='ltr'>θείοις</span> <span class='ocrx_word' id='word_1_333' title='bbox 3534 1845 3736 1916; x_wconf 81' lang='grc' dir='ltr'>νόμοις,</span> 
     </span>
    </p>
   </div>
   <div class='ocr_carea' id='block_1_51' title="bbox 2159 1933 3738 2008">
    <p class='ocr_par' dir='ltr' id='par_1_51' title="bbox 2159 1933 3738 2008">
     <span class='ocr_line' id='line_1_51' title="bbox 2159 1933 3738 2008; baseline 0.003 -23"><span class='ocrx_word' id='word_1_334' title='bbox 2159 1933 2252 1985; x_wconf 78' lang='grc' dir='ltr'>καὶ</span> <span class='ocrx_word' id='word_1_335' title='bbox 2287 1934 2449 2003; x_wconf 81' lang='grc' dir='ltr'>ἱεροῖς</span> <span class='ocrx_word' id='word_1_336' title='bbox 2495 1933 2753 2003; x_wconf 81' lang='grc' dir='ltr'>ἀνδράσιν</span> <span class='ocrx_word' id='word_1_337' title='bbox 2779 1933 3087 2005; x_wconf 83' lang='grc' dir='ltr'>ὡμίλησεν,</span> <span class='ocrx_word' id='word_1_338' title='bbox 3123 1935 3354 2006; x_wconf 70' lang='grc' dir='ltr'>ἐπῄνεσε</span> <span class='ocrx_word' id='word_1_339' title='bbox 3401 1935 3608 2008; x_wconf 75' lang='grc' dir='ltr'>ταύτην</span> <span class='ocrx_word' id='word_1_340' title='bbox 3645 1937 3738 2007; x_wconf 75' lang='grc' dir='ltr'>τὴν</span> 
     </span>
    </p>
   </div>
   <div class='ocr_carea' id='block_1_52' title="bbox 2159 2023 3739 2098">
    <p class='ocr_par' dir='ltr' id='par_1_52' title="bbox 2159 2023 3739 2098">
     <span class='ocr_line' id='line_1_52' title="bbox 2159 2023 3739 2098; baseline 0.003 -21"><span class='ocrx_word' id='word_1_341' title='bbox 2159 2025 2380 2094; x_wconf 79' lang='grc' dir='ltr'>ἀγωγὴν</span> <span class='ocrx_word' id='word_1_342' title='bbox 2405 2065 2419 2088; x_wconf 92' lang='grc'><strong>,</strong></span> <span class='ocrx_word' id='word_1_343' title='bbox 2452 2025 2547 2077; x_wconf 75' lang='grc' dir='ltr'>καὶ</span> <span class='ocrx_word' id='word_1_344' title='bbox 2589 2023 2841 2092; x_wconf 79' lang='grc' dir='ltr'>κατέγνω</span> <span class='ocrx_word' id='word_1_345' title='bbox 2869 2026 2977 2081; x_wconf 83' lang='grc' dir='ltr'><strong>τῶν</strong></span> <span class='ocrx_word' id='word_1_346' title='bbox 3008 2026 3269 2082; x_wconf 82' lang='grc' dir='ltr'>ἀστικῶν.</span> <span class='ocrx_word' id='word_1_347' title='bbox 3304 2027 3381 2080; x_wconf 81' lang='grc' dir='ltr'><strong>Οὐ</strong></span> <span class='ocrx_word' id='word_1_348' title='bbox 3405 2027 3660 2098; x_wconf 77' lang='grc' dir='ltr'>διήρκεσε</span> <span class='ocrx_word' id='word_1_349' title='bbox 3685 2029 3739 2082; x_wconf 76' lang='grc' dir='ltr'><strong>δέ</strong></span> 
     </span>
    </p>
   </div>
   <div class='ocr_carea' id='block_1_53' title="bbox 2156 2116 3739 2191">
    <p class='ocr_par' dir='ltr' id='par_1_53' title="bbox 2156 2116 3739 2191">
     <span class='ocr_line' id='line_1_53' title="bbox 2156 2116 3739 2191; baseline 0.004 -24"><span class='ocrx_word' id='word_1_350' title='bbox 2156 2117 2257 2187; x_wconf 78' lang='grc' dir='ltr'>τὴν</span> <span class='ocrx_word' id='word_1_351' title='bbox 2294 2117 2464 2185; x_wconf 80' lang='grc' dir='ltr'>αὐτὴν</span> <span class='ocrx_word' id='word_1_352' title='bbox 2509 2116 2818 2188; x_wconf 75' lang='grc' dir='ltr'>προθυμίαν</span> <span class='ocrx_word' id='word_1_353' title='bbox 2847 2116 3018 2187; x_wconf 75' lang='grc' dir='ltr'>ἔχωνο</span> <span class='ocrx_word' id='word_1_354' title='bbox 3049 2119 3450 2190; x_wconf 73' lang='grc' dir='ltr'>μεταμεληθεὶς</span> <span class='ocrx_word' id='word_1_355' title='bbox 3483 2120 3539 2180; x_wconf 73' lang='grc' dir='ltr'>δὲ</span> <span class='ocrx_word' id='word_1_356' title='bbox 3565 2163 3582 2188; x_wconf 88' lang='grc'><strong>,</strong></span> <span class='ocrx_word' id='word_1_357' title='bbox 3609 2121 3739 2191; x_wconf 69' lang='grc' dir='ltr'>πρὸς</span> 
     </span>
    </p>
   </div>
   <div class='ocr_carea' id='block_1_54' title="bbox 2158 2203 3741 2279">
    <p class='ocr_par' dir='ltr' id='par_1_54' title="bbox 2158 2203 3741 2279">
     <span class='ocr_line' id='line_1_54' title="bbox 2158 2203 3741 2279; baseline 0.003 -19"><span class='ocrx_word' id='word_1_358' title='bbox 2158 2207 2248 2260; x_wconf 79' lang='grc' dir='ltr'><strong>τὸν</strong></span> <span class='ocrx_word' id='word_1_359' title='bbox 2284 2208 2547 2279; x_wconf 79' lang='grc' dir='ltr'>πρότερον</span> <span class='ocrx_word' id='word_1_360' title='bbox 2586 2209 2702 2278; x_wconf 86' lang='grc' dir='ltr'>βίον</span> <span class='ocrx_word' id='word_1_361' title='bbox 2732 2208 2962 2264; x_wconf 78' lang='grc' dir='ltr'>εἵλκετο.</span> <span class='ocrx_word' id='word_1_362' title='bbox 3003 2203 3107 2263; x_wconf 82' lang='grc' dir='ltr'>Οἷα</span> <span class='ocrx_word' id='word_1_363' title='bbox 3147 2209 3203 2262; x_wconf 83' lang='grc' dir='ltr'>δὲ</span> <span class='ocrx_word' id='word_1_364' title='bbox 3261 2210 3408 2273; x_wconf 81' lang='grc' dir='ltr'>είκὺς</span> <span class='ocrx_word' id='word_1_365' title='bbox 3431 2250 3446 2272; x_wconf 95' lang='grc'><strong>,</strong></span> <span class='ocrx_word' id='word_1_366' title='bbox 3478 2211 3741 2273; x_wconf 77' lang='grc' dir='ltr'>ἐναντίοις</span> 
     </span>
    </p>
   </div>
   <div class='ocr_carea' id='block_1_55' title="bbox 2159 2299 3738 2371">
    <p class='ocr_par' dir='ltr' id='par_1_55' title="bbox 2159 2299 3738 2371">
     <span class='ocr_line' id='line_1_55' title="bbox 2159 2299 3738 2371; baseline 0.004 -21"><span class='ocrx_word' id='word_1_367' title='bbox 2159 2299 2337 2367; x_wconf 85' lang='grc' dir='ltr'>λόγοις</span> <span class='ocrx_word' id='word_1_368' title='bbox 2367 2302 2652 2371; x_wconf 83' lang='grc' dir='ltr'>κοσμήσας</span> <span class='ocrx_word' id='word_1_369' title='bbox 2686 2299 2746 2352; x_wconf 80' lang='grc' dir='ltr'>τὸ</span> <span class='ocrx_word' id='word_1_370' title='bbox 2770 2299 3202 2370; x_wconf 77' lang='grc' dir='ltr'>σπουδαζόμενον</span> <span class='ocrx_word' id='word_1_371' title='bbox 3235 2302 3299 2355; x_wconf 75' lang='grc' dir='ltr'><strong>ἐκ</strong></span> <span class='ocrx_word' id='word_1_372' title='bbox 3331 2301 3578 2356; x_wconf 81' lang='grc' dir='ltr'>παλαιῶν</span> <span class='ocrx_word' id='word_1_373' title='bbox 3608 2304 3738 2356; x_wconf 77' lang='grc' dir='ltr'>ὑπο-</span> 
     </span>
    </p>
   </div>
   <div class='ocr_carea' id='block_1_56' title="bbox 2157 2389 3742 2464">
    <p class='ocr_par' dir='ltr' id='par_1_56' title="bbox 2157 2389 3742 2464">
     <span class='ocr_line' id='line_1_56' title="bbox 2157 2389 3742 2464; baseline 0.001 -19"><span class='ocrx_word' id='word_1_374' title='bbox 2157 2392 2462 2463; x_wconf 77' lang='grc' dir='ltr'>δειγμάτων</span> <span class='ocrx_word' id='word_1_375' title='bbox 2496 2389 2585 2463; x_wconf 74' lang='grc' dir='ltr'><strong>(ἦν</strong></span> <span class='ocrx_word' id='word_1_376' title='bbox 2612 2393 2720 2462; x_wconf 82' lang='grc' dir='ltr'><strong>γὰρ</strong></span> <span class='ocrx_word' id='word_1_377' title='bbox 2758 2393 3066 2462; x_wconf 72' lang='grc' dir='ltr'>πολυῖστωρ</span> <span class='ocrx_word' id='word_1_378' title='bbox 3086 2397 3125 2459; x_wconf 87' lang='grc'>),</span> <span class='ocrx_word' id='word_1_379' title='bbox 3160 2393 3241 2455; x_wconf 89' lang='grc' dir='ltr'><strong>είς</strong></span> <span class='ocrx_word' id='word_1_380' title='bbox 3266 2394 3367 2464; x_wconf 75' lang='grc' dir='ltr'>τὴν</span> <span class='ocrx_word' id='word_1_381' title='bbox 3393 2394 3550 2446; x_wconf 83' lang='grc' dir='ltr'>πόλιν</span> <span class='ocrx_word' id='word_1_382' title='bbox 3578 2396 3742 2448; x_wconf 74' lang='grc' dir='ltr'>ἐπανο</span> 
     </span>
    </p>
   </div>
   <div class='ocr_carea' id='block_1_57' title="bbox 2157 2480 3743 2558">
    <p class='ocr_par' dir='ltr' id='par_1_57' title="bbox 2157 2480 3743 2558">
     <span class='ocr_line' id='line_1_57' title="bbox 2157 2480 3743 2558; baseline 0.003 -22"><span class='ocrx_word' id='word_1_383' title='bbox 2157 2483 2318 2553; x_wconf 84' lang='grc' dir='ltr'>ἦλθεν</span> <span class='ocrx_word' id='word_1_384' title='bbox 2349 2499 2361 2512; x_wconf 90' lang='grc'><strong>·</strong></span> <span class='ocrx_word' id='word_1_385' title='bbox 2416 2483 2663 2554; x_wconf 76' lang='grc' dir='ltr'>ἄμεινον,</span> <span class='ocrx_word' id='word_1_386' title='bbox 2689 2483 2764 2548; x_wconf 87' lang='grc' dir='ltr'>ὡς</span> <span class='ocrx_word' id='word_1_387' title='bbox 2792 2485 3033 2556; x_wconf 89' lang='grc' dir='ltr'>ἐνόμισε,</span> <span class='ocrx_word' id='word_1_388' title='bbox 3090 2485 3248 2540; x_wconf 79' lang='grc' dir='ltr'>τοῦτο</span> <span class='ocrx_word' id='word_1_389' title='bbox 3300 2486 3492 2558; x_wconf 81' lang='grc' dir='ltr'>κρίνας</span> <span class='ocrx_word' id='word_1_390' title='bbox 3522 2527 3537 2549; x_wconf 92' lang='grc'><strong>,</strong></span> <span class='ocrx_word' id='word_1_391' title='bbox 3573 2480 3743 2556; x_wconf 74' lang='grc' dir='ltr'>οὗπερ</span> 
     </span>
    </p>
   </div>
   <div class='ocr_carea' id='block_1_58' title="bbox 2160 2573 3744 2650">
    <p class='ocr_par' dir='ltr' id='par_1_58' title="bbox 2160 2573 3744 2650">
     <span class='ocr_line' id='line_1_58' title="bbox 2160 2573 3744 2650; baseline 0.003 -24"><span class='ocrx_word' id='word_1_392' title='bbox 2160 2573 2425 2644; x_wconf 78' lang='grc' dir='ltr'>ἐπεθύμει</span> <span class='ocrx_word' id='word_1_393' title='bbox 2451 2576 2654 2644; x_wconf 79' lang='grc' dir='ltr'>τυχεῖν.</span> <span class='ocrx_word' id='word_1_394' title='bbox 2687 2573 2892 2628; x_wconf 81' lang='grc' dir='ltr'>Μαθὼν</span> <span class='ocrx_word' id='word_1_395' title='bbox 2927 2575 2985 2628; x_wconf 83' lang='grc' dir='ltr'>δὲ</span> <span class='ocrx_word' id='word_1_396' title='bbox 3030 2576 3282 2648; x_wconf 73' lang='grc' dir='ltr'>Ἰωάννης</span> <span class='ocrx_word' id='word_1_397' title='bbox 3324 2579 3382 2631; x_wconf 81' lang='grc' dir='ltr'><strong>ἐν</strong></span> <span class='ocrx_word' id='word_1_398' title='bbox 3418 2580 3744 2650; x_wconf 78' lang='grc' dir='ltr'>πράγμασιν</span> 
     </span>
    </p>
   </div>
   <div class='ocr_carea' id='block_1_59' title="bbox 2157 2663 3744 2742">
    <p class='ocr_par' dir='ltr' id='par_1_59' title="bbox 2157 2663 3744 2742">
     <span class='ocr_line' id='line_1_59' title="bbox 2157 2663 3744 2742; baseline 0.003 -22"><span class='ocrx_word' id='word_1_399' title='bbox 2157 2667 2318 2720; x_wconf 76' lang='grc' dir='ltr'>αὑτὸν</span> <span class='ocrx_word' id='word_1_400' title='bbox 2355 2663 2513 2730; x_wconf 76' lang='grc' dir='ltr'>εἶναι,</span> <span class='ocrx_word' id='word_1_401' title='bbox 2569 2669 2662 2720; x_wconf 75' lang='grc' dir='ltr'>καὶ</span> <span class='ocrx_word' id='word_1_402' title='bbox 2694 2668 2822 2738; x_wconf 78' lang='grc' dir='ltr'>περὶ</span> <span class='ocrx_word' id='word_1_403' title='bbox 2861 2669 3036 2738; x_wconf 78' lang='grc' dir='ltr'>γάμον</span> <span class='ocrx_word' id='word_1_404' title='bbox 3071 2669 3426 2736; x_wconf 71' lang='grc' dir='ltr'>σπουδάζειν,</span> <span class='ocrx_word' id='word_1_405' title='bbox 3463 2671 3744 2742; x_wconf 78' lang='grc' dir='ltr'>θειοτέραν</span> 
     </span>
    </p>
   </div>
   <div class='ocr_carea' id='block_1_60' title="bbox 2157 2759 3744 2830">
    <p class='ocr_par' dir='ltr' id='par_1_60' title="bbox 2157 2759 3744 2830">
     <span class='ocr_line' id='line_1_60' title="bbox 2157 2759 3744 2830; baseline 0.001 -18"><span class='ocrx_word' id='word_1_406' title='bbox 2157 2759 2190 2830; x_wconf 80' lang='grc' dir='ltr'>ἢ</span> <span class='ocrx_word' id='word_1_407' title='bbox 2221 2759 2360 2813; x_wconf 75' lang='grc' dir='ltr'>κατὰ</span> <span class='ocrx_word' id='word_1_408' title='bbox 2387 2759 2513 2812; x_wconf 83' lang='grc' dir='ltr'>νοῦν</span> <span class='ocrx_word' id='word_1_409' title='bbox 2538 2759 2826 2830; x_wconf 82' lang='grc' dir='ltr'>ἀνθρώπου</span> <span class='ocrx_word' id='word_1_410' title='bbox 2850 2760 3047 2829; x_wconf 78' lang='grc' dir='ltr'>φράσει</span> <span class='ocrx_word' id='word_1_411' title='bbox 3084 2761 3178 2814; x_wconf 67' lang='grc' dir='ltr'>καὶ</span> <span class='ocrx_word' id='word_1_412' title='bbox 3210 2763 3446 2830; x_wconf 77' lang='grc' dir='ltr'>νοήμασι</span> <span class='ocrx_word' id='word_1_413' title='bbox 3479 2763 3744 2826; x_wconf 73' lang='grc' dir='ltr'>συντάξας</span> 
     </span>
    </p>
   </div>
   <div class='ocr_carea' id='block_1_61' title="bbox 2159 2850 3743 2924">
    <p class='ocr_par' dir='ltr' id='par_1_61' title="bbox 2159 2850 3743 2924">
     <span class='ocr_line' id='line_1_61' title="bbox 2159 2850 3743 2924; baseline 0.003 -22"><span class='ocrx_word' id='word_1_414' title='bbox 2159 2850 2466 2921; x_wconf 74' lang='grc' dir='ltr'>ἐπιστολὴν,</span> <span class='ocrx_word' id='word_1_415' title='bbox 2498 2851 2632 2920; x_wconf 82' lang='grc' dir='ltr'>πρὸς</span> <span class='ocrx_word' id='word_1_416' title='bbox 2669 2851 2832 2903; x_wconf 73' lang='grc' dir='ltr'>αὑτὸν</span> <span class='ocrx_word' id='word_1_417' title='bbox 2861 2851 3200 2922; x_wconf 68' lang='grc' dir='ltr'>διεπέμψατο</span> <span class='ocrx_word' id='word_1_418' title='bbox 3227 2853 3325 2922; x_wconf 75' lang='grc'>(2).</span> <span class='ocrx_word' id='word_1_419' title='bbox 3360 2853 3419 2906; x_wconf 84' lang='lat'><strong>&#39;0</strong></span> <span class='ocrx_word' id='word_1_420' title='bbox 3447 2853 3506 2906; x_wconf 84' lang='grc' dir='ltr'>δὲ</span> <span class='ocrx_word' id='word_1_421' title='bbox 3539 2854 3743 2924; x_wconf 81' lang='grc' dir='ltr'>ταύτην</span> 
     </span>
    </p>
   </div>
   <div class='ocr_carea' id='block_1_62' title="bbox 2157 2943 3743 3016">
    <p class='ocr_par' dir='ltr' id='par_1_62' title="bbox 2157 2943 3743 3016">
     <span class='ocr_line' id='line_1_62' title="bbox 2157 2943 3743 3016; baseline 0.004 -23"><span class='ocrx_word' id='word_1_422' title='bbox 2157 2943 2400 3014; x_wconf 77' lang='grc' dir='ltr'>ἐντυχὼν</span> <span class='ocrx_word' id='word_1_423' title='bbox 2445 2945 2517 3012; x_wconf 50' lang='grc' dir='ltr'><strong>(λό)</strong></span> <span class='ocrx_word' id='word_1_424' title='bbox 2540 2983 2554 3006; x_wconf 93' lang='grc'><strong>,</strong></span> <span class='ocrx_word' id='word_1_425' title='bbox 2597 2945 2942 3016; x_wconf 80' lang='grc' dir='ltr'>μετεμελήθη</span> <span class='ocrx_word' id='word_1_426' title='bbox 2964 2962 2979 2976; x_wconf 88' lang='grc'><strong>·</strong></span> <span class='ocrx_word' id='word_1_427' title='bbox 3011 2943 3165 3008; x_wconf 76' lang='grc' dir='ltr'>αὖθίς</span> <span class='ocrx_word' id='word_1_428' title='bbox 3197 2963 3254 2998; x_wconf 91' lang='grc' dir='ltr'><strong>τε</strong></span> <span class='ocrx_word' id='word_1_429' title='bbox 3293 2946 3390 3016; x_wconf 81' lang='grc' dir='ltr'>τὴν</span> <span class='ocrx_word' id='word_1_430' title='bbox 3419 2947 3612 3000; x_wconf 77' lang='grc' dir='ltr'>οὐσίαν</span> <span class='ocrx_word' id='word_1_431' title='bbox 3644 2964 3743 3001; x_wconf 82' lang='grc' dir='ltr'>κα-</span> 
     </span>
    </p>
   </div>
   <div class='ocr_carea' id='block_1_63' title="bbox 2158 3033 3744 3108">
    <p class='ocr_par' dir='ltr' id='par_1_63' title="bbox 2158 3033 3744 3108">
     <span class='ocr_line' id='line_1_63' title="bbox 2158 3033 3744 3108; baseline 0.003 -22"><span class='ocrx_word' id='word_1_432' title='bbox 2158 3033 2420 3098; x_wconf 75' lang='grc' dir='ltr'>ταλιπὼν,</span> <span class='ocrx_word' id='word_1_433' title='bbox 2459 3034 2708 3089; x_wconf 83' lang='grc' dir='ltr'>ἀπειπών</span> <span class='ocrx_word' id='word_1_434' title='bbox 2737 3052 2794 3088; x_wconf 87' lang='grc' dir='ltr'><strong>τε</strong></span> <span class='ocrx_word' id='word_1_435' title='bbox 2821 3035 2899 3107; x_wconf 82' lang='grc' dir='ltr'>τῷ</span> <span class='ocrx_word' id='word_1_436' title='bbox 2943 3036 3103 3108; x_wconf 83' lang='grc' dir='ltr'>γάμῳ</span> <span class='ocrx_word' id='word_1_437' title='bbox 3127 3075 3144 3098; x_wconf 91' lang='grc'><strong>,</strong></span> <span class='ocrx_word' id='word_1_438' title='bbox 3170 3039 3287 3101; x_wconf 83' lang='grc' dir='ltr'>ταῖς</span> <span class='ocrx_word' id='word_1_439' title='bbox 3328 3037 3577 3091; x_wconf 78' lang='grc' dir='ltr'>Ἰωάννου</span> <span class='ocrx_word' id='word_1_440' title='bbox 3605 3055 3744 3108; x_wconf 88' lang='grc' dir='ltr'>συμ-</span> 
     </span>
    </p>
   </div>
   <div class='ocr_carea' id='block_1_64' title="bbox 459 3094 2052 3201">
    <p class='ocr_par' dir='ltr' id='par_1_64' title="bbox 459 3119 2052 3190">
     <span class='ocr_line' id='line_1_64' title="bbox 459 3119 2052 3190; baseline 0.003 -16"><span class='ocrx_word' id='word_1_441' title='bbox 459 3136 590 3174; x_wconf 83' lang='lat' dir='ltr'><strong>esse</strong></span> <span class='ocrx_word' id='word_1_442' title='bbox 616 3119 877 3188; x_wconf 85' lang='lat' dir='ltr'><strong>judicans</strong></span> <span class='ocrx_word' id='word_1_443' title='bbox 923 3120 976 3174; x_wconf 92' lang='lat' dir='ltr'><strong>id</strong></span> <span class='ocrx_word' id='word_1_444' title='bbox 1031 3121 1257 3188; x_wconf 89' lang='lat' dir='ltr'><strong>assequi</strong></span> <span class='ocrx_word' id='word_1_445' title='bbox 1302 3121 1448 3190; x_wconf 88' lang='lat' dir='ltr'><strong>quod</strong></span> <span class='ocrx_word' id='word_1_446' title='bbox 1503 3122 1781 3190; x_wconf 90' lang='lat' dir='ltr'><strong>cupiebat.</strong></span> <span class='ocrx_word' id='word_1_447' title='bbox 1816 3120 2052 3179; x_wconf 81' lang='lat' dir='ltr'><strong>Joannes</strong></span> 
     </span>
    </p>
   </div>
   <div class='ocr_carea' id='block_1_65' title="bbox 2157 3094 3746 3201">
    <p class='ocr_par' dir='ltr' id='par_1_65' title="bbox 2162 3094 3746 3201">
     <span class='ocr_line' id='line_1_65' title="bbox 2162 3094 3746 3201; baseline 0.004 -24"><span class='ocrx_word' id='word_1_448' title='bbox 2162 3125 2380 3190; x_wconf 83' lang='grc' dir='ltr'>ϐουλαῖς</span> <span class='ocrx_word' id='word_1_449' title='bbox 2409 3094 2648 3192; x_wconf 69' lang='grc' dir='ltr'><strong>⁷ἐσώζετο</strong></span> <span class='ocrx_word' id='word_1_450' title='bbox 2674 3167 2689 3188; x_wconf 88' lang='grc'><strong>,</strong></span> <span class='ocrx_word' id='word_1_451' title='bbox 2721 3128 2815 3182; x_wconf 78' lang='grc' dir='ltr'>καὶ</span> <span class='ocrx_word' id='word_1_452' title='bbox 2866 3094 3140 3201; x_wconf 50' lang='grc' dir='ltr'><strong>ὲρέξτὶηέ</strong></span> <span class='ocrx_word' id='word_1_453' title='bbox 3187 3094 3475 3199; x_wconf 77' lang='grc' dir='ltr'>φιλόσοφον</span> <span class='ocrx_word' id='word_1_454' title='bbox 3520 3094 3746 3201; x_wconf 50' lang='grc' dir='ltr'>ἐπανῄει</span> 
     </span>
    </p>
   </div>
   <div class='ocr_carea' id='block_1_66' title="bbox 463 3210 2060 3279">
    <p class='ocr_par' dir='ltr' id='par_1_66' title="bbox 463 3210 2060 3279">
     <span class='ocr_line' id='line_1_66' title="bbox 463 3210 2060 3279; baseline 0.004 -17"><span class='ocrx_word' id='word_1_455' title='bbox 463 3213 660 3279; x_wconf 80' lang='lat' dir='ltr'><strong>itaque</strong></span> <span class='ocrx_word' id='word_1_456' title='bbox 693 3223 819 3261; x_wconf 93' lang='lat' dir='ltr'><strong>cum</strong></span> <span class='ocrx_word' id='word_1_457' title='bbox 850 3223 975 3262; x_wconf 89' lang='lat' dir='ltr'><strong>eum</strong></span> <span class='ocrx_word' id='word_1_458' title='bbox 1025 3210 1264 3278; x_wconf 88' lang='lat' dir='ltr'><strong>negotiis</strong></span> <span class='ocrx_word' id='word_1_459' title='bbox 1313 3225 1513 3264; x_wconf 87' lang='lat' dir='ltr'><strong>vacare</strong></span> <span class='ocrx_word' id='word_1_460' title='bbox 1566 3211 1953 3279; x_wconf 80' lang='lat' dir='ltr'><strong>intellexisset,</strong></span> <span class='ocrx_word' id='word_1_461' title='bbox 2004 3222 2060 3268; x_wconf 91' lang='lat' dir='ltr'><strong>et</strong></span> 
     </span>
    </p>
   </div>
   <div class='ocr_carea' id='block_1_67' title="bbox 461 3297 2065 3371">
    <p class='ocr_par' dir='ltr' id='par_1_67' title="bbox 461 3297 2065 3371">
     <span class='ocr_line' id='line_1_67' title="bbox 461 3297 2065 3371; baseline 0.001 -16"><span class='ocrx_word' id='word_1_462' title='bbox 461 3301 536 3355; x_wconf 87' lang='lat' dir='ltr'><strong>de</strong></span> <span class='ocrx_word' id='word_1_463' title='bbox 575 3312 752 3352; x_wconf 89' lang='lat' dir='ltr'><strong>uxore</strong></span> <span class='ocrx_word' id='word_1_464' title='bbox 788 3297 951 3368; x_wconf 77' lang='lat'><strong>327</strong></span> <span class='ocrx_word' id='word_1_465' title='bbox 989 3297 1242 3351; x_wconf 88' lang='lat' dir='ltr'><strong>ducenda</strong></span> <span class='ocrx_word' id='word_1_466' title='bbox 1281 3297 1559 3368; x_wconf 87' lang='lat' dir='ltr'><strong>cogitare,</strong></span> <span class='ocrx_word' id='word_1_467' title='bbox 1589 3299 1880 3368; x_wconf 90' lang='lat' dir='ltr'><strong>epistolam</strong></span> <span class='ocrx_word' id='word_1_468' title='bbox 1912 3317 2065 3371; x_wconf 68' lang='lat' dir='ltr'><strong>ejus-</strong></span> 
     </span>
    </p>
   </div>
   <div class='ocr_carea' id='block_1_68' title="bbox 473 3389 2056 3462">
    <p class='ocr_par' dir='ltr' id='par_1_68' title="bbox 473 3389 2056 3462">
     <span class='ocr_line' id='line_1_68' title="bbox 473 3389 2056 3462; baseline 0.001 -16"><span class='ocrx_word' id='word_1_469' title='bbox 473 3390 622 3446; x_wconf 91' lang='lat' dir='ltr'><strong>modi</strong></span> <span class='ocrx_word' id='word_1_470' title='bbox 675 3390 864 3444; x_wconf 91' lang='lat' dir='ltr'><strong>verbis</strong></span> <span class='ocrx_word' id='word_1_471' title='bbox 913 3405 980 3444; x_wconf 87' lang='lat' dir='ltr'><strong>ac</strong></span> <span class='ocrx_word' id='word_1_472' title='bbox 1028 3389 1318 3445; x_wconf 86' lang='lat' dir='ltr'><strong>sententiis</strong></span> <span class='ocrx_word' id='word_1_473' title='bbox 1365 3391 1740 3460; x_wconf 86' lang='lat' dir='ltr'><strong>conscriptam</strong></span> <span class='ocrx_word' id='word_1_474' title='bbox 1793 3407 1915 3462; x_wconf 74' lang='lat' dir='ltr'><strong>qua:</strong></span> <span class='ocrx_word' id='word_1_475' title='bbox 1953 3393 2056 3448; x_wconf 83' lang='lat' dir='ltr'><strong>hu-</strong></span> 
     </span>
    </p>
   </div>
   <div class='ocr_carea' id='block_1_69' title="bbox 463 3481 2053 3551">
    <p class='ocr_par' dir='ltr' id='par_1_69' title="bbox 463 3481 2053 3551">
     <span class='ocr_line' id='line_1_69' title="bbox 463 3481 2053 3551; baseline 0.001 -13"><span class='ocrx_word' id='word_1_476' title='bbox 463 3498 646 3538; x_wconf 67' lang='lat' dir='ltr'><strong>manu:</strong></span> <span class='ocrx_word' id='word_1_477' title='bbox 695 3482 898 3538; x_wconf 89' lang='lat' dir='ltr'><strong>mentis</strong></span> <span class='ocrx_word' id='word_1_478' title='bbox 942 3489 1167 3551; x_wconf 89' lang='lat' dir='ltr'><strong>captum</strong></span> <span class='ocrx_word' id='word_1_479' title='bbox 1217 3481 1530 3546; x_wconf 85' lang='lat' dir='ltr'><strong>excedant,</strong></span> <span class='ocrx_word' id='word_1_480' title='bbox 1588 3483 1654 3536; x_wconf 90' lang='lat' dir='ltr'><strong>ad</strong></span> <span class='ocrx_word' id='word_1_481' title='bbox 1715 3498 1838 3538; x_wconf 91' lang='lat' dir='ltr'><strong>eum</strong></span> <span class='ocrx_word' id='word_1_482' title='bbox 1883 3485 2053 3542; x_wconf 90' lang='lat' dir='ltr'><strong>misit.</strong></span> 
     </span>
    </p>
   </div>
   <div class='ocr_carea' id='block_1_70' title="bbox 465 3569 2056 3640">
    <p class='ocr_par' dir='ltr' id='par_1_70' title="bbox 465 3569 2056 3640">
     <span class='ocr_line' id='line_1_70' title="bbox 465 3569 2056 3640; baseline 0.004 -14"><span class='ocrx_word' id='word_1_483' title='bbox 465 3572 644 3640; x_wconf 78' lang='lat' dir='ltr'><strong>Quam</strong></span> <span class='ocrx_word' id='word_1_484' title='bbox 684 3571 774 3625; x_wconf 88' lang='lat' dir='ltr'><strong>ille</strong></span> <span class='ocrx_word' id='word_1_485' title='bbox 805 3587 930 3626; x_wconf 92' lang='lat' dir='ltr'><strong>cum</strong></span> <span class='ocrx_word' id='word_1_486' title='bbox 961 3569 1302 3640; x_wconf 81' lang='lat' dir='ltr'><strong>accepisset,</strong></span> <span class='ocrx_word' id='word_1_487' title='bbox 1347 3572 1669 3639; x_wconf 68' lang='lat' dir='ltr'><strong>pmuitentia</strong></span> <span class='ocrx_word' id='word_1_488' title='bbox 1705 3581 1887 3630; x_wconf 89' lang='lat' dir='ltr'><strong>tactus</strong></span> <span class='ocrx_word' id='word_1_489' title='bbox 1924 3584 2012 3631; x_wconf 91' lang='lat' dir='ltr'><strong>est</strong></span> <span class='ocrx_word' id='word_1_490' title='bbox 2041 3595 2056 3632; x_wconf 89' lang='lat'><strong>:</strong></span> 
     </span>
    </p>
   </div>
   <div class='ocr_carea' id='block_1_71' title="bbox 468 3661 2062 3734">
    <p class='ocr_par' dir='ltr' id='par_1_71' title="bbox 468 3661 2062 3734">
     <span class='ocr_line' id='line_1_71' title="bbox 468 3661 2062 3734; baseline 0.003 -16"><span class='ocrx_word' id='word_1_491' title='bbox 468 3678 780 3733; x_wconf 86' lang='lat' dir='ltr'><strong>rursusque</strong></span> <span class='ocrx_word' id='word_1_492' title='bbox 803 3663 1014 3718; x_wconf 75' lang='lat' dir='ltr'><strong>relictis</strong></span> <span class='ocrx_word' id='word_1_493' title='bbox 1062 3661 1446 3729; x_wconf 78' lang='lat' dir='ltr'><strong>facultatibus,</strong></span> <span class='ocrx_word' id='word_1_494' title='bbox 1492 3671 1547 3717; x_wconf 90' lang='lat' dir='ltr'><strong>et</strong></span> <span class='ocrx_word' id='word_1_495' title='bbox 1594 3665 1804 3734; x_wconf 90' lang='lat' dir='ltr'><strong>nuptiis</strong></span> <span class='ocrx_word' id='word_1_496' title='bbox 1857 3683 2062 3723; x_wconf 84' lang='lat' dir='ltr'><strong>renun-</strong></span> 
     </span>
    </p>
   </div>
   <div class='ocr_carea' id='block_1_72' title="bbox 465 3753 2062 3830">
    <p class='ocr_par' dir='ltr' id='par_1_72' title="bbox 465 3753 2062 3830">
     <span class='ocr_line' id='line_1_72' title="bbox 465 3753 2062 3830; baseline 0.004 -22"><span class='ocrx_word' id='word_1_497' title='bbox 465 3759 637 3818; x_wconf 85' lang='lat' dir='ltr'><strong>tians,</strong></span> <span class='ocrx_word' id='word_1_498' title='bbox 668 3753 901 3808; x_wconf 82' lang='lat' dir='ltr'><strong>Joannis</strong></span> <span class='ocrx_word' id='word_1_499' title='bbox 927 3754 1169 3808; x_wconf 90' lang='lat' dir='ltr'><strong>consilio</strong></span> <span class='ocrx_word' id='word_1_500' title='bbox 1212 3765 1466 3809; x_wconf 70' lang='lat' dir='ltr'><strong>servatus</strong></span> <span class='ocrx_word' id='word_1_501' title='bbox 1511 3764 1568 3810; x_wconf 89' lang='lat' dir='ltr'><strong>et</strong></span> <span class='ocrx_word' id='word_1_502' title='bbox 1601 3756 1668 3810; x_wconf 88' lang='lat' dir='ltr'><strong>ad</strong></span> <span class='ocrx_word' id='word_1_503' title='bbox 1715 3757 2062 3830; x_wconf 82' lang='lat' dir='ltr'><strong>phil050phi-</strong></span> 
     </span>
    </p>
   </div>
   <div class='ocr_carea' id='block_1_73' title="bbox 463 3845 2060 3916">
    <p class='ocr_par' dir='ltr' id='par_1_73' title="bbox 463 3845 2060 3916">
     <span class='ocr_line' id='line_1_73' title="bbox 463 3845 2060 3916; baseline 0.003 -14"><span class='ocrx_word' id='word_1_504' title='bbox 463 3863 591 3902; x_wconf 77' lang='lat' dir='ltr'><strong>eam</strong></span> <span class='ocrx_word' id='word_1_505' title='bbox 629 3847 794 3900; x_wconf 88' lang='lat' dir='ltr'><strong>vitam</strong></span> <span class='ocrx_word' id='word_1_506' title='bbox 830 3860 1122 3916; x_wconf 72' lang='lat' dir='ltr'><strong>regressus</strong></span> <span class='ocrx_word' id='word_1_507' title='bbox 1160 3855 1264 3900; x_wconf 87' lang='lat' dir='ltr'><strong>est.</strong></span> <span class='ocrx_word' id='word_1_508' title='bbox 1305 3845 1383 3900; x_wconf 88' lang='lat' dir='ltr'><strong>Ex</strong></span> <span class='ocrx_word' id='word_1_509' title='bbox 1409 3862 1520 3916; x_wconf 91' lang='lat' dir='ltr'><strong>quo</strong></span> <span class='ocrx_word' id='word_1_510' title='bbox 1544 3865 1655 3904; x_wconf 90' lang='lat' dir='ltr'><strong>non</strong></span> <span class='ocrx_word' id='word_1_511' title='bbox 1690 3850 1909 3906; x_wconf 82' lang='lat' dir='ltr'><strong>dilllcile</strong></span> <span class='ocrx_word' id='word_1_512' title='bbox 1934 3867 2060 3906; x_wconf 89' lang='lat' dir='ltr'><strong>meo</strong></span> 
     </span>
    </p>
   </div>
   <div class='ocr_carea' id='block_1_74' title="bbox 2163 3216 3742 3292">
    <p class='ocr_par' dir='ltr' id='par_1_74' title="bbox 2163 3216 3742 3292">
     <span class='ocr_line' id='line_1_74' title="bbox 2163 3216 3742 3292; baseline 0.003 -23"><span class='ocrx_word' id='word_1_513' title='bbox 2163 3216 2296 3286; x_wconf 88' lang='grc' dir='ltr'>βίον.</span> <span class='ocrx_word' id='word_1_514' title='bbox 2329 3219 2495 3271; x_wconf 82' lang='grc' dir='ltr'>Ὥστε</span> <span class='ocrx_word' id='word_1_515' title='bbox 2533 3235 2623 3288; x_wconf 91' lang='grc' dir='ltr'><strong>μοι</strong></span> <span class='ocrx_word' id='word_1_516' title='bbox 2651 3218 2802 3272; x_wconf 85' lang='grc' dir='ltr'>δοκεῖ</span> <span class='ocrx_word' id='word_1_517' title='bbox 2845 3220 2955 3273; x_wconf 79' lang='grc' dir='ltr'>κάκ</span> <span class='ocrx_word' id='word_1_518' title='bbox 2985 3220 3174 3273; x_wconf 71' lang='grc' dir='ltr'>τούτου</span> <span class='ocrx_word' id='word_1_519' title='bbox 3206 3221 3384 3292; x_wconf 76' lang='grc' dir='ltr'>ῥᾴδιον</span> <span class='ocrx_word' id='word_1_520' title='bbox 3424 3217 3565 3274; x_wconf 86' lang='grc' dir='ltr'>εἶναι</span> <span class='ocrx_word' id='word_1_521' title='bbox 3602 3238 3742 3290; x_wconf 73' lang='grc' dir='ltr'><strong>συμσ⁸</strong></span> 
     </span>
    </p>
   </div>
   <div class='ocr_carea' id='block_1_75' title="bbox 2159 3307 3744 3381">
    <p class='ocr_par' dir='ltr' id='par_1_75' title="bbox 2159 3307 3744 3381">
     <span class='ocr_line' id='line_1_75' title="bbox 2159 3307 3744 3381; baseline 0.004 -22"><span class='ocrx_word' id='word_1_522' title='bbox 2159 3307 2364 3371; x_wconf 83' lang='grc' dir='ltr'>ϐαλεῖν,</span> <span class='ocrx_word' id='word_1_523' title='bbox 2409 3309 2484 3371; x_wconf 85' lang='grc' dir='ltr'>ὼς</span> <span class='ocrx_word' id='word_1_524' title='bbox 2534 3309 2682 3380; x_wconf 86' lang='grc' dir='ltr'>δεινή</span> <span class='ocrx_word' id='word_1_525' title='bbox 2717 3327 2801 3373; x_wconf 86' lang='grc' dir='ltr'><strong>τις</strong></span> <span class='ocrx_word' id='word_1_526' title='bbox 2850 3311 3078 3381; x_wconf 82' lang='grc' dir='ltr'>ἐπήνθει</span> <span class='ocrx_word' id='word_1_527' title='bbox 3133 3310 3305 3366; x_wconf 79' lang='grc' dir='ltr'>πειθὼ</span> <span class='ocrx_word' id='word_1_528' title='bbox 3337 3315 3450 3375; x_wconf 86' lang='grc' dir='ltr'>τοῖς</span> <span class='ocrx_word' id='word_1_529' title='bbox 3493 3314 3744 3366; x_wconf 72' lang='grc' dir='ltr'>Ἰωάννου</span> 
     </span>
    </p>
   </div>
   <div class='ocr_carea' id='block_1_76' title="bbox 2157 3399 3744 3474">
    <p class='ocr_par' dir='ltr' id='par_1_76' title="bbox 2157 3399 3744 3474">
     <span class='ocr_line' id='line_1_76' title="bbox 2157 3399 3744 3474; baseline 0.003 -22"><span class='ocrx_word' id='word_1_530' title='bbox 2157 3399 2356 3468; x_wconf 82' lang='grc' dir='ltr'>λόγοις.</span> <span class='ocrx_word' id='word_1_531' title='bbox 2403 3401 2658 3472; x_wconf 83' lang='grc' dir='ltr'>Ἐκράτει</span> <span class='ocrx_word' id='word_1_532' title='bbox 2689 3402 2799 3473; x_wconf 82' lang='grc' dir='ltr'>γὰρ</span> <span class='ocrx_word' id='word_1_533' title='bbox 2826 3403 3021 3474; x_wconf 79' lang='grc' dir='ltr'>ταύτῃ,</span> <span class='ocrx_word' id='word_1_534' title='bbox 3053 3404 3145 3456; x_wconf 69' lang='grc' dir='ltr'>καὶ</span> <span class='ocrx_word' id='word_1_535' title='bbox 3183 3404 3288 3456; x_wconf 84' lang='grc' dir='ltr'><strong>τῶν</strong></span> <span class='ocrx_word' id='word_1_536' title='bbox 3327 3404 3532 3474; x_wconf 83' lang='grc' dir='ltr'>ὁμοίως</span> <span class='ocrx_word' id='word_1_537' title='bbox 3561 3403 3744 3472; x_wconf 76' lang='grc' dir='ltr'>λέγειν</span> 
     </span>
    </p>
   </div>
   <div class='ocr_carea' id='block_1_77' title="bbox 2161 3489 3743 3567">
    <p class='ocr_par' dir='ltr' id='par_1_77' title="bbox 2161 3489 3743 3567">
     <span class='ocr_line' id='line_1_77' title="bbox 2161 3489 3743 3567; baseline 0.005 -26"><span class='ocrx_word' id='word_1_538' title='bbox 2161 3489 2254 3542; x_wconf 74' lang='grc' dir='ltr'>καὶ</span> <span class='ocrx_word' id='word_1_539' title='bbox 2313 3489 2520 3544; x_wconf 88' lang='grc' dir='ltr'>πείθειν</span> <span class='ocrx_word' id='word_1_540' title='bbox 2556 3491 2894 3562; x_wconf 85' lang='grc' dir='ltr'>δυναμένων.</span> <span class='ocrx_word' id='word_1_541' title='bbox 2945 3493 3224 3548; x_wconf 82' lang='grc' dir='ltr'>Ἐντεῦθεν</span> <span class='ocrx_word' id='word_1_542' title='bbox 3277 3497 3369 3549; x_wconf 77' lang='grc' dir='ltr'>καὶ</span> <span class='ocrx_word' id='word_1_543' title='bbox 3428 3495 3490 3548; x_wconf 77' lang='grc' dir='ltr'>τὸ</span> <span class='ocrx_word' id='word_1_544' title='bbox 3537 3495 3743 3567; x_wconf 82' lang='grc' dir='ltr'>πλῆθος</span> 
     </span>
    </p>
   </div>
   <div class='ocr_carea' id='block_1_78' title="bbox 2158 3581 3744 3658">
    <p class='ocr_par' dir='ltr' id='par_1_78' title="bbox 2158 3581 3744 3658">
     <span class='ocr_line' id='line_1_78' title="bbox 2158 3581 3744 3658; baseline 0.003 -22"><span class='ocrx_word' id='word_1_545' title='bbox 2158 3581 2280 3651; x_wconf 72' lang='grc' dir='ltr'>ᾕρει</span> <span class='ocrx_word' id='word_1_546' title='bbox 2305 3623 2320 3646; x_wconf 90' lang='grc'><strong>,</strong></span> <span class='ocrx_word' id='word_1_547' title='bbox 2365 3582 2460 3636; x_wconf 79' lang='grc' dir='ltr'>καὶ</span> <span class='ocrx_word' id='word_1_548' title='bbox 2493 3584 2725 3653; x_wconf 85' lang='grc' dir='ltr'>μάλιστα</span> <span class='ocrx_word' id='word_1_549' title='bbox 2772 3585 2908 3640; x_wconf 85' lang='grc' dir='ltr'>καθὸ</span> <span class='ocrx_word' id='word_1_550' title='bbox 2942 3586 3110 3650; x_wconf 81' lang='grc' dir='ltr'>πολὺς</span> <span class='ocrx_word' id='word_1_551' title='bbox 3165 3583 3233 3658; x_wconf 80' lang='grc' dir='ltr'>ἧν</span> <span class='ocrx_word' id='word_1_552' title='bbox 3270 3587 3563 3658; x_wconf 81' lang='grc' dir='ltr'>διελέγχων</span> <span class='ocrx_word' id='word_1_553' title='bbox 3614 3590 3744 3652; x_wconf 74' lang='grc' dir='ltr'>τοὺς</span> 
     </span>
    </p>
   </div>
   <div class='ocr_carea' id='block_1_79' title="bbox 2158 3674 3742 3751">
    <p class='ocr_par' dir='ltr' id='par_1_79' title="bbox 2158 3674 3742 3751">
     <span class='ocr_line' id='line_1_79' title="bbox 2158 3674 3742 3751; baseline 0.006 -25"><span class='ocrx_word' id='word_1_554' title='bbox 2158 3674 2600 3745; x_wconf 83' lang='grc' dir='ltr'>ἁμαρτάνοντας,</span> <span class='ocrx_word' id='word_1_555' title='bbox 2650 3682 2744 3732; x_wconf 68' lang='grc' dir='ltr'>καὶ</span> <span class='ocrx_word' id='word_1_556' title='bbox 2776 3678 2868 3732; x_wconf 80' lang='grc' dir='ltr'>ἐπὶ</span> <span class='ocrx_word' id='word_1_557' title='bbox 2907 3677 3232 3749; x_wconf 84' lang='grc' dir='ltr'>ἐκκλησίας,</span> <span class='ocrx_word' id='word_1_558' title='bbox 3269 3680 3362 3734; x_wconf 78' lang='grc' dir='ltr'>καὶ</span> <span class='ocrx_word' id='word_1_559' title='bbox 3409 3680 3548 3751; x_wconf 76' lang='grc' dir='ltr'>πρὸς</span> <span class='ocrx_word' id='word_1_560' title='bbox 3614 3684 3742 3747; x_wconf 78' lang='grc' dir='ltr'>τοὺς</span> 
     </span>
    </p>
   </div>
   <div class='ocr_carea' id='block_1_80' title="bbox 2155 3765 3740 3845">
    <p class='ocr_par' dir='ltr' id='par_1_80' title="bbox 2155 3765 3740 3845">
     <span class='ocr_line' id='line_1_80' title="bbox 2155 3765 3740 3845; baseline 0.006 -26"><span class='ocrx_word' id='word_1_561' title='bbox 2155 3765 2509 3834; x_wconf 79' lang='grc' dir='ltr'>ἀδικοῦντας,</span> <span class='ocrx_word' id='word_1_562' title='bbox 2564 3771 2640 3834; x_wconf 83' lang='grc' dir='ltr'>ὡς</span> <span class='ocrx_word' id='word_1_563' title='bbox 2683 3771 2846 3834; x_wconf 81' lang='grc' dir='ltr'>αὐτὸς</span> <span class='ocrx_word' id='word_1_564' title='bbox 2895 3770 3259 3842; x_wconf 73' lang='grc' dir='ltr'>ἠδικημένος,</span> <span class='ocrx_word' id='word_1_565' title='bbox 3305 3772 3404 3826; x_wconf 79' lang='grc' dir='ltr'>σὺν</span> <span class='ocrx_word' id='word_1_566' title='bbox 3451 3775 3740 3845; x_wconf 71' lang='grc' dir='ltr'>παρρησίᾳ</span> 
     </span>
    </p>
   </div>
   <div class='ocr_carea' id='block_1_81' title="bbox 2157 3861 3739 3936">
    <p class='ocr_par' dir='ltr' id='par_1_81' title="bbox 2157 3861 3739 3936">
     <span class='ocr_line' id='line_1_81' title="bbox 2157 3861 3739 3936; baseline 0.004 -22"><span class='ocrx_word' id='word_1_567' title='bbox 2157 3861 2502 3925; x_wconf 82' lang='grc' dir='ltr'>ἀγανακτῶν.</span> <span class='ocrx_word' id='word_1_568' title='bbox 2539 3861 2710 3916; x_wconf 81' lang='grc' dir='ltr'>Τοῦτο</span> <span class='ocrx_word' id='word_1_569' title='bbox 2744 3862 2800 3916; x_wconf 87' lang='grc' dir='ltr'>δὲ</span> <span class='ocrx_word' id='word_1_570' title='bbox 2828 3865 2943 3928; x_wconf 88' lang='grc' dir='ltr'>τοῖς</span> <span class='ocrx_word' id='word_1_571' title='bbox 2980 3862 3080 3934; x_wconf 83' lang='grc' dir='ltr'>μὲν</span> <span class='ocrx_word' id='word_1_572' title='bbox 3107 3863 3322 3928; x_wconf 87' lang='grc' dir='ltr'>πολλοῖς</span> <span class='ocrx_word' id='word_1_573' title='bbox 3365 3865 3596 3928; x_wconf 75' lang='grc' dir='ltr'>εἰκότως</span> <span class='ocrx_word' id='word_1_574' title='bbox 3637 3867 3739 3936; x_wconf 80' lang='grc' dir='ltr'><strong>χάο</strong></span> 
     </span>
    </p>
   </div>
   <div class='ocr_carea' id='block_1_82' title="bbox 1681 4026 2558 4090">
    <p class='ocr_par' dir='ltr' id='par_1_82' title="bbox 1681 4026 2558 4090">
     <span class='ocr_line' id='line_1_82' title="bbox 1681 4026 2558 4090; baseline 0.013 -12"><span class='ocrx_word' id='word_1_575' title='bbox 1681 4026 1955 4083; x_wconf 71' lang='grc' dir='ltr'><strong>γΑιΕδιι</strong></span> <span class='ocrx_word' id='word_1_576' title='bbox 1996 4030 2558 4090; x_wconf 80' lang='lat' dir='ltr'><strong>ANNOTATIONES.</strong></span> 
     </span>
    </p>
   </div>
   <div class='ocr_carea' id='block_1_83' title="bbox 541 4119 2052 4192">
    <p class='ocr_par' dir='ltr' id='par_1_83' title="bbox 541 4119 2052 4192">
     <span class='ocr_line' id='line_1_83' title="bbox 541 4119 2052 4192; baseline 0.007 -18"><span class='ocrx_word' id='word_1_577' title='bbox 541 4124 618 4192; x_wconf 80' lang='grc' dir='ltr'><strong>(ι)</strong></span> <span class='ocrx_word' id='word_1_578' title='bbox 674 4121 990 4192; x_wconf 80' lang='grc' dir='ltr'>Θεόδωρος.</span> <span class='ocrx_word' id='word_1_579' title='bbox 1063 4119 1193 4175; x_wconf 90' lang='lat' dir='ltr'><strong>Post</strong></span> <span class='ocrx_word' id='word_1_580' title='bbox 1253 4119 1380 4192; x_wconf 82' lang='lat' dir='ltr'><strong>hoc</strong></span> <span class='ocrx_word' id='word_1_581' title='bbox 1414 4121 1640 4176; x_wconf 79' lang='lat' dir='ltr'><strong>verbum</strong></span> <span class='ocrx_word' id='word_1_582' title='bbox 1695 4125 1748 4177; x_wconf 89' lang='lat' dir='ltr'><strong>in</strong></span> <span class='ocrx_word' id='word_1_583' title='bbox 1813 4126 2052 4184; x_wconf 89' lang='lat' dir='ltr'><strong>editione</strong></span> 
     </span>
    </p>
   </div>
   <div class='ocr_carea' id='block_1_84' title="bbox 467 4191 2051 4265">
    <p class='ocr_par' dir='ltr' id='par_1_84' title="bbox 467 4191 2051 4265">
     <span class='ocr_line' id='line_1_84' title="bbox 467 4191 2051 4265; baseline 0.004 -19"><span class='ocrx_word' id='word_1_584' title='bbox 467 4193 692 4246; x_wconf 69' lang='lat' dir='ltr'><strong>Roberti</strong></span> <span class='ocrx_word' id='word_1_585' title='bbox 730 4191 990 4265; x_wconf 65' lang='lat' dir='ltr'><strong>Stephani</strong></span> <span class='ocrx_word' id='word_1_586' title='bbox 1019 4207 1181 4258; x_wconf 89' lang='lat' dir='ltr'><strong>quam</strong></span> <span class='ocrx_word' id='word_1_587' title='bbox 1211 4191 1384 4265; x_wconf 81' lang='lat' dir='ltr'><strong>secuti</strong></span> <span class='ocrx_word' id='word_1_588' title='bbox 1415 4202 1545 4265; x_wconf 81' lang='lat' dir='ltr'><strong>sunt</strong></span> <span class='ocrx_word' id='word_1_589' title='bbox 1586 4197 1908 4265; x_wconf 80' lang='lat' dir='ltr'><strong>typograplii</strong></span> <span class='ocrx_word' id='word_1_590' title='bbox 1947 4196 2051 4252; x_wconf 90' lang='lat' dir='ltr'><strong>Ge-</strong></span> 
     </span>
    </p>
   </div>
   <div class='ocr_carea' id='block_1_85' title="bbox 469 4262 2050 4335">
    <p class='ocr_par' dir='ltr' id='par_1_85' title="bbox 469 4262 2050 4335">
     <span class='ocr_line' id='line_1_85' title="bbox 469 4262 2050 4335; baseline -0.005 -17"><span class='ocrx_word' id='word_1_591' title='bbox 469 4278 762 4335; x_wconf 71' lang='lat' dir='ltr'><strong>nevenses,</strong></span> <span class='ocrx_word' id='word_1_592' title='bbox 815 4262 994 4335; x_wconf 77' lang='lat' dir='ltr'><strong>addita</strong></span> <span class='ocrx_word' id='word_1_593' title='bbox 1031 4271 1208 4335; x_wconf 74' lang='lat' dir='ltr'><strong>erant</strong></span> <span class='ocrx_word' id='word_1_594' title='bbox 1255 4262 1368 4335; x_wconf 80' lang='lat' dir='ltr'><strong>haec</strong></span> <span class='ocrx_word' id='word_1_595' title='bbox 1421 4263 1584 4316; x_wconf 87' lang='lat' dir='ltr'><strong>verba</strong></span> <span class='ocrx_word' id='word_1_596' title='bbox 1607 4262 1628 4335; x_wconf 13' lang='lat'><strong>7&#39;:</strong></span> <span class='ocrx_word' id='word_1_597' title='bbox 1682 4262 1832 4335; x_wconf 77' lang='grc' dir='ltr'>Πρὸς</span> <span class='ocrx_word' id='word_1_598' title='bbox 1861 4267 1919 4320; x_wconf 83' lang='grc' dir='ltr'>ὃν</span> <span class='ocrx_word' id='word_1_599' title='bbox 1954 4285 2050 4320; x_wconf 76' lang='grc' dir='ltr'>πε-</span> 
     </span>
    </p>
   </div>
   <div class='ocr_carea' id='block_1_86' title="bbox 471 4330 2050 4407">
    <p class='ocr_par' dir='ltr' id='par_1_86' title="bbox 471 4330 2050 4407">
     <span class='ocr_line' id='line_1_86' title="bbox 471 4330 2050 4407; baseline 0.006 -25"><span class='ocrx_word' id='word_1_600' title='bbox 471 4331 632 4407; x_wconf 77' lang='grc' dir='ltr'>σόντα</span> <span class='ocrx_word' id='word_1_601' title='bbox 661 4332 862 4407; x_wconf 54' lang='grc' dir='ltr'>γράψει</span> <span class='ocrx_word' id='word_1_602' title='bbox 895 4335 934 4407; x_wconf 83' lang='grc' dir='ltr'><strong>ό</strong></span> <span class='ocrx_word' id='word_1_603' title='bbox 967 4330 1108 4395; x_wconf 84' lang='grc' dir='ltr'>θεῖος</span> <span class='ocrx_word' id='word_1_604' title='bbox 1161 4332 1545 4402; x_wconf 88' lang='grc' dir='ltr'>Χρυσόστομος</span> <span class='ocrx_word' id='word_1_605' title='bbox 1599 4330 1886 4407; x_wconf 71' lang='grc' dir='ltr'>ἐπιστολὴν</span> <span class='ocrx_word' id='word_1_606' title='bbox 1931 4337 2050 4390; x_wconf 74' lang='grc' dir='ltr'>δευο</span> 
     </span>
    </p>
   </div>
   <div class='ocr_carea' id='block_1_87' title="bbox 471 4403 2049 4474">
    <p class='ocr_par' dir='ltr' id='par_1_87' title="bbox 471 4403 2049 4474">
     <span class='ocr_line' id='line_1_87' title="bbox 471 4403 2049 4474; baseline 0.006 -20"><span class='ocrx_word' id='word_1_607' title='bbox 471 4403 654 4473; x_wconf 80' lang='grc' dir='ltr'>τέραν.</span> <span class='ocrx_word' id='word_1_608' title='bbox 697 4403 895 4458; x_wconf 84' lang='lat' dir='ltr'><strong>Verum</strong></span> <span class='ocrx_word' id='word_1_609' title='bbox 924 4405 1039 4474; x_wconf 65' lang='lat' dir='ltr'><strong>luet:</strong></span> <span class='ocrx_word' id='word_1_610' title='bbox 1073 4417 1101 4454; x_wconf 89' lang='lat' dir='ltr'><strong>a</strong></span> <span class='ocrx_word' id='word_1_611' title='bbox 1137 4409 1446 4474; x_wconf 77' lang='lat' dir='ltr'><strong>recentiore</strong></span> <span class='ocrx_word' id='word_1_612' title='bbox 1475 4417 1636 4474; x_wconf 84' lang='lat' dir='ltr'><strong>manu</strong></span> <span class='ocrx_word' id='word_1_613' title='bbox 1682 4403 1895 4474; x_wconf 75' lang='lat' dir='ltr'><strong>adjecta</strong></span> <span class='ocrx_word' id='word_1_614' title='bbox 1923 4424 2049 4463; x_wconf 90' lang='lat' dir='ltr'><strong>esse</strong></span> 
     </span>
    </p>
   </div>
   <div class='ocr_carea' id='block_1_88' title="bbox 468 4469 2043 4542">
    <p class='ocr_par' dir='ltr' id='par_1_88' title="bbox 468 4469 2043 4542">
     <span class='ocr_line' id='line_1_88' title="bbox 468 4469 2043 4542; baseline 0.003 -16"><span class='ocrx_word' id='word_1_615' title='bbox 468 4469 604 4527; x_wconf 79' lang='lat' dir='ltr'><strong>satis</strong></span> <span class='ocrx_word' id='word_1_616' title='bbox 633 4482 878 4542; x_wconf 84' lang='lat' dir='ltr'><strong>apparet.</strong></span> <span class='ocrx_word' id='word_1_617' title='bbox 924 4469 1108 4542; x_wconf 86' lang='lat' dir='ltr'><strong>Neque</strong></span> <span class='ocrx_word' id='word_1_618' title='bbox 1140 4473 1282 4525; x_wconf 84' lang='lat' dir='ltr'><strong>enim</strong></span> <span class='ocrx_word' id='word_1_619' title='bbox 1335 4479 1495 4526; x_wconf 71' lang='lat' dir='ltr'><strong>aztate</strong></span> <span class='ocrx_word' id='word_1_620' title='bbox 1529 4469 1841 4537; x_wconf 50' lang='lat' dir='ltr'><strong>Suzome&#39;ni,</strong></span> <span class='ocrx_word' id='word_1_621' title='bbox 1873 4475 2043 4531; x_wconf 80' lang='lat' dir='ltr'><strong>Joan-</strong></span> 
     </span>
    </p>
   </div>
   <div class='ocr_carea' id='block_1_89' title="bbox 2158 4133 3737 4204">
    <p class='ocr_par' dir='ltr' id='par_1_89' title="bbox 2158 4133 3737 4204">
     <span class='ocr_line' id='line_1_89' title="bbox 2158 4133 3737 4204; baseline 0.007 -21"><span class='ocrx_word' id='word_1_622' title='bbox 2158 4133 2441 4204; x_wconf 79' lang='lat' dir='ltr'><strong>presbyter</strong></span> <span class='ocrx_word' id='word_1_623' title='bbox 2475 4133 2529 4186; x_wconf 95' lang='lat' dir='ltr'><strong>in</strong></span> <span class='ocrx_word' id='word_1_624' title='bbox 2567 4133 2928 4204; x_wconf 71' lang='grc' dir='ltr'>εεειεδὶτιειίοα</span> <span class='ocrx_word' id='word_1_625' title='bbox 2973 4134 3238 4201; x_wconf 74' lang='lat' dir='ltr'><strong>Historia,</strong></span> <span class='ocrx_word' id='word_1_626' title='bbox 3275 4137 3495 4192; x_wconf 85' lang='lat' dir='ltr'><strong>unicam</strong></span> <span class='ocrx_word' id='word_1_627' title='bbox 3521 4146 3737 4194; x_wconf 80' lang='lat' dir='ltr'><strong>tantum</strong></span> 
     </span>
    </p>
   </div>
   <div class='ocr_carea' id='block_1_90' title="bbox 2157 4203 3740 4277">
    <p class='ocr_par' dir='ltr' id='par_1_90' title="bbox 2157 4203 3740 4277">
     <span class='ocr_line' id='line_1_90' title="bbox 2157 4203 3740 4277; baseline 0.006 -23"><span class='ocrx_word' id='word_1_628' title='bbox 2157 4203 2408 4277; x_wconf 74' lang='lat' dir='ltr'><strong>agnoscit</strong></span> <span class='ocrx_word' id='word_1_629' title='bbox 2441 4204 2728 4277; x_wconf 76' lang='lat' dir='ltr'><strong>epistolam</strong></span> <span class='ocrx_word' id='word_1_630' title='bbox 2767 4203 2998 4277; x_wconf 67' lang='lat' dir='ltr'><strong>Joannis</strong></span> <span class='ocrx_word' id='word_1_631' title='bbox 3029 4207 3404 4277; x_wconf 73' lang='lat' dir='ltr'><strong>(Ibrysostomi</strong></span> <span class='ocrx_word' id='word_1_632' title='bbox 3447 4207 3515 4261; x_wconf 86' lang='lat' dir='ltr'><strong>ad</strong></span> <span class='ocrx_word' id='word_1_633' title='bbox 3557 4207 3740 4264; x_wconf 85' lang='lat' dir='ltr'><strong>Theo-</strong></span> 
     </span>
    </p>
   </div>
   <div class='ocr_carea' id='block_1_91' title="bbox 2157 4271 3737 4348">
    <p class='ocr_par' dir='ltr' id='par_1_91' title="bbox 2157 4271 3737 4348">
     <span class='ocr_line' id='line_1_91' title="bbox 2157 4271 3737 4348; baseline 0.006 -24"><span class='ocrx_word' id='word_1_634' title='bbox 2157 4271 2350 4348; x_wconf 77' lang='lat' dir='ltr'><strong>dorum</strong></span> <span class='ocrx_word' id='word_1_635' title='bbox 2381 4271 2616 4348; x_wconf 80' lang='lat' dir='ltr'><strong>lapsum.</strong></span> <span class='ocrx_word' id='word_1_636' title='bbox 2656 4271 2830 4348; x_wconf 39' lang='lat' dir='ltr'><strong>Vterba</strong></span> <span class='ocrx_word' id='word_1_637' title='bbox 2868 4271 3201 4348; x_wconf 61' lang='lat' dir='ltr'><strong>llesycliii&#39;si</strong></span> <span class='ocrx_word' id='word_1_638' title='bbox 3231 4278 3355 4341; x_wconf 84' lang='lat' dir='ltr'><strong>quis</strong></span> <span class='ocrx_word' id='word_1_639' title='bbox 3386 4278 3564 4348; x_wconf 84' lang='lat' dir='ltr'><strong>legere</strong></span> <span class='ocrx_word' id='word_1_640' title='bbox 3593 4278 3737 4334; x_wconf 75' lang='lat' dir='ltr'><strong>desi—</strong></span> 
     </span>
    </p>
   </div>
   <div class='ocr_carea' id='block_1_92' title="bbox 2157 4343 3732 4418">
    <p class='ocr_par' dir='ltr' id='par_1_92' title="bbox 2157 4343 3732 4418">
     <span class='ocr_line' id='line_1_92' title="bbox 2157 4343 3732 4418; baseline 0.007 -24"><span class='ocrx_word' id='word_1_641' title='bbox 2157 4343 2338 4418; x_wconf 69' lang='lat' dir='ltr'><strong>derat,</strong></span> <span class='ocrx_word' id='word_1_642' title='bbox 2375 4344 2645 4397; x_wconf 76' lang='lat' dir='ltr'><strong>habentur</strong></span> <span class='ocrx_word' id='word_1_643' title='bbox 2687 4345 2740 4418; x_wconf 83' lang='lat' dir='ltr'><strong>in</strong></span> <span class='ocrx_word' id='word_1_644' title='bbox 2785 4343 3003 4400; x_wconf 83' lang='lat' dir='ltr'><strong>actione</strong></span> <span class='ocrx_word' id='word_1_645' title='bbox 3031 4349 3218 4418; x_wconf 73' lang='lat' dir='ltr'><strong>quinta</strong></span> <span class='ocrx_word' id='word_1_646' title='bbox 3271 4343 3462 4418; x_wconf 79' lang='lat' dir='ltr'><strong>synodi</strong></span> <span class='ocrx_word' id='word_1_647' title='bbox 3505 4350 3732 4418; x_wconf 64' lang='lat' dir='ltr'><strong>quinta.</strong></span> 
     </span>
    </p>
   </div>
   <div class='ocr_carea' id='block_1_93' title="bbox 2157 4413 3738 4487">
    <p class='ocr_par' dir='ltr' id='par_1_93' title="bbox 2157 4413 3738 4487">
     <span class='ocr_line' id='line_1_93' title="bbox 2157 4413 3738 4487; baseline 0.007 -23"><span class='ocrx_word' id='word_1_648' title='bbox 2157 4413 2259 4487; x_wconf 69' lang='lat' dir='ltr'><strong>Ubi</strong></span> <span class='ocrx_word' id='word_1_649' title='bbox 2292 4424 2473 4468; x_wconf 87' lang='lat' dir='ltr'><strong>tamen</strong></span> <span class='ocrx_word' id='word_1_650' title='bbox 2503 4414 2778 4487; x_wconf 86' lang='lat' dir='ltr'><strong>notandus</strong></span> <span class='ocrx_word' id='word_1_651' title='bbox 2805 4425 2888 4469; x_wconf 89' lang='lat' dir='ltr'><strong>est</strong></span> <span class='ocrx_word' id='word_1_652' title='bbox 2929 4413 3086 4470; x_wconf 78' lang='lat' dir='ltr'><strong>error</strong></span> <span class='ocrx_word' id='word_1_653' title='bbox 3121 4413 3396 4487; x_wconf 81' lang='lat' dir='ltr'><strong>Hesychii,</strong></span> <span class='ocrx_word' id='word_1_654' title='bbox 3428 4413 3738 4487; x_wconf 70' lang='lat' dir='ltr'><strong>quineo-</strong></span> 
     </span>
    </p>
   </div>
   <div class='ocr_carea' id='block_1_94' title="bbox 2155 4483 3744 4548">
    <p class='ocr_par' dir='ltr' id='par_1_94' title="bbox 2155 4483 3744 4548">
     <span class='ocr_line' id='line_1_94' title="bbox 2155 4483 3744 4548; baseline 0.004 -10"><span class='ocrx_word' id='word_1_655' title='bbox 2155 4483 2347 4538; x_wconf 88' lang='lat' dir='ltr'><strong>dorum</strong></span> <span class='ocrx_word' id='word_1_656' title='bbox 2381 4499 2490 4538; x_wconf 90' lang='lat' dir='ltr'><strong>non</strong></span> <span class='ocrx_word' id='word_1_657' title='bbox 2533 4484 2656 4537; x_wconf 68' lang='lat' dir='ltr'><strong>vitae</strong></span> <span class='ocrx_word' id='word_1_658' title='bbox 2705 4488 3040 4548; x_wconf 63' lang='lat' dir='ltr'><strong>monasticae,</strong></span> <span class='ocrx_word' id='word_1_659' title='bbox 3078 4487 3170 4540; x_wconf 85' lang='lat' dir='ltr'><strong>sed</strong></span> <span class='ocrx_word' id='word_1_660' title='bbox 3199 4483 3468 4543; x_wconf 74' lang='lat' dir='ltr'><strong>clericalis</strong></span> <span class='ocrx_word' id='word_1_661' title='bbox 3522 4489 3744 4544; x_wconf 82' lang='lat' dir='ltr'><strong>ordinis</strong></span> 
     </span>
    </p>
   </div>
   <div class='ocr_carea' id='block_1_95' title="bbox 470 4542 3739 4631">
    <p class='ocr_par' dir='ltr' id='par_1_95' title="bbox 470 4542 3739 4631">
     <span class='ocr_line' id='line_1_95' title="bbox 470 4542 3739 4631; baseline 0.002 -35"><span class='ocrx_word' id='word_1_662' title='bbox 470 4557 568 4622; x_wconf 85' lang='lat' dir='ltr'><strong>nes</strong></span> <span class='ocrx_word' id='word_1_663' title='bbox 601 4550 1018 4631; x_wconf 37' lang='lat' dir='ltr'><strong>c‘oguomeutum</strong></span> <span class='ocrx_word' id='word_1_664' title='bbox 1055 4542 1428 4631; x_wconf 51' lang='lat' dir='ltr'><strong>Chlrysostom&#39;i</strong></span> <span class='ocrx_word' id='word_1_665' title='bbox 1464 4543 1640 4631; x_wconf 77' lang='lat' dir='ltr'><strong>adhuc</strong></span> <span class='ocrx_word' id='word_1_666' title='bbox 1671 4546 1902 4631; x_wconf 62' lang='lat' dir='ltr'><strong>adeptus</strong></span> <span class='ocrx_word' id='word_1_667' title='bbox 1937 4548 2054 4631; x_wconf 67' lang='lat' dir='ltr'><strong>[ue-</strong></span> <span class='ocrx_word' id='word_1_668' title='bbox 2086 4560 2131 4618; x_wconf 81' lang='grc' dir='ltr'>ο</span> <span class='ocrx_word' id='word_1_669' title='bbox 2158 4553 2496 4631; x_wconf 81' lang='lat' dir='ltr'><strong>desertorem</strong></span> <span class='ocrx_word' id='word_1_670' title='bbox 2525 4553 2699 4631; x_wconf 81' lang='lat' dir='ltr'><strong>fuisse</strong></span> <span class='ocrx_word' id='word_1_671' title='bbox 2734 4542 3072 4631; x_wconf 56' lang='lat' dir='ltr'><strong>dicit._.&amp;tqui</strong></span> <span class='ocrx_word' id='word_1_672' title='bbox 3103 4542 3463 4631; x_wconf 68' lang='lat' dir='ltr'><strong>Sozonienus,</strong></span> <span class='ocrx_word' id='word_1_673' title='bbox 3486 4567 3541 4613; x_wconf 78' lang='lat' dir='ltr'><strong>et</strong></span> <span class='ocrx_word' id='word_1_674' title='bbox 3569 4542 3739 4631; x_wconf 53' lang='lat' dir='ltr'><strong>cui);</strong></span> 
     </span>
    </p>
   </div>
   <div class='ocr_carea' id='block_1_96' title="bbox 470 4612 2040 4680">
    <p class='ocr_par' dir='ltr' id='par_1_96' title="bbox 470 4612 2040 4680">
     <span class='ocr_line' id='line_1_96' title="bbox 470 4612 2040 4680; baseline 0.006 -16"><span class='ocrx_word' id='word_1_675' title='bbox 470 4620 573 4680; x_wconf 73' lang='lat' dir='ltr'><strong>rat.</strong></span> <span class='ocrx_word' id='word_1_676' title='bbox 603 4612 760 4666; x_wconf 85' lang='lat' dir='ltr'><strong>Certe</strong></span> <span class='ocrx_word' id='word_1_677' title='bbox 792 4613 906 4665; x_wconf 62' lang='lat' dir='ltr'><strong>haec</strong></span> <span class='ocrx_word' id='word_1_678' title='bbox 937 4612 1204 4680; x_wconf 81' lang='lat' dir='ltr'><strong>appendix</strong></span> <span class='ocrx_word' id='word_1_679' title='bbox 1243 4629 1348 4665; x_wconf 81' lang='lat' dir='ltr'><strong>non</strong></span> <span class='ocrx_word' id='word_1_680' title='bbox 1401 4614 1598 4680; x_wconf 78' lang='lat' dir='ltr'><strong>legitur</strong></span> <span class='ocrx_word' id='word_1_681' title='bbox 1627 4617 1680 4667; x_wconf 90' lang='lat' dir='ltr'><strong>in</strong></span> <span class='ocrx_word' id='word_1_682' title='bbox 1717 4612 1907 4670; x_wconf 76' lang='lat' dir='ltr'><strong>codice</strong></span> <span class='ocrx_word' id='word_1_683' title='bbox 1942 4617 2040 4673; x_wconf 83' lang='lat' dir='ltr'><strong>Fu-</strong></span> 
     </span>
    </p>
   </div>
   <div class='ocr_carea' id='block_1_97' title="bbox 471 4678 2046 4750">
    <p class='ocr_par' dir='ltr' id='par_1_97' title="bbox 471 4678 2046 4750">
     <span class='ocr_line' id='line_1_97' title="bbox 471 4678 2046 4750; baseline 0.007 -19"><span class='ocrx_word' id='word_1_684' title='bbox 471 4678 711 4742; x_wconf 83' lang='lat' dir='ltr'><strong>kctiauo,</strong></span> <span class='ocrx_word' id='word_1_685' title='bbox 744 4697 842 4735; x_wconf 89' lang='lat' dir='ltr'><strong>nec</strong></span> <span class='ocrx_word' id='word_1_686' title='bbox 871 4678 1020 4750; x_wconf 82' lang='lat' dir='ltr'><strong>apud</strong></span> <span class='ocrx_word' id='word_1_687' title='bbox 1040 4680 1424 4750; x_wconf 79' lang='lat' dir='ltr'><strong>Nicephorum.</strong></span> <span class='ocrx_word' id='word_1_688' title='bbox 1451 4678 1630 4748; x_wconf 82' lang='lat' dir='ltr'><strong>Quare</strong></span> <span class='ocrx_word' id='word_1_689' title='bbox 1653 4685 1832 4738; x_wconf 88' lang='lat' dir='ltr'><strong>lidenti</strong></span> <span class='ocrx_word' id='word_1_690' title='bbox 1860 4690 2046 4744; x_wconf 88' lang='lat' dir='ltr'><strong>animo</strong></span> 
     </span>
    </p>
   </div>
   <div class='ocr_carea' id='block_1_98' title="bbox 469 4753 2045 4823">
    <p class='ocr_par' dir='ltr' id='par_1_98' title="bbox 469 4753 2045 4823">
     <span class='ocr_line' id='line_1_98' title="bbox 469 4753 2045 4823; baseline 0.009 -24"><span class='ocrx_word' id='word_1_691' title='bbox 469 4764 586 4823; x_wconf 74' lang='lat' dir='ltr'><strong>eam</strong></span> <span class='ocrx_word' id='word_1_692' title='bbox 612 4753 998 4818; x_wconf 75' lang='lat' dir='ltr'><strong>expunximus,</strong></span> <span class='ocrx_word' id='word_1_693' title='bbox 1028 4755 1328 4822; x_wconf 68' lang='lat' dir='ltr'><strong>praesertim</strong></span> <span class='ocrx_word' id='word_1_694' title='bbox 1361 4769 1482 4806; x_wconf 87' lang='lat' dir='ltr'><strong>cum</strong></span> <span class='ocrx_word' id='word_1_695' title='bbox 1532 4755 1649 4821; x_wconf 85' lang='lat' dir='ltr'><strong>ejus</strong></span> <span class='ocrx_word' id='word_1_696' title='bbox 1676 4756 1918 4823; x_wconf 71' lang='lat' dir='ltr'><strong>epistulc</strong></span> <span class='ocrx_word' id='word_1_697' title='bbox 1967 4760 2045 4813; x_wconf 82' lang='lat' dir='ltr'><strong>in-</strong></span> 
     </span>
    </p>
   </div>
   <div class='ocr_carea' id='block_1_99' title="bbox 477 4821 1643 4885">
    <p class='ocr_par' dir='ltr' id='par_1_99' title="bbox 477 4821 1643 4885">
     <span class='ocr_line' id='line_1_99' title="bbox 477 4821 1643 4885; baseline 0.004 -14"><span class='ocrx_word' id='word_1_698' title='bbox 477 4821 644 4873; x_wconf 70' lang='lat' dir='ltr'><strong>{crius</strong></span> <span class='ocrx_word' id='word_1_699' title='bbox 676 4823 767 4873; x_wconf 87' lang='lat' dir='ltr'><strong>liat</strong></span> <span class='ocrx_word' id='word_1_700' title='bbox 800 4821 1037 4885; x_wconf 83' lang='lat' dir='ltr'><strong>mentio,</strong></span> <span class='ocrx_word' id='word_1_701' title='bbox 1070 4833 1126 4874; x_wconf 88' lang='lat' dir='ltr'><strong>ut</strong></span> <span class='ocrx_word' id='word_1_702' title='bbox 1160 4839 1282 4875; x_wconf 75' lang='lat' dir='ltr'><strong>mox</strong></span> <span class='ocrx_word' id='word_1_703' title='bbox 1315 4824 1643 4878; x_wconf 86' lang='lat' dir='ltr'><strong>videbimus.</strong></span> 
     </span>
    </p>
   </div>
   <div class='ocr_carea' id='block_1_100' title="bbox 539 4888 2042 4963">
    <p class='ocr_par' dir='ltr' id='par_1_100' title="bbox 539 4888 2042 4963">
     <span class='ocr_line' id='line_1_100' title="bbox 539 4888 2042 4963; baseline 0.01 -24"><span class='ocrx_word' id='word_1_704' title='bbox 539 4888 615 4958; x_wconf 76' lang='lat'><strong>(2)</strong></span> <span class='ocrx_word' id='word_1_705' title='bbox 663 4891 1025 4963; x_wconf 57' lang='lat' dir='ltr'><strong>‘qutodjir</strong></span> <span class='ocrx_word' id='word_1_706' title='bbox 1054 4892 1205 4958; x_wconf 81' lang='grc' dir='ltr'>πρὸς</span> <span class='ocrx_word' id='word_1_707' title='bbox 1228 4893 1414 4946; x_wconf 82' lang='grc' dir='ltr'>αὐτὸν</span> <span class='ocrx_word' id='word_1_708' title='bbox 1441 4892 1824 4963; x_wconf 67' lang='grc' dir='ltr'>διεπέμψατο.</span> <span class='ocrx_word' id='word_1_709' title='bbox 1849 4894 2042 4954; x_wconf 76' lang='lat' dir='ltr'><strong>Exstat</strong></span> 
     </span>
    </p>
   </div>
   <div class='ocr_carea' id='block_1_101' title="bbox 469 4958 2040 5031">
    <p class='ocr_par' dir='ltr' id='par_1_101' title="bbox 469 4958 2040 5031">
     <span class='ocr_line' id='line_1_101' title="bbox 469 4958 2040 5031; baseline 0.007 -19"><span class='ocrx_word' id='word_1_710' title='bbox 469 4958 582 5012; x_wconf 67' lang='lat' dir='ltr'><strong>haec</strong></span> <span class='ocrx_word' id='word_1_711' title='bbox 646 4960 876 5028; x_wconf 84' lang='lat' dir='ltr'><strong>epistola</strong></span> <span class='ocrx_word' id='word_1_712' title='bbox 925 4961 1321 5031; x_wconf 68' lang='lat' dir='ltr'><strong>Clirysosmmi,</strong></span> <span class='ocrx_word' id='word_1_713' title='bbox 1367 4979 1393 5015; x_wconf 93' lang='lat' dir='ltr'><strong>a</strong></span> <span class='ocrx_word' id='word_1_714' title='bbox 1466 4958 1740 5018; x_wconf 66' lang='lat' dir='ltr'><strong>Froutdue</strong></span> <span class='ocrx_word' id='word_1_715' title='bbox 1783 4965 1928 5020; x_wconf 87' lang='lat' dir='ltr'><strong>edita</strong></span> <span class='ocrx_word' id='word_1_716' title='bbox 1988 4971 2040 5024; x_wconf 92' lang='lat' dir='ltr'><strong>in</strong></span> 
     </span>
    </p>
   </div>
   <div class='ocr_carea' id='block_1_102' title="bbox 469 5029 2042 5102">
    <p class='ocr_par' dir='ltr' id='par_1_102' title="bbox 469 5029 2042 5102">
     <span class='ocr_line' id='line_1_102' title="bbox 469 5029 2042 5102; baseline 0.008 -22"><span class='ocrx_word' id='word_1_717' title='bbox 469 5038 618 5102; x_wconf 69' lang='lat' dir='ltr'><strong>torno</strong></span> <span class='ocrx_word' id='word_1_718' title='bbox 645 5034 932 5102; x_wconf 74' lang='lat' dir='ltr'><strong>4_o_per_um</strong></span> <span class='ocrx_word' id='word_1_719' title='bbox 980 5029 1207 5102; x_wconf 69' lang='lat' dir='ltr'><strong>Joannis</strong></span> <span class='ocrx_word' id='word_1_720' title='bbox 1239 5033 1644 5102; x_wconf 75' lang='lat' dir='ltr'><strong>Cbrysostnmi,</strong></span> <span class='ocrx_word' id='word_1_721' title='bbox 1684 5037 1787 5089; x_wconf 87' lang='lat' dir='ltr'><strong>sub</strong></span> <span class='ocrx_word' id='word_1_722' title='bbox 1839 5037 1941 5090; x_wconf 75' lang='lat' dir='ltr'><strong>huc</strong></span> <span class='ocrx_word' id='word_1_723' title='bbox 1974 5041 2042 5092; x_wconf 84' lang='lat' dir='ltr'><strong>ti-</strong></span> 
     </span>
    </p>
   </div>
   <div class='ocr_carea' id='block_1_103' title="bbox 473 5098 2039 5167">
    <p class='ocr_par' dir='ltr' id='par_1_103' title="bbox 473 5098 2039 5167">
     <span class='ocr_line' id='line_1_103' title="bbox 473 5098 2039 5167; baseline 0.008 -17"><span class='ocrx_word' id='word_1_724' title='bbox 473 5100 590 5153; x_wconf 86' lang='lat' dir='ltr'><strong>tulo</strong></span> <span class='ocrx_word' id='word_1_725' title='bbox 626 5117 639 5153; x_wconf 87' lang='lat'><strong>:</strong></span> <span class='ocrx_word' id='word_1_726' title='bbox 671 5098 924 5167; x_wconf 83' lang='lat' dir='ltr'><strong>Ejusdem</strong></span> <span class='ocrx_word' id='word_1_727' title='bbox 969 5098 1037 5150; x_wconf 83' lang='lat' dir='ltr'><strong>ad</strong></span> <span class='ocrx_word' id='word_1_728' title='bbox 1088 5101 1319 5157; x_wconf 84' lang='lat' dir='ltr'><strong>eumdem</strong></span> <span class='ocrx_word' id='word_1_729' title='bbox 1356 5098 1688 5158; x_wconf 70' lang='lat' dir='ltr'><strong>Theodorum</strong></span> <span class='ocrx_word' id='word_1_730' title='bbox 1727 5108 2039 5162; x_wconf 73' lang='lat' dir='ltr'><strong>muriae/ium</strong></span> 
     </span>
    </p>
   </div>
   <div class='ocr_carea' id='block_1_104' title="bbox 466 5167 2036 5233">
    <p class='ocr_par' dir='ltr' id='par_1_104' title="bbox 466 5167 2036 5233">
     <span class='ocr_line' id='line_1_104' title="bbox 466 5167 2036 5233; baseline 0.006 -9"><span class='ocrx_word' id='word_1_731' title='bbox 466 5170 598 5224; x_wconf 77' lang='lat' dir='ltr'><strong>liber</strong></span> <span class='ocrx_word' id='word_1_732' title='bbox 623 5168 902 5224; x_wconf 77' lang='lat' dir='ltr'><strong>secundus.</strong></span> <span class='ocrx_word' id='word_1_733' title='bbox 933 5167 1124 5221; x_wconf 83' lang='lat' dir='ltr'><strong>Mirum</strong></span> <span class='ocrx_word' id='word_1_734' title='bbox 1155 5182 1240 5223; x_wconf 80' lang='lat' dir='ltr'><strong>est</strong></span> <span class='ocrx_word' id='word_1_735' title='bbox 1275 5180 1453 5225; x_wconf 90' lang='lat' dir='ltr'><strong>tamen</strong></span> <span class='ocrx_word' id='word_1_736' title='bbox 1480 5174 1843 5231; x_wconf 84' lang='lat' dir='ltr'><strong>Sozomenum</strong></span> <span class='ocrx_word' id='word_1_737' title='bbox 1871 5195 2036 5233; x_wconf 88' lang='lat' dir='ltr'><strong>uuam</strong></span> 
     </span>
    </p>
   </div>
   <div class='ocr_carea' id='block_1_105' title="bbox 467 5238 2037 5317">
    <p class='ocr_par' dir='ltr' id='par_1_105' title="bbox 467 5238 2037 5317">
     <span class='ocr_line' id='line_1_105' title="bbox 467 5238 2037 5317; baseline 0.006 -25"><span class='ocrx_word' id='word_1_738' title='bbox 467 5249 678 5295; x_wconf 89' lang='lat' dir='ltr'><strong>tantum</strong></span> <span class='ocrx_word' id='word_1_739' title='bbox 728 5238 970 5317; x_wconf 56' lang='lat' dir='ltr'><strong>Joaupis</strong></span> <span class='ocrx_word' id='word_1_740' title='bbox 1009 5240 1290 5317; x_wconf 70' lang='lat' dir='ltr'><strong>epistolam</strong></span> <span class='ocrx_word' id='word_1_741' title='bbox 1326 5244 1391 5317; x_wconf 78' lang='lat' dir='ltr'><strong>ad</strong></span> <span class='ocrx_word' id='word_1_742' title='bbox 1428 5242 1771 5317; x_wconf 54' lang='lat' dir='ltr'><strong>&#39;l&#39;heodorum</strong></span> <span class='ocrx_word' id='word_1_743' title='bbox 1828 5249 2037 5317; x_wconf 81' lang='lat' dir='ltr'><strong>lapsum</strong></span> 
     </span>
    </p>
   </div>
   <div class='ocr_carea' id='block_1_106' title="bbox 466 5306 2041 5387">
    <p class='ocr_par' dir='ltr' id='par_1_106' title="bbox 466 5306 2041 5387">
     <span class='ocr_line' id='line_1_106' title="bbox 466 5306 2041 5387; baseline 0.004 -22"><span class='ocrx_word' id='word_1_744' title='bbox 466 5326 783 5381; x_wconf 77' lang='lat' dir='ltr'><strong>agnoscere.</strong></span> <span class='ocrx_word' id='word_1_745' title='bbox 865 5306 971 5363; x_wconf 84' lang='lat' dir='ltr'><strong>Sed</strong></span> <span class='ocrx_word' id='word_1_746' title='bbox 1035 5306 1088 5362; x_wconf 75' lang='lat' dir='ltr'><strong>et</strong></span> <span class='ocrx_word' id='word_1_747' title='bbox 1145 5309 1451 5379; x_wconf 70' lang='lat' dir='ltr'><strong>Hesychius</strong></span> <span class='ocrx_word' id='word_1_748' title='bbox 1509 5306 2041 5387; x_wconf 67' lang='lat' dir='ltr'><strong>llicrusulymilauus</strong></span> 
     </span>
    </p>
   </div>
   <div class='ocr_carea' id='block_1_107' title="bbox 2158 4624 3732 4697">
    <p class='ocr_par' dir='ltr' id='par_1_107' title="bbox 2158 4624 3732 4697">
     <span class='ocr_line' id='line_1_107' title="bbox 2158 4624 3732 4697; baseline 0.005 -21"><span class='ocrx_word' id='word_1_749' title='bbox 2158 4633 2436 4697; x_wconf 67' lang='lat' dir='ltr'><strong>sostomus</strong></span> <span class='ocrx_word' id='word_1_750' title='bbox 2474 4626 2609 4697; x_wconf 83' lang='lat' dir='ltr'><strong>ipse,</strong></span> <span class='ocrx_word' id='word_1_751' title='bbox 2648 4624 2700 4678; x_wconf 91' lang='lat' dir='ltr'><strong>id</strong></span> <span class='ocrx_word' id='word_1_752' title='bbox 2755 4626 2954 4678; x_wconf 80' lang='lat' dir='ltr'><strong>refellit</strong></span> <span class='ocrx_word' id='word_1_753' title='bbox 2998 4627 3053 4678; x_wconf 92' lang='lat' dir='ltr'><strong>in</strong></span> <span class='ocrx_word' id='word_1_754' title='bbox 3099 4627 3415 4697; x_wconf 88' lang='lat' dir='ltr'><strong>supradicta</strong></span> <span class='ocrx_word' id='word_1_755' title='bbox 3471 4624 3732 4696; x_wconf 69' lang='lat' dir='ltr'><strong>epistola.</strong></span> 
     </span>
    </p>
   </div>
   <div class='ocr_carea' id='block_1_108' title="bbox 2153 4691 3736 4765">
    <p class='ocr_par' dir='ltr' id='par_1_108' title="bbox 2153 4691 3736 4765">
     <span class='ocr_line' id='line_1_108' title="bbox 2153 4691 3736 4765; baseline 0.006 -21"><span class='ocrx_word' id='word_1_756' title='bbox 2153 4691 2313 4747; x_wconf 87' lang='lat' dir='ltr'><strong>Prior</strong></span> <span class='ocrx_word' id='word_1_757' title='bbox 2342 4691 2521 4747; x_wconf 85' lang='lat' dir='ltr'><strong>autem</strong></span> <span class='ocrx_word' id='word_1_758' title='bbox 2557 4695 2691 4765; x_wconf 81' lang='lat' dir='ltr'><strong>liber</strong></span> <span class='ocrx_word' id='word_1_759' title='bbox 2721 4697 2811 4764; x_wconf 86' lang='lat' dir='ltr'><strong>qui</strong></span> <span class='ocrx_word' id='word_1_760' title='bbox 2844 4697 3006 4765; x_wconf 82' lang='lat' dir='ltr'><strong>vulgo</strong></span> <span class='ocrx_word' id='word_1_761' title='bbox 3036 4691 3361 4752; x_wconf 75' lang='lat' dir='ltr'><strong>inscribitur</strong></span> <span class='ocrx_word' id='word_1_762' title='bbox 3387 4698 3454 4752; x_wconf 91' lang='lat' dir='ltr'><strong>ad</strong></span> <span class='ocrx_word' id='word_1_763' title='bbox 3476 4691 3736 4753; x_wconf 78' lang='lat' dir='ltr'><strong>Theodo-</strong></span> 
     </span>
    </p>
   </div>
   <div class='ocr_carea' id='block_1_109' title="bbox 2153 4762 3736 4839">
    <p class='ocr_par' dir='ltr' id='par_1_109' title="bbox 2153 4762 3736 4839">
     <span class='ocr_line' id='line_1_109' title="bbox 2153 4762 3736 4839; baseline 0.006 -24"><span class='ocrx_word' id='word_1_764' title='bbox 2153 4778 2271 4816; x_wconf 91' lang='lat' dir='ltr'><strong>rum</strong></span> <span class='ocrx_word' id='word_1_765' title='bbox 2302 4765 2513 4839; x_wconf 83' lang='lat' dir='ltr'><strong>lapSum</strong></span> <span class='ocrx_word' id='word_1_766' title='bbox 2553 4762 2621 4818; x_wconf 90' lang='lat' dir='ltr'><strong>de</strong></span> <span class='ocrx_word' id='word_1_767' title='bbox 2651 4762 2996 4839; x_wconf 56' lang='lat' dir='ltr'><strong>paenitentia,</strong></span> <span class='ocrx_word' id='word_1_768' title='bbox 3047 4768 3178 4839; x_wconf 89' lang='lat' dir='ltr'><strong>mihi</strong></span> <span class='ocrx_word' id='word_1_769' title='bbox 3232 4767 3455 4839; x_wconf 90' lang='lat' dir='ltr'><strong>quidem</strong></span> <span class='ocrx_word' id='word_1_770' title='bbox 3488 4769 3736 4839; x_wconf 75' lang='lat' dir='ltr'><strong>Chryso-</strong></span> 
     </span>
    </p>
   </div>
   <div class='ocr_carea' id='block_1_110' title="bbox 2152 4834 3736 4908">
    <p class='ocr_par' dir='ltr' id='par_1_110' title="bbox 2152 4834 3736 4908">
     <span class='ocr_line' id='line_1_110' title="bbox 2152 4834 3736 4908; baseline 0.004 -21"><span class='ocrx_word' id='word_1_771' title='bbox 2152 4834 2314 4887; x_wconf 85' lang='lat' dir='ltr'><strong>stomi</strong></span> <span class='ocrx_word' id='word_1_772' title='bbox 2348 4849 2468 4908; x_wconf 85' lang='lat' dir='ltr'><strong>esse</strong></span> <span class='ocrx_word' id='word_1_773' title='bbox 2497 4849 2606 4908; x_wconf 82' lang='lat' dir='ltr'><strong>non</strong></span> <span class='ocrx_word' id='word_1_774' title='bbox 2641 4837 2876 4889; x_wconf 91' lang='lat' dir='ltr'><strong>videtur.</strong></span> <span class='ocrx_word' id='word_1_775' title='bbox 2907 4834 2962 4889; x_wconf 88' lang='lat' dir='ltr'><strong>Si</strong></span> <span class='ocrx_word' id='word_1_776' title='bbox 2994 4837 3120 4906; x_wconf 87' lang='lat' dir='ltr'><strong>quis</strong></span> <span class='ocrx_word' id='word_1_777' title='bbox 3140 4834 3320 4891; x_wconf 68' lang='lat' dir='ltr'><strong>tamen</strong></span> <span class='ocrx_word' id='word_1_778' title='bbox 3349 4834 3736 4908; x_wconf 73' lang='lat' dir='ltr'><strong>Chrysostomi</strong></span> 
     </span>
    </p>
   </div>
   <div class='ocr_carea' id='block_1_111' title="bbox 2150 4905 3738 4978">
    <p class='ocr_par' dir='ltr' id='par_1_111' title="bbox 2150 4905 3738 4978">
     <span class='ocr_line' id='line_1_111' title="bbox 2150 4905 3738 4978; baseline 0.005 -23"><span class='ocrx_word' id='word_1_779' title='bbox 2150 4918 2271 4957; x_wconf 88' lang='lat' dir='ltr'><strong>esse</strong></span> <span class='ocrx_word' id='word_1_780' title='bbox 2321 4905 2657 4978; x_wconf 75' lang='lat' dir='ltr'><strong>pertinacius</strong></span> <span class='ocrx_word' id='word_1_781' title='bbox 2707 4905 3072 4978; x_wconf 88' lang='lat' dir='ltr'><strong>contenderit,</strong></span> <span class='ocrx_word' id='word_1_782' title='bbox 3118 4922 3224 4960; x_wconf 92' lang='lat' dir='ltr'><strong>non</strong></span> <span class='ocrx_word' id='word_1_783' title='bbox 3287 4905 3618 4978; x_wconf 74' lang='lat' dir='ltr'><strong>magnopere</strong></span> <span class='ocrx_word' id='word_1_784' title='bbox 3649 4925 3738 4963; x_wconf 82' lang='lat' dir='ltr'><strong>re-</strong></span> 
     </span>
    </p>
   </div>
   <div class='ocr_carea' id='block_1_112' title="bbox 2152 4973 3740 5049">
    <p class='ocr_par' dir='ltr' id='par_1_112' title="bbox 2152 4973 3740 5049">
     <span class='ocr_line' id='line_1_112' title="bbox 2152 4973 3740 5049; baseline 0.005 -24"><span class='ocrx_word' id='word_1_785' title='bbox 2152 4974 2432 5049; x_wconf 80' lang='lat' dir='ltr'><strong>pugnabo.</strong></span> <span class='ocrx_word' id='word_1_786' title='bbox 2460 4973 2605 5028; x_wconf 89' lang='lat' dir='ltr'><strong>Inter</strong></span> <span class='ocrx_word' id='word_1_787' title='bbox 2635 4977 2916 5049; x_wconf 81' lang='lat' dir='ltr'><strong>orationes</strong></span> <span class='ocrx_word' id='word_1_788' title='bbox 2951 4985 3134 5049; x_wconf 84' lang='lat' dir='ltr'><strong>tamen</strong></span> <span class='ocrx_word' id='word_1_789' title='bbox 3162 4973 3556 5049; x_wconf 71' lang='lat' dir='ltr'><strong>potius,quam</strong></span> <span class='ocrx_word' id='word_1_790' title='bbox 3589 4980 3740 5033; x_wconf 81' lang='lat' dir='ltr'><strong>inter</strong></span> 
     </span>
    </p>
   </div>
   <div class='ocr_carea' id='block_1_113' title="bbox 2149 5045 3737 5117">
    <p class='ocr_par' dir='ltr' id='par_1_113' title="bbox 2149 5045 3737 5117">
     <span class='ocr_line' id='line_1_113' title="bbox 2149 5045 3737 5117; baseline 0.006 -23"><span class='ocrx_word' id='word_1_791' title='bbox 2149 5045 2408 5111; x_wconf 88' lang='lat' dir='ltr'><strong>epistolas</strong></span> <span class='ocrx_word' id='word_1_792' title='bbox 2471 5047 2822 5114; x_wconf 89' lang='lat' dir='ltr'><strong>reponendus</strong></span> <span class='ocrx_word' id='word_1_793' title='bbox 2877 5055 2960 5102; x_wconf 87' lang='lat' dir='ltr'><strong>est</strong></span> <span class='ocrx_word' id='word_1_794' title='bbox 3020 5048 3092 5102; x_wconf 91' lang='lat' dir='ltr'><strong>ob</strong></span> <span class='ocrx_word' id='word_1_795' title='bbox 3151 5045 3737 5117; x_wconf 60' lang='lat' dir='ltr'><strong>nimiam&#39;prolixita-</strong></span> 
     </span>
    </p>
   </div>
   <div class='ocr_carea' id='block_1_114' title="bbox 2149 5120 2281 5166">
    <p class='ocr_par' dir='ltr' id='par_1_114' title="bbox 2149 5120 2281 5166">
     <span class='ocr_line' id='line_1_114' title="bbox 2149 5120 2281 5166; baseline 0 -2"><span class='ocrx_word' id='word_1_796' title='bbox 2149 5120 2281 5166; x_wconf 82' lang='lat' dir='ltr'><strong>tein.</strong></span> 
     </span>
    </p>
   </div>
   <div class='ocr_carea' id='block_1_115' title="bbox 2220 5182 3739 5256">
    <p class='ocr_par' dir='ltr' id='par_1_115' title="bbox 2220 5182 3739 5256">
     <span class='ocr_line' id='line_1_115' title="bbox 2220 5182 3739 5256; baseline 0.005 -21"><span class='ocrx_word' id='word_1_797' title='bbox 2220 5184 2296 5256; x_wconf 77' lang='grc'><strong>(5)</strong></span> <span class='ocrx_word' id='word_1_798' title='bbox 2348 5182 2412 5236; x_wconf 89' lang='lat'><strong>&#39;0</strong></span> <span class='ocrx_word' id='word_1_799' title='bbox 2461 5183 2530 5237; x_wconf 81' lang='grc' dir='ltr'>δὲ</span> <span class='ocrx_word' id='word_1_800' title='bbox 2566 5185 2810 5256; x_wconf 66' lang='grc' dir='ltr'>ταύτην</span> <span class='ocrx_word' id='word_1_801' title='bbox 2866 5187 3156 5256; x_wconf 69' lang='grc' dir='ltr'><strong>ἐντυχών.</strong></span> <span class='ocrx_word' id='word_1_802' title='bbox 3213 5187 3585 5244; x_wconf 89' lang='lat' dir='ltr'><strong>Scribendum</strong></span> <span class='ocrx_word' id='word_1_803' title='bbox 3649 5198 3739 5244; x_wconf 88' lang='lat' dir='ltr'><strong>est</strong></span> 
     </span>
    </p>
   </div>
   <div class='ocr_carea' id='block_1_116' title="bbox 2147 5255 3742 5376">
    <p class='ocr_par' dir='ltr' id='par_1_116' title="bbox 2147 5255 3742 5376">
     <span class='ocr_line' id='line_1_116' title="bbox 2147 5255 3742 5376; baseline 0.006 -73"><span class='ocrx_word' id='word_1_804' title='bbox 2147 5255 2318 5376; x_wconf 48' lang='lat' dir='ltr'><strong>ciuiles;</strong></span> <span class='ocrx_word' id='word_1_805' title='bbox 2345 5255 2805 5324; x_wconf 89' lang='lat' dir='ltr'><strong>quemadmodum</strong></span> <span class='ocrx_word' id='word_1_806' title='bbox 2841 5255 3083 5314; x_wconf 84' lang='lat' dir='ltr'><strong>Savilius</strong></span> <span class='ocrx_word' id='word_1_807' title='bbox 3117 5259 3172 5313; x_wconf 90' lang='lat' dir='ltr'><strong>in</strong></span> <span class='ocrx_word' id='word_1_808' title='bbox 3200 5273 3302 5314; x_wconf 91' lang='lat' dir='ltr'><strong>suo</strong></span> <span class='ocrx_word' id='word_1_809' title='bbox 3333 5261 3522 5314; x_wconf 86' lang='lat' dir='ltr'><strong>codice</strong></span> <span class='ocrx_word' id='word_1_810' title='bbox 3546 5275 3742 5314; x_wconf 81' lang='lat' dir='ltr'><strong>emen-</strong></span> 
     </span>
     <span class='ocr_line' id='line_1_117' title="bbox 2149 5337 2318 5376; baseline 0.024 -4"><span class='ocrx_word' id='word_1_811' title='bbox 2149 5342 2161 5372; x_wconf 87' lang='lat' dir='ltr'><strong>t</strong></span> <span class='ocrx_word' id='word_1_812' title='bbox 2187 5337 2271 5376; x_wconf 72' lang='grc' dir='ltr'>ιινι</span> <span class='ocrx_word' id='word_1_813' title='bbox 2303 5363 2318 5376; x_wconf 89' lang='grc'><strong>.</strong></span> 
     </span>
    </p>
   </div>
   <div class='ocr_carea' id='block_1_117' title="bbox 2149 5337 2318 5377">
    <p class='ocr_par' dir='ltr' id='par_1_117' title="bbox 2149 5337 2318 5377">
     <span class='ocr_line' id='line_1_118' title="bbox 2149 5337 2318 5377; baseline 0.024 -4"><span class='ocrx_word' id='word_1_814' title='bbox 2149 5337 2318 5377; x_wconf 73' lang='grc' dir='ltr'>ιιιινιι.</span> 
     </span>
    </p>
   </div>
   <div class='ocr_carea' id='block_1_118' title="bbox 1896 5428 2288 5488">
    <p class='ocr_par' dir='ltr' id='par_1_118' title="bbox 1896 5428 2288 5488">
     <span class='ocr_line' id='line_1_119' title="bbox 1896 5428 2288 5488; baseline 0.023 -8"><span class='ocrx_word' id='word_1_815' title='bbox 1896 5428 2288 5488; x_wconf 71' lang='grc' dir='ltr'>νΑιιιοιιυΜ.</span> 
     </span>
    </p>
   </div>
   <div class='ocr_carea' id='block_1_119' title="bbox 537 5513 2044 5587">
    <p class='ocr_par' dir='ltr' id='par_1_119' title="bbox 537 5513 2044 5587">
     <span class='ocr_line' id='line_1_120' title="bbox 537 5513 2044 5587; baseline 0.002 -16"><span class='ocrx_word' id='word_1_816' title='bbox 537 5515 564 5555; x_wconf 73' lang='grc' dir='ltr'><strong><em>ἀ</em></strong></span> <span class='ocrx_word' id='word_1_817' title='bbox 597 5516 914 5584; x_wconf 82' lang='grc' dir='ltr'>Θεόδωρος.</span> <span class='ocrx_word' id='word_1_818' title='bbox 945 5513 1287 5574; x_wconf 83' lang='lat' dir='ltr'><strong>Theodorus,</strong></span> <span class='ocrx_word' id='word_1_819' title='bbox 1321 5529 1518 5587; x_wconf 74' lang='lat' dir='ltr'><strong>genere</strong></span> <span class='ocrx_word' id='word_1_820' title='bbox 1548 5514 1740 5587; x_wconf 84' lang='lat' dir='ltr'><strong>Syrus,</strong></span> <span class='ocrx_word' id='word_1_821' title='bbox 1769 5528 1892 5573; x_wconf 88' lang='lat' dir='ltr'><strong>ortu</strong></span> <span class='ocrx_word' id='word_1_822' title='bbox 1929 5520 2044 5575; x_wconf 79' lang='lat' dir='ltr'><strong>for-</strong></span> 
     </span>
    </p>
   </div>
   <div class='ocr_carea' id='block_1_120' title="bbox 465 5585 2044 5651">
    <p class='ocr_par' dir='ltr' id='par_1_120' title="bbox 465 5585 2044 5651">
     <span class='ocr_line' id='line_1_121' title="bbox 465 5585 2044 5651; baseline 0.003 -9"><span class='ocrx_word' id='word_1_823' title='bbox 465 5603 563 5642; x_wconf 87' lang='lat' dir='ltr'><strong>san</strong></span> <span class='ocrx_word' id='word_1_824' title='bbox 597 5590 992 5651; x_wconf 77' lang='lat' dir='ltr'><strong>Autioclienus,</strong></span> <span class='ocrx_word' id='word_1_825' title='bbox 1029 5587 1302 5640; x_wconf 84' lang='lat' dir='ltr'><strong>natalibus</strong></span> <span class='ocrx_word' id='word_1_826' title='bbox 1335 5585 1602 5642; x_wconf 27' lang='lat' dir='ltr'><strong>illustris.‘</strong></span> <span class='ocrx_word' id='word_1_827' title='bbox 1632 5590 1672 5642; x_wconf 83' lang='lat' dir='ltr'><strong>A</strong></span> <span class='ocrx_word' id='word_1_828' title='bbox 1711 5589 1821 5642; x_wconf 85' lang='lat' dir='ltr'><strong>vita</strong></span> <span class='ocrx_word' id='word_1_829' title='bbox 1855 5607 2044 5646; x_wconf 86' lang='lat' dir='ltr'><strong>mona-</strong></span> 
     </span>
    </p>
   </div>
   <div class='ocr_carea' id='block_1_121' title="bbox 467 5653 2037 5732">
    <p class='ocr_par' dir='ltr' id='par_1_121' title="bbox 467 5653 2037 5732">
     <span class='ocr_line' id='line_1_122' title="bbox 467 5653 2037 5732; baseline 0.004 -20"><span class='ocrx_word' id='word_1_830' title='bbox 467 5659 603 5712; x_wconf 86' lang='lat' dir='ltr'><strong>stica</strong></span> <span class='ocrx_word' id='word_1_831' title='bbox 657 5659 726 5712; x_wconf 86' lang='lat' dir='ltr'><strong>ad</strong></span> <span class='ocrx_word' id='word_1_832' title='bbox 759 5660 1076 5713; x_wconf 71' lang='lat' dir='ltr'><strong>s.ccularem</strong></span> <span class='ocrx_word' id='word_1_833' title='bbox 1117 5657 1452 5712; x_wconf 86' lang='lat' dir='ltr'><strong>transiturus</strong></span> <span class='ocrx_word' id='word_1_834' title='bbox 1488 5657 1812 5717; x_wconf 81' lang='lat' dir='ltr'><strong>Hermiones</strong></span> <span class='ocrx_word' id='word_1_835' title='bbox 1846 5653 2037 5732; x_wconf 59' lang='lat' dir='ltr'><strong>cuius-</strong></span> 
     </span>
    </p>
   </div>
   <div class='ocr_carea' id='block_1_122' title="bbox 2151 5525 3742 5604">
    <p class='ocr_par' dir='ltr' id='par_1_122' title="bbox 2151 5525 3742 5604">
     <span class='ocr_line' id='line_1_123' title="bbox 2151 5525 3742 5604; baseline 0.008 -27"><span class='ocrx_word' id='word_1_836' title='bbox 2151 5525 2272 5604; x_wconf 83' lang='lat' dir='ltr'><strong>dam</strong></span> <span class='ocrx_word' id='word_1_837' title='bbox 2308 5528 2736 5604; x_wconf 66' lang='lat' dir='ltr'><strong>arnoreductus,</strong></span> <span class='ocrx_word' id='word_1_838' title='bbox 2772 5531 2865 5586; x_wconf 76' lang='lat' dir='ltr'><strong>sel</strong></span> <span class='ocrx_word' id='word_1_839' title='bbox 2898 5546 3068 5604; x_wconf 89' lang='lat' dir='ltr'><strong>suasu</strong></span> <span class='ocrx_word' id='word_1_840' title='bbox 3105 5533 3478 5604; x_wconf 79' lang='lat' dir='ltr'><strong>Clirysostmui</strong></span> <span class='ocrx_word' id='word_1_841' title='bbox 3532 5548 3563 5587; x_wconf 88' lang='lat' dir='ltr'><strong>a</strong></span> <span class='ocrx_word' id='word_1_842' title='bbox 3614 5549 3742 5604; x_wconf 73' lang='lat' dir='ltr'><strong>pro-</strong></span> 
     </span>
    </p>
   </div>
   <div class='ocr_carea' id='block_1_123' title="bbox 2148 5596 3740 5666">
    <p class='ocr_par' dir='ltr' id='par_1_123' title="bbox 2148 5596 3740 5666">
     <span class='ocr_line' id='line_1_124' title="bbox 2148 5596 3740 5666; baseline 0.007 -18"><span class='ocrx_word' id='word_1_843' title='bbox 2148 5597 2332 5666; x_wconf 87' lang='lat' dir='ltr'><strong>posito</strong></span> <span class='ocrx_word' id='word_1_844' title='bbox 2369 5596 2602 5654; x_wconf 90' lang='lat' dir='ltr'><strong>destitit.</strong></span> <span class='ocrx_word' id='word_1_845' title='bbox 2653 5600 2854 5656; x_wconf 87' lang='lat' dir='ltr'><strong>Factus</strong></span> <span class='ocrx_word' id='word_1_846' title='bbox 2899 5603 3098 5658; x_wconf 88' lang='lat' dir='ltr'><strong>deinde</strong></span> <span class='ocrx_word' id='word_1_847' title='bbox 3125 5596 3233 5659; x_wconf 68' lang='lat' dir='ltr'><strong>est&#39;</strong></span> <span class='ocrx_word' id='word_1_848' title='bbox 3259 5606 3519 5659; x_wconf 66' lang='lat' dir='ltr'><strong>Ecclesia!</strong></span> <span class='ocrx_word' id='word_1_849' title='bbox 3546 5596 3740 5659; x_wconf 76' lang='lat' dir='ltr'><strong>Antiu-</strong></span> 
     </span>
    </p>
   </div>
   <div class='ocr_carea' id='block_1_124' title="bbox 2147 5667 3737 5742">
    <p class='ocr_par' dir='ltr' id='par_1_124' title="bbox 2147 5667 3737 5742">
     <span class='ocr_line' id='line_1_125' title="bbox 2147 5667 3737 5742; baseline 0.004 -21"><span class='ocrx_word' id='word_1_850' title='bbox 2147 5667 2336 5723; x_wconf 69' lang='lat' dir='ltr'><strong>chenac</strong></span> <span class='ocrx_word' id='word_1_851' title='bbox 2364 5670 2646 5742; x_wconf 76' lang='lat' dir='ltr'><strong>presbyter</strong></span> <span class='ocrx_word' id='word_1_852' title='bbox 2679 5671 2952 5742; x_wconf 89' lang='lat' dir='ltr'><strong>(eumdem</strong></span> <span class='ocrx_word' id='word_1_853' title='bbox 2993 5674 3140 5730; x_wconf 91' lang='lat' dir='ltr'><strong>enim</strong></span> <span class='ocrx_word' id='word_1_854' title='bbox 3180 5673 3353 5732; x_wconf 80' lang='lat' dir='ltr'><strong>fuisse</strong></span> <span class='ocrx_word' id='word_1_855' title='bbox 3375 5672 3737 5731; x_wconf 73' lang='lat' dir='ltr'><strong>Theodorum</strong></span> 
     </span>
    </p>
   </div>
  </div>
