4054 6188
366 204 501 263 15ἰῖ

1356 190 1684 249 HISTORIA
1716 180 2361 246 ECCLESIASTICA.——
2401 185 2526 241 LIB.
2571 184 2704 241 VIII.

3483 184 3624 242 1518

367 338 483 395 ριεν
505 318 771 391 ἐτύγχανε
792 336 807 350 ·
839 314 1081 385 λυπηρὸν
1112 312 1171 367 δὲ
1196 313 1310 376 τοῖς
1352 310 1631 374 πλουσίοις
1656 310 1750 363 καὶ
1786 307 1947 361 δυναο

2064 304 2272 375 [bidem
2295 303 2510 373 judicio
2543 294 2744 374 conjici
2772 311 2978 374 potest,
3015 314 3224 375 quanta
3257 308 3627 376 persuadendi

367 411 555 482 μένοις
573 450 589 474 ,
619 409 748 479 παρ’
770 399 851 468 οἷς
886 404 956 458 τὰ
983 401 1154 457 πολλὰ
1189 401 1299 456 τῶν
1327 399 1745 473 ἁμαρτημάτων
1774 398 1939 450 ἐστίν.

376 505 676 573 Ἐπίσημος
705 494 795 553 οὖν
823 498 936 559 τοῖς
982 495 1082 565 μὲν
1134 494 1332 557 εἰδόσι,
1382 495 1451 564 τῇ
1509 491 1698 562 πείρᾳ,
1741 492 1853 553 τοῖς
1884 488 1943 542 δὲ

369 593 639 665 ἀγνοοῦσι,
665 593 730 661 τῇ
756 589 916 661 φήμῃ
934 630 948 654 ,
981 587 1046 640 ἐκ
1072 603 1132 641 τε
1158 585 1269 640 τῶν
1304 586 1479 655 λόγων
1505 584 1601 638 καὶ
1629 582 1738 636 τῶν
1767 581 1942 651 ἔργων

366 684 656 754 γενόμενος
690 678 796 733 ἀνὰ
820 678 1001 731 πᾶσαν
1026 677 1127 750 τὴν
1172 674 1460 747 Ῥωμαίων
1492 674 1734 743 ὑπήκοον
1755 711 1769 732 ,
1798 669 1945 734 ἔδοξε

364 769 934 828 Κωνσταντινουπόλει
963 768 1270 838 ἐπιτήδειος
1298 761 1438 819 εἶναι
1466 763 1569 832 τῆς
1619 761 1946 831 Ἐκκλησίας

363 863 704 916 ἐπισκοπεῖν.
728 858 1144 932 Ψηφισαμένων
1177 857 1235 910 δὲ
1266 854 1425 909 τοῦτο
1445 854 1539 908 τού
1569 852 1700 907 λαοῦ
1731 848 1944 906 καὶτοῦ

364 955 591 1025 κλήρου,
631 954 726 1006 καὶ
763 953 792 1005 ὁ
842 950 1098 1023 βασιλεὺς
1147 948 1395 1019 συνῄνει,
1428 947 1525 1001 καὶ
1561 948 1686 1008 τοὺς
1717 944 1946 1012 ἄξοντας

363 1045 527 1098 αὑτὸν
558 1045 841 1115 πέπομφε.
870 1041 1165 1096 Συνεκάλει
1195 1040 1255 1094 δὲ
1280 1040 1376 1094 καὶ
1398 1038 1635 1102 σύνοδον,
1656 1038 1752 1091 καὶ
1773 1034 1947 1104 τούτῳ

367 1139 697 1211 σεμνοτέραν
728 1138 830 1207 τὴν
853 1135 1189 1209 χειροτονίαν
1209 1133 1442 1197 δεικνύς.
1479 1132 1593 1186 Ούκ
1618 1131 1700 1194 είς
1728 1128 1947 1201 μακράν

366 1230 424 1284 δὲ
471 1228 539 1283 τὰ
589 1227 853 1299 βασιλέως
902 1226 1209 1299 γράμματα
1244 1223 1536 1297 δεξάμενος
1596 1222 1869 1292 Ἀστέριος
1919 1221 1950 1274 ό

365 1321 466 1392 τῆς
497 1321 613 1374 Ἕω
650 1318 989 1391 ἡγούμενος,
1040 1319 1312 1389 ἐδήλωσεν
1371 1316 1589 1387 Ἰωάννῃ
1644 1311 1950 1385 παραγενὲο

372 1414 495 1467 σθαι
525 1413 662 1484 πρὸς
692 1411 878 1476 αὐτὴν,
903 1410 979 1474 ὡς
1014 1411 1144 1483 περί
1175 1427 1270 1464 του
1312 1408 1660 1481 δεησόμενος.
1693 1406 1947 1460 Ἐλθόντα

368 1505 448 1569 δὲ,
468 1506 668 1559 αὐτίκα
689 1507 769 1569 εἰς
792 1504 975 1576 ὄχημα
997 1502 1096 1556 σὺν
1117 1502 1266 1573 αύτῷ
1289 1500 1604 1566 ἀνεϐίϐασε,
1623 1501 1714 1554 καὶ⁸
1742 1498 1947 1569 σπουδῇ

369 1600 567 1663 ἐλάσας
588 1638 603 1664 ,
637 1593 771 1670 ἧκεν
814 1598 896 1662 είς
926 1598 1152 1668 Πάγρας
1176 1636 1191 1660 ,
1229 1595 1468 1667 σταθμὸν
1505 1594 1650 1649 οὕτω
1683 1594 1952 1665 καλούμε-

2046 401 2134 454 vis
2168 400 2220 452 in
2254 396 2489 453 Joannis
2520 399 2773 452 oratione
2801 398 3003 452 inerat.
3054 394 3205 452 Vicit
3232 400 3377 454 enim
3407 399 3498 455 illa
3529 412 3629 456 eos

2048 491 2144 561 q‘ui
2177 491 2294 561 pari
2330 490 2552 546 dicendi
2607 504 2669 545 ac
2719 487 3090 558 persuadendi
3134 488 3397 547 facultate
3452 493 3625 563 pone.

2006 598 2015 607 “
2052 584 2207 635 bant.
2240 579 2351 635 Hac
2372 581 2494 651 ipsa
2522 582 2782 652 populum
2811 581 2981 636 etiam
3013 578 3082 635 ad
3120 595 3183 636 se
3212 586 3508 651 pertraxit.
3561 599 3628 639 eo

2051 674 2289 729 maxime
2322 673 2470 744 quod
2506 683 2798 742 peccantes
2819 672 3014 728 crebro
3059 685 3387 744 coargueret
3422 676 3474 728 in
3529 673 3632 729 lic-

2050 764 2260 822 ciesia.
2317 771 2372 818 et
2426 764 2693 818 adversus
2742 776 2839 818 eos
2885 763 2979 833 qui
3028 758 3291 831 iniuriam
3344 760 3629 830 fecissent,

2052 862 2316 923 tanquam
2346 853 2462 923 ipse
2488 853 2696 924 injuria
2727 853 2957 909 aﬂ’ecttts
2993 863 3457 910 commoveretur.
3496 854 3631 923 Qua:

2053 962 2143 1001 res
2175 954 2335 1016 grata
2375 946 2598 1016 quidem
2640 953 2763 1002 erat
2798 946 3162 1011 multitudini,
3209 948 3439 1003 molesta
3502 965 3633 1006 vero

2053 1038 2494 1107 opulentioribus
2529 1053 2595 1093 ac
2619 1038 3058 1108 potentioribus;
3085 1054 3114 1093 a
3141 1040 3345 1109 quibus
3379 1040 3493 1096 fere
3533 1045 3632 1098 de-

2052 1130 2183 1185 licta
2208 1130 2476 1184 committi
2510 1130 2708 1186 scient.
2742 1129 2885 1185 Cum
2937 1131 3104 1203 igitur
3133 1132 3278 1201 apud
3308 1142 3470 1189 notos
3503 1137 3632 1204 qui-

2052 1222 2180 1278 dem
2204 1238 2308 1278 usu
2346 1223 2468 1294 ipso
2497 1230 2558 1279 et
2587 1223 3015 1288 consuetudine,
3047 1223 3190 1295 apud
3222 1239 3318 1280 eos
3347 1240 3479 1282 vero
3511 1230 3635 1298 qui-

2053 1315 2159 1370 bus
2179 1324 2295 1370 erat
2322 1315 2566 1386 ignotus,
2628 1315 2770 1370 fama
2811 1330 2876 1371 ac
2907 1330 3133 1372 rumore
3179 1332 3278 1387 per
3310 1317 3633 1375 universum

2054 1409 2244 1463 orbem
2282 1407 2591 1463 Romanum
2622 1410 2973 1466 clarissimus
3012 1409 3329 1478 evasiSset,“
3350 1418 3466 1466 tum
3508 1425 3636 1467 ora.

2057 1499 2289 1562 tionum,
2326 1510 2441 1555 tum
2467 1502 2694 1558 virtutis
2725 1517 2927 1571 causa;
2969 1503 3206 1560 idoneus
3245 1506 3401 1564 visus
3428 1517 3513 1564 est
3542 1511 3637 1579 qui

2055 1592 2737 1664 Constantinopolitanam
2760 1594 3065 1652 Ecclesiam
3085 1586 3441 1669 gubernaret.
3476 1599 3637 1668 Quod

368 1708 478 1745 νον.
519 1690 785 1745 Ἐνταῦθα
822 1689 881 1742 δὲ
930 1688 1206 1760 παραδοὺς
1236 1686 1397 1741 αὐτὸν
1431 1688 1542 1750 τοῖς
1589 1686 1655 1740 ὲκ
1689 1684 1953 1754 βασιλέως

2064 1697 2178 1737 cum
2217 1684 2460 1753 populus
2490 1682 2657 1740 simul
2697 1692 2751 1740 et
2802 1685 2988 1742 clerus
3042 1703 3156 1743 uno
3209 1704 3486 1747 consensu
3541 1692 3637 1747 de-

371 1783 775 1847 ἀποσταλεῖσιν,
798 1781 1148 1852 ἀνέστρεψεν.
1188 1777 1376 1845 Ἔδοξε
1410 1777 1467 1832 δὲ
1490 1777 1558 1831 τά
1601 1778 1730 1850 περὶ
1758 1776 1951 1831 τούτου

372 1874 554 1938 καλῶς
580 1868 931 1946 διῳκηκέναι,
957 1873 1085 1943 πρὶν
1116 1870 1420 1940 Ἀντιοχέας
1447 1870 1658 1939 μαθεῖν,
1682 1868 1953 1939 χαλεπούς

369 1980 432 2020 τε
462 1965 591 2038 περὶ
643 1965 858 2028 στάσεις
881 2002 896 2028 ,
942 1962 1036 2016 καὶ
1065 1960 1257 2028 δήλους
1288 1959 1478 2022 ὄντας,
1514 1958 1589 2022 ὡς
1619 1957 1679 2013 οὔ
1720 1970 1851 2011 ποτε
1888 1957 1955 2011 ἂν

375 2059 597 2120 ἑκόντες
658 2056 903 2109 Ἰωάννου
942 2052 1370 2123 ἀπηλλάγησαν,
1422 2050 1549 2120 πρὶν
1606 2048 1798 2102 παθεῖν
1833 2047 1953 2118 ’τιῆ

371 2151 591 2223 δρᾶσαι.
642 2147 728 2210 Ὠς
753 2145 810 2200 δὲ
844 2146 926 2209 είς
963 2128 1539 2198 Κωνσταντινούπολιν
1562 2140 1822 2209 ἀφίκετο,
1862 2139 1956 2192 καὶ

373 2242 425 2295 οἱ
448 2240 740 2313 κληθέντες
767 2239 935 2309 ἱερεῖς
968 2235 1440 2307 συνεληλύθεισαν,
1462 2232 1714 2303 ἐμποδὼν
1736 2231 1958 2301 ἐγένετο

375 2336 445 2405 τῇ
500 2329 803 2404 χειροτονίᾳ
848 2328 1106 2399 Θεόφιλος
1143 2328 1221 2398 (4)
1245 2367 1261 2391 ,
1303 2324 1561 2396 Ἰσιδώρῳ
1616 2323 1952 2389 σπουδάζων.

382 2425 481 2489 ’ος
506 2423 874 2496 πρεσϐύτερος
902 2417 971 2493 ἦν
1003 2421 1124 2474 τότε
1162 2419 1271 2473 τῶν
1300 2419 1392 2472 ὑπ’
1430 2419 1592 2471 αύτδιν
1615 2455 1632 2482 ,
1666 2417 1958 2487 ἐπίτροπος

377 2518 434 2571 δὲ
467 2516 575 2571 τῶν
601 2518 659 2570 ἐν
699 2512 1083 2584 Ἀλεξανδρείᾳ
1111 2510 1278 2577 ξένων
1304 2512 1400 2564 καὶ
1428 2508 1679 2579 πτωχῶν.
1711 2508 1807 2562 Ἐκ
1835 2508 1958 2561 νέου

378 2611 435 2665 δὲ
469 2609 571 2664 ἀνα
618 2608 717 2680 τὴν
758 2607 958 2685 Σκῆτιν
994 2604 1201 2676 ἄριστα
1241 2600 1664 2673 ἐφιλοσόφησεν,
1697 2601 1773 2664 ὠς
1826 2602 1958 2671 παρ’

379 2699 589 2773 ἀνδρῶν
638 2697 790 2769 αὐτῷ
842 2694 1256 2765 συγγενομένων
1308 2692 1610 2763 ἐπυθόμην.
1646 2692 1710 2746 Οἱ
1741 2692 1800 2746 δέ
1827 2706 1961 2762 φασι

381 2790 627 2863 Θεοφίλῳ
671 2788 859 2843 τοῦτον
902 2785 1160 2857 γενέσθαι
1207 2784 1360 2855 φίλον
1384 2823 1399 2849 ,
1448 2783 1524 2847 ὡς
1556 2782 1812 2837 κοινωνὸν
1865 2783 1961 2837 καὶ

383 2882 676 2953 συνίστορα
717 2879 1044 2951 πράγματος
1096 2875 1437 2931 ἐπικινδύνου
1488 2874 1802 2945 γενόμενον.
1854 2872 1976 2931 Λέ-,

382 2992 541 3045 γουσι
570 2973 702 3043 γὰρ,
743 2971 820 3036 ὡς
853 2971 1016 3042 ἡνίκα
1039 2972 1068 3024 ό
1102 2968 1238 3040 πρὸς
1265 2966 1518 3037 Μάξιμον
1555 2964 1838 3018 συνίστατο
1863 2962 1961 3017 πό-

379 3034 595 3138 λεμος,
640 3034 946 3134 δῶρατδοῠὺς
991 3034 1157 3130 αὐτῷ’
1181 3034 1475 3128 Θεόφιλος,
1520 3057 1615 3111 καὶ
1668 3057 1969 3127 γράμματα
1994 3034 2036 3093 C

381 3156 523 3230 πρὸς
549 3155 640 3209 τὸν
672 3151 899 3224 βασιλέα
936 3151 1032 3205 καὶ
1055 3150 1146 3205 τδν
1174 3148 1437 3221 τύραννον
1461 3187 1476 3212 ,
1525 3147 1831 3201 ἐνετείλατο
1868 3164 1969 3200 κα-

382 3246 642 3303 ταλαϐεῖν
673 3245 774 3315 τὴν
803 3242 1022 3313 Ῥώμην
1040 3281 1056 3307 ,
1080 3240 1175 3295 καὶ
1199 3242 1513 3311 πῑριμεῖναι
1536 3239 1636 3309 τῆς
1668 3238 1847 3309 μάχης
1873 3237 1973 3310 τὴν

384 3338 674 3402 ἀπόϐασιν,
711 3336 804 3389 καὶ
831 3333 910 3405 τῷ
937 3335 1226 3403 νικήσαντι
1254 3332 1454 3386 διδόναι
1486 3331 1626 3402 μετὰ
1650 3330 1760 3385 τῶν
1791 3342 1974 3402 γραμ-

390 3432 576 3502 μάτων
595 3426 666 3480 τὰ
684 3426 855 3496 δῶρα.
893 3424 997 3478 Τὸν
1029 3423 1085 3476 δὲ
1110 3460 1126 3485 ,
1175 3422 1301 3476 τάδε
1326 3422 1631 3492 ποιήσαντα
1670 3421 1746 3492 μὴ
1784 3420 1970 3475 διαλα-

386 3520 522 3583 θεῖν,
552 3515 808 3572 δείσαντά
832 3533 914 3578 τε,
951 3513 1169 3583 φυγάδα
1196 3514 1277 3576 είς
1304 3512 1712 3583 Ἀλεξάνδρειαν
1739 3512 1966 3566 ἐπανελ-

388 3613 523 3667 θεῖν.
572 3609 660 3676 Ἐξ
690 3608 902 3662 ἐκείνου
928 3606 986 3659 δὲ
1022 3604 1281 3676 Θεόφιλον
1309 3603 1419 3659 τῶν
1452 3604 1600 3675 αὐτῷ
1629 3603 1966 3658 πιστοτάτων

386 3704 479 3759 τὸν
511 3702 680 3774 ἄνδρα
708 3699 1100 3771 ποιησάμενον,
1124 3699 1204 3762 είς
1228 3698 1418 3770 καιρὸν
1446 3696 1664 3768 νομίσαι
1692 3696 1801 3749 τῶν
1825 3695 1966 3769 ὑπὲρ

385 3793 553 3850 αὐτοῦ
583 3792 844 3848 κινδύνων
871 3790 1164 3846 ἀποδοῦναι
1190 3790 1291 3860 τὴν
1317 3787 1552 3861 ἀμοιϐὴν
1577 3826 1592 3848 .
1624 3790 1672 3841 εἰ
1694 3788 1793 3859 τῆς
1811 3790 1968 3843 Κων-

392 3884 883 3948 σταντινουπόλεως
952 3882 1252 3936 ἐπίσκοπον
1323 3881 1489 3936 αὑτὸν
1548 3881 1964 3951 καταστήσειεν.

402 3983 544 4037 Ἀλλ’
571 3983 683 4037 εἴτε
713 3982 966 4037 ἐντεῦθεν
988 4023 1004 4049 ,
1033 3982 1143 4036 εἴτε
1175 3981 1251 4046 ὼς
1282 3981 1451 4053 ἄνδρα
1479 3982 1685 4051 ἀγαθὸν
1725 3999 1968 4054 χειροτοο

392 4076 506 4129 νεῖν
537 4074 724 4129 τοῦτον
752 4073 1015 4144 ἠϐούλετο
1049 4073 1313 4144 Θεόφιλος
1338 4113 1355 4137 ,
1378 4073 1686 4129 τελευταῖον
1713 4075 1972 4147 συνῄνεσε

390 4169 505 4231 τοῖς
557 4167 653 4220 ἐπὶ
711 4165 932 4238 Ἰωάννῃ
966 4163 1346 4235 δεδογμένοις·
1393 4165 1633 4236 ἀτεχνῶς
1679 4166 1853 4241 ταύτῃ
1888 4169 1971 4239 τῇ

2060 1776 2406 1842 crevissent,
2462 1777 2765 1848 imperator
2816 1793 3041 1849 quoque
3085 1782 3491 1852 comprobavit,
3533 1786 3638 1838 IIII-

2061 1867 2243 1937 sitque
2271 1869 2363 1938 qui
2392 1884 2516 1924 eum
2555 1868 2920 1926 adducerent.
2974 1870 3378 1943 Episcoporum
3414 1886 3641 1945 praeter-

2060 1972 2123 2012 ea
2164 1959 2436 2029 synodum
2466 1961 2815 2025 convocavit,
2851 1966 2911 2016 ut.
2945 1976 3012 2017 eo
3067 1970 3230 2033 pacto
3278 1964 3639 2021 illustridrem

2063 2049 2314 2106 redderet
2346 2051 2469 2121 ejus
2501 2052 2935 2111 ordinationem.
2973 2053 3091 2111 Non
3146 2054 3321 2112 multo
3373 2065 3498 2126 post
3545 2059 3644 2116 As-

2063 2140 2239 2197 terius
2269 2155 2456 2196 comes
2504 2141 2770 2210 Orientis,
2828 2159 2957 2200 cum
3025 2148 3379 2217 imperatoris
3430 2150 3645 2208 litteras

2062 2233 2393 2303 accepisset,
2418 2232 2686 2290 Joannem
2718 2238 2787 2292 ad
2829 2254 2890 2294 se
2914 2240 3135 2303 accivit,
3155 2242 3318 2311 quasi
3356 2243 3643 2315 quidpiam

2064 2326 2227 2380 abeo
2267 2326 2674 2395 postulaturus.
2717 2327 2973 2394 Quicum
3030 2333 3293 2401 venisset,
3345 2334 3644 2392 confestim

2064 2416 2320 2472 Asterius
2351 2426 2476 2472 eum
2501 2428 2609 2472 una
2661 2432 2849 2473 secum
2888 2419 2943 2474 in
3001 2422 3310 2478 vehiculum
3359 2426 3646 2497 imposuit,

2064 2516 2119 2562 ct
2147 2508 2367 2562 concito
2391 2511 2560 2562 cursu
2594 2507 2801 2579 Pag‘ras
2838 2520 3017 2587 usque
3043 2516 3167 2569 euut
3219 2512 3468 2582 deduxit,
3523 2533 3647 2588 qu:e

2066 2599 2233 2655 statio
2256 2607 2342 2654 εει
2373 2599 2446 2652 ita
2475 2598 2646 2653 dicta.
2670 2597 2750 2653 Ibi
2806 2604 2931 2656 cum
2980 2598 3249 2658 Joannem
3301 2604 3416 2662 illis
3469 2609 3564 2680 qui
3614 2625 3647 2665 a

2038 2690 2319 2761 principe
2344 2691 2501 2747 missi
2576 2698 2738 2747 erailt
2784 2682 3128 2761 tradidisset,
3172 2698 3521 2754 Antiochiam
3560 2717 3647 2757 re-

2067 2796 2263 2837 versus
2290 2789 2394 2838 est.
2429 2783 2734 2840 Prudenter
2757 2786 2939 2842 autem
2971 2785 3073 2843 hoc
3106 2789 3389 2860 negotium
3416 2803 3650 2851 curasse

2067 2875 2223 2931 visus
2266 2872 2375 2943 est,
2422 2884 2717 2948 antequam
2750 2878 3080 2935 Antiocheni
3119 2882 3428 2953 quidquam
3472 2890 3647 2945 resci-

2069 2976 2214 3033 rent,
2253 2969 2347 3038 qui
2381 2977 2437 3024 ‘et
2479 2970 2660 3039 asperi
2701 2979 2865 3026 erant
2894 2972 2950 3027 in
2986 2972 3381 3039 seditionibus,
3409 2992 3511 3033 nec
3547 2995 3652 3033 un-

2069 3073 2235 3128 quam
2270 3073 2368 3115 sua
2397 3068 2596 3131 sponte
2642 3060 2915 3119 Joannem
2951 3064 3241 3123 dimissuri
3292 3068 3653 3137 videbantur,

2068 3150 2394 3220 priusquam
2418 3151 2545 3206 mali
2572 3152 2862 3225 quidpiam
2905 3163 3001 3210 aut
3033 3166 3352 3229 patrassent
3385 3161 3513 3232 ipsi,
3554 3177 3648 3219 aut.

2067 3245 2217 3313 passi
2268 3251 2482 3301 essent.
2530 3244 2709 3303 Porro
2744 3261 2871 3302 cum
2904 3250 3147 3306 venisset
3182 3251 3655 3328 Constantinopo-

2069 3335 2190 3398 lim,
2220 3350 2463 3406 cumque
2487 3337 2735 3408 episcopi
2768 3338 2863 3409 qui
2894 3340 3076 3393 vocati
3109 3340 3325 3397 Inerant
3348 3344 3463 3414 jam
3492 3347 3653 3403 ades-

2070 3436 2217 3492 sent,
2248 3427 2588 3483 ordinationi
2609 3429 2731 3498 ejus
2768 3428 3220 3500 impedimentum
3250 3436 3437 3489 attulit
3471 3437 3654 3492 Theo-

2074 3518 2282 3587 philus,
2309 3517 2500 3573 favens
2540 3516 2790 3574 Isidoro:
2820 3518 2915 3589 qui
2953 3528 3066 3574 tum
3106 3520 3326 3592 quidem
3363 3526 3653 3598 presbyter

2073 3617 2194 3663 erat
2222 3608 2328 3665 sub
2352 3608 2449 3664 illo
2476 3610 2837 3675 constitutus,
2875 3616 2929 3666 ct
2963 3618 3267 3684 pauperum
3303 3629 3367 3671 ac
3402 3616 3651 3690 peregri-

2075 3716 2272 3755 norum
2315 3709 2544 3756 curator
2588 3700 2643 3756 in
2694 3696 2832 3759 urbe
2867 3703 3225 3762 Alexandria.
3269 3706 3544 3764 Caeterum
3586 3711 3655 3765 ab

2074 3795 2298 3850 ineunte
2336 3796 2495 3851 aetate
2527 3795 2676 3866 apud
2727 3792 2933 3852 Scetim
2974 3801 3195 3871 egregie
3235 3802 3655 3873 philusonhatus

2075 3887 2281 3955 fuerat,
2327 3889 2473 3945 sicut
2503 3905 2532 3944 a
2562 3886 2897 3962 quibusdam
2936 3893 3074 3949 viris
3117 3894 3210 3964 qui
3246 3909 3373 3949 cum
3408 3897 3505 3950 illo
3535 3911 3652 3951 ver-
3700 3926 3703 3931 ι

2075 3981 2179 4035 sati
2214 3979 2434 4036 fuerant
2470 3983 2678 4053 accepi.
2722 3983 2828 4038 Alii
2863 3985 3058 4041 dicunt
3088 3984 3237 4040 hunc
3257 3985 3383 4042 ideo
3413 3987 3654 4042 amicum

2074 4069 2246 4128 fuisse
2272 4068 2585 4144 Theophili,
2605 4076 2752 4145 quod
2774 4074 3038 4132 conscius
3064 4074 3259 4132 inisset
3290 4092 3353 4132 ac
3376 4079 3654 4149 particeps

2076 4163 2343 4221 facinoris
2388 4164 2675 4236 cujusdam
2724 4166 3043 4237 periculosi.
3094 4166 3231 4223 Nam
3273 4166 3403 4224 dum
3451 4170 3653 4226 bellum

1562 4338 1836 4394 VALESII
1877 4335 2437 4398 ANNOTATIONES.

460 4432 546 4559 Si)
574 4430 880 4499 Θεόφιλος.
921 4429 1283 4501 Theophilum
1319 4427 1549 4485 Joannis
1590 4430 1966 4500 Chrysostomi
2004 4436 2046 4490 D
2076 4437 2246 4488 verbo
2291 4434 2525 4488 innuere
2553 4433 2776 4489 videtur
2824 4432 3127 4500 Palladius,
3175 4433 3538 4506 Theophilum
3587 4452 3654 4490 eo

395 4516 458 4555 or
499 4502 727 4557 iuatioui
785 4501 1106 4557 interfuisse
1153 4509 1385 4557 testatur
1416 4500 1582 4555 etiam
1620 4503 1880 4557 Socrates
1913 4502 1968 4555 in
2077 4513 2322 4559 tempore
2349 4504 2640 4559 advenisse
2668 4520 2781 4559 auo
2817 4514 2911 4559 aut
2951 4505 3367 4559 celebrabatur.
3409 4515 3503 4559 aut
3547 4508 3654 4559 iam

499 4502 727 4557 iuatioui
785 4500 1106 4557 interfuisse
1153 4509 1385 4557 testatur
1416 4500 1582 4555 etiam
1620 4503 1880 4557 Socrates
1913 4502 1968 4555 in

394 4574 537 4629 libro
592 4582 771 4641 sexto.
832 4570 1111 4625 Palladius
1175 4580 1358 4625 tamen
1408 4571 1462 4625 in
1500 4566 1726 4641 Dialogo
1755 4571 1820 4625 de
1859 4573 1967 4625 vita

392 4643 622 4699 Joannis
652 4639 1036 4713 Chrysostomi,
1068 4641 1443 4713 Theophilum,
1482 4639 1723 4713 peracta
1732 4641 1958 4713 jampr-

393 4715 678 4769 diuatione
726 4711 1114 4769 subervenisse
1172 4712 1380 4766 indicat
1433 4712 1518 4766 his
1573 4712 1805 4766 verbis:
1850 4711 1970 4764 Ἀπ’

394 4784 571 4857 ἀρχῆς
592 4777 685 4835 οὖν
714 4785 749 4863 ὁ.
792 4777 1049 4863 Θεόφιλος
1075 4785 1124 4863 ,ὁ
1162 4781 1703 4863 τῆςΠᾉλεξανδρὲων
1743 4781 1971 4863 ὲπίσκου

396 4849 801 4923 ποξ,’προσχὼν
839 4849 1011 4923 αὑτοῦ
1037 4851 1104 4923 τῇ
1129 4849 1480 4923 καταστάσει,
1517 4849 1594 4921 τῷ
1620 4849 1972 4923 ἀνεπιλήπτῳ

393 4920 827 4996 τῆς-παρρησίας
859 4920 1123 4993 neexqu
1154 4922 1289 4996 πρδς
1311 4922 1408 4993 τὴν
1449 4920 1970 4996 χειροτονίανηῐςθιίι

394 4980 779 5050 τιέιῗὺιιιιίἶιίυιι
799 4980 1056 5064 προσχέῖν
1083 4980 1789 5063 significat'apiieiiereJIoc
1810 4993 1975 5062 igitur

2077 4513 2322 4571 tempore
2349 4504 2640 4575 advenisse
2668 4520 2781 4574 quo
2817 4514 2911 4559 aut
2951 4504 3367 4570 celebrabatur,
3409 4515 3503 4560 aut
3539 4508 3654 4575 jam

2075 4575 2351 4629 celebrata
2384 4581 2503 4628 erat
2539 4573 2770 4629 Joannis
2802 4575 3100 4629 ordinatio.
3132 4574 3438 4631 Conﬁrmat
3467 4573 3651 4631 autem

2077 4644 2218 4698 hanc
2250 4646 2577 4715 sententiam
2604 4645 2656 4698 id
2688 4648 2832 4714 quod
2866 4647 3049 4711 statim
3080 4647 3364 4715 subjungit
3392 4646 3656 4701 Sozome-

2075 4730 2180 4769 nus
2213 4714 2577 4789 ;Eutrt_)‘piuin_
2599 4716 2809 4789 scilicet
2839 4716 3189 4789 prrepositum
3213 4714 3355 4771 sacri
3386 4719 3653 4789 cubiculi,

2072 4788 2322 4856 coegisse
2373 4784 2735 4856 TheOpbilum
2807 4784 2865 4856 ut
2937 4784 3275 4855 reliquorum
3347 4784 3655 4843 antistitum

2073 4854 2361 4912 sententia:
2395 4855 2795 4928 subscriberet.
2836 4854 2957 4910 .Iam
3006 4856 3176 4928 igitur
3223 4857 3292 4911 ab
3329 4857 3399 4915 iis
3434 4859 3658 4914 ordina-

2074 4936 2164 4983 tus
2203 4928 2379 4981 fuerat
2405 4926 2857 4994 Chrysostomus.

1842 5162 2207 5223 VARIORUM
2220 5206 2233 5220 .

398 5270 843 5340 Mopsuesteuum
864 5276 915 5324 et
965 5266 1311 5340 Theodorum
1355 5260 1780 5340 Antiochenum,
1806 5265 1967 5340 cujus

393 5335 558 5396 toti-es
611 5340 753 5410 apud
800 5338 1165 5410 Gennadium,
1225 5337 1516 5410 Photium,
1550 5348 1615 5410 et_
1659 5338 1716 5410 in
1756 5335 1968 5388 catt-nis

396 5412 626 5473 mentio.
648 5403 812 5465 'cxtra
834 5424 997 5464 omne
1019 5407 1247 5462 dubium
1278 5406 1432 5475 ponit
1463 5403 1711 5475 Photius)
1740 5419 1803 5457 ac
1825 5413 1972 5475 post-

393 5496 459 5537 ea
496 5480 847 5550 Mopsuestize
889 5480 943 5532 in
970 5478 1158 5550 Cilicia
1189 5474 1535 5550 episcopus;_
1563 5484 1619 5550 e_t
1645 5474 1965 5550 aliquandiu

396 5543 710 5607 Nestorium
734 5561 785 5605 et
801 5548 1193 5602 Theodorilum
1220 5543 1500 5601 auditores
1525 5543 1732 5597 habuit.
1756 5544 1972 5597 Claruit

394 5637 542 5677 anno
570 5621 699 5686 407,
742 5623 870 5690 quin
913 5619 958 5673 si
1008 5617 1198 5671 mortis
1230 5615 1349 5686 ejus
1380 5622 1597 5682 tempus
1644 5622 1792 5669 recte
1819 5629 1971 5669 asse-

2115 5268 2234 5345 uar,
2260 5262 2382 5345 jam
2399 5261 2469 5315 ah
2498 5260 2643 5316 anno
2806 5227 3414 5345 episcopatum_tet_tui_t.
3441 5261 3657 5345 0h_i_isse

2110 5336 2219 5388 nim
2246 5330 2458 5387 videtur
2496 5330 2792 5404 auno7428,
2835 5330 3124 5404 postquam
3168 5332 3473 5404 Ecclesiatn
3508 5332 3659 5404 Mop-

2076 5411 2389 5459 suestcnam
2451 5418 2548 5474 per
2601 5403 2670 5458 36
2722 5399 2900 5459 annos
2952 5399 3333 5474 g'ubernasset.
3379 5399 3557 5474 _Varia
3590 5399 3657 5457 de

2076 5475 2170 5529 illo
2201 5472 2675 5541 ferunturjudicia
2712 5492 2725 5528 :
2761 5472 3015 5529 laudatur
3048 5472 3119 5526 ab
3158 5472 3267 5533 his,
3301 5472 3560 5541 culpatur
3588 5474 3659 5527 ab

2075 5545 2207 5601 illis.
2246 5542 2390 5599 Gttii.
2427 5545 2594 5611 Cava,
2630 5544 2712 5598 Ad
2744 5561 2871 5601 anu.
2903 5543 3031 5608 £07,
3068 5555 3193 5611 pag.
3238 5540 3349 5598 296

2194 5584 2207 5600 ο
2247 5571 2390 5599 111111.
2427 5571 2594 5611 ιιιυις,
2630 5571 2710 5598 nu
2744 5571 2871 5601 uult.
2903 5571 3031 5608 QVI,
3068 5571 3193 5611 1161δο
