4054 6188
497 194 570 248 4ἒὲ
581 196 600 248 i
611 199 640 248 ά
1938 196 2047 254 SOI

2148 197 2280 252 IENI
3596 214 3743 270 I520

495 322 784 387 gereretur
816 315 982 386 328
1025 315 1291 374 adversus
1333 317 1652 383 Maximum,
1690 317 1846 371 aiunt
1886 316 2047 372 Theo

2168 317 2470 390 χειροτονίᾳ
2512 319 2876 384 σπουδάζοντα
2924 322 3105 386 δείσας
3136 324 3458 394 Εὐτρόπιον,
3497 325 3588 380 τὸν
3613 332 3740 384 τότε

499 407 708 477 philum
742 405 886 461 datis
933 407 1147 462 Isidoro
1176 409 1498 463 muneribus
1536 417 1591 464 et
1622 409 1902 479 epistolis,
1950 416 2047 463 tun

2168 408 2488 478 προεστῶτα
2509 411 2604 463 τοῦ
2640 411 2902 482 βασιλέως
2925 413 3097 467 οίκου.
3129 414 3231 467 "Ov
3272 432 3439 484 φασιν
3476 416 3736 488 ἄντικρυς

496 498 562 550 ad
606 497 1012 566 imperatorem,
1059 509 1168 552 tum
1221 501 1287 554 ad
1319 507 1633 570 tyrannum,
1675 498 1972 553 mandasse
2015 513 2046 552 c

2163 502 2317 574 αύτῷ
2346 503 2655 574 ἀπειλῆσαι,
2705 507 2738 578 ἢ
2778 507 2950 560 ταύτὰ
2984 510 3095 571 τοῖς
3131 507 3312 571 ἄλλοις
3359 509 3565 580 ἱερεῦσι
3606 528 3741 580 συμ-

499 595 554 642 υῑ
582 587 768 641 Roma:
793 597 1058 657 maneret,
1082 591 1320 660 bellique
1351 599 1604 644 eventum
1629 590 2044 659 praestolaretur

2159 595 2531 664 ψηφίσασθαι,
2560 597 2592 668 ἢ
2638 601 2750 662 τοῖς
2783 598 3033 666 ἐγκαλεῖν
3068 598 3413 670 βουλομένοις
3468 602 3738 672 ἀπολογή-

496 689 544 734 et
589 683 801 737 litteras
855 698 986 737 suas
1035 699 1161 737 cum
1209 684 1532 738 muneribus
1574 683 1797 737 offerret
1845 681 2047 734 victori

2161 683 2374 737 σασθαι.
2428 686 2656 755 Ἔτυχον
2689 687 2796 757 γὰρ
2840 687 3002 739 αὑτὸν
3054 686 3239 740 πολλοὶ
3292 688 3413 740 τότε
3471 687 3624 759 παρὰ
3669 692 3735 760 τῇ

491 767 647 827 IIunc
677 789 827 838 vero,
861 789 986 827 cum
1013 773 1164 828 istud
1189 776 1435 837 fecisset,
1470 777 1681 829 detecta
1706 771 1922 832 fraude,
1957 771 2044 824 sib

2160 774 2359 844 συνόδῳ
2392 775 2753 846 γραψάμενοι.

488 878 836 936 metuentem,
889 868 1013 938 fuga
1047 869 1436 924 Alexandriam
1490 869 1797 939 repetiissc.
1851 866 2061 920 Exinde
2099 882 2226 922 vero
2271 868 2657 938 The0philum,
2736 885 2860 924 cum
2908 871 3049 926 inter
3120 871 3466 928 fidelissimos
3512 871 3736 926 haberet

494 962 782 1024 lsidoruut,
823 972 1185 1036 apportunam
1222 981 1279 1018 se
1313 965 1617 1019 mercedem
1648 963 1894 1017 laborum
1959 975 2098 1030 quos
2171 976 2272 1029 pro
2311 959 2434 1032 ipso
2478 965 2816 1018 sustinuerat
2864 965 2914 1019 ei
2955 974 3316 1034 repensurum
3360 965 3733 1028 existimasse,

491 1056 532 1108 si
570 1055 1083 1126 Constantinopolis
1125 1059 1441 1126 episcopum
1491 1057 1642 1110 illum
1679 1055 2059 1108 constitueret.
2103 1051 2305 1106 Verum
2360 1055 2476 1108 sive
2520 1055 2621 1109 hac
2662 1056 2730 1110 de
2802 1069 3007 1123 causa,
3083 1059 3200 1112 sive
3240 1065 3503 1128 tanquam
3553 1056 3733 1108 virum

491 1147 987 1211 bonum,ordiuare
1015 1148 1164 1200 illum
1195 1150 1418 1206 voluerit
1491 1148 1850 1218 TneOphilus,
1900 1146 2126 1201 tandem
2163 1143 2394 1200 Joannis
2435 1146 2691 1200 electioni
2745 1162 3032 1204 assensum
3087 1149 3360 1220 praebuit,
3410 1147 3729 1214 EutrOpium

488 1237 719 1298 veritus,
759 1234 1059 1304 imperialis
1099 1237 1343 1292 cuniculi
1383 1246 1516 1293 tunc
1549 1240 1928 1310 praepositum,
1960 1237 2056 1308 qui
2092 1235 2324 1291 Joannis
2351 1237 2690 1292 ordinationi
2725 1253 3054 1309 magnopere
3128 1239 3363 1295 favebat.
3412 1239 3512 1293 Hic
3587 1240 3730 1293 enim

485 1331 663 1399 palam
698 1329 748 1384 ei
788 1329 1145 1386 denuntiasse
1217 1333 1443 1398 dicitur,
1513 1349 1572 1387 ut
1626 1345 1722 1390 aut
1788 1333 2131 1402 reliquorum
2170 1331 2518 1384 sacerdotum
2560 1331 2836 1402 suffragiis
2873 1333 3180 1400 accederet,
3216 1344 3311 1388 aut
3340 1335 3408 1390 iis
3445 1336 3538 1403 qui
3566 1346 3731 1388 accu-

486 1435 614 1477 sare
660 1421 838 1491 ipsum
887 1421 1164 1485 volebant,
1197 1423 1576 1494 responderet.
1635 1422 1850 1494 Quippe
1893 1422 2059 1476 multi
2095 1428 2211 1475 tum
2245 1421 2494 1487 aderant,
2518 1422 2609 1492 qui
2637 1437 2824 1478 coram
2855 1424 3066 1498 synodo
3095 1439 3218 1480 eum
3255 1433 3612 1481 accusarant.

1093 1541 1096 1544 ’
1132 1519 1283 1575 CAP.
1329 1519 1415 1575 III.

483 1613 762 1676 Quomodo
796 1609 1030 1665 Joannes
1062 1612 1129 1664 ad
1161 1622 1517 1680 episcopatum
1544 1622 1837 1681 promotus,
1873 1613 2056 1666 statim

554 1681 706 1733 rebus
737 1681 976 1749 gerendis
1008 1684 1352 1736 vehementius
1379 1684 1762 1748 incubuerit,et
1795 1681 2054 1736 Ecclesia:

554 1751 742 1818 ubique
771 1751 1015 1804 focorum
1045 1752 1369 1806 correxerit:
1404 1755 1680 1819 missisque
1718 1753 1940 1808 Romam
1976 1752 2054 1806 le-

551 1824 710 1890 galis,
739 1819 994 1874 Flaviani
1019 1831 1291 1889 peccatum
1320 1824 1644 1877 dissolverit.

555 1974 726 2028 Porro
763 1973 1004 2031 Joannes
1039 1977 1203 2030 simul
1232 1987 1394 2048 atque
1441 1980 1492 2034 in
1535 1988 1850 2048 episcopatu
1887 1979 2056 2033 collo-

483 2075 641 2120 tatus
674 2074 780 2126 est,
811 2075 947 2121 ante
1006 2071 1190 2121 omnia
1242 2070 1569 2123 clericorum
1621 2084 1846 2123 suorum
1888 2072 2052 2122 vitam

481 2157 775 2213 emendare
818 2159 1049 2213 studuit.
1099 2159 1164 2212 Et
1201 2161 1255 2213 in
1300 2175 1600 2231 processus
1642 2171 1695 2216 et
1747 2161 1949 2215 victum
1991 2173 2054 2213 ac

485 2251 747 2319 reliquam
792 2265 981 2305 eorum
1030 2254 1507 2306 conversationem
1549 2251 1839 2322 diligenter
1872 2251 2055 2322 inqui-

483 2357 652 2406 rens,
708 2342 1067 2412 redarguebat
1120 2344 1244 2399 illos
1296 2353 1351 2399 et
1395 2343 1730 2414 corrigebat.
1775 2342 2052 2410 Quosdam

481 2428 646 2480 etiam
677 2426 928 2482 Ecclesia
957 2429 1138 2497 ejecit.
1173 2427 1309 2481 Nam
1343 2443 1468 2483 cum
1515 2431 1580 2484 ad
1613 2429 2051 2501 redarguendum

481 2528 675 2589 sacpte
709 2520 928 2590 ingenio
957 2520 1215 2590 proclivis
1247 2527 1414 2585 esset,
1448 2528 1502 2574 et
1524 2520 1791 2576 adversus
1824 2536 1921 2576 eos
1955 2519 2050 2590 qui

481 2616 738 2686 injuriam
781 2614 1042 2670 fecissent
1071 2615 1223 2683 justa
1265 2613 1645 2685 indignatione
1677 2629 2054 2670 commovere-

483 2717 594 2770 tur,
640 2723 735 2762 eos
764 2706 992 2761 affectus
1021 2707 1196 2761 multo
1227 2707 1401 2777 magis
1428 2709 1583 2762 auxit
1621 2709 1678 2763 in
1709 2709 2048 2780 episcopatu.

477 2800 682 2854 Natura
716 2801 861 2856 enim
894 2800 1172 2854 licentiam
1209 2808 1392 2864 nacta,
1430 2801 1672 2872 linguam
1723 2799 1790 2854 ad
1815 2817 2050 2873 arguen-

2085 1529 2132 1587 Β

2768 1522 3015 1574 ΚΕΦΔΛ.
3051 1521 3126 1574 Γ¹.

2171 1611 2266 1684 ᾯς
2296 1610 2564 1684 ἐπελθὼν
2588 1610 2880 1684 ζιωάννης
2895 1611 3013 1684 *ἐπὶ
3043 1609 3168 1678 τὴν
3197 1611 3562 1684 ἐπισκοπὴν,
3589 1626 3731 1684 (7590-

2227 1681 2510 1750 δρότερον
2546 1681 2792 1761 ..ἥπτετο
2847 1680 2966 1734 τῶν
3019 1680 3376 1750 πραγμάτων
3399 1721 3414 1744 ,
3469 1684 3568 1735 καί
3623 1680 3728 1807 id:

2227 1751 2575 1807 ἁπανταχου
2616 1750 2974 1807 Ἐκκλησιαρ
2999 1751 3347 1807 ἐπηνώρθου
3370 1767 3382 1780 ο
3420 1752 3517 1805 καὶ
3549 1753 3628 1807 ὡς
3660 1771 3691 1806 τ

2226 1750 2575 1819 ἁπανταχοῦ
2616 1750 2974 1817 Ἐκκλησιας
2999 1751 3347 1818 ἐπηνώρθου
3370 1767 3382 1780 ο
3420 1752 3517 1805 καὶ
3549 1753 3628 1817 ὡς
3660 1771 3691 1806 τ

2226 1819 2376 1873 κατὰ
2409 1821 2517 1873 τὸν
2560 1820 2914 1890 Φλαϐιανρνί
2947 1819 3214 1890 πταῖσμα
3255 1819 3728 1890 διαπρεσϐευσά-

2218 1907 2402 1957 μενος
2428 1893 2515 1956 εὶς
2557 1890 2787 1960 Ῥώμην
2827 1889 3092 1944 διέλυσε.

2232 1979 2292 2032 '0
2323 1978 2381 2031 δὲ
2406 1979 2659 2050 Ἰωάννης
2683 1979 2778 2032 ἐπὶ
2802 1978 2901 2049 τῆς
2924 1978 3229 2050 ἐπισκοπῆς
3254 1979 3565 2048 γενόμενος,
3595 1983 3727 2053 πρὸ-

2152 2087 2312 2142 τερον
2351 2070 2692 2140 διορθοῦσθαι
2723 2070 2849 2132 τοὺς
2897 2069 3042 2139 βίους
3073 2069 3182 2122 τῶν
3218 2070 3310 2122 ὑπ’
3345 2070 3506 2124 αὑτὸν
3540 2072 3729 2144 κληρι-

2154 2161 2266 2216 κῶν
2295 2161 2593 2226 ἐσπούδαζε
2619 2178 2632 2192 ’
2669 2161 2925 2232 προόδους
2965 2179 3024 2214 τε
3059 2160 3237 2215 αὐτῶν
3283 2163 3378 2215 καὶ
3401 2163 3604 2217 δίαιταν
3634 2164 3730 2218 καὶ

2152 2253 2252 2324 τὴν
2281 2252 2448 2323 ἄλλην
2483 2252 2703 2322 ἀγωγὴν
2737 2252 3206 2324 πολυπραγμονῶν
3232 2293 3247 2319 ,
3269 2253 3480 2324 -ἣλεγχὲ
3529 2272 3588 2308 τε
3631 2255 3728 2309 καὶ

2154 2343 2458 2417 ἐπέστρεφε
2479 2362 2491 2373 ·
2539 2345 2664 2409 τοὺς
2700 2345 2757 2397 δέ
2782 2345 2875 2397 καὶ
2904 2345 3003 2414 τῆς
3048 2345 3375 2414 Ἐκκλησίας
3429 2345 3645 2411 ἐξεοῦτο
3673 2358 3724 2402 ο.

2167 2437 2506 2506 Ἐλεγκτικὸς
2530 2438 2637 2509 γὰρ
2665 2435 2739 2491 ὢν
2769 2436 2949 2506 φύσει,
2973 2436 3067 2490 καὶ
3093 2437 3233 2490 κατὰ
3260 2437 3366 2490 τῶν
3398 2437 3728 2491 ἀδικούντων

2153 2530 2212 2583 ἐν
2237 2529 2358 2602 δίκῃ
2390 2529 2732 2598 ἀγανακτῶν,
2773 2529 2852 2582 ἔτι
2881 2528 3079 2599 μᾶλλον
3122 2530 3178 2584 ἐν
3207 2531 3273 2599 τῇ
3319 2530 3592 2600 ἐπισκοπῇ
3628 2531 3726 2582 ἐπ-

2153 2623 2322 2677 έδωκε
2349 2623 2556 2686 τούτοις
2570 2625 2682 2686 τοῖς
2705 2621 3039 2693 παθήμασιν.
3075 2621 3141 2676 Ἠ
3162 2621 3268 2692 γὰρ
3293 2619 3456 2690 φύσις
3481 2620 3730 2686 ἐξουσίας

2153 2717 2518 2787 ἐπιλαϐομένη
2539 2756 2554 2780 ,
2589 2717 2786 2788 ῥᾳδίως
2830 2718 2910 2780 εἰς
2939 2715 3159 2787 ἔλεγχον
3207 2714 3368 2786 ἐξῆγε
3401 2714 3500 2785 τὴν
3549 2715 3731 2783 γλῶσ-

2154 2827 2250 2864 σαν
2269 2849 2284 2874 ,
2315 2808 2409 2861 καὶ
2440 2807 2539 2878 τὴν
2575 2807 2744 2877 ὀργὴν
2788 2808 3129 2878 ἑτοιμότερον
3168 2806 3307 2860 κατὰ
3337 2805 3447 2858 τῶν
3476 2806 3731 2876 ἁμαρταο

481 2895 609 2945 dum
645 2893 802 2946 facile
831 2891 1165 2960 impellebat,
1190 2899 1243 2945 et
1271 2891 1408 2944 iram
1442 2869 1706 2947 adversus
1731 2869 2047 2963 delinquen-

2154 2869 2351 2955 νόντων
2395 2869 2585 2950 ἐκίνει.
2735 2869 2916 2966 μόνον.
2941 2895 2998 2947 δὲ
3038 2869 3145 2964 ’τὴν
3177 2893 3269 2947 ὑπ’
3298 2892 3462 2946 αὑτὸν
3501 2869 3729 2961 Ἐκκλη-

481 2995 564 3039 tes
595 2984 900 3054 promptius
946 2985 1230 3037 incitabat.
1281 2983 1469 3054 Neque
1502 2999 1631 3038 vero
1660 2999 1820 3040 suam
1847 2984 2051 3040 dunta-

482 3082 592 3137 xat,
627 3075 722 3127 sed
751 3084 804 3128 et
833 3076 1070 3143 reliquas
1096 3076 1298 3144 ubique
1326 3075 1570 3130 locorum
1606 3075 1900 3141 Ecclesias,
1929 3087 2050 3132 tan-

479 3182 641 3236 quam
679 3165 857 3218 bonus
885 3173 937 3218 et
989 3166 1207 3220 excelso
1247 3167 1428 3219 animo
1454 3168 1739 3234 praeditus,
1774 3169 2052 3239 corrigere

479 3256 806 3309 conabatur.
845 3254 1082 3309 Proinde
1129 3256 1183 3309 in
1229 3255 1348 3323 ipso
1385 3255 1736 3325 episcopatus
1775 3259 1857 3312 sui
1891 3274 2052 3314 exor-

479 3346 589 3409 dio,
619 3359 742 3397 eum
776 3342 1161 3399 Occidentales
1187 3352 1241 3399 ct
1269 3343 1510 3416 {Egyptii
1555 3345 1874 3402 sacerdotes
1913 3347 2051 3400 I’au-

477 3436 573 3489 lini
605 3435 777 3506 gratia
808 3435 878 3488 ab
904 3432 1276 3490 Orientalibus
1303 3437 1578 3506 episc0pis
1604 3435 1784 3491 adhuc
1816 3437 2054 3493 disside~

477 3539 617 3590 rent,
649 3535 703 3581 ct
737 3527 1013 3596 publicum
1043 3527 1322 3597 quoddam
1359 3527 1651 3583 diseidimn
1679 3529 1750 3584 ob
1778 3544 1897 3582 eam
1936 3544 2048 3583 rem

477 3621 650 3674 t0tius
692 3620 905 3689 imperii
951 3617 1186 3672 Romani
1239 3619 1515 3674 Ecclesias
1558 3619 1874 3684 obtineret,
1933 3620 2050 3688 ipse

475 3709 835 3778 Theophilum
869 3708 1096 3777 rogavit,
1125 3716 1183 3762 ut
1231 3725 1386 3764 suam
1423 3710 1526 3778 ipsi
1553 3725 1774 3780 operam
1806 3725 2050 3765 commo-

476 3801 649 3865 daret,
691 3808 745 3854 et
794 3798 1101 3854 Romanum
1131 3802 1452 3871 episcopum
1484 3801 1748 3857 Flaviano
1802 3805 2049 3858 reconci-

476 3893 654 3946 liaret.
699 3890 852 3956 Quod
878 3907 999 3944 cum
1026 3892 1349 3962 placuisset,
1385 3896 1545 3950 electi
1581 3904 1707 3949 sunt
1741 3897 1807 3948 ad
1857 3897 1907 3950 id
1955 3912 2048 3952 ne-

476 3984 682 4053 gotium
708 3981 870 4053 329
894 3980 1126 4037 Aeacius
1159 3984 1454 4053 episcopus
1479 3983 1682 4039 Berma:
1705 3996 1758 4039 ct
1781 3986 2044 4052 Isidorus;

475 4076 521 4128 is
562 4074 719 4142 cujus
757 4073 931 4142 gratia
963 4071 1302 4142 Theophilus
1334 4073 1563 4128 Joannis
1589 4073 1924 4129 ordinatioui
1953 4075 2048 4128 ad-

2157 2992 2314 3054 σίαν,
2353 2989 2467 3044 ἀλλ’
2513 2990 2588 3052 ὡς
2628 2987 2826 3058 ἀγαθὸς
2880 2986 2972 3039 καὶ
3030 2985 3422 3055 μεγαλόφρων,
3477 2984 3572 3037 κού⁹
3628 2983 3728 3048 τὰς

2155 3082 2428 3154 πανταχοῦ
2473 3079 2803 3152 ἐπανορθοῦν
2847 3077 3199 3141 ἐσπούδαζεν.
3237 3077 3444 3130 Αὐτίκα
3478 3076 3608 3144 γοῦν
3635 3076 3728 3128 ἐπὶ

2152 3173 2248 3244 τὴν
2281 3173 2584 3242 ἐπισκοπὴν
2605 3167 2909 3241 παρελθὼν,
2947 3166 3024 3220 ἔτι
3053 3167 3161 3219 τῶν
3193 3165 3296 3219 ἀνὰ
3324 3166 3424 3237 τὴν
3454 3165 3728 3233 Αἴγυπτον

2152 3267 2248 3319 καὶ
2283 3265 2442 3318 Δύσιν
2460 3300 2462 3303 τ
2483 3263 2675 3334 ίερέων
2701 3262 2836 3334 πρὸς
2868 3261 2993 3324 τοὺς
3022 3262 3079 3312 ἐν
3107 3263 3172 3331 τῇ
3203 3260 3315 3328 Ἕῳ
3342 3258 3430 3312 διὰ
3461 3259 3726 3311 Παυλῖνον

2150 3355 2586 3426 διαφερομένων,
2631 3357 2726 3406 καὶ
2769 3351 2953 3420 κοινῆς
3001 3368 3142 3413 τινος
3181 3349 3401 3420 ἀμιξίας
3439 3348 3526 3401 διὰ
3567 3348 3723 3402 τοῦτο

2150 3447 2248 3509 τὰς
2296 3446 2398 3500 ἀνὰ
2449 3448 2555 3497 πᾶν
2601 3444 2662 3497 τὸ
2706 3444 2946 3512 ὑπήκοον
2987 3440 3311 3510 Ἑκκλησίας
3361 3438 3721 3508 κατεχούσης,

2153 3536 2348 3605 ἐδεήθη
2393 3535 2653 3604 Θεοφίλου
2687 3533 3005 3604 συμπρᾶξαι
3048 3531 3224 3602 αὐτῷ,
3256 3529 3350 3583 καὶ
3390 3529 3721 3593 καταλλάξαι

2149 3626 2431 3696 Φλαϐιανῷ
2481 3626 2570 3679 τὸν
2611 3624 2898 3695 Ῥωμαίων
2932 3623 3247 3676 ἐπίσκοπον.
3281 3617 3408 3675 Ὧδε
3441 3621 3506 3673 δὲ
3538 3621 3720 3686 δόξαν,

2151 3715 2430 3788 αἱροῦνται
2464 3716 2557 3768 ἐπὶ
2585 3715 2740 3768 τοῦτο
2781 3714 3034 3777 Ἀκάκιος
3067 3713 3144 3782 (5)
3174 3713 3202 3764 ὁ
3235 3712 3460 3783 Βεροίας
3499 3712 3716 3766 ἐπίσκο-

2151 3825 2250 3872 πος
2269 3849 2284 3872 ,
2314 3810 2407 3862 καὶ
2448 3807 2714 3879 Ἰσίδωρος
2737 3849 2752 3875 ,
2783 3808 2848 3860 δι’
2874 3808 2930 3860 ὃν
2954 3807 3211 3875 Θεόφιλος
3238 3806 3475 3868 ἐναντίος
3502 3805 3717 3872 ἐγένετο

2149 3903 2213 3969 τῇ
2264 3898 2428 3951 αὑτοῦ
2474 3898 2797 3970 χειροτονίᾳ.
2835 3898 2943 3951 Καὶ
2997 3898 3429 3970 παραγενόμενοι
3462 3899 3541 3960 είς
3587 3897 3716 3951 Ῥώ-

2151 4009 2278 4060 μην,
2305 3990 2488 4058 ὲπειδὴ
2525 3989 2666 4042 κατὰ
2688 3989 2912 4061 γνώμην
2942 3991 3123 4053 αὐτοῖς
3149 3992 3180 4060 ἡ
3221 3989 3484 4061 πρεσϐεία
3512 3990 3715 4060 ἀπέϐη,

2148 4078 2526 4133 κατέπλευσαν
2548 4081 2624 4142 είς
2644 4079 2918 4147 Αἴγυπτον
2939 4098 2952 4112 ·
2978 4080 3224 4134 ἐντεῦθεν
3250 4083 3329 4144 είς
3356 4081 3556 4152 Συρίαν
3583 4077 3715 4151 ἧκεν

469 4175 724 4221 versatus
759 4164 955 4219 fuerat.
981 4165 1045 4218 Ili
1073 4164 1297 4220 Romam
1320 4165 1505 4231 delati,
1534 4181 1657 4219 cum
1677 4167 1873 4237 legatio
1899 4165 2036 4235 ipsis

2161 4170 2451 4246 Ἀκάκιος,
2495 4171 2808 4239 Αἰγυπτίων
2849 4172 2942 4224 καὶ
2993 4171 3102 4224 τῶν
3135 4172 3270 4242 πρὸς
3319 4171 3480 4226 Δύσιν
3527 4173 3714 4243 ίερέων

472 4273 536 4310 ex
585 4256 752 4310 animi
793 4255 1062 4311 sententia
1108 4258 1490 4321 successisset,
1521 4257 1575 4312 in
1617 4257 1911 4329 ιλΕεγριιιιιι
1945 4273 2040 4310 na-

473 4349 746 4416 vigarunt.
795 4345 921 4400 Inde
949 4346 1182 4400 Aeacius
1211 4347 1266 4400 in
1307 4347 1520 4418 Syriam
1561 4364 1836 4413 reversus,
1875 4347 2043 4419 Egy-

469 4441 707 4509 ptiorum
736 4447 790 4494 et
817 4438 1252 4494 Occidentalium
1295 4443 1600 4496 antistitum
1643 4443 1856 4497 litteras
1891 4444 2038 4509 paci-

469 4532 604 4586 tteas
631 4531 814 4584 attulit
842 4529 1123 4585 Flaviano.
1161 4531 1294 4586 Sero
1322 4531 1537 4588 tandem
1570 4535 1717 4590 hunc
1740 4535 1792 4588 in
1813 4535 2033 4589 modum

2147 4259 2397 4333 εἰρηναῖα
2423 4263 2726 4334 γράμματα
2758 4265 2869 4326 τοῖς
2891 4264 3032 4334 ἀμφὶ
3055 4263 3350 4317 Φλαϐιανὸν
3381 4263 3581 4334 φέρων.
3604 4263 3711 4317 Καὶ

2147 4353 2203 4404 αἱ
2260 4351 2356 4421 μὲν
2415 4351 2729 4422 Ἐκκλησίαι
2767 4351 2864 4421 ὀψέ
2897 4369 3023 4406 ποτε
3057 4351 3260 4422 ταύτης
3306 4353 3403 4422 τῆς
3448 4352 3710 4421 διχονοίας

2144 4437 2244 4495 ὧδε
2274 4443 2692 4511 ἀπαλλαγεῖσαι,
2716 4444 2814 4514 τὴν
2837 4444 2971 4514 πρὸς
2998 4443 3230 4515 ἀλλήλας
3265 4443 3550 4497 κοινωνίαν
3607 4445 3709 4497 ἀπ·

2146 4533 2355 4588 ἐλαϐον.
2385 4536 2458 4588 Τὸ
2488 4535 2544 4589 δὲ
2577 4535 2778 4608 πλῆθος
2803 4537 2911 4591 τῶν
2941 4538 2997 4591 ἐν
3031 4535 3329 4606 Ἀντιοχείᾳ
3361 4533 3715 4605 καλουμένων

1666 4714 1934 4772 VALESII
1970 4716 2516 4776 ANNOTATIONES.

493 4889 501 4897 _
539 4819 614 4886 (5)
635 4819 945 4900 Αίροῦιςται
1089 4824 1301 4900 ,τοῦτο’
1328 4826 1608 4900 ᾉκάκιος.
1637 4825 1712 4881 De
1745 4828 1863 4900 hac
1886 4835 2036 4900 lega-

467 4891 616 4966 tione
664 4891 847 4966 Acacii
886 4891 1203 4966 etulsidori
1239 4897 1304 4949 ad
1361 4891 1664 4950 Romanum
1715 4891 2033 4965 pontificEm

468 4958 841 5039 Anastasium,
887 4958 1162 5039 Palladius
1193 4964 1246 5018 in
1277 4966 1611 5039 Dialogoude
1649 4958 1755 5039 vita
1793 4967 2034 5039 Joannis

467 5028 829 5102 gltj'ysostouti
871 5035 1235 5102 Ita_scribit:
1291 5028 1460 5088 Οἷσθᾶ
1507 5037 1564 5089 δέ
1617 5037 1710 5090 καὶ
1751 5038 1913 5102 αὒτὺς
1940 5039 2033 5092 τὸν

467 5096 693 5180 Europa,“
718 5095 880 5180 ηνίκα
932 5099 1027 5151 σὺν
1091 5102 1326 5180 Ἀκακίιρ
1375 5106 1563 5180 ἐλθὼν,
1608 5107 1705 5178 τὴν
1734 5095 2032 5180 Φλαϐίανοῦ

469 5165 604 5245 ῖτρδς
654 5165 910 5245 Θεάφιλον
961 5172 1242 5245 κει-κλωνίαν
1297 5165 1573 5245 ἐκόμισεν,
1623 5165 1797 5231 είκοσι
1847 5178 2023 5234 ἐτεσιν

464 5237 951 5316 ἀπεσχοινισμένην
989 5239 1253 5316 Εύαχρίου
1308 5237 1512 5308 ἕνεκεν,
1541 5237 1648 5300 etc.
1688 5249 1751 5300 Et
1790 5248 2023 5303 Aeacius

469 5308 684 5378 quidem
710 5309 912 5364 missus
944 5315 1024 5362 est
1047 5324 1075 5360 a
1097 5308 1353 5366 Flaviano
1383 5316 1723 5371 Antiocheno
1747 5316 2026 5388 episcopo,

2131 4832 2290 4902 cujus
2313 4840 2431 4886 erat
2457 4830 2826 4902 suﬂraganus.
2863 4832 3105 4889 Isidorus
3129 4849 3260 4889 vero
3291 4834 3494 4889 missus
3522 4843 3642 4888 erat
3677 4851 3708 4890 a

2131 4901 2436 4974 Theophila
2497 4901 2891 4974 Alexandrino.
2947 4911 3005 4956 ut
3053 4904 3260 4959 litteras
3307 4905 3572 4974 pacificas
3610 4920 3712 4958 seu

2130 4971 2652 5043 cciiiiiiunieatorias
2681 4987 2815 5041 quas
2841 4971 3145 5041 Theophilo
3171 4971 3469 5043 scripserat
3494 4973 3718 5043 Flavia-

2130 5043 2328 5112 nus,ad
2346 5042 2701 5096 Anastasium
2725 5043 3038 5112 episcopum
3065 5044 3218 5098 urbis
3243 5042 3425 5096 Romae
3442 5042 3660 5097 deferre
3676 5054 3714 5096 ι.

2131 5111 2189 5166 Id
2223 5122 2403 5167 autem
2433 5112 2638 5166 factum
2671 5111 2769 5181 est
2794 5127 2938 5167 anno
2969 5113 3178 5169 Christi
3209 5114 3335 5181 598,
3385 5113 3491 5167 sub
3536 5127 3672 5168 exor
3693 5140 3719 5150 -

2131 5182 2282 5237 dium
2307 5183 2667 5257 episcopatus
2711 5179 2941 5239 Joannis
2985 5179 3396 5257 Chrysostonii,
3450 5192 3508 5238 ut
3558 5190 3714 5237 recte

2133 5253 2344 5307 monuit
2362 5251 2667 5308 'Baronius.

1883 5499 2259 5561 VARIORUM.

531 5611 555 5635 ν
598 5602 884 5669 Ἑξεοῦτο.
914 5607 1138 5667 Videtur
1171 5610 1449 5683 legendum
1490 5612 1773 5677 ἐξεώσατο.
1821 5614 1886 5671 W
1919 5615 2142 5676 Lowru.
