  <div class='ocr_page' id='page_1' title='image "/cluster/home/n/w/nwhite01/storage/ocr_20150623/67/hvd.32044020707378/766.png"; bbox 0 0 4054 6188; ppageno 0'>
   <div class='ocr_carea' id='block_1_1' title="bbox 331 271 3623 357">
    <p class='ocr_par' dir='ltr' id='par_1_1' title="bbox 331 271 3623 357">
     <span class='ocr_line' id='line_1_1' title="bbox 331 271 3623 357; baseline 0.01 -31"><span class='ocrx_word' id='word_1_1' title='bbox 331 271 458 326; x_wconf 70' lang='grc'><strong>1521</strong></span> <span class='ocrx_word' id='word_1_2' title='bbox 1252 271 1583 331; x_wconf 78' lang='lat' dir='ltr'><strong>HISTORIA</strong></span> <span class='ocrx_word' id='word_1_3' title='bbox 1619 276 2170 341; x_wconf 52' lang='lat' dir='ltr'><strong>ECCLESIASTICA-t</strong></span> <span class='ocrx_word' id='word_1_4' title='bbox 2196 317 2266 327; x_wconf 91' lang='lat'><strong>—</strong></span> <span class='ocrx_word' id='word_1_5' title='bbox 2304 288 2433 344; x_wconf 87' lang='lat' dir='ltr'><strong>LIB.</strong></span> <span class='ocrx_word' id='word_1_6' title='bbox 2480 290 2612 347; x_wconf 82' lang='lat' dir='ltr'><strong>Vill.</strong></span> <span class='ocrx_word' id='word_1_7' title='bbox 3426 300 3566 357; x_wconf 60' lang='lat'><strong>1522</strong></span> <span class='ocrx_word' id='word_1_8' title='bbox 3618 296 3623 303; x_wconf 71' lang='grc'><em>’</em></span> 
     </span>
    </p>
   </div>
   <div class='ocr_carea' id='block_1_2' title="bbox 324 388 1906 487">
    <p class='ocr_par' dir='ltr' id='par_1_2' title="bbox 324 388 1897 467">
     <span class='ocr_line' id='line_1_2' title="bbox 324 388 1897 467; baseline 0.01 -26"><span class='ocrx_word' id='word_1_9' title='bbox 324 388 724 456; x_wconf 82' lang='grc' dir='ltr'>Εὑσταθιανῶν,</span> <span class='ocrx_word' id='word_1_10' title='bbox 773 392 900 463; x_wconf 79' lang='grc' dir='ltr'>ἄχρι</span> <span class='ocrx_word' id='word_1_11' title='bbox 943 393 1084 457; x_wconf 81' lang='grc' dir='ltr'>τινὸς</span> <span class='ocrx_word' id='word_1_12' title='bbox 1127 394 1394 465; x_wconf 81' lang='grc' dir='ltr'><strong>διέμεινεν</strong></span> <span class='ocrx_word' id='word_1_13' title='bbox 1441 400 1527 467; x_wconf 82' lang='grc' dir='ltr'><strong>ἐφ’</strong></span> <span class='ocrx_word' id='word_1_14' title='bbox 1569 401 1732 455; x_wconf 81' lang='grc' dir='ltr'>ἑαυτὸ</span> <span class='ocrx_word' id='word_1_15' title='bbox 1774 420 1897 457; x_wconf 83' lang='grc' dir='ltr'>συν-</span> 
     </span>
    </p>
   </div>
   <div class='ocr_carea' id='block_1_3' title="bbox 2007 388 3569 487">
    <p class='ocr_par' dir='ltr' id='par_1_3' title="bbox 2007 405 3569 487">
     <span class='ocr_line' id='line_1_3' title="bbox 2007 405 3569 487; baseline 0.01 -27"><span class='ocrx_word' id='word_1_16' title='bbox 2007 405 2259 464; x_wconf 77' lang='lat' dir='ltr'><strong>Ecclesi:e</strong></span> <span class='ocrx_word' id='word_1_17' title='bbox 2276 425 2340 465; x_wconf 88' lang='lat' dir='ltr'><strong>ea</strong></span> <span class='ocrx_word' id='word_1_18' title='bbox 2371 412 2723 469; x_wconf 85' lang='lat' dir='ltr'><strong>dissensione</strong></span> <span class='ocrx_word' id='word_1_19' title='bbox 2754 413 3014 480; x_wconf 72' lang='lat' dir='ltr'><strong>liberatae,</strong></span> <span class='ocrx_word' id='word_1_20' title='bbox 3045 417 3098 471; x_wconf 93' lang='lat' dir='ltr'><strong>in</strong></span> <span class='ocrx_word' id='word_1_21' title='bbox 3127 419 3417 487; x_wconf 73' lang='lat' dir='ltr'><strong>pristinam</strong></span> <span class='ocrx_word' id='word_1_22' title='bbox 3453 438 3569 474; x_wconf 79' lang='lat' dir='ltr'><strong>rur-</strong></span> 
     </span>
    </p>
   </div>
   <div class='ocr_carea' id='block_1_4' title="bbox 325 483 1906 581">
    <p class='ocr_par' dir='ltr' id='par_1_4' title="bbox 325 483 1893 565">
     <span class='ocr_line' id='line_1_4' title="bbox 325 483 1893 565; baseline 0.008 -29"><span class='ocrx_word' id='word_1_23' title='bbox 325 483 626 553; x_wconf 65' lang='grc' dir='ltr'>αγόμενοι,</span> <span class='ocrx_word' id='word_1_24' title='bbox 654 485 748 537; x_wconf 80' lang='grc' dir='ltr'>καὶ</span> <span class='ocrx_word' id='word_1_25' title='bbox 782 485 1079 539; x_wconf 78' lang='grc' dir='ltr'><strong>ἐπισκόπου</strong></span> <span class='ocrx_word' id='word_1_26' title='bbox 1110 487 1284 551; x_wconf 81' lang='grc' dir='ltr'>ἐκτός.</span> <span class='ocrx_word' id='word_1_27' title='bbox 1331 490 1538 560; x_wconf 79' lang='grc' dir='ltr'>Ὀλίγον</span> <span class='ocrx_word' id='word_1_28' title='bbox 1567 492 1674 564; x_wconf 86' lang='grc' dir='ltr'>γὰρ</span> <span class='ocrx_word' id='word_1_29' title='bbox 1704 495 1893 565; x_wconf 84' lang='grc' dir='ltr'>χρόνον</span> 
     </span>
    </p>
   </div>
   <div class='ocr_carea' id='block_1_5' title="bbox 2007 483 3565 581">
    <p class='ocr_par' dir='ltr' id='par_1_5' title="bbox 2007 501 3565 581">
     <span class='ocr_line' id='line_1_5' title="bbox 2007 501 3565 581; baseline 0.008 -29"><span class='ocrx_word' id='word_1_30' title='bbox 2007 513 2095 552; x_wconf 81' lang='lat' dir='ltr'><strong>sus</strong></span> <span class='ocrx_word' id='word_1_31' title='bbox 2138 501 2489 556; x_wconf 82' lang='lat' dir='ltr'><strong>concordiam</strong></span> <span class='ocrx_word' id='word_1_32' title='bbox 2524 504 2851 569; x_wconf 88' lang='lat' dir='ltr'><strong>redierunt;</strong></span> <span class='ocrx_word' id='word_1_33' title='bbox 2889 506 3192 564; x_wconf 63' lang='lat' dir='ltr'><strong>Antiochiae</strong></span> <span class='ocrx_word' id='word_1_34' title='bbox 3232 525 3359 565; x_wconf 88' lang='lat' dir='ltr'><strong>vero</strong></span> <span class='ocrx_word' id='word_1_35' title='bbox 3409 512 3442 565; x_wconf 91' lang='lat' dir='ltr'><strong>ii</strong></span> <span class='ocrx_word' id='word_1_36' title='bbox 3466 512 3565 581; x_wconf 83' lang='lat' dir='ltr'><strong>qui</strong></span> 
     </span>
    </p>
   </div>
   <div class='ocr_carea' id='block_1_6' title="bbox 325 575 1906 671">
    <p class='ocr_par' dir='ltr' id='par_1_6' title="bbox 325 575 1894 658">
     <span class='ocr_line' id='line_1_6' title="bbox 325 575 1894 658; baseline 0.007 -31"><span class='ocrx_word' id='word_1_37' title='bbox 325 575 626 649; x_wconf 73' lang='grc' dir='ltr'>ἐπιϐιώσας</span> <span class='ocrx_word' id='word_1_38' title='bbox 653 616 668 640; x_wconf 91' lang='grc'><strong>,</strong></span> <span class='ocrx_word' id='word_1_39' title='bbox 708 576 811 639; x_wconf 82' lang='grc' dir='ltr'><strong>ὡς’</strong></span> <span class='ocrx_word' id='word_1_40' title='bbox 835 576 1080 648; x_wconf 76' lang='grc' dir='ltr'><strong>ἔγνωμεν</strong></span> <span class='ocrx_word' id='word_1_41' title='bbox 1108 621 1123 643; x_wconf 90' lang='lat'><strong>,</strong></span> <span class='ocrx_word' id='word_1_42' title='bbox 1174 581 1524 654; x_wconf 75' lang='grc' dir='ltr'><strong>ἐτελεύτησεν</strong></span> <span class='ocrx_word' id='word_1_43' title='bbox 1578 587 1843 658; x_wconf 84' lang='grc' dir='ltr'>Εὐάγριος</span> <span class='ocrx_word' id='word_1_44' title='bbox 1865 587 1894 638; x_wconf 84' lang='grc' dir='ltr'><strong>ό</strong></span> 
     </span>
    </p>
   </div>
   <div class='ocr_carea' id='block_1_7' title="bbox 2007 575 3569 671">
    <p class='ocr_par' dir='ltr' id='par_1_7' title="bbox 2007 575 3569 671">
     <span class='ocr_line' id='line_1_7' title="bbox 2007 575 3569 671; baseline 0.012 -31"><span class='ocrx_word' id='word_1_45' title='bbox 2007 586 2344 645; x_wconf 84' lang='lat' dir='ltr'><strong>Eustathiani</strong></span> <span class='ocrx_word' id='word_1_46' title='bbox 2383 591 2735 661; x_wconf 78' lang='lat' dir='ltr'><strong>dicebantur,</strong></span> <span class='ocrx_word' id='word_1_47' title='bbox 2771 600 3092 668; x_wconf 84' lang='lat' dir='ltr'><strong>aliquandiu</strong></span> <span class='ocrx_word' id='word_1_48' title='bbox 3122 601 3421 671; x_wconf 84' lang='lat' dir='ltr'><strong>persistere</strong></span> <span class='ocrx_word' id='word_1_49' title='bbox 3459 575 3569 657; x_wconf 77' lang='lat' dir='ltr'><strong>eol-</strong></span> 
     </span>
    </p>
   </div>
   <div class='ocr_carea' id='block_1_8' title="bbox 328 665 1892 753">
    <p class='ocr_par' dir='ltr' id='par_1_8' title="bbox 328 665 1892 753">
     <span class='ocr_line' id='line_1_8' title="bbox 328 665 1892 753; baseline 0.008 -35"><span class='ocrx_word' id='word_1_50' title='bbox 328 666 591 719; x_wconf 84' lang='grc' dir='ltr'>Παυλῖνον</span> <span class='ocrx_word' id='word_1_51' title='bbox 643 665 1042 753; x_wconf 79' lang='grc' dir='ltr'>διαδεξάμενος.</span> <span class='ocrx_word' id='word_1_52' title='bbox 1088 670 1246 724; x_wconf 82' lang='grc' dir='ltr'><strong>Κατὰ</strong></span> <span class='ocrx_word' id='word_1_53' title='bbox 1308 672 1464 727; x_wconf 82' lang='grc' dir='ltr'>τοῦτο</span> <span class='ocrx_word' id='word_1_54' title='bbox 1510 674 1659 745; x_wconf 82' lang='grc' dir='ltr'>γάρ,</span> <span class='ocrx_word' id='word_1_55' title='bbox 1704 673 1892 746; x_wconf 84' lang='grc' dir='ltr'>οἶμαι,</span> 
     </span>
    </p>
   </div>
   <div class='ocr_carea' id='block_1_9' title="bbox 327 756 1892 838">
    <p class='ocr_par' dir='ltr' id='par_1_9' title="bbox 327 756 1892 838">
     <span class='ocr_line' id='line_1_9' title="bbox 327 756 1892 838; baseline 0.009 -31"><span class='ocrx_word' id='word_1_56' title='bbox 327 757 587 827; x_wconf 73' lang='grc' dir='ltr'><strong>εὐμαρεῖς</strong></span> <span class='ocrx_word' id='word_1_57' title='bbox 610 756 854 823; x_wconf 79' lang='grc' dir='ltr'>ἐγένοντο</span> <span class='ocrx_word' id='word_1_58' title='bbox 883 761 994 823; x_wconf 88' lang='grc' dir='ltr'>τοῖς</span> <span class='ocrx_word' id='word_1_59' title='bbox 1036 761 1355 827; x_wconf 77' lang='grc' dir='ltr'><strong>ἐπισκόποις</strong></span> <span class='ocrx_word' id='word_1_60' title='bbox 1387 766 1442 817; x_wconf 81' lang='grc' dir='ltr'>αἱ</span> <span class='ocrx_word' id='word_1_61' title='bbox 1479 764 1763 835; x_wconf 78' lang='grc' dir='ltr'>διαλλαγαὶ</span> <span class='ocrx_word' id='word_1_62' title='bbox 1795 767 1892 838; x_wconf 84' lang='grc'><strong>(6),</strong></span> 
     </span>
    </p>
   </div>
   <div class='ocr_carea' id='block_1_10' title="bbox 1999 677 3562 760">
    <p class='ocr_par' dir='ltr' id='par_1_10' title="bbox 1999 677 3562 760">
     <span class='ocr_line' id='line_1_10' title="bbox 1999 677 3562 760; baseline 0.008 -30"><span class='ocrx_word' id='word_1_63' title='bbox 1999 677 2172 733; x_wconf 87' lang='lat' dir='ltr'><strong>lectas</strong></span> <span class='ocrx_word' id='word_1_64' title='bbox 2216 694 2464 736; x_wconf 85' lang='lat' dir='ltr'><strong>seorsum</strong></span> <span class='ocrx_word' id='word_1_65' title='bbox 2504 686 2869 754; x_wconf 82' lang='lat' dir='ltr'><strong>celebrantes,</strong></span> <span class='ocrx_word' id='word_1_66' title='bbox 2912 690 3075 744; x_wconf 86' lang='lat' dir='ltr'><strong>etiam</strong></span> <span class='ocrx_word' id='word_1_67' title='bbox 3120 690 3243 746; x_wconf 89' lang='lat' dir='ltr'><strong>sine</strong></span> <span class='ocrx_word' id='word_1_68' title='bbox 3287 690 3562 760; x_wconf 88' lang='lat' dir='ltr'><strong>episcopo.</strong></span> 
     </span>
    </p>
   </div>
   <div class='ocr_carea' id='block_1_11' title="bbox 1999 767 3568 845">
    <p class='ocr_par' dir='ltr' id='par_1_11' title="bbox 1999 767 3568 845">
     <span class='ocr_line' id='line_1_11' title="bbox 1999 767 3568 845; baseline 0.008 -23"><span class='ocrx_word' id='word_1_69' title='bbox 1999 767 2265 840; x_wconf 75' lang='lat' dir='ltr'><strong>Evagrius</strong></span> <span class='ocrx_word' id='word_1_70' title='bbox 2286 775 2431 827; x_wconf 88' lang='lat' dir='ltr'><strong>enim</strong></span> <span class='ocrx_word' id='word_1_71' title='bbox 2463 777 2555 845; x_wconf 87' lang='lat' dir='ltr'><strong>qui</strong></span> <span class='ocrx_word' id='word_1_72' title='bbox 2592 776 2824 833; x_wconf 84' lang='lat' dir='ltr'><strong>Paulino</strong></span> <span class='ocrx_word' id='word_1_73' title='bbox 2854 790 3223 845; x_wconf 86' lang='lat' dir='ltr'><strong>successerat,</strong></span> <span class='ocrx_word' id='word_1_74' title='bbox 3254 782 3404 837; x_wconf 85' lang='lat' dir='ltr'><strong>brevi</strong></span> <span class='ocrx_word' id='word_1_75' title='bbox 3438 791 3568 836; x_wconf 83' lang='lat' dir='ltr'><strong>tem-</strong></span> 
     </span>
    </p>
   </div>
   <div class='ocr_carea' id='block_1_12' title="bbox 329 846 1906 943">
    <p class='ocr_par' dir='ltr' id='par_1_12' title="bbox 329 846 1900 927">
     <span class='ocr_line' id='line_1_12' title="bbox 329 846 1900 927; baseline 0.009 -31"><span class='ocrx_word' id='word_1_76' title='bbox 329 846 556 915; x_wconf 71' lang='grc' dir='ltr'>μηδενὸς</span> <span class='ocrx_word' id='word_1_77' title='bbox 603 846 844 901; x_wconf 76' lang='grc' dir='ltr'><strong>ἐναντίου</strong></span> <span class='ocrx_word' id='word_1_78' title='bbox 895 850 1065 914; x_wconf 77' lang='grc' dir='ltr'>ὄντος.</span> <span class='ocrx_word' id='word_1_79' title='bbox 1130 851 1188 905; x_wconf 87' lang='lat'><strong>&#39;0</strong></span> <span class='ocrx_word' id='word_1_80' title='bbox 1249 852 1305 906; x_wconf 88' lang='grc' dir='ltr'>δὲ</span> <span class='ocrx_word' id='word_1_81' title='bbox 1356 854 1482 919; x_wconf 84' lang='grc' dir='ltr'>λαὸς</span> <span class='ocrx_word' id='word_1_82' title='bbox 1510 893 1526 919; x_wconf 88' lang='grc'><strong>,</strong></span> <span class='ocrx_word' id='word_1_83' title='bbox 1581 850 1670 909; x_wconf 74' lang='grc' dir='ltr'>οἷα</span> <span class='ocrx_word' id='word_1_84' title='bbox 1731 856 1900 927; x_wconf 84' lang='grc' dir='ltr'>δῆμος</span> 
     </span>
    </p>
   </div>
   <div class='ocr_carea' id='block_1_13' title="bbox 2007 846 3569 943">
    <p class='ocr_par' dir='ltr' id='par_1_13' title="bbox 2007 862 3569 943">
     <span class='ocr_line' id='line_1_13' title="bbox 2007 862 3569 943; baseline 0.01 -30"><span class='ocrx_word' id='word_1_85' title='bbox 2007 862 2151 929; x_wconf 89' lang='lat' dir='ltr'><strong>poris</strong></span> <span class='ocrx_word' id='word_1_86' title='bbox 2198 866 2380 933; x_wconf 88' lang='lat' dir='ltr'><strong>spatio</strong></span> <span class='ocrx_word' id='word_1_87' title='bbox 2420 870 2746 936; x_wconf 79' lang='lat' dir='ltr'><strong>supervixit,</strong></span> <span class='ocrx_word' id='word_1_88' title='bbox 2781 872 2863 925; x_wconf 91' lang='lat' dir='ltr'><strong>uti</strong></span> <span class='ocrx_word' id='word_1_89' title='bbox 2911 872 3022 941; x_wconf 86' lang='lat' dir='ltr'><strong>jam</strong></span> <span class='ocrx_word' id='word_1_90' title='bbox 3074 872 3337 928; x_wconf 79' lang='lat' dir='ltr'><strong>diximus.</strong></span> <span class='ocrx_word' id='word_1_91' title='bbox 3388 874 3569 943; x_wconf 87' lang='lat' dir='ltr'><strong>Atque</strong></span> 
     </span>
    </p>
   </div>
   <div class='ocr_carea' id='block_1_14' title="bbox 328 937 1899 1016">
    <p class='ocr_par' dir='ltr' id='par_1_14' title="bbox 328 937 1899 1016">
     <span class='ocr_line' id='line_1_14' title="bbox 328 937 1899 1016; baseline 0.008 -27"><span class='ocrx_word' id='word_1_92' title='bbox 328 937 489 1004; x_wconf 79' lang='grc' dir='ltr'>φιλεῖ,</span> <span class='ocrx_word' id='word_1_93' title='bbox 525 939 644 991; x_wconf 80' lang='grc' dir='ltr'>κατ’</span> <span class='ocrx_word' id='word_1_94' title='bbox 668 938 882 1007; x_wconf 84' lang='grc' dir='ltr'><strong>ὀλίγους</strong></span> <span class='ocrx_word' id='word_1_95' title='bbox 909 942 997 995; x_wconf 77' lang='grc' dir='ltr'>ἀεὶ</span> <span class='ocrx_word' id='word_1_96' title='bbox 1031 944 1449 1016; x_wconf 81' lang='grc' dir='ltr'>προστιθέμενοι</span> <span class='ocrx_word' id='word_1_97' title='bbox 1488 950 1599 1012; x_wconf 88' lang='grc' dir='ltr'>τοῖς</span> <span class='ocrx_word' id='word_1_98' title='bbox 1631 948 1734 1002; x_wconf 80' lang='grc' dir='ltr'>ὑπὸ</span> <span class='ocrx_word' id='word_1_99' title='bbox 1757 948 1899 1001; x_wconf 82' lang='grc' dir='ltr'>Φλα-</span> 
     </span>
    </p>
   </div>
   <div class='ocr_carea' id='block_1_15' title="bbox 329 1026 1897 1113">
    <p class='ocr_par' dir='ltr' id='par_1_15' title="bbox 329 1026 1897 1113">
     <span class='ocr_line' id='line_1_15' title="bbox 329 1026 1897 1113; baseline 0.008 -35"><span class='ocrx_word' id='word_1_100' title='bbox 329 1026 511 1082; x_wconf 83' lang='grc' dir='ltr'>6ιανδν</span> <span class='ocrx_word' id='word_1_101' title='bbox 552 1029 1031 1101; x_wconf 78' lang='grc' dir='ltr'>ἐκκλησιάζουσιν,</span> <span class='ocrx_word' id='word_1_102' title='bbox 1070 1035 1121 1087; x_wconf 88' lang='grc' dir='ltr'>οἱ</span> <span class='ocrx_word' id='word_1_103' title='bbox 1162 1035 1389 1101; x_wconf 60' lang='grc' dir='ltr'>πλείους,</span> <span class='ocrx_word' id='word_1_104' title='bbox 1416 1036 1494 1113; x_wconf 82' lang='grc' dir='ltr'>τῷ</span> <span class='ocrx_word' id='word_1_105' title='bbox 1539 1039 1716 1111; x_wconf 79' lang='grc' dir='ltr'>χρόνῳ</span> <span class='ocrx_word' id='word_1_106' title='bbox 1759 1037 1897 1110; x_wconf 75' lang='grc' dir='ltr'><strong>ἠνώ-</strong></span> 
     </span>
    </p>
   </div>
   <div class='ocr_carea' id='block_1_16' title="bbox 328 1116 523 1189">
    <p class='ocr_par' dir='ltr' id='par_1_16' title="bbox 328 1116 523 1189">
     <span class='ocr_line' id='line_1_16' title="bbox 328 1116 523 1189; baseline 0.01 -20"><span class='ocrx_word' id='word_1_107' title='bbox 328 1116 523 1189; x_wconf 89' lang='grc' dir='ltr'>θησαν.</span> 
     </span>
    </p>
   </div>
   <div class='ocr_carea' id='block_1_17' title="bbox 1998 950 3572 1030">
    <p class='ocr_par' dir='ltr' id='par_1_17' title="bbox 1998 950 3572 1030">
     <span class='ocr_line' id='line_1_17' title="bbox 1998 950 3572 1030; baseline 0.008 -26"><span class='ocrx_word' id='word_1_108' title='bbox 1998 950 2228 1015; x_wconf 86' lang='lat' dir='ltr'><strong>idcirco,</strong></span> <span class='ocrx_word' id='word_1_109' title='bbox 2270 964 2329 1009; x_wconf 91' lang='lat' dir='ltr'><strong>ut</strong></span> <span class='ocrx_word' id='word_1_110' title='bbox 2375 957 2594 1026; x_wconf 88' lang='lat' dir='ltr'><strong>opinor,</strong></span> <span class='ocrx_word' id='word_1_111' title='bbox 2630 961 2905 1030; x_wconf 88' lang='lat' dir='ltr'><strong>episcopis</strong></span> <span class='ocrx_word' id='word_1_112' title='bbox 2947 960 3129 1017; x_wconf 80' lang='lat' dir='ltr'><strong>facilis</strong></span> <span class='ocrx_word' id='word_1_113' title='bbox 3173 962 3277 1017; x_wconf 81' lang='lat' dir='ltr'><strong>fuit</strong></span> <span class='ocrx_word' id='word_1_114' title='bbox 3327 962 3572 1018; x_wconf 88' lang='lat' dir='ltr'><strong>reconci-</strong></span> 
     </span>
    </p>
   </div>
   <div class='ocr_carea' id='block_1_18' title="bbox 1996 1041 3569 1123">
    <p class='ocr_par' dir='ltr' id='par_1_18' title="bbox 1996 1041 3569 1123">
     <span class='ocr_line' id='line_1_18' title="bbox 1996 1041 3569 1123; baseline 0.009 -29"><span class='ocrx_word' id='word_1_115' title='bbox 1996 1041 2169 1107; x_wconf 88' lang='lat' dir='ltr'><strong>liatio,</strong></span> <span class='ocrx_word' id='word_1_116' title='bbox 2196 1060 2318 1099; x_wconf 89' lang='lat' dir='ltr'><strong>eum</strong></span> <span class='ocrx_word' id='word_1_117' title='bbox 2364 1048 2548 1103; x_wconf 85' lang='lat' dir='ltr'><strong>nullus</strong></span> <span class='ocrx_word' id='word_1_118' title='bbox 2579 1061 2894 1119; x_wconf 87' lang='lat' dir='ltr'><strong>superesset</strong></span> <span class='ocrx_word' id='word_1_119' title='bbox 2917 1052 3288 1109; x_wconf 87' lang='lat' dir='ltr'><strong>adversarius.</strong></span> <span class='ocrx_word' id='word_1_120' title='bbox 3322 1052 3569 1123; x_wconf 90' lang='lat' dir='ltr'><strong>Populus</strong></span> 
     </span>
    </p>
   </div>
   <div class='ocr_carea' id='block_1_19' title="bbox 1994 1141 3568 1213">
    <p class='ocr_par' dir='ltr' id='par_1_19' title="bbox 1994 1141 3568 1213">
     <span class='ocr_line' id='line_1_19' title="bbox 1994 1141 3568 1213; baseline 0.008 -27"><span class='ocrx_word' id='word_1_121' title='bbox 1994 1147 2145 1197; x_wconf 88' lang='lat' dir='ltr'><strong>vero,</strong></span> <span class='ocrx_word' id='word_1_122' title='bbox 2178 1144 2237 1190; x_wconf 89' lang='lat' dir='ltr'><strong>ut</strong></span> <span class='ocrx_word' id='word_1_123' title='bbox 2258 1152 2379 1194; x_wconf 90' lang='lat' dir='ltr'><strong>mos</strong></span> <span class='ocrx_word' id='word_1_124' title='bbox 2404 1148 2489 1194; x_wconf 88' lang='lat' dir='ltr'><strong>est</strong></span> <span class='ocrx_word' id='word_1_125' title='bbox 2513 1141 2684 1211; x_wconf 88' lang='lat' dir='ltr'><strong>vulgi,</strong></span> <span class='ocrx_word' id='word_1_126' title='bbox 2717 1142 2977 1211; x_wconf 83' lang='lat' dir='ltr'><strong>paulatim</strong></span> <span class='ocrx_word' id='word_1_127' title='bbox 3015 1159 3136 1198; x_wconf 90' lang='lat' dir='ltr'><strong>sese</strong></span> <span class='ocrx_word' id='word_1_128' title='bbox 3163 1143 3472 1213; x_wconf 69' lang='lat' dir='ltr'><strong>adiungens</strong></span> <span class='ocrx_word' id='word_1_129' title='bbox 3499 1143 3568 1198; x_wconf 88' lang='lat' dir='ltr'><strong>iis</strong></span> 
     </span>
    </p>
   </div>
   <div class='ocr_carea' id='block_1_20' title="bbox 328 1209 3571 1306">
    <p class='ocr_par' dir='ltr' id='par_1_20' title="bbox 328 1209 3571 1306">
     <span class='ocr_line' id='line_1_20' title="bbox 328 1209 3571 1306; baseline 0.007 -42"><span class='ocrx_word' id='word_1_130' title='bbox 328 1210 422 1306; x_wconf 83' lang='lat' dir='ltr'><strong>qui</strong></span> <span class='ocrx_word' id='word_1_131' title='bbox 459 1211 561 1266; x_wconf 88' lang='lat' dir='ltr'><strong>sub</strong></span> <span class='ocrx_word' id='word_1_132' title='bbox 592 1209 854 1271; x_wconf 86' lang='lat' dir='ltr'><strong>Flaviano</strong></span> <span class='ocrx_word' id='word_1_133' title='bbox 876 1220 1609 1279; x_wconf 84' lang='lat' dir='ltr'><strong>conventusecclesiasticos</strong></span> <span class='ocrx_word' id='word_1_134' title='bbox 1634 1223 1889 1295; x_wconf 88' lang='lat' dir='ltr'><strong>agebant,</strong></span> <span class='ocrx_word' id='word_1_135' title='bbox 1933 1238 2228 1295; x_wconf 86' lang='lat' dir='ltr'><strong>progressu</strong></span> <span class='ocrx_word' id='word_1_136' title='bbox 2261 1232 2523 1300; x_wconf 88' lang='lat' dir='ltr'><strong>temporis</strong></span> <span class='ocrx_word' id='word_1_137' title='bbox 2559 1209 2754 1303; x_wconf 74' lang='lat' dir='ltr'><strong>majori</strong></span> <span class='ocrx_word' id='word_1_138' title='bbox 2794 1250 2860 1289; x_wconf 89' lang='lat' dir='ltr'><strong>ex</strong></span> <span class='ocrx_word' id='word_1_139' title='bbox 2890 1244 3044 1306; x_wconf 89' lang='lat' dir='ltr'><strong>parte</strong></span> <span class='ocrx_word' id='word_1_140' title='bbox 3106 1235 3162 1290; x_wconf 90' lang='lat' dir='ltr'><strong>in</strong></span> <span class='ocrx_word' id='word_1_141' title='bbox 3231 1209 3397 1291; x_wconf 76' lang='lat' dir='ltr'><strong>unum</strong></span> <span class='ocrx_word' id='word_1_142' title='bbox 3442 1248 3571 1289; x_wconf 86' lang='lat' dir='ltr'><strong>coa-</strong></span> 
     </span>
    </p>
   </div>
   <div class='ocr_carea' id='block_1_21' title="bbox 329 1303 461 1361">
    <p class='ocr_par' dir='ltr' id='par_1_21' title="bbox 329 1303 461 1361">
     <span class='ocr_line' id='line_1_21' title="bbox 329 1303 461 1361; baseline 0.038 -5"><span class='ocrx_word' id='word_1_143' title='bbox 329 1303 461 1361; x_wconf 63' lang='lat' dir='ltr'><strong>luit.</strong></span> 
     </span>
    </p>
   </div>
   <div class='ocr_carea' id='block_1_22' title="bbox 925 1404 1387 1475">
    <p class='ocr_par' dir='ltr' id='par_1_22' title="bbox 925 1404 1387 1475">
     <span class='ocr_line' id='line_1_22' title="bbox 925 1404 1387 1475; baseline 0.002 -17"><span class='ocrx_word' id='word_1_144' title='bbox 925 1404 1173 1475; x_wconf 67' lang='grc' dir='ltr'><strong>ΚΕΦΑΛ.</strong></span> <span class='ocrx_word' id='word_1_145' title='bbox 1223 1407 1297 1461; x_wconf 85' lang='lat' dir='ltr'><strong>A&#39;.</strong></span> <span class='ocrx_word' id='word_1_146' title='bbox 1382 1454 1387 1459; x_wconf 87' lang='lat'><strong>.</strong></span> 
     </span>
    </p>
   </div>
   <div class='ocr_carea' id='block_1_23' title="bbox 336 1462 1899 1562">
    <p class='ocr_par' dir='ltr' id='par_1_23' title="bbox 336 1462 1899 1562">
     <span class='ocr_line' id='line_1_23' title="bbox 336 1462 1899 1562; baseline 0.011 -23"><span class='ocrx_word' id='word_1_147' title='bbox 336 1484 411 1539; x_wconf 77' lang='grc' dir='ltr'><strong>Τὰ</strong></span> <span class='ocrx_word' id='word_1_148' title='bbox 441 1462 718 1562; x_wconf 49' lang='grc' dir='ltr'>κατά-τὸν·</span> <span class='ocrx_word' id='word_1_149' title='bbox 759 1472 1068 1562; x_wconf 66' lang='grc' dir='ltr'>,ϐάρϐαρον</span> <span class='ocrx_word' id='word_1_150' title='bbox 1110 1494 1339 1550; x_wconf 69' lang='grc' dir='ltr'>ι’ότθον</span> <span class='ocrx_word' id='word_1_151' title='bbox 1364 1497 1616 1562; x_wconf 79' lang='grc' dir='ltr'><strong>Γατνᾶν,</strong></span> <span class='ocrx_word' id='word_1_152' title='bbox 1650 1500 1749 1555; x_wconf 79' lang='grc' dir='ltr'><strong>καί</strong></span> <span class='ocrx_word' id='word_1_153' title='bbox 1776 1500 1899 1555; x_wconf 77' lang='grc' dir='ltr'><strong>τῶν</strong></span> 
     </span>
    </p>
   </div>
   <div class='ocr_carea' id='block_1_24' title="bbox 608 1556 1612 1632">
    <p class='ocr_par' dir='ltr' id='par_1_24' title="bbox 608 1556 1612 1632">
     <span class='ocr_line' id='line_1_24' title="bbox 608 1556 1612 1632; baseline 0.011 -21"><span class='ocrx_word' id='word_1_154' title='bbox 608 1556 709 1612; x_wconf 80' lang='grc' dir='ltr'><strong>ὑπ’</strong></span> <span class='ocrx_word' id='word_1_155' title='bbox 738 1556 922 1615; x_wconf 73' lang='grc' dir='ltr'>αὑτοῦ</span> <span class='ocrx_word' id='word_1_156' title='bbox 953 1556 1353 1632; x_wconf 53' lang='grc' dir='ltr'>πραχθέντων</span> <span class='ocrx_word' id='word_1_157' title='bbox 1381 1556 1612 1622; x_wconf 66' lang='lat' dir='ltr'><strong>den-(Br.</strong></span> 
     </span>
    </p>
   </div>
   <div class='ocr_carea' id='block_1_25' title="bbox 411 1618 1967 1727">
    <p class='ocr_par' dir='ltr' id='par_1_25' title="bbox 411 1618 1967 1727">
     <span class='ocr_line' id='line_1_25' title="bbox 411 1618 1967 1727; baseline 0.009 -30"><span class='ocrx_word' id='word_1_158' title='bbox 411 1645 499 1698; x_wconf 86' lang='grc' dir='ltr'>Ἐν</span> <span class='ocrx_word' id='word_1_159' title='bbox 527 1645 699 1716; x_wconf 82' lang='grc' dir='ltr'>τούτῳ</span> <span class='ocrx_word' id='word_1_160' title='bbox 723 1647 780 1700; x_wconf 84' lang='grc' dir='ltr'>δὲ</span> <span class='ocrx_word' id='word_1_161' title='bbox 811 1618 1161 1722; x_wconf 53' lang='grc' dir='ltr'>Γαῖνᾶξάνῆρ</span> <span class='ocrx_word' id='word_1_162' title='bbox 1196 1618 1489 1724; x_wconf 75' lang='grc' dir='ltr'>βάρϐαρος,</span> <span class='ocrx_word' id='word_1_163' title='bbox 1515 1618 1895 1727; x_wconf 73' lang='grc' dir='ltr'>αύτομολήσας</span> <span class='ocrx_word' id='word_1_164' title='bbox 1925 1618 1967 1673; x_wconf 75' lang='grc' dir='ltr'>Β</span> 
     </span>
    </p>
   </div>
   <div class='ocr_carea' id='block_1_26' title="bbox 340 1734 1899 1818">
    <p class='ocr_par' dir='ltr' id='par_1_26' title="bbox 340 1734 1899 1818">
     <span class='ocr_line' id='line_1_26' title="bbox 340 1734 1899 1818; baseline 0.011 -31"><span class='ocrx_word' id='word_1_165' title='bbox 340 1734 648 1806; x_wconf 85' lang='grc' dir='ltr'>Ῥωμαίοις,</span> <span class='ocrx_word' id='word_1_166' title='bbox 702 1738 760 1806; x_wconf 77' lang='grc' dir='ltr'>ἐξ</span> <span class='ocrx_word' id='word_1_167' title='bbox 805 1740 1054 1805; x_wconf 78' lang='grc' dir='ltr'><strong>εὐτελοῦς</strong></span> <span class='ocrx_word' id='word_1_168' title='bbox 1087 1742 1417 1813; x_wconf 81' lang='grc' dir='ltr'>στρατιώτου</span> <span class='ocrx_word' id='word_1_169' title='bbox 1447 1746 1770 1818; x_wconf 80' lang='grc' dir='ltr'><strong>παραλόγως</strong></span> <span class='ocrx_word' id='word_1_170' title='bbox 1817 1750 1899 1816; x_wconf 81' lang='grc' dir='ltr'>εἰς</span> 
     </span>
    </p>
   </div>
   <div class='ocr_carea' id='block_1_27' title="bbox 328 1823 1901 1912">
    <p class='ocr_par' dir='ltr' id='par_1_27' title="bbox 328 1823 1901 1912">
     <span class='ocr_line' id='line_1_27' title="bbox 328 1823 1901 1912; baseline 0.012 -36"><span class='ocrx_word' id='word_1_171' title='bbox 328 1823 425 1912; x_wconf 75' lang='grc' dir='ltr'>τὴν</span> <span class='ocrx_word' id='word_1_172' title='bbox 454 1825 563 1879; x_wconf 86' lang='grc' dir='ltr'><strong>τῶν</strong></span> <span class='ocrx_word' id='word_1_173' title='bbox 588 1830 909 1899; x_wconf 81' lang='grc' dir='ltr'><strong>στρατηγῶν</strong></span> <span class='ocrx_word' id='word_1_174' title='bbox 935 1832 1220 1902; x_wconf 85' lang='grc' dir='ltr'>παρελθὼν</span> <span class='ocrx_word' id='word_1_175' title='bbox 1242 1834 1412 1902; x_wconf 78' lang='grc' dir='ltr'>τάξιν,</span> <span class='ocrx_word' id='word_1_176' title='bbox 1453 1839 1773 1909; x_wconf 87' lang='grc' dir='ltr'>ἐπεχείρησε</span> <span class='ocrx_word' id='word_1_177' title='bbox 1801 1841 1901 1912; x_wconf 82' lang='grc' dir='ltr'>τὴν</span> 
     </span>
    </p>
   </div>
   <div class='ocr_carea' id='block_1_28' title="bbox 340 1911 1898 1999">
    <p class='ocr_par' dir='ltr' id='par_1_28' title="bbox 340 1911 1898 1999">
     <span class='ocr_line' id='line_1_28' title="bbox 340 1911 1898 1999; baseline 0.012 -35"><span class='ocrx_word' id='word_1_178' title='bbox 340 1911 627 1984; x_wconf 83' lang='grc' dir='ltr'>Ῥωμαίων</span> <span class='ocrx_word' id='word_1_179' title='bbox 655 1916 826 1989; x_wconf 77' lang='grc' dir='ltr'>ἀρχὴν</span> <span class='ocrx_word' id='word_1_180' title='bbox 876 1921 964 1987; x_wconf 81' lang='grc' dir='ltr'><strong>ὑφ’</strong></span> <span class='ocrx_word' id='word_1_181' title='bbox 994 1922 1185 1977; x_wconf 79' lang='grc' dir='ltr'>ἐαυτὸν</span> <span class='ocrx_word' id='word_1_182' title='bbox 1217 1926 1409 1979; x_wconf 83' lang='grc' dir='ltr'>ποιεῖν.</span> <span class='ocrx_word' id='word_1_183' title='bbox 1449 1927 1634 1981; x_wconf 79' lang='grc' dir='ltr'>Ταῦτα</span> <span class='ocrx_word' id='word_1_184' title='bbox 1686 1928 1743 1981; x_wconf 87' lang='grc' dir='ltr'><strong>δέ</strong></span> <span class='ocrx_word' id='word_1_185' title='bbox 1774 1911 1898 1999; x_wconf 84' lang='grc' dir='ltr'>βου-</span> 
     </span>
    </p>
   </div>
   <div class='ocr_carea' id='block_1_29' title="bbox 327 2003 1901 2081">
    <p class='ocr_par' dir='ltr' id='par_1_29' title="bbox 327 2003 1901 2081">
     <span class='ocr_line' id='line_1_29' title="bbox 327 2003 1901 2081; baseline 0.011 -26"><span class='ocrx_word' id='word_1_186' title='bbox 327 2003 633 2077; x_wconf 86' lang='grc' dir='ltr'>λευόμενος,</span> <span class='ocrx_word' id='word_1_187' title='bbox 687 2010 812 2072; x_wconf 84' lang='grc' dir='ltr'>τοὺς</span> <span class='ocrx_word' id='word_1_188' title='bbox 872 2010 1175 2080; x_wconf 78' lang='grc' dir='ltr'>ὁμοφύλους</span> <span class='ocrx_word' id='word_1_189' title='bbox 1233 2013 1398 2068; x_wconf 79' lang='grc' dir='ltr'>αὑτοῦ</span> <span class='ocrx_word' id='word_1_190' title='bbox 1439 2017 1478 2068; x_wconf 85' lang='grc' dir='ltr'><strong>Γ</strong></span> <span class='ocrx_word' id='word_1_191' title='bbox 1480 2016 1665 2081; x_wconf 88' lang='grc' dir='ltr'>ότθους</span> <span class='ocrx_word' id='word_1_192' title='bbox 1702 2021 1766 2072; x_wconf 86' lang='grc' dir='ltr'><strong>ἐκ</strong></span> <span class='ocrx_word' id='word_1_193' title='bbox 1793 2019 1901 2073; x_wconf 83' lang='grc' dir='ltr'><strong>τῶν</strong></span> 
     </span>
    </p>
   </div>
   <div class='ocr_carea' id='block_1_30' title="bbox 332 2091 1901 2176">
    <p class='ocr_par' dir='ltr' id='par_1_30' title="bbox 332 2091 1901 2176">
     <span class='ocr_line' id='line_1_30' title="bbox 332 2091 1901 2176; baseline 0.011 -31"><span class='ocrx_word' id='word_1_194' title='bbox 332 2091 478 2146; x_wconf 83' lang='grc' dir='ltr'>ίδίων</span> <span class='ocrx_word' id='word_1_195' title='bbox 528 2095 706 2165; x_wconf 89' lang='grc' dir='ltr'>νόμων</span> <span class='ocrx_word' id='word_1_196' title='bbox 752 2096 828 2168; x_wconf 83' lang='grc'><strong>(7)</strong></span> <span class='ocrx_word' id='word_1_197' title='bbox 896 2099 975 2162; x_wconf 83' lang='grc' dir='ltr'><strong>είς</strong></span> <span class='ocrx_word' id='word_1_198' title='bbox 1013 2100 1318 2171; x_wconf 81' lang='grc' dir='ltr'><strong>Ῥωμαίους</strong></span> <span class='ocrx_word' id='word_1_199' title='bbox 1369 2105 1773 2176; x_wconf 80' lang='grc' dir='ltr'>μετεπέμψατο,</span> <span class='ocrx_word' id='word_1_200' title='bbox 1807 2109 1901 2162; x_wconf 76' lang='grc' dir='ltr'><strong>καὶ</strong></span> 
     </span>
    </p>
   </div>
   <div class='ocr_carea' id='block_1_31' title="bbox 327 2188 1903 2271">
    <p class='ocr_par' dir='ltr' id='par_1_31' title="bbox 327 2188 1903 2271">
     <span class='ocr_line' id='line_1_31' title="bbox 327 2188 1903 2271; baseline 0.008 -30"><span class='ocrx_word' id='word_1_201' title='bbox 327 2188 456 2251; x_wconf 79' lang='grc' dir='ltr'>τοὺς</span> <span class='ocrx_word' id='word_1_202' title='bbox 484 2188 820 2258; x_wconf 77' lang='grc' dir='ltr'>ἐπιτηδείους</span> <span class='ocrx_word' id='word_1_203' title='bbox 851 2194 1347 2264; x_wconf 84' lang='grc' dir='ltr'>συνταγματάρχας</span> <span class='ocrx_word' id='word_1_204' title='bbox 1368 2194 1445 2265; x_wconf 89' lang='grc'><strong>(8)</strong></span> <span class='ocrx_word' id='word_1_205' title='bbox 1472 2198 1565 2250; x_wconf 80' lang='grc' dir='ltr'>καὶ</span> <span class='ocrx_word' id='word_1_206' title='bbox 1592 2198 1903 2271; x_wconf 85' lang='grc' dir='ltr'>χιλιάρχους</span> 
     </span>
    </p>
   </div>
   <div class='ocr_carea' id='block_1_32' title="bbox 330 2280 1904 2362">
    <p class='ocr_par' dir='ltr' id='par_1_32' title="bbox 330 2280 1904 2362">
     <span class='ocr_line' id='line_1_32' title="bbox 330 2280 1904 2362; baseline 0.009 -31"><span class='ocrx_word' id='word_1_207' title='bbox 330 2280 649 2351; x_wconf 70' lang='grc' dir='ltr'>κατέστησε.</span> <span class='ocrx_word' id='word_1_208' title='bbox 686 2280 1034 2352; x_wconf 80' lang='grc' dir='ltr'>Τιρόιγγίλου</span> <span class='ocrx_word' id='word_1_209' title='bbox 1062 2281 1081 2321; x_wconf 67' lang='grc' dir='ltr'><strong>ί</strong></span> <span class='ocrx_word' id='word_1_210' title='bbox 1113 2283 1170 2336; x_wconf 85' lang='grc' dir='ltr'>δὲ</span> <span class='ocrx_word' id='word_1_211' title='bbox 1202 2287 1642 2358; x_wconf 83' lang='grc' dir='ltr'><strong>νεωτερίσαντος,</strong></span> <span class='ocrx_word' id='word_1_212' title='bbox 1668 2290 1728 2353; x_wconf 84' lang='grc' dir='ltr'>ὃς</span> <span class='ocrx_word' id='word_1_213' title='bbox 1755 2291 1904 2362; x_wconf 81' lang='grc' dir='ltr'>αὐτῷ</span> 
     </span>
    </p>
   </div>
   <div class='ocr_carea' id='block_1_33' title="bbox 332 2369 1905 2450">
    <p class='ocr_par' dir='ltr' id='par_1_33' title="bbox 332 2369 1905 2450">
     <span class='ocr_line' id='line_1_33' title="bbox 332 2369 1905 2450; baseline 0.01 -29"><span class='ocrx_word' id='word_1_214' title='bbox 332 2369 475 2431; x_wconf 79' lang='grc' dir='ltr'>γένει</span> <span class='ocrx_word' id='word_1_215' title='bbox 502 2372 811 2441; x_wconf 85' lang='grc' dir='ltr'>προσήκων,</span> <span class='ocrx_word' id='word_1_216' title='bbox 847 2372 1267 2446; x_wconf 83' lang='grc' dir='ltr'>πολυανθρώπου</span> <span class='ocrx_word' id='word_1_217' title='bbox 1287 2377 1564 2447; x_wconf 84' lang='grc' dir='ltr'>τάγματος</span> <span class='ocrx_word' id='word_1_218' title='bbox 1593 2380 1776 2450; x_wconf 83' lang='grc' dir='ltr'>ἡγεῖτο</span> <span class='ocrx_word' id='word_1_219' title='bbox 1796 2383 1905 2435; x_wconf 83' lang='grc' dir='ltr'><strong>τῶν</strong></span> 
     </span>
    </p>
   </div>
   <div class='ocr_carea' id='block_1_34' title="bbox 332 2457 1906 2542">
    <p class='ocr_par' dir='ltr' id='par_1_34' title="bbox 332 2457 1906 2542">
     <span class='ocr_line' id='line_1_34' title="bbox 332 2457 1906 2542; baseline 0.011 -35"><span class='ocrx_word' id='word_1_220' title='bbox 332 2458 390 2542; x_wconf 72' lang='grc' dir='ltr'><strong>ἐν</strong></span> <span class='ocrx_word' id='word_1_221' title='bbox 423 2457 631 2527; x_wconf 67' lang='grc' dir='ltr'>Φρυγίᾳ</span> <span class='ocrx_word' id='word_1_222' title='bbox 659 2460 1030 2530; x_wconf 81' lang='grc' dir='ltr'>στρατιωτῶν·</span> <span class='ocrx_word' id='word_1_223' title='bbox 1074 2464 1183 2526; x_wconf 78' lang='grc' dir='ltr'>τοῖς</span> <span class='ocrx_word' id='word_1_224' title='bbox 1220 2464 1318 2534; x_wconf 81' lang='grc' dir='ltr'>μὲν</span> <span class='ocrx_word' id='word_1_225' title='bbox 1349 2460 1409 2518; x_wconf 77' lang='grc' dir='ltr'>εὖ</span> <span class='ocrx_word' id='word_1_226' title='bbox 1439 2467 1717 2537; x_wconf 82' lang='grc' dir='ltr'>φρονοῦσι,</span> <span class='ocrx_word' id='word_1_227' title='bbox 1748 2470 1906 2542; x_wconf 80' lang='grc' dir='ltr'>δῆλος</span> 
     </span>
    </p>
   </div>
   <div class='ocr_carea' id='block_1_35' title="bbox 330 2540 1905 2632">
    <p class='ocr_par' dir='ltr' id='par_1_35' title="bbox 330 2540 1905 2632">
     <span class='ocr_line' id='line_1_35' title="bbox 330 2540 1905 2632; baseline 0.012 -34"><span class='ocrx_word' id='word_1_228' title='bbox 330 2540 399 2617; x_wconf 77' lang='grc' dir='ltr'><strong>ἦν</strong></span> <span class='ocrx_word' id='word_1_229' title='bbox 450 2546 621 2602; x_wconf 84' lang='grc' dir='ltr'>ταῦτα</span> <span class='ocrx_word' id='word_1_230' title='bbox 660 2553 1079 2617; x_wconf 85' lang='grc' dir='ltr'>κατασκευάσας</span> <span class='ocrx_word' id='word_1_231' title='bbox 1104 2570 1120 2585; x_wconf 90' lang='grc'><strong>·</strong></span> <span class='ocrx_word' id='word_1_232' title='bbox 1155 2555 1480 2623; x_wconf 85' lang='grc' dir='ltr'>ἀγανακτεῖν</span> <span class='ocrx_word' id='word_1_233' title='bbox 1500 2559 1554 2613; x_wconf 87' lang='grc' dir='ltr'>δὲ</span> <span class='ocrx_word' id='word_1_234' title='bbox 1576 2540 1905 2632; x_wconf 81' lang='grc' dir='ltr'>προσποιού-</span> 
     </span>
    </p>
   </div>
   <div class='ocr_carea' id='block_1_36' title="bbox 336 2639 1907 2725">
    <p class='ocr_par' dir='ltr' id='par_1_36' title="bbox 336 2639 1907 2725">
     <span class='ocr_line' id='line_1_36' title="bbox 336 2639 1907 2725; baseline 0.013 -37"><span class='ocrx_word' id='word_1_235' title='bbox 336 2654 493 2707; x_wconf 82' lang='grc' dir='ltr'>μενος</span> <span class='ocrx_word' id='word_1_236' title='bbox 524 2639 907 2712; x_wconf 81' lang='grc' dir='ltr'>πορθουμένων</span> <span class='ocrx_word' id='word_1_237' title='bbox 936 2644 1044 2698; x_wconf 84' lang='grc' dir='ltr'>τῶν</span> <span class='ocrx_word' id='word_1_238' title='bbox 1071 2646 1196 2717; x_wconf 79' lang='grc' dir='ltr'>τῇδε</span> <span class='ocrx_word' id='word_1_239' title='bbox 1220 2647 1444 2714; x_wconf 90' lang='grc' dir='ltr'>πόλεων,</span> <span class='ocrx_word' id='word_1_240' title='bbox 1465 2653 1744 2725; x_wconf 79' lang='grc' dir='ltr'>ἐπετράπη</span> <span class='ocrx_word' id='word_1_241' title='bbox 1778 2656 1907 2709; x_wconf 84' lang='grc' dir='ltr'>ταύ-</span> 
     </span>
    </p>
   </div>
   <div class='ocr_carea' id='block_1_37' title="bbox 331 2729 1908 2819">
    <p class='ocr_par' dir='ltr' id='par_1_37' title="bbox 331 2729 1908 2819">
     <span class='ocr_line' id='line_1_37' title="bbox 331 2729 1908 2819; baseline 0.013 -39"><span class='ocrx_word' id='word_1_242' title='bbox 331 2745 451 2792; x_wconf 87' lang='grc' dir='ltr'>ταις</span> <span class='ocrx_word' id='word_1_243' title='bbox 475 2729 707 2801; x_wconf 80' lang='grc' dir='ltr'>βοηθεῖν.</span> <span class='ocrx_word' id='word_1_244' title='bbox 744 2733 896 2786; x_wconf 76' lang='grc' dir='ltr'>Ἐπεὶ</span> <span class='ocrx_word' id='word_1_245' title='bbox 926 2734 982 2787; x_wconf 87' lang='grc' dir='ltr'>δὲ</span> <span class='ocrx_word' id='word_1_246' title='bbox 1003 2737 1084 2798; x_wconf 86' lang='grc' dir='ltr'><strong>είς</strong></span> <span class='ocrx_word' id='word_1_247' title='bbox 1110 2736 1207 2807; x_wconf 84' lang='grc' dir='ltr'><strong>τὴν</strong></span> <span class='ocrx_word' id='word_1_248' title='bbox 1233 2739 1471 2809; x_wconf 79' lang='grc' dir='ltr'>Φρυγίαν</span> <span class='ocrx_word' id='word_1_249' title='bbox 1496 2743 1740 2812; x_wconf 80' lang='grc' dir='ltr'>ἀφίκετο,</span> <span class='ocrx_word' id='word_1_250' title='bbox 1775 2747 1908 2819; x_wconf 81' lang='grc' dir='ltr'>πλῆ-</span> 
     </span>
    </p>
   </div>
   <div class='ocr_carea' id='block_1_38' title="bbox 335 2819 1908 2905">
    <p class='ocr_par' dir='ltr' id='par_1_38' title="bbox 335 2819 1908 2905">
     <span class='ocr_line' id='line_1_38' title="bbox 335 2819 1908 2905; baseline 0.013 -33"><span class='ocrx_word' id='word_1_251' title='bbox 335 2819 427 2883; x_wconf 83' lang='grc' dir='ltr'><strong>θος</strong></span> <span class='ocrx_word' id='word_1_252' title='bbox 448 2820 586 2891; x_wconf 77' lang='grc' dir='ltr'>ἔχων</span> <span class='ocrx_word' id='word_1_253' title='bbox 613 2821 906 2894; x_wconf 79' lang='grc' dir='ltr'>βαρϐάρων</span> <span class='ocrx_word' id='word_1_254' title='bbox 935 2825 1009 2889; x_wconf 85' lang='grc' dir='ltr'><strong>ὡς</strong></span> <span class='ocrx_word' id='word_1_255' title='bbox 1035 2828 1116 2890; x_wconf 80' lang='grc' dir='ltr'>εἰς</span> <span class='ocrx_word' id='word_1_256' title='bbox 1138 2828 1369 2900; x_wconf 83' lang='grc' dir='ltr'>πόλεμον</span> <span class='ocrx_word' id='word_1_257' title='bbox 1392 2833 1710 2905; x_wconf 81' lang='grc' dir='ltr'>ἀφιγμένος,</span> <span class='ocrx_word' id='word_1_258' title='bbox 1740 2840 1820 2902; x_wconf 76' lang='grc' dir='ltr'>εἰς</span> <span class='ocrx_word' id='word_1_259' title='bbox 1847 2841 1908 2893; x_wconf 85' lang='grc' dir='ltr'><strong>τὸ</strong></span> 
     </span>
    </p>
   </div>
   <div class='ocr_carea' id='block_1_39' title="bbox 2648 1414 2930 1470">
    <p class='ocr_par' dir='ltr' id='par_1_39' title="bbox 2648 1414 2930 1470">
     <span class='ocr_line' id='line_1_39' title="bbox 2648 1414 2930 1470; baseline 0 0"><span class='ocrx_word' id='word_1_260' title='bbox 2648 1415 2779 1470; x_wconf 69' lang='lat' dir='ltr'><strong>IAP.</strong></span> <span class='ocrx_word' id='word_1_261' title='bbox 2843 1414 2930 1470; x_wconf 77' lang='grc' dir='ltr'>ιν.</span> 
     </span>
    </p>
   </div>
   <div class='ocr_carea' id='block_1_40' title="bbox 1996 1415 3567 1574">
    <p class='ocr_par' dir='ltr' id='par_1_40' title="bbox 1996 1415 3567 1574">
     <span class='ocr_line' id='line_1_40' title="bbox 2648 1415 2930 1470; baseline 0.004 -1"><span class='ocrx_word' id='word_1_262' title='bbox 2648 1416 2713 1469; x_wconf 74' lang='grc' dir='ltr'><strong>Ἀ</strong></span> <span class='ocrx_word' id='word_1_263' title='bbox 2765 1454 2779 1470; x_wconf 93' lang='grc'><strong>.</strong></span> <span class='ocrx_word' id='word_1_264' title='bbox 2843 1415 2930 1470; x_wconf 78' lang='grc' dir='ltr'><strong>ιν.</strong></span> 
     </span>
     <span class='ocr_line' id='line_1_41' title="bbox 1996 1415 3567 1574; baseline 0.001 -17"><span class='ocrx_word' id='word_1_265' title='bbox 1996 1502 2074 1558; x_wconf 70' lang='lat' dir='ltr'><strong>De</strong></span> <span class='ocrx_word' id='word_1_266' title='bbox 2117 1502 2290 1559; x_wconf 79' lang='lat' dir='ltr'><strong>Gaina</strong></span> <span class='ocrx_word' id='word_1_267' title='bbox 2320 1503 2488 1562; x_wconf 82' lang='lat' dir='ltr'><strong>Gotlto</strong></span> <span class='ocrx_word' id='word_1_268' title='bbox 2520 1516 2570 1561; x_wconf 80' lang='lat' dir='ltr'><strong>et</strong></span> <span class='ocrx_word' id='word_1_269' title='bbox 2602 1417 2666 1563; x_wconf 67' lang='grc' dir='ltr'><strong>(ιῖ</strong></span> <span class='ocrx_word' id='word_1_270' title='bbox 2707 1415 2863 1561; x_wconf 75' lang='lat' dir='ltr'><strong>mPalis</strong></span> <span class='ocrx_word' id='word_1_271' title='bbox 2905 1506 2968 1559; x_wconf 90' lang='lat' dir='ltr'><strong>ab</strong></span> <span class='ocrx_word' id='word_1_272' title='bbox 3010 1504 3191 1560; x_wconf 85' lang='lat' dir='ltr'><strong>eodem</strong></span> <span class='ocrx_word' id='word_1_273' title='bbox 3227 1504 3567 1574; x_wconf 77' lang='lat' dir='ltr'><strong>perpetratis.</strong></span> 
     </span>
    </p>
   </div>
   <div class='ocr_carea' id='block_1_41' title="bbox 2065 1657 3572 1733">
    <p class='ocr_par' dir='ltr' id='par_1_41' title="bbox 2065 1657 3572 1733">
     <span class='ocr_line' id='line_1_42' title="bbox 2065 1657 3572 1733; baseline 0 -19"><span class='ocrx_word' id='word_1_274' title='bbox 2065 1659 2170 1716; x_wconf 87' lang='lat' dir='ltr'><strong>Per</strong></span> <span class='ocrx_word' id='word_1_275' title='bbox 2208 1660 2347 1717; x_wconf 91' lang='lat' dir='ltr'><strong>idem</strong></span> <span class='ocrx_word' id='word_1_276' title='bbox 2385 1670 2608 1733; x_wconf 30' lang='lat' dir='ltr'><strong>tempus.</strong></span> <span class='ocrx_word' id='word_1_277' title='bbox 2654 1662 2846 1727; x_wconf 89' lang='lat' dir='ltr'><strong>Gaina,</strong></span> <span class='ocrx_word' id='word_1_278' title='bbox 2878 1662 2964 1715; x_wconf 90' lang='lat' dir='ltr'><strong>vir</strong></span> <span class='ocrx_word' id='word_1_279' title='bbox 3009 1660 3302 1725; x_wconf 86' lang='lat' dir='ltr'><strong>barbarus,</strong></span> <span class='ocrx_word' id='word_1_280' title='bbox 3355 1659 3451 1730; x_wconf 87' lang='lat' dir='ltr'><strong>qui</strong></span> <span class='ocrx_word' id='word_1_281' title='bbox 3503 1657 3572 1714; x_wconf 85' lang='lat' dir='ltr'><strong>ad</strong></span> 
     </span>
    </p>
   </div>
   <div class='ocr_carea' id='block_1_42' title="bbox 1999 1750 3575 1823">
    <p class='ocr_par' dir='ltr' id='par_1_42' title="bbox 1999 1750 3575 1823">
     <span class='ocr_line' id='line_1_43' title="bbox 1999 1750 3575 1823; baseline 0.001 -19"><span class='ocrx_word' id='word_1_282' title='bbox 1999 1750 2276 1807; x_wconf 73' lang='lat' dir='ltr'><strong>Romanos</strong></span> <span class='ocrx_word' id='word_1_283' title='bbox 2318 1751 2717 1823; x_wconf 79' lang='lat' dir='ltr'><strong>transfugerat,</strong></span> <span class='ocrx_word' id='word_1_284' title='bbox 2746 1761 2800 1807; x_wconf 90' lang='lat' dir='ltr'><strong>et</strong></span> <span class='ocrx_word' id='word_1_285' title='bbox 2828 1766 2894 1806; x_wconf 83' lang='lat' dir='ltr'><strong>ex</strong></span> <span class='ocrx_word' id='word_1_286' title='bbox 2927 1751 3180 1823; x_wconf 85' lang='lat' dir='ltr'><strong>gregario</strong></span> <span class='ocrx_word' id='word_1_287' title='bbox 3232 1750 3407 1805; x_wconf 86' lang='lat' dir='ltr'><strong>milite</strong></span> <span class='ocrx_word' id='word_1_288' title='bbox 3439 1764 3575 1819; x_wconf 77' lang='lat' dir='ltr'><strong>prte-</strong></span> 
     </span>
    </p>
   </div>
   <div class='ocr_carea' id='block_1_43' title="bbox 1999 1840 3575 1913">
    <p class='ocr_par' dir='ltr' id='par_1_43' title="bbox 1999 1840 3575 1913">
     <span class='ocr_line' id='line_1_44' title="bbox 1999 1840 3575 1913; baseline -0.001 -17"><span class='ocrx_word' id='word_1_289' title='bbox 1999 1848 2084 1897; x_wconf 87' lang='lat' dir='ltr'><strong>ter</strong></span> <span class='ocrx_word' id='word_1_290' title='bbox 2108 1842 2356 1897; x_wconf 91' lang='lat' dir='ltr'><strong>omnium</strong></span> <span class='ocrx_word' id='word_1_291' title='bbox 2382 1844 2844 1913; x_wconf 84' lang='lat' dir='ltr'><strong>exspectationem</strong></span> <span class='ocrx_word' id='word_1_292' title='bbox 2874 1842 2940 1897; x_wconf 90' lang='lat' dir='ltr'><strong>ad</strong></span> <span class='ocrx_word' id='word_1_293' title='bbox 2972 1843 3239 1897; x_wconf 84' lang='lat' dir='ltr'><strong>honorem</strong></span> <span class='ocrx_word' id='word_1_294' title='bbox 3265 1840 3575 1910; x_wconf 77' lang='lat' dir='ltr'><strong>magisterii</strong></span> 
     </span>
    </p>
   </div>
   <div class='ocr_carea' id='block_1_44' title="bbox 2000 1930 3577 2004">
    <p class='ocr_par' dir='ltr' id='par_1_44' title="bbox 2000 1930 3577 2004">
     <span class='ocr_line' id='line_1_45' title="bbox 2000 1930 3577 2004; baseline -0.003 -15"><span class='ocrx_word' id='word_1_295' title='bbox 2000 1934 2255 1990; x_wconf 89' lang='lat' dir='ltr'><strong>militaris</strong></span> <span class='ocrx_word' id='word_1_296' title='bbox 2285 1943 2626 2004; x_wconf 80' lang='lat' dir='ltr'><strong>pervenerat,</strong></span> <span class='ocrx_word' id='word_1_297' title='bbox 2660 1934 2947 2002; x_wconf 87' lang='lat' dir='ltr'><strong>imperium</strong></span> <span class='ocrx_word' id='word_1_298' title='bbox 2984 1932 3290 1987; x_wconf 78' lang='lat' dir='ltr'><strong>Romanum</strong></span> <span class='ocrx_word' id='word_1_299' title='bbox 3325 1931 3428 1986; x_wconf 90' lang='lat' dir='ltr'><strong>sibi</strong></span> <span class='ocrx_word' id='word_1_300' title='bbox 3461 1930 3577 1985; x_wconf 91' lang='lat' dir='ltr'><strong>vin-</strong></span> 
     </span>
    </p>
   </div>
   <div class='ocr_carea' id='block_1_45' title="bbox 2000 2020 3573 2092">
    <p class='ocr_par' dir='ltr' id='par_1_45' title="bbox 2000 2020 3573 2092">
     <span class='ocr_line' id='line_1_46' title="bbox 2000 2020 3573 2092; baseline -0.003 -11"><span class='ocrx_word' id='word_1_301' title='bbox 2000 2026 2185 2081; x_wconf 87' lang='lat' dir='ltr'><strong>dicare</strong></span> <span class='ocrx_word' id='word_1_302' title='bbox 2226 2032 2460 2080; x_wconf 88' lang='lat' dir='ltr'><strong>conatus</strong></span> <span class='ocrx_word' id='word_1_303' title='bbox 2499 2032 2583 2081; x_wconf 90' lang='lat' dir='ltr'><strong>est</strong></span> <span class='ocrx_word' id='word_1_304' title='bbox 2617 2024 2657 2077; x_wconf 84' lang='grc'><strong>¹.</strong></span> <span class='ocrx_word' id='word_1_305' title='bbox 2701 2023 2827 2078; x_wconf 69' lang='lat' dir='ltr'><strong>Haae</strong></span> <span class='ocrx_word' id='word_1_306' title='bbox 2875 2023 3004 2078; x_wconf 91' lang='lat' dir='ltr'><strong>dum</strong></span> <span class='ocrx_word' id='word_1_307' title='bbox 3050 2023 3298 2087; x_wconf 89' lang='lat' dir='ltr'><strong>molitur,</strong></span> <span class='ocrx_word' id='word_1_308' title='bbox 3343 2020 3573 2092; x_wconf 80' lang='lat' dir='ltr'><strong>gentiles</strong></span> 
     </span>
    </p>
   </div>
   <div class='ocr_carea' id='block_1_46' title="bbox 2002 2112 3577 2186">
    <p class='ocr_par' dir='ltr' id='par_1_46' title="bbox 2002 2112 3577 2186">
     <span class='ocr_line' id='line_1_47' title="bbox 2002 2112 3577 2186; baseline -0.004 -13"><span class='ocrx_word' id='word_1_309' title='bbox 2002 2132 2137 2173; x_wconf 86' lang='lat' dir='ltr'><strong>suos</strong></span> <span class='ocrx_word' id='word_1_310' title='bbox 2183 2114 2394 2172; x_wconf 85' lang='lat' dir='ltr'><strong>Gothos</strong></span> <span class='ocrx_word' id='word_1_311' title='bbox 2442 2130 2510 2170; x_wconf 87' lang='lat' dir='ltr'><strong>ex</strong></span> <span class='ocrx_word' id='word_1_312' title='bbox 2565 2116 2806 2186; x_wconf 87' lang='lat' dir='ltr'><strong>propriis</strong></span> <span class='ocrx_word' id='word_1_313' title='bbox 2852 2115 3101 2185; x_wconf 88' lang='lat' dir='ltr'><strong>ipsorum</strong></span> <span class='ocrx_word' id='word_1_314' title='bbox 3155 2113 3479 2184; x_wconf 89' lang='lat' dir='ltr'><strong>regionibus</strong></span> <span class='ocrx_word' id='word_1_315' title='bbox 3518 2112 3577 2167; x_wconf 92' lang='lat' dir='ltr'><strong>in</strong></span> 
     </span>
    </p>
   </div>
   <div class='ocr_carea' id='block_1_47' title="bbox 2001 2198 3573 2273">
    <p class='ocr_par' dir='ltr' id='par_1_47' title="bbox 2001 2198 3573 2273">
     <span class='ocr_line' id='line_1_48' title="bbox 2001 2198 3573 2273; baseline -0.008 -12"><span class='ocrx_word' id='word_1_316' title='bbox 2001 2206 2374 2262; x_wconf 83' lang='lat' dir='ltr'><strong>Romanorum</strong></span> <span class='ocrx_word' id='word_1_317' title='bbox 2406 2204 2670 2260; x_wconf 84' lang='lat' dir='ltr'><strong>ditionem</strong></span> <span class='ocrx_word' id='word_1_318' title='bbox 2699 2212 2913 2269; x_wconf 79' lang='lat' dir='ltr'><strong>evocat,</strong></span> <span class='ocrx_word' id='word_1_319' title='bbox 2949 2213 3003 2259; x_wconf 90' lang='lat' dir='ltr'><strong>et</strong></span> <span class='ocrx_word' id='word_1_320' title='bbox 3030 2218 3127 2259; x_wconf 88' lang='lat' dir='ltr'><strong>eos</strong></span> <span class='ocrx_word' id='word_1_321' title='bbox 3155 2204 3248 2273; x_wconf 88' lang='lat' dir='ltr'><strong>qui</strong></span> <span class='ocrx_word' id='word_1_322' title='bbox 3279 2201 3383 2271; x_wconf 86' lang='lat' dir='ltr'><strong>ipsi</strong></span> <span class='ocrx_word' id='word_1_323' title='bbox 3409 2198 3573 2257; x_wconf 79' lang='lat' dir='ltr'><strong>amici</strong></span> 
     </span>
    </p>
   </div>
   <div class='ocr_carea' id='block_1_48' title="bbox 2003 2298 3579 2365">
    <p class='ocr_par' dir='ltr' id='par_1_48' title="bbox 2003 2298 3579 2365">
     <span class='ocr_line' id='line_1_49' title="bbox 2003 2298 3579 2365; baseline -0.002 -9"><span class='ocrx_word' id='word_1_324' title='bbox 2003 2310 2209 2365; x_wconf 82' lang='lat' dir='ltr'><strong>essent,</strong></span> <span class='ocrx_word' id='word_1_325' title='bbox 2254 2299 2607 2353; x_wconf 87' lang='lat' dir='ltr'><strong>centuriones</strong></span> <span class='ocrx_word' id='word_1_326' title='bbox 2651 2313 2716 2353; x_wconf 88' lang='lat' dir='ltr'><strong>ac</strong></span> <span class='ocrx_word' id='word_1_327' title='bbox 2764 2300 3016 2353; x_wconf 84' lang='lat' dir='ltr'><strong>tribunos</strong></span> <span class='ocrx_word' id='word_1_328' title='bbox 3046 2299 3356 2355; x_wconf 86' lang='lat' dir='ltr'><strong>constituit.</strong></span> <span class='ocrx_word' id='word_1_329' title='bbox 3406 2298 3579 2353; x_wconf 89' lang='lat' dir='ltr'><strong>Porro</strong></span> 
     </span>
    </p>
   </div>
   <div class='ocr_carea' id='block_1_49' title="bbox 2003 2390 3579 2463">
    <p class='ocr_par' dir='ltr' id='par_1_49' title="bbox 2003 2390 3579 2463">
     <span class='ocr_line' id='line_1_50' title="bbox 2003 2390 3579 2463; baseline 0 -18"><span class='ocrx_word' id='word_1_330' title='bbox 2003 2406 2129 2446; x_wconf 87' lang='lat' dir='ltr'><strong>cum</strong></span> <span class='ocrx_word' id='word_1_331' title='bbox 2178 2390 2519 2463; x_wconf 87' lang='lat' dir='ltr'><strong>Tirbingilus</strong></span> <span class='ocrx_word' id='word_1_332' title='bbox 2561 2406 2650 2446; x_wconf 92' lang='lat' dir='ltr'><strong>res</strong></span> <span class='ocrx_word' id='word_1_333' title='bbox 2674 2405 2850 2446; x_wconf 82' lang='lat' dir='ltr'><strong>novas</strong></span> <span class='ocrx_word' id='word_1_334' title='bbox 2893 2391 3253 2454; x_wconf 87' lang='lat' dir='ltr'><strong>concitasset,</strong></span> <span class='ocrx_word' id='word_1_335' title='bbox 3310 2391 3403 2460; x_wconf 88' lang='lat' dir='ltr'><strong>qui</strong></span> <span class='ocrx_word' id='word_1_336' title='bbox 3451 2405 3579 2461; x_wconf 58' lang='lat' dir='ltr'><strong>pros</strong></span> 
     </span>
    </p>
   </div>
   <div class='ocr_carea' id='block_1_50' title="bbox 2005 2482 3581 2554">
    <p class='ocr_par' dir='ltr' id='par_1_50' title="bbox 2005 2482 3581 2554">
     <span class='ocr_line' id='line_1_51' title="bbox 2005 2482 3581 2554; baseline -0.001 -18"><span class='ocrx_word' id='word_1_337' title='bbox 2005 2482 2317 2554; x_wconf 87' lang='lat' dir='ltr'><strong>pinquitate</strong></span> <span class='ocrx_word' id='word_1_338' title='bbox 2341 2483 2557 2554; x_wconf 89' lang='lat' dir='ltr'><strong>generis</strong></span> <span class='ocrx_word' id='word_1_339' title='bbox 2578 2484 2627 2537; x_wconf 91' lang='lat' dir='ltr'><strong>ei</strong></span> <span class='ocrx_word' id='word_1_340' title='bbox 2648 2482 3000 2550; x_wconf 75' lang='lat' dir='ltr'><strong>coniunctus,</strong></span> <span class='ocrx_word' id='word_1_341' title='bbox 3034 2496 3392 2538; x_wconf 87' lang='lat' dir='ltr'><strong>numerosum</strong></span> <span class='ocrx_word' id='word_1_342' title='bbox 3433 2482 3581 2536; x_wconf 89' lang='lat' dir='ltr'><strong>mili-</strong></span> 
     </span>
    </p>
   </div>
   <div class='ocr_carea' id='block_1_51' title="bbox 2004 2570 3580 2643">
    <p class='ocr_par' dir='ltr' id='par_1_51' title="bbox 2004 2570 3580 2643">
     <span class='ocr_line' id='line_1_52' title="bbox 2004 2570 3580 2643; baseline 0.003 -19"><span class='ocrx_word' id='word_1_343' title='bbox 2004 2571 2166 2625; x_wconf 89' lang='lat' dir='ltr'><strong>litum</strong></span> <span class='ocrx_word' id='word_1_344' title='bbox 2226 2587 2418 2643; x_wconf 88' lang='lat' dir='ltr'><strong>agmen</strong></span> <span class='ocrx_word' id='word_1_345' title='bbox 2478 2573 2533 2626; x_wconf 89' lang='lat' dir='ltr'><strong>in</strong></span> <span class='ocrx_word' id='word_1_346' title='bbox 2574 2570 2810 2642; x_wconf 77' lang='lat' dir='ltr'><strong>Phrygia</strong></span> <span class='ocrx_word' id='word_1_347' title='bbox 2865 2573 3087 2642; x_wconf 88' lang='lat' dir='ltr'><strong>regebat</strong></span> <span class='ocrx_word' id='word_1_348' title='bbox 3136 2589 3151 2626; x_wconf 87' lang='lat'><strong>:</strong></span> <span class='ocrx_word' id='word_1_349' title='bbox 3214 2571 3580 2643; x_wconf 86' lang='lat' dir='ltr'><strong>prudentibus</strong></span> 
     </span>
    </p>
   </div>
   <div class='ocr_carea' id='block_1_52' title="bbox 2003 2663 3580 2735">
    <p class='ocr_par' dir='ltr' id='par_1_52' title="bbox 2003 2663 3580 2735">
     <span class='ocr_line' id='line_1_53' title="bbox 2003 2663 3580 2735; baseline 0.001 -18"><span class='ocrx_word' id='word_1_350' title='bbox 2003 2664 2225 2735; x_wconf 86' lang='lat' dir='ltr'><strong>quidem</strong></span> <span class='ocrx_word' id='word_1_351' title='bbox 2264 2664 2401 2719; x_wconf 88' lang='lat' dir='ltr'><strong>viris</strong></span> <span class='ocrx_word' id='word_1_352' title='bbox 2453 2664 2679 2718; x_wconf 88' lang='lat' dir='ltr'><strong>tuinime</strong></span> <span class='ocrx_word' id='word_1_353' title='bbox 2710 2664 3007 2719; x_wconf 91' lang='lat' dir='ltr'><strong>obscurum</strong></span> <span class='ocrx_word' id='word_1_354' title='bbox 3037 2672 3182 2732; x_wconf 86' lang='lat' dir='ltr'><strong>erat,</strong></span> <span class='ocrx_word' id='word_1_355' title='bbox 3211 2663 3441 2720; x_wconf 86' lang='lat' dir='ltr'><strong>Gainam</strong></span> <span class='ocrx_word' id='word_1_356' title='bbox 3472 2663 3580 2722; x_wconf 87' lang='lat' dir='ltr'><strong>ista</strong></span> 
     </span>
    </p>
   </div>
   <div class='ocr_carea' id='block_1_53' title="bbox 2004 2752 3579 2825">
    <p class='ocr_par' dir='ltr' id='par_1_53' title="bbox 2004 2752 3579 2825">
     <span class='ocr_line' id='line_1_54' title="bbox 2004 2752 3579 2825; baseline 0.001 -16"><span class='ocrx_word' id='word_1_357' title='bbox 2004 2754 2379 2809; x_wconf 86' lang='lat' dir='ltr'><strong>machinatum</strong></span> <span class='ocrx_word' id='word_1_358' title='bbox 2428 2769 2574 2809; x_wconf 88' lang='lat' dir='ltr'><strong>esse.</strong></span> <span class='ocrx_word' id='word_1_359' title='bbox 2631 2752 2740 2808; x_wconf 87' lang='lat' dir='ltr'><strong>Sed</strong></span> <span class='ocrx_word' id='word_1_360' title='bbox 2799 2764 2983 2809; x_wconf 88' lang='lat' dir='ltr'><strong>tamen</strong></span> <span class='ocrx_word' id='word_1_361' title='bbox 3034 2755 3166 2825; x_wconf 90' lang='lat' dir='ltr'><strong>quia</strong></span> <span class='ocrx_word' id='word_1_362' title='bbox 3212 2755 3579 2810; x_wconf 88' lang='lat' dir='ltr'><strong>vastationem</strong></span> 
     </span>
    </p>
   </div>
   <div class='ocr_carea' id='block_1_54' title="bbox 2008 2845 3577 2915">
    <p class='ocr_par' dir='ltr' id='par_1_54' title="bbox 2008 2845 3577 2915">
     <span class='ocr_line' id='line_1_55' title="bbox 2008 2845 3577 2915; baseline -0.003 -11"><span class='ocrx_word' id='word_1_363' title='bbox 2008 2847 2225 2905; x_wconf 90' lang='lat' dir='ltr'><strong>urbium</strong></span> <span class='ocrx_word' id='word_1_364' title='bbox 2251 2845 2372 2915; x_wconf 85' lang='lat' dir='ltr'><strong>ejus</strong></span> <span class='ocrx_word' id='word_1_365' title='bbox 2412 2845 2710 2915; x_wconf 83' lang='lat' dir='ltr'><strong>provinciae</strong></span> <span class='ocrx_word' id='word_1_366' title='bbox 2743 2859 2801 2900; x_wconf 92' lang='lat' dir='ltr'><strong>se</strong></span> <span class='ocrx_word' id='word_1_367' title='bbox 2829 2845 3057 2901; x_wconf 91' lang='lat' dir='ltr'><strong>moleste</strong></span> <span class='ocrx_word' id='word_1_368' title='bbox 3089 2845 3232 2902; x_wconf 80' lang='lat' dir='ltr'><strong>ferre</strong></span> <span class='ocrx_word' id='word_1_369' title='bbox 3259 2845 3577 2911; x_wconf 88' lang='lat' dir='ltr'><strong>simulabat,</strong></span> 
     </span>
    </p>
   </div>
   <div class='ocr_carea' id='block_1_55' title="bbox 333 2912 1906 3009">
    <p class='ocr_par' dir='ltr' id='par_1_55' title="bbox 333 2912 1901 3009">
     <span class='ocr_line' id='line_1_56' title="bbox 333 2912 1901 3009; baseline 0.013 -46"><span class='ocrx_word' id='word_1_370' title='bbox 333 2912 770 3009; x_wconf 43' lang='grc' dir='ltr'>ξρανερὺνμὲξῆγε</span> <span class='ocrx_word' id='word_1_371' title='bbox 810 2914 907 3009; x_wconf 77' lang='grc' dir='ltr'><strong>τὴν</strong></span> <span class='ocrx_word' id='word_1_372' title='bbox 945 2915 1191 3009; x_wconf 70' lang='grc' dir='ltr'>γνωμην,</span> <span class='ocrx_word' id='word_1_373' title='bbox 1237 2920 1304 2991; x_wconf 79' lang='grc' dir='ltr'><strong>ἢν</strong></span> <span class='ocrx_word' id='word_1_374' title='bbox 1348 2923 1611 2995; x_wconf 86' lang='grc' dir='ltr'>πρότερον</span> <span class='ocrx_word' id='word_1_375' title='bbox 1646 2926 1901 2999; x_wconf 83' lang='grc' dir='ltr'>ἔκρυπτε.</span> 
     </span>
    </p>
   </div>
   <div class='ocr_carea' id='block_1_56' title="bbox 2007 2912 3579 3009">
    <p class='ocr_par' dir='ltr' id='par_1_56' title="bbox 2010 2912 3579 3009">
     <span class='ocr_line' id='line_1_57' title="bbox 2010 2912 3579 3009; baseline -0.003 -13"><span class='ocrx_word' id='word_1_376' title='bbox 2010 2912 2335 2996; x_wconf 76' lang='lat' dir='ltr'><strong>mandatum</strong></span> <span class='ocrx_word' id='word_1_377' title='bbox 2370 2912 2455 2993; x_wconf 79' lang='lat' dir='ltr'><strong>est</strong></span> <span class='ocrx_word' id='word_1_378' title='bbox 2492 2937 2601 3008; x_wconf 91' lang='lat' dir='ltr'><strong>ipsi</strong></span> <span class='ocrx_word' id='word_1_379' title='bbox 2644 2945 2704 2991; x_wconf 89' lang='lat' dir='ltr'><strong>ut</strong></span> <span class='ocrx_word' id='word_1_380' title='bbox 2744 2938 2853 2993; x_wconf 91' lang='lat' dir='ltr'><strong>illis</strong></span> <span class='ocrx_word' id='word_1_381' title='bbox 2882 2950 3251 2996; x_wconf 88' lang='lat' dir='ltr'><strong>succurreret.</strong></span> <span class='ocrx_word' id='word_1_382' title='bbox 3283 2939 3579 3009; x_wconf 84' lang='lat' dir='ltr'><strong>Postquam</strong></span> 
     </span>
    </p>
   </div>
   <div class='ocr_carea' id='block_1_57' title="bbox 332 3002 1906 3099">
    <p class='ocr_par' dir='ltr' id='par_1_57' title="bbox 332 3002 1900 3099">
     <span class='ocr_line' id='line_1_58' title="bbox 332 3002 1900 3099; baseline 0.014 -46"><span class='ocrx_word' id='word_1_383' title='bbox 332 3002 451 3099; x_wconf 59' lang='grc' dir='ltr'><strong>Καὶ1</strong></span> <span class='ocrx_word' id='word_1_384' title='bbox 507 3003 689 3065; x_wconf 84' lang='grc' dir='ltr'>πόλεις</span> <span class='ocrx_word' id='word_1_385' title='bbox 748 3004 813 3068; x_wconf 82' lang='grc' dir='ltr'>ἃς</span> <span class='ocrx_word' id='word_1_386' title='bbox 868 3005 1069 3078; x_wconf 85' lang='grc' dir='ltr'>ἐτάχθη</span> <span class='ocrx_word' id='word_1_387' title='bbox 1101 3009 1412 3078; x_wconf 69' lang='grc' dir='ltr'>φυλάττειν,</span> <span class='ocrx_word' id='word_1_388' title='bbox 1457 3014 1643 3086; x_wconf 83' lang='grc' dir='ltr'>ἐδῄου·</span> <span class='ocrx_word' id='word_1_389' title='bbox 1691 3023 1808 3083; x_wconf 77' lang='grc' dir='ltr'>ταῖς</span> <span class='ocrx_word' id='word_1_390' title='bbox 1844 3022 1900 3074; x_wconf 84' lang='grc' dir='ltr'><strong>δὲ</strong></span> 
     </span>
    </p>
   </div>
   <div class='ocr_carea' id='block_1_58' title="bbox 2007 3002 3586 3099">
    <p class='ocr_par' dir='ltr' id='par_1_58' title="bbox 2007 3027 3586 3099">
     <span class='ocr_line' id='line_1_59' title="bbox 2007 3027 3586 3099; baseline 0.001 -16"><span class='ocrx_word' id='word_1_391' title='bbox 2007 3046 2133 3087; x_wconf 86' lang='lat' dir='ltr'><strong>vero</strong></span> <span class='ocrx_word' id='word_1_392' title='bbox 2159 3032 2213 3083; x_wconf 92' lang='lat' dir='ltr'><strong>in</strong></span> <span class='ocrx_word' id='word_1_393' title='bbox 2233 3027 2523 3099; x_wconf 78' lang='lat' dir='ltr'><strong>Phrygiam</strong></span> <span class='ocrx_word' id='word_1_394' title='bbox 2545 3029 2816 3097; x_wconf 88' lang='lat' dir='ltr'><strong>pervenit,</strong></span> <span class='ocrx_word' id='word_1_395' title='bbox 2837 3029 3198 3086; x_wconf 88' lang='lat' dir='ltr'><strong>barbarorum</strong></span> <span class='ocrx_word' id='word_1_396' title='bbox 3230 3027 3586 3085; x_wconf 89' lang='lat' dir='ltr'><strong>multitudine</strong></span> 
     </span>
    </p>
   </div>
   <div class='ocr_carea' id='block_1_59' title="bbox 332 3091 1899 3178">
    <p class='ocr_par' dir='ltr' id='par_1_59' title="bbox 332 3091 1899 3178">
     <span class='ocr_line' id='line_1_60' title="bbox 332 3091 1899 3178; baseline 0.013 -33"><span class='ocrx_word' id='word_1_397' title='bbox 332 3091 685 3164; x_wconf 71' lang='grc' dir='ltr'>ἐπιθήσεσθαι</span> <span class='ocrx_word' id='word_1_398' title='bbox 716 3094 927 3165; x_wconf 78' lang='grc' dir='ltr'>ἔμελλε.</span> <span class='ocrx_word' id='word_1_399' title='bbox 960 3099 1479 3171; x_wconf 87' lang='grc' dir='ltr'>Παραγενόμενοςδέ</span> <span class='ocrx_word' id='word_1_400' title='bbox 1513 3107 1594 3170; x_wconf 84' lang='grc' dir='ltr'><strong>είς</strong></span> <span class='ocrx_word' id='word_1_401' title='bbox 1629 3108 1899 3178; x_wconf 73' lang='grc' dir='ltr'>Βιθυνίαν,</span> 
     </span>
    </p>
   </div>
   <div class='ocr_carea' id='block_1_60' title="bbox 333 3185 1905 3264">
    <p class='ocr_par' dir='ltr' id='par_1_60' title="bbox 333 3185 1905 3264">
     <span class='ocr_line' id='line_1_61' title="bbox 333 3185 1905 3264; baseline 0.013 -27"><span class='ocrx_word' id='word_1_402' title='bbox 333 3185 392 3238; x_wconf 80' lang='grc' dir='ltr'><strong>ἐν</strong></span> <span class='ocrx_word' id='word_1_403' title='bbox 414 3188 528 3248; x_wconf 82' lang='grc' dir='ltr'>τοῖς</span> <span class='ocrx_word' id='word_1_404' title='bbox 558 3187 896 3257; x_wconf 81' lang='grc' dir='ltr'>Χαλκηδόνος</span> <span class='ocrx_word' id='word_1_405' title='bbox 941 3190 1086 3261; x_wconf 84' lang='grc' dir='ltr'>ὅροις</span> <span class='ocrx_word' id='word_1_406' title='bbox 1125 3193 1631 3264; x_wconf 82' lang='grc' dir='ltr'>ἐστρατοπεδεύετο,</span> <span class='ocrx_word' id='word_1_407' title='bbox 1681 3204 1773 3253; x_wconf 72' lang='grc' dir='ltr'><strong>καὶ</strong></span> <span class='ocrx_word' id='word_1_408' title='bbox 1808 3203 1905 3257; x_wconf 85' lang='grc' dir='ltr'>πό-</span> 
     </span>
    </p>
   </div>
   <div class='ocr_carea' id='block_1_61' title="bbox 333 3276 1911 3361">
    <p class='ocr_par' dir='ltr' id='par_1_61' title="bbox 333 3276 1911 3361">
     <span class='ocr_line' id='line_1_62' title="bbox 333 3276 1911 3361; baseline 0.013 -34"><span class='ocrx_word' id='word_1_409' title='bbox 333 3276 498 3346; x_wconf 79' lang='grc' dir='ltr'>λεμον</span> <span class='ocrx_word' id='word_1_410' title='bbox 520 3277 750 3347; x_wconf 81' lang='grc' dir='ltr'>ἠπείλει.</span> <span class='ocrx_word' id='word_1_411' title='bbox 783 3279 870 3332; x_wconf 85' lang='grc' dir='ltr'>Ἐν</span> <span class='ocrx_word' id='word_1_412' title='bbox 898 3281 1125 3353; x_wconf 85' lang='grc' dir='ltr'>κινδύνῳ</span> <span class='ocrx_word' id='word_1_413' title='bbox 1140 3284 1198 3336; x_wconf 81' lang='grc' dir='ltr'><strong>δέ</strong></span> <span class='ocrx_word' id='word_1_414' title='bbox 1220 3285 1328 3339; x_wconf 85' lang='grc' dir='ltr'>τῶν</span> <span class='ocrx_word' id='word_1_415' title='bbox 1356 3289 1693 3359; x_wconf 87' lang='grc' dir='ltr'>πραγμάτων</span> <span class='ocrx_word' id='word_1_416' title='bbox 1715 3292 1911 3361; x_wconf 63' lang='grc' dir='ltr'>ὄντων,</span> 
     </span>
    </p>
   </div>
   <div class='ocr_carea' id='block_1_62' title="bbox 335 3366 1906 3446">
    <p class='ocr_par' dir='ltr' id='par_1_62' title="bbox 335 3366 1906 3446">
     <span class='ocr_line' id='line_1_63' title="bbox 335 3366 1906 3446; baseline 0.011 -26"><span class='ocrx_word' id='word_1_417' title='bbox 335 3366 430 3420; x_wconf 76' lang='grc' dir='ltr'>καὶ</span> <span class='ocrx_word' id='word_1_418' title='bbox 463 3367 694 3437; x_wconf 86' lang='grc' dir='ltr'>μάλιστα</span> <span class='ocrx_word' id='word_1_419' title='bbox 750 3369 858 3421; x_wconf 84' lang='grc' dir='ltr'><strong>τῶν</strong></span> <span class='ocrx_word' id='word_1_420' title='bbox 882 3372 939 3424; x_wconf 84' lang='grc' dir='ltr'>ὲν</span> <span class='ocrx_word' id='word_1_421' title='bbox 977 3371 1128 3442; x_wconf 77' lang='grc' dir='ltr'>Ἀσίᾳ</span> <span class='ocrx_word' id='word_1_422' title='bbox 1151 3375 1242 3427; x_wconf 71' lang='grc' dir='ltr'><strong>καὶ</strong></span> <span class='ocrx_word' id='word_1_423' title='bbox 1273 3375 1383 3446; x_wconf 81' lang='grc' dir='ltr'>Ἕω</span> <span class='ocrx_word' id='word_1_424' title='bbox 1433 3378 1657 3445; x_wconf 90' lang='grc' dir='ltr'>πόλεων,</span> <span class='ocrx_word' id='word_1_425' title='bbox 1690 3382 1811 3435; x_wconf 85' lang='grc' dir='ltr'>ὅσαι</span> <span class='ocrx_word' id='word_1_426' title='bbox 1845 3401 1906 3438; x_wconf 89' lang='grc' dir='ltr'><strong>τε</strong></span> 
     </span>
    </p>
   </div>
   <div class='ocr_carea' id='block_1_63' title="bbox 340 3460 1906 3535">
    <p class='ocr_par' dir='ltr' id='par_1_63' title="bbox 340 3460 1906 3535">
     <span class='ocr_line' id='line_1_64' title="bbox 340 3460 1906 3535; baseline 0.011 -24"><span class='ocrx_word' id='word_1_427' title='bbox 340 3460 540 3530; x_wconf 70' lang='grc' dir='ltr'>μεταξὺ</span> <span class='ocrx_word' id='word_1_428' title='bbox 562 3461 762 3514; x_wconf 88' lang='grc' dir='ltr'>τούτων</span> <span class='ocrx_word' id='word_1_429' title='bbox 795 3464 889 3516; x_wconf 70' lang='grc' dir='ltr'><strong>καὶ</strong></span> <span class='ocrx_word' id='word_1_430' title='bbox 916 3464 1043 3535; x_wconf 72' lang='grc' dir='ltr'>περὶ</span> <span class='ocrx_word' id='word_1_431' title='bbox 1072 3465 1161 3517; x_wconf 82' lang='grc' dir='ltr'>τὸν</span> <span class='ocrx_word' id='word_1_432' title='bbox 1190 3466 1438 3531; x_wconf 73' lang='grc' dir='ltr'>Εὔξεινον</span> <span class='ocrx_word' id='word_1_433' title='bbox 1464 3470 1668 3527; x_wconf 89' lang='grc' dir='ltr'>Πόντον</span> <span class='ocrx_word' id='word_1_434' title='bbox 1694 3474 1906 3528; x_wconf 82' lang='grc' dir='ltr'>οίκοῦν-</span> 
     </span>
    </p>
   </div>
   <div class='ocr_carea' id='block_1_64' title="bbox 334 3551 1909 3630">
    <p class='ocr_par' dir='ltr' id='par_1_64' title="bbox 334 3551 1909 3630">
     <span class='ocr_line' id='line_1_65' title="bbox 334 3551 1909 3630; baseline 0.01 -28"><span class='ocrx_word' id='word_1_435' title='bbox 334 3566 450 3613; x_wconf 83' lang='grc' dir='ltr'>ται,</span> <span class='ocrx_word' id='word_1_436' title='bbox 489 3551 840 3621; x_wconf 88' lang='grc' dir='ltr'>λογισάμενος</span> <span class='ocrx_word' id='word_1_437' title='bbox 872 3554 900 3606; x_wconf 89' lang='grc' dir='ltr'><strong>ό</strong></span> <span class='ocrx_word' id='word_1_438' title='bbox 924 3552 1173 3623; x_wconf 76' lang='grc' dir='ltr'>βασιλεὺς</span> <span class='ocrx_word' id='word_1_439' title='bbox 1203 3556 1298 3610; x_wconf 79' lang='grc' dir='ltr'>σὺν</span> <span class='ocrx_word' id='word_1_440' title='bbox 1328 3560 1439 3621; x_wconf 88' lang='grc' dir='ltr'>τοϊς</span> <span class='ocrx_word' id='word_1_441' title='bbox 1484 3560 1619 3630; x_wconf 83' lang='grc' dir='ltr'>ἀμφ’</span> <span class='ocrx_word' id='word_1_442' title='bbox 1654 3564 1814 3619; x_wconf 77' lang='grc' dir='ltr'>αὑτὸν</span> <span class='ocrx_word' id='word_1_443' title='bbox 1834 3563 1909 3629; x_wconf 81' lang='grc' dir='ltr'>ὡς</span> 
     </span>
    </p>
   </div>
   <div class='ocr_carea' id='block_1_65' title="bbox 337 3644 1909 3727">
    <p class='ocr_par' dir='ltr' id='par_1_65' title="bbox 337 3644 1909 3727">
     <span class='ocr_line' id='line_1_66' title="bbox 337 3644 1909 3727; baseline 0.01 -32"><span class='ocrx_word' id='word_1_444' title='bbox 337 3644 437 3696; x_wconf 79' lang='grc' dir='ltr'><strong>οὐκ</strong></span> <span class='ocrx_word' id='word_1_445' title='bbox 469 3644 706 3727; x_wconf 56' lang='grc' dir='ltr'>ἀεσφαλὲς</span> <span class='ocrx_word' id='word_1_446' title='bbox 736 3645 1155 3716; x_wconf 82' lang='grc' dir='ltr'>ἀπαρασκεύους</span> <span class='ocrx_word' id='word_1_447' title='bbox 1199 3647 1358 3712; x_wconf 73' lang='grc' dir='ltr'>ὄντας</span> <span class='ocrx_word' id='word_1_448' title='bbox 1386 3651 1465 3713; x_wconf 80' lang='grc' dir='ltr'><strong>είς</strong></span> <span class='ocrx_word' id='word_1_449' title='bbox 1501 3651 1739 3709; x_wconf 90' lang='grc' dir='ltr'>κίνδυνον</span> <span class='ocrx_word' id='word_1_450' title='bbox 1773 3657 1909 3710; x_wconf 89' lang='grc' dir='ltr'>καθ-</span> 
     </span>
    </p>
   </div>
   <div class='ocr_carea' id='block_1_66' title="bbox 347 3733 1910 3820">
    <p class='ocr_par' dir='ltr' id='par_1_66' title="bbox 347 3733 1910 3820">
     <span class='ocr_line' id='line_1_67' title="bbox 347 3733 1910 3820; baseline 0.011 -35"><span class='ocrx_word' id='word_1_451' title='bbox 347 3733 590 3787; x_wconf 80' lang='grc' dir='ltr'>ίστασθαι</span> <span class='ocrx_word' id='word_1_452' title='bbox 619 3736 755 3806; x_wconf 70' lang='grc' dir='ltr'>πρὸς</span> <span class='ocrx_word' id='word_1_453' title='bbox 776 3734 974 3808; x_wconf 78' lang='grc' dir='ltr'>ἄνδρας</span> <span class='ocrx_word' id='word_1_454' title='bbox 1002 3738 1103 3808; x_wconf 76' lang='grc' dir='ltr'>ήδη</span> <span class='ocrx_word' id='word_1_455' title='bbox 1127 3739 1187 3792; x_wconf 81' lang='grc' dir='ltr'>τὸ</span> <span class='ocrx_word' id='word_1_456' title='bbox 1214 3738 1315 3812; x_wconf 79' lang='grc' dir='ltr'><strong>ζῇν</strong></span> <span class='ocrx_word' id='word_1_457' title='bbox 1342 3743 1734 3816; x_wconf 84' lang='grc' dir='ltr'>ἀπειρηκότας,</span> <span class='ocrx_word' id='word_1_458' title='bbox 1768 3748 1910 3820; x_wconf 64' lang='grc' dir='ltr'>πέμ.</span> 
     </span>
    </p>
   </div>
   <div class='ocr_carea' id='block_1_67' title="bbox 336 3821 1908 3902">
    <p class='ocr_par' dir='ltr' id='par_1_67' title="bbox 336 3821 1908 3902">
     <span class='ocr_line' id='line_1_68' title="bbox 336 3821 1908 3902; baseline 0.008 -25"><span class='ocrx_word' id='word_1_459' title='bbox 336 3821 445 3891; x_wconf 76' lang='grc' dir='ltr'><strong>ψας</strong></span> <span class='ocrx_word' id='word_1_460' title='bbox 472 3823 604 3893; x_wconf 81' lang='grc' dir='ltr'>πρὸς</span> <span class='ocrx_word' id='word_1_461' title='bbox 654 3824 872 3888; x_wconf 80' lang='grc' dir='ltr'>Γαῖνᾶν,</span> <span class='ocrx_word' id='word_1_462' title='bbox 904 3826 1227 3895; x_wconf 76' lang='grc' dir='ltr'>ἐπήγγειλεν</span> <span class='ocrx_word' id='word_1_463' title='bbox 1269 3830 1439 3884; x_wconf 86' lang='grc' dir='ltr'>αίτεῖν</span> <span class='ocrx_word' id='word_1_464' title='bbox 1486 3831 1515 3883; x_wconf 85' lang='grc' dir='ltr'><strong>ὃ</strong></span> <span class='ocrx_word' id='word_1_465' title='bbox 1556 3850 1607 3885; x_wconf 90' lang='grc' dir='ltr'><strong>τι</strong></span> <span class='ocrx_word' id='word_1_466' title='bbox 1640 3832 1908 3902; x_wconf 83' lang='grc' dir='ltr'>βούλεται.</span> 
     </span>
    </p>
   </div>
   <div class='ocr_carea' id='block_1_68' title="bbox 340 3914 1914 3998">
    <p class='ocr_par' dir='ltr' id='par_1_68' title="bbox 340 3914 1914 3998">
     <span class='ocr_line' id='line_1_69' title="bbox 340 3914 1914 3998; baseline 0.006 -27"><span class='ocrx_word' id='word_1_467' title='bbox 340 3914 493 3971; x_wconf 77' lang='grc' dir='ltr'>Εἶναι</span> <span class='ocrx_word' id='word_1_468' title='bbox 520 3915 629 3986; x_wconf 77' lang='grc' dir='ltr'>γὰρ</span> <span class='ocrx_word' id='word_1_469' title='bbox 664 3915 875 3985; x_wconf 77' lang='grc' dir='ltr'>ἕτοιμος</span> <span class='ocrx_word' id='word_1_470' title='bbox 921 3919 979 3970; x_wconf 87' lang='grc' dir='ltr'><strong>ἐν</strong></span> <span class='ocrx_word' id='word_1_471' title='bbox 1027 3919 1192 3971; x_wconf 81' lang='grc' dir='ltr'>πᾶσιν</span> <span class='ocrx_word' id='word_1_472' title='bbox 1232 3918 1379 3990; x_wconf 81' lang='grc' dir='ltr'>αὑτῷ</span> <span class='ocrx_word' id='word_1_473' title='bbox 1408 3922 1659 3989; x_wconf 80' lang='grc' dir='ltr'>γενέσθαι</span> <span class='ocrx_word' id='word_1_474' title='bbox 1701 3943 1914 3998; x_wconf 85' lang='grc' dir='ltr'>κεχαρι-</span> 
     </span>
    </p>
   </div>
   <div class='ocr_carea' id='block_1_69' title="bbox 343 4007 1909 4086">
    <p class='ocr_par' dir='ltr' id='par_1_69' title="bbox 343 4007 1909 4086">
     <span class='ocr_line' id='line_1_70' title="bbox 343 4007 1909 4086; baseline 0.007 -23"><span class='ocrx_word' id='word_1_475' title='bbox 343 4009 561 4082; x_wconf 82' lang='grc' dir='ltr'>σμένος.</span> <span class='ocrx_word' id='word_1_476' title='bbox 603 4008 661 4061; x_wconf 88' lang='grc' dir='ltr'><strong>Ὀ</strong></span> <span class='ocrx_word' id='word_1_477' title='bbox 684 4007 762 4073; x_wconf 82' lang='grc' dir='ltr'><strong>δὲ,</strong></span> <span class='ocrx_word' id='word_1_478' title='bbox 799 4009 1115 4080; x_wconf 76' lang='grc' dir='ltr'>Σατορνῖνον</span> <span class='ocrx_word' id='word_1_479' title='bbox 1146 4011 1239 4064; x_wconf 80' lang='grc' dir='ltr'>καὶ</span> <span class='ocrx_word' id='word_1_480' title='bbox 1255 4012 1589 4086; x_wconf 74' lang='grc' dir='ltr'>Δύρηλιανδν</span> <span class='ocrx_word' id='word_1_481' title='bbox 1611 4016 1909 4085; x_wconf 78' lang='grc' dir='ltr'>ὑπατικοὺς</span> 
     </span>
    </p>
   </div>
   <div class='ocr_carea' id='block_1_70' title="bbox 413 4189 1059 4263">
    <p class='ocr_par' dir='ltr' id='par_1_70' title="bbox 413 4189 1059 4263">
     <span class='ocr_line' id='line_1_71' title="bbox 413 4189 1059 4263; baseline 0.012 -19"><span class='ocrx_word' id='word_1_482' title='bbox 413 4190 431 4223; x_wconf 79' lang='grc'>⁸</span> <span class='ocrx_word' id='word_1_483' title='bbox 473 4189 654 4263; x_wconf 90' lang='lat' dir='ltr'><strong>Soer.,</strong></span> <span class='ocrx_word' id='word_1_484' title='bbox 686 4197 779 4254; x_wconf 88' lang='lat' dir='ltr'><strong>lib.</strong></span> <span class='ocrx_word' id='word_1_485' title='bbox 812 4216 887 4263; x_wconf 80' lang='grc' dir='ltr'>νι,</span> <span class='ocrx_word' id='word_1_486' title='bbox 922 4213 973 4254; x_wconf 86' lang='lat' dir='ltr'><strong>c.</strong></span> <span class='ocrx_word' id='word_1_487' title='bbox 1005 4217 1059 4253; x_wconf 84' lang='grc' dir='ltr'>ο.</span> 
     </span>
    </p>
   </div>
   <div class='ocr_carea' id='block_1_71' title="bbox 2003 3106 3582 3190">
    <p class='ocr_par' dir='ltr' id='par_1_71' title="bbox 2003 3106 3582 3190">
     <span class='ocr_line' id='line_1_72' title="bbox 2003 3106 3582 3190; baseline -0.003 -14"><span class='ocrx_word' id='word_1_488' title='bbox 2003 3121 2260 3190; x_wconf 90' lang='lat' dir='ltr'><strong>stipatus,</strong></span> <span class='ocrx_word' id='word_1_489' title='bbox 2292 3116 2518 3188; x_wconf 89' lang='lat' dir='ltr'><strong>perinde</strong></span> <span class='ocrx_word' id='word_1_490' title='bbox 2554 3118 2714 3187; x_wconf 84' lang='lat' dir='ltr'><strong>quasi</strong></span> <span class='ocrx_word' id='word_1_491' title='bbox 2746 3117 2811 3172; x_wconf 90' lang='lat' dir='ltr'><strong>ad</strong></span> <span class='ocrx_word' id='word_1_492' title='bbox 2847 3106 3047 3175; x_wconf 79' lang='lat' dir='ltr'><strong>bellum</strong></span> <span class='ocrx_word' id='word_1_493' title='bbox 3072 3120 3353 3187; x_wconf 80' lang='lat' dir='ltr'><strong>venisset,</strong></span> <span class='ocrx_word' id='word_1_494' title='bbox 3392 3116 3582 3174; x_wconf 89' lang='lat' dir='ltr'><strong>consi-</strong></span> 
     </span>
    </p>
   </div>
   <div class='ocr_carea' id='block_1_72' title="bbox 2004 3209 3615 3282">
    <p class='ocr_par' dir='ltr' id='par_1_72' title="bbox 2004 3209 3615 3282">
     <span class='ocr_line' id='line_1_73' title="bbox 2004 3209 3615 3282; baseline -0.001 -15"><span class='ocrx_word' id='word_1_495' title='bbox 2004 3214 2137 3267; x_wconf 88' lang='lat' dir='ltr'><strong>lium</strong></span> <span class='ocrx_word' id='word_1_496' title='bbox 2166 3209 2311 3282; x_wconf 87' lang='lat' dir='ltr'><strong>quod</strong></span> <span class='ocrx_word' id='word_1_497' title='bbox 2356 3216 2517 3264; x_wconf 89' lang='lat' dir='ltr'><strong>antea</strong></span> <span class='ocrx_word' id='word_1_498' title='bbox 2557 3211 2953 3276; x_wconf 80' lang='lat' dir='ltr'><strong>occultaverat,</strong></span> <span class='ocrx_word' id='word_1_499' title='bbox 2993 3214 3052 3267; x_wconf 88' lang='lat' dir='ltr'><strong>in</strong></span> <span class='ocrx_word' id='word_1_500' title='bbox 3099 3213 3275 3267; x_wconf 91' lang='lat' dir='ltr'><strong>lucem</strong></span> <span class='ocrx_word' id='word_1_501' title='bbox 3316 3211 3615 3282; x_wconf 68' lang='lat' dir='ltr'><strong>protulitz,</strong></span> 
     </span>
    </p>
   </div>
   <div class='ocr_carea' id='block_1_73' title="bbox 2006 3302 3585 3373">
    <p class='ocr_par' dir='ltr' id='par_1_73' title="bbox 2006 3302 3585 3373">
     <span class='ocr_line' id='line_1_74' title="bbox 2006 3302 3585 3373; baseline -0.002 -14"><span class='ocrx_word' id='word_1_502' title='bbox 2006 3311 2059 3359; x_wconf 88' lang='lat' dir='ltr'><strong>et</strong></span> <span class='ocrx_word' id='word_1_503' title='bbox 2099 3302 2353 3357; x_wconf 90' lang='lat' dir='ltr'><strong>civitates</strong></span> <span class='ocrx_word' id='word_1_504' title='bbox 2380 3316 2520 3371; x_wconf 89' lang='lat' dir='ltr'><strong>quas</strong></span> <span class='ocrx_word' id='word_1_505' title='bbox 2562 3303 3001 3371; x_wconf 83' lang='lat' dir='ltr'><strong>servarejussus</strong></span> <span class='ocrx_word' id='word_1_506' title='bbox 3042 3303 3241 3372; x_wconf 86' lang='lat' dir='ltr'><strong>fuerat,</strong></span> <span class='ocrx_word' id='word_1_507' title='bbox 3284 3304 3420 3359; x_wconf 88' lang='lat' dir='ltr'><strong>alias</strong></span> <span class='ocrx_word' id='word_1_508' title='bbox 3455 3302 3585 3373; x_wconf 88' lang='lat' dir='ltr'><strong>qui-</strong></span> 
     </span>
    </p>
   </div>
   <div class='ocr_carea' id='block_1_74' title="bbox 2009 3392 3580 3458">
    <p class='ocr_par' dir='ltr' id='par_1_74' title="bbox 2009 3392 3580 3458">
     <span class='ocr_line' id='line_1_75' title="bbox 2009 3392 3580 3458; baseline -0.002 -11"><span class='ocrx_word' id='word_1_509' title='bbox 2009 3393 2133 3447; x_wconf 92' lang='lat' dir='ltr'><strong>dem</strong></span> <span class='ocrx_word' id='word_1_510' title='bbox 2178 3392 2448 3458; x_wconf 80' lang='lat' dir='ltr'><strong>vastavit;</strong></span> <span class='ocrx_word' id='word_1_511' title='bbox 2506 3392 2646 3447; x_wconf 89' lang='lat' dir='ltr'><strong>alias</strong></span> <span class='ocrx_word' id='word_1_512' title='bbox 2690 3406 2824 3447; x_wconf 86' lang='lat' dir='ltr'><strong>vero</strong></span> <span class='ocrx_word' id='word_1_513' title='bbox 2870 3393 3132 3449; x_wconf 86' lang='lat' dir='ltr'><strong>invadere</strong></span> <span class='ocrx_word' id='word_1_514' title='bbox 3188 3392 3580 3448; x_wconf 86' lang='lat' dir='ltr'><strong>meditabatur.</strong></span> 
     </span>
    </p>
   </div>
   <div class='ocr_carea' id='block_1_75' title="bbox 2008 3482 3615 3554">
    <p class='ocr_par' dir='ltr' id='par_1_75' title="bbox 2008 3482 3615 3554">
     <span class='ocr_line' id='line_1_76' title="bbox 2008 3482 3615 3554; baseline -0.002 -18"><span class='ocrx_word' id='word_1_515' title='bbox 2008 3485 2344 3552; x_wconf 87' lang='lat' dir='ltr'><strong>Progressus</strong></span> <span class='ocrx_word' id='word_1_516' title='bbox 2392 3482 2590 3537; x_wconf 79' lang='lat' dir='ltr'><strong>exinde</strong></span> <span class='ocrx_word' id='word_1_517' title='bbox 2618 3484 2673 3536; x_wconf 90' lang='lat' dir='ltr'><strong>in</strong></span> <span class='ocrx_word' id='word_1_518' title='bbox 2711 3482 3025 3554; x_wconf 87' lang='lat' dir='ltr'><strong>Bithyniam</strong></span> <span class='ocrx_word' id='word_1_519' title='bbox 3077 3483 3135 3537; x_wconf 91' lang='lat' dir='ltr'><strong>in</strong></span> <span class='ocrx_word' id='word_1_520' title='bbox 3169 3483 3615 3538; x_wconf 54' lang='lat' dir='ltr'><strong>Chalcedonen-~</strong></span> 
     </span>
    </p>
   </div>
   <div class='ocr_carea' id='block_1_76' title="bbox 2010 3572 3579 3645">
    <p class='ocr_par' dir='ltr' id='par_1_76' title="bbox 2010 3572 3579 3645">
     <span class='ocr_line' id='line_1_77' title="bbox 2010 3572 3579 3645; baseline 0 -18"><span class='ocrx_word' id='word_1_521' title='bbox 2010 3574 2152 3628; x_wconf 90' lang='lat' dir='ltr'><strong>sium</strong></span> <span class='ocrx_word' id='word_1_522' title='bbox 2186 3572 2384 3627; x_wconf 87' lang='lat' dir='ltr'><strong>tinibus</strong></span> <span class='ocrx_word' id='word_1_523' title='bbox 2415 3572 2683 3638; x_wconf 90' lang='lat' dir='ltr'><strong>substitit,</strong></span> <span class='ocrx_word' id='word_1_524' title='bbox 2705 3572 2870 3645; x_wconf 78' lang='lat' dir='ltr'><strong>atque</strong></span> <span class='ocrx_word' id='word_1_525' title='bbox 2903 3575 2978 3630; x_wconf 91' lang='lat' dir='ltr'><strong>ibi</strong></span> <span class='ocrx_word' id='word_1_526' title='bbox 3008 3574 3209 3629; x_wconf 91' lang='lat' dir='ltr'><strong>bellum</strong></span> <span class='ocrx_word' id='word_1_527' title='bbox 3243 3574 3579 3629; x_wconf 85' lang='lat' dir='ltr'><strong>minabatur.</strong></span> 
     </span>
    </p>
   </div>
   <div class='ocr_carea' id='block_1_77' title="bbox 2011 3663 3584 3736">
    <p class='ocr_par' dir='ltr' id='par_1_77' title="bbox 2011 3663 3584 3736">
     <span class='ocr_line' id='line_1_78' title="bbox 2011 3663 3584 3736; baseline 0.003 -18"><span class='ocrx_word' id='word_1_528' title='bbox 2011 3663 2149 3718; x_wconf 88' lang='lat' dir='ltr'><strong>Cum</strong></span> <span class='ocrx_word' id='word_1_529' title='bbox 2174 3678 2263 3717; x_wconf 90' lang='lat' dir='ltr'><strong>res</strong></span> <span class='ocrx_word' id='word_1_530' title='bbox 2293 3663 2349 3717; x_wconf 91' lang='lat' dir='ltr'><strong>in</strong></span> <span class='ocrx_word' id='word_1_531' title='bbox 2383 3678 2449 3718; x_wconf 91' lang='lat' dir='ltr'><strong>eo</strong></span> <span class='ocrx_word' id='word_1_532' title='bbox 2471 3663 2791 3722; x_wconf 84' lang='lat' dir='ltr'><strong>discrimine</strong></span> <span class='ocrx_word' id='word_1_533' title='bbox 2814 3673 3190 3732; x_wconf 86' lang='lat' dir='ltr'><strong>versarentur,</strong></span> <span class='ocrx_word' id='word_1_534' title='bbox 3216 3681 3280 3722; x_wconf 90' lang='lat' dir='ltr'><strong>ac</strong></span> <span class='ocrx_word' id='word_1_535' title='bbox 3309 3666 3584 3736; x_wconf 65' lang='lat' dir='ltr'><strong>praecipue</strong></span> 
     </span>
    </p>
   </div>
   <div class='ocr_carea' id='block_1_78' title="bbox 2012 3750 3586 3830">
    <p class='ocr_par' dir='ltr' id='par_1_78' title="bbox 2012 3750 3586 3830">
     <span class='ocr_line' id='line_1_79' title="bbox 2012 3750 3586 3830; baseline 0.003 -25"><span class='ocrx_word' id='word_1_536' title='bbox 2012 3752 2156 3830; x_wconf 78' lang='lat' dir='ltr'><strong>Asia:</strong></span> <span class='ocrx_word' id='word_1_537' title='bbox 2179 3759 2233 3805; x_wconf 93' lang='lat' dir='ltr'><strong>et</strong></span> <span class='ocrx_word' id='word_1_538' title='bbox 2258 3750 2502 3809; x_wconf 78' lang='lat' dir='ltr'><strong>Orientis</strong></span> <span class='ocrx_word' id='word_1_539' title='bbox 2535 3752 2719 3820; x_wconf 89' lang='lat' dir='ltr'><strong>urbes,</strong></span> <span class='ocrx_word' id='word_1_540' title='bbox 2746 3763 2801 3810; x_wconf 86' lang='lat' dir='ltr'><strong>et</strong></span> <span class='ocrx_word' id='word_1_541' title='bbox 2834 3770 3177 3826; x_wconf 77' lang='lat' dir='ltr'><strong>quaecunque</strong></span> <span class='ocrx_word' id='word_1_542' title='bbox 3218 3756 3360 3811; x_wconf 88' lang='lat' dir='ltr'><strong>inter</strong></span> <span class='ocrx_word' id='word_1_543' title='bbox 3395 3755 3586 3812; x_wconf 80' lang='lat' dir='ltr'><strong>Asiam</strong></span> 
     </span>
    </p>
   </div>
   <div class='ocr_carea' id='block_1_79' title="bbox 2014 3844 3613 3912">
    <p class='ocr_par' dir='ltr' id='par_1_79' title="bbox 2014 3844 3613 3912">
     <span class='ocr_line' id='line_1_80' title="bbox 2014 3844 3613 3912; baseline 0.005 -16"><span class='ocrx_word' id='word_1_544' title='bbox 2014 3851 2178 3912; x_wconf 89' lang='lat' dir='ltr'><strong>atque</strong></span> <span class='ocrx_word' id='word_1_545' title='bbox 2208 3844 2484 3899; x_wconf 85' lang='lat' dir='ltr'><strong>Orientem</strong></span> <span class='ocrx_word' id='word_1_546' title='bbox 2518 3854 2570 3901; x_wconf 91' lang='lat' dir='ltr'><strong>et</strong></span> <span class='ocrx_word' id='word_1_547' title='bbox 2607 3846 2674 3900; x_wconf 89' lang='lat' dir='ltr'><strong>ad</strong></span> <span class='ocrx_word' id='word_1_548' title='bbox 2708 3846 2983 3902; x_wconf 76' lang='lat' dir='ltr'><strong>Euxinum</strong></span> <span class='ocrx_word' id='word_1_549' title='bbox 3019 3848 3255 3905; x_wconf 77' lang='lat' dir='ltr'><strong>Pontum</strong></span> <span class='ocrx_word' id='word_1_550' title='bbox 3294 3849 3416 3904; x_wconf 59' lang='lat' dir='ltr'><strong>sitae</strong></span> <span class='ocrx_word' id='word_1_551' title='bbox 3453 3854 3613 3904; x_wconf 81' lang='lat' dir='ltr'><strong>sunt.</strong></span> 
     </span>
    </p>
   </div>
   <div class='ocr_carea' id='block_1_80' title="bbox 2012 3934 3584 4008">
    <p class='ocr_par' dir='ltr' id='par_1_80' title="bbox 2012 3934 3584 4008">
     <span class='ocr_line' id='line_1_81' title="bbox 2012 3934 3584 4008; baseline 0.003 -19"><span class='ocrx_word' id='word_1_552' title='bbox 2012 3934 2493 4005; x_wconf 78' lang='lat' dir='ltr'><strong>periclitarentur:</strong></span> <span class='ocrx_word' id='word_1_553' title='bbox 2542 3936 2840 4008; x_wconf 87' lang='lat' dir='ltr'><strong>imperator</strong></span> <span class='ocrx_word' id='word_1_554' title='bbox 2868 3954 2992 3995; x_wconf 92' lang='lat' dir='ltr'><strong>cum</strong></span> <span class='ocrx_word' id='word_1_555' title='bbox 3032 3940 3293 4008; x_wconf 80' lang='lat' dir='ltr'><strong>proximis</strong></span> <span class='ocrx_word' id='word_1_556' title='bbox 3325 3939 3584 3994; x_wconf 88' lang='lat' dir='ltr'><strong>conside-</strong></span> 
     </span>
    </p>
   </div>
   <div class='ocr_carea' id='block_1_81' title="bbox 2015 4024 3581 4106">
    <p class='ocr_par' dir='ltr' id='par_1_81' title="bbox 2015 4024 3581 4106">
     <span class='ocr_line' id='line_1_82' title="bbox 2015 4024 3581 4106; baseline 0.001 -25"><span class='ocrx_word' id='word_1_557' title='bbox 2015 4024 2240 4093; x_wconf 82' lang='lat' dir='ltr'><strong>derans,</strong></span> <span class='ocrx_word' id='word_1_558' title='bbox 2270 4026 2698 4101; x_wconf 84' lang='lat' dir='ltr'><strong>haudquaquam</strong></span> <span class='ocrx_word' id='word_1_559' title='bbox 2738 4037 2915 4090; x_wconf 86' lang='lat' dir='ltr'><strong>tutum</strong></span> <span class='ocrx_word' id='word_1_560' title='bbox 2949 4030 3110 4106; x_wconf 78' lang='lat'><strong>330</strong></span> <span class='ocrx_word' id='word_1_561' title='bbox 3138 4045 3261 4088; x_wconf 91' lang='lat' dir='ltr'><strong>esse</strong></span> <span class='ocrx_word' id='word_1_562' title='bbox 3303 4037 3363 4085; x_wconf 91' lang='lat' dir='ltr'><strong>ut</strong></span> <span class='ocrx_word' id='word_1_563' title='bbox 3405 4029 3581 4105; x_wconf 65' lang='lat' dir='ltr'><strong>impu-</strong></span> 
     </span>
    </p>
   </div>
   <div class='ocr_carea' id='block_1_82' title="bbox 1532 4364 2372 4426">
    <p class='ocr_par' dir='ltr' id='par_1_82' title="bbox 1532 4364 2372 4426">
     <span class='ocr_line' id='line_1_83' title="bbox 1532 4364 2372 4426; baseline 0.008 -7"><span class='ocrx_word' id='word_1_564' title='bbox 1532 4364 1801 4422; x_wconf 81' lang='lat' dir='ltr'><strong>VALESII</strong></span> <span class='ocrx_word' id='word_1_565' title='bbox 1823 4364 2372 4426; x_wconf 76' lang='lat' dir='ltr'><strong>ANNOTATIONES.</strong></span> 
     </span>
    </p>
   </div>
   <div class='ocr_carea' id='block_1_83' title="bbox 413 4519 3611 4604">
    <p class='ocr_par' dir='ltr' id='par_1_83' title="bbox 413 4519 3611 4604">
     <span class='ocr_line' id='line_1_84' title="bbox 413 4519 3611 4604; baseline 0.005 -32"><span class='ocrx_word' id='word_1_566' title='bbox 413 4520 576 4604; x_wconf 46' lang='lat' dir='ltr'><strong>(Qui</strong></span> <span class='ocrx_word' id='word_1_567' title='bbox 622 4519 922 4604; x_wconf 49' lang='grc' dir='ltr'><strong>διακόνει..</strong></span> <span class='ocrx_word' id='word_1_568' title='bbox 968 4519 1161 4604; x_wconf 47' lang='lat' dir='ltr'><strong>Yeram</strong></span> <span class='ocrx_word' id='word_1_569' title='bbox 1197 4520 1370 4604; x_wconf 69' lang='lat' dir='ltr'><strong>hujus</strong></span> <span class='ocrx_word' id='word_1_570' title='bbox 1418 4521 1526 4604; x_wconf 82' lang='lat' dir='ltr'><strong>loci</strong></span> <span class='ocrx_word' id='word_1_571' title='bbox 1578 4523 1906 4604; x_wconf 71' lang='lat' dir='ltr'><strong>scripturam</strong></span> <span class='ocrx_word' id='word_1_572' title='bbox 1942 4526 1987 4581; x_wconf 89' lang='lat' dir='ltr'><strong>D</strong></span> <span class='ocrx_word' id='word_1_573' title='bbox 2017 4526 2128 4604; x_wconf 52' lang='lat' dir='ltr'><strong>[gare</strong></span> <span class='ocrx_word' id='word_1_574' title='bbox 2144 4528 2411 4604; x_wconf 83' lang='lat' dir='ltr'><strong>conjungi</strong></span> <span class='ocrx_word' id='word_1_575' title='bbox 2444 4531 2623 4604; x_wconf 86' lang='lat' dir='ltr'><strong>solent</strong></span> <span class='ocrx_word' id='word_1_576' title='bbox 2656 4546 2780 4587; x_wconf 91' lang='lat' dir='ltr'><strong>eum</strong></span> <span class='ocrx_word' id='word_1_577' title='bbox 2822 4532 3091 4596; x_wconf 89' lang='lat' dir='ltr'><strong>tribunis,</strong></span> <span class='ocrx_word' id='word_1_578' title='bbox 3125 4531 3611 4604; x_wconf 72' lang='lat' dir='ltr'><strong>quemadmodmm</strong></span> 
     </span>
    </p>
   </div>
   <div class='ocr_carea' id='block_1_84' title="bbox 343 4589 1911 4662">
    <p class='ocr_par' dir='ltr' id='par_1_84' title="bbox 343 4589 1911 4662">
     <span class='ocr_line' id='line_1_85' title="bbox 343 4589 1911 4662; baseline 0.001 -16"><span class='ocrx_word' id='word_1_579' title='bbox 343 4589 575 4662; x_wconf 57' lang='lat' dir='ltr'><strong>ret&#39;inuit</strong></span> <span class='ocrx_word' id='word_1_580' title='bbox 606 4589 1062 4662; x_wconf 43' lang='lat' dir='ltr'><strong>codex_&#39;_Fultetii,</strong></span> <span class='ocrx_word' id='word_1_581' title='bbox 1106 4591 1179 4662; x_wconf 89' lang='lat' dir='ltr'><strong>in</strong></span> <span class='ocrx_word' id='word_1_582' title='bbox 1205 4589 1316 4662; x_wconf 74' lang='lat' dir='ltr'><strong>quo</strong></span> <span class='ocrx_word' id='word_1_583' title='bbox 1358 4593 1556 4662; x_wconf 86' lang='lat' dir='ltr'><strong>legitur</strong></span> <span class='ocrx_word' id='word_1_584' title='bbox 1593 4594 1647 4646; x_wconf 79' lang='grc' dir='ltr'>αἱ</span> <span class='ocrx_word' id='word_1_585' title='bbox 1695 4589 1911 4647; x_wconf 81' lang='grc' dir='ltr'>διαλλα-</span> 
     </span>
    </p>
   </div>
   <div class='ocr_carea' id='block_1_85' title="bbox 342 4660 1914 4731">
    <p class='ocr_par' dir='ltr' id='par_1_85' title="bbox 342 4660 1914 4731">
     <span class='ocr_line' id='line_1_86' title="bbox 342 4660 1914 4731; baseline 0.003 -15"><span class='ocrx_word' id='word_1_586' title='bbox 342 4661 459 4730; x_wconf 89' lang='grc' dir='ltr'>γαί.</span> <span class='ocrx_word' id='word_1_587' title='bbox 492 4660 600 4716; x_wconf 87' lang='lat' dir='ltr'><strong>Pro</strong></span> <span class='ocrx_word' id='word_1_588' title='bbox 647 4675 759 4730; x_wconf 88' lang='lat' dir='ltr'><strong>quo</strong></span> <span class='ocrx_word' id='word_1_589' title='bbox 786 4660 1123 4731; x_wconf 82' lang='lat' dir='ltr'><strong>Nicephorus</strong></span> <span class='ocrx_word' id='word_1_590' title='bbox 1172 4660 1332 4718; x_wconf 85' lang='lat' dir='ltr'><strong>habet</strong></span> <span class='ocrx_word' id='word_1_591' title='bbox 1362 4660 1718 4730; x_wconf 81' lang='grc' dir='ltr'>καταλλαγαί,</span> <span class='ocrx_word' id='word_1_592' title='bbox 1767 4667 1914 4731; x_wconf 85' lang='lat' dir='ltr'><strong>quod</strong></span> 
     </span>
    </p>
   </div>
   <div class='ocr_carea' id='block_1_86' title="bbox 343 4730 1915 4792">
    <p class='ocr_par' dir='ltr' id='par_1_86' title="bbox 343 4730 1915 4792">
     <span class='ocr_line' id='line_1_87' title="bbox 343 4730 1915 4792; baseline 0.003 -5"><span class='ocrx_word' id='word_1_593' title='bbox 343 4733 488 4787; x_wconf 88' lang='lat' dir='ltr'><strong>idem</strong></span> <span class='ocrx_word' id='word_1_594' title='bbox 543 4739 647 4786; x_wconf 86' lang='lat' dir='ltr'><strong>est.</strong></span> <span class='ocrx_word' id='word_1_595' title='bbox 679 4731 757 4785; x_wconf 82' lang='lat' dir='ltr'><strong>Ita</strong></span> <span class='ocrx_word' id='word_1_596' title='bbox 800 4731 966 4785; x_wconf 86' lang='lat' dir='ltr'><strong>etiam</strong></span> <span class='ocrx_word' id='word_1_597' title='bbox 1013 4730 1249 4787; x_wconf 89' lang='lat' dir='ltr'><strong>Savilius</strong></span> <span class='ocrx_word' id='word_1_598' title='bbox 1280 4732 1347 4787; x_wconf 88' lang='lat' dir='ltr'><strong>ad</strong></span> <span class='ocrx_word' id='word_1_599' title='bbox 1391 4736 1534 4787; x_wconf 87' lang='lat' dir='ltr'><strong>latus</strong></span> <span class='ocrx_word' id='word_1_600' title='bbox 1580 4735 1664 4787; x_wconf 90' lang='lat' dir='ltr'><strong>sui</strong></span> <span class='ocrx_word' id='word_1_601' title='bbox 1706 4730 1915 4792; x_wconf 88' lang='lat' dir='ltr'><strong>codicis</strong></span> 
     </span>
    </p>
   </div>
   <div class='ocr_carea' id='block_1_87' title="bbox 343 4800 689 4857">
    <p class='ocr_par' dir='ltr' id='par_1_87' title="bbox 343 4800 689 4857">
     <span class='ocr_line' id='line_1_88' title="bbox 343 4800 689 4857; baseline -0.006 0"><span class='ocrx_word' id='word_1_602' title='bbox 343 4800 689 4857; x_wconf 90' lang='lat' dir='ltr'><strong>emendarat.</strong></span> 
     </span>
    </p>
   </div>
   <div class='ocr_carea' id='block_1_88' title="bbox 414 4870 1915 4941">
    <p class='ocr_par' dir='ltr' id='par_1_88' title="bbox 414 4870 1915 4941">
     <span class='ocr_line' id='line_1_89' title="bbox 414 4870 1915 4941; baseline 0.003 -16"><span class='ocrx_word' id='word_1_603' title='bbox 414 4872 491 4941; x_wconf 85' lang='lat'><strong>(7)</strong></span> <span class='ocrx_word' id='word_1_604' title='bbox 516 4871 613 4924; x_wconf 84' lang='grc' dir='ltr'>Ἐκ</span> <span class='ocrx_word' id='word_1_605' title='bbox 641 4871 759 4923; x_wconf 79' lang='grc' dir='ltr'><strong>τῶν</strong></span> <span class='ocrx_word' id='word_1_606' title='bbox 790 4870 957 4925; x_wconf 70' lang='grc' dir='ltr'>ἰδίων</span> <span class='ocrx_word' id='word_1_607' title='bbox 974 4871 1192 4940; x_wconf 77' lang='grc' dir='ltr'>νόμων.</span> <span class='ocrx_word' id='word_1_608' title='bbox 1229 4870 1418 4927; x_wconf 86' lang='lat' dir='ltr'><strong>Scribe</strong></span> <span class='ocrx_word' id='word_1_609' title='bbox 1443 4880 1653 4930; x_wconf 90' lang='lat' dir='ltr'><strong>mutato</strong></span> <span class='ocrx_word' id='word_1_610' title='bbox 1686 4882 1915 4930; x_wconf 87' lang='lat' dir='ltr'><strong>accentu</strong></span> 
     </span>
    </p>
   </div>
   <div class='ocr_carea' id='block_1_89' title="bbox 341 4941 1917 5015">
    <p class='ocr_par' dir='ltr' id='par_1_89' title="bbox 341 4941 1917 5015">
     <span class='ocr_line' id='line_1_90' title="bbox 341 4941 1917 5015; baseline 0.004 -21"><span class='ocrx_word' id='word_1_611' title='bbox 341 4941 542 5015; x_wconf 80' lang='grc' dir='ltr'>νομῶν.</span> <span class='ocrx_word' id='word_1_612' title='bbox 584 4941 702 5007; x_wconf 87' lang='lat' dir='ltr'><strong>Qua</strong></span> <span class='ocrx_word' id='word_1_613' title='bbox 728 4956 860 4997; x_wconf 83' lang='lat' dir='ltr'><strong>voce</strong></span> <span class='ocrx_word' id='word_1_614' title='bbox 890 4942 1068 4997; x_wconf 88' lang='lat' dir='ltr'><strong>utitur</strong></span> <span class='ocrx_word' id='word_1_615' title='bbox 1099 4956 1240 5014; x_wconf 73' lang='lat' dir='ltr'><strong>saepe</strong></span> <span class='ocrx_word' id='word_1_616' title='bbox 1278 4943 1615 4999; x_wconf 86' lang='lat' dir='ltr'><strong>Sozomenus</strong></span> <span class='ocrx_word' id='word_1_617' title='bbox 1634 4959 1733 5015; x_wconf 93' lang='lat' dir='ltr'><strong>pro</strong></span> <span class='ocrx_word' id='word_1_618' title='bbox 1758 4946 1917 5001; x_wconf 88' lang='lat' dir='ltr'><strong>terri-</strong></span> 
     </span>
    </p>
   </div>
   <div class='ocr_carea' id='block_1_90' title="bbox 344 5013 1676 5066">
    <p class='ocr_par' dir='ltr' id='par_1_90' title="bbox 344 5013 1676 5066">
     <span class='ocr_line' id='line_1_91' title="bbox 344 5013 1676 5066; baseline 0.004 -1"><span class='ocrx_word' id='word_1_619' title='bbox 344 5013 508 5066; x_wconf 89' lang='lat' dir='ltr'><strong>torio.</strong></span> <span class='ocrx_word' id='word_1_620' title='bbox 1178 5013 1181 5014; x_wconf 54' lang='grc'><strong><em>⁷</em></strong></span> <span class='ocrx_word' id='word_1_621' title='bbox 1636 5013 1676 5029; x_wconf 76' lang='grc'><em>”</em></span> 
     </span>
    </p>
   </div>
   <div class='ocr_carea' id='block_1_91' title="bbox 415 5080 1915 5152">
    <p class='ocr_par' dir='ltr' id='par_1_91' title="bbox 415 5080 1915 5152">
     <span class='ocr_line' id='line_1_92' title="bbox 415 5080 1915 5152; baseline 0.005 -18"><span class='ocrx_word' id='word_1_622' title='bbox 415 5082 490 5151; x_wconf 88' lang='grc'><strong>(8)</strong></span> <span class='ocrx_word' id='word_1_623' title='bbox 522 5080 1082 5152; x_wconf 79' lang='grc' dir='ltr'>Συντατματάρχας.</span> <span class='ocrx_word' id='word_1_624' title='bbox 1118 5083 1397 5140; x_wconf 78' lang='lat' dir='ltr'><strong>Masculus</strong></span> <span class='ocrx_word' id='word_1_625' title='bbox 1444 5084 1633 5149; x_wconf 89' lang='lat' dir='ltr'><strong>duces,</strong></span> <span class='ocrx_word' id='word_1_626' title='bbox 1666 5085 1915 5141; x_wconf 81' lang='lat' dir='ltr'><strong>Christo-</strong></span> 
     </span>
    </p>
   </div>
   <div class='ocr_carea' id='block_1_92' title="bbox 348 5151 1909 5274">
    <p class='ocr_par' dir='ltr' id='par_1_92' title="bbox 348 5151 1909 5274">
     <span class='ocr_line' id='line_1_93' title="bbox 348 5151 1909 5274; baseline 0.004 -70"><span class='ocrx_word' id='word_1_627' title='bbox 348 5151 664 5274; x_wconf 60' lang='lat' dir='ltr'><strong>Ehorsonus</strong></span> <span class='ocrx_word' id='word_1_628' title='bbox 690 5151 816 5208; x_wconf 87' lang='lat' dir='ltr'><strong>vero</strong></span> <span class='ocrx_word' id='word_1_629' title='bbox 835 5156 1121 5224; x_wconf 64' lang='lat' dir='ltr'><strong>prwfectos</strong></span> <span class='ocrx_word' id='word_1_630' title='bbox 1139 5155 1477 5209; x_wconf 79' lang='lat' dir='ltr'><strong>exercituum</strong></span> <span class='ocrx_word' id='word_1_631' title='bbox 1498 5156 1909 5226; x_wconf 73' lang='lat' dir='ltr'><strong>interpretatur.</strong></span> 
     </span>
     <span class='ocr_line' id='line_1_94' title="bbox 393 5223 1909 5274; baseline 0 0"><span class='ocrx_word' id='word_1_632' title='bbox 393 5237 463 5274; x_wconf 65' lang='grc' dir='ltr'>ρο</span> <span class='ocrx_word' id='word_1_633' title='bbox 492 5223 813 5274; x_wconf 61' lang='lat' dir='ltr'><strong>praepositos</strong></span> <span class='ocrx_word' id='word_1_634' title='bbox 837 5225 1181 5274; x_wconf 77' lang='lat' dir='ltr'><strong>internretari</strong></span> <span class='ocrx_word' id='word_1_635' title='bbox 1210 5225 1448 5274; x_wconf 82' lang='lat' dir='ltr'><strong>mallem.</strong></span> <span class='ocrx_word' id='word_1_636' title='bbox 1471 5226 1602 5274; x_wconf 82' lang='lat' dir='ltr'><strong>Nam</strong></span> <span class='ocrx_word' id='word_1_637' title='bbox 1631 5226 1909 5274; x_wconf 69' lang='lat' dir='ltr'><strong>nrmnositi</strong></span> 
     </span>
    </p>
   </div>
   <div class='ocr_carea' id='block_1_93' title="bbox 393 5223 1911 5297">
    <p class='ocr_par' dir='ltr' id='par_1_93' title="bbox 393 5223 1911 5297">
     <span class='ocr_line' id='line_1_95' title="bbox 393 5223 1911 5297; baseline 0.003 -21"><span class='ocrx_word' id='word_1_638' title='bbox 393 5237 463 5294; x_wconf 87' lang='lat' dir='ltr'><strong>go</strong></span> <span class='ocrx_word' id='word_1_639' title='bbox 492 5223 813 5292; x_wconf 59' lang='lat' dir='ltr'><strong>praepositos</strong></span> <span class='ocrx_word' id='word_1_640' title='bbox 837 5225 1181 5295; x_wconf 87' lang='lat' dir='ltr'><strong>interpretari</strong></span> <span class='ocrx_word' id='word_1_641' title='bbox 1210 5225 1448 5280; x_wconf 83' lang='lat' dir='ltr'><strong>mallem.</strong></span> <span class='ocrx_word' id='word_1_642' title='bbox 1471 5226 1603 5280; x_wconf 81' lang='lat' dir='ltr'><strong>Nam</strong></span> <span class='ocrx_word' id='word_1_643' title='bbox 1631 5223 1911 5297; x_wconf 69' lang='lat' dir='ltr'><strong>prmpositi</strong></span> 
     </span>
    </p>
   </div>
   <div class='ocr_carea' id='block_1_94' title="bbox 2021 4596 3587 4672">
    <p class='ocr_par' dir='ltr' id='par_1_94' title="bbox 2021 4596 3587 4672">
     <span class='ocr_line' id='line_1_96' title="bbox 2021 4596 3587 4672; baseline 0.003 -22"><span class='ocrx_word' id='word_1_644' title='bbox 2021 4596 2377 4672; x_wconf 67' lang='lat' dir='ltr'><strong>suzomenus</strong></span> <span class='ocrx_word' id='word_1_645' title='bbox 2398 4601 2502 4672; x_wconf 69' lang='lat' dir='ltr'><strong>hoc</strong></span> <span class='ocrx_word' id='word_1_646' title='bbox 2548 4602 2679 4657; x_wconf 75' lang='lat' dir='ltr'><strong>loco</strong></span> <span class='ocrx_word' id='word_1_647' title='bbox 2705 4596 3195 4672; x_wconf 59' lang='lat' dir='ltr'><strong>ouvraypardpxdt;</strong></span> <span class='ocrx_word' id='word_1_648' title='bbox 3233 4602 3417 4671; x_wconf 80' lang='lat' dir='ltr'><strong>jungit</strong></span> <span class='ocrx_word' id='word_1_649' title='bbox 3463 4619 3587 4656; x_wconf 78' lang='lat' dir='ltr'><strong>cum</strong></span> 
     </span>
    </p>
   </div>
   <div class='ocr_carea' id='block_1_95' title="bbox 2017 4667 3589 4743">
    <p class='ocr_par' dir='ltr' id='par_1_95' title="bbox 2017 4667 3589 4743">
     <span class='ocr_line' id='line_1_97' title="bbox 2017 4667 3589 4743; baseline 0.004 -23"><span class='ocrx_word' id='word_1_650' title='bbox 2017 4667 2340 4743; x_wconf 82' lang='grc' dir='ltr'>χιλιάρχοις.</span> <span class='ocrx_word' id='word_1_651' title='bbox 2385 4668 2546 4727; x_wconf 87' lang='lat' dir='ltr'><strong>Certe</strong></span> <span class='ocrx_word' id='word_1_652' title='bbox 2578 4687 2641 4727; x_wconf 89' lang='lat' dir='ltr'><strong>ea</strong></span> <span class='ocrx_word' id='word_1_653' title='bbox 2682 4687 2784 4726; x_wconf 83' lang='lat' dir='ltr'><strong>vox</strong></span> <span class='ocrx_word' id='word_1_654' title='bbox 2824 4667 2944 4741; x_wconf 78' lang='lat' dir='ltr'><strong>plus</strong></span> <span class='ocrx_word' id='word_1_655' title='bbox 2972 4667 3177 4743; x_wconf 73' lang='lat' dir='ltr'><strong>aliquid</strong></span> <span class='ocrx_word' id='word_1_656' title='bbox 3207 4667 3589 4741; x_wconf 55' lang='lat' dir='ltr'><strong>mihi&#39;signiti-</strong></span> 
     </span>
    </p>
   </div>
   <div class='ocr_carea' id='block_1_96' title="bbox 2016 4739 3590 4810">
    <p class='ocr_par' dir='ltr' id='par_1_96' title="bbox 2016 4739 3590 4810">
     <span class='ocr_line' id='line_1_98' title="bbox 2016 4739 3590 4810; baseline 0.002 -18"><span class='ocrx_word' id='word_1_657' title='bbox 2016 4753 2146 4792; x_wconf 87' lang='lat' dir='ltr'><strong>care</strong></span> <span class='ocrx_word' id='word_1_658' title='bbox 2169 4739 2384 4794; x_wconf 86' lang='lat' dir='ltr'><strong>videtur</strong></span> <span class='ocrx_word' id='word_1_659' title='bbox 2395 4756 2557 4810; x_wconf 91' lang='lat' dir='ltr'><strong>quam</strong></span> <span class='ocrx_word' id='word_1_660' title='bbox 2579 4739 2951 4797; x_wconf 81' lang='lat' dir='ltr'><strong>centuriones.</strong></span> <span class='ocrx_word' id='word_1_661' title='bbox 2974 4739 3272 4798; x_wconf 81' lang='lat' dir='ltr'><strong>Possumus</strong></span> <span class='ocrx_word' id='word_1_662' title='bbox 3289 4739 3450 4796; x_wconf 84' lang='lat' dir='ltr'><strong>etiam</strong></span> <span class='ocrx_word' id='word_1_663' title='bbox 3466 4760 3590 4795; x_wconf 84' lang='grc' dir='ltr'>συν-</span> 
     </span>
    </p>
   </div>
   <div class='ocr_carea' id='block_1_97' title="bbox 2017 4811 3590 4883">
    <p class='ocr_par' dir='ltr' id='par_1_97' title="bbox 2017 4811 3590 4883">
     <span class='ocr_line' id='line_1_99' title="bbox 2017 4811 3590 4883; baseline 0.003 -21"><span class='ocrx_word' id='word_1_664' title='bbox 2017 4811 2413 4883; x_wconf 77' lang='grc' dir='ltr'>ταγματάρχας</span> <span class='ocrx_word' id='word_1_665' title='bbox 2459 4811 2807 4883; x_wconf 84' lang='lat' dir='ltr'><strong>interpretari</strong></span> <span class='ocrx_word' id='word_1_666' title='bbox 2868 4814 3134 4883; x_wconf 89' lang='lat' dir='ltr'><strong>principia</strong></span> <span class='ocrx_word' id='word_1_667' title='bbox 3180 4815 3469 4883; x_wconf 80' lang='lat' dir='ltr'><strong>legionum.</strong></span> <span class='ocrx_word' id='word_1_668' title='bbox 3525 4813 3590 4867; x_wconf 88' lang='lat' dir='ltr'><strong>lli</strong></span> 
     </span>
    </p>
   </div>
   <div class='ocr_carea' id='block_1_98' title="bbox 2020 4879 3566 4951">
    <p class='ocr_par' dir='ltr' id='par_1_98' title="bbox 2020 4879 3566 4951">
     <span class='ocr_line' id='line_1_100' title="bbox 2020 4879 3566 4951; baseline 0.003 -19"><span class='ocrx_word' id='word_1_669' title='bbox 2020 4882 2166 4951; x_wconf 71' lang='lat' dir='ltr'><strong>enim</strong></span> <span class='ocrx_word' id='word_1_670' title='bbox 2204 4879 2321 4951; x_wconf 70' lang='lat' dir='ltr'><strong>fere</strong></span> <span class='ocrx_word' id='word_1_671' title='bbox 2338 4881 2493 4951; x_wconf 84' lang='lat' dir='ltr'><strong>jungi</strong></span> <span class='ocrx_word' id='word_1_672' title='bbox 2519 4879 2693 4951; x_wconf 79' lang='lat' dir='ltr'><strong>solent</strong></span> <span class='ocrx_word' id='word_1_673' title='bbox 2726 4897 2850 4937; x_wconf 89' lang='lat' dir='ltr'><strong>cum</strong></span> <span class='ocrx_word' id='word_1_674' title='bbox 2871 4879 3139 4949; x_wconf 77' lang='lat' dir='ltr'><strong>tribunis,</strong></span> <span class='ocrx_word' id='word_1_675' title='bbox 3172 4879 3450 4939; x_wconf 55' lang='lat' dir='ltr'><strong>ut&#39;videre</strong></span> <span class='ocrx_word' id='word_1_676' title='bbox 3483 4892 3566 4938; x_wconf 82' lang='lat' dir='ltr'><strong>est</strong></span> 
     </span>
    </p>
   </div>
   <div class='ocr_carea' id='block_1_99' title="bbox 2020 4949 3597 5024">
    <p class='ocr_par' dir='ltr' id='par_1_99' title="bbox 2020 4949 3597 5024">
     <span class='ocr_line' id='line_1_101' title="bbox 2020 4949 3597 5024; baseline 0.006 -24"><span class='ocrx_word' id='word_1_677' title='bbox 2020 4949 2161 5017; x_wconf 85' lang='lat' dir='ltr'><strong>apud</strong></span> <span class='ocrx_word' id='word_1_678' title='bbox 2186 4949 2541 5024; x_wconf 72' lang='lat' dir='ltr'><strong>Ammianuui</strong></span> <span class='ocrx_word' id='word_1_679' title='bbox 2565 4950 2959 5007; x_wconf 79' lang='lat' dir='ltr'><strong>Marcellinum.</strong></span> <span class='ocrx_word' id='word_1_680' title='bbox 2999 4955 3101 5009; x_wconf 89' lang='lat' dir='ltr'><strong>Ubi</strong></span> <span class='ocrx_word' id='word_1_681' title='bbox 3137 4955 3278 5018; x_wconf 88' lang='lat' dir='ltr'><strong>vide,</strong></span> <span class='ocrx_word' id='word_1_682' title='bbox 3321 4956 3366 5010; x_wconf 90' lang='lat' dir='ltr'><strong>si</strong></span> <span class='ocrx_word' id='word_1_683' title='bbox 3397 4955 3597 5024; x_wconf 85' lang='lat' dir='ltr'><strong>placet,</strong></span> 
     </span>
    </p>
   </div>
   <div class='ocr_carea' id='block_1_100' title="bbox 2022 5019 3590 5084">
    <p class='ocr_par' dir='ltr' id='par_1_100' title="bbox 2022 5019 3590 5084">
     <span class='ocr_line' id='line_1_102' title="bbox 2022 5019 3590 5084; baseline 0.003 -13"><span class='ocrx_word' id='word_1_684' title='bbox 2022 5033 2144 5084; x_wconf 64' lang='lat' dir='ltr'><strong>quae</strong></span> <span class='ocrx_word' id='word_1_685' title='bbox 2193 5021 2396 5073; x_wconf 83' lang='lat' dir='ltr'><strong>notavi.</strong></span> <span class='ocrx_word' id='word_1_686' title='bbox 2460 5019 2642 5076; x_wconf 87' lang='lat' dir='ltr'><strong>Utitur</strong></span> <span class='ocrx_word' id='word_1_687' title='bbox 2692 5023 2879 5077; x_wconf 88' lang='lat' dir='ltr'><strong>eadem</strong></span> <span class='ocrx_word' id='word_1_688' title='bbox 2949 5039 3080 5080; x_wconf 81' lang='lat' dir='ltr'><strong>voce</strong></span> <span class='ocrx_word' id='word_1_689' title='bbox 3138 5019 3478 5080; x_wconf 71' lang='lat' dir='ltr'><strong>Sozometius</strong></span> <span class='ocrx_word' id='word_1_690' title='bbox 3532 5023 3590 5076; x_wconf 90' lang='lat' dir='ltr'><strong>in</strong></span> 
     </span>
    </p>
   </div>
   <div class='ocr_carea' id='block_1_101' title="bbox 2022 5087 3590 5210">
    <p class='ocr_par' dir='ltr' id='par_1_101' title="bbox 2022 5087 3590 5210">
     <span class='ocr_line' id='line_1_103' title="bbox 2022 5087 3590 5210; baseline 0.004 -69"><span class='ocrx_word' id='word_1_691' title='bbox 2022 5087 2162 5210; x_wconf 52' lang='lat' dir='ltr'><strong>libro</strong></span> <span class='ocrx_word' id='word_1_692' title='bbox 2199 5106 2273 5156; x_wconf 74' lang='grc' dir='ltr'><strong>γι,</strong></span> <span class='ocrx_word' id='word_1_693' title='bbox 2298 5103 2417 5159; x_wconf 86' lang='lat' dir='ltr'><strong>cap.</strong></span> <span class='ocrx_word' id='word_1_694' title='bbox 2449 5090 2504 5157; x_wconf 90' lang='lat'><strong>6,</strong></span> <span class='ocrx_word' id='word_1_695' title='bbox 2535 5092 2626 5147; x_wconf 86' lang='lat' dir='ltr'><strong>ubi</strong></span> <span class='ocrx_word' id='word_1_696' title='bbox 2654 5108 2754 5165; x_wconf 86' lang='lat' dir='ltr'><strong>pro</strong></span> <span class='ocrx_word' id='word_1_697' title='bbox 2788 5092 2998 5149; x_wconf 82' lang='lat' dir='ltr'><strong>tribuno</strong></span> <span class='ocrx_word' id='word_1_698' title='bbox 3042 5094 3332 5150; x_wconf 73' lang='lat' dir='ltr'><strong>manifesto</strong></span> <span class='ocrx_word' id='word_1_699' title='bbox 3386 5092 3590 5164; x_wconf 62' lang='lat' dir='ltr'><strong>accipio</strong></span> 
     </span>
     <span class='ocr_line' id='line_1_104' title="bbox 2049 5174 2134 5210; baseline 0 0"><span class='ocrx_word' id='word_1_700' title='bbox 2049 5174 2134 5210; x_wconf 90' lang='lat' dir='ltr'><strong>ur.</strong></span> 
     </span>
    </p>
   </div>
   <div class='ocr_carea' id='block_1_102' title="bbox 2049 5174 2134 5213">
    <p class='ocr_par' dir='ltr' id='par_1_102' title="bbox 2049 5174 2134 5213">
     <span class='ocr_line' id='line_1_105' title="bbox 2049 5174 2134 5213; baseline 0.024 -2"><span class='ocrx_word' id='word_1_701' title='bbox 2049 5174 2134 5213; x_wconf 92' lang='lat' dir='ltr'><strong>ur.</strong></span> 
     </span>
    </p>
   </div>
   <div class='ocr_carea' id='block_1_103' title="bbox 1787 5412 2159 5473">
    <p class='ocr_par' dir='ltr' id='par_1_103' title="bbox 1787 5412 2159 5473">
     <span class='ocr_line' id='line_1_106' title="bbox 1787 5412 2159 5473; baseline -0.005 0"><span class='ocrx_word' id='word_1_702' title='bbox 1787 5412 2159 5473; x_wconf 80' lang='lat' dir='ltr'><strong>VARIORUM.</strong></span> 
     </span>
    </p>
   </div>
   <div class='ocr_carea' id='block_1_104' title="bbox 424 5556 3597 5667">
    <p class='ocr_par' dir='ltr' id='par_1_104' title="bbox 424 5556 3597 5667">
     <span class='ocr_line' id='line_1_107' title="bbox 424 5556 3597 5667; baseline -0.002 -17"><span class='ocrx_word' id='word_1_703' title='bbox 424 5593 493 5667; x_wconf 47' lang='grc' dir='ltr'><strong>τη</strong></span> <span class='ocrx_word' id='word_1_704' title='bbox 523 5592 935 5667; x_wconf 48' lang='grc' dir='ltr'>Τιρβιγξγιλουη</span> <span class='ocrx_word' id='word_1_705' title='bbox 986 5591 1147 5667; x_wconf 66' lang='lat' dir='ltr'><strong>Hune</strong></span> <span class='ocrx_word' id='word_1_706' title='bbox 1184 5589 1477 5667; x_wconf 76' lang='lat' dir='ltr'><strong>_Socr_a_tes</strong></span> <span class='ocrx_word' id='word_1_707' title='bbox 1545 5601 1599 5648; x_wconf 90' lang='lat' dir='ltr'><strong>et</strong></span> <span class='ocrx_word' id='word_1_708' title='bbox 1657 5590 1913 5667; x_wconf 84' lang='lat' dir='ltr'><strong>Zosimus</strong></span> <span class='ocrx_word' id='word_1_709' title='bbox 1955 5556 2304 5667; x_wconf 61' lang='lat' dir='ltr'><strong>Trieigildum</strong></span> <span class='ocrx_word' id='word_1_710' title='bbox 2334 5603 2552 5653; x_wconf 88' lang='lat' dir='ltr'><strong>vocant.</strong></span> <span class='ocrx_word' id='word_1_711' title='bbox 2580 5593 2655 5651; x_wconf 88' lang='lat' dir='ltr'><strong>De</strong></span> <span class='ocrx_word' id='word_1_712' title='bbox 2688 5592 2854 5665; x_wconf 87' lang='lat' dir='ltr'><strong>hujus</strong></span> <span class='ocrx_word' id='word_1_713' title='bbox 2873 5603 3053 5647; x_wconf 85' lang='lat' dir='ltr'><strong>autem</strong></span> <span class='ocrx_word' id='word_1_714' title='bbox 3087 5595 3144 5647; x_wconf 88' lang='lat' dir='ltr'><strong>et</strong></span> <span class='ocrx_word' id='word_1_715' title='bbox 3204 5586 3390 5644; x_wconf 72' lang='lat' dir='ltr'><strong>Gaius:</strong></span> <span class='ocrx_word' id='word_1_716' title='bbox 3461 5585 3597 5645; x_wconf 83' lang='lat' dir='ltr'><strong>faci-</strong></span> 
     </span>
    </p>
   </div>
   <div class='ocr_carea' id='block_1_105' title="bbox 355 5660 1848 5736">
    <p class='ocr_par' dir='ltr' id='par_1_105' title="bbox 355 5660 1848 5736">
     <span class='ocr_line' id='line_1_108' title="bbox 355 5660 1848 5736; baseline 0.001 -15"><span class='ocrx_word' id='word_1_717' title='bbox 355 5660 592 5721; x_wconf 79' lang='lat' dir='ltr'><strong>noribus</strong></span> <span class='ocrx_word' id='word_1_718' title='bbox 613 5660 792 5722; x_wconf 68' lang='lat' dir='ltr'><strong>fuéius</strong></span> <span class='ocrx_word' id='word_1_719' title='bbox 829 5662 1051 5735; x_wconf 87' lang='lat' dir='ltr'><strong>scripsit</strong></span> <span class='ocrx_word' id='word_1_720' title='bbox 1072 5660 1327 5719; x_wconf 84' lang='lat' dir='ltr'><strong>Zosimus</strong></span> <span class='ocrx_word' id='word_1_721' title='bbox 1351 5662 1444 5719; x_wconf 90' lang='lat' dir='ltr'><strong>lib.</strong></span> <span class='ocrx_word' id='word_1_722' title='bbox 1477 5678 1530 5728; x_wconf 89' lang='lat' dir='ltr'><strong>v,</strong></span> <span class='ocrx_word' id='word_1_723' title='bbox 1553 5677 1687 5736; x_wconf 86' lang='lat' dir='ltr'><strong>pag.</strong></span> <span class='ocrx_word' id='word_1_724' title='bbox 1726 5666 1848 5721; x_wconf 79' lang='lat'><strong>789.</strong></span> 
     </span>
    </p>
   </div>
  </div>
