4054 6188
432 310 568 366 15:23

1865 297 2209 355 SOZOMENI
3165 316 3205 338 ν

3546 291 3692 350 1524

426 430 535 484 rati
569 432 623 484 in
656 439 933 487 certamen
964 428 1366 487 descenderent
1400 443 1525 482 cum
1562 424 1878 480 hominibus
1904 421 1998 493 qui

2138 418 2330 489 ἱνδρας,
2365 414 2602 470 ὑπονοῶν
2627 412 2839 468 ἐναντία
2876 414 3093 485 φρονεῖν
3126 411 3294 483 αὐτῷ,
3330 412 3565 482 ἐζήτησε
3593 410 3694 483 (9)'

429 522 497 576 de
531 522 706 578 salute
735 538 834 577 sua
863 523 978 592 jam
1007 520 1421 591 desperassent,
1457 517 1644 573 missis
1677 515 1744 571 ad
1776 513 2006 570 Gainam

434 614 669 676 nitntiis,
690 612 859 683 jussit
894 620 954 667 ut
986 618 1202 682 peteret
1229 610 1501 683 quidquid
1532 608 1731 673 vellet;
1762 622 1822 662 se
1853 620 2009 661 nam—

434 718 538 773 que
568 712 816 771 paratum
868 719 995 760 esse
1019 704 1076 759 in
1108 703 1366 759 omnibus
1394 702 1443 757 ei
1467 698 1787 771 gratiﬁcari.
1816 699 1886 752 At
1918 698 2012 753 ille

433 794 794 850 Saturninum
825 802 881 849 et
926 795 1291 850 Aurelianum
1321 793 1648 848 consulares
1676 791 1842 854 viros,
1869 803 2011 860 quos

433 887 716 944 adversari
756 888 861 943 sibi
912 888 1330 955 suspicabatur,
1364 885 1486 941 dedi
1528 885 1632 941 sibi
1671 883 2007 955 postulavit:

430 994 676 1049 cumque
720 980 1071 1049 accepisset,
1117 980 1184 1033 iis
1246 978 1515 1048 pepercit.
1571 974 2015 1043 Progressusque

434 1067 488 1120 in
525 1068 870 1137 colloquium
908 1083 1033 1123 cum
1067 1067 1333 1137 principe,
1385 1066 1438 1119 in
1481 1064 1715 1120 ecclesia
1760 1078 1883 1134 quae
1929 1066 2015 1117 est

436 1159 590 1228 iuxta
643 1157 1087 1223 Chalcedonem,
1132 1159 1187 1213 in
1237 1173 1346 1229 qua
1396 1156 1714 1227 Euphemiaa
1756 1154 2016 1226 martyris

436 1249 757 1319 sepulcrum
800 1258 912 1315 est,
958 1250 1088 1304 dato
1129 1261 1472 1320 acceptoque
1517 1249 1755 1307 invicem
1796 1247 2009 1316 jureju-

439 1339 617 1394 rando
662 1338 733 1396 de
760 1341 1027 1411 amicitia,
1064 1355 1219 1395 arma
1267 1339 1564 1411 deposuit:
1605 1348 1661 1395 et
1694 1338 2019 1394 Constanti-

442 1431 683 1500 nopolim
735 1432 993 1503 trajecit,
1044 1432 1319 1503 equestris
1360 1448 1427 1489 ac
1482 1432 1756 1504 pedestris
1810 1431 2021 1486 militiae

442 1523 703 1593 magister
753 1523 822 1579 ab
871 1525 1201 1596 imperatore
1243 1524 1443 1581 factus.
1500 1524 1607 1580 Sed
1654 1539 1779 1580 cum
1825 1533 2022 1595 praeter

444 1615 698 1689 meritum
747 1629 839 1670 res
883 1614 929 1670 ei
983 1629 1242 1685 prospere
1288 1614 1634 1670 successisse
1677 1613 2018 1679 viderentur,

426 1717 559 1755 «eam
608 1702 699 1758 ille
744 1701 1068 1757 felicitatem
1133 1702 1412 1758 moderate
1478 1717 1587 1757 non
1645 1704 1790 1757 tulit.
1818 1701 2020 1758 Verum

2109 511 2289 565 λαϐὼν
2314 510 2370 564 δέ
2390 550 2403 574 ,
2438 508 2710 579 ἐφείσατο.
2746 507 2856 560 Καὶ
2888 508 2967 569 εἰς
2992 506 3189 562 ταυτὸν
3214 502 3295 575 τῷ
3326 502 3541 574 βασιλεῖ
3573 519 3701 556 συν-

2110 599 2354 673 δραμὼν,
2419 601 2499 663 εἰς
2561 598 2653 652 τὸν
2706 596 2813 668 πρὸ
2873 596 2977 665 τῆς
3009 592 3358 664 Χαλκηδόνος
3404 594 3700 666 εὐκτήριον

2111 689 2281 758 οἷκον,
2308 692 2366 744 ἐν
2417 683 2463 759 ᾧ
2503 688 2795 760 Εὑφημίας
2825 686 2925 758 τῆς
2966 685 3243 758 μάρτυρός
3272 686 3425 738 ἔστιν
3450 686 3481 738 ὁ
3502 684 3699 753 τάφος.

2112 784 2307 854 ὅρκους
2338 800 2398 837 τε
2422 781 2602 836 λαϐὼν
2651 781 2747 835 καὶ
2786 779 2911 844 δοὺς
2942 779 3070 850 περὶ
3095 779 3329 844 εὐνοίας,
3372 778 3610 833 ἀπέθετο
3628 778 3703 833 τὰ

2111 875 2271 939 ὅπλα,
2291 876 2385 928 καὶ¹
2410 876 2492 938 εἰς
2531 869 3102 928 Κωνσταντινούπολιν
3130 869 3472 942 ἐπεραιοῦτο,
3516 869 3702 935 πεζῶν

2114 967 2210 1021 καὶ
2246 965 2454 1020 ἱππέων
2482 966 2581 1035 τὴν
2621 962 2919 1035 ἠγεμονίαν
2968 964 3034 1016 ἐκ
3077 960 3343 1032 βασιλέως
3369 960 3528 1032 ἔχων.
3559 962 3703 1034 Παρ*

2114 1056 2270 1121 ἀξίαν
2293 1056 2350 1110 δὲ
2385 1054 2543 1122 δόξαν
2576 1050 2637 1109 εὖ
2668 1055 2930 1126 πράττειν
2961 1054 3100 1125 (10),
3122 1040 3224 1107 οὐκ
3263 1053 3463 1123 ἠνεγκε
3486 1054 3704 1124 σωφρόο

2116 1167 2224 1212 νως
2263 1165 2275 1178 ⁸
2307 1148 2425 1201 ἀλλ’
2451 1149 2574 1201 ἐπεὶ
2599 1147 2660 1201 τὸ
2706 1147 2923 1217 πρῶτον
2955 1145 3268 1216 παράλογον
3299 1143 3443 1197 κατὰ
3474 1143 3707 1215 γνώμην

2116 1241 2264 1310 αὐτῷ
2286 1240 2487 1310 ἀπέϐη,
2518 1238 2613 1294 καὶ
2665 1240 2764 1308 τὴν
2813 1236 3043 1292 καθόλου
3081 1235 3413 1307 Ἐκκλησίαν
3456 1235 3708 1305 θορυϐεῖν

2118 1333 2497 1404 ἐπεχείρησεν.
2519 1326 2629 1385 Ἦν
2663 1330 2760 1401 μὲν
2788 1328 2899 1400 γὰρ
2922 1327 3264 1400 Χριστιανὸς,
3290 1327 3391 1398 τῆς
3422 1325 3534 1379 τῶν
3566 1324 3712 1396 βαρ-

2119 1423 2301 1493 ϐάρων
2331 1424 2618 1495 αἱρέσεως,
2654 1422 2705 1476 οῖ
2719 1420 2788 1475 τὰ
2822 1420 3034 1492 ’Δρείόυ
3072 1417 3360 1492 φρονοῦσιν
3390 1417 3523 1489 (Η).
3544 1420 3709 1472 Ἀνα-

2120 1515 2364 1577 πεισθε“ις
2387 1515 2444 1569 δὲ
2498 1515 2649 1586 παρὰ
2677 1512 2787 1567 τῶν
2810 1512 3017 1584 ταύτης
3048 1509 3430 1583 προεστώτων,
3468 1509 3502 1580 ἢ
3541 1509 3711 1574 αὐτὸς

2124 1606 2594 1678 φιλοτιμούμενος,
2619 1604 2788 1677 ⁴ᾔτησε
2835 1602 2927 1656 τὸν
2976 1600 3201 1672 βασιλέα
3244 1600 3374 1672 μίαν
3405 1599 3515 1654 τῶν
3546 1603 3606 1654 ἐν
3638 1602 3713 1669 τῇ

2138 1700 2293 1753 πόλει
2353 1696 2658 1768 ἐκκλησιῶν
2704 1696 2830 1760 τοὺς
2856 1693 3147 1767 ὁμοδόξους
3181 1692 3334 1770 αὐτῷ
3358 1692 3523 1765 ἔχειν.
3557 1692 3717 1762 Μηδὲ

443 1795 703 1867 quoniam
759 1796 911 1865 prior
960 1795 1245 1851 temeritas
1294 1811 1360 1851 ex
1421 1804 1550 1849 voto
1596 1794 1698 1865 ipsi
1750 1802 2020 1859 cesserat,

2138 1791 2238 1861 γὰρ
2294 1785 2433 1843 εἶναι
2485 1761 2713 1851 δίκαιον,
2780 1761 3097 1848 καὶ-ἄλλως
3124 1761 3719 1853 ἀπρεπέςνέμέμφετο,

446 1887 748 1943 Ecclesiam
782 1902 1004 1957 quoque
1054 1887 1378 1958 perturbare
1421 1902 1714 1969 aggressus
1748 1897 1854 1942 est.
1894 1885 2025 1941 Erat

444 1975 595 2049 enim
642 1974 1028 2037 Christianus,
1065 1991 1096 2029 e
1141 1984 1292 2029 secta
1346 1976 1712 2031 barbarorum
1767 1976 1861 2045 qui
1908 1974 2022 2030 Arii

447 2065 763 2134 Opinionem
794 2073 1095 2120 sectantur.
1119 2064 1592 2122 Persuadentibus
1619 2066 1789 2138 igitur
1807 2067 2025 2139 episco-

446 2151 531 2221 pis
562 2150 684 2221 ejus
721 2160 910 2219 sectae,
944 2168 1039 2209 seu
1082 2154 1266 2224 potius
1309 2155 1427 2225 ipse
1468 2156 1766 2212 ambitione
1802 2158 2025 2222 ductus,

447 2242 745 2313 postulavit
772 2260 803 2299 a
834 2245 1083 2317 principe
1132 2254 1190 2301 ut
1228 2262 1342 2302 sua:
1371 2255 1536 2303 secta:
1566 2248 1887 2306 hominibus
1918 2266 2027 2304 una

447 2351 514 2391 ex
562 2337 814 2393 ecclesiis
859 2338 1069 2395 urbicis
1096 2340 1431 2394 traderetur.
1466 2339 1736 2410 lnjustum
1762 2343 1930 2417 enim,
1967 2357 2031 2397 ac

449 2440 707 2500 praeterea
753 2429 1078 2501 indecorum
1130 2446 1254 2487 esse
1286 2432 1649 2503 querebatur,
1691 2442 1749 2488 ut
1785 2432 1904 2503 ipse
1934 2435 2030 2504 qui

450 2522 717 2593 magister
744 2529 865 2578 erat
898 2520 1161 2601 Romanae
1197 2525 1428 2589 militiae,
1450 2532 1607 2581 extra
1642 2527 1798 2582 urbis
1831 2529 2034 2581 iumuia

450 2615 645 2670 orandi
691 2630 858 2672 causa
905 2617 1372 2688 proficisceretur.
1419 2619 1575 2685 Quod
1624 2622 1719 2674 ubi
1765 2619 2036 2690 comperit

451 2705 716 2771 Joannes,
750 2723 862 2762 non
905 2710 1143 2779 amplius
1174 2709 1400 2779 quievit.
1440 2709 1545 2765 Sed
1594 2711 1896 2781 assumptis
1924 2710 2038 2780 epi-

455 2799 636 2868 scopis
676 2799 769 2871 qui
803 2810 917 2856 tum
954 2799 1099 2857 forte
1136 2800 1616 2872 Constantinopoli
1656 2802 2036 2866 morabantur,

456 2896 512 2946 in
550 2894 815 2963 palatium
873 2895 1141 2963 perrexit.
1196 2893 1263 2948 Et
1321 2909 1511 2961 coram
1578 2894 1872 2965 principe,
1918 2895 2039 2965 ipso

454 3000 676 3053 quoque
725 2984 899 3040 Gaina
955 2995 1192 3051 astante,
1229 2988 1418 3055 multis
1464 2987 1647 3042 verbis
1681 2988 1737 3042 in
1787 3003 1911 3051 eum
1950 2987 2041 3042 in-

2143 1882 2431 1953 Ῥωμαίων
2460 1879 2588 1933 ὅντα
2614 1878 2807 1933 ἐαυτὸν
2830 1875 3153 1949 στρατηγὸν,
3184 1874 3513 1945 ἔξωτειχῶν
3537 1891 3719 1945 παρα,-

2132 1972 2424 2042 γενόμενον
2468 1967 2743 2039 εὔχεσθαι.
2799 1965 3001 2022 Μαθὼν
3038 1965 3097 2018 δέ
3144 1964 3273 2019 τάδε
3315 1964 3591 2035 Ἰωάννης.
3617 1965 3720 2018 οὐκ

2133 2062 2466 2133 ἐφησύχασε.
2518 2058 2866 2133 Παραλαϐὼν,
2909 2058 2966 2112 δὲ
3020 2058 3145 2129 τοῦς
3189 2056 3526 2121 ἐπισκόπους
3559 2057 3720 2127 οἷπερ

2134 2154 2321 2226 ἔτυχον
2349 2152 2708 2224 ἐνδημοῦντες
2744 2154 2811 2224 τῇ
2864 2150 3037 2219 πόλει,
3064 2145 3198 2222 ἧκεν
3228 2149 3308 2213 εἰς
3336 2147 3407 2202 τὰ
3445 2147 3721 2218 βασίλεια·

2135 2249 2234 2303 καὶ
2297 2245 2394 2300 τοῦ
2444 2245 2709 2316 βασιλέως
2758 2242 3152 2306 ἐπακούοντος,
3206 2239 3373 2296 αὐτοῦ
3426 2257 3485 2293 τε
3546 2240 3725 2293 Γαῖνᾶ

2136 2339 2421 2411 παρόντος,
2444 2320 2609 2409 πολὺν
2634 2336 2856 2409 κατέχεε
2880 2335 3057 2404 λόγον,
3079 2333 3312 2406 πατρίδα
3336 2350 3397 2386 τε
3419 2332 3514 2386 καὶ
3542 2330 3726 2402 φυγὴν

2138 2431 2433 2496 ὀνειδίζων,
2498 2429 2594 2484 καὶ
2646 2429 2721 2492 ὡς
2764 2426 2842 2498 τῷ
2875 2426 3137 2497 βασιλέως
3171 2424 3340 2496 πατρὶ⁵
3365 2423 3489 2476 τότε
3524 2421 3727 2485 σωθεὶς

2140 2521 2354 2594 ὤμοσεν
2391 2515 2426 2592 ἦ
2458 2520 2567 2592 μὴν
2609 2519 2897 2591 Ῥωμαίοις
2943 2518 3170 2586 εὐνοεῖν,
3202 2513 3352 2585 αὐτῷ
3382 2531 3441 2567 τε
3488 2513 3587 2566 καὶ
3614 2515 3729 2576 τοῖς

2142 2610 2305 2677 αὐτοῦ
2336 2612 2513 2682 παισὶ,
2530 2613 2625 2669 καὶ
2637 2612 2842 2683 νόμοις,
2860 2610 2954 2675 οὒς
2973 2608 3209 2680 ἀκύρους
3228 2606 3502 2678 ἐπεχείρει
3528 2607 3726 2658 ποιεῖν.

2143 2709 2262 2767 Καὶ,
2289 2707 2413 2761 τάδε
2466 2705 2663 2775 λέγων,
2727 2705 2935 2759 ἐδείκνυ
2988 2703 3080 2758 τὸν
3127 2702 3291 2772 νόμον
3339 2700 3400 2753 ὃν
3446 2699 3732 2761 Θεοδόσιος

2144 2801 2315 2866 ἔθετο,
2339 2800 2463 2864 τοὺς
2487 2797 2827 2870 ἐτεροδόξους
2865 2797 3062 2867 εἴργων
3095 2794 3241 2849 ἔνδον
3276 2792 3472 2866 τειχῶν
3523 2791 3732 2863 ἐκκλη-

2147 2892 2372 2957 σιάζειν.
2416 2892 2510 2944 Ἐκ
2535 2872 2725 2944 τούτου
2754 2889 2810 2941 δὲ
2851 2888 2987 2959 πρὸς
3021 2888 3112 2941 τὸν
3148 2887 3370 2959 βασιλέα
3409 2886 3618 2958 τρέψας
3641 2884 3734 2938 τὸν

2146 2986 2323 3054 λόγον,
2351 2984 2547 3037 ἔπεισε
2564 2983 2652 3036 τὸν
2673 2980 2900 3035 τεθέντα
2932 2981 3096 3051 νόμον
3127 2981 3267 3039 κατὰ
3306 2980 3416 3036 τῶν
3440 2979 3619 3034 ἄλλων
3646 2980 3727 3035 ai-

455 3084 648 3127 \ectus
684 3083 769 3129 cst
807 3094 819 3127 :
858 3076 1090 3145 patriam
1125 3077 1200 3130 illi
1234 3085 1289 3130 et
1343 3075 1526 3146 fugam
1558 3076 1849 3147 objiciens,
1886 3086 1943 3133 et
1982 3079 2035 3132 in

2151 3077 2351 3148 ρέσεων
2381 3074 2569 3146 κύριον
2590 3074 2898 3144 φυλάττειν·
2932 3073 3158 3145 ἄμεινον
3172 3068 3312 3129 εἶναι
3339 3071 3733 3142 συμϐουλεύων

460 3166 781 3220 memoriam
819 3181 1087 3222 revocans
1118 3168 1398 3237 quomodo
1430 3176 1545 3220 tum
1578 3168 1649 3222 ab
1688 3170 2035 3240 imperatoris

2143 3170 2241 3239 τῆς
2285 3166 2557 3238 βασιλείας
2610 3167 2979 3237 παραχωρεῖν,
3028 3165 3062 3237 ἢ
3110 3164 3377 3236 προδότην
3405 3165 3559 3218 οἴκου
3590 3161 3731 3214 θεοῦ

460 3264 685 3327 parente
730 3264 1006 3321 servatus,
1041 3257 1290 3327 jurasset
1343 3273 1404 3313 se
1458 3255 1723 3315 Romanis
1778 3262 2038 3325 amicum,

461 3348 676 3427 ipsique
709 3364 772 3419 ac
808 3349 997 3406 liberis
1025 3351 1146 3421 ejus
1176 3336 1240 3416 ac
1275 3350 1486 3424 legibus
1518 3367 1656 3424 quas
1696 3367 1844 3407 nunc
1879 3351 2044 3409 abro—

462 3454 592 3511 gare
636 3443 960 3507 conabatur,
994 3443 1163 3507 (idum
1196 3452 1465 3526 perpetuo
1520 3460 1846 3501 mansurum
1897 3461 2040 3503 esse.

463 3534 597 3599 Quae
629 3548 753 3588 cum
796 3535 1027 3600 diceret,
1056 3536 1230 3608 legem
1273 3552 1303 3591 a
1336 3536 1651 3597 Theodosio
1689 3539 1876 3598 datam
1918 3554 2046 3610 prov

465 3624 695 3688 fei‘ebat,
717 3642 823 3696 qua
853 3634 1104 3682 vetuerat
1131 3645 1199 3683 ne
1227 3629 1469 3691 hmretici
1496 3631 1637 3687 intra
1665 3631 1818 3689 urbis
1845 3632 2047 3689 mtenia

465 3716 729 3772 collectas
784 3718 1150 3774 celebrarent.
1207 3719 1338 3776 Post
1385 3720 1501 3781 haec
1542 3722 1609 3778 ad
1662 3721 2053 3793 imperatorem

466 3823 790 3873 conversus,
818 3812 994 3865 suasit
1026 3819 1087 3865 ut
1134 3796 1307 3891 legem
1348 3829 1472 3884 quae
1505 3814 1774 3870 adversus
1808 3815 2050 3886 reliquas

470 3902 707 3957 haereses
756 3904 870 3955 lata
923 3902 1128 3970 fuerat,
1162 3911 1339 3977 ratam
1374 3915 1642 3961 servaret.
1697 3905 1885 3964 Satius
1923 3924 2051 3965 esse

466 3992 677 4059 dicens
713 3994 946 4065 imperio
987 3996 1205 4065 cedere,
1259 4010 1422 4064 quam
1470 3996 1689 4067 prodita
1740 3996 1836 4053 Dei
1886 3998 2053 4054 domo

471 4088 748 4159 piaculum
793 4070 1106 4144 admittere.
1152 4090 1220 4144 Et
1268 4088 1509 4147 Joannes
1549 4091 1771 4161 quidem
1812 4107 1936 4145 cum
1985 4093 2055 4147 ad

471 4180 621 4234 hunc
656 4177 879 4233 modum
921 4188 1249 4236 constanter
1283 4196 1348 4236 ac
1392 4183 1561 4238 libere
1610 4183 1832 4239 locutus
1880 4192 2054 4248 esset,

471 4271 606 4325 nihil
635 4269 692 4325 in
726 4270 985 4326 ccclesiis
1016 4271 1122 4327 sibi
1151 4273 1467 4329 commissis
1498 4273 1691 4328 novari
1721 4289 1919 4344 passus
1946 4281 2054 4330 est.

473 4362 544 4416 At
583 4380 711 4418 vero
749 4361 926 4418 Gaina
963 4362 1332 4433 iurisiurandi
1378 4364 1534 4420 ﬁdem
1578 4367 1694 4436 jam
1738 4366 1968 4430 violare,
2004 4374 2060 4421 et

2143 3260 2451 3329 γενόμενον,
2487 3258 2722 3312 ἀσεϐεῖν.
2752 3259 2860 3313 Καὶ
2903 3258 2933 3308 ὁ
2965 3257 3061 3327 μὲν
3090 3255 3351 3328 ἀνδρείως
3376 3248 3477 3308 ὧδε
3510 3255 3732 3324 παρρη-

2148 3351 2477 3421 σιασάμενος
2498 3392 2513 3416 ,
2552 3350 2705 3405 οὐδὲν
2737 3348 3081 3423 συνεχώρησε
3104 3347 3525 3421 νεωτερισοῆναι
3554 3348 3580 3386 ε
3604 3344 3734 3417 περὶ

2144 3443 2243 3509 τὰς
2277 3444 2366 3496 ὑπ’
2394 3443 2555 3497 αὑτὸν
2593 3441 2940 3513 Ἐκκλησίας,
2987 3441 3044 3493 '0
3088 3439 3146 3494 δέ
3194 3440 3232 3493 Γ
3235 3440 3412 3502 αἰνᾶς,
3449 3439 3734 3506 ἐπιορκεῖν

2147 3535 2247 3607 ἤδη
2302 3535 2576 3599 διενοεῖτο,
2631 3535 2724 3588 καὶ
2781 3533 2879 3604 τὴν
2929 3531 3083 3586 πόλιν
3124 3530 3364 3602 πορθεῖν.
3414 3529 3612 3583 Ἠνὶκα
3665 3527 3734 3597 δὴ

2148 3627 2350 3698 ταύτην
2378 3626 2476 3697 τὴν
2507 3624 2797 3696 ἐπιϐουλὴν
2828 3625 3170 3696 προεμήνυσε
3202 3622 3471 3693 κομήτης.
3504 3620 3597 3674 ἐπὶ
3638 3619 3735 3687 τῆς

2150 3719 2358 3782 πόλεως
2386 3719 2575 3788 φανεὶς
2610 3718 2884 3788 μέγιστος,
2915 3718 2994 3779 εἰς
3029 3716 3205 3787 αὐτὴν
3257 3714 3442 3787 σχεδον
3494 3713 3595 3784 τὴν
3632 3712 3734 3782 γῆν

2150 3812 2370 3882 διήκων,
2401 3810 2495 3863 καὶ
2542 3803 2653 3875 οἶος
2701 3808 2966 3881 πρότερον
3010 3808 3071 3861 οὐ
3122 3806 3449 3877 γεγενῆσθαι
3493 3806 3733 3873 λέγεται.

2164 3904 2448 3971 Ἐπειρᾶτο
2496 3901 2552 3954 δὲ
2586 3900 2848 3971 πρότερον
2891 3902 3005 3962 τοῖς
3061 3898 3524 3971 ὰργυροπωλείοις
3549 3895 3738 3950 ἐπιθέ-

2156 3996 2299 4059 σθαι,
2330 3993 2636 4066 χρημάτων,
2657 3992 2862 4062 πλῆθος
2892 3991 3168 4061 συλλέγειν
3207 3990 3459 4046 ἐντεῦθεν
3484 3989 3734 4053 ἐλπίσας.

2153 4089 2343 4158 Φήμης
2391 4088 2449 4141 δὲ
2503 4085 2802 4158 γενομένης
2837 4087 2920 4139 ὅτι
2946 4086 3074 4141 τάδε
3109 4084 3474 4154 βεϐούλευται,
3504 4084 3601 4138 καὶ
3629 4083 3737 4136 τῶν

2156 4178 2565 4252 ἀργυροπωλῶν
2609 4179 2704 4232 τὸν
2739 4177 3030 4251 πρόχειρον
3084 4177 3314 4232 πλοῦτον
3350 4175 3462 4245 (12)
3497 4179 3737 4246 ἀποκρυ-

2156 4270 2439 4342 ψαμένων,
2467 4269 2674 4323 καὶτὸν
2706 4269 2799 4322 ἐπὶ
2817 4269 2928 4324 τῶν
2960 4268 3247 4341 τραπεζῶν
3281 4268 3523 4339 ἄργυρον
3555 4267 3736 4320 οὐκέτι

2165 4361 2410 4433 συνήθως
2438 4360 2673 4432 δημοσίᾳ
2703 4361 3089 4434 προτιθέντων,
3120 4362 3178 4413 ἐν
3208 4361 3363 4413 νυκτὶ
3388 4358 3589 4428 πλῆθος
3615 4360 3731 4411 ἐπι-

1698 4542 1975 4599 VALESII
2012 4539 2567 4604 ANNOTATIONES.

551 4640 629 4701 (9)
662 4637 969 4706 Ὲζῆτησε.
1007 4635 1372 4693 Scribemlum
1393 4644 1491 4708 _est
1518 4636 1769 4708 ἐξῄτησε.

2086 4637 2133 4696 D
2161 4634 2477 4707 Sozomeni,
2508 4639 2603 4695 sed
2628 4638 2695 4692 ab
2730 4639 2837 4697 alio
2867 4637 3099 4706 quodam
3124 4635 3306 4690 addita
3336 4636 3512 4695 instar
3548 4630 3737 4707 scholii

550 4710 658 4793 (ἴσθ’)
690 4704 1036 4793 Rapidi-Jay:
1054 4707 1122 4793 δὲ
1144 4708 1333 4790 δόξαν·
1351 4704 1420 4763 εὖ
1448 4704 1744 4793 πρᾴτίτεὶν.
1770 4706 2035 4793 ᾼεεοιιιὶοτ

2165 4709 2291 4767 sive
2336 4704 2825 4793 interpretationis,
2871 4704 3035 4787 atque
3069 4706 3285 4777 idcirco,
3320 4707 3403 4762 ad.
3436 4704 3739 4775 marginem

481 4774 692 4832 Savilio
751 4774 843 4846 qui
899 4779 966 4833 ad
1024 4780 1165 4836 latus
1220 4779 1307 4835 sui
1364 4774 1573 4835 codicis
1617 4778 1929 4834 emendavit
1975 4774 2056 4845 86.

479 4848 597 4914 ξας.
635 4848 941 4922 Atquejita
972 4853 1243 4922 scriptum
1277 4849 1439 4905 habet
1482 4847 1823 4922 Nicephorus
1872 4849 1927 4903 in
1959 4847 2056 4922 lib.

478 4933 756 5043 nubi-ap.
802 4917 853 4982 5,
888 4919 982 4974 ubi
1035 4917 1401 4976 Sdzomenum
1441 4935 1580 4991 pene
1610 4917 1677 4974 ad
1707 4920 1933 4975 verbum
1973 4917 2062 4972 de-

479 5005 587 5043 SCI‘I
634 5001 694 5043 ιι.
1302 5004 1307 5013 ·

479 5001 694 5044 εει-ιυιι.
1302 5004 1307 5013 '

553 5059 666 5129 (li)
702 5058 768 5131 Q2
795 5059 868 5131 τὰ
894 5061 1115 5131 Ἀρείου
1143 5060 1454 5131 φρονοῦσι.
1493 5061 1630 5115 Ante
1662 5062 1773 5117 haec
1804 5060 1966 5115 verba
2008 5060 2060 5113 iu

482 5128 672 5185 codice
718 5128 1023 5203 Fuketiauo
1072 5128 1306 5202 superne
1357 5134 1593 5201 ascripta
1642 5142 1787 5203 sunt,
1823 5139 2061 5203 quatuor

485 5210 708 5273 puncta,
744 5200 1157 5273 similitudinem
1204 5203 1384 5257 cruris
1413 5200 1725 5257 referentia.
1759 5200 1890 5268 Quin
1929 5204 2054 5273 qui.

483 5270 606 5328 dein
639 5282 841 5344 puncta
882 5270 1406 5344 initiargineetiam
1458 5275 1703 5340 apposita
1733 5282 1881 5327 sunt.
1930 5272 2055 5327 llam

484 5341 667 5400 autem
697 5353 823 5397 nota
881 5341 1126 5396 indicare
1155 5341 1388 5408 videtur,
1415 5345 1577 5397 verba
1632 5344 1732 5395 ista
1788 5360 1895 5396 non
1928 5359 2049 5397 esse

2166 4795 2289 4835 esse
2319 4780 2640 4847 reiicienda.

2239 4849 2349 4920 (l2)
2380 4846 2504 4907 Τὸν
2536 4851 2852 4920 πρόχειρον
2879 4847 3166 4924 admiror.
3226 4846 3481 4924 Gemmas
3524 4854 3739 4924 etnvasa

2171 4916 2417 4996 aureaet
2435 4916 2712 4996 argentea,
2736 4916 2802 4996 ac
2824 4920 3087 4996 reliquam
3110 4919 3400 4996 pretiosam
3431 4916 3737 4996 supellecti-

2174 4992 2300 5052 lem,
2343 4993 2428 5046 bis
2448 4987 2633 5047 verbis
2674 4987 2953 5060 designari
3002 5000 3151 5055 puto.
3186 4987 3460 5060 Nummos
3501 4987 3741 5060 enimio

2172 5077 2365 5134 mensa
2394 5053 2829 5134 argentariorum
2878 5053 3104 5134 proponi
3158 5059 3373 5134 solitos,
3415 5057 3483 5117 ab
3532 5053 3740 5134 bis-di-

2168 5132 2397 5207 stinguit
2462 5125 2824 5207 Sozomeuus.
2880 5125 3077 5207 Quare
3147 5129 3435 5201 πρόχειρον
3506 5125 3741 5207 ’πλοῦτον

2165 5196 2511 5274 interpretari
2548 5216 2841 5274 possumus
2870 5196 3002 5274 opes
3046 5196 3207 5274 captu
3240 5196 3317 5261 et,
3344 5196 3740 5274 translatiuum.

2160 5266 2326 5328 ciles:
2348 5272 2440 5327 Sic
2463 5266 2609 5328 enim
2638 5266 2987 5342 interpretari
3018 5266 3197 5324 malim
3219 5310 3235 5334 ,
3265 5284 3430 5340 quam
3462 5283 3587 5322 cum
3630 5266 3741 5320 Mu-

2158 5344 2333 5408 sculo,
2371 5359 2491 5412 opes
2527 5352 2657 5415 quas
2690 5343 2742 5398 in
2781 5351 3025 5411 promptu
3056 5342 3338 5395 habebant.

1938 5515 2327 5576 VARIURUM.

562 5618 611 5689 5_
660 5615 855 5670 Οὐδὲν
900 5612 1293 5689 συνεχώρησε
1345 5613 1836 5689 Ῑεωτερισθῆναι.
1912 5614 2035 5689 Νυιι

2169 5619 2292 5689 (ἰείη
2389 5622 2681 5678 ecclesiam
2745 5628 2900 5679 extra
2972 5621 3163 5685 urbem
3265 5618 3333 5675 de
3408 5630 3515 5689 qua
3598 5626 3742 5666 mox.

488 5684 651 5743 modo
702 5682 1311 5755 consensum’praebuit
1338 5682 1785 5755 Chrysostomus,
1823 5692 1882 5740 ut
1927 5687 2070 5741 intra
2176 5688 2261 5744 W.
2302 5689 2526 5748 Low'ru.

490 5756 683 5816 urbem
720 5769 952 5826 synaxcs
980 5754 1299 5826 colligerent
1331 5753 1518 5810 Ariani
1557 5775 1569 5809 :
1608 5754 1920 5812 habuerunt
1945 5759 2068 5830 qui-
