4054 6188
457 205 590 259 132ξῦ

1404 201 1728 258 HISTORIA
1765 203 2318 264 ECCLESIASTICA.
2358 240 2422 250 -——
2463 210 2590 263 LIB.
2638 207 2768 264 VIII.

3548 203 3686 258 1:526

453 317 673 387 πέμψας
736 316 1057 389 βαρϐάρων,
1093 317 1396 372 ἐνετείλατο
1451 318 1518 372 τά
1565 317 1811 387 βασίλεια
1857 321 2018 392 ἐμπι-

2127 322 2423 394 depraedari
2455 325 2644 380 urbem
2684 323 3077 380 meditabatur.
3111 322 3259 388 Quas
3286 320 3508 391 quidem
3554 319 3692 374 insi-

452 410 616 480 πρᾷν.
648 409 710 462 Ol
737 409 812 471 δὲ,
843 408 1110 479 ἄπρακτοι
1129 409 1223 462 καὶ
1249 409 1649 480 κατεπτηχότες
1664 411 2023 482 ὑπέστρεφον.

461 502 549 562 Ὦς
589 500 697 570 γάρ
743 500 966 570 πλησίον
1025 501 1290 568 ἐγένοντο,
1334 501 1534 572 πλῆθος
1577 501 1809 556 ὁπλιτῶν
1843 502 2025 566 ἔδοξαν

451 594 582 663 ὁρᾷν
619 594 675 644 ἐν
709 591 961 662 μεγάλοις
994 592 1259 662 σώμασιν.
1300 595 1726 665 Ὑπονοήσαντες
1743 595 1799 648 δέ
1833 595 2024 664 νέηλυν

452 682 587 738 εἶναι
625 685 904 755 στρατιὰν,
940 685 1198 756 ήγγειλαν
1236 685 1314 755 τῷ
1340 687 1505 757 Γαῖνᾷ
1530 704 1542 716 ·
1577 687 1607 740 ό
1633 687 1689 740 δὲ
1717 687 1734 757 (
1761 689 2026 758 ἠπίστατο

453 776 557 844 γὰρ
622 774 695 844 μὴ
750 773 966 836 πλείους
1017 772 1126 826 τῶν
1182 773 1448 827 εἰωθότων
1480 777 1546 844 τῇ
1601 775 1746 828 πόλει
1775 776 2026 845 ἐνδημεῖν

453 863 809 936 στρατιώτας)
863 867 963 918 οὐκ
989 865 1140 935 ἠξίου
1197 868 1308 928 τοῖς
1359 865 1674 936 λεγομένοις
1725 867 2022 922 πιστεύειν.

463 959 615 1010 Ἐπεὶ
655 957 712 1010 δὲ
743 959 836 1010 καὶ
863 958 960 1027 τῆς
989 958 1251 1029 ἐχομένης
1278 958 1468 1021 νυκτὸς
1491 959 1887 1023 ἀποσταλέντες
1908 960 2027 1013 ἐτε-

453 1066 558 1118 ροι,
612 1049 786 1102 ταυτά
837 1053 948 1112 τοῖς
1005 1051 1268 1121 πρότερον
1315 1049 1596 1118 ήγγειλαν,
1642 1049 1800 1112 αὐτὸς
1835 1049 2024 1112 ἐλθὼν,

451 1140 725 1210 αὐτόπτης
756 1139 971 1208 ἐγένετο
990 1139 1084 1192 τοῦ
1121 1139 1424 1208 παραδόξου
1450 1138 1741 1217 θεάματος.
1778 1138 2028 1209 Νομίσας

451 1249 510 1284 τε
567 1232 731 1286 αὐτοῦ
779 1232 937 1301 χάριν
1002 1230 1415 1301 συνεληλυθέναι
1447 1232 1571 1294 τοὺς
1619 1232 1683 1284 ἐκ
1710 1229 1820 1284 τῶν
1852 1230 2026 1285 ἄλλων

453 1319 659 1373 πόλεων
693 1317 1046 1389 στρατιώτας,
1072 1318 1286 1389 νύκτωρ
1316 1321 1412 1390 μὲν
1453 1323 1710 1391 φρουρεῖν
1743 1321 1840 1391 τὴν
1873 1320 2026 1374 πόλιν

455 1413 544 1465 καὶ
572 1413 640 1465 τὰ
683 1411 947 1481 βασίλεια,
988 1413 1044 1464 ἐν
1073 1412 1256 1483 ήμέρᾳ
1294 1411 1348 1464 δὲ
1388 1412 1688 1479 λανθάνειν,
1724 1413 2026 1483 σκήπτεται

451 1504 708 1574 δαιμονᾷν
737 1521 750 1533 ·
806 1504 880 1566 ὼς
933 1503 1218 1574 εὐξάμενός
1258 1521 1319 1557 τε
1353 1503 1758 1574 καταλαμϐάνει
1805 1504 1903 1576 τήν
1933 1507 2024 1559 ὲκ-

454 1595 702 1665 κλησίαν,
737 1596 803 1665 ἢν
839 1595 929 1646 ἐπὶ
947 1597 1080 1664 τιμῇ
1115 1595 1361 1648 Ἰωάννου
1393 1593 1485 1647 τοῦ
1515 1594 1838 1658 Βαπτιστοῦ,
1877 1597 1906 1649 ό
1930 1595 2022 1649 τοῦ

455 1684 714 1755 βασιλέως
737 1685 916 1754 πατὴρ
939 1683 1252 1756 ᾠκοδόμησε
1282 1684 1417 1755 πρὸς
1446 1684 1524 1756 τῷ
1551 1685 1941 1756 Ἑϐδόμῳ.Τῶν
1967 1686 2038 1740 δέ·

425 1775 772 1846 βαρϐαρων,
807 1777 855 1828 οί
886 1776 1005 1845 μὲν,
1039 1775 1184 1828 ἔνδον
1224 1775 1413 1846 ἔμενον
1437 1795 1449 1807 ο
1497 1778 1543 1829 οἱ
1586 1777 1664 1841 δὲ,
1704 1778 1869 1848 Γαῖνᾷ
1899 1795 2024 1831 συν-

453 1865 697 1936 εξῄεσαν.
744 1866 932 1938 Λάθρα.
980 1867 1035 1920 δὲ
1094 1867 1385 1936 συνεξῆγον
1427 1868 1564 1920 ὅπλα
1599 1869 1655 1920 ἐν
1694 1869 2026 1932 γυναικείοις

452 1957 690 2027 ὀχήμασι
719 1959 811 2011 καὶ
836 1957 1108 2028 κεράμους
1133 1956 1302 2027 βελῶν
1333 1957 1441 2026 (15)
1464 1974 1477 1987 ⁸
1507 1959 1627 2010 ἐπεὶ
1655 1957 1710 2010 δέ
1738 1957 2026 2028 ἐφωράθη-

455 2064 573 2108 σαν,
598 2049 722 2110 τοὺς
751 2048 994 2117 φύλακας
1014 2047 1122 2100 τῶν
1136 2047 1317 2100 πυλῶν
1341 2047 1643 2118 ἀναιροῦσι,
1670 2049 2026 2119 πειραθέντας

453 2136 694 2190 κωλύσαι
760 2137 857 2207 τὴν
887 2137 992 2189 τῶν
1031 2137 1213 2189 ὃπλων
1241 2137 1555 2207 ἐκκομιδὴν.
1603 2137 1695 2190 Ἐκ
1726 2138 1914 2192 τούτου
1966 2139 2024 2192 δὲ

451 2225 694 2295 ταραχῆς
728 2225 820 2277 καὶ⁵
851 2223 1080 2294 θορύϐου
1114 2226 1400 2288 ἀνάπλεως
1426 2228 1460 2296 ή
1496 2227 1649 2290 πόλις
1691 2228 1926 2296 ἐγένετο,
1949 2231 2024 2293 ὡς

455 2314 650 2366 αὐτίκα
680 2313 1017 2382 ἀλωσομένη.
1059 2313 1261 2384 Ἀγαθή
1293 2313 1348 2366 δὲ
1398 2314 1593 2385 γνώμη
1630 2315 1848 2387 ἐκράτει
1889 2318 2025 2388 πρὸς

453 2407 521 2461 τά
553 2407 794 2477 παρόντα
826 2405 991 2459 δεινά.
1038 2405 1096 2459 '0
1121 2406 1229 2478 γὰρ
1253 2406 1503 2476 βασιλεὺς
1537 2407 1700 2477 μηδὲν
1729 2407 2020 2478 μελλήσας,

452 2496 545 2552 τὸν
585 2499 683 2567 μὲν
711 2498 906 2551 Γαῖνᾶν
945 2497 1198 2567 πολέμιον
1229 2499 1532 2570 ἀνεκήρυξε
1556 2516 1571 2529 ο
1620 2500 1744 2563 τοὺς
1781 2500 1836 2553 δὲ
1868 2518 2025 2573 περι-

454 2587 766 2657 λειφθέντας
787 2590 844 2642 ἐν
864 2591 930 2660 τῇ
961 2589 1112 2642 πόλει
1138 2588 1464 2660 βαρϐάρους,
1486 2591 1834 2664 ἀναιρεθῆναι
1860 2610 2028 2664 προσ-

455 2680 661 2745 έταξεν.
703 2680 1044 2757 Ἐπιθέμενοι
1081 2680 1136 2732 δὲ
1159 2679 1369 2743 τούτοις
1395 2683 1445 2733 οἱ
1492 2684 1840 2749 στρατιῶται,
1870 2687 2024 2740 ἀναι-

457 2770 607 2842 ροῦσι
632 2773 756 2833 τοὺς
787 2771 1070 2834 πλείστους
1090 2773 1216 2843 ’τὴν
1243 2772 1299 2824 δὲ
1326 2772 1666 2845 καλουμένην
1681 2777 1790 2829 τῶν
1814 2777 2024 2832 Γότθων

456 2863 747 2932 ἐκκλησίαν
791 2864 1163 2934 ὲμπιπρῶσιν.
1226 2865 1312 2926 Ὠς
1341 2866 1421 2927 είς
1453 2866 1656 2937 συνήθη
1693 2868 1800 2939 γὰρ
1827 2870 2024 2940 εὐκτήο

2126 418 2248 474 dias
2297 419 2680 490 praenuntiavit
2709 425 2970 484 cometes,
3019 416 3111 486 qui
3155 430 3220 471 eo
3249 424 3494 483 tempore
3525 427 3691 480 supra

2125 511 2403 564 civitatem
2427 511 2697 565 maximus
2721 512 2996 580 apparuit,
3029 508 3094 562 ad
3133 507 3310 576 ipsam
3345 505 3458 560 fere
3485 513 3690 558 terram

2127 603 2463 672 pertingens,
2497 610 2553 656 et
2599 601 2782 671 qualis
2831 613 3110 668 nunquam
3155 604 3326 651 antea
3368 595 3522 648 visus
3573 609 3696 648 esse

2129 702 2482 748 memoratur.
2534 693 2612 746 Ac
2653 693 2829 762 primo
2869 691 3087 761 quidem
3131 688 3569 760 argentariorum
3612 691 3693 736 ta-

2127 787 2328 842 bernas
2378 783 2636 839 invadere
2673 783 2943 848 tentavit,
2981 782 3272 836 maximam
3330 780 3687 850 pecuniarum

2127 875 2338 945 COpiam
2399 874 2527 928 inde
2583 873 2943 960 cplle-cturum
2993 887 3054 926 se
3099 884 3349 940 sperans.
3407 867 3513 922 Sed
3567 881 3692 920 cum

2125 981 2314 1020 rumor
2345 965 2593 1036 vulgatus
2616 972 2762 1020 esset
2792 980 2926 1023 eunt
2943 963 3046 1017 ista
3072 961 3343 1026 meditari,
3363 969 3418 1014 et
3447 966 3694 1029 argenta-

2128 1058 2193 1110 rii
2241 1055 2508 1126 quidquid
2555 1057 2851 1126 pretiosum
2909 1053 3185 1107 habebant
3234 1050 3691 1109 abscondissent,

2124 1147 2282 1218 331
2324 1162 2424 1200 nec
2458 1146 2746 1216 pecuniam
2779 1145 2833 1198 in
2858 1143 3064 1199 mensis
3095 1156 3246 1195 more
3273 1140 3436 1194 solito
3457 1137 3694 1206 amplius

2127 1236 2344 1307 publice
2390 1245 2796 1306 proponerent;
2836 1243 2950 1288 tum
2995 1232 3166 1286 Ga-ina
3211 1230 3478 1284 immissis
3528 1235 3693 1282 noctu

2124 1328 2375 1384 barbaris
2410 1326 2706 1393 mandavit,
2729 1337 2786 1380 ut
2817 1325 3078 1396 palatium
3099 1323 3470 1378 incenderent.
3494 1316 3695 1374 Verum

2127 1419 2230 1484 illi,
2267 1435 2326 1474 re
2359 1419 2586 1486 infecta,
2614 1419 2797 1490 pavidi
2826 1419 3134 1473 redierunt.
3157 1413 3292 1468 Nam
3325 1429 3448 1468 cum
3467 1411 3698 1483 propius

2127 1511 2532 1575 accessissent,
2575 1510 2759 1566 videre
2802 1509 2907 1564 sibi
2954 1508 3058 1563 visi
3110 1513 3241 1562 sunt
3290 1502 3695 1558 multitudinem

2055 1636 2100 1692 Β
2127 1602 2359 1655 militum
2404 1601 2645 1672 ingentis
2688 1609 2932 1656 staturae.
2975 1597 3363 1667 Suspicatique
3390 1593 3696 1650 exercitqu

2128 1707 2250 1748 esse
2278 1691 2370 1762 qui
2410 1707 2603 1747 recens
2627 1690 2961 1754 advenisset,
2989 1704 3103 1744 rem
3127 1687 3314 1743 Gainaa
3345 1682 3694 1740 nuntiarunt.

2130 1785 2243 1850 Ille,
2280 1793 2466 1854 utpote
2497 1785 2592 1854 qui
2625 1785 2791 1838 sciret
2823 1781 2965 1836 haud
2999 1781 3191 1849 plures
3223 1778 3385 1834 solito
3413 1777 3612 1830 milites
3641 1775 3699 1828 in

2131 1877 2263 1931 urbe
2293 1885 2423 1929 tunc
2448 1891 2592 1935 esse,
2616 1874 2780 1928 dictis
2804 1873 2963 1926 [idem
2991 1872 3192 1926 habere
3217 1869 3410 1924 noluit.
3437 1865 3544 1920 Sed
3572 1879 3698 1919 cum

2129 1967 2219 2019 alii
2246 1965 2496 2034 sequenti
2522 1975 2680 2018 nocte
2711 1963 2861 2018 missi
2893 1961 3033 2016 idem
3063 1976 3282 2031 quoque
3315 1957 3459 2028 quod
3485 1955 3702 2028 priores

2129 2057 2205 2113 illi
2235 2056 2669 2118 renuntiassent,
2705 2055 2820 2124 ipse
2853 2052 3142 2116 accedens,
3184 2051 3343 2106 testis
3379 2049 3485 2103 fuit
3522 2047 3701 2102 admi-

2128 2149 2284 2205 randi
2316 2149 2638 2220 spectaculi.
2671 2147 2952 2216 Ratusque
2981 2145 3191 2198 accitos
3225 2158 3289 2197 ex
3315 2141 3440 2195 aliis
3468 2138 3700 2194 urbibus

2128 2240 2331 2294 milites
2384 2239 2719 2293 convenisse
2768 2236 2942 2305 ipsius
3002 2250 3213 2298 causa,
3269 2248 3473 2301 eosque
3530 2235 3698 2284 noctu

2128 2327 2347 2398 quidem
2405 2327 2598 2381 urbem
2653 2335 2706 2379 et
2767 2325 3029 2394 palatium
3090 2324 3408 2384 custodire,
3462 2319 3701 2375 interdiu

2127 2433 2258 2472 vero
2297 2417 2604 2482 occultari;
2638 2417 2863 2471 simulat
2895 2431 2954 2470 se
2999 2421 3310 2483 correptum
3351 2427 3474 2466 esse
3521 2426 3549 2464 a
3595 2409 3704 2464 daa-

2130 2523 2309 2563 tnone.
2360 2507 2425 2561 Et
2466 2509 2621 2577 quasi
2665 2507 2831 2561 Deum
2867 2513 3146 2568 oraturus,
3195 2505 3370 2573 pergit
3413 2502 3482 2556 ad
3525 2501 3704 2556 eccle-

2128 2597 2302 2658 siam,
2357 2611 2521 2666 quam
2572 2597 2628 2650 in
2669 2595 2932 2650 honorem
2982 2592 3210 2648 Joannis
3249 2590 3510 2660 Baptistae
3550 2601 3702 2657 pater

2128 2683 2476 2750 imperatoris
2509 2683 2570 2736 in-
2613 2682 2858 2752 Septimo
2897 2689 3308 2736 construxerat.
3343 2679 3415 2732 Ex
3455 2676 3705 2732 barbaris

2127 2788 2256 2829 vero
2293 2775 2384 2828 alii
2427 2775 2481 2828 in
2511 2775 2645 2828 urbe
2677 2782 3063 2828 remanserunt
3087 2813 3103 2834 ,
3158 2772 3250 2824 alii
3286 2770 3450 2825 simul
3492 2767 3702 2838 egressi

2127 2872 2257 2918 sunt
2296 2879 2422 2919 cum
2474 2863 2672 2920 Gaina.
2715 2862 3042 2918 Clanculum
3080 2877 3212 2917 vero
3249 2876 3404 2915 arma
3451 2860 3504 2913 in
3546 2859 3702 2913 vehi-

457 2971 571 3024 ριον
597 2951 744 3007 οἷκον
775 2955 959 3007 ἐνθάδε
1004 2955 1350 3025 ἡθροισμένοι
1395 2957 1706 3028 ἐτύγχανον,
1734 2956 1816 3023 οἷς
1843 2960 2024 3013 οὐκέτι

2127 2955 2265 3011 culis
2294 2955 2620 3010 l'etninarutn
2645 2962 2699 3010 et
2730 2955 2959 3010 telorum
2991 2955 3136 3009 dolia
3166 2954 3553 3024 exportabant.
3589 2951 3699 3005 Sed

455 3050 646 3115 φυγεῖν
708 3044 982 3113 ἐξεγένετο
1036 3046 1172 3116 (14),
1209 3047 1317 3099 τῶν
1375 3049 1558 3103 πυλῶν
1601 3051 2020 3122 κεκλεισμένων.

455 3138 636 3191 Ταῦτα
669 3138 725 3190 δὲ
756 3137 941 3206 μαθὼν
997 3140 1024 3190 ὁ
1063 3138 1279 3202 Γαῖνᾶς,
1304 3139 1391 3192 διὰ
1415 3141 1636 3212 Θρᾴκης
1666 3142 1863 3206 ἐλάσας
1890 3138 2024 3214 ἧκεν

455 3231 534 3292 είς
560 3229 919 3304 Χερρόνησον,
956 3230 1049 3281 καὶ
1089 3229 1181 3282 τὸν
1228 3229 1614 3301 Ἑλλήσποντον
1669 3235 2025 3305 περαιοῦσθαι

456 3318 768 3382 ἐσπούδαζε.
798 3320 1057 3372 Διενοεῖτο
1076 3319 1204 3390 γὰρ,
1223 3321 1296 3383 ὠς
1318 3322 1364 3373 εί
1388 3321 1486 3391 τῆς
1517 3323 1810 3395 ἀντιπέραν
1843 3325 2027 3390 Ἀσίας

456 3413 766 3483 κρατήσειε,
801 3411 998 3483 ῥᾳδίως
1018 3413 1196 3464 πάντα
1221 3413 1290 3465 τά
1319 3414 1456 3481 πρὸς
1488 3414 1564 3467 ἓω
1594 3419 1694 3486 τῆς
1719 3417 2027 3487 ἀρχομένης

456 3503 580 3574 ἐθνη
616 3504 704 3572 ὑφ’
744 3504 932 3557 ἑαυτὸν
981 3506 1212 3574 ποιήσει.
1257 3504 1390 3574 Παρ’
1421 3505 1639 3568 ἐλπίδας
1673 3507 1729 3558 δὲ
1766 3507 2027 3576 αὐτῷκαὶ

455 3596 576 3650 τάδε
601 3597 833 3666 ἀπήντα,
868 3595 992 3666 θεία
1021 3598 1159 3666 ῥοπῇ
1187 3596 1468 3650 κάνταῦθα
1511 3597 1794 3668 Ῥωμαίων
1818 3615 2026 3668 χρησα-

459 3687 654 3758 μένων.
687 3687 872 3756 Παρῆν
906 3687 1004 3756 μέν
1029 3686 1138 3758 γάρ
1163 3687 1393 3758 στρατιά
1417 3689 1558 3741 κατά
1589 3689 1690 3758 γῆν
1717 3689 1808 3742 καὶ
1831 3689 2029 3744 θάλατ-

455 3797 572 3843 ταν,
603 3779 751 3849 παρὰ
781 3779 1042 3848 βασιλέως
1062 3779 1471 3850 ἀπεσταλμένη,
1506 3776 1574 3852 ἦς
1617 3783 1803 3850 ήγεῖτο
1830 3781 2028 3835 Φλαϐί-

454 3888 551 3934 τας
603 3870 736 3938 (15).
793 3870 931 3940 ἀνὴρ
969 3869 1238 3941 βάρϐαρος
1290 3870 1352 3924 τὸ
1391 3871 1569 3939 γένος,
1604 3871 1807 3939 ἀγαθὸς
1852 3873 1907 3924 δὲ
1939 3873 2030 3926 τὸν

453 3961 672 4032 τρόπον,
710 3960 804 4013 καὶ
829 3960 1208 4030 στρατηγικός.
1265 3962 1327 4013 Ol
1377 3962 1434 4015 δὲ
1469 3961 1740 4034 βάρϐαροι
1792 3962 1922 4025 ναῦς
1957 3963 2030 4034 μὴ

454 4054 688 4123 ἔχοντες,
722 4050 813 4104 ἐπὶ⁹
847 4051 1072 4120 σχεδιῶν
1098 4052 1395 4123 ἐπειρῶντο
1412 4053 1687 4107 διεκπλεῖν
1718 4053 1810 4107 τὸν
1854 4055 2032 4125 Ἑλλή-

456 4158 680 4196 σποντον
715 4141 850 4212 πρὸς
894 4142 992 4212 τὴν
1046 4142 1274 4211 ἀντικρὺ
1325 4143 1569 4213 ἤπειρον.
1633 4144 1922 4215 Ἐξαπίνης
1976 4145 2032 4198 δέ

456 4235 622 4298 πολὺς
680 4235 1013 4298 ἐπιπνεύσας
1046 4233 1280 4305 ζέφυρος
1311 4235 1410 4298 τὰς
1463 4237 1679 4305 σχεδίας
1699 4238 1912 4291 διέλυσε
1936 4239 2033 4291 σὺν

2123 3063 2248 3104 cum
2299 3047 2627 3116 deprehensi
2685 3056 2910 3110 essent,
2962 3056 3248 3116 portarum
3300 3045 3563 3100 custodes
3605 3043 3701 3114 qui

2123 3144 2556 3210 exportationem
2605 3156 2885 3194 armorum
2942 3141 3231 3210 prohibere
3286 3141 3472 3195 conati
3519 3147 3700 3204 erant,

2125 3230 2543 3286 interfecerunt.
2577 3229 2776 3300 Ingens
2819 3245 2883 3285 ex
2935 3245 2999 3287 ea
3040 3246 3100 3285 re
3130 3230 3476 3300 perturbatio
3518 3244 3584 3282 ac
3615 3237 3706 3283 tu-

2124 3324 2328 3377 multus
2372 3324 2560 3376 urbem
2603 3322 2920 3392 complevit,
2955 3321 3116 3390 quasi
3167 3321 3396 3390 jamjam
3440 3318 3708 3389 capienda

2115 3417 2292 3468 "esset.
2321 3411 2525 3466 Verum
2572 3413 2842 3466 adversus
2890 3412 3182 3480 praesentia
3237 3413 3378 3464 mala
3433 3411 3704 3479 optimum

2126 3502 2428 3556 consilium
2461 3501 2658 3557 adluit.
2700 3499 3006 3569 Imperator
3034 3503 3178 3556 enim
3215 3501 3703 3584 nihilcunctatus,

2125 3595 2354 3649 Gainam
2403 3595 2616 3648 hostem
2670 3593 2950 3663 publicum
2996 3593 3377 3648 renuntiavit:
3433 3593 3705 3649 barbaros

2127 3702 2277 3747 vero,
2320 3687 2410 3756 qui
2446 3687 2501 3740 in
2531 3685 2668 3740 urbe
2696 3694 3102 3748 remanserant,
3159 3685 3334 3740 occidi
3379 3685 3567 3755 jussit.
3602 3685 3704 3741 bii-

2129 3777 2256 3832 lites
2295 3777 2464 3847 igitur
2497 3777 2705 3846 impetu
2749 3778 2802 3831 in
2845 3793 2940 3832 eos
2994 3778 3162 3842 facto,
3210 3792 3462 3846 magnam
3513 3793 3702 3831 eorum

2131 3877 2342 3938 partem
2367 3869 2795 3924 interfecerunt:
2832 3869 3124 3924 ecclesiam
3172 3885 3302 3924 vero
3325 3886 3448 3940 qua:
3481 3870 3706 3924 diceba-

2131 3970 2220 4016 tur
2282 3961 2638 4020 Gothorum.
2699 3963 2957 4018 incendio
3016 3969 3502 4029 consumpserunt.
3569 3961 3706 4016 lllue

2128 4055 2298 4115 enim,
2329 4053 2475 4107 velut
2504 4055 2556 4108 in
2591 4054 2761 4107 tndem
2795 4069 3007 4107 sacram
3046 4053 3111 4104 in'
3135 4067 3256 4120 qua-
3287 4067 3481 4120 preces
3526 4052 3708 4108 facere

2131 4146 2404 4206 solebant,
2438 4145 2832 4216 confugerant:
2870 4159 2968 4197 nec
3005 4143 3241 4212 amplius
3291 4142 3557 4212 aufugere
3606 4159 3705 4213 po-

2135 4246 2334 4298 terant,
2363 4245 2551 4306 utpote
2585 4238 2799 4292 foribus
2827 4237 3100 4290 occlusis.
3137 4235 3232 4290 His
3261 4234 3702 4306 cognitis,Gaina

1649 4397 1914 4452 VALESII
1955 4393 2490 4452 ANNOTATIONES

529 4492 643 4559 (IS)
684 4491 793 4544 Καὶ
843 4490 1135 4560 κεράμοιες
1172 4491 1398 4560 βελῶν.
1437 4489 1634 4543 Eadem
1676 4507 1778 4545 vox
1837 4491 2027 4560 legitur

2141 4491 2323 4558 potius
2351 4491 2639 4560 ~dicuntur
2673 4503 2836 4560 quam
2885 4487 3092 4560 templi.

455 4562 596 4628 apud
661 4561 1050 4631 Nicephorum.
1085 4559 1186 4615 Ubi
1242 4559 1482 4614 Joannes
1539 4560 1754 4630 Langus
1808 4559 1965 4617 vertit
2019 4579 2032 4614 :

474 4631 617 4686 Vasa
644 4633 836 4701 ﬁctilia
882 4631 999 4685 telis
1031 4631 1203 4699 plena.
1251 4631 1491 4686 Savilius
1543 4647 1672 4684 vero
1707 4632 1760 4684 in
1795 4633 2038 4701 margine

455 4705 540 4757 sui
597 4703 829 4766 codicis,
889 4703 1282 4772 interpretatur
1321 4702 1488 4765 dolia,
1548 4702 1692 4772 quod
1739 4701 1880 4754 idem
1929 4709 2034 4755 est.

455 4773 606 4826 Dnlia
628 4775 773 4828 enim
817 4770 1167 4840 antiquorum
1216 4783 1373 4827 erant
1408 4772 1619 4826 ﬁctilia.
1672 4770 1840 4824 Porro
1884 4787 2038 4825 arma

453 4845 629 4898 ettela
663 4859 690 4896 a
732 4843 983 4896 barbaris
1007 4851 1290 4911 exportata
1316 4843 1485 4897 fuisse
1510 4841 1646 4894 dicit
1678 4841 2034 4906 Sozomenus,

454 4916 510 4967 ὲν
536 4915 870 4983 γυναικείοις
891 4915 1150 4982 ὀχήμασι,
1189 4913 1238 4966 id
1275 4922 1359 4968 cst
1383 4919 1435 4967 in
1470 4912 1682 4966 lecticis
1704 4927 1797 4966 seu
1824 4912 2033 4966 baster-

455 4986 563 5047 nis,
617 4997 675 5037 ut
711 4985 1014 5036 occultiora
1055 4992 1262 5046 essent,
1298 5000 1422 5038 cum
1476 4983 1764 5036 mulierum
1809 4983 2026 5038 lecticas

455 5071 616 5109 nemo
652 5055 877 5108 auderet
910 5065 1182 5108 excutere.

525 5125 636 5195 (Μ)
660 5119 760 5188 Οἷς
792 5122 989 5176 οὐκέτι
1039 5123 1252 5193 φυγεῖν
1283 5123 1609 5195 ἐξεγένετο.
1638 5123 1840 5195 Duplex
1861 5122 2026 5195 hujus

454 5193 558 5250 loci
591 5202 766 5264 potest
796 5209 916 5249 esse
950 5207 1166 5248 sensus.
1197 5195 1302 5248 Aut
1331 5195 1475 5247 enim
1505 5194 1617 5246 vult
1651 5193 1832 5264 dicere
1861 5193 2026 5247 Ston-

457 5263 674 5325 menus,
712 5280 804 5320 eos
840 5266 931 5334 qui
968 5266 1022 5317 in
1051 5265 1287 5318 ecclesia
1314 5265 1403 5318 illa
1453 5271 1620 5334 erant
1665 5263 1886 5334 inclusi.
1912 5278 2024 5317 non

457 5337 702 5403 potuisse
730 5332 964 5404 amplius
1007 5334 1288 5403 aufugere,
1325 5348 1390 5388 eo
1413 5335 1557 5402 quod
1601 5332 1749 5404 fores
1773 5333 2052 5404 ecclesite/

455 5402 656 5459 clatzsze
703 5402 908 5458 essent.
951 5405 1054 5456 Aut
1091 5402 1238 5458 certe
1266 5405 1422 5466 dicit,
1453 5419 1548 5456 eos
1577 5403 1665 5470 qui
1699 5419 1822 5455 cum
1853 5402 2025 5458 Gaina

453 5490 517 5528 ex
547 5477 678 5527 urbe
701 5476 936 5544 cll'ugere
965 5490 1071 5528 non
1104 5483 1392 5541 potuerant
1413 5515 1424 5532 .
1451 5482 1638 5544 utpote
1667 5473 1834 5544 portis
1873 5474 2024 5529 urbis

455 5547 619 5611 regiae
643 5543 850 5600 clausis
872 5586 885 5606 ,
915 5545 965 5597 in
996 5546 1286 5598 ecclesiam
1318 5545 1466 5614 illam
1482 5543 1822 5614 confugisse.
1849 5547 2025 5614 Atque

456 5614 603 5670 hunc
655 5631 876 5671 sensum
929 5615 1197 5669 veriorem
1263 5622 1411 5683 puto.
1451 5613 1582 5666 Nam
1634 5612 1820 5678 πύλαι,
1872 5612 2023 5671 urbis

3146 4484 3350 4538 Deinde
3401 4493 3528 4538 ante
3590 4487 3706 4543 haec

2132 4554 2400 4621 verba,ol;
2438 4562 2639 4624 οὐκέτι,
2665 4554 2797 4622 εἰρη
2829 4559 2880 4611 in
2909 4554 3145 4612 editione
3175 4555 3393 4609 Rnberti
3422 4554 3702 4624 Stephani,

2134 4645 2294 4703 quam
2351 4628 3020 4703 Genet-ensiscxpressit
3072 4625 3262 4687 editio,
3316 4626 3560 4703 apposita
3619 4638 3706 4684 est

2134 4697 2540 4763 subdistinctio,
2567 4716 2688 4770 quae
2715 4701 2860 4754 hunc
2892 4713 3117 4770 sensum
3151 4711 3374 4766 prorsus
3394 4697 3700 4752 conlirmat.

2139 4772 2244 4828 Sed
2281 4781 2333 4823 et
2359 4767 2704 4841 Nicephorus
2746 4767 2996 4841 eumdem
3037 4781 3263 4841 sensum
3305 4776 3526 4841 secutus
3580 4777 3700 4841 est,

2135 4854 2194 4897 ut
2228 4848 2373 4910 patet
2407 4858 2471 4895 ex
2497 4833 2632 4928 "cap.
2691 4841 2724 4894 6
2761 4840 2854 4920 lib.
2888 4854 3006 4928 χιιι,
3053 4837 3374 4928 ἰηιροᾱίιίξθν
3398 4833 3718 4918 Fultetiano-

2137 4906 2263 4966 ante
2296 4926 2481 4964 vocem
2530 4906 2630 4972 οἷς,
2689 4910 2864 4980 posita
2908 4916 2990 4963 est
3022 4909 3197 4962 media
3247 4906 3554 4970 distinctio,
3587 4924 3706 4976 qua:

2137 4984 2318 5036 favere
2362 4981 2577 5034 videtur
2600 4979 2767 5049 prieri
2803 4979 3007 5034 sensui.

2208 5050 2320 5116 (15)
2344 5044 2661 5114 Φλαυΐτιὶς.
2694 5052 2750 5104 In
2775 5051 2965 5103 codice
3014 5048 3316 5104 Fuketiano
3341 5055 3394 5101 et
3427 5047 3566 5115 apud
3606 5044 3699 5097 Ni~

2136 5122 2434 5190 cephorum
2482 5121 2750 5183 Φλαϐίτας
2801 5120 3062 5190 scribitur
3093 5116 3619 5190 rectius.__Zosiths
3649 5117 3706 5168 iu-

2136 5181 2230 5246 lib'.
2259 5207 2310 5253 ν,
2344 5199 2399 5244 et
2431 5191 2709 5259 Eunapius
2731 5181 3033 5260 V¢paoﬁiliov
3076 5199 3290 5260 vocant.
3330 5185 3426 5239 Hic
3455 5181 3704 5260 es_t_Fra-_

2133 5265 2264 5327 vita,
2297 5263 2391 5328 qui
2421 5277 2543 5316 cum
2591 5253 2886 5316 'Vincentio
2922 5261 3112 5314 consul
3165 5257 3268 5310 fuit
3319 5269 3464 5328 anno
3495 5253 3709 5328 Christi

2131 5325 2260 5403 401.
2296 5325 2425 5398 Ejus
2457 5331 2703 5403 Elogium
2733 5332 2900 5384 habes
2922 5328 3309 5403 aputlSnidaun
3338 5325 3390 5376 in
3419 5339 3548 5376 voce
3563 5325 3714 5403 (ζ’ρά-

2128 5402 2302 5466 ϐιθος,
2343 5394 2414 5456 ἐκ
2475 5394 2715 5456 "moria
2779 5394 3298 5472 Euuapii_Sardi__:_tni
3338 5411 3380 5472 ⁸ε
3411 5408 3520 5460 quo
3571 5394 3714 5472 loco

2133 5463 2396 5527 narrabat
2437 5472 2737 5540 Eunapius,
2786 5486 2893 5540 qua
2934 5463 3143 5540 ratione
3191 5463 3410 5540 Fravita
3445 5465 3721 5540 ιιιιιβίξιειι

2131 5543 2364 5617 militum
2416 5532 2674 5605 Orientis,
2712 5532 2997 5617 latronum
3027 5535 3221 5606 globos
3247 5533 3342 5604 qui
3389 5545 3484 5601 per
3515 5532 3745 5617 Asiam

2129 5615 2552 5684 grassabantur,
2583 5611 2963 5672 exstinxisset.

2989 5837 3020 5857 Χ
