4054 6188
464 280 599 336 1527

1891 286 2231 346 SOZOMENI

3577 300 3715 357 1598

453 406 553 461 per
583 390 871 448 Thraciam
923 394 1205 465 profectus
1230 437 1245 462 ,
1300 389 1357 453 in
1395 398 1800 458 Chersonesum
1849 405 2018 472 venit,

2129 408 2240 480 βίᾳ,
2274 410 2366 463 καὶ
2417 409 2558 463 κατὰ
2580 411 2783 464 τούτων
2813 410 2913 474 τὰς
2963 410 3254 482 Ῥωμαίων
3304 412 3440 477 ναῦς
3489 415 3709 485 ἠλαυνε.

449 489 507 537 et
562 479 972 553 Hellespontum
1024 485 1285 556 trajicere
1346 489 1670 544 conabatur.
1732 490 1823 546 Sic
1873 493 2020 546 enim

450 575 726 645 cogitabat
773 592 854 642 se,
903 578 949 632 si
998 579 1185 634 Asiam
1238 594 1363 650 qua:
1413 595 1480 634 ex
1535 579 1769 636 adverso
1808 583 2022 652 objecta

448 678 591 731 erat,
618 670 1017 740 occupavisset,
1059 671 1301 743 reliquas
1340 673 1584 730 Orientis
1621 674 1935 744 provincias
1967 674 2020 729 in

448 775 604 815 suam
668 768 992 830 potestatem
1058 762 1220 819 facile
1281 763 1656 819 redacturum.
1709 763 1910 820 Verum
1974 765 2021 818 is

446 868 669 923 quoque
720 862 951 910 conatus
987 854 1281 911 infeliciter
1310 858 1358 912 ei
1402 858 1708 922 successit,
1757 856 2022 916 Romanis

447 942 631 996 divina
670 956 772 1011 ope
804 942 894 996 hic
932 944 1095 998 etiam
1125 944 1350 1015 adjutis.
1384 944 1598 1000 Etenim
1628 947 1915 1017 pedestres
1956 964 2021 1004 ac

446 1033 669 1090 navales
697 1035 868 1104 copiae
894 1033 963 1088 ab
1004 1034 1336 1105 imperatore
1369 1036 1577 1100 missae,
1614 1047 1817 1107 prmsto
1844 1040 2022 1105 fuere,

445 1139 677 1194 quarum
715 1125 825 1178 dux
856 1134 972 1179 erat
995 1124 1213 1180 Fravita
1234 1166 1249 1191 ,
1281 1126 1366 1180 vir
1394 1128 1616 1184 natione
1644 1128 1865 1199 quidem
1895 1130 2022 1184 bar-

446 1215 635 1282 barus,
669 1215 763 1273 sed
795 1217 955 1272 bonis
980 1218 1250 1283 moribus,
1282 1227 1337 1274 et
1364 1221 1581 1290 peritus
1620 1221 1699 1275 rei
1739 1222 2014 1277 militaris.

443 1305 606 1376 332
643 1307 869 1365 Barbari
917 1324 1049 1364 vero
1081 1325 1208 1365 cum
1256 1326 1422 1366 naves
1460 1328 1568 1367 non
1607 1313 1897 1378 haberent,
1929 1331 2016 1370 ra-

445 1399 594 1452 tibus
629 1403 789 1463 vecti,
817 1400 1223 1470 Hellespontum
1250 1401 1529 1471 trajicere,
1549 1409 1604 1459 et
1632 1403 1686 1458 in
1708 1406 2017 1475 oppositam

2130 499 2251 553 Τῶν
2305 499 2360 554 δὲ
2415 498 2723 571 βαρϐάρων,
2757 502 2808 554 οῑ
2863 501 3084 566 πλείους
3116 503 3239 571 μὲν,
3296 504 3485 568 αὐτοῖς
3526 506 3712 570 ἵπποις

2128 590 2449 662 ὑποϐρύχιοι
2497 591 2777 660 ἐγένοντοο
2825 593 2875 645 οἱ
2923 592 3001 657 δὲ,
3063 593 3170 646 ὑπὸ
3204 593 3317 646 τῶν
3363 596 3713 667 στρατιωτῶν

2129 682 2490 756 ἀνῃρέθησαν.
2534 683 2592 737 Ὀ
2636 683 2694 736 δὲ
2748 685 2944 749 Γαῖνᾶς
2978 685 3094 755 ἅμα
3137 685 3341 753 ὀλίγοις
3379 686 3713 758 περισωθεὶς

2126 775 2269 837 τότε,
2295 776 2357 828 οὐ
2390 774 2569 846 πολλῷ
2603 774 2830 847 ὕστερον
2847 775 2949 829 ἀνὰ
2969 777 3065 846 τὴν
3089 778 3315 848 Θρᾴκην
3346 776 3626 847 ἀλώμενος
3651 794 3711 832 τε

2129 865 2222 918 καὶ
2244 864 2482 933 φεύγων,
2526 864 2689 935 ἑτέρᾳ
2731 868 2961 937 στρατιᾷ
3001 867 3326 938 περιέπεσε,
3358 867 3452 919 καὶ
3476 869 3574 920 σὺν
3598 869 3712 931 τοῖς

2129 955 2266 1023 ἀμφ’
2304 953 2468 1007 αὐτὸν
2527 954 2831 1027 βαρϐάροις
2884 957 3153 1011 ἀπώλετο.
3199 957 3372 1011 Τοῦτο
3403 957 3512 1010 τῶν
3540 958 3580 1009 Γ
3581 959 3713 1012 αἳνᾶ

2128 1044 2493 1115 τολμημάτων
2538 1047 2630 1100 καὶ
2655 1045 2749 1099 τοῦ
2781 1046 2898 1118 βίου
2926 1046 2986 1100 τὸ
3013 1048 3189 1112 τέλος.
3223 1048 3283 1101 'O
3308 1047 3365 1100 δὲ
3384 1046 3653 1111 Φλαϐίτας
3678 1048 3709 1088 ιι

2127 1131 2381 1205 λαμπρὸς
2409 1136 2466 1186 ὲν
2496 1134 2665 1206 ταύτῃ
2694 1137 2758 1205 τῇ
2796 1135 2946 1208 μάχῃ
2983 1136 3293 1207 γενόμενος,
3325 1138 3711 1207 χειροτονεῖται

2129 1223 2349 1288 ὕπατος.
2380 1226 2467 1279 Ἐν
2488 1225 2544 1279 δὲ
2567 1225 2644 1296 τῷ
2670 1228 2788 1280 τότε
2811 1217 2981 1281 αὐτοῦ’
3005 1227 3099 1280 καὶ
3121 1226 3396 1280 Βικεντίου
3412 1227 3710 1280 ὑπατευόν-

2125 1331 2254 1381 των,
2277 1316 2516 1372 τίκτεται
2541 1317 2617 1389 τῷ
2638 1317 2849 1388 βασιλεῖ
2877 1321 3029 1382 παῖς,
3057 1318 3135 1388 τῷ
3162 1318 3373 1390 πάππῳ
3393 1318 3706 1389 ὁμώνυμος.

2137 1406 2469 1479 ’Δρχομένης
2516 1409 2575 1463 δὲ
2623 1410 2724 1482 τῆς
2781 1410 2910 1482 ἑξῆς
2980 1411 3263 1477 ὑπατείας,
3314 1410 3709 1483 ἀναγορεύεται

444 1491 818 1546 continentem
871 1492 1128 1549 invadere
1182 1493 1524 1549 nitebantur.
1577 1494 1684 1550 Sed
1723 1497 2019 1552 vehemens
2116 1501 2403 1567 Σεϐαστός.

450 1582 721 1652 zephyrus
773 1592 1001 1653 repente
1051 1585 1336 1655 ingruens,
1390 1593 1539 1639 rates
1588 1586 1808 1655 quidem
1857 1603 2048 1643 eorum
2090 1590 2382 1660 dissolvit;
2432 1596 2805 1652 Romanorum
2858 1606 3041 1654 autem
3089 1612 3265 1652 naves
3323 1597 3593 1652 violenter
3647 1596 3706 1652 in

438 1678 564 1760 jllas
623 1680 863 1750 impulit.
922 1683 999 1735 Ac
1052 1681 1412 1736 barbarorum
1464 1680 1683 1752 quidem
1738 1682 2022 1754 plerique,
2062 1686 2226 1742 simul
2268 1705 2390 1745 cum
2458 1692 2616 1761 equis
2654 1693 2772 1749 suis
2819 1694 3091 1749 submersi
3134 1703 3283 1759 sunt,
3331 1692 3459 1747 aliia
3512 1690 3705 1748 militi-

441 1771 544 1823 bus
591 1769 891 1828 interfecti.
941 1771 1115 1827 Gaina
1167 1788 1295 1828 vero
1340 1785 1452 1829 tum
1498 1776 1720 1845 quidem
1753 1791 1862 1830 una
1894 1792 2017 1832 cum
2092 1782 2283 1851 paucis
2332 1794 2624 1849 servatus,
2677 1788 2844 1856 paulo
2890 1795 3016 1857 post
3068 1802 3192 1843 cum
3242 1802 3338 1856 per
3411 1784 3703 1851 Thraciam

328 1900 355 1909 -ι
439 1865 660 1935 fugiens
691 1868 995 1932 oberraret,
1026 1868 1081 1924 in
1113 1869 1346 1925 alterum
1382 1869 1572 1927 incidit
1599 1873 1926 1945 exercitum,
1954 1882 2010 1929 et
2047 1877 2210 1933 simul
2248 1895 2372 1935 cum
2422 1881 2676 1938 barbaris
2713 1899 2854 1953 quos
2883 1885 3033 1939 circa
3066 1898 3127 1938 se
3192 1882 3430 1938 habebat
3494 1880 3702 1936 exstin-

438 1965 563 2013 ctus
607 1968 710 2015 est.
754 1956 817 2015 Et
859 1959 1044 2016 Gainae
1081 1963 1329 2033 quidem,
1367 1966 1708 2035 perditorum
1751 1966 2114 2025 consiliorum
2151 1986 2215 2027 ac
2251 1973 2400 2041 vitae,
2468 1975 2783 2047 hujusmodi
2812 1978 2995 2032 exitus
3064 1975 3190 2031 fuit.
3261 1974 3483 2031 Fravita
3546 1987 3698 2036 vero,

438 2067 561 2107 cum
595 2053 649 2105 in
679 2067 744 2109 eo
777 2052 919 2106 bello
948 2054 1223 2124 egregiam
1256 2069 1477 2124 operam
1514 2064 1792 2121 navasset,
1814 2058 2012 2113 consul
2087 2060 2267 2119 factus
2329 2073 2436 2120 est.
2487 2065 2590 2121 Per
2619 2066 2760 2122 idem
2809 2074 3046 2136 tempus,
3095 2067 3219 2137 ipso
3249 2081 3412 2136 quem
3454 2064 3701 2120 diximus

436 2142 656 2198 Fravita
696 2152 751 2201 et
797 2141 1085 2198 Vincentio
1124 2159 1267 2213 coss.
1303 2146 1625 2216 imperatori
1696 2155 1860 2205 natus
1907 2156 1991 2202 est
2059 2152 2206 2210 ﬁlius
2248 2170 2351 2213 avo
2394 2157 2757 2230 cognominis.
2806 2157 2909 2225 Qui
2956 2159 3063 2214 sub
3130 2158 3347 2213 initium
3414 2153 3702 2227 sequentis

436 2235 781 2302 consulatus,
814 2235 1097 2305 Augustus
1132 2237 1484 2304 renuntiatus
1514 2247 1619 2295 est.

1095 2327 1252 2385 CAP.
1294 2330 1362 2383 V.

439 2423 714 2493 Quomodo
752 2421 988 2479 Joannes
1031 2425 1393 2481 multitudinis
1435 2429 1641 2484 animos
1676 2434 2015 2490 concionibus

507 2495 945 2574 suispelterrerjt,
972 2503 1019 2548 et
1070 2494 1134 2549 de
1159 2497 1378 2552 muliere
1410 2497 1820 2569 Macedoniam,
1862 2505 2016 2574 cujus

503 2566 659 2632 panis
689 2565 744 2618 in
778 2566 1003 2633 lapidem
1035 2581 1317 2621 conversus
1346 2578 1449 2623 est.

506 2656 720 2713 Interea
743 2656 986 2713 Joannes
1005 2656 1679 2730 Constantinopolitanam
1711 2662 2016 2720 Ecclesiam

434 2750 650 2821 egregie
714 2749 1153 2815 administrans,
1229 2752 1435 2809 multos
1498 2761 1615 2808 tum
1665 2770 1732 2811 ex
1796 2757 2014 2828 gentili-

436 2844 574 2904 bus,
636 2849 751 2896 tum
799 2857 865 2897 ex
912 2842 1186 2898 haereticis
1234 2845 1529 2900 alliciebat.
1581 2846 1904 2903 Conﬂuebat
1949 2848 2018 2904 ad

435 2935 588 2989 illum
668 2934 914 3003 quotidie
977 2935 1325 3005 multitudo,
1388 2939 1590 3008 partim
1659 2955 1849 2995 eorum
1924 2942 2020 3013 qui

434 3025 588 3080 utilia
644 3042 710 3080 ex
760 3040 827 3080 eo
868 3025 1120 3092 discere,
1162 3029 1364 3098 partim
1415 3045 1607 3086 eorum
1662 3033 1755 3102 qui
1806 3033 2021 3104 pericu-

438 3118 547 3170 !nm
596 3115 718 3185 ejus
774 3115 955 3171 facere
1002 3118 1316 3187 cupiebant.
1369 3121 1633 3188 Cupiebat
1685 3132 1869 3177 autem
1930 3124 2020 3180 ille

436 3205 760 3267 universos,
818 3213 991 3274 utque
1058 3208 1199 3261 idem
1258 3223 1383 3263 cum
1448 3210 1569 3280 ipso
1612 3211 1681 3267 de
1738 3213 2020 3271 divinitate

435 3297 739 3359 sentirent,
783 3297 865 3351 eis
904 3298 1286 3365 persuadebat.
1334 3298 1508 3357 Porro
1543 3303 1786 3372 populus
1826 3312 2014 3362 tanto-

435 3402 567 3457 pere
606 3387 726 3457 ejus
785 3389 1135 3445 sermonibus
1188 3390 1472 3458 inhiabat,
1528 3409 1629 3449 nec
1678 3395 1789 3450 illis
1829 3396 2019 3452 satiari

436 3478 550 3532 ullo
597 3478 760 3534 modo
797 3487 1031 3549 poterat,
1082 3488 1162 3546 ut,
1214 3482 1478 3552 quoniam
1513 3500 1634 3541 sese
1684 3496 1874 3544 mutuo
1912 3490 2018 3543 im-

434 3568 704 3636 pellentes
737 3585 800 3622 ae
837 3577 1152 3638 prementes
1187 3563 1673 3641 periclitabantur.
1719 3574 1849 3631 dum
1898 3577 2016 3632 sin-

435 3660 550 3732 guli
587 3661 815 3730 propius
848 3662 1173 3717 nitebantur
1198 3666 1483 3731 accedere,
1534 3674 1592 3720 ut
1631 3667 1784 3721 illum
1826 3668 2015 3727 diceu-
2043 3701 2088 3764 ο

436 3760 547 3805 tem
582 3753 832 3806 exactius
867 3754 1123 3809 audirent
1155 3755 1224 3810 de
1259 3757 1510 3825 proximo
1540 3775 1554 3811 :
1581 3757 1705 3826 ipse
1740 3760 1794 3812 in
1834 3760 2019 3814 medio

432 3843 687 3899 omnium
727 3844 1065 3910 consistens,
1111 3861 1180 3901 ex
1219 3848 1490 3902 lectorum
1537 3859 1797 3919 suggestu
1839 3864 2019 3922 p0pu-

436 3938 553 3993 lum
604 3934 802 3994 sedens
845 3936 1121 3994 docuerit.
1159 3937 1261 3994 llic
1295 3954 1426 3994 vero
1476 3948 1850 4010 opportunum
1882 3944 2016 3999 mihi

434 4030 679 4095 videtur,
705 4028 1036 4085 miraculum
1060 4031 1211 4102 quod
1234 4031 1383 4087 illius
1411 4033 1757 4103 temporibus
1787 4036 2012 4104 accidit,

436 4123 684 4179 historiae
743 4130 955 4180 nostra:
1000 4124 1272 4180 inserere.
1322 4123 1421 4179 Vir
1461 4124 1690 4196 quidam
1744 4142 1809 4182 ex
1863 4136 2015 4184 secta

437 4213 991 4283 Macedonianorum,
1019 4231 1248 4272 uxorem
1281 4216 1519 4272 habebat
1547 4218 1795 4288 ejusdem
1826 4230 2011 4277 sectae.

440 4305 539 4361 llic
578 4321 704 4362 cum
733 4305 1006 4364 Joannem
1040 4306 1345 4378 aliquando
1390 4307 1684 4364 docentem
1721 4310 2014 4377 audiisset,

436 4398 716 4469 quomodo
757 4398 827 4454 de
855 4399 1149 4454 divinitate
1189 4398 1539 4454 sentiendum
1572 4399 1667 4464 sit,
1703 4398 1861 4456 (idem
1893 4402 2014 4472 ejus

439 4495 727 4564 amplexus
758 4497 844 4546 est
872 4509 884 4545 :
937 4504 1277 4559 uxoremque
1306 4488 1517 4545 hortari
1552 4490 1739 4559 cmpit,
1770 4499 1830 4545 ut
1868 4492 2010 4547 idem

441 4601 625 4640 secum
657 4584 864 4641 sentire
894 4581 1079 4637 vellet.
1115 4579 1222 4635 Sed
1257 4594 1382 4635 cum
1412 4579 1506 4633 illa
1561 4580 1731 4650 priori
1772 4596 2010 4639 consue-

443 4676 639 4731 tudine
672 4683 725 4730 et
763 4673 1114 4728 familiarium
1151 4672 1256 4727 sibi
1290 4671 1584 4727 mulierum
1614 4676 2014 4743 congressibus

441 4766 601 4836 quasi
654 4766 871 4834 captiva
922 4772 1226 4830 teneretur,
1275 4779 1376 4819 nec
1408 4762 1640 4819 maritus
1669 4765 1884 4822 crebris
1918 4767 2017 4822 ad-

444 4853 842 4909 monitionibus
891 4856 1193 4926 quidquam
1247 4855 1557 4924 proliceret,
1608 4852 1826 4908 tandem
1889 4855 2013 4910 ille:

445 4943 880 5014 Nisi,inquit,in
913 4946 1118 5003 divinis
1146 4946 1427 5018 mysteriis
1456 4959 1670 5001 mecum
1704 4948 2018 5002 communi-

2729 2337 2980 2390 ΚΕΦΛΛ.
3009 2336 3084 2390 E'.

2132 2432 2226 2497 Ὡς
2263 2431 2606 2504 ὑπηγάγετο
2640 2434 2673 2486 ό
2698 2427 3151 2504 -Ἶωᾴννηςταῖςχ
3181 2424 3705 2504 διδασκέιλίαιςξὰ

2187 2495 2422 2570 autumi"
2454 2495 2553 2556 καί
2582 2500 2715 2568 περὶ
2766 2499 2879 2567 τῆς
2910 2495 3195 2570 furatur);
3218 2495 3700 2570 Μακεδονιανῆς,

2188 2571 2263 2624 δι’
2297 2567 2438 2641 ἧνίἇ
2474 2567 2764 2639 ἀρτοςίείς
2794 2567 2970 2625 ,πίθον
2992 2567 3348 2638 μετεϐλήθη.

2201 2663 2451 2734 Ἰωάννης
2481 2661 2538 2717 δὲ
2572 2661 2770 2734 ἄριστα
2796 2660 2894 2731 τῆς
2933 2654 3557 2718 Κωνσταντινουπόλεως
3584 2653 3699 2707 Ἑκ-

2118 2754 2346 2825 κλησίας
2370 2752 2764 2826 ἐπιτροπεύων,
2794 2752 3022 2815 πολλοὺς
3045 2750 3143 2822 μὲν
3168 2751 3232 2803 ὲκ
3259 2749 3368 2802 τῶν
3399 2746 3704 2817 Ἑλλήνων,

2119 2845 2347 2910 πολλοὺς
2389 2846 2447 2899 δὲ
2503 2847 2567 2899 ὲκ
2617 2845 2725 2899 τῶν
2761 2843 3023 2915 αἱρέσεων
3068 2843 3321 2914 ἐπήγετο.
3351 2839 3616 2912 Συνέρῤει
3642 2837 3705 2893 δι

2119 2938 2256 3010 πρὸς
2288 2937 2451 2992 αὐτὸν
2480 2937 2739 2992 ἑκάστοτε
2780 2935 2999 3007 πλῆθος,
3035 2935 3142 2988 τῶν
3191 2934 3309 3004 μὲν,
3340 2933 3426 2986 ἐπ’
3458 2930 3706 3003 ὠφελείᾳ

2119 3028 2523 3100 ἀκουσομένων,
2545 3027 2653 3081 τῶν
2680 3027 2759 3090 δὲ,
2786 3026 3094 3096 ἀπόπειραν
3113 3023 3452 3096 ληψομένων.
3484 3024 3705 3075 Ἀπαν-

2117 3123 2217 3185 τάς
2268 3138 2327 3174 τε
2370 3120 2514 3192 ᾕρει,
2547 3122 2643 3174 καὶ
2668 3118 2736 3173 τὰ
2766 3119 2906 3173 αὐτὰ
2958 3117 3201 3184 δοξάζειν
3263 3113 3413 3186 αύτῷ
3466 3115 3601 3181 περὶ
3640 3112 3704 3165 τὸ

2119 3213 2274 3267 Θεῖον
2292 3211 2495 3267 ἔπειθε.
2525 3209 2787 3265 Τοσοῦτον
2809 3210 2867 3263 δὲ
2899 3209 3037 3281 πρὸς
3059 3209 3222 3263 αὐτὸν
3250 3209 3311 3261 τὸ
3338 3206 3541 3277 πλῆθος
3569 3207 3699 3257 ὲκε-

2121 3303 2351 3372 χήνεσαν
2390 3300 2524 3370 (16),
2553 3299 2778 3353 καὶτῶν
2806 3299 2969 3352 αὐτοῦ
3001 3298 3175 3366 λόγων
3208 3297 3367 3367 κόρον
3389 3296 3487 3347 οὐκ
3525 3289 3701 3363 εἶχον,

2119 3388 2259 3441 ὥστε
2291 3389 2413 3440 ἐπεὶ
2449 3386 2829 3459 ὠστιζόμενοι,
2863 3389 2957 3442 καὶ
2974 3387 3377 3453 περιθλίϐοντες
3407 3383 3699 3454 ἀλλήλους,

2120 3478 2480 3541 ἐκινδύνευον,
2508 3478 2735 3540 ἕκαστος
2775 3477 3107 3549 προσωτέρω
3167 3476 3305 3530 ἱέναι
3348 3473 3699 3544 βιαζόμενος,

2117 3572 2264 3634 ὅπως
2292 3572 2455 3639 ἐγγὺς
2482 3568 2791 3640 παρεστὼς,
2821 3567 3208 3641 ἀκριϐέστερον
3237 3563 3401 3620 αὑτοῦ
3441 3564 3703 3630 λέγοντος

2119 3661 2306 3716 ἀκούοι
2325 3677 2339 3690 ο
2373 3660 2536 3731 μέσον
2566 3659 2758 3713 ἑαυτὸν
2792 3661 2924 3713 πᾶσι
2954 3658 3232 3728 παρέχων,
3266 3657 3361 3709 ἐπὶ
3388 3654 3481 3708 τοῦ
3513 3654 3700 3725 βήμα-

2117 3769 2208 3816 τος
2249 3751 2357 3805 τῶν
2406 3749 2771 3819 ἀναγνωστῶν
2825 3748 3193 3819 καθεζόμενος
3238 3747 3542 3801 ἐδίδασκεν.
3603 3747 3701 3799 Ἐν

2116 3844 2293 3918 καιρῷ
2319 3843 2378 3897 δέ
2412 3860 2501 3914 μοι
2531 3841 2699 3911 δοκεῖ,
2722 3842 2783 3894 τὸ
2802 3839 3016 3912 συμϐὰν
3042 3841 3135 3894 ἐπὶ
3154 3838 3317 3893 αὐτοῦ
3345 3836 3530 3907 θαῦμα
3554 3853 3701 3906 συμ-

2115 3934 2427 4008 περιλαϐεῖν
2457 3937 2523 4006 τῇ
2557 3937 2763 4007 γραφῇ.
2811 3935 2978 4005 ’Δνήρ
3018 3949 3102 3997 τις
3151 3931 3484 3988 Μακεδονίου
3539 3928 3702 4000 αἱρέ-

2116 4046 2277 4094 σεως,
2304 4010 2531 4101 τοιαύτῃ
2560 4028 2783 4096 γυναικὶ
2808 4026 3060 4096 συνῴκει.
3090 4023 3404 4095 Περιτυχὼν
3444 4022 3504 4075 δὲ
3541 4020 3700 4091 αύτῷ

2114 4121 2416 4175 διδάσκοντι
2455 4120 2603 4183 ὅπως
2644 4119 2752 4190 χρὴ
2792 4118 2919 4190 περὶ
2941 4117 3077 4171 Θεοῦ
3103 4116 3366 4184 δοξάζειν,
3399 4116 3701 4184 ἐπαινέτης

2113 4208 2181 4283 ἦν
2206 4211 2299 4266 τοῦ
2350 4211 2640 4282 δόγματος,
2686 4212 2779 4264 καὶ
2815 4209 2913 4281 τὴν
2933 4212 3167 4279 γυναῖκα
3193 4208 3517 4279 ὁμοφρονεῖν
3542 4204 3701 4275 αύτῷ

2115 4304 2434 4375 παρεκάλει.
2477 4304 2632 4358 Ἐπεὶ
2673 4303 2731 4357 δὲ
2779 4305 2844 4374 τῇ
2897 4302 3005 4374 πρὸ
3053 4301 3244 4354 τούτου
3288 4298 3550 4369 συνηθείᾳ
3594 4297 3700 4349 καὶ

2112 4400 2232 4460 ταῖς
2256 4395 2492 4467 ὁμιλίαις
2536 4395 2645 4449 τῶν
2697 4394 2988 4464 γνωρίμων
3017 4392 3289 4463 γυναικῶν
3328 4391 3548 4460 ἡττᾶτο,
3595 4389 3700 4442 καὶ

2119 4487 2377 4551 πολλάκις
2405 4485 2671 4540 νουθετῶν
2697 4486 2725 4538 ὁ
2749 4485 2889 4556 ἀνὴρ
2913 4483 3064 4537 οὐδὲν
3094 4484 3276 4555 ἧνυεν,
3303 4482 3365 4535 Et
3402 4480 3498 4552 μὴ,
3533 4482 3699 4549 φησὶ,

2115 4580 2463 4650 κοινωνήσεις
2485 4576 2691 4650 μοιτῶν
2704 4576 2881 4643 θείων,
2908 4575 3142 4631 οὐδὲτοῦ
3183 4576 3300 4647 βίου
3316 4574 3570 4636 κοινωνὸς
3590 4573 3700 4646 ἔσῃ

2122 4689 2211 4743 μοι
2239 4672 2332 4725 τοῦ
2364 4669 2572 4724 λοιποῦ.
2603 4668 2868 4722 Ἐνταῦθα
2883 4668 2941 4723 δὲ
2965 4670 2998 4740 ἡ
3024 4670 3166 4741 γυνὴ
3203 4668 3504 4737 συνθεμένη
3534 4664 3701 4719 τοῦτο

2120 4767 2314 4829 ποιεῖν,
2346 4764 2617 4818 κοινοῦται
2644 4780 2750 4816 τινι
2788 4762 2898 4817 τῶν
2950 4762 3348 4834 θεραπαινίδων
3395 4762 3462 4833 ἢν
3505 4762 3701 4830 ἠγεῖτο

2123 4856 2341 4928 πιστὴν,
2384 4859 2478 4911 καὶ
2514 4854 2927 4927 παραλαμϐάνει
2972 4855 3231 4927 συνεργὸν
3268 4856 3325 4917 ἐς
3356 4854 3572 4921 ἀπάτην
3595 4850 3699 4905 τοῦ

2122 4949 2334 5021 ἀνδρός.
2368 4951 2502 5020 Περὶ
2526 4950 2582 5002 δὲ
2612 4949 2702 5004 τὸν
2732 4947 2920 5019 καιρὸν
2947 4948 3057 5002 τῶν
3085 4946 3399 5018 μυστηρίων
3439 4944 3612 5015 (ἴσασι
3637 4943 3697 4997 δὲ

1540 5092 1541 5095 γ
1645 5132 1918 5189 VALESll
1955 5128 2507 5189 ANNOTATIONES.

516 5240 631 5314 (ιο)
665 5238 964 5333 ecastor
988 5242 1057 5333 εει
1084 5243 1445 5333 «eam:
1468 5246 1534 5298 τὸ
1563 5245 2018 5333 euocaue-

2123 5244 2415 5333 admodum
2457 5244 2587 5314 legit
2623 5241 2985 5314 Nicephorus.
3040 5238 3158 5296 Nisi
3190 5236 3446 5294 τοσοῦτον
3500 5250 3698 5292 sumas

445 5309 658 5368 νεσαν.
691 5309 881 5365 Malim
900 5309 1142 5368 scribere
1168 5313 1261 5364 ἐπὶ
1282 5312 1533 5368 τοσοῦτον
1562 5316 1645 5380 δέ,
1669 5309 1785 5370 etc.
1808 5309 2012 5382 Quem;

2115 5315 2525 5371 adverbialiter.

1890 5495 2271 5554 VARIORUM.

517 5615 886 5689 ιξφλαϐζτας.
921 5614 1047 5670 Fuit
1094 5613 1310 5669 Fravita
1345 5612 1830 5689 na_t_ione_Qothus,
1874 5614 1970 5671 sed
2008 5616 2273 5688 religione
2299 5616 2574 5689 Paganus,
2595 5615 2775 5688 inquit
2799 5610 3199 5686 Philostorgius
3229 5610 3326 5668 lib.
3368 5626 3445 5678 ιι,
3477 5623 3597 5680 cap.
3626 5600 3688 5661 8.

447 5685 650 5745 Suidas
680 5686 843 5742 etiam
865 5693 1101 5742 testatur
1123 5700 1249 5744 eum
1277 5683 1535 5757 gentilem
1564 5682 1755 5740 fuisse.
