4054 6188
460 300 590 354 1551

1926 301 2270 357 SOZOMENI

3574 305 3594 356 l
3605 304 3720 360 533

451 422 644 484 utpote
697 415 793 486 qui
844 414 1069 484 indigna
1132 415 1387 470 ministro
1447 413 1540 470 Dei
1589 417 1806 470 loculus
1859 425 2030 478 esset,

2146 419 2204 472 '0
2233 418 2289 471 δέ
2322 417 2501 488 ἰατρὸς
2529 419 2604 472 ὢν
2625 418 2864 489 ἄριστος,
2902 417 2996 471 καὶ
3032 415 3356 479 ἀοκνότατος
3389 415 3569 482 λέγειν
3600 417 3720 486 (Ἥ)

449 507 599 562 domi
643 508 710 562 ad
763 517 979 573 tempus
1035 521 1286 568 manere,
1337 516 1392 560 et
1443 507 1771 576 paenitentia
1821 507 2034 576 expiari

447 600 711 666 iusserat.
760 599 830 650 At
864 596 1028 669 334
1073 596 1392 660 Gerontius,
1430 613 1553 652 cum
1581 607 1634 653 et
1663 599 1912 668 optimus
1943 615 2036 653 es-

450 699 534 745 set
576 689 822 744 medicus
851 705 914 744 ac
946 690 1425 759 diligentissimus,
1458 696 1513 744 et
1549 691 1613 744 ad
1645 691 1936 745 dicendum
1971 706 2036 744 ac

452 781 918 852 persuadendum,
981 779 1373 850 parandosque
1427 780 1638 834 amicos
1691 781 2032 850 aptissimus,

452 874 608 942 quasi
645 873 996 928 Ambrosium
1024 873 1304 936 deridens,
1335 871 1874 942 Constantinopolim
1908 887 2036 942 per-

450 965 616 1019 rexit.
651 963 766 1018 Illic
794 964 950 1018 brevi
987 961 1250 1031 temporis
1278 963 1457 1032 spatio
1489 962 1542 1015 in
1573 962 1874 1016 amicitiam
1905 977 2036 1032 quo-

452 1056 702 1110 rumdam
742 1055 835 1124 qui
876 1055 930 1108 in
964 1054 1176 1124 palatio
1229 1053 1530 1122 plurimum
1585 1060 1863 1122 poterant,
1913 1068 2037 1108 sese

453 1147 757 1202 insinuavit
793 1165 805 1200 :
853 1160 957 1200 nec
1001 1145 1169 1200 multo
1205 1154 1329 1214 post
1360 1143 1810 1198 Nicomediensis
1841 1142 2033 1199 Eccle-

452 1237 549 1292 sia:
588 1238 969 1307 episcopatum
1010 1236 1244 1307 adeptus
1281 1246 1384 1291 est.
1428 1234 1719 1290 Ordinavit
1755 1241 1938 1289 autem
1969 1235 2038 1288 il-

453 1329 566 1383 lum
621 1328 904 1383 Helladius
948 1328 1218 1382 Carsarea:
1271 1326 1658 1397 Cappadocum
1711 1326 2032 1396 episcopus,

453 1421 599 1476 hanc
640 1422 718 1474 illi
757 1420 992 1490 gratiam
1049 1419 1316 1483 referens,
1348 1434 1419 1474 eo
1451 1419 1598 1489 quod
1633 1417 1896 1488 suffragio
1933 1433 2036 1472 suo

455 1510 795 1580 splendidam
841 1510 895 1564 in
949 1510 1150 1580 palatio
1177 1511 1428 1564 militiam
1464 1509 1573 1564 lilio
1603 1509 1779 1579 ipsius
1814 1523 2034 1579 compa-

456 1610 650 1658 rasset.
701 1601 834 1668 Quae
878 1617 1006 1655 cum
1055 1601 1336 1656 didicisset
1389 1601 1750 1664 Ambrosius,
1814 1598 2037 1668 scripsit

451 1692 710 1747 Nectario
739 1694 1001 1763 episcopo
1027 1693 1658 1762 Constantinopolitano,
1687 1700 1745 1744 ut
1775 1689 2038 1746 Gerontio

452 1786 820 1841 sacerdotium
879 1787 1182 1849 adimeret,
1240 1800 1340 1840 nec
1392 1801 1452 1840 se
1499 1796 1551 1840 et
1605 1784 2037 1839 ecclesiasticam
2069 1773 2110 1827 Β

451 1877 799 1946 disciplinam
833 1877 1166 1931 contumelia
1204 1877 1340 1929 allici
1370 1883 1666 1945 pateretur.
1702 1873 1902 1929 Verum
1933 1873 2038 1929 Ne-

451 1970 680 2031 ctarius,
708 1969 960 2038 quamvis
991 1969 1142 2021 omni
1181 1967 1363 2022 studio
1400 1967 1452 2021 id
1488 1967 1748 2037 perficere
1777 1973 2035 2030 conatus,

451 2074 733 2128 nunquam
781 2067 961 2112 tamen
1012 2057 1264 2112 obtinere
1301 2059 1498 2127 potuit,
1549 2057 1825 2113 universis
1873 2057 2038 2112 simul

452 2147 968 2204 Nicomediensibus
1009 2148 1058 2202 ei
1097 2147 1312 2203 fortiter
1351 2149 1756 2204 resistentibus.
1793 2147 2036 2204 Joannes

449 2254 584 2294 vero
615 2254 738 2294 cum
772 2239 923 2292 illum
959 2237 1328 2310 deposuisset,
1361 2237 1482 2308 ejus
1513 2239 1633 2292 loco
1666 2236 2034 2308 PauSOphium

450 2331 744 2386 ordinavit.
800 2329 900 2384 llic
949 2330 1138 2385 uxoris
1179 2329 1400 2384 Arcadii
1457 2329 1806 2399 imperatoris
1853 2329 2034 2398 paeda-

451 2439 624 2494 gogus
657 2423 854 2478 fuerat.
887 2421 984 2476 Vir
1011 2423 1134 2492 pius
1179 2421 1398 2491 quidem
1441 2428 1496 2477 et
1525 2422 1756 2490 placidis
1789 2422 2036 2477 moribus

453 2532 518 2571 ac
549 2515 877 2570 moderatis:
909 2513 1420 2569 Nicomediensibus
1446 2523 1626 2567 tamen
1661 2514 1884 2568 minime
1913 2530 2037 2584 gra-

450 2616 562 2664 tus.
620 2608 810 2678 Itaque
859 2607 1185 2664 seditionem
1241 2607 1495 2661 crebrius
1547 2607 1870 2670 excitantes,
1917 2615 2035 2660 tum

453 2700 728 2768 privatim,
763 2709 874 2753 tum
917 2699 1155 2770 publice,
1190 2697 1437 2752 Gerontii
1470 2697 1733 2752 beneficia
1786 2714 2036 2754 recense-

450 2791 606 2855 bant,
653 2799 706 2845 et
735 2789 1068 2844 uberrimam
1099 2790 1387 2844 utilitatem
1422 2803 1584 2858 quam
1619 2804 1684 2843 ex
1735 2789 1881 2844 illius
1921 2800 2038 2845 arte

451 2883 661 2938 medica
693 2883 1107 2953 percipiebant:
1140 2881 1522 2939 dexteritatem
1556 2881 1794 2951 denique
1838 2898 1900 2936 ac
1946 2898 2035 2937 se-

451 2974 736 3027 dulitatem
775 2989 887 3039 qua
916 2988 1046 3042 erga
1089 2987 1278 3028 omnes
1309 2989 1374 3028 ex
1405 2988 1584 3042 (equo,
1627 2981 1733 3026 tam
1769 2987 2038 3042 pauperes

450 3080 612 3132 «Illam
661 3063 860 3120 divites
909 3066 1188 3122 utebatur.
1219 3064 1315 3120 llis
1349 3065 1486 3119 alias
1521 3081 1738 3134 quoque
1767 3065 1889 3134 ejus
1929 3066 2038 3119 vir-

452 3164 600 3211 tutes
651 3155 1008 3222 adjiciebant,
1059 3163 1247 3225 utpote
1296 3156 1454 3210 amici
1505 3171 1568 3210 ac
1606 3156 1875 3212 benevoli.
1926 3155 2036 3211 Nec

453 3261 616 3302 secus
647 3261 710 3299 ac
747 3246 800 3299 in
842 3254 1005 3300 terra:
1032 3256 1182 3299 motu
1217 3255 1313 3299 aut
1341 3246 1606 3312 siccitate,
1635 3255 1729 3300 aut
1764 3248 1869 3301 alia
1895 3264 2034 3317 qua-

452 3341 597 3409 piam
630 3339 946 3393 calamitate
977 3338 1193 3394 caelitus
1244 3340 1481 3404 invecta,
1515 3355 1612 3410 per
1641 3340 1852 3409 plateas
1897 3342 2038 3394 civi-

449 3426 580 3482 tatis
614 3444 728 3482 sua:
766 3436 820 3482 et
859 3428 1375 3500 Constantinopolis
1429 3432 1836 3486 circumeuntes
1890 3431 2036 3500 psal-

450 3517 656 3582 lebant,
702 3519 920 3590 Deoque
971 3521 1358 3592 supplicabant
1394 3530 1451 3576 ut
1505 3522 1656 3575 illum
1707 3522 2036 3592 episcopum

451 3610 739 3665 haberent.
784 3610 1026 3666 Tandem
1069 3627 1199 3668 vero
1231 3613 1429 3673 coacti.
1466 3613 1617 3666 illum
1652 3612 1868 3681 quidem
1901 3628 2026 3666 cum

449 3702 600 3756 luctu
642 3719 704 3757 ac
742 3705 1037 3772 gemitibus
1075 3705 1441 3761 dimiserunt:
1490 3705 1860 3774 Pansopliium
1898 3721 2028 3760 vero

2136 512 2228 563 καὶ
2256 511 2485 574 πείθειν,
2527 511 2623 564 καὶ
2657 509 2842 579 φίλους
2878 510 3183 578 περιποιεῖν
3221 507 3428 570 ἱκανὸς,
3455 507 3531 567 ὼς
3555 508 3719 575 ἐπεγ-

2134 602 2307 670 γελῶν
2360 602 2686 674 ’Λμϐροσίῳ,
2719 596 2853 673 ἦκεν
2881 602 2960 664 είς
2990 598 3583 652 Κωνσταντινούπολιν.
3629 599 3718 651 Ἐν

2133 693 2298 764 ὀλίγῳ
2320 710 2378 746 τε
2405 694 2580 763 χρόνῳ
2605 692 2754 756 τινάς
2785 692 2893 744 τῶν
2927 693 2982 743 ἐν
3013 693 3124 753 τοῖς
3161 689 3453 759 βασιλείοις
3484 689 3721 760 δυναμέο

2133 804 2238 838 νων
2269 788 2496 838 ποιεῖται
2526 785 2712 853 φίλους
2741 799 2754 812 ο
2799 783 2892 836 καὶ
2935 783 3050 852 μετ’
3079 782 3139 834 οὐ
3175 781 3311 832 πολὺ
3359 781 3718 850 ἐπιτρέπεται

2133 877 2231 948 τὴν
2265 877 2617 948 Νικομηδέων
2645 876 2971 946 ἐπισκοπήν.
3015 873 3422 944 Ἐχειροτόνησε
3453 872 3511 924 δέ
3553 871 3718 924 αὑτὸν

2143 969 2414 1032 Ἐλλάδιος
2447 968 2560 1040 (22)
2581 970 2609 1020 ὁ
2633 966 2964 1040 Καισαρέων
2991 965 3376 1020 Καππαδοκῶν
3393 965 3714 1028 ἐπίσκοπος,

2133 1059 2494 1130 ἀμειϐόμενος
2545 1059 2733 1114 καθότι
2780 1057 2931 1110 παιδὶ⁸
2962 1057 3125 1112 αὑτοῦ
3153 1058 3414 1128 πρόξενος
3458 1057 3718 1126 λαμπρᾶς

2137 1150 2472 1224 στρατ[ε]ιᾶς
2491 1151 2704 1219 ἐγένετο
2719 1152 2774 1203 ἐν
2791 1152 2902 1214 τοῖς
2922 1150 3232 1220 βασιλείοις.
3253 1148 3455 1203 Μαθὼν
3467 1148 3525 1200 δὲ
3546 1147 3720 1201 ταῦτα

2149 1243 2490 1314 Ἀμϐρόσιος,
2537 1242 2742 1314 ἔγραψε
2769 1243 3058 1313 Νεκταρίῳ
3092 1241 3170 1312 τῷ
3213 1241 3596 1311 προϊσταμένῳ
3621 1241 3720 1308 τῆς

2148 1336 2473 1406 Ἐκκλησίας
2503 1335 3146 1398 Κωνσταντινουπόλεως,
3196 1332 3494 1402 ἀφελέσθαι
3525 1333 3723 1402 Γερον-

2133 1431 2248 1483 τίου
2271 1431 2369 1500 τὴν
2400 1429 2442 1482 ίε
2454 1429 2722 1499 ρωσύνην,
2743 1428 2840 1481 καὶ
2872 1428 2948 1498 μὴ
2973 1427 3238 1497 περιιδεῖν
3266 1425 3430 1478 αὑτὸν
3454 1423 3720 1494 ὑϐρισμέ-

2135 1539 2246 1586 νον,
2279 1521 2373 1574 καὶ
2399 1523 2496 1592 τὴν
2515 1519 2974 1590 ἐκκλησιαστικὴν
2995 1517 3166 1583 τάξιν.
3199 1515 3493 1586 Νεκταρίῳ
3515 1515 3592 1578 δὲ,
3624 1515 3720 1567 καὶ

2141 1609 2286 1680 μάλα
2307 1608 2466 1660 τοῦτο
2485 1607 2867 1668 σπουδάσαντι,
2896 1606 3115 1674 γέγονεν
3136 1606 3422 1674 ἀνήνυτον,
3447 1603 3719 1673 πανδημεὶ

2138 1699 2248 1752 τῶν
2271 1696 2622 1768 Νικομηδέων
2641 1696 2909 1768 ἀνδρικῶς
2932 1694 3359 1764 ἀνθισταμένων.
3378 1695 3435 1748 '0
3450 1695 3508 1747 δέ
3537 1693 3715 1748 Ἰωάν-

2139 1809 2236 1862 νης
2265 1789 2507 1844 καθελὼν
2530 1789 2708 1852 αὐτὸν,
2741 1788 3114 1858 ἐχειροτόνησε
3138 1787 3459 1854 Πανσόφιον·
3478 1786 3536 1848 ὃς
3570 1785 3718 1841 παιδ-

2140 1881 2352 1951 αγωγὸς
2380 1881 2622 1948 ἐγεγόνει
2647 1879 2748 1949 τῆς
2765 1879 2858 1932 τοῦ
2896 1879 3160 1950 βασιλέως
3182 1878 3450 1949 γαμετῆς·
3487 1876 3716 1946 εὐλαεὴς

2139 1975 2217 2038 δὲ,
2247 1975 2340 2027 καὶ
2360 1975 2421 2026 τὸ
2444 1971 2575 2044 ἦθος
2608 1973 2831 2044 μέτριός
2859 1989 2915 2025 τε
2947 1973 3038 2024 καὶ
3072 1973 3244 2042 πρᾶος
3273 1987 3286 1999 ·
3319 1971 3379 2022 οὐ
3420 1971 3527 2040 μὴν
3557 1970 3716 2021 Nixo-

2143 2064 2370 2134 μηδεῦσι
2403 2064 2760 2133 καταθύμιος.
2806 2063 3205 2124 Στασιάσαντες
3250 2061 3381 2129 γοῦν
3435 2059 3716 2124 πολλάκις,

2138 2152 2290 2220 κοινῇ
2324 2168 2380 2203 τε
2413 2152 2507 2204 καὶ
2541 2151 2677 2222 πρὸς
2699 2151 2926 2204 ἕκαστον
2955 2148 3368 2221 ἀπηριθμοῦντο
3396 2149 3492 2211 τάς
3518 2149 3717 2216 Γερον-

2137 2242 2253 2296 τίου
2283 2243 2623 2312 εὐεργεσίας,
2659 2243 2754 2296 καὶ¹
2784 2243 2880 2312 τὴν
2910 2245 2974 2296 ἐκ
3002 2243 3100 2312 τῆς
3136 2243 3442 2312 ἐπιστήμης
3483 2239 3722 2306 ἄφθονον
3771 2293 3778 2302 ,

2138 2335 2347 2405 χρείαν,
2375 2336 2467 2386 καὶ
2492 2335 2553 2386 τὸ
2583 2335 2710 2405 περ)⁵
2726 2335 2930 2396 πάντας
2949 2333 3235 2396 πλουσίους
3263 2349 3321 2384 τε
3355 2333 3447 2384 καὶ
3480 2329 3721 2400 πένητας

2139 2427 2335 2496 ἐπίσης
2389 2425 2616 2494 ἄφθονόν
2651 2443 2710 2478 τε
2753 2426 2849 2479 xui.
2894 2425 3104 2478 ἄοκνον.
3140 2423 3362 2486 Τούτοις
3408 2422 3463 2474 δὲ
3505 2421 3600 2473 καὶ
3624 2420 3722 2482 τὰς

2138 2517 2301 2581 ἄλλας
2355 2519 2557 2587 ἀρετὰς
2609 2516 2982 2587 προσετίθουν,
3024 2511 3112 2569 οἷά
3141 2532 3202 2584 γε
3229 2514 3373 2576 εἰκὸς
3405 2511 3721 2582 φιλοῦντας.

2140 2612 2249 2664 Καὶ
2277 2611 2352 2673 ῶς
2377 2610 2467 2662 ἐπὶ
2522 2612 2783 2680 σεισμοῖς,
2816 2609 2849 2678 ἣ
2879 2609 3127 2678 αὐχμοῖς,
3168 2605 3200 2676 ἢ
3247 2605 3435 2666 ἄλλαις
3463 2605 3577 2656 τισὶ
3610 2601 3723 2653 θεο-

2143 2703 2380 2772 μηνίαις,
2406 2700 2708 2771 περιιόντες
2737 2700 2793 2751 ἐν
2830 2701 2948 2761 ταῖς
2971 2698 3206 2764 ἀγυιαῖς,
3239 2694 3339 2748 ἀνὰ
3362 2693 3458 2764 τὴν
3487 2691 3724 2762 πατρίδα

2137 2793 2235 2864 τὴν
2251 2791 2457 2847 ἑαυτῶν
2486 2793 2578 2844 καὶ
2606 2790 2702 2860 τὴν
2735 2786 3300 2843 Κωνσταντινοόπολιν
3343 2785 3592 2854 ἔψαλλον,
3632 2783 3726 2835 καὶ

2141 2886 2378 2939 ἱκέτευον
2404 2885 2494 2937 τὸν
2521 2883 2673 2944 Θεὸν,
2699 2881 2993 2934 ἐπίσκοπον
3038 2879 3196 2932 αὑτὸν
3233 2877 3396 2947 ἔχειν.
3442 2876 3518 2929 Τὸ
3546 2875 3602 2928 δὲ
3639 2893 3725 2926 τε-

2138 2977 2382 3030 λευταῖον
2411 2973 2744 3046 βιασθέντες,
2762 2972 2856 3026 τοῦ
2876 2973 2974 3044 μὲν
3007 2971 3399 3040 ἀπηλλάγησαν
3424 2970 3521 3020 σὺν
3535 2967 3722 3022 πένθει

2139 3069 2233 3124 καὶ
2263 3069 2515 3140 ὀδυρμοῖς
2537 3085 2547 3098 ’
2575 3066 2662 3121 τὸν
2689 3066 2766 3130 δὲ,
2795 3065 2930 3136 μετά
2952 3065 3102 3127 δέους
3121 3065 3215 3116 καὶ
3241 3062 3426 3132 μίσους
3447 3060 3721 3124 ἐδέξαντο.

2151 3161 2430 3214 Ἐντεῦθεν
2462 3159 2519 3213 δὲ
2547 3161 2596 3212 οἱ
2623 3158 3059 3228 καθαιρεθέντες,
3101 3157 3193 3209 καὶ
3220 3156 3268 3207 οἱ
3302 3153 3506 3207 τούτων
3531 3153 3721 3220 ἐπιτή-

2137 3252 2288 3314 δειοι,
2321 3251 2624 3321 ἐπῃτιῶντο
2657 3249 2932 3320 Ἰωάννην,
2959 3248 3033 3311 ὡς
3081 3246 3320 3318 ἀρχηγὸς
3349 3242 3720 3313 νεωτερισμοῦ

2137 3343 2258 3404 ταῖς
2293 3331 2639 3410 Ἐκκλησίαις
2654 3339 2888 3408 ἐγένετο,
2914 3338 3007 3391 καὶ
3037 3335 3105 3389 τὰ
3134 3335 3318 3388 δίκαια
3342 3333 3448 3386 τῶν
3474 3348 3718 3402 χειροτο-

2139 3433 2264 3485 νιῶν
2325 3432 2476 3500 παρά
2533 3432 2660 3496 τοὺς
2719 3431 2978 3502 πατρίους
3023 3429 3220 3500 νόμους
3265 3425 3714 3494 ἐκαινοτόμησεν’

2139 3522 2243 3575 ὑπὸ
2271 3523 2327 3576 δέ
2354 3523 2550 3594 λύπης.
2587 3523 2679 3576 καὶ
2708 3522 2775 3575 τὰ
2812 3521 2971 3590 λόγου
3004 3520 3128 3586 ἀξια
3173 3517 3322 3586 αὐτῷ
3350 3513 3720 3586 πεπραγμένα

2137 3613 2278 3668 κατὰ
2337 3613 2435 3678 τὰς
2495 3613 2605 3672 τῶν
2634 3612 2845 3666 πολλῶν
2876 3612 3033 3676 δόξας
3077 3609 3372 3662 διέϐαλλον.
3413 3605 3718 3676 Ἀμέλει-τοι

2135 3705 2228 3757 καὶ
2257 3704 2317 3756 τὸ
2353 3705 2444 3756 ἐπὶ
2475 3703 2774 3775 Εὐτροπίου
2803 3703 2924 3756 τότε
2960 3700 3174 3772 συμϐὰν
3203 3701 3260 3752 ἐν
3289 3698 3437 3770 μέσῳ
3469 3697 3605 3767 (2⁸5).

447 3806 572 3848 cum
608 3793 738 3848 odio
765 3807 830 3848 ac
863 3802 1008 3848 metu
1045 3804 1424 3865 susceperunt.
1458 3795 1664 3852 Exinde
1693 3797 1744 3850 lii
1790 3797 1881 3864 qui
1931 3794 2167 3866 depositi
2232 3794 2472 3860 fuerant,
2539 3803 2593 3851 et
2628 3794 2847 3850 illorum
2922 3793 3244 3857 necessarii,
3306 3788 3572 3844 Joannem
3619 3804 3714 3843 ac-

1653 3971 1921 4026 VALESII
1962 3971 2519 4029 ANNOTATIONES.

446 4115 598 4170 illum
631 4113 828 4168 Suidas
860 4114 917 4168 in
947 4128 1079 4167 voce
1107 4113 1376 4181 ἔμπουσά.
1421 4121 1472 4165 et
1505 4124 1694 4164 auctor
1746 4112 2023 4181 Etymolo-

443 4185 574 4262 sici.
634 4184 692 4262 in
741 4200 870 4262 quo.
896 4181 1248 4238 scribendum
1300 4189 1385 4236 est
1457 4181 1696 4262 όνοκώλη
1761 4197 1862 4262 pro
1910 4181 2024 4262 όνο-

445 4251 625 4325 ἕτώλη.
657 4253 826 4308 Porro
859 4254 961 4308 hoc
987 4262 1267 4325 spectruu}
1297 4254 1593 4325 apparebat
1623 4251 1897 4325 praecipue
1923 4251 2026 4305 iter

448 4321 828 4385 facientibus.
885 4334 945 4378 ut
1000 4321 1161 4392 docet
1217 4321 1578 4391 llarpocrat-io
1631 4339 1644 4376 :
1709 4323 2022 4392 Ἔμπουσα,

2209 4110 2322 4180 (22)
2346 4111 2796 4180 Ἐχειροτόνησε
2825 4111 2896 4165 δὲ
2920 4110 3107 4180 αὐτὸν
3172 4108 3506 4180 Eudamo
3543 4107 3713 4162 Miror

2135 4177 2646 4250 quomodo'faetnm
2683 4177 2775 4243 sit,
2807 4191 2865 4235 ut
2894 4179 3172 4235 llelladius
3201 4177 3564 4250 Caesariensis
3594 4180 3710 4248 epi-

2133 4249 2335 4320 scopus
2355 4250 2680 4306 Gerontium
2708 4251 3042 4306 Nicomedia
3065 4251 3389 4320 episc0pum_
3408 4249 3710 4320 ordinaret.

2131 4318 2319 4391 Neque
2375 4323 2519 4376 enim
2560 4321 2876 4377 Nicomedia
2917 4323 3024 4377 sub
3074 4318 3299 4376 ὀίωοεεί
3355 4318 3712 4374 Caesariensis

449 4395 655 4474 inquit:1
691 4395 883 4465 φάσμα
912 4395 1009 4474 τῆς
1049 4387 1830 4474 Ἑκάτης,’ᾗπερμστοιχοξὶσίν
1871 4392 2026 4474 ἐρραί-

2135 4387 2398 4474 episcopi.
2434 4391 2550 4474 Iuro
2585 4393 2836 4474 subjecta
2867 4405 2986 4474 erat
3017 4393 3276 4474 episcopo
3310 4391 3712 4474 Constantino-

445 4463 588 4518 νετο.
617 4463 834 4532 Exquo
859 4463 1168 4533 corrigendi
1193 4471 1320 4517 sunt
1343 4463 1669 4533 Sclioliastes
1703 4463 2027 4530 Aristopha-

449 4536 537 4589 nis
566 4535 632 4589 ad
681 4534 882 4597 flauas,
937 4545 990 4588 et
1023 4532 1241 4587 ’Suidas
1297 4541 1351 4587 et
1410 4540 1611 4585 auctor
1646 4532 2035 4602 Etymologici,

447 4605 592 4673 apud
633 4621 771 4672 quos
822 4608 933 4668 τοῖς
965 4603 1284 4673 δυστυχοῦσι
1339 4603 1536 4673 legitur
1589 4617 1686 4670 pro
1733 4602 2021 4672 στοιχοῦσι.

446 4671 623 4738 Quam
654 4671 1098 4728 emendationem
1133 4671 1425 4728 confirmat
1455 4671 1828 4728 Philostratus
1854 4671 1930 4725 in
1968 4675 2029 4728 li-

448 4742 548 4813 bro
588 4759 647 4805 ll,
681 4743 754 4796 De
776 4746 883 4798 vita
911 4744 1208 4813 Apollonii,
1241 4759 1363 4813 cap.
1399 4743 1455 4801 2.
1488 4743 1772 4813 liisverbis
1809 4761 1820 4796 :
1871 4744 2024 4797 Ἐπο·

447 4810 670 4933 ρεύοντο
701 4814 809 4882 γὰρ
856 4816 912 4866 ἐν
959 4810 1161 4884 ’σελήνῃ
1211 4810 1458 4884 λαμπρᾴο
1519 4812 1710 4882 φάσμα
1746 4813 1802 4864 δὲ
1845 4815 2027 4879 αὐτοῖς

480 4879 728 4933 iuratione
769 4883 1011 4933 ἐνέπεσε.
1045 4885 1158 4933 τοδὶ
1181 4885 1438 4933 γινομένη
1468 4885 1562 4933 καὶ
1589 4881 1701 4933 τοδὶ
1739 4878 1804 4933 αὖ
1838 4885 1931 4933 καὶ
1967 4886 2027 4933 τὸ

479 4878 728 4954 μπούσῃς
769 4878 1011 4954 ἐνέπεσε,
1045 4878 1161 4937 «bas:
1181 4878 1440 4954 γινὸμὲνή
1468 4878 1562 4937 καὶ
1589 4878 1701 4936 τάδι
1739 4878 1804 4936 αὖ
1838 4885 1931 4947 καὶ
1967 4878 2028 4938 τὸ

443 4945 596 5024 οὖδέν
624 4945 786 5024 εἴναι.
813 4953 956 5006 Idem
994 4958 1050 5008 in
1088 4945 1272 5019 lib.iv,
1297 4945 1495 5024 capftt.
1535 4955 1634 5010 bas
1672 4945 1931 5022 empusa's
1957 4956 2026 5010 ab

445 5023 572 5076 aliis
624 5021 815 5076 lainias
889 5030 949 5076 et.
1017 5021 1380 5080 mormolucia
1417 5024 1524 5082 dici
1569 5029 1685 5087 ait,
1740 5021 1804 5080 et.
1843 5026 2026 5079 carnis

448 5092 1217 5161 humanaeappetentissimas
1267 5111 1410 5150 esse.
1451 5095 1557 5148 Sed
1586 5104 1646 5149 ut
1677 5096 1742 5148 ad
1789 5111 2025 5151 onosce-

448 5161 591 5217 lidas
622 5160 936 5224 redeamus,
967 5161 1034 5216 de
1057 5165 1124 5219 iis
1157 5163 1372 5220 Psellus
1403 5166 1456 5218 in
1492 5165 1632 5221 libro
1671 5167 1742 5219 De
1770 5165 2024 5220 dwmoni-

444 5231 542 5286 bus
574 5232 839 5302 loquitur,
878 5247 1001 5300 pag.
1032 5232 1103 5302 85
1130 5252 1142 5287 :
1173 5235 1328 5287 Ὅσοι
1360 5235 1419 5288 δὲ
1448 5236 1633 5299 τόποις
1663 5237 2026 5300 ἐνδιατρίϐου-

447 5321 530 5356 σιν
559 5301 885 5375 αὐχμηροῖς,
909 5301 1239 5375 ὑπόξηρά-τε
1267 5305 1334 5357 τὰ
1364 5303 1593 5374 σώματα
1617 5306 1853 5375 ἔχουσιν,
1879 5308 2026 5371 οἴους

442 5375 569 5435 τοὺς
601 5369 904 5438 ὀνοσκελείς
934 5369 1102 5438 quati}
1132 5369 1297 5428 εἶναι.

515 5444 628 5514 (ει)
667 5445 775 5498 Kal
796 5444 1159 5511 ἀοκνότατος
1197 5443 1417 5514 λέγειν.
1454 5445 1586 5514 Post
1615 5461 1800 5499 vocem
1835 5447 2024 5501 doxv6~

441 5529 623 5581 τατος,
651 5515 1172 5571 subdistinctionem
1200 5513 1589 5585 apponendam.
1613 5526 1776 5585 puto;
1804 5527 1859 5572 et
1894 5519 2025 5572 reli-

443 5598 552 5655 qua
602 5586 674 5655 ita
703 5585 932 5655 legenda
975 5602 1086 5641 uno
1126 5596 1338 5650 tenore,
1371 5585 1551 5654 λέγειν
1600 5603 1659 5638 τε
1695 5587 1788 5640 καὶ
1816 5588 2024 5642 πείθειν

443 5653 538 5728 καὶ
591 5652 783 5728 φίλους
835 5659 1139 5728 περιποιεῖν
1183 5657 1385 5722 ἱκανός.
1426 5652 1604 5727 Atque
1658 5657 1730 5712 ita
1768 5659 2023 5715 distinxit

440 5719 804 5791 Nicepliorus.

2134 4463 2398 4530 politano.
2452 4461 3002 4532 Quippe'Eudoxius
3058 4461 3712 4532 Constantinopolimnus

2131 4529 2423 4601 episcopus
2451 4602 2458 4603 ί
2482 4529 2780 4602 Eugenium
2836 4535 3158 4603 episcopum
3191 4529 3387 4603 Niczea:
3414 4529 3710 4603 ordinavit,

2131 4614 2188 4656 ut
2216 4604 2410 4656 scribit
2442 4601 3036 4671 PhilestorgiusﬁAdde
3061 4601 3204 4671 quod
3231 4601 3579 4671 Sozomenus
3609 4601 3710 4653 hoc

2131 4673 2251 4726 loco
2284 4682 2470 4742 aperte
2498 4669 2754 4738 testatur»,
2790 4669 3144 4740 Ambrosium
3189 4672 3482 4742 scripsisse
3509 4669 3709 4722 Necta-

2131 4745 2214 4796 rio
2265 4739 2525 4814 episcopo
2566 4743 3228 4814 Constantinopoli;anon
3264 4749 3322 4795 ut
3384 4739 3709 4814 Gerontium

2129 4811 2450 4883 episcopatu
2479 4812 2882 4869 Nicomediensi
2925 4811 3166 4868 exueret.
3195 4812 3379 4883 Quare
3414 4811 3710 4883 dicendum

2127 4895 2213 4938 est
2277 4882 2580 4939 llelladium
2629 4885 2680 4939 id
2720 4886 2918 4939 fecisse
2976 4884 3238 4938 mandato
3279 4882 3526 4950 episcopi
3565 4882 3714 4935 Con—

2131 4956 2648 5022 stantinopolitani;
2679 4965 2772 5008 aut
2816 4964 2966 5009 certe
3002 4955 3053 5008 id
3089 4953 3288 5022 fecisse
3325 4959 3451 5004 ante
3485 4954 3712 5005 ordina-

2130 5025 2332 5082 tionem
2362 5021 2628 5090 Nectarii,
2664 5025 2793 5078 dum
2820 5025 3067 5080 Ecclesia
3098 5021 3711 5090 Constantiuopolitana

2127 5097 2448 5166 episcopum
2480 5112 2590 5150 non
2626 5096 2871 5150 haberet.
2904 5095 3062 5161 Quod
3091 5095 3312 5164 quidem
3346 5094 3526 5146 verius
3557 5104 3707 5161 puto.

2131 5165 2244 5219 Dici
2283 5168 2448 5221 etiam
2490 5175 2668 5236 potest
2728 5165 3050 5234 episcopum
3097 5167 3403 5236 Caesarem,
3448 5171 3709 5233 tanquam

2130 5237 2414 5306 primatem
2452 5233 2690 5292 Pontica:
2744 5233 3070 5299 dioeceseos,
3106 5236 3208 5290 sibi
3262 5233 3571 5288 vindicasse
3620 5251 3713 5288 ore

2127 5307 2466 5361 dinationem
2509 5307 2945 5362 Nieomediensis
2985 5307 3247 5373 episcopi.

2200 5379 2310 5448 (25)
2346 5379 2682 5445 Εὑτροπίου
2729 5379 2862 5431 τότε
2880 5378 3118 5444 συμϐὰν
3163 5376 3483 5448 ἐνεμέσων.
3527 5376 3712 5448 luco-

2127 5447 2246 5503 dice
2290 5448 2591 5502 Fuketiano
2636 5448 2903 5516 scriptum
2957 5447 3382 5519 ιιινειιίσυμῦὰν
3425 5449 3496 5519 ἐν
3539 5447 3707 5516 μέσῳ.

2128 5520 2300 5586 Quam
2328 5520 2658 5588 scripturam
2677 5519 2945 5572 veriorem
2973 5527 3122 5587 puto.
3149 5517 3600 5572 Snbaudiendum
3631 5525 3710 5569 est

2128 5598 2311 5644 autem
2375 5589 2620 5659 verbum
2656 5591 2800 5658 quod
2865 5591 3145 5659 prz’cccssit
3192 5588 3492 5642 διέϐαλλον.
3549 5588 3709 5640 Certe

2127 5661 2363 5730 νεμεσᾷν
2389 5660 2448 5712 τὸ
2483 5658 2718 5729 συμϐάν,
2772 5658 2882 5714 nou
2914 5659 3131 5713 videtur
3164 5659 3488 5730 Graeceidici
3525 5673 3708 5730 posse.

2127 5729 2319 5786 Porro
2355 5729 2602 5801 Eutrapii
2631 5731 2808 5788 caedes
2867 5731 3098 5800 contigit
3155 5745 3300 5785 anno
3337 5729 3546 5786 Christi
3583 5729 3710 5792 599,
