4054 6188
373 227 510 290 ἵετε
1412 236 1418 243 ·
1831 226 2175 286 SOZOMENI
3480 221 3624 296 1536

374 353 754 414 transgressus
791 348 916 398 est:
964 351 1018 398 et
1063 358 1130 398 ex
1177 341 1384 413 palatio
1435 340 1556 397 sese
1613 342 1985 412 proripiens“

2088 342 2318 410 Ιωάννης
2339 357 2354 372 ⁸
2385 340 2494 394 τῶν
2520 341 2616 410 μὲν
2643 341 2699 393 ὲν
2726 340 2950 410 δυνάμει
2971 338 3069 411 τὴν
3091 339 3262 410 ὀφρυν
3296 337 3591 390 κατασπῶν
3609 350 3628 367 ο

375 435 604 504 supplex
639 431 705 486 ad
750 433 1039 488 ecclesiam
1093 431 1360 502 confugit.
1407 432 1526 498 Quo
1557 433 1775 501 quidem
1818 443 1955 488 tem-

2088 432 2130 502 ᾦ
2182 433 2238 484 δὲ
2281 429 2394 502 λαῷ
2438 431 2673 493 δεικνὺς,
2716 430 2792 493 ὼς
2835 429 2984 482 οὐδὲν
3029 429 3136 482 τῶν
3186 425 3542 498 ἀνθρωπίνων
3574 427 3634 479 ὲν

375 539 509 594 pore
554 523 792 578 Joannes
825 524 880 577 in
923 523 1074 576 illum
1111 524 1214 576 sub
1241 537 1398 576 sacra
1427 536 1616 576 mensa
1653 522 1950 590 jacentcm,

2088 522 2234 592 αυτῷ
2268 522 2448 592 μένειν
2473 520 2634 591 φιλεῖ.
2685 521 2753 574 υτ
2789 538 2852 589 γε
2887 519 2991 590 μὴν
3023 518 3454 588 ἀπεχθανόμενοι
3495 515 3636 587 πρὸς

374 615 611 685 eleganti
649 615 882 684 quadam
928 613 1175 669 oratione
1215 614 1465 667 invectus
1517 619 1645 666 est:
1685 619 1799 664 tum
1854 626 1951 680 po-

2092 617 2236 680 ὑτὸν,
2259 616 2351 669 καὶ
2379 615 2537 668 τοῦτο
2569 614 2845 668 διέϐαλλον
2868 655 2882 679 ,
2925 613 2999 677 ὡς
3033 613 3200 665 ὲλεεῖν
3228 612 3346 665 δέον
3381 611 3471 662 τὸν
3505 610 3636 676 περὶ

375 705 608 758 tentium
665 702 950 756 hominum
1007 704 1361 773 supercilium
1423 701 1777 770 deprimens;
1838 711 1952 754 tum

2088 706 2229 775 >υχῆς
2251 705 2648 769 κινδυνεύοντα,
2671 705 2919 774 ἤλεγχεν,
2953 703 3300 772 ἐπεμϐαίνων
3327 703 3447 762 ταῖς
3469 698 3635 752 αὑτοῦ

377 796 580 866 populo
620 795 937 860 ostendens,
987 794 1125 848 nihil
1172 809 1295 849 esse
1345 793 1399 846 in
1443 793 1612 847 rebus
1670 792 1948 857 humanis,

2090 798 2378 867 υμφοραῖς.
2409 796 2548 848 Ἀλλ’
2576 796 2875 866 Εὑτρόπιος
2909 796 3026 865 μὲν,
3049 795 3147 863 τῆς
3176 791 3406 854 ἀσεϐοῦς
3432 789 3639 858 ταύτης

379 888 524 957 quod
557 887 749 942 eodem
779 887 834 940 in
855 893 1001 940 statu
1038 885 1131 940 diu
1163 899 1482 956 permanere
1511 883 1705 953 possit.
1737 881 1801 936 Hi
1823 898 1953 950 ergo

2088 887 2453 958 πιχειρήσεως
2481 886 2750 957 ἀνέπλησε
2781 885 2879 956 τὴν
2902 886 3080 954 δίκην,
3109 883 3208 954 τὴν
3242 881 3485 952 κεφαλὴν
3508 881 3638 932 ἀπο-

379 980 474 1049 (ιυὶ
525 979 720 1034 Joanni
777 978 981 1034 infensi
1028 986 1207 1042 erant,
1258 979 1362 1032 hoc
1413 977 1558 1032 illius
1597 977 1802 1033 factum
1844 977 1952 1031 cri-

2090 978 2280 1049 μηθείς
2301 996 2312 1008 ·
2352 979 2444 1032 καὶ
2467 980 2495 1032 ὁ
2521 979 2696 1040 τεθεὶς
2718 978 2902 1046 νόμος,
2933 976 3104 1046 ἄρδην
3133 977 3197 1028 ἐκ
3226 975 3337 1027 τῶν
3361 973 3636 1042 δημοσίων

377 1067 568 1122 minati
618 1077 766 1130 sunt,
803 1067 948 1137 quod
1007 1081 1131 1121 cum
1183 1067 1302 1136 ejus
1336 1066 1510 1120 vicem
1550 1066 1805 1121 miserari
1858 1067 1985 1122 der

2095 1068 2465 1139 πομνημάτων
2498 1069 2789 1139 ἠφανίσθη.
2853 1068 2922 1120 Ἠ
2963 1067 3019 1119 δὲ
3066 1064 3362 1134 Ἐκκλησία
3394 1059 3452 1116 εὖ
3492 1061 3638 1131 μάλα

379 1156 610 1218 buisset,
645 1154 741 1224 qui
774 1156 844 1209 de
881 1155 1060 1225 capite
1112 1154 1545 1224 periclitabatur,
1593 1169 1716 1209 eum
1765 1169 1952 1223 repre-

2094 1163 2372 1232 ιὲπιρεπεν,
2405 1161 2479 1225 ὡς
2504 1162 2596 1215 τοῦ
2626 1161 2761 1214 Θεοῦ
2799 1159 3042 1231 τιμωροῦ
3081 1157 3373 1227 γενομένου
3403 1158 3461 1208 ὲν
3483 1156 3642 1223 τάχει

379 1245 683 1308 benderat,
732 1245 1004 1300 insultans
1050 1245 1296 1300 adversae
1339 1245 1488 1300 illius
1545 1242 1795 1298 fortunat.
1853 1242 1961 1299 Sed

2088 1251 2168 1305 ’ὦν
2198 1252 2318 1305 κατ’
2353 1251 2521 1320 αὐτῆς
2549 1251 2898 1320 ἀδικημάτων
2923 1267 2935 1279 ο
2962 1249 3055 1302 καὶ
3083 1250 3203 1309 ταῖς
3230 1247 3360 1315 περὶ
3389 1246 3451 1298 τὸ
3482 1244 3640 1296 Θεῖον

380 1336 678 1406 Eutropius
711 1337 956 1407 quidem,
996 1337 1145 1407 impii
1174 1345 1407 1394 conatus
1449 1337 1533 1392 sui
1582 1337 1809 1392 meritas
1841 1350 1960 1407 pin-

2088 1344 2385 1414 ιεραπείαις
2407 1341 2674 1396 ἐπεδίδου.
2709 1339 3121 1410 Προθυμὸτερόν
3145 1354 3202 1390 τε
3232 1337 3354 1389 τότε
3386 1335 3585 1406 μᾶλλον
3613 1337 3643 1389 ὁ

382 1443 482 1483 nas
510 1429 793 1498 persolvit,
840 1429 1021 1499 capite
1071 1438 1358 1484 truncatus
1391 1449 1406 1486 :
1452 1436 1506 1484 et
1551 1429 1637 1484 lex
1673 1443 1794 1498 qua:
1828 1443 1957 1498 pro-

2088 1430 2678 1493 ἱωνσταντινουπόλεως
2698 1430 2826 1492 λαὸς
2855 1431 2965 1492 τοῖς
2999 1428 3239 1490 ἑωθινοῖς
3265 1427 3360 1480 καὶ
3397 1443 3644 1498 νυκτερι-

384 1521 625 1592 mulgata
677 1521 872 1583 fuerat.
921 1536 988 1575 ex
1038 1521 1406 1576 monumentis
1458 1520 1697 1590 publicis
1741 1519 1959 1590 penitus

2088 1523 2175 1585 ὀἷς
2205 1521 2393 1592 ὕμνοις
2419 1520 2638 1591 εχρῆτο,
2667 1519 2808 1573 κατὰ
2840 1518 3110 1589 πρόφασιν
3130 1515 3361 1570 τοιάνδε·

387 1615 604 1668 sublata
668 1622 773 1670 est.
841 1613 1084 1670 Ecclesia
1132 1615 1297 1686 336
1349 1630 1479 1671 vero
1518 1628 1848 1686 magnopere
1911 1615 2162 1682 florebat,
2241 1630 2365 1670 cum
2413 1615 2557 1670 Deus
2599 1615 2832 1684 injurias
2871 1614 2921 1668 ei
2967 1614 3147 1667 illatas
3198 1612 3447 1666 celeriter
3498 1613 3654 1668 ultus,

390 1702 623 1768 fuisset;
658 1711 712 1758 et
783 1703 835 1757 in
872 1704 1022 1758 cultu
1066 1704 1237 1758 divini
1284 1703 1526 1758 numinis
1589 1703 1822 1772 amplius
1861 1701 2197 1772 proficiebat.
2241 1702 2350 1758 Sed
2392 1711 2447 1758 et
2492 1703 2727 1772 populus
2795 1698 3458 1770 Constantinopolitanus,
3529 1714 3642 1752 ma-

391 1791 582 1848 tutinis
611 1807 674 1846 ac
706 1794 989 1848 nocturnis
1025 1793 1243 1864 hymnis
1274 1792 1474 1848 exinde
1507 1792 1814 1864 promptius
1841 1795 1919 1851 uti
1957 1794 2124 1864 crepit
2155 1793 2296 1850 hanc
2328 1794 2400 1849 ob
2423 1807 2646 1848 causam
2679 1807 2696 1843 :

1037 1887 1188 1942 CAP.
1215 1887 1348 1942 VIII.

392 1976 470 2031 De
494 1977 886 2044 rantiphonariis
908 1976 1284 2044 hymnis,quos
1310 1976 1559 2030 adversus
1583 1977 1816 2030 Arianos
1842 1977 1968 2029 cani

466 2043 699 2099 Joannes
737 2043 1001 2098 instituit:
1033 2054 1084 2098 et
1127 2046 1384 2112 quomodo
1418 2047 1531 2114 ejus
1563 2046 1968 2109 prwdicationi-

465 2115 560 2167 bus
606 2123 775 2166 auctae
808 2123 930 2167 sunt
977 2129 1058 2168 res
1101 2114 1514 2170 orthodoxorum
1549 2131 1567 2168 :
1613 2116 1803 2170 divites
1845 2132 1966 2171 vero

465 2183 646 2237 dolore
676 2184 852 2251 aﬂ‘ecti
885 2183 1120 2252 fuerunt.

469 2271 601 2326 Nam
638 2289 764 2328 cum
812 2275 1001 2330 Ariani
1028 2314 1044 2338 ,
1086 2275 1308 2344 quibus,
1349 2285 1612 2344 regnante
1635 2275 1967 2342 Theodosio,

399 2363 668 2434 ademptae
715 2363 931 2419 fuerant
977 2367 1228 2421 ecclesia;
1264 2367 1764 2437 Constantinopoli,
1818 2374 1970 2423 extra

402 2453 556 2507 urbis
589 2453 791 2508 muenia
817 2462 1122 2510 conventus
1151 2455 1557 2511 ecclesiasticos
1602 2467 1844 2526 agerent,
1871 2471 1973 2510 no-

401 2554 491 2598 ctu
514 2543 566 2597 in
590 2545 819 2612 publicis
841 2545 1144 2614 porticibus
1167 2547 1400 2616 primum
1423 2547 1894 2616 congregabantur
1921 2547 1971 2611 ⁸,

403 2645 456 2689 et
485 2635 541 2688 in
579 2644 753 2691 cintus
799 2636 984 2703 divisi,
1015 2637 1411 2707 antipbonatim
1464 2638 1791 2706 psallebant,
1825 2637 1976 2692 clau-

404 2725 554 2782 sulas
587 2725 850 2796 quasdam
898 2727 1051 2797 juxta
1101 2729 1348 2797 ipsorum
1397 2726 1595 2798 dogma
1643 2729 1980 2798 compositas

409 2815 764 2886 adjicientes;
815 2819 994 2888 prima
1057 2827 1241 2874 autem
1302 2820 1457 2885 luce,
1517 2819 1705 2874 eadem
1761 2819 1978 2889 publice

404 2916 687 2973 canentes,
734 2908 1032 2978 pergebant
1082 2908 1148 2962 ad
1197 2909 1311 2964 loca
1364 2909 1419 2962 in
1470 2909 1667 2978 quibus
1719 2911 1977 2964 collectas

405 2996 800 3063 celebrabant;
855 3007 1016 3067 atque
1062 2999 1116 3052 id
1163 2999 1338 3054 facere
1366 3011 1770 3055 consueverant
1802 3001 1856 3055 in
1889 3018 1978 3057 ce-

407 3085 736 3140 lebrioribus
780 3087 1090 3157 quibusque
1129 3089 1537 3155 festivitatibus.
1587 3101 1639 3146 et
1687 3093 1865 3160 primo
1914 3107 1978 3147 ac

408 3175 641 3245 septimo
689 3176 958 3245 cujusque
991 3178 1351 3234 hebdomadis
1399 3179 1508 3235 die.
1559 3181 1803 3235 Tandem
1849 3197 1978 3236 vero

410 3266 622 3322 cantica
657 3279 878 3336 quoque
910 3267 1250 3336 adjecerunt,
1287 3284 1410 3338 quae
1442 3269 1509 3323 ad
1550 3269 1723 3323 rixam
1758 3280 1812 3325 et
1840 3286 1975 3324 con-

411 3357 709 3413 tentionem
739 3365 1072 3429 spectarent.
1103 3357 1341 3415 Ubinam
1365 3367 1494 3416 sunt
1525 3361 1620 3431 qui
1655 3371 1764 3417 tres
1787 3361 1978 3416 dicunt

482 3531 499 3561 ¹
527 3526 708 3596 Socr.,
741 3530 834 3586 lib.
862 3546 938 3596 v1,
974 3545 1026 3588 c.
1058 3533 1115 3588 8.

2692 1884 2940 1940 ΚΕΦΑΛ.
2972 1881 3054 1937 H'.

2073 1977 2212 2047 Περὶ
2238 1977 2356 2032 τῶν
2373 1977 2721 2047 ἀντιφώνων
2746 1975 2913 2047 ᾠδῶν
2934 1975 3082 2047 πρὸς
3111 1971 3442 2047 Ἄρειανοῄς
3471 1971 3651 2047 Ἰωάν-

2142 2042 2424 2118 ’ἱο-ουκΚαὶ
2454 2042 2703 2118 (bi-[6:81]
2758 2045 2868 2118 τῇς
2926 2042 3648 2118 διδασκᾳίλίαςςιωάτξιου

2140 2119 2212 2170 τὰ
2245 2116 2363 2170 τῶν
2383 2111 2718 2185 ὀρθὸδόξωκ
2735 2111 2976 2184 μᾶλλον
2996 2111 3298 2167 ἐπεδίδου·
3325 2111 3646 2179 ἤσχαλλον

2145 2186 2213 2240 δὲ
2244 2189 2296 2240 οἱ
2329 2187 2755 2250 πλουτοῦντες.

2154 2279 2305 2331 Ἐπεὶ
2323 2277 2430 2349 γὰρ
2455 2279 2506 2331 οἱ
2526 2277 2634 2330 ἀπὸ
2657 2279 2753 2348 τῆς
2778 2275 2987 2346 Ἀρείου
3017 2273 3305 2345 αἱρέσεως,
3329 2271 3652 2344 ἀφαιρεθὲν-

2076 2386 2166 2432 τες
2209 2369 2316 2422 τῶν
2363 2369 2420 2422 ὲν
2463 2371 2528 2439 τῇ
2590 2366 3152 2421 Κωνσταντινουπόλει
3195 2365 3498 2436 ἐκκλησιῶν
3561 2363 3655 2416 ἐπὶ

2077 2461 2175 2531 τῆς
2199 2460 2476 2514 Θεοδοσίου
2503 2460 2800 2530 βασιλείας,
2849 2459 2956 2529 πρὸ
3000 2457 3108 2510 τῶν
3139 2457 3331 2526 τειχῶν
3359 2456 3657 2521 ἐκκλησία-

2079 2551 2191 2616 ζον,
2215 2551 2430 2622 νύκτωρ
2464 2550 2728 2622 πρότερον
2759 2551 2817 2603 ὲν
2850 2550 2971 2612 ταῖς
3004 2547 3290 2619 δημοσίαις
3321 2546 3506 2608 στοαῖς
3536 2560 3662 2596 συν-

2080 2643 2343 2713 ελέγοντο,
2387 2643 2483 2694 καὶ
2526 2644 2607 2705 είς
2636 2641 2954 2711 συστήματα
2989 2639 3353 2710 μεριζόμενοι,
3396 2636 3541 2691 κατά
3567 2635 3664 2689 τὸν

2080 2733 2186 2786 τῶν
2217 2730 2528 2800 ἀντιφώνων
2549 2731 2749 2803 τρόπον
2776 2730 3021 2802 ἔψαλλον,
3061 2725 3449 2801 ἀκρστελεύτια
3475 2743 3658 2782 συντι-

2083 2821 2265 2885 θέντες
2289 2821 2424 2894 (‘28),
2449 2821 2584 2895 πρὸς
2615 2822 2709 2892 τὴν
2732 2820 2908 2875 αὐτῶν
2931 2819 3088 2886 δόξαν
3115 2819 3479 2890 πεποιημένα.
3523 2817 3661 2871 Ὑπὸ
3723 2831 3728 2836 ‘

2082 2913 2138 2966 δὲ
2159 2914 2257 2984 τὴν
2283 2913 2365 2967 ἕω
2393 2913 2563 2967 ταῦτα
2589 2913 2823 2984 δημοσίᾳ
2861 2912 3171 2983 ψάλλοντες,
3191 2913 3270 2975 είς
3307 2911 3433 2973 τοὺς
3463 2911 3673 2972 τόπους

2083 3003 2350 3074 ἀπῄεσαν,
2381 3001 2510 3058 ἔνθα
2549 3003 2643 3056 καὶ
2673 3002 3048 3075 ἐκκλησίαζον.
3111 3001 3356 3056 Ἐποίουν
3386 3000 3442 3054 δὲ
3471 2994 3573 3054 ὧδε
3603 3002 3658 3053 ὲν

2082 3095 2201 3157 ταῖς
2229 3095 2517 3163 ἐπισήμοις
2547 3096 2780 3166 ἑορταῖς,
2804 3093 2898 3147 καὶ
2923 3095 2989 3165 τῇ
3026 3091 3216 3164 πρώτῃ
3250 3095 3344 3145 καὶ
3370 3091 3657 3159 τελευταίᾳ

2085 3181 2196 3250 (‘29)
2223 3183 2320 3253 τῆς
2346 3183 2637 3253 ἑϐδομάδος
2670 3184 2868 3255 ἡμέρᾳ.
2894 3183 3266 3246 Τελευτῶντες
3295 3184 3373 3250 δὲ,
3403 3182 3500 3236 καὶ
3526 3181 3662 3251 πρὸς

2084 3270 2198 3342 ἔριν
2233 3272 2332 3336 τάς
2364 3273 2507 3343 ᾠδὰς
2547 3275 2936 3345 προσετίθεσαν
2965 3291 2978 3305 ·
3022 3274 3129 3327 Ποῦ
3162 3275 3299 3327 εἰσὶν
3331 3274 3380 3327 οἱ
3413 3273 3658 3338 λέγοντες

2087 3359 2155 3412 τά
2181 3359 2308 3430 τρία
2346 3361 2474 3431 μίαν
2501 3361 2764 3433 δύναμιν;
2797 3363 2890 3416 καὶ
2917 3362 3082 3432 ἕτερα
3125 3357 3302 3416 τοιάδε
3329 3363 3441 3423 τοῖς
3469 3357 3667 3428 ὕμνοις

1571 3691 1842 3750 VALESII
1910 3689 2356 3746 ΑΝΝΟἸἊΤΙΟΝ
2364 3690 2464 3745 ES.

414 3837 582 3878 causa
609 3839 628 3876 :
665 3822 877 3892 Katsiq
906 3819 967 3892 τὸ
1004 3819 1386 3892 θυσιαστήριον
1411 3821 1667 3875 εἰσελθὼν
1687 3863 1701 3883 ,
1738 3822 1842 3876 ὑπὸ
1866 3823 1978 3892 ,τὴν

2088 3823 2437 3890 existimavit,
2463 3822 2556 3892 qui
2584 3831 2667 3877 est
2708 3823 2919 3892 primus
2948 3832 3000 3880 et
3031 3824 3259 3879 ultimus
3304 3822 3423 3879 dies
3451 3821 3665 3877 hebdo-

418 3890 870 3965 isp&v_'rp_dtrrrs§av
913 3889 1099 3943 ἑαυτὸν
1125 3889 1460 3965 ,ἐπιστόμα
1508 3892 1775 3965 ἐκτείνας,
1807 3889 1974 3965 ἐὔχε-

415 3958 528 4017 coit.
566 3962 793 4017 Rufinus
819 3975 1053 4031 quoque
1109 3958 1175 4031 de
1193 3958 1398 4031 eadem
1443 3975 1518 4031 rei
1547 3963 1773 4031 loquens
1804 3961 1858 4016 in
1886 3958 1978 4014 "li-

419 3981 528 4017 ται.
567 3976 793 4017 Hunnus
839 3976 1053 4082 guoque
1109 3976 1175 4014 ae
1205 3976 1390 4014 eadem
1443 3976 1502 4015 re
1549 3976 1773 4031 loquens
1804 3977 1858 4016 In
1908 3976 1978 4014 ll-

419 4035 519 4088 bro
561 4049 614 4095 ι,
652 4047 773 4101 cap.
808 4030 832 4082 1
881 4071 895 4094 ,
935 4031 1009 4082 ita
1040 4029 1230 4102 scribit
1263 4047 1275 4082 :
1310 4029 1443 4102 Tum
1481 4030 1570 4084 ille
1627 4041 1811 4093 nocte,
1866 4046 1985 4102 qua:

419 4102 489 4156 ad
515 4098 856 4155 constitutam
885 4102 1134 4153 intererat
1157 4098 1316 4160 diem,
1341 4100 1435 4170 sub
1459 4102 1622 4155 altari
1635 4102 1840 4170 jacens.

491 4171 604 4240 (28)
652 4170 1092 4237 Ἀκροτελεύτια
1129 4168 1530 4240 συιςτιθέντες.
1576 4168 1845 4226 Stiﬂ'ridus
1884 4171 1984 4226 Pe-

422 4236 542 4294 trus
571 4236 662 4310 qui
715 4236 825 4294 tres
878 4248 1178 4310 postremos
1229 4236 1518 4310 Sozomeni
1576 4243 1750 4296 libros
1795 4240 1988 4297 Latine

428 4308 818 4378 interpretatus
869 4317 973 4371 est,
1041 4308 1423 4378 ἀκροτελεύτια
1471 4312 1633 4364 vertit
1682 4312 1989 4364 corollaria.

423 4379 536 4448 Ego
563 4379 840 4434 clausulas
864 4387 1073 4432 vertere
1107 4379 1296 4433 malui.
1322 4380 1584 4449 intelligit
1612 4391 1790 4434 autem
1820 4381 1992 4435 Sozo-

426 4464 617 4504 menus
639 4449 969 4520 doxologiasi
986 4448 1334 4514 Arianorum,
1359 4463 1496 4520 quas
1518 4448 1584 4504 ad
1613 4451 1815 4520 calcem
1841 4453 1993 4520 bym-

425 4531 618 4571 norum
671 4533 866 4572 canere
895 4519 1142 4572 solebant
1187 4522 1292 4571 hoc
1345 4518 1547 4572 modo:
1606 4519 1793 4574 Gloria
1845 4518 1992 4574 Patri

425 4600 520 4656 per
548 4585 745 4641 Filium
777 4590 828 4640 in
864 4585 1073 4656 Spiritu
1115 4597 1306 4656 sancto
1330 4628 1343 4650 ,
1382 4595 1461 4641 uti
1497 4588 1656 4643 docet
1686 4589 1992 4644 Philostnr-

424 4655 548 4721 gius
568 4656 636 4728 _in
679 4657 776 4728 lib.
838 4655 919 4720 in,
947 4656 1221 4728 llistorite.
1266 4655 1590 4726 Quanquam
1647 4657 1989 4728 Nicephorus

425 4738 535 4776 non
568 4722 838 4788 Psalmos,
875 4728 967 4780 sed
998 4726 1213 4781 cantica
1243 4722 1490 4796 qurcdain
1530 4729 1599 4780 ab
1622 4722 1842 4784 Arianis
1875 4738 1988 4782 tum

425 4799 646 4866 cantata
699 4810 820 4848 esse
856 4797 1155 4866 existimat.
1210 4811 1331 4865 quae
1385 4797 1494 4866 ipsi
1527 4800 1988 4866 composuissent.

431 4861 553 4939 Ego.
619 4871 804 4939 tamen
851 4863 1098 4939 Psalmos
1149 4861 1332 4939 potius
1377 4861 1468 4939 hic
1529 4861 1751 4939 intelligi
1815 4879 1943 4939 puto
1977 4907 1992 4933 ,

431 4881 541 4931 Iugo
624 4881 804 4915 tamen
851 4881 1098 4919 rsalmos
1149 4881 1332 4986 ponus
1377 4881 1465 4921 ulc
1531 4881 1751 4938 tttlelltgl
1815 4881 1943 4939 puto
1977 4907 1992 4933 ,

428 4939 490 5004 ut
540 4931 764 5004 indicat
792 4947 891 4985 vox
953 4935 1150 5004 ἀκροτε
1185 4935 1370 5004 siina,
1421 4937 1472 4991 id
1523 4947 1605 4993 est
1651 4937 1993 4993 Psalmorum

428 4999 927 5078 clausula:_Qt_iamﬂ
963 4999 1150 5078 vocem
1203 4999 1546 5075 Nicephorus
1605 5010 1792 5078 procul
1827 5010 1995 5065 dubio

427 5071 844 5146 nonintellexit.
887 5067 1088 5146 Eadem
1138 5090 1244 5128 vox
1301 5067 1498 5145 legitur
1526 5067 1669 5146 apud
1701 5079 1994 5134 Eusebium

427 5141 656 5219 inlibro
699 5145 943 5219 sec_t_in_do_
992 5140 1248 5219 Historia:
1293 5140 1681 5219 ecclesiasticae.
1739 5165 1858 5219 cap.
1908 5150 1993 5212 l7,

427 5212 716 5288 sublinem
746 5229 757 5264 :
784 5212 890 5288 ιςοιὶ
915 5210 989 5275 ὡς
1010 5213 1319 5288 Δἐίνὸςῇμετὰ
1361 5215 1566 5288 ῥυθμοῦ
1615 5210 1855 5288 κοσμίως
1881 5210 1999 5273 ὲπιέ

429 5281 743 5367 θάλλοντος,
778 5283 827 5367 οἱ
859 5281 1034 5367 λοιπρὶ
1055 5282 1193 5366 ’καθ’
1225 5281 1858 5367 ἠσυχξαει’ἀκροώμὲνοι,
1890 5290 1998 5342 τῶν

429 5351 616 5422 ὕμνων
661 5351 730 5404 τὰ
779 5351 1164 5420 ἀκροτελεύτια
1225 5351 1596 5422 συνεξηχοῦσί.
1654 5351 1784 5421 Quae
1835 5351 1998 5414 verba

430 5421 719 5500 desumpta
746 5430 960 5477 suntex
994 5422 1242 5478 Philonis
1271 5421 1434 5489 libro,
1448 5421 1529 5478 De
1543 5426 1651 5478 vita
1669 5429 1996 5496 contempla-

431 5500 556 5544 uva.

425 5587 444 5634 ι·
472 5558 612 5634 ,(29)
643 5559 754 5634 _K_al
776 5561 852 5634 τῇ
874 5562 1070 5634 πρῴτῃ
1125 5563 1225 5618 καὶ
1268 5563 1600 5634 τελευταίᾳ.
1653 5563 1994 5634 Nicephorus

431 5627 518 5683 his
547 5628 730 5684 verbis
757 5627 927 5686 diem'
951 5627 1298 5690 Dominicum
1355 5649 1385 5689 a
1436 5627 1739 5691 Sozomeno
1764 5627 1994 5708 intelligi

2085 3894 2284 3964 madis.
2321 3893 2446 3964 Ego
2471 3909 2604 3964 vero
2636 3909 2978 3964 nequaquam
3033 3895 3307 3950 assentior
3332 3893 3662 3962 Nicepboro.

2084 3963 2329 4034 Primum
2363 3963 2528 4034 enim,
2568 3962 2686 4018 dies
2737 3962 3050 4020 Dominicus
3108 3979 3394 4034 nunquam
3431 3965 3662 4034 ultimus

2088 4033 2447 4088 hebdomadas
2480 4033 2597 4087 dies
2654 4033 2876 4088 dicitur.
2909 4034 3003 4088 Est
3063 4032 3283 4103 quidem
3341 4032 3662 4103 Dominicus

2089 4103 2206 4158 dies
2237 4103 2446 4171 primus
2469 4111 2524 4157 et
2546 4109 2797 4165 octavus,
2820 4104 2890 4159 ob
2920 4102 3242 4158 circularem
3268 4118 3489 4156 cursum
3515 4102 3662 4171 beb-

2089 4170 2381 4226 (lomadum
2409 4215 2423 4235 ,
2474 4182 2532 4225 ut
2566 4173 2853 4227 observavi
2905 4175 2959 4228 in
2990 4173 3454 4227 Annotationibus
3493 4170 3663 4226 Euse-

2095 4242 2276 4313 bianis
2300 4259 2314 4306 ;
2335 4243 2428 4296 sed
2458 4256 2737 4313 nunquam
2765 4245 2809 4313 is
2832 4242 2949 4298 dies
2973 4252 3284 4313 postremus
3308 4241 3666 4313 hebdomade

2094 4312 2415 4380 appellatur.
2455 4311 2659 4366 Deinde
2693 4312 2738 4365 si
2770 4311 3106 4368 Sozomenus
3140 4311 3284 4367 diem
3319 4311 3662 4365 Dominicum

2095 4381 2363 4452 duntaxat
2401 4381 2745 4452 intelligeret,
2788 4383 3122 4452 superfluum
3155 4381 3533 4452 esset__add_ere
3569 4381 3665 4452 καὶ

2093 4451 2404 4524 τελευταίᾳ.
2434 4467 2560 4524 cum
2580 4449 2680 4524 per
2709 4452 2816 4524 _hoc
2857 4449 3000 4524 quod
3036 4452 3271 4524 primum
3290 4449 3664 4524 _Hebdoniadae

2095 4522 2242 4576 diem
2298 4521 2455 4584 dixit,
2510 4521 3038 4577 Dominicum’diem
3087 4523 3224 4576 satis
3270 4521 3660 4590 designavertt.

2093 4591 2255 4662 Aliud
2290 4591 2455 4662 igitur
2487 4593 2588 4644 hoc
2640 4593 2760 4646 loco
2804 4592 3033 4661 intelligi
3081 4601 3233 4662 puto.
3272 4591 3371 4662 Per
3416 4591 3656 4662 primum

2094 4661 2241 4716 enim
2301 4659 2635 4731 septimanae.
2677 4662 2821 4716 diem
2863 4659 3050 4731 procul
3084 4659 3270 4716 'dubio
3317 4659 3662 4731 Dominicum

2096 4731 2372 4799 intelligit.
2414 4730 2517 4785 Per
2563 4731 2814 4784 ultimum
2865 4730 3002 4786 vero
3033 4732 3286 4800 intelligit
3335 4730 3661 4788 Sabbatum.

2095 4817 2205 4870 quo
2249 4801 2337 4855 die
2403 4801 2648 4870 plerique
2707 4801 3147 4870 Christianorum
3182 4802 3440 4870 collectas
3505 4814 3666 4868 agere

2099 4869 2518 4926 consueverant.
2551 4871 2914 4942 Nocterigitur
2941 4887 3061 4942 qua:
3094 4869 3313 4942 Sabbati
3339 4869 3482 4923 diem
3507 4876 3666 4922 ante-

2097 4941 2262 5002 cedit,
2299 4942 2694 4996 conveniebant
2731 4941 2783 4994 in
2816 4941 2984 4996 unum
3029 4941 3243 5001 Ariani,
3280 4950 3333 4994 et
3364 4947 3668 4993 nocturnos

2097 5010 2344 5065 Psalmos
2393 5012 2702 5082 canebant;
2739 5019 2794 5064 et
2836 5012 3008 5082 primo
3052 5026 3210 5063 mane
3257 5009 3324 5062 ad
3375 5010 3665 5082 ecclesiam

2098 5088 2252 5136 extra
2285 5095 2470 5135 muros
2509 5079 2896 5149 procedebant.
2947 5080 3089 5134 idem
3127 5095 3347 5148 quoque
3389 5079 3669 5133 faciebant

2099 5151 2349 5220 sequenti
2387 5160 2546 5204 nocte
2579 5167 2699 5220 qua:
2735 5151 3078 5205 Dominicum
3113 5151 3256 5204 diem
3287 5149 3663 5202 antecedebat.

2028 5220 2310 5276 Dldcirco
2375 5232 2557 5274 autem
2617 5223 2672 5274 in
2723 5222 2959 5291 publicis
3009 5221 3310 5291 porticibus
3356 5228 3664 5291 nocturnos

2101 5292 2332 5361 bymnos
2355 5305 2416 5346 ac
2447 5288 3024 5361 Psalliios_1'anebant,
3083 5295 3224 5360 quod
3265 5289 3470 5361 clausis
3516 5288 3669 5342 urbis

2098 5359 2260 5430 regia:
2310 5362 2502 5431 portis,
2541 5360 2610 5414 ad
2657 5359 2958 5416 Ecclesiam
3008 5359 3160 5431 suam
3220 5359 3524 5431 procedere
3559 5374 3668 5411 non

2100 5428 2348 5500 possent,
2379 5447 2502 5500 quae
2529 5439 2647 5486 erat
2687 5441 2838 5484 extra
2892 5430 3287 5500 murosaApud
3324 5428 3671 5500 Christianos

2099 5498 2318 5569 quoque
2345 5498 2487 5556 idem
2513 5517 2632 5556 mos
2664 5499 2785 5560 fuit.
2817 5508 2879 5554 ut
2903 5501 3060 5555 docet
3091 5498 3335 5553 Nicetius
3376 5498 3671 5569 episcopus

2100 5567 2157 5624 in
2195 5567 2432 5625 tractatu
2465 5571 2544 5625 De
2577 5571 2793 5640 vigiliis,
2825 5571 2920 5640 qui
2964 5572 3296 5640 interiopera
3345 5568 3417 5640 _B.
3456 5567 3672 5640 _lliero-

2101 5641 2249 5712 nymi
2280 5643 2462 5697 editus
2493 5651 2576 5698 est
2600 5637 2904 5711 perperam.
2957 5639 3064 5695 Sed
3112 5637 3290 5694 Lucas
3341 5637 3665 5693 Daclierius.
