4054 6188
381 229 523 288 135³1

1330 233 1666 292 HISTORIA
1704 231 2272 292 ECCLESIASTICA.
2315 259 2387 275 -ι
2411 233 2540 290 LIB.
2595 235 2726 292 V'lll.

3513 247 3647 304 1538

379 354 796 426 ἀναμιγνύντες.
829 355 1021 420 Δείσας
1047 356 1105 410 δὲ
1148 357 1424 428 Ἰωάννης,
1473 360 1548 430 μή
1575 375 1720 422 τινες
1751 357 1954 422 τούτοις

2063 371 2189 413 esse
2235 357 2454 413 unicam
2491 361 2791 429 potentiam
2826 401 2840 424 ,
2891 372 2946 417 et
2983 365 3086 416 alia
3121 367 3391 434 ejusmodi
3431 369 3650 441 hymnis

380 447 666 518 ὑπαχθῶσι
712 449 819 501 τῶν
857 449 949 502 ὑπ’
1000 448 1161 503 αὐτὸν
1212 449 1712 519 ἐκκλησιαζόντων,
1747 450 1838 504 ἐπὶ
1869 449 1960 504 τὸν

379 535 496 592 ῐσον
522 539 720 610 τρόπον
763 540 859 609 τῆς
897 538 1217 609 ψαλμῳδίας
1242 541 1333 594 τὸν
1365 541 1526 595 αὑτοῦ
1560 541 1685 594 λαὸν
1725 541 1956 612 προτρέ⁹

379 647 490 684 πει.
543 632 628 683 Ἐν
665 631 828 700 ὀλίγῳ
859 631 918 684 δὲ
948 631 1336 706 ἐπισημότεροι
1369 635 1670 704 γενόμενοι,
1691 635 1816 698 τοὺς
1851 634 1959 687 ἀπὸ

377 722 474 790 τῆς
509 721 754 784 ἐναντίας
797 722 1060 793 αἱρέσεως
1112 725 1482 798 ὑπερέϐαλλον
1525 725 1603 796 τῷ
1629 725 1824 796 πλήθει
1866 725 1958 778 καὶ

379 817 442 883 τῇ
488 817 827 884 παραηίκευῇ.
885 816 994 868 Καὶ
1033 818 1140 888 γὰρ
1187 817 1250 887 δὴ
1308 820 1402 872 καὶ
1447 820 1696 889 σταυρῶν
1737 819 1957 890 ἀργυρᾶ

380 907 578 972 σημεῖα
627 903 732 956 ὑπὸ
804 908 994 976 κηροῖς
1039 908 1304 977 ἡμμένοις
1351 909 1688 978 προηγοῦντο
1743 909 1951 963 αὐτῶν·

375 996 468 1048 καὶ
515 994 769 1064 εὐνοῦχος
805 997 901 1068 τῆς
943 997 1206 1067 βασιλέως
1244 999 1492 1069 γαμετῆς
1536 1001 1627 1053 ἐπὶ
1669 1000 1826 1054 τοῦτο
1866 1003 1955 1055 τέ-

371 1105 568 1150 τακτο,
628 1088 727 1158 τὴν
778 1090 904 1160 περὶ
951 1089 1123 1142 ταῦτα
1164 1091 1406 1162 δαπάνην
1461 1092 1554 1145 καὶ
1595 1093 1720 1156 τοὺς
1755 1093 1954 1162 ὕμνους

372 1180 828 1250 παρασκευάζων.
885 1180 1166 1233 Ἐντεῦθεν
1207 1181 1262 1234 δὲ
1394 1181 1866 1254 ζηλοτυπήσαντες
1905 1187 1953 1238 οί

373 1269 482 1323 ἀπὸ
521 1272 618 1338 τῆς
660 1271 868 1341 Ἀρείου
914 1272 1198 1341 αἱρέσεως,
1225 1273 1256 1343 ἢ
1281 1273 1637 1344 ἀμυνόμενοι,
1681 1279 1795 1340 τοῖς
1847 1278 1952 1330 ἀπὸ

372 1359 469 1427 τῆς
503 1358 730 1412 καθόλου
762 1360 1084 1429 Ἐκκλησίας
1135 1364 1214 1424 είς
1243 1364 1422 1432 μάχην
1453 1366 1814 1436 κατέστησαν.
1846 1368 1952 1421 Καὶ

373 1447 678 1501 κτείνονταί
720 1465 863 1512 τινες
913 1450 1274 1522 ἑκατέρωθεν.
1339 1453 1397 1504 '0
1433 1453 1489 1506 δὲ
1522 1454 1733 1526 Βρίσων
1777 1445 1954 1526 (τοῦτο

372 1538 481 1608 γὰρ
531 1537 699 1609 ὄνομα
752 1539 823 1610 τῷ
871 1539 1135 1611 βασιλικῷ
1178 1541 1475 1613 εὐνούχῳ),
1504 1543 1636 1614 λίθῳ
1678 1545 1818 1598 κατὰ
1859 1546 1952 1600 τοῦ

377 1630 630 1700 μετώπου
685 1630 954 1701 βάλλεται.
1006 1633 1264 1704 Κινηθεὶς
1287 1634 1342 1688 δὲ
1383 1636 1517 1706 πρὸς
1549 1638 1717 1708 ὀργὴν
1748 1641 1774 1692 ὁ
1801 1637 1954 1708 βασι-

2068 449 2184 503 suis
2237 449 2724 505 intermiscentes?
2773 449 3016 508 Joannes
3064 454 3271 524 itaque,
3323 461 3530 515 veritus
3580 477 3651 517 ne

2065 539 2191 608 quis
2241 555 2306 594 ex
2346 539 2593 595 Ecclesia
2646 555 2745 596 sua
2773 557 2871 612 per
2898 544 3012 598 haec
3057 544 3112 599 in
3147 546 3392 602 fraudem
3421 550 3652 606 induce-

2067 640 2238 690 retur,
2263 629 2475 698 plebem
2507 647 2630 700 qua:
2661 632 2764 686 sub
2791 633 2909 702 ipse
2944 643 3084 701 eral,
3119 645 3176 689 ιιι
3217 638 3471 693 similiter
3504 642 3650 708 psal-

2065 723 2222 786 leret,
2253 723 2523 776 incitavit.
2543 722 2647 787 Qui
2677 724 2827 778 brevi
2859 733 3106 795 tempore
3135 728 3471 782 illustriores
3497 730 3646 796 facti,

2065 812 2301 867 Arianos
2323 821 2377 868 et
2401 814 2758 868 multitudine
2783 822 2837 868 et
2855 828 3146 885 apparatus
3175 819 3462 888 splendore
3490 821 3648 890 longe

2065 911 2420 973 superarunt.
2457 902 2594 958 Nam
2622 912 2672 959 et
2707 906 2957 959 crucium
2997 919 3256 977 argentea
3297 911 3476 979 signa,
3511 926 3649 980 pta:-

2062 995 2384 1048 cedentibus
2419 995 2615 1057 cereis,
2645 1009 2742 1049 eos
2774 997 3090 1050 anteibant:
3132 1007 3183 1052 et
3213 1000 3502 1053 eunuchus
3545 1001 3648 1053 im-

2062 1085 2350 1154 peratricis
2403 1085 2532 1140 huic
2581 1085 2658 1139 rei
2712 1087 3040 1155 praepositus
3072 1097 3210 1151 erat,
3246 1091 3338 1158 qui
3387 1090 3643 1145 idoneum

2063 1176 2130 1230 ad
2180 1177 2295 1230 hate
2349 1184 2624 1246 sumptum
2653 1185 2708 1232 et
2735 1177 2969 1247 hymnos
2997 1179 3064 1232 ad
3095 1180 3403 1235 canendum
3436 1198 3642 1251 praepa-

2063 1276 2229 1323 raret.
2277 1269 2419 1322 Hinc
2461 1268 2653 1322 Ariani
2689 1283 2786 1324 seu
2823 1268 3028 1323 invidia
3063 1272 3219 1335 moti,
3252 1287 3350 1326 seu
3385 1273 3645 1327 vindicta:

2061 1358 2384 1428 cupiditate,
2415 1359 2733 1416 Catholicos
2764 1377 2943 1432 pugna
2980 1363 3155 1418 adorti
3197 1371 3346 1419 sunt.
3381 1365 3460 1420 Ac
3504 1381 3645 1420 non-

2060 1449 2195 1503 nulli
2235 1449 2456 1518 quidem
2503 1465 2569 1504 ex
2621 1460 2855 1520 utraque
2910 1460 3065 1520 parte
3112 1453 3449 1510 ceciderunt.
3485 1452 3642 1510 Briso

2059 1556 2213 1604 vero,
2263 1539 2317 1594 id
2397 1540 2557 1610 337
2596 1542 2742 1594 enim
2778 1557 2973 1596 nomen
3006 1551 3124 1596 erat
3149 1543 3515 1611 imperatricfs
3543 1558 3642 1598 cu-

2059 1631 2350 1696 biculario,
2390 1648 2525 1687 saxo
2553 1633 2608 1685 in
2641 1631 2818 1687 fronte
2846 1648 3148 1702 percussus
3179 1643 3282 1688 est.
3309 1635 3428 1700 Qua
3458 1651 3516 1690 re
3542 1637 3640 1689 im-

373 1720 518 1786 λεὺς,
565 1723 770 1777 ἔπαυσε
816 1723 924 1777 τῶν
970 1724 1078 1777 ἀπὸ
1129 1727 1226 1796 τῆς
1293 1726 1502 1796 Ἀρείου
1547 1728 1810 1796 αἱρέσεως
1858 1729 1954 1793 τὰς

2060 1730 2282 1791 perator
2301 1731 2636 1787 commotus,
2652 1723 2966 1792 hujusmodi
2983 1726 3312 1779 Arianorum
3337 1737 3642 1782 conventus

373 1812 625 1876 τοιαύτας
654 1816 930 1879 συνόδους.
980 1818 1042 1869 Oi
1076 1817 1132 1870 δὲ
1171 1817 1280 1872 ἀπὸ
1308 1821 1405 1888 τῆς
1430 1818 1744 1889 καθολικῆς,
1778 1820 1836 1886 ἐξ
1872 1821 1954 1873 al-

371 1904 494 1968 τίας
521 1905 732 1959 τοιᾶσδε
757 1905 851 1959 τὸν
878 1907 1169 1978 εἰρημένον
1196 1907 1398 1978 τρόπον
1426 1910 1612 1980 ὑμνεῖν
1637 1910 1954 1982 ἀρξάμενοι,

375 1996 467 2050 καὶ
501 1997 667 2050 είσέτι
693 1995 787 2050 νῦν
834 1996 979 2051 οὕτω
1015 1998 1310 2068 διέμειναν.
1375 2000 1626 2070 Ἰωάννης
1662 2001 1718 2054 δὲ
1752 2002 1816 2054 ἐκ
1843 2001 1958 2054 τούο

370 2105 480 2141 των
512 2089 623 2158 (50)
645 2130 657 2154 ,
724 2089 819 2143 κα)⁸
862 2089 971 2142 τῶν
1021 2090 1108 2141 ἐπ’
1141 2091 1438 2161 ἐκκλησίας
1472 2092 1667 2161 λόγων,
1695 2094 1830 2163 πρὸς
1859 2093 1958 2164 μέν

372 2179 462 2232 τὸν
496 2179 670 2250 δῆμον
713 2181 957 2234 ἐπεδίδου
999 2180 1059 2233 τὺ
1086 2180 1305 2253 φίλτρον
1325 2222 1340 2248 ,
1392 2186 1547 2254 μῖσος
1583 2183 1639 2236 δὲ
1673 2183 1806 2256 πρὸς
1827 2187 1950 2249 τοὺς

372 2271 700 2340 δυναμένους
745 2271 838 2324 καὶ
881 2272 1006 2334 τοὺς
1049 2272 1347 2345 κληρικοὺς
1395 2276 1459 2327 ἐκ
1508 2275 1604 2345 τῆς
1643 2277 1762 2328 κατ’
1790 2277 1950 2330 αὐτὸν

375 2362 705 2432 παρρησίας.
736 2363 874 2426 Τοὺς
910 2363 1009 2433 μὲν
1040 2365 1150 2434 γὰρ
1181 2363 1502 2428 ἀδικοῦντας
1527 2365 1688 2435 ὁρῶν,
1715 2366 1912 2436 ἧλεγχε
1935 2382 1949 2396 °

373 2455 501 2517 τοὺς
529 2455 584 2507 δὲ
607 2455 822 2526 πλούτῳ
843 2497 857 2521 ,
899 2455 991 2508 καὶ
1023 2456 1279 2528 ἀσεϐείᾳ,
1322 2458 1416 2510 καὶ
1449 2456 1664 2527 ἡδοναῖς
1699 2457 1952 2528 ἁσέμνοις

372 2545 821 2618 διεφθαρμένους,
860 2547 1031 2618 ἀνῆγε
1059 2549 1195 2619 πρὸς
1227 2549 1450 2620 ἀρετήν.

1004 2823 1256 2877 ΚΕΦΛΛ.
1279 2812 1356 2876 ὃν.

374 2914 514 2980 Περὶ
539 2913 912 2983 Σεραπίωνος
935 2911 1502 2983 τοῦᾼάρχιδιακόνου,
1523 2913 1630 2983 καί
1659 2912 1770 2982 τῆς
1782 2915 1955 2983 ἁγίας

445 2981 846 3051 Ὀλυμπιάδος
876 3000 890 3014 ο
922 2981 1114 3048 καὶῶς
1134 2981 1296 3052 τινες
1327 2981 1682 3052 ὑϐριστικῶς
1719 2981 1837 3037 τῶν
1853 2981 1954 3039 ,λος

447 3053 642 3122 γάδων
692 3053 841 3106 κατὰ
896 3052 1002 3106 τοῦ
1047 3051 1322 3122 Ἰωάννου
1372 3052 1692 3122 ἐφέροντο,
1739 3056 1956 3109 σκαιὸν

445 3121 544 3176 καὶ
582 3122 823 3190 θυμώδη
861 3121 1339 3189 ἀποκαλοῦντες.

444 3211 662 3282 Ηύξησε
725 3212 781 3266 δὲ
826 3213 978 3281 αὐτῷ
1025 3212 1123 3282 τὴν
1156 3213 1290 3283 πρὸς
1344 3214 1462 3276 τοὺς
1507 3214 1802 3284 κληρικοὺς
1850 3216 1956 3268 ἀπ-

2051 1812 2314 1882 deinceps
2367 1813 2625 1868 inhibuit.
2657 1813 2927 1870 Catholici
2975 1831 3124 1882 vero,
3171 1832 3294 1871 cum
3335 1832 3403 1872 ex
3448 1818 3642 1887 hujus-

2054 1903 2199 1958 modi
2236 1919 2405 1959 causa
2438 1907 2673 1977 hymnos
2713 1922 2777 1962 eo
2808 1921 2918 1976 quo
2945 1906 3189 1962 diximus
3244 1910 3408 1964 modo
3444 1925 3643 1967 canere

2054 1998 2376 2067 coepissent,
2427 1998 2482 2051 in
2534 1999 2680 2052 hunc
2712 2014 2888 2068 usque
2916 1999 3060 2053 diem
3091 2000 3163 2052 ita
3197 2011 3638 2069 perseverarunt.

2055 2088 2131 2143 Ex
2168 2088 2253 2144 his
2291 2090 2456 2145 rebus
2503 2097 2558 2144 et
2599 2105 2663 2145 ex
2700 2091 3093 2146 ecclesiasticis
3123 2093 3508 2158 concionibus,
3542 2108 3643 2162 po-

2055 2179 2171 2250 puli
2221 2178 2442 2248 quidem
2490 2179 2876 2234 benevolentia
2924 2194 3056 2250 erga
3100 2177 3370 2234 Joannem
3421 2181 3478 2234 in
3525 2181 3643 2237 dies

2053 2271 2376 2341 augebatur.
2425 2270 2735 2326 Potentium
2781 2279 2963 2327 autem
3007 2271 3296 2326 hominum
3327 2279 3380 2327 et
3411 2273 3646 2328 clerico-

2055 2377 2176 2415 rum
2210 2361 2396 2415 odium
2429 2362 2484 2416 in
2513 2377 2636 2416 eum
2667 2362 2954 2432 gliscebat,
2991 2377 3056 2416 ex
3101 2362 3358 2431 loquendi
3393 2362 3646 2420 libertate

2055 2468 2162 2523 qua
2208 2452 2475 2507 adversus
2522 2467 2617 2507 eos
2653 2452 2928 2506 utebatur.
2982 2451 3092 2507 Hos
3116 2453 3264 2506 enim
3306 2453 3399 2509 ille
3427 2455 3645 2524 quoties

2059 2544 2267 2612 injuste
2313 2551 2538 2614 agentes
2580 2543 2812 2607 viderat,
2847 2543 3302 2613 reprehendebat.
3353 2544 3481 2600 lllos
3514 2560 3645 2602 vero

2059 2638 2278 2706 opibus.
2319 2645 2372 2690 et
2425 2637 2726 2707 impietate,
2761 2644 2813 2690 et
2846 2635 3009 2692 foedis
3042 2637 3415 2708 voluptatibus
3445 2652 3642 2694 corru-

2061 2740 2206 2800 ptos,
2238 2729 2304 2782 ad
2335 2731 2591 2784 virtutem
2624 2729 2940 2784 revocabat.

2708 2817 2862 2873 CAP.
2904 2817 2994 2872 1X.

2062 2909 2138 2965 De
2169 2908 2460 2978 Serapione
2488 2908 2886 2971 archidiacono,
2912 2918 2961 2961 et
2991 2908 3056 2962 de
3076 2918 3264 2963 sancta
3293 2907 3644 2979 Olympiade:

2130 2990 2180 3035 et
2226 2980 2488 3050 quomodo
2532 2979 2745 3045 quidam
2783 2979 2978 3048 egregii
3013 2979 3113 3032 viri
3142 2979 3406 3033 Joannem
3455 2991 3646 3034 contu-

2129 3051 2345 3174 ;neliose
2374 3049 2619 3102 insectati
2662 3058 2806 3113 sunt,
2844 3065 3038 3102 swvum
3081 3058 3130 3103 et
3159 3050 3445 3104 violentum
3467 3051 3648 3120 appel-

2152 3131 2320 3174 antes.

2129 3211 2326 3266 Odium
2377 3225 2543 3282 porro
2598 3211 2928 3266 clericorum
2978 3211 3242 3269 adversus
3283 3213 3439 3268 illum
3491 3215 3648 3270 auxit

375 3304 592 3374 έχθειαν
620 3303 925 3374 Σεραπίων,
974 3303 1034 3356 ὃν
1079 3304 1454 3376 άρχιδιάκονον
1486 3306 1595 3375 (51)
1626 3307 1789 3360 αὑτοῦ
1829 3325 1954 3360 κατ-

2064 3303 2351 3370 Serapion,
2385 3316 2546 3371 quem
2576 3301 2694 3372 ipse
2726 3302 3175 3357 archidiaconum
3217 3305 3592 3362 constituerat
3626 3325 3640 3361 :

375 3397 620 3467 έστησενο
651 3395 792 3467 ἀνὴρ
823 3394 1140 3464 Αἰγύπτιος,
1175 3397 1346 3466 ταχὺς
1378 3398 1458 3460 είς
1479 3397 1669 3468 ὀργὴν,
1698 3402 1775 3460 εἰς
1801 3397 1954 3466 ὓϐριν

2060 3396 2226 3450 homo
2274 3393 2597 3465 Egypties,
2653 3401 2942 3463 promptus
3004 3395 3071 3448 ad
3123 3395 3508 3460 iracundiam,
3576 3398 3646 3452 ad

375 3488 587 3558 ἕτοιμος
610 3504 624 3517 ο
655 3487 753 3557 οὐχ
784 3487 986 3556 ἥκιστα
1021 3487 1076 3540 δὲ
1128 3487 1218 3540 καὶ
1276 3488 1333 3539 αἱ
1382 3487 1517 3557 πρὸς
1575 3486 1954 3571 Ὀλυμπιάδαξ

2060 3485 2447 3539 contumeliam
2475 3490 2700 3552 paratus
2724 3483 2763 3534 ί.
2796 3483 3164 3538 Accesserunt
3183 3499 3404 3554 quoque
3441 3485 3648 3540 exhor-

378 3575 703 3647 συμϐουλαί.
755 3574 973 3646 Ταύτην
1031 3576 1138 3646 γὰρ
1193 3577 1257 3628 ἐκ
1310 3575 1501 3644 γένους
1549 3577 1954 3648 ἐπισημοτάτην

2060 3576 2301 3630 taliones
2345 3575 2412 3628 ab
2439 3589 2504 3628 eo
2537 3572 2696 3626 factae
2735 3573 2804 3626 ad
2844 3571 3240 3644 Olympiadem.
3278 3575 3431 3630 lianc
3472 3577 3643 3642 enim,

376 3660 562 3731 οὖσαν,
599 3662 804 3736 καίπερ
860 3664 989 3717 νέαν
1039 3665 1215 3735 χήραν
1256 3664 1578 3734 γενομένην,
1624 3667 1703 3729 εἰς
1734 3665 1870 3734 ἄγαν
1903 3665 1954 3719 δὲ

2064 3681 2190 3721 eum
2223 3664 2572 3720 nobilissimo
2606 3679 2804 3736 genere
2835 3673 2956 3719 orta
2997 3673 3164 3726 esset,
3196 3667 3450 3734 quamvis
3485 3666 3648 3737 juve-

380 3755 784 3826 φιλοσοφοῦσαν
816 3753 959 3810 κατὰ
979 3754 1071 3809 τὸν
1104 3758 1203 3827 τῆς
1243 3755 1570 3827 Ἐκκλησίας
1600 3756 1820 3820 θεσμὸν,
1848 3757 1954 3811 διά-

2065 3759 2162 3814 nili
2191 3767 2352 3814 aetate
2381 3755 2626 3821 viduam,
2656 3767 2838 3813 tamen
2865 3757 2998 3827 quia
3018 3757 3176 3828 juxta
3201 3757 3348 3831 leges
3379 3759 3647 3817 ecclesia-

449 3934 466 3965 ¹
501 3933 653 4002 Soc.,
676 3932 772 3990 lib.
811 3949 890 4002 vr,
925 3947 978 3989 c.
1012 3935 1065 3989 4.

1580 4083 1852 4138 YALESll
1892 4083 2452 4142 ANNOTATIONES.

377 4209 460 4262 vir
485 4205 863 4270 doctissimus,
917 4209 1046 4258 ante
1092 4216 1298 4271 paucos
1350 4215 1526 4255 annos
1555 4215 1711 4271 eum,
1745 4198 1954 4253 auctori

2140 4199 2250 4269 (50)
2299 4200 2587 4271 ΔἸωάννης
2635 4202 2700 4256 δὲ
2757 4205 2827 4259 ἐκ
2873 4207 3120 4262 τούτων.
3167 4205 3527 4262 Scribendum
3561 4216 3647 4263 est

379 4291 481 4333 suo
519 4275 771 4346 restituit
789 4269 855 4329 in
891 4282 1042 4346 torno
1085 4269 1247 4346 tertio
1286 4271 1571 4346 spicilegii.
1614 4269 1750 4346 male
1776 4277 1960 4346 tamen
2068 4272 2258 4346 procul
2281 4269 2447 4324 dubio
2463 4271 2685 4346 Ἰωάννῃ
2709 4274 2786 4339 δέ,
2816 4282 3072 4346 etc.,qua
3103 4279 3486 4333 emendatione
3511 4279 3646 4333 nihil

379 4347 436 4401 in
499 4345 877 4414 manuscripto
908 4343 1244 4419 deiceuhie
1289 4339 1470 4419 sermo
1520 4339 1846 4419 inscribitur
1892 4340 1959 4391 de
1993 4401 2038 4419 ﬁ
2066 4339 2273 4419 certius
2297 4339 3092 4419 _:_statiniqtie:'etnendaitdunt
3137 4355 3222 4402 est
3255 4348 3355 4419 τῆς
3395 4349 3516 4401 κατ’
3544 4349 3642 4401 αὺ-

379 4416 580 4487 vigiliis
611 4401 896 4470 servorum
933 4412 1213 4487 Dei._l_\’on
1263 4411 1408 4487 enim
1438 4411 1506 4464 de
1540 4410 1956 4487 monachorum,
1992 4401 2039 4459 D
2063 4409 2186 4487 τῶν
2202 4410 2532 4487 παρρησίας,
2569 4401 2782 4487 ἶιιΔΙεε-ἰι
2814 4415 3106 4487 interpres.

381 4479 474 4543 sed
524 4486 592 4540 de
636 4487 902 4540 laicorum
951 4483 1152 4553 vigiliis
1206 4481 1409 4552 agitur,
1465 4494 1566 4553 nec
1604 4479 1819 4553 abbatis
1865 4479 1953 4553 hic

381 4572 564 4613 sermo
594 4566 676 4612 est
699 4555 766 4610 ad
797 4548 1119 4616 monachos,
1177 4548 1272 4606 sed
1313 4551 1846 4620 episcOpiupopulum
1876 4548 1954 4601 al-

381 4627 679 4698 loquentis,
705 4633 773 4698 ut
793 4633 938 4698 patet
971 4625 1144 4698 vcl_ex_
1169 4622 1265 4698 his
1282 4618 1464 4698 verbis
1495 4618 1518 4673 ξ
1541 4618 1813 4698 Νρςσᾷεαηᾳ
1841 4635 1957 4698 one:

381 4689 564 4752 rosum
611 4698 688 4750 vel
722 4689 930 4763 difﬁcile
980 4693 1144 4747 videri
1181 4692 1328 4745 debet
1375 4693 1536 4763 etiam
1587 4689 1841 4763 delicatis
1877 4689 1956 4742 vel

381 4768 610 4835 inﬁrmis
635 4761 960 4832 corporibus,
997 4765 1388 4840 inhseptimana
1425 4762 1651 4840 duorum
1701 4761 1956 4840 noctium,

380 4831 785 4891 id'estSabbati
837 4845 991 4904 atque
1041 4833 1348 4904 Dominicw,
1376 4835 1687 4904 portionem
1722 4831 1957 4904 aliquant

383 4907 479 4960 Dei
520 4906 808 4959 ministerio
831 4900 1082 4972 deputare
1123 4919 1140 4958 :
1171 4903 1272 4954 ista
1302 4903 1439 4954 enim
1466 4902 1620 4972 quasi
1655 4900 1958 4968 puriﬁcatio

381 4987 458 5030 est
487 4978 690 5030 dierum
721 4976 946 5045 quinque
981 4974 1058 5027 vel
1091 4973 1337 5045 noctiumA
1377 4972 1565 5045 quibus
1593 4983 1813 5045 stupore
1835 4986 1958 5045 car-_

394 5049 506 5099 nati
561 5041 993 5116 ingrauescimus,
1023 5053 1114 5097 aut
1176 5041 1461 5096 mundanis
1507 5043 1710 5096 actibus
1762 5041 1960 5096 obsessi

383 5116 650 5171 lwlamur.

2133 4480 2254 4556 (3Q
2273 4480 2580 4556 ξεραπίων
2615 4481 2687 4556 δὴ
2713 4480 3166 4556 ᾆρχιδςὰἇιρνον,
3196 4485 3353 4540 Hunc
3385 4485 3645 4556 serapio-

2061 4564 2186 4604 nem
2210 4547 2499 4626 Palladius
2526 4553 2578 4606 in
2617 4547 2840 4624 Βίηίόῥό
2871 4555 2936 4626 de
2975 4559 3083 4609 vita
3129 4555 3356 4610 Joannis
3409 4547 3644 4626 miri/so-

2062 4621 2254 4698 atomi,
2287 4621 3001 4698 presbyterum_vocat._Sic
3032 4628 3176 4698 enim
3210 4628 3286 4680 ait
3328 4621 3646 4698 Σεραπίωνα

2063 4690 2159 4744 καὶ⁵
2189 4691 2382 4766 τίγριν
2421 4693 2845 4766 πρεσϐυτέρους.
2881 4693 3044 4750 Forte
3069 4695 3308 4750 Joannes
3329 4690 3648 4766 Clirysosto-

2064 4776 2189 4815 mus
2224 4761 2376 4814 illum
2408 4777 2472 4816 ex
2507 4761 2741 4836 diacono
2780 4766 3158 4836 presbyterum
3190 4761 3553 4836 promoverat.
3591 4767 3645 4821 ld

2065 4839 2217 4886 certe
2253 4838 2523 4906 testantur
2554 4833 2690 4885 Acta
2729 4835 2923 4904 synodi
2948 4833 3021 4890 ad
3043 4833 3338 4902 Quercum.
3365 4836 3420 4890 ln
3445 4838 3645 4906 quibus

2067 4909 2320 4973 octavum
2385 4900 2660 4956 decimum
2718 4900 2883 4973 caput
2945 4900 3314 4962 accusationis
3379 4900 3644 4962 adversus

2068 4970 2547 5047 Chrysostomum,
2573 4973 2676 5047 hoc
2701 4970 2806 5038 est,
2840 4975 2985 5044 quod
3018 4974 3372 5047 Serapionem
3404 4978 3459 5031 in
3489 4985 3643 5031 reatu

2067 5041 2449 5117 exsistentem.
2481 5041 2873 5117 presbyterum
2905 5041 3244 5103 ordinasset.
3271 5047 3414 5104 Idem
3454 5056 3643 5117 postea

2061 5111 2362 5183 episcopus
2396 5111 2675 5167 Heracleae
2700 5114 2883 5171 factus
2903 5123 3008 5172 est.

1827 5284 2220 5344 VARIORUM.

461 5449 473 5474 ι
525 5434 913 5508 Ὀλυμπιάδα.
967 5433 1041 5508 De
1093 5449 1155 5488 ea
1181 5427 1684 5508 multaullalladius
1748 5423 1800 5476 in

379 5503 607 5576 Joannis
639 5495 1135 5576 Chrysostomiua
1169 5518 1292 5576 pag.
1355 5500 1478 5560 1.59,
1504 5499 1623 5576 _ad_
1649 5511 1772 5564 pug.
1828 5495 1951 5548 166.

383 5575 598 5646 Sponsa
627 5567 1018 5646 luitquondam
1047 5567 1285 5628 Nebridii
1311 5567 1625 5646 esprzefecti
1657 5581 1799 5634 :quo
1819 5578 1955 5646 tuor-

380 5633 498 5716 ttt'o,
547 5633 820 5703 secundas
873 5645 1092 5714 nuptias
1148 5633 1460 5711 respuebat,
1519 5633 1831 5707 quanquam
1877 5633 1945 5686 ab

2055 5425 2267 5496 Elpidio
2297 5427 2649 5500 imperatoris
2685 5440 2919 5500 cognato
2942 5428 3264 5500 sollicitata.
3300 5422 3382 5478 Ob
3405 5424 3642 5500 eximias

2057 5495 2292 5570 virtutes
2333 5495 2630 5565 laudatur;
2683 5495 2942 5570 agrorum
2988 5497 3376 5568 possessiones
3403 5495 3643 5553 contulit

2057 5569 2350 5636 pascendis
2383 5571 2602 5626 clericis
2633 5569 2994 5640 pauperibus.
