4054 6188
362 227 490 283 ιδιι
1326 225 1652 284 HISTORIA
1687 223 1940 283 ECCLES

2043 225 2238 284 i'I'ICA.
2274 261 2342 269 —
2381 230 2509 285 LIB.
2552 231 2686 287 VIII.
3484 237 3622 294 15ίῖ

357 343 548 414 δῆμον,
583 342 677 397 καὶ
704 342 890 398 τοῦτον
919 343 1122 398 πείθειν
1157 343 1269 415 (55)
1299 355 1375 407 ως
1397 344 1572 416 ἀληθῆ
1600 343 1833 412 λέγοιεν,
1853 344 1933 398 δτι

2043 357 2294 404 uerentur
2321 389 2335 415 ,
2372 357 2634 420 tanquam
2681 349 2777 419 qui
2828 349 3224 419 professionem
3255 365 3414 408 suam
3454 351 3621 410 dede-

359 435 549 505 μηδενὶ
573 435 878 505 συνήσθιεν,
895 434 1017 487 οὔτε
1046 433 1139 486 ἐπὶ
1167 435 1410 488 ἐπίασιν
1465 434 1800 506 καλούμενος
1831 435 1937 488 ὐπ-

2043 453 2172 494 cure
2201 437 2505 506 officerent,
2539 441 2801 512 carpebat
2833 449 2998 513 atque
3019 441 3369 514 objurgahat.
3411 443 3616 515 Hujus-

357 526 548 596 ήκουε.
583 527 785 594 Τούτου
811 525 867 579 δὲ
902 526 1170 598 πρόφασιν
1226 527 1421 600 ἑτέραν
1458 527 1636 596 λέγειν
1666 528 1766 580 οὐκ
1811 525 1940 597 ἔχω,

2044 529 2192 585 modi
2248 546 2313 586 ex
2365 533 2583 597 causis,
2639 533 2828 588 clerici
2882 543 2937 588 et
2993 535 3246 589 monachi
3308 537 3616 601 complures

359 617 498 688 πλὴν
525 618 605 670 ὅτι
631 616 869 688 ἀψευδής
892 635 1000 683 τις,
1025 614 1608 690 οῐμαι,πυνθανομένῳ
1645 618 1775 690 περὶ
1814 617 1940 671 τού-

2047 619 2251 674 Joanni
2304 619 2506 678 infensi
2562 631 2747 688 erant,
2779 631 2834 680 et
2870 639 3153 681 morosum
3188 633 3354 696 atque
3398 627 3617 682 iracun-

303 773 305 776 ι
355 725 449 760 του
483 707 610 775 ἔφη,
631 707 706 770 ὡς
735 709 842 761 ὑπὸ
867 709 1154 780 ἀσκήσεως
1180 711 1280 781 τὴν
1312 711 1554 783 κεφαλὴν
1591 711 1686 764 καὶ
1732 709 1792 762 τὸ
1823 709 1940 762 στό-

2045 711 2198 775 dum,
2255 728 2571 783 saevumque
2616 730 2682 769 ac
2734 717 3032 785 superbum
3073 732 3199 772 eum
3249 719 3618 788 appellabant.

359 815 436 867 μα
467 799 564 869 τῆς
591 800 826 872 γαστρὸς
856 800 1044 864 κακῶς
1068 801 1334 866 διατεθεὶς
1364 843 1379 866 ,
1412 804 1709 873 παρῃτεῖτο
1735 799 1834 863 τὰς
1881 802 1940 853 ὲν

2047 801 2357 858 Teutarunt
2385 805 2551 860 etiam
2583 807 2706 876 ejus
2739 807 2908 862 vitam
2937 809 3222 864 criminari
3266 811 3412 880 apud
3448 827 3625 881 popu-

353 894 464 954 τοῖς
491 892 731 962 ἀρίστοις
757 894 1062 958 συνουσίας.
1095 896 1205 950 Καὶ
1241 895 1291 949 oi
1340 896 1440 966 μὲν
1471 894 1725 948 ἐντεῦθεν
1773 893 1937 966 μάλι-

2045 893 2156 948 lum
2188 912 2200 948 :
2232 910 2407 966 eaque
2447 898 2797 967 potissimum
2835 901 3053 956 ratione
3082 900 3245 956 fidem
3293 902 3463 957 dictis
3507 903 3625 957 suis

357 998 454 1034 στα
481 982 579 1048 τὰς
612 985 875 1052 μεγίστας
899 985 1120 1055 ὕφαινον
1150 988 1270 1040 κατ’
1305 985 1472 1040 αὑτοῦ
1497 985 1771 1049 διαϐολάς.

2043 994 2327 1053 astruere,
2365 991 2508 1060 quod
2557 992 2650 1048 ille
2699 1007 2824 1047 cum
2863 993 3086 1048 nemine
3128 993 3314 1049 cibum
3354 1002 3623 1054 sumeret.

356 1091 458 1131 nec
486 1078 552 1132 ad
583 1079 896 1133 convivium
929 1088 1159 1136 vocatus
1197 1079 1506 1136 accederet.
1547 1078 1726 1149 Hujus
1755 1086 1934 1133 autem
1975 1079 2054 1132 rei
2101 1094 2324 1136 causam
2371 1085 2577 1139 nullam
2633 1086 2795 1142 aliam
2868 1086 3065 1143 alIerre
3131 1103 3380 1158 possum,
3427 1095 3626 1158 praitcr

357 1183 476 1223 eam
515 1186 678 1240 quam
707 1171 928 1241 quidam
961 1173 1064 1237 vir,
1107 1182 1166 1226 ut
1197 1172 1419 1242 opinor,
1449 1172 1677 1227 minime
1701 1170 1935 1226 mendax
1971 1169 2340 1244 interroganti
2383 1176 2518 1230 mihi
2548 1178 2778 1232 retulit:
2812 1192 2876 1232 eo
2897 1178 3044 1249 quod
3078 1179 3294 1234 scilicet
3351 1179 3423 1234 ob
3483 1179 3624 1236 assi-

355 1261 518 1316 duam
569 1264 624 1318 in
660 1263 882 1319 virtutis
939 1265 1124 1321 studio
1167 1266 1605 1330 contentionem,
1677 1264 1876 1335 capitis
1917 1270 1974 1318 et
2009 1267 2284 1321 stomachi
2350 1270 2678 1340 aegritudine
2707 1270 2990 1337 laborans,
3038 1271 3397 1343 prandiorum
3441 1276 3623 1324 enatus

356 1367 419 1407 ac
465 1351 835 1425 frequentiam
883 1355 1236 1412 detrectaret.
1288 1357 1357 1410 Et
1405 1357 1498 1413 isti
1539 1353 1761 1427 quidem
1808 1354 1940 1408 hinc
1975 1354 2326 1422 potissimum
2403 1361 2764 1430 gravissimas
2804 1360 3070 1417 adversus
3111 1375 3238 1417 eum
3313 1360 3622 1415 calumnias

356 1445 638 1500 texebant.

988 1539 1244 1594 ΚΕΦΑΛ.
1277 1539 1333 1593 I'.

2699 1538 2850 1594 CAP.
2895 1539 2960 1595 Χ.

355 1627 494 1694 Περὶ
513 1627 878 1698 Σευηριανοῦ
903 1625 1004 1682 τοῦ
1028 1628 1340 1693 Γαδάλων,
1369 1627 1469 1682 καὶ
1507 1626 1817 1698 Ἀντιόχου
1832 1624 1938 1698 τοῦ

2043 1625 2123 1680 De
2166 1625 2449 1683 Severiano
2498 1630 2840 1698 Gabalitano,
2883 1642 2933 1686 et
2967 1630 3225 1684 Antiocho
3271 1629 3622 1686 Ptolemaidis

427 1697 888 1778 ρτολεματδρςῖ
919 1699 1018 1752 καί
1048 1698 1409 1778 ὅσα-μεταξὴ
1437 1695 1938 1778 Σεραπίωνοςλιαὶ

427 1764 793 1835 Σευηριανοῦ
824 1766 1054 1836 γέγονε,
1085 1764 1192 1821 καῖ
1213 1769 1294 1834 ὠς
1323 1767 1421 1822 διὰ
1463 1764 1575 1837 τῆς
1612 1764 1941 1832 ,βασιλίδος

432 1837 505 1889 τὰ
526 1837 756 1904 μεταξὺ
785 1837 984 1892 αὐτῶν
1005 1838 1394 1906 διελύθησαν.

427 1925 749 1995 Ἐπεγένετο
776 1927 832 1980 δέ
860 1946 942 1990 τις
970 1927 1116 1998 αὐτῷ
1161 1927 1434 1999 πρόφασις
1461 1927 1653 1998 μίσους
1680 1927 1773 1980 καὶ
1805 1926 1942 1996 πρὸς

355 2017 454 2086 τὴν
480 2017 745 2087 βασιλέως
778 2020 1046 2089 γαμετὴν,
1079 2019 1166 2072 διὰ
1210 2019 1538 2090 Σευηριανὸν
1580 2020 1643 2071 ὲκ
1683 2019 1722 2070 Γ
1726 2018 1941 2072 αϐάλων

354 2112 456 2182 τῆς
486 2111 689 2183 Συρίας
714 2112 1028 2165 ἐπίσκοπον.
1064 2106 1231 2175 Οὗτός
1263 2127 1322 2164 τε
1347 2111 1455 2182 γὰρ
1487 2112 1580 2164 καὶ
1607 2111 1880 2181 Ἀντίοχος
1913 2111 1941 2163 ὁ

359 2201 717 2273 Πτολεμαΐδος
760 2203 1032 2274 (Φοίνισσα
1081 2203 1137 2256 δὲ
1173 2203 1328 2267 πόλις
1357 2203 1451 2273 ἥδε
1471 2203 1512 2275 ),
1561 2203 1701 2256 κατὰ
1745 2203 1941 2255 ταυτὸν

357 2296 523 2366 ἄμφω
556 2295 868 2366 ἐγενέσθην,
928 2296 1203 2367 ἐλλογίμω
1249 2314 1308 2350 τε
1357 2297 1450 2349 καὶ
1510 2297 1602 2349 ἐπὶ
1643 2297 1938 2366 ἐκκλησίας

363 2385 532 2438 ἱκανὼ
583 2385 856 2440 διδάσκειν
888 2405 901 2417 ο
945 2387 1061 2440 ἀλλ’
1123 2389 1152 2440 ό
1211 2389 1309 2458 μὲν
1354 2388 1593 2450 εὐκόλως
1640 2389 1734 2441 καὶ
1798 2387 1941 2458 μάλα

357 2477 570 2547 εὑήχως
635 2477 838 2546 ἔλεγεν,
897 2477 972 2542 ὡς
1023 2478 1117 2531 καὶ
1158 2479 1544 2550 Χρυσόστομος
1588 2479 1724 2550 πρός
1781 2496 1941 2532 τινων

357 2565 763 2636 ὀνομάζεσθαι·
820 2568 848 2619 ὁ
893 2567 949 2620 δὲ
1000 2568 1332 2637 Σευηριανὸς
1379 2568 1479 2639 τὴν
1539 2567 1724 2639 Σύρων
1772 2568 1941 2620 δασύ-

355 2674 495 2728 τητα
528 2658 662 2729 (56),
688 2658 891 2730 καίπερ
921 2662 1032 2724 τοῖς
1053 2661 1288 2730 νοήμασι
1311 2660 1406 2712 καὶ
1453 2662 1574 2722 ταῖς
1614 2659 1942 2730 μαρτυρίαις

355 2747 465 2798 τῶν
490 2747 725 2819 Γραφῶν
753 2749 991 2818 ἀμείνων
1034 2745 1173 2803 εῖναι
1213 2749 1406 2815 δοκῶν,
1437 2751 1529 2803 ἐπὶ
1558 2750 1656 2820 τῆς
1696 2749 1942 2819 γλώττης

355 2837 570 2910 ἔφερεν.
613 2831 816 2893 Ἐλθὼν
850 2839 908 2893 δὲ
939 2841 1199 2912 πρότερος
1241 2843 1511 2911 Ἀντίοχος
1535 2842 1614 2905 είς
1646 2843 1938 2894 Κωνσταν-
1968 2873 2010 2932 C

356 2928 684 2992 τινούπολιν,
721 2929 814 2982 ἐπὶ
843 2932 955 2993 τοῖς
994 2929 1172 2996 λόγοις
1213 2929 1450 3000 ἐπῃνὲοη
1477 2945 1492 2960 ο
1543 2928 1638 2983 καὶ
1683 2929 1942 3000 χρήματα

358 3018 641 3090 ἀθροίσας,
677 3021 757 3083 εἰς
785 3019 882 3090 τὴν
916 3020 1078 3073 αὑτοῦ
1116 3021 1268 3074 πόλιν
1317 3019 1609 3090 ἐπανῆλθε.
1670 3021 1829 3074 Κατὰ
1853 3021 1944 3090 ζῆ-

359 3108 449 3162 λον
478 3109 534 3162 δὲ
556 3108 746 3162 τούτου
793 3111 888 3163 καὶ
940 3112 1272 3182 Σευηριανὸς
1314 3109 1542 3182 ὕστερον
1590 3112 1940 3182 ἀφικόμενος,

357 3197 512 3252 εὔνου
539 3198 718 3270 τυχὼν
759 3201 1030 3262 Ἰωάννου,
1065 3201 1325 3264 πολλάκις
1345 3202 1438 3255 ἐπὶ
1488 3203 1588 3272 τῆς
1635 3201 1938 3272 ἐκκλησίας

355 3294 532 3361 λέγων
580 3291 921 3362 ἐθαυμάζετο
945 3309 959 3326 ο
1016 3293 1109 3346 καὶ
1163 3295 1220 3346 ὲν
1253 3297 1389 3366 τιμῇ
1429 3288 1519 3365 ἦν,
1549 3293 1644 3346 καὶ
1688 3293 1854 3356 πολὺς
1882 3295 1941 3347 ὲν

354 3384 583 3452 δυνάμει
615 3396 628 3411 ⁸
662 3383 758 3435 καὶ
788 3383 937 3454 αὐτῷ
973 3383 1182 3453 βασιλεῖ
1213 3386 1307 3439 καὶ
1346 3389 1414 3456 τῇ
1468 3384 1700 3454 βασιλίδι
1742 3383 1940 3454 γνώρι-

360 3489 460 3543 μος
514 3472 752 3542 ἐγένετο.
819 3473 1013 3527 Ἦνίκα
1066 3474 1122 3526 δὲ
1179 3475 1430 3545 Ἰωάννης
1479 3477 1559 3536 είς
1613 3473 1709 3544 τὴν
1753 3474 1940 3528 Ἀσίαν

358 3564 700 3635 ἀπεδήμησε,
733 3564 829 3636 τὴν
856 3564 1184 3636 Ἐκκλησίαν
1224 3565 1373 3636 αὐτῷ
1413 3565 1683 3634 παρέθετο
1715 3582 1727 3594 ·
1775 3565 1938 3618 κολα-

359 3655 533 3718 κείαις
563 3655 672 3727 γὰρ
700 3655 864 3709 αὑτὸν
898 3656 1251 3726 περιέποντα,
1289 3657 1440 3726 φίλον
1485 3652 1624 3710 εἶναι
1656 3656 1942 3709 σπουδαῖον

357 3745 625 3816 ἐνόμισεν.
688 3747 746 3800 Ὀ
793 3747 850 3800 δὲ
906 3747 1066 3801 πλέον
1119 3748 1436 3817 ἐπεμελεῖτο
1484 3750 1596 3811 τοῖς
1650 3747 1944 3818 ἀκροαταῖς

357 3836 715 3910 χαρίζεσθαι,
766 3837 860 3891 καὶ
903 3837 995 3892 τὸν
1043 3839 1171 3893 λαὸν
1223 3842 1334 3903 τοῖς
1380 3840 1559 3908 λόγοις
1606 3840 1756 3910 ἥδειν
1804 3839 1940 3909 (57).

370 3927 624 3999 Ἰωάννης
652 3927 708 3982 δὲ
751 3928 924 3983 ταῦτα
955 3929 1276 4000 πυθόμενος,
1310 3931 1681 4002 ὲζηλοτύπησε
1714 3930 1834 4001 μὲν,
1865 3929 1942 3995 ὧς

359 4035 524 4089 φασι,
569 4018 922 4088 Σαραπίωνος
973 4019 1136 4074 αὐτὸν
1185 4021 1278 4074 ἐπὶ
1319 4021 1531 4086 τούτοις
1579 4020 1943 4093 παρακινοῦν-

432 4150 450 4182 ¹
480 4149 662 4218 Socr.,
693 4150 790 4208 lib.
818 4167 898 4220 vr,
921 4165 1044 4223 cap.
1077 4153 1160 4212 Η.

2111 1698 2353 1767 episcopo
2380 1716 2398 1752 :
2429 1709 2478 1753 et
2513 1701 2576 1754 de
2609 1701 2688 1754 Itis
2710 1719 2828 1768 quin
2870 1704 3011 1757 inter
3046 1700 3388 1755 Severianum
3431 1717 3492 1754 ac
3529 1699 3624 1755 Se—

2114 1769 2386 1842 rapionem
2421 1781 2582 1842 gesta
2609 1784 2774 1825 sunt:
2805 1781 2852 1826 et
2881 1770 3142 1842 quomodo
3179 1771 3495 1838 imperatrix
3532 1787 3619 1825 eos

2113 1836 2251 1891 inter
2273 1855 2329 1892 se
2358 1836 2794 1896 reconciliaverit.

2110 1928 2362 1984 Accessit
2389 1940 2568 1985 autem
2614 1933 2691 1986 illi
2726 1932 2830 1985 alia
2862 1946 3082 2002 quoque
3121 1931 3420 1987 simultatis
3452 1947 3621 1988 causa

2041 2013 2310 2070 adversus
2340 2017 2773 2088 imperatricem,
2805 2028 3034 2073 auctore
3061 2017 3363 2076 Severiano
3383 2018 3622 2074 Gabalo-

2039 2121 2164 2160 rum
2219 2107 2392 2177 Syriae
2449 2109 2774 2179 episcopo‘.
2827 2107 2932 2166 Ilic
2992 2111 3158 2175 enim,
3209 2119 3262 2165 et
3312 2112 3622 2170 Antiochus

2039 2199 2337 2270 episcopus
2380 2198 2758 2265 Ptolemaidis,
2807 2217 2928 2271 quae
2960 2203 3094 2256 urbs
3143 2209 3228 2256 est
3261 2203 3314 2256 in
3359 2200 3624 2260 Phoenice

2040 2289 2169 2354 sita,
2205 2289 2372 2348 ambo.
2401 2290 2630 2356 eruditi,
2660 2298 2713 2346 et
2759 2290 2826 2345 ad
2858 2292 3118 2361 populum
3151 2290 3208 2346 in
3245 2291 3410 2363 339
3438 2295 3620 2350 eccle-

2042 2381 2126 2435 sia
2160 2380 2472 2435 docendum
2506 2380 2708 2445 idonei,
2758 2381 2952 2436 eodem
2989 2390 3233 2453 tempore
3266 2386 3619 2440 exstiterunt.

2043 2471 2247 2526 Verum
2296 2471 2604 2526 Antiochus
2657 2471 2876 2542 quidem
2915 2473 3172 2543 expedite
3222 2475 3517 2530 admodum
3565 2484 3622 2532 et

2043 2579 2242 2621 sonora
2275 2579 2408 2619 voce
2440 2563 2770 2634 loquebatur
2801 2582 2814 2618 :
2846 2564 2921 2618 ita
2951 2575 3010 2620 ut
3039 2579 3068 2619 a
3093 2566 3372 2622 nonnullis
3401 2567 3619 2624 dicere-

2046 2665 2138 2711 tur
2173 2655 2624 2727 Chrysostomus.
2663 2655 2999 2712 Severianus
3045 2665 3227 2713 autem
3263 2659 3618 2728 asperitatem

2045 2743 2310 2816 Syrorum
2364 2745 2418 2799 in
2466 2745 2742 2814 loquendo
2795 2745 3095 2810 retinebat,
3143 2745 3270 2801 licet
3314 2747 3519 2816 alioqui
3562 2750 3619 2802 in

2044 2839 2356 2901 sententiis,
2388 2849 2441 2893 et
2477 2838 2532 2891 in
2563 2837 2703 2891 locis
2734 2851 2907 2892 sacrae
2941 2836 3237 2906 Scriptura!
3279 2837 3622 2906 exponendis

2043 2929 2395 3000 praestantior
2443 2927 2760 2982 haberetur.
2795 2927 3066 2982 Caeterum
3115 2926 3442 2992 Antiochus,
3491 2941 3620 2981 cum

2052 3021 2208 3092 prior
2240 3019 2483 3075 venisset
2513 3017 3075 3089 ConstantinOpolim,
3104 3017 3429 3088 eloquentia
3453 3029 3626 3074 causa

2044 3126 2299 3182 magnam
2346 3109 2564 3166 laudem
2614 3110 2880 3165 retulerat
2928 3125 2943 3164 :
2988 3107 3346 3178 collectisque
3404 3107 3630 3164 abunde

2043 3201 2315 3272 pecuniis,
2349 3201 2416 3256 ad
2441 3200 2722 3256 civitatem
2751 3213 2909 3255 suam
2949 3197 3210 3253 redierat.
3241 3197 3416 3266 Cujus
3443 3213 3624 3252 exem-

2042 3291 2191 3363 plum
2224 3300 2448 3348 secutus
2474 3289 2833 3353 Severianus,
2865 3304 2993 3344 cum
3027 3297 3152 3358 post
3177 3288 3331 3341 illum
3355 3288 3625 3354 venisset,

2044 3391 2099 3439 et
2123 3382 2390 3438 Joannem
2424 3381 2563 3437 forte
2593 3381 2916 3437 benevolum
2966 3387 3163 3434 nactus
3192 3389 3360 3444 esset,
3393 3393 3536 3448 saepe
3565 3380 3620 3434 in

2044 3474 2293 3529 Ecclesia
2335 3473 2720 3534 concionatus,
2769 3483 3021 3540 magnam
3067 3469 3153 3524 sui
3199 3467 3620 3524 admirationem

2045 3565 2305 3621 excitavit
2337 3583 2351 3619 :
2400 3561 2746 3632 multumque
2780 3558 3006 3614 honoris
3037 3566 3091 3612 et
3121 3557 3466 3612 auctoritatis
3492 3558 3623 3614 ade-

2039 3663 2168 3726 plus
2224 3661 2362 3709 est:
2413 3653 2630 3722 ipsique
2677 3651 2816 3706 adeo
2865 3649 3204 3720 imperatori,
3267 3659 3320 3705 et
3374 3660 3629 3720 augusta-

2037 3745 2330 3801 familiaris
2367 3745 2607 3800 exstitit.
2645 3742 2710 3797 Et
2739 3758 2863 3798 cum
2889 3740 3132 3799 Joannes
3168 3743 3224 3798 in
3266 3743 3453 3798 Asiam
3493 3757 3620 3814 pro-

2041 3838 2404 3903 ﬁcisceretur,
2427 3837 2729 3893 Ecclesiam
2759 3849 2914 3892 suam
2933 3835 2983 3890 ei
3013 3836 3435 3891 commendavit.
3462 3837 3616 3889 Illum

2038 3932 2186 3988 enim
2241 3931 2482 3987 amicum
2525 3939 2580 3985 et
2615 3929 2920 3985 studiosum
2977 3929 3062 3984 sui
3124 3927 3492 3991 existimabat,
3553 3940 3620 3979 eo

2039 4023 2188 4095 quod
2239 4023 2709 4080 assentationibus
2754 4023 2930 4093 ipsum
2963 4020 3228 4090 palparet.
3279 4015 3480 4073 Verum
3527 4015 3617 4070 ille

1550 4304 1824 4360 VALESII
1859 4302 2413 4361 ANNO'I‘ATIONES.

359 4411 553 4451 versus
613 4393 1021 4465 Homousianos
1080 4395 1315 4464 plurima
1351 4396 1613 4465 atrociter
1653 4397 1845 4465 gessit,
1878 4408 1936 4450 ut
1968 4402 2013 4456 D
2043 4395 2366 4450 monasterii
2401 4390 2862 4465 Musciascensis,
2893 4387 2988 4458 qui
3019 4399 3172 4465 nunc
3194 4384 3615 4465 usuin-biblio-

358 4466 438 4520 ait
472 4465 812 4520 Sozomenus
847 4464 1084 4535 in_l_ihro
1110 4480 1183 4528 tv,
1236 4480 1357 4535 cap.
1394 4464 1448 4518 2.
1490 4465 1548 4519 ln
1611 4464 1696 4520 his
1724 4467 1937 4523 celebre

359 4535 462 4590 fuit
493 4535 888 4590 monasterium
919 4533 1267 4599 Marathonii,
1296 4533 1456 4604 cujus
1514 4537 1763 4590 meminit
1793 4536 1934 4592 idem

360 4604 702 4660 Sozomenus
758 4605 809 4658 in
871 4605 1012 4658 libro
1065 4620 1116 4658 ν.
1179 4604 1257 4657 Ac
1315 4602 1550 4659 fortasse
1605 4605 1671 4660 de
1703 4605 1788 4661 his
1821 4621 1938 4659 mo-

358 4676 616 4730 nasteriis
641 4675 1046 4745 intelligendus
1071 4682 1156 4730 est
1209 4674 1501 4745 Soaomeni
1553 4675 1710 4730 locus
1772 4691 1936 4745 supra

357 4747 582 4817 citatus,
618 4744 684 4798 de
707 4743 993 4798 Heraclide
1018 4744 1250 4817 diacono
1275 4743 1514 4817 Joannis,
1532 4743 1934 4817 Chrysostomi,

355 4832 518 4884 quem
543 4813 878 4885 sozomenus
908 4826 1066 4868 vocat
1090 4815 1334 4868 διάκονον
1359 4815 1467 4868 τῶν
1496 4816 1588 4882 ὑφ’
1612 4813 1804 4869 ἑαυτὸν
1830 4833 1927 4885 μο-

355 4886 536 4955 ναχῶν
556 4884 663 4938 τῶν
689 4885 755 4937 ὲκ
786 4885 884 4954 τῆς
916 4885 1188 4954 Σκήτεως,
1220 4886 1270 4938 id
1299 4894 1402 4946 est,
1443 4886 1725 4955 diaconum
1751 4884 1936 4939 mona-

355 4953 575 5009 chorum
609 4955 698 5025 qui
733 4953 887 5009 erant
924 4953 1021 5025 sub
1053 4956 1398 5025 dispositione
1441 4953 1669 5009 Joannis
1705 4955 1936 5025 Chryso-

355 5026 537 5089 stomi,
571 5023 712 5096 quos
747 5025 838 5079 ille
876 5040 940 5079 ex
958 5023 1710 5096 ScetiConstantinOpolim
1743 5023 1937 5080 evoca-

355 5104 532 5162 verat,
557 5093 701 5152 sicut
731 5104 917 5165 postea
946 5093 1186 5165 Cyrillus
1221 5093 1610 5152 'I‘abennenses
1639 5096 1937 5151 monachos

355 5166 640 5236 Canopum
693 5165 1163 5236 traduxitJ’orro
1211 5166 1606 5220 monachorum
1665 5166 1937 5234 cujusque

353 5235 613 5292 dimcesis
638 5250 771 5290 cura
801 5236 868 5288 ad
901 5235 1218 5305 episcopum
1271 5237 1568 5305 provincias
1601 5237 1934 5304 pertinebat,

353 5311 447 5377 qui
469 5307 674 5360 victum
697 5306 809 5360 illis
839 5315 1000 5377 atque
1027 5321 1279 5377 annonas
1302 5313 1356 5360 et
1389 5307 1599 5377 reliqua
1622 5307 1936 5377 necessaria

353 5374 832 5432 subministrabat.
869 5374 1129 5429 Testatur
1167 5376 1218 5428 id
1253 5374 1537 5430 Possidius
1568 5376 1622 5428 in
1666 5374 1787 5428 Vita
1817 5374 1940 5428 bea-

355 5449 397 5500 ti
435 5447 716 5516 Augustini
756 5447 860 5501 θυι)
892 5448 1054 5499 linem
1090 5446 1163 5498 ita
1191 5445 1441 5500 scribens
1475 5464 1488 5498 :
1518 5444 1732 5516 Clarum
1795 5445 1938 5513 sum-

354 5515 736 5570 cientissimum
771 5528 820 5571 et
856 5516 1183 5569 monasteria
1221 5518 1454 5570 uirorum
1501 5531 1562 5567 ac
1613 5515 1936 5584 feminarum

353 5586 598 5657 diligenti
640 5602 769 5638 cura
799 5585 1195 5657 _constab_ilita,
1237 5587 1422 5657 omnia
1476 5601 1608 5657 quae
1638 5587 1938 5657 necessaria

355 5653 509 5712 erant
543 5657 752 5727 prouisa
773 5655 996 5710 dimisit.
1025 5653 1116 5711 Sic
1149 5655 1347 5725 legitur
1399 5656 1452 5708 in
1489 5653 1710 5724 'optimo
1745 5655 1936 5712 codice

2041 4467 2198 4522 theca
2228 4465 2334 4519 viri
2374 4465 2457 4521 Cl.
2496 4462 2707 4518 Claudii
2757 4455 2923 4531 Jolly,
2974 4457 3226 4512 canonici
3287 4455 3615 4511 Parisieusis

2039 4535 2318 4593 Ecclesiae.

2110 4607 2222 4678 (35)
2252 4603 2362 4678 Kai
2412 4602 2630 4657 τοῦτον
2686 4599 2935 4678 πείθειν.
2997 4595 3181 4678 Malim
3231 4595 3648 4677 scriberem“:

2037 4666 2216 4748 τούτω
2245 4675 2474 4736 πείθειν,
2531 4682 2664 4736 etc.,
2708 4683 2874 4741 quam
2921 4669 3210 4723 lectionem
3250 4666 3302 4719 in
3361 4666 3616 4720 versione

2040 4762 2157 4802 mea
2188 4755 2415 4800 secutus
2441 4759 2559 4799 sum
2572 4785 2583 4797 .

2113 4817 2222 4886 (56)
2271 4816 2398 4886 Τὴν
2440 4815 2644 4886 Σύρων
2694 4810 3025 4886 δασύτητα.
3087 4804 3364 4886 5_uﬂ'ridus
3415 4802 3620 4884 Petrus

2039 4877 2562 4956 vertit'asperitatem
2594 4877 3206 4956 Syrorum.__Musculu_s
3265 4889 3393 4956 vero
3416 4877 3618 4956 crassit-

2041 4958 2184 5019 tiem,
2208 4946 2358 5026 quod
2402 4954 2584 5026 minus
2615 4946 2805 5022 probo.
2863 4948 3050 5018 Neque
3087 4947 3234 5026 enim
3273 4946 3324 5026 id
3359 4946 3616 5026 convenit

2041 5015 2347 5098 Syris,fqui
2391 5015 2689 5098 tinnula'et
2736 5028 2898 5098 acuta
2940 5015 3073 5098 voce
3119 5015 3517 5098 loquebantur,
3556 5023 3612 5098 ut

2041 5085 2242 5150 alicubi
2273 5085 2513 5149 testatur
2546 5093 2846 5161 imperator
2866 5088 3139 5161 Julianus.
3166 5085 3406 5161 Joannes
3429 5094 3616 5135 autem

2037 5166 2261 5236 Langus
2293 5164 2458 5236 vertit
2498 5153 2832 5236 densitatem.
2873 5159 3084 5236 Idcirco
3121 5164 3316 5236 autem
3348 5153 3612 5236 Sosoine:

2040 5251 2146 5290 nus
2159 5220 2526 5304 asperitatem
2557 5248 2653 5289 seu
2679 5232 3010 5304 densitatem
3034 5229 3085 5280 in
3121 5227 3395 5296 loquendo
3425 5220 3616 5276 tribuit

2041 5305 2216 5377 Syris,
2241 5298 2398 5377 'quod
2423 5304 2639 5377 crebris
2669 5298 3434 5377 aspirationibus_uterentur.

2109 5361 2224 5444 (37i
2252 5361 2360 5430 Kal
2395 5375 2503 5429 τὸν
2534 5374 2688 5430 λαὸν
2709 5361 2835 5438 τόἷς
2859 5371 3063 5444 λόγοις
3093 5366 3286 5444 ἢδειν.
3318 5361 3618 5444 Pro_verbo

2037 5433 2187 5517 ᾕδειν
2218 5444 2563 5515 Nicephorius
2596 5433 3081 5517 triaApo‘suitjhoc_
3099 5433 3266 5517 modo
3305 5452 3317 5487 :
3356 5433 3451 5486 καὶ
3499 5435 3618 5517 τοῖς

2037 5502 2216 5585 λόγοις
2243 5502 2486 5585 ὲπάῆειν,
2514 5502 2766 5586 καὶπρὸς
2789 5511 2981 5566 ἑαυτὸν
3006 5508 3140 5559 πᾶσι
3171 5505 3394 5576 τρόποις
3425 5502 3617 5568 μεθέλ-

2039 5604 2156 5640 κειν
2182 5589 2274 5641 καὶ
2307 5587 2591 5640 ίδιοῦσθαι.
