4054 6188
427 151 562 209 1355

1347 144 1673 211 HISTORIA
1713 138 2266 199 ECCLESIASTICA.
2303 170 2373 180 —
2428 138 2557 194 LIB.
2588 139 2721 196 VIII.

3543 144 3676 201 1546

422 269 657 326 λεύοντο.
697 266 758 322 '0
788 265 845 320 δὲ
880 265 1007 335 παρ’
1038 262 1232 316 αὐτίκα
1262 261 1446 330 φανεὶς
1490 260 1567 313 ἔτι
1597 259 1999 322 στασιάζουσιν,

2109 256 2315 326 gregati
2348 254 2670 310 tumultuari
2705 263 3014 324 coeperunt,
3047 272 3117 312 ac
3142 256 3505 330 TheOpbilum
3529 259 3679 314 velut

421 358 607 423 Οὕτως
635 359 800 430 ὑμᾶς,
840 358 964 427 ἔφη,
995 350 1133 407 εἶδον
1173 354 1248 417 ὼς
1280 351 1414 406 Θεοῦ
1462 352 1772 423 πρόσωπον.
1809 350 1883 403 Τὸ
1939 349 1997 402 δὲ

424 449 586 520 ῥηθὲν
639 446 834 508 ἱκανῶς
876 443 1107 515 ἐφύλαξε
1152 446 1277 508 τοὺς
1326 443 1523 515 ἄνδρας
1563 445 1694 513 (42).
1748 444 1858 495 Καὶ
1901 439 1997 511 τῆς

422 542 590 612 ὀργῆς
636 536 986 605 καθυφέντες,
1026 535 1257 601 Οὐκοῦν,
1294 538 1477 607 φασὶν,
1525 538 1575 589 εί
1621 536 1743 588 τάδε
1782 535 1997 605 ἀληθῶς

422 631 682 696 δοξάζεις,
711 628 804 682 καὶ
831 626 928 691 τὰς
966 627 1273 698 Ὠριγένους
1293 626 1634 696 ἁποκήρυξον
1666 625 1899 696 βίϐλους.
1922 626 1995 690 ὡς

423 720 531 772 τῶν
550 718 905 789 ἀσκουμένων
932 717 1132 781 ταύτας
1155 715 1299 769 οὓτω
1327 719 1542 788 φρονεῖν
1574 716 1999 786 εἰσηγουμένων.

435 809 573 863 Ἀλλ’
625 810 770 881 ἐμοὶ,
817 809 944 880 ἔφη,
992 808 1149 862 τοῦτο
1190 809 1357 864 πάλαι
1407 809 1727 880 δεδογμένον
1771 804 1859 879 ἦν,
1910 808 2004 861 καὶ

423 902 635 973 ποιήσω
679 901 754 965 ὡς
803 903 932 973 ὑμῖν
982 900 1169 956 δοκεῖ’
1223 902 1508 972 μέμφομαι
1554 890 1675 973 γὰρ
1703 901 1804 971 οὐχ
1842 898 2003 971 ἦττον

420 997 575 1067 κάγὼ
627 1000 740 1062 τοῖς
790 998 863 1050 τὰ
909 996 1220 1068 Ὠριγένους
1267 995 1570 1061 δοξάζουσι.
1640 996 1750 1049 Καὶ
1799 997 1827 1049 ό
1881 997 2000 1066 μὲν,

416 1087 561 1142 οὓτω
635 1087 967 1158 βουκολήσας
1038 1087 1165 1151 τοὺς
1245 1089 1549 1157 μοναχοὺς,
1623 1087 1837 1141 διέλυσε
1899 1088 1998 1157 τὴν

422 1196 628 1231 στασιν.

1013 1453 1260 1506 ΚΕΦΑΛ.
1298 1454 1394 1507 ΙΒ’.

2106 346 2332 415 impium
2370 359 2402 399 e
2448 345 2628 399 medio
2674 344 2866 399 tollere
2900 345 3175 402 volebant.
3222 347 3426 404 Verum
3477 348 3570 404 ille
3611 349 3680 403 ad

2105 451 2201 492 eos
2263 428 2444 491 adhuc
2512 436 2917 491 tumultuantes
2978 441 3348 508 progressus‘,
3409 435 3679 502 Perinde,
3770 480 3779 489 .

2104 528 2307 599 inquit,
2360 542 2461 582 vos
2508 528 2694 597 aspexi
2744 541 2808 582 ac
2861 528 3070 582 vultum
3135 527 3254 584 Dei.
3303 529 3418 586 Hoc
3470 531 3678 586 dictum

2106 620 2360 676 homines
2419 620 2689 690 tantisper
2721 620 2991 675 cohibuit.
3048 618 3288 677 Proinde
3338 623 3441 690 illi,
3493 624 3706 679 sedato.

2102 711 2311 777 furore,
2365 710 2446 776 Si,
2488 711 2767 782 inquiunt,
2803 726 2873 767 ex
2916 713 3100 767 animo
3131 714 3206 767 ita
3244 713 3450 781 credis,
3489 714 3683 784 Orige-

2101 805 2189 859 nis
2233 805 2407 861 libros
2459 805 2810 871 condemna,
2863 820 2988 859 cum
3036 806 3117 860 illi
3166 806 3403 863 lectores
3434 822 3570 863 suos
3627 807 3682 860 in

2099 911 2220 951 eam
2254 898 2581 953 sententiam
2611 896 2900 952 inducant.
2929 895 3067 951 Tum
3098 895 3464 969 T-heOpbilus,
3506 897 3684 960 Istud,

2101 988 2300 1059 inquit,
2328 988 2663 1059 jampridem
2704 989 3127 1053 constitueram,
3177 988 3495 1060 faciamque
3537 991 3686 1046 sicut

2101 1082 2260 1137 vobis
2297 1080 2535 1135 videtur.
2567 1081 2700 1135 Nam
2733 1093 2788 1136 et
2817 1082 2959 1151 ipse,
2994 1097 3151 1152 teque
3178 1095 3245 1136 ac
3282 1096 3403 1146 vos,
3452 1082 3522 1138 iis
3555 1096 3683 1137 suco

2098 1188 2300 1228 censeo
2358 1172 2451 1241 qui
2503 1171 2761 1243 Origeuis
2822 1173 3114 1242 opiniones
3174 1183 3507 1245 sequuntur.
3576 1173 3686 1227 Hac

2103 1266 2316 1320 ratione
2355 1263 2715 1334 Theophilus,
2768 1263 2979 1320 delusis
3010 1266 3320 1329 monachis.
3356 1264 3684 1321 seditionem

2101 1357 2373 1414 dissolvit.

2732 1448 2885 1504 CAP.
2940 1448 3055 1503 XII.

422 1546 557 1614 Περὶ
590 1547 707 1603 τῶν
738 1544 1051 1614 τεσσάρων
1094 1544 1370 1614 ᾀδελφῶν
1401 1541 1702 1614 ἀσκητῶν,
1736 1543 1854 1598 τῶν
1885 1549 2008 1600 Μα-

2114 1539 2190 1594 De
2223 1548 2455 1610 quatuor
2487 1540 2745 1614 fratribus
2784 1542 3077 1614 monachis,
3116 1542 3209 1614 qui
3233 1540 3406 1614 Longi
3435 1540 3687 1597 dicebau-

488 1610 645 1741 irpgrr
668 1610 1028 1685 λεγομένων,
1059 1610 1150 1680 οἷς
1181 1610 1254 1667 διδ
1281 1615 1506 1684 ἔχθραν
1535 1613 1773 1683 ἐγένετο
1806 1618 1839 1670 ό
1867 1618 2003 1671 Θεό-

489 1704 552 1741 cst
600 1704 687 1741 oe.
1600 1735 1611 1741 -

488 1704 687 1754 φίλος.

493 1778 655 1839 Ἴσως
690 1775 735 1828 δ’
768 1774 833 1829 ἂν
867 1775 963 1827 καὶ
987 1774 1082 1845 ἥδε
1124 1774 1158 1844 ἡ
1188 1771 1416 1842 ζήτησις
1444 1773 1727 1836 παντελῶς
1771 1774 1892 1828 τότε
1917 1774 2001 1828 δι-

419 1866 608 1937 ελύθη,
634 1867 682 1918 εί
705 1865 779 1937 μὴ
797 1864 1154 1936 πεπαυμένην
1174 1864 1275 1936 ἤδη
1299 1867 1369 1918 δι’
1400 1864 1600 1935 ἔχθραν
1622 1866 1757 1918 ἰδίαν
1786 1867 2007 1935 ἐκίνησε

415 1958 697 2025 Θεόφιλος,
718 1956 1088 2010 ἓπιὸουλεύων
1111 1955 1408 2027 Ἀμμωνίῳ
1447 1957 1541 2009 καὶ
1573 1956 1870 2026 Διοσκόρω,
1904 1957 2008 2008 Εὑ-

418 2046 584 2117 σεόίῳ
623 2063 682 2099 τε
727 2047 822 2100 καὶ
861 2045 1137 2116 Εὐθυμίῳ,
1176 2048 1288 2108 τοῖς
1322 2039 1553 2117 ἐπίκλην
1591 2047 1859 2116 Μακροίς.
1901 2045 2007 2109 Οὓς

415 2135 680 2205 ἀδελφοὺς
695 2137 874 2201 ὄντας,
892 2136 1209 2207 εὐδοκίμους
1229 2134 1482 2205 γενέσθαι
1506 2136 1659 2208 παρὰ
1672 2139 1782 2201 τοῖς
1798 2139 1855 2190 ὲν
1876 2137 2012 2208 Σκή.

418 2247 500 2284 τει
521 2229 903 2299 φιλοσοφοῦσιν
924 2230 989 2283 ὲκ
1014 2229 1123 2282 τῶν
1145 2228 1381 2300 πρόσθεν
1406 2228 1675 2305 ἔγνωμεν.
1703 2224 1864 2284 Οὗτοι
1899 2229 2009 2299 γὰρ

420 2318 561 2392 ἦσαν
585 2321 735 2391 αὐτῷ
753 2321 822 2374 τὰ
845 2320 1081 2390 μάλιστα
1110 2320 1221 2372 τῶν
1251 2321 1310 2373 έν
1342 2319 1606 2389 Αἰγύπτῳ
1638 2321 1886 2389 μοναχῶν
1917 2337 2010 2373 κε-

421 2412 763 2485 χαρισμένοι,
800 2412 896 2465 καὶ
930 2411 997 2465 τὰ
1031 2410 1197 2464 πολλὰ
1233 2411 1555 2482 συνομίλους
1589 2411 1685 2465 καὶ¹
1731 2411 2011 2476 συνοίκους

422 2507 618 2570 αὐτοὺς
651 2506 907 2559 ἐποιεῖτο.
943 2502 1049 2556 Τδν
1074 2503 1133 2557 δὲ
1169 2503 1460 2575 Διόσκορον
1502 2504 1599 2557 καὶ
1636 2504 1735 2573 τῆς
1775 2505 2008 2576 Ἕρμου-

425 2598 633 2662 πόλεως
663 2596 962 2650 ἐπίσκοπον
1004 2596 1360 2665 κατέστησεν.
1400 2594 1499 2659 Εἰς
1537 2597 1692 2666 μῖσος
1728 2596 1785 2650 δὲ
1827 2597 2011 2662 αὐτοῖς

422 2690 659 2760 κατέστη
678 2688 855 2759 ἐκπτῆς
875 2687 1010 2758 πρὸς
1025 2687 1296 2759 Ἰσίδωρον
1314 2686 1535 2758 ἔχθρας,
1551 2687 1611 2740 ὃν
1642 2687 1780 2758 μετὰ
1805 2688 2013 2743 Νεκτά-

427 2800 543 2854 ριον
587 2783 646 2835 ὲν
695 2778 1261 2835 Κωνσταντινουπόλει
1297 2782 1623 2851 χειροτονεῖν
1655 2780 2008 2845 ἐσπούδαζεν.

421 2874 489 2928 Οἱ
529 2873 626 2944 μὲν
652 2872 761 2943 γάρ
795 2888 958 2941 φασιν
1002 2870 1135 2941 (45),
1177 2870 1254 2935 ὡς
1288 2872 1423 2941 γυνή
1463 2889 1546 2935 τις
1591 2872 1654 2924 ἐκ
1691 2874 1789 2943 τῆς
1836 2873 2009 2925 Μανι-

422 2963 882 3037 χαίων-αίρέσεως
922 2962 1178 3033 μετέθετο
1208 2963 1342 3036 πρὸς
1384 2962 1481 3034 τὴν
1513 2963 1739 3016 καθόλου
1786 2962 2009 3034 Ἐκκλη-

424 3058 566 3112 σίαν.
604 3057 693 3120 Ὠς
718 3056 1136 3126 ἀπερισκέπτως
1156 3055 1213 3108 δὲ
1236 3054 1439 3126 ταύτης
1460 3056 1869 3125 κοινωνησάσης
1907 3073 2008 3125 μυ-

423 3147 663 3220 στηρίων
710 3148 840 3218 πρὶν
891 3147 1266 3218 ἀπαγορεῦσαι
1318 3146 1417 3217 τὴν
1463 3146 1734 3219 προτέραν
1778 3146 2011 3217 αἵρεσιν,

417 3242 684 3312 ὲπῃτιᾶτο
737 3240 992 3309 Θεόφιλος
1041 3241 1133 3294 τὸν
1182 3240 1301 3293 τότε
1331 3239 1864 3310 ἀρχιπρεσὸύτερον·
1910 3240 2016 3292 ἀπο

420 3332 686 3403 ηχθάνετο
718 3332 827 3404 γὰρ
858 3332 1007 3403 αύτῷ
1040 3333 1133 3385 καὶ
1165 3332 1361 3395 ἄλλως.
1407 3332 1465 3383 '0
1492 3331 1549 3384 δὲ
1600 3332 1804 3402 Πέτρος
1836 3330 2017 3401 (τοῦτο

423 3424 533 3495 γὰρ
557 3420 626 3495 ἦν
654 3424 825 3494 ὄνομα
843 3424 1037 3494 αὐτῷ),
1063 3424 1157 3477 καὶ
1189 3423 1329 3476 κατᾶ
1350 3423 1440 3475 τὸν
1465 3423 1628 3492 νόμον
1660 3423 1761 3491 τῆς
1788 3423 2014 3491 Ἐκκλη-

428 3516 568 3580 σίας,
599 3518 694 3570 καὶ
726 3516 921 3589 γνώμῃ
940 3516 1199 3584 Θεοφίλου
1225 3513 1680 3584 κεκοινωνηκέναι
1713 3515 1769 3566 τὸ
1795 3513 2013 3580 γύναιον

426 3607 750 3678 ἰσχυρίζετο.
811 3607 922 3659 Καὶ
990 3606 1240 3679 μάρτυρα
1288 3603 1491 3657 τούτων
1523 3641 1537 3665 ,
1581 3602 1846 3672 Ἰσίδωρον
1899 3601 2015 3653 ἕλε-

424 3713 540 3765 γεν.
590 3695 647 3748 ’0
679 3695 736 3749 δὲ
785 3695 940 3766 ἔτυχε
995 3697 1092 3766 μὲν
1125 3694 1245 3747 τότε
1280 3694 1356 3757 ὡς
1388 3693 1606 3763 Ῥώμην
1656 3690 2010 3753 ἁποστσ.λείς’

425 3785 735 3841 ἐπανελθὼν
791 3787 889 3850 δὲ,
950 3786 1126 3857 ἀληθῆ
1184 3785 1362 3854 λέγειν
1420 3787 1512 3838 τὸν
1573 3783 1777 3854 Πέτρον
1839 3784 2014 3853 ἐμαρο

426 3879 678 3950 τύρησεν.
743 3879 830 3942 Ὠς
891 3878 1315 3948 συκοφαντηθεὶς
1374 3878 1430 3931 δὲ
1488 3876 1742 3946 Θεόφιλος
1775 3914 1790 3939 ,
1845 3875 2016 3945 χαλε-

428 3969 625 4038 πήνας,
673 3969 840 4038 ἄμφω
879 3970 978 4037 τῆς
1016 3966 1340 4037 Ἐκκλησίας
1383 3966 1631 4037 ἐξήλασε.
1676 3966 1785 4019 Καὶ
1823 3966 1873 4018 οἱ
1918 3964 2016 4034 μὲν

424 4059 551 4112 τάδε
590 4058 825 4126 λέγουσι.
883 4059 1003 4111 Τῶν
1058 4075 1122 4126 γε
1185 4058 1290 4129 μὴν
1349 4058 1757 4128 συγγενομένων
1809 4056 2016 4120 τούτοις

424 4150 544 4202 τότε
594 4152 706 4212 τοῖς
755 4153 1006 4221 μοναχοίς
1051 4149 1240 4222 ἀνδρὸς
1281 4150 1391 4203 οἵου
1426 4148 1772 4203 πιστεύεσθαι
1824 4148 2016 4201 έπυθόο

2343 1621 2451 1678 tur,
2486 1611 2674 1682 quibus
2715 1612 2949 1682 infensus
2976 1612 3079 1681 fuit
3112 1612 3445 1681 Theophilus

2173 1773 2252 1823 Ac
2292 1759 2551 1825 fortassis
2586 1770 2807 1839 penitus
2835 1772 3109 1826 exstincta
3154 1770 3353 1827 fuisset
3386 1771 3504 1827 haec
3535 1788 3689 1843 qua:-

2104 1861 2234 1924 stio,
2275 1861 2382 1914 nisi
2421 1860 2567 1914 illam
2594 1860 2707 1930 jam
2745 1862 2982 1931 sopitam
3020 1861 3364 1933 Theophilus
3396 1864 3468 1919 ob
3513 1866 3693 1934 priva-

2107 1959 2192 2003 tas
2250 1950 2570 2004 inimicitias
2621 1950 2804 2004 denuo
2860 1942 3201 2019 excitasset,
3262 1954 3393 2009 dum
3456 1955 3691 2011 insidias

2107 2039 2272 2095 struit
2301 2039 2614 2105 Ammonio,
2662 2039 2949 2107 Dioscoro,
2997 2040 3234 2097 Eusebio
3282 2049 3448 2113 atque
3482 2042 3691 2115 Euthy-

2106 2130 2242 2195 mio,
2282 2129 2377 2201 qui
2422 2130 2598 2202 Longi
2648 2131 2811 2201 vulgo
2861 2130 3211 2187 dicebantur.
3259 2133 3413 2198 Quos
3440 2134 3689 2205 quidem,

2107 2237 2231 2278 cum
2260 2222 2460 2278 fratres
2488 2231 2697 2289 essent,
2722 2224 2969 2279 celebres
2990 2224 3272 2280 exstitisse
3302 2225 3447 2281 inter
3472 2241 3570 2282 eos
3595 2228 3690 2297 qui

2109 2315 2254 2385 apud
2335 2314 2541 2370 Scetim
2609 2316 3104 2386 pltilOSOphautur,
3177 2334 3245 2372 ex
3309 2322 3692 2390 superioribus

2086 2409 2470 2476 cognovimus
2496 2410 2537 2460 ι.
2578 2406 2642 2462 Ili
2685 2410 2855 2474 enim,
2895 2425 3007 2475 pra:
3056 2410 3274 2466 caeteris
3308 2410 3531 2482 Egypti
3577 2428 3693 2469 mo-

2109 2498 2326 2563 nachis.
2362 2498 2670 2570 Theophilo
2707 2501 2861 2555 chari
2898 2509 3097 2555 erant:
3136 2516 3348 2572 eosque
3396 2504 3451 2557 in
3491 2514 3690 2560 contu-

2108 2590 2308 2645 bernio
2352 2597 2407 2646 et
2441 2590 2707 2653 familiari
2756 2606 3057 2662 congressu
3095 2602 3155 2647 ut
3189 2595 3489 2664 plurimum
3525 2597 3695 2654 habe-

2112 2683 2231 2739 bat.
2283 2682 2531 2755 Denique
2586 2684 2916 2740 Dioscorum
2967 2685 3134 2741 etiam
3189 2685 3540 2758 Hermupolis
3585 2693 3696 2761 epi-

2111 2792 2341 2847 scopum
2386 2777 2735 2834 —constituit.
2804 2778 3001 2834 Odium
3068 2781 3536 2839 veroadversus
3596 2799 3694 2839 eos

2037 2903 2079 2960 ο
2112 2870 2387 2939 concepit,
2450 2886 2518 2925 ex
2575 2870 2881 2927 inimicitiis
2942 2871 3012 2926 ab
3061 2871 3185 2942 ipso
3233 2876 3514 2943 susceptis
3568 2891 3693 2930 cum

2113 2958 2347 3027 Isidoro,
2380 2976 2564 3032 quem,
2599 2970 2819 3018 mortuo
2862 2961 3146 3031 Nectario,
3197 2965 3266 3019 ad
3314 2965 3694 3036 episcopatum

2114 3049 2271 3106 urbis
2320 3049 2953 3121 Constantinopolitanae
3005 3068 3329 3123 promovere
3387 3056 3695 3110 studuerat.

2114 3140 2274 3214 341
2313 3140 2453 3195 Sunt
2500 3142 2645 3197 enim
2698 3143 2790 3213 qui
2837 3143 3026 3198 dicant
3068 3145 3352 3201 mulierem
3403 3148 3697 3216 quamdam

2115 3250 2181 3288 ex
2223 3232 2651 3288 Manichaeorum
2694 3243 2843 3289 secta
2895 3234 2965 3289 ad
3009 3234 3314 3291 Ecclesium
3362 3238 3697 3293 catholicam

2116 3324 2426 3381 transiisse.
2490 3323 2833 3394 Theophilus
2900 3340 3070 3392 vero,
3127 3328 3354 3397 perinde
3419 3330 3578 3398 quasi
3637 3345 3701 3383 ca

2118 3416 2316 3471 mulier
2335 3425 2539 3471 temere
2566 3426 2732 3486 atque
2763 3418 3078 3472 inconsulte
3105 3434 3265 3474 sacra
3296 3420 3560 3490 mysteria
3580 3435 3702 3492 par-

2118 3507 2425 3575 ticipasset,
2461 3514 2757 3576 antequam
2802 3508 2970 3576 priori
3003 3507 3201 3564 haeresi
3239 3511 3697 3577 renuntiavisset,

2116 3612 2240 3649 eum
2273 3597 2365 3665 qui
2398 3604 2531 3651 tunc
2550 3608 2669 3650 erat
2699 3596 3152 3668 archipresbyter
3202 3598 3538 3671 objurgavit.
3560 3599 3699 3655 Nam

2117 3696 2170 3742 et
2207 3689 2257 3742 ci
2298 3690 2549 3744 infensus
2588 3697 2705 3742 erat
2746 3688 2993 3743 aliunde.
3047 3690 3115 3744 At
3171 3689 3400 3757 Petrus,
3449 3691 3502 3746 id
3549 3692 3697 3748 enim

2120 3798 2317 3838 nomen
2370 3790 2489 3838 erat
2547 3782 3065 3853 archipresbytero,
3115 3784 3396 3839 mulierem
3442 3800 3511 3840 ex
3560 3799 3699 3853 prae--

2118 3875 2328 3944 scripto
2400 3874 2580 3945 legum
2637 3872 2896 3929 Ecclesia:
2954 3882 3009 3929 et
3065 3889 3131 3929 ex
3193 3890 3466 3931 consensu
3521 3875 3698 3944 ipsius

2120 3965 2407 4037 TheOphili
2453 3950 2900 4021 communicasse
2949 3964 3306 4020 affirmabat:
3353 3966 3585 4036 ejusque
3616 3968 3699 4022 rei

2117 4058 2391 4114 lsidorum
2417 4064 2610 4112 testem
2630 4071 2756 4112 esse
2783 4056 3020 4110 dicebat.
3055 4052 3157 4110 IIic
3182 4071 3311 4111 vero
3339 4064 3452 4111 tum
3477 4057 3697 4127 quidem

2119 4151 2346 4213 aberat,
2381 4146 2612 4202 Romam
2664 4146 2867 4201 missus
2908 4160 2938 4199 a
2983 4142 3309 4215 TheOphilo.
3358 4144 3462 4200 Sed
3506 4152 3699 4216 postea

426 4252 556 4309 μην,
592 4239 776 4311 διττὴν
805 4240 983 4293 αἰτίαν
1027 4239 1270 4310 Θεοφίλῳ
1303 4239 1551 4309 γενέσθαι
1590 4240 1687 4310 τῆς
1715 4238 1850 4311 πρὸς
1891 4238 2008 4291 Ἰσί-

2121 4255 2396 4305 reversus,
2443 4237 2666 4294 Petrum
2718 4252 2849 4292 vera
2881 4236 3093 4292 dixisse
3129 4245 3364 4293 testatus
3404 4245 3509 4293 est.
3555 4235 3696 4290 Tum

424 4330 594 4402 δωρον
651 4332 1011 4402 δυσμενείας·
1068 4334 1253 4405 κοινὴν
1313 4333 1410 4404 μὲν
1455 4330 1604 4401 αύτῷ
1647 4346 1707 4383 τε
1750 4330 1846 4383 καὶ
1904 4329 2012 4383 Πέ-

426 4431 539 4492 τρῳ
586 4423 662 4493 τῷ
707 4425 1086 4496 πρεσϐυτέρῳ,
1139 4426 1328 4479 καθότι
1382 4423 1724 4497 μαρτυρῆσαι
1768 4424 2009 4495 παρῃτή-

429 4533 608 4581 σαντο,
643 4517 719 4580 ὡς
760 4520 860 4587 τῆς
897 4507 1158 4586 Θεοφίλου
1193 4517 1422 4587 ἀδελφῆς
1458 4515 1594 4586 πρὸς
1626 4514 1719 4568 τοῦ
1749 4513 2011 4585 κληρονό-

430 4622 530 4674 μου
563 4606 674 4676 (ιι)
704 4607 1040 4679 γραφείσης’
1080 4609 1216 4664 ἰδίαν
1250 4608 1327 4673 δὲ,
1367 4607 1498 4662 καθὸ
1531 4606 1825 4679 χρημάτων
1862 4605 2010 4676 αὐτῷ

505 4743 519 4773 ¹
548 4741 702 4797 Socr.
736 4744 831 4799 lih.
867 4762 939 4811 vr,
975 4760 1024 4800 c.
1054 4747 1107 4809 7,
1131 4748 1184 4800 9.

2121 4345 2252 4385 vero
2312 4329 2629 4398 indignatus
2691 4326 3066 4397 Theophilus,
3133 4327 3293 4399 quasi
3360 4326 3696 4382 calumniam

2118 4435 2318 4493 passus
2348 4428 2519 4486 esset,
2541 4426 2840 4488 utrumque
2878 4416 3123 4474 Ecclesia
3148 4419 3331 4489 ejecit.
3377 4418 3556 4491 Atque
3582 4418 3699 4473 hate

2117 4511 2339 4582 quidem
2373 4509 2638 4564 dicuntur
2676 4523 2707 4562 a
2734 4506 3084 4577 quibusdam.
3124 4508 3236 4580 Ego
3267 4523 3398 4565 vero
3446 4525 3512 4565 ex
3562 4523 3699 4580 quo-

2118 4606 2245 4660 dam
2274 4605 2393 4659 viro
2418 4604 2524 4659 fide
2548 4603 2737 4673 digno,
2774 4602 2867 4669 qui
2896 4614 3020 4655 cum
3047 4604 3381 4673 supradictis
3410 4603 3698 4660 monachis

1647 4899 1916 4955 V’ALESII
1959 4899 2516 4957 ANNOTATIO'NES.

499 4994 609 5067 (42)
626 4996 861 5064 Ἰκανῶς
878 4999 1144 5068 ἐφύλαξε
1160 4997 1302 5064 τοὺς
1316 4998 1562 5066 ἄνδρας.
1588 4997 1748 5053 Forte
1768 4998 1874 5054 seri
1886 4999 2012 5053 hen-

426 5065 556 5141 dun}
570 5065 648 5141 est
671 5065 928 5141 ὲμάλαξεξ
954 5070 1091 5124 Nam
1111 5071 1328 5141 vulgata
1346 5071 1625 5141 scriptura
1643 5084 1766 5124 meo
1787 5069 2006 5141 quidem

432 5134 637 5201 iudicio
661 5134 883 5193 tolerari
903 5156 1012 5195 non
1037 5134 1234 5209 potest'.
1255 5139 1390 5205 Quis
1405 5134 1550 5194 enim
1568 5134 2009 5208 νοτὺιιιιιὶρυλάτο

429 5221 543 5258 τειν
567 5221 632 5260 eo
664 5223 828 5264 sensu
864 5218 1189 5280 usurpatum
1250 5225 1493 5279 unquam
1523 5210 1674 5280 legit,
1727 5223 1825 5279 pro
1856 5223 2009 5263 corn-

433 5290 655 5342 pescere
688 5294 783 5334 seu
818 5278 1075 5335 cohibere
1107 5278 1131 5334 ἳ

503 5346 615 5417 (45)
661 5352 723 5420 Οἱ
748 5350 1000 5420 μὲνγὰρ
1034 5349 1538 5420 φασμίηιειιίεεινθ
1564 5347 1780 5420 videtur
1808 5347 2009 5402 Socra-

434 5419 565 5489 tem,
598 5419 684 5489 vel
720 5435 817 5474 eos
857 5435 888 5473 a
934 5418 1138 5489 quibus
1171 5419 1223 5473 id
1271 5418 1555 5473 mutuatus
1596 5427 1683 5489 est
1731 5418 2005 5473 Socrates.

432 5484 598 5558 tlerte
649 5488 906 5546 Socrates
953 5484 1006 5544 in
1056 5490 1194 5544 libro
1226 5506 1277 5544 va
1302 5526 1317 5551 .
1359 5504 1480 5558 cap.
1522 5488 1571 5553 7,
1606 5487 1751 5542 hanc
1782 5503 2008 5543 causam

437 5557 602 5613 fuisse
660 5559 795 5613 dicit
847 5560 958 5615 odii
1011 5557 1301 5629 TheOphili
1374 5557 1641 5615 adversus
1708 5558 2005 5614 Isidorum.

713 5652 967 5711 Parnm.
1042 5650 1159 5710 Cn.
1212 5647 1464 5710 LXVII.

2117 4999 2301 5067 Aliam
2322 5005 2506 5053 tamen
2542 4996 2663 5067 ejus
2707 4997 2787 5052 rei
2817 5009 3046 5052 causam
3103 4996 3275 5053 refert
3316 4995 3593 5051 Palladius
3640 4997 3696 5051 in

2116 5068 2240 5122 Vita
2273 5065 2682 5138 Chrysostomi.

2188 5138 2303 5207 (44)
2341 5136 2499 5204 Πρὸς
2536 5138 2644 5192 τοῦ
2674 5139 3078 5208 κληρονόμου.
3133 5136 3294 5193 Hunc
3344 5136 3522 5208 Iucum
3554 5150 3696 5208 pnon

2119 5205 2507 5279 intellexerunt
2552 5211 2903 5279 interpretes.
2939 5205 3096 5263 'Nam
3145 5207 3439 5279 Musculus
3474 5205 3697 5279 quidem

2120 5278 2192 5330 ita
2232 5278 2397 5333 vertit
2432 5296 2445 5331 :
2480 5277 2634 5343 Quod
2661 5276 2815 5333 ainbo
2852 5278 2916 5331 de
2946 5295 3126 5334 sorore
3168 5276 3470 5345 Theophili,
3506 5276 3571 5328 ab
3598 5276 3702 5328 ilfa

2118 5363 2173 5419 σε
2199 5347 2455 5419 luet-edem
2470 5350 2649 5416 fuisse
2672 5350 2961 5419 ascriptum
2987 5348 3693 5419 testiﬁcari‘detrcctassenr.

2121 5416 2397 5474 Suﬂ‘ridus
2427 5414 2605 5474 autem
2641 5414 2836 5475 Petrus
2879 5421 2958 5473 sic
3006 5414 3169 5471 vertit
3201 5436 3216 5472 :
3254 5416 3408 5484 Quod
3442 5414 3496 5466 Ιιὶ
3524 5416 3695 5482 ipsum

2117 5505 2151 5542 a
2175 5505 2355 5544 sorore
2390 5506 2489 5543 sua
2518 5490 2773 5546 Itreredem
2806 5489 2971 5558 fuisse
2997 5488 3255 5557 scriptum
3302 5487 3487 5541 testari
3522 5485 3694 5540 detre-

2117 5567 2366 5615 ctassent.
2419 5559 2524 5616 Sed
2563 5562 2726 5616 verba
2760 5560 2947 5614 Graeca
2996 5573 3101 5610 nun
3136 5558 3285 5614 hunc
3330 5571 3555 5614 sensum
3600 5559 3694 5611 ha-

3149 5647 3221 5707 49
