4050 6218
399 260 538 320 1549
1353 252 1675 310 HISTORIA
1713 248 2262 318 ECCLESIASTICA.
2303 278 2373 289 ——
2409 247 2538 302 LIB.
2581 247 2709 304 VIII.
3518 242 3658 298 1550

397 385 522 443 τοὺς
550 379 836 450 ἀσώματον
865 375 956 431 τὸν
998 370 1132 428 Θεὸν
1159 370 1526 445 ὁριζομένους,
1564 364 1969 440 Ὧριγενιαστὰς

2090 379 2287 420 nocere
2317 370 2504 435 posset
2533 362 2852 419 hominibus
2891 362 2982 433 qui
3019 360 3155 418 nihil
3194 359 3574 432 possidebant,
3604 372 3659 416 et

399 469 707 524 ἀπεκάλουν
726 484 739 498 ⁸
771 470 817 521 οί
866 467 945 532 δέ,
994 460 1628 536 ’Λνθρωπομορφιανοὺς,
1661 458 1787 520 τοὺς
1818 458 1970 511 ἐναν-

2090 455 2172 526 qui
2222 455 2405 509 omnia
2464 464 2665 527 praeter
2722 454 3131 525 philosophiam
3193 452 3657 526 aspernabantur.

399 560 532 623 τίως
564 557 909 631 φρονοῦντας.

2090 546 2322 616 quietem
2368 546 2587 599 illorum
2623 546 2848 600 turbare
2894 545 3110 601 statuit.
3161 544 3228 600 Et
3278 545 3537 615 quoniam
3594 555 3661 597 ex

403 656 775 717 sermonibus,
807 668 949 723 quos
1001 667 1127 706 cum
1172 650 1281 704 illis
1333 648 1602 702 habuerat
1650 644 1780 699 dum
1837 642 1981 713 apud
2023 643 2203 714 ipsum
2244 651 2452 708 essent,
2480 651 2644 697 norat
2678 643 2822 707 illos,
2853 646 3042 711 utpote
3104 634 3357 707 Origeuis
3425 644 3667 691 sectato-

403 762 512 812 res,
548 745 860 817 opinionem
896 744 1113 798 illorum
1160 741 1255 811 qui
1321 738 1491 793 Deum
1569 736 1813 789 humana
1871 732 2047 787 forma
2120 732 2409 802 praeditum
2453 748 2575 789 esse
2625 733 2881 788 dicebant
2921 729 3340 800 reprehendere,
3387 726 3665 782 commisit

306 861 310 865 ·
403 854 500 896 eos
526 854 647 893 cum
694 836 1043 892 multitudine
1089 834 1482 888 monachorum
1514 828 1609 898 qui
1639 828 1797 882 aliter
1846 824 2179 881 sentiebant.
2227 824 2367 880 Hinc
2399 841 2532 882 vero
2601 824 2928 897 gravissima
2992 820 3276 879 contentio
3337 819 3478 873 inter
3544 832 3666 870 mo-

410 929 618 984 nachos
672 936 865 983 exorta
928 935 1032 981 est.
1086 924 1277 996 Neque
1328 922 1472 978 enim
1536 919 1856 990 compositis
1920 918 1988 974 ad
2030 918 2353 975 modestiam
2384 918 2853 990 disputationibus
2875 916 3203 986 persuadere
3268 911 3371 968 sibi
3430 911 3663 965 invicem

403 1019 765 1084 eonabantur,
795 1019 891 1074 sed
933 1018 1138 1073 mutuis
1179 1032 1238 1073 se
1273 1016 1538 1073 conviciis
1608 1012 1980 1069 incessebant.
2021 1011 2202 1082 Atque
2241 1013 2295 1067 III
2332 1011 2576 1082 quidem,
2602 1018 2699 1068 eOs
2731 1012 2825 1082 qui
2854 1010 3024 1064 Deum
3054 1005 3442 1077 incorporeum
3507 1016 3663 1057 asse-

402 1113 619 1179 rebant,
648 1111 988 1184 Origenistas
1021 1112 1289 1166 vocabant
1316 1128 1329 1163 :
1362 1110 1441 1164 illi
1472 1124 1601 1165 vero
1626 1124 1722 1164 eos
1750 1107 1845 1180 qui
1868 1112 2058 1163 centra
2094 1108 2382 1174 sentirent,
2409 1105 3071 1177 Anthropomorphianos.

998 1205 1256 1257 ΚΕΦΑΛ.
1296 1202 1398 1256 II".
1498 1214 1509 1227 '

414 1293 515 1362 Ὠς
569 1297 622 1348 οι
665 1295 834 1349 αὐτοὶ
883 1292 1106 1362 Μακροὶ
1156 1290 1253 1347 διὰ
1301 1293 1409 1345 τόν
1459 1291 1643 1361 ζῆλον
1703 1291 1994 1362 Ἰωάννου,

477 1359 636 1430 ἀύτῷ
660 1359 1082 1433 προσχωροῦσι
1102 1376 1135 1433 ‘_
1151 1362 1245 1415 καὶ
1273 1364 1353 1427 ὡς
1384 1359 1661 1433 ἐντεῦθεν
1682 1359 1996 1430 ἀχθεσθεὶς

478 1430 787 1503 Θεόφιλος,
822 1430 979 1487 ’κατὰ
1019 1431 1296 1486 Ἰωάννου
1330 1430 1648 1492 ὀπλίζεται.

478 1590 797 1661 Ᾱίσθόμενοι
841 1588 897 1641 δὲ
938 1587 1036 1658 τῆς
1086 1584 1375 1654 ἐπιϐουλῆς
1421 1584 1470 1635 οἱ
1519 1583 1649 1654 περὶ
1692 1582 1982 1649 Διόσκορον

2681 1197 2835 1253 CAP.
2882 1195 3018 1250 XIII.

2062 1288 2368 1355 ,Quomodo
2404 1289 2567 1342 iidem
2616 1270 2859 1342 monachi
2905 1287 2972 1339 ad
3010 1270 3269 1338 Joannem
3310 1270 3661 1355 confugerint,

2160 1359 2222 1412 ob
2272 1359 2597 1429 singularem
2653 1359 2764 1429 eius
2824 1357 3068 1429 virtulem
3109 1368 3127 1408 :
3165 1363 3213 1429 e‘t
3264 1356 3522 1429 quomodo
3566 1352 3663 1405 huc

2166 1429 2232 1481 de
2278 1422 2442 1482 causa
2496 1428 2810 1496 Theophilus
2862 1427 3114 1480 adversus
3169 1422 3430 1477 Joannem
3486 1424 3664 1475 insur-

2166 1500 2378 1552 rexerit.

2162 1586 2337 1642 Porro
2367 1588 2666 1645 Dioscorus
2691 1596 2746 1645 et
2768 1587 3092 1644 Ammonius
3115 1602 3180 1642 ac
3221 1585 3439 1657 reliqui,
3468 1587 3663 1655 cogni-

407 1683 501 1738 καὶ
531 1680 859 1753 Ἀμμώνιον,
887 1677 1239 1748 ἀνεχώρησαν
1272 1676 1353 1737 εἰς
1387 1673 1762 1745 Ἰεροσόλυμα⁸
1803 1673 1988 1727 κάκεῖ-

2090 1678 2159 1733 tis
2180 1676 2466 1749 Theophili
2488 1679 2724 1745 insidiis,
2751 1678 3180 1749 Hierosolymam
3201 1694 3260 1733 se
3280 1677 3661 1732 contulerunt:

406 1774 498 1828 θεν
544 1775 622 1836 είς
673 1769 1002 1825 Σκυθόπολιν
1031 1769 1057 1807 ι
1087 1763 1255 1839 ἧκον,
1301 1764 1611 1836 ἐπιτηδείαν
1652 1764 1993 1837 ἡγησάμενοι

404 1866 504 1938 τὴν
543 1864 726 1918 ἐνθάδε
772 1862 981 1933 οἴκησιν
1028 1858 1117 1912 διὰ
1166 1859 1288 1921 τοὺς
1346 1856 1572 1919 πολλοὺς
1615 1855 1881 1924 φοίνικας,
1919 1847 1993 1910 ὧν

406 1958 523 2019 τοῖς
558 1954 774 2023 φύλλοις
813 1952 1051 2023 ἐχρῶντο
1080 1949 1215 2019 πρὸς
1246 1948 1316 2001 τὰ
1351 1947 1578 2001 εἰωθότα
1603 1948 1716 2009 τοῖς
1742 1948 1994 2016 μοναχοτς

409 2045 568 2116 ἔργα.
601 2045 830 2097 Εἴποντο
866 2042 973 2111 γὰρ
1004 2040 1186 2102 αὐτοῖς
1230 2037 1373 2106 ἀμφὶ
1405 2035 1596 2106 ἄνδρες
1640 2035 1986 2106 ὀγδοήκοντα.

421 2138 509 2190 Ἐν
544 2135 717 2205 τούτῳ
749 2135 804 2186 δὲ
833 2131 1089 2200 Θεόφιλος
1114 2129 1347 2199 ’πέμπει
1391 2126 1546 2190 τινὰς
1584 2128 1665 2189 είς
1697 2128 1989 2179 Κώνσταν-

406 2223 729 2288 τινούπολιν,
767 2222 882 2292 ἅμα
912 2237 971 2273 τε
1015 2220 1133 2272 κατ’
1177 2216 1356 2271 αὐτῶν
1398 2214 1652 2278 διαϐολὰς
1699 2232 1989 2286 προπαρα-

409 2317 799 2377 σκευὰσοντας.
828 2312 921 2366 καὶ
950 2313 998 2365 εί
1030 2309 1292 2382 βασιλέως
1321 2310 1445 2380 περί
1472 2325 1566 2361 του
1595 2306 1814 2370 δέοιντο,
1841 2308 1990 2360 ἀντι·

409 2405 732 2478 πράξοντας.
759 2401 1033 2463 Μαθὸντες
1061 2400 1116 2452 δὲ
1142 2399 1267 2453 τάδε
1294 2400 1341 2450 oi
1368 2398 1508 2468 ἀμφὶ
1532 2396 1622 2450 τὸν
1660 2395 1987 2465 ’Λμμώνιον,

408 2497 757 2553 ἀπέπλευσαν
810 2497 889 2558 είς
931 2489 1528 2546 Κωνσταντινούπολιν’
1563 2489 1660 2541 σὺν
1700 2488 1885 2551 αὐτοῖς
1930 2487 1989 2539 δέ

409 2588 504 2640 καὶ
545 2585 828 2654 Ἰσίδωρος.
887 2583 1054 2651 Κοινῇ
1100 2596 1161 2634 τε
1205 2576 1557 2640 ἐσπούδαζον,
1588 2576 1738 2648 παρὰ
1782 2576 1991 2648 βασιλεί

410 2679 568 2747 κριτῇ
603 2677 695 2728 καὶ
737 2672 958 2747 Ἰωάννῃ
981 2671 1058 2742 τῷ
1092 2669 1375 2739 ἐπισκόπῳ
1406 2667 1720 2738 ἐλέγχεσθαι
1743 2668 1842 2731 τὰς
1868 2669 1987 2721 κατ’

409 2767 590 2821 αὐτῶν
638 2764 948 2827 ἐπιϐουλάς.
1001 2764 1190 2834 ᾯοντο
1239 2761 1348 2831 γὰρ
1415 2760 1624 2815 ἐνδίκου
1680 2761 1990 2832 παρρησίας

407 2862 571 2913 αὑτ“.ν
625 2856 1072 2928 ἐπιμελούμενον,
1125 2853 1383 2908 δύνασθαι
1433 2852 1501 2907 τὰ
1546 2853 1727 2907 δίκαια
1775 2854 1991 2924 βοηθεῖν

408 2952 613 3012 αὐτοῖς.
648 2948 705 3001 ’0
736 2948 814 3011 δέ,
844 2945 1235 3018 προσελθόντας
1262 2944 1409 3015 αὐτῷ
1446 2944 1571 3007 τοὺς
1611 2944 1810 3014 ἄνδρας
1838 2944 1990 3014 φιλο-

2095 1776 2261 1839 atque
2299 1769 2431 1823 inde
2462 1778 2824 1840 perrexerunt
2859 1767 3269 1840 Seythopolim;
3315 1769 3663 1825 commodum

2093 1856 2199 1913 sibi
2236 1857 2357 1928 ejus
2384 1858 2490 1913 loci
2518 1859 2859 1913 domicilium
2891 1858 3010 1913 fore
3039 1859 3309 1924 arbitrati,
3342 1858 3417 1915 ob
3452 1859 3666 1927 copiam

2054 1955 2059 1959 ’
2091 1948 2421 2019 palmarum,
2445 1963 2678 2018 quarum
2708 1950 2857 2005 foliis
2881 1950 2947 2004 ad
2980 1958 3243 2006 consueta
3269 1950 3667 2003 monachorum

2090 2054 2262 2109 opera
2289 2040 2607 2095 utebantur.
2640 2039 3023 2111 Sequebantur
3053 2042 3198 2095 enim
3230 2041 3355 2095 illos
3380 2041 3480 2095 viri
3506 2040 3669 2095 circi-

2090 2138 2175 2187 ter
2199 2131 2499 2202 octoginta.
2523 2131 2726 2187 Eodem
2757 2140 3006 2202 tempore
3030 2131 3366 2203 Theophilus
3395 2133 3664 2203 quosdam

2088 2221 2815 2295 misitCoustantinopolim,
2848 2224 2942 2294 qui
2972 2230 3029 2279 et
3060 2225 3374 2281 calumnias
3401 2226 3667 2282 adversus

2090 2312 2216 2368 illos
2258 2323 2686 2384 praestruerent,
2715 2321 2771 2369 et
2810 2316 2858 2370 si
2898 2315 3029 2384 quid
3085 2315 3164 2369 illi
3223 2317 3294 2371 ab
3339 2317 3670 2386 imperatore

2090 2412 2367 2472 peterent,
2430 2405 2535 2475 ipsi
2593 2405 2950 2461 obsisterent.
3013 2404 3147 2470 Quae
3194 2420 3320 2461 cum
3380 2408 3668 2463 didicisset

2089 2496 2414 2553 Ammonius
2434 2503 2487 2550 et
2515 2498 2609 2566 qui
2643 2511 2767 2551 cum
2797 2497 2890 2552 illo
2921 2504 3099 2560 erant,
3132 2494 3665 2569 Constantinopolim

2090 2587 2448 2658 navigarunt,
2488 2588 2789 2643 comitante
2821 2601 2917 2643 eos
2939 2586 3169 2644 Isidoro.
3200 2587 3492 2658 Juuctique
3522 2593 3667 2647 inter

2090 2693 2171 2743 se,
2212 2678 2267 2733 id
2310 2679 2571 2749 perlicere
2604 2679 2924 2753 studebant,
2994 2687 3058 2734 ut
3101 2695 3287 2735 coram
3333 2683 3665 2752 imperatam

2085 2768 2294 2838 judice,
2314 2776 2368 2824 et
2393 2767 2606 2826 Joanne
2632 2770 2911 2841 episcopo,
2939 2770 3150 2825 insidiae
3176 2771 3310 2841 ipsis
3335 2783 3668 2844 comparatae

2090 2860 2565 2918 convincerentur.
2592 2861 2808 2917 Etenim
2830 2862 3240 2917 arbitrabantur
3266 2863 3434 2930 hunc,
3461 2874 3655 2935 utpote

2085 2945 2248 3016 iustae
2278 2948 2552 3006 libertatis
2584 2942 2916 3016 studiosum,
2949 2951 3005 3005 in
3037 2951 3106 3008 iis
3135 2967 3260 3022 qua:
3285 2952 3438 3022 justa
3474 2964 3665 3011 essent

659 2999 902 3106 ἐδέξατο,⁸
928 3037 1020 3091 καὶ
1049 3038 1108 3090 ἐν
1151 2999 1283 3107 τιμῇ
1314 2999 1447 3106 siis,
1481 2999 1576 3089 xui.
1608 2999 1865 3105 εὔχεσθαί
1894 3034 1988 3088 ἐπὶ

2090 2999 2244 3016 νην-η
2279 2999 2369 3004 -εητ
2393 2999 2549 3006 "—n—
2585 2999 2915 3016 -"---'-'-"-r
2950 2999 3005 3005 ---
3037 2999 3104 3008 ην
3137 2999 3259 3022 *ιν-*⁷
3285 2999 3438 3022 δ”-ἠ’
3476 2999 3665 3011 ἰν-’ν’-

2095 3051 2258 3108 posse
2311 3039 2449 3110 ipsis
2504 3041 2784 3112 opitulari.
2825 3040 3069 3099 Joannes
3120 3058 3253 3099 vero
3306 3044 3433 3101 illos
3488 3046 3557 3100 ad
3608 3061 3669 3101 se

409 3131 703 3202 ἐκκλησίας
750 3130 812 3183 οὐ
857 3128 1181 3183 διεκώλυσε·
1244 3129 1518 3181 κοινωνεῖν
1558 3127 1612 3179 δὲ
1676 3126 1987 3197 μυστηρίων

408 3226 594 3287 αὐτοῖς
622 3224 719 3293 οὐχ
743 3223 1008 3295 ἡγήσατο,
1039 3220 1114 3284 ὡς
1138 3220 1200 3272 οὐ
1232 3219 1449 3289 θεμιτὸν
1499 3219 1603 3290 πρὸ
1647 3217 1988 3286 διαγνώσεως

406 3315 567 3369 τοῦτο
590 3318 783 3368 ποιεῖν.
819 3311 1065 3383 Ἔγραψε
1102 3312 1160 3364 δὲ
1185 3310 1447 3381 Θεοφίλῳ,
1483 3310 1766 3363 κοινωνίαν
1805 3311 1989 3373 αὐτοῖς

410 3406 703 3461 ἀποδοῦναι
763 3405 838 3468 ὡς
882 3402 1057 3474 ὀρθῶς
1105 3402 1230 3472 περὶ
1277 3401 1413 3454 Θεοῦ
1462 3399 1795 3465 δοξάζουσιν,
1843 3403 1892 3455 εί
1929 3392 1988 3454 δὲ

408 3500 534 3569 δίκῃ
562 3498 672 3552 δέοι
698 3495 977 3568 κρίνεσθαι
1024 3494 1093 3549 τὰ
1139 3495 1258 3547 κατ’
1289 3493 1506 3555 αὐτοὺς,
1548 3492 1897 3545 ἀποστέλλειν
1927 3491 1987 3545 ὃν

412 3589 561 3659 αὑτῷ
605 3588 751 3642 δολεί
789 3585 1166 3656 δικασόμενον.
1206 3584 1262 3636 ’0
1308 3583 1386 3646 δὲ,
1431 3581 1581 3634 οὐδὲν
1628 3582 1984 3652 ἁντεδήλωσε.

412 3679 618 3751 Χρόνου
657 3677 712 3730 δὲ
752 3676 945 3730 πολλοῦ
992 3672 1390 3745 διαγενομένου,
1426 3671 1685 3743 προῖούσῃ
1725 3674 1790 3743 τῇ
1836 3672 1988 3742 βασι-

413 3772 549 3834 λέως
575 3772 785 3840 γαμετῇ
822 3767 1123 3839 προσῆλθον
1151 3768 1201 3819 οἱ
1233 3765 1376 3837 ἀμφὶ¹
1409 3764 1738 3836 Ἀμμώνιον,
1761 3764 1832 3818 τὰ
1866 3765 1986 3818 κατ’

410 3860 592 3914 αὐτῶν
650 3858 1043 3929 βεϐουλευμένα
1086 3856 1327 3927 Θεοφίλῳ
1380 3855 1736 3926 μεμφόμενοι.
1794 3854 1860 3910 Ἢ
1907 3856 1985 3918 δὲ,

409 3942 891 4013 ἐπιϐουλευθέντας
932 3949 1132 4011 αὐτοὺς
1181 3946 1395 4018 ᾔσθετο,
1437 3947 1531 3999 καὶ
1572 3946 1787 4017 τιμῶσα
1829 3946 1984 4018 ἔστη.

412 4044 523 4096 Καὶ
564 4041 890 4113 προκύψασα
936 4039 1030 4091 τοῦ
1068 4038 1345 4109 βασιλικοῦ
1384 4037 1679 4109 ὀχήματος,
1728 4038 1987 4093 ἐπένευσε

411 4130 478 4197 τῇ
506 4127 744 4197 κεφαλῇ·
776 4125 891 4188 καὶ,
936 4125 1242 4193 Εὐλογεῖτε,
1282 4123 1407 4196 ἔφη,
1443 4126 1536 4178 καὶ
1572 4125 1795 4197 εὔχεσθε
1846 4127 1987 4199 ὑπὲρ

412 4218 677 4287 βασιλέως
705 4218 798 4271 καὶ
828 4215 982 4286 ἐμοῦ,
1024 4218 1117 4270 καὶ
1167 4216 1274 4270 τῶν
1322 4216 1607 4287 ἡμετέρων
1644 4204 1865 4285 παίδων,
1894 4220 1989 4273 καὶ

2093 3130 2377 3187 venientes
2444 3132 2679 3204 benigne
2734 3134 2985 3202 excepit,
3062 3141 3120 3189 et
3185 3136 3242 3190 in
3314 3137 3492 3206 pretio
3565 3137 3668 3191 ha-

2094 3218 2258 3281 buit,
2330 3226 2385 3275 et
2471 3220 2527 3274 in
2588 3222 2821 3277 ecclesia
2896 3237 3057 3278 orare
3125 3240 3469 3296 nequaquam
3538 3242 3670 3298 pro-

2094 3310 2294 3365 hibuit.
2350 3309 2487 3366 Cum
2534 3312 2643 3367 illis
2704 3322 2885 3370 tamen
2943 3316 3367 3388 haudquaquam
3427 3333 3672 3373 commu-

2096 3403 2394 3458 nicandum
2452 3405 2556 3460 sibi
2603 3422 2728 3462 esse
2777 3409 3141 3474 existimavit,
3186 3421 3474 3481 prapterea
3520 3411 3671 3483 quod

2093 3501 2224 3548 ante
2244 3508 2466 3551 causam
2492 3495 2768 3564 cognitam
2796 3495 2848 3549 id
2879 3497 2995 3551 ﬁeri
3021 3512 3131 3551 non
3156 3497 3366 3552 liceret.
3384 3498 3545 3569 35,3
3563 3500 3675 3554 Ca2-

2096 3593 2273 3637 terum
2325 3583 2545 3652 scripsit
2593 3583 2926 3653 Theophilo,
2972 3593 3031 3639 ut
3074 3586 3516 3641 communionem
3555 3587 3670 3641 illis

2093 3660 2431 3741 restitueret,
2457 3672 2657 3743 quippe
2695 3676 2786 3744 qui
2818 3674 2887 3729 de
2917 3674 3029 3739 Deo
3061 3685 3210 3732 recte
3254 3678 3556 3733 sentirent:
3583 3679 3671 3734 vel

2093 3761 2140 3816 si
2165 3775 2392 3816 causam
2438 3777 2628 3817 eorum
2667 3764 2722 3818 in
2744 3763 2955 3834 judicio
2988 3756 3406 3827 examinandam
3432 3776 3667 3839 putaret,

2095 3851 2337 3908 mitteret
2365 3854 2605 3925 aliquem
2639 3857 2732 3925 qui
2769 3859 3112 3915 accusatoris
3138 3868 3321 3930 partes
3347 3860 3667 3916 sustineret.

2095 3936 2298 3996 Verum
2338 3942 2674 4015 Theophilus
2701 3946 2839 4002 nihil
2885 3948 3190 4018 rescripsit.
3240 3948 3439 4018 Elapso
3473 3948 3672 4003 deinde

2093 4030 2241 4087 haud
2271 4035 2487 4091 modico
2518 4044 2784 4108 tempore,
2821 4054 2945 4093 cum
2990 4041 3237 4109 Augusta
3282 4040 3338 4094 in
3385 4039 3666 4110 publicum

2093 4124 2435 4199 procederet,
2470 4125 2796 4182 accedentes
2824 4128 2893 4182 ad
2924 4142 3042 4182 eam
3083 4123 3192 4198 qui'
3219 4143 3346 4183 cum
3368 4128 3668 4199 Ammonio

2094 4226 2278 4282 erant,
2303 4216 2618 4297 deinsidiis
2644 4232 2783 4287 quas
2816 4216 3151 4289 Theophilus
3193 4219 3330 4288 ipsis
3374 4218 3671 4275 struxisset

411 4309 510 4377 τῆς
538 4308 727 4378 ἀρχῆς.
770 4308 924 4378 Ἐμοὶ
960 4307 1016 4360 δὲ
1054 4309 1111 4361 ἐν
1152 4306 1303 4378 τάχει
1352 4309 1573 4380 μελήσει
1618 4311 1861 4373 συνόδου,
1893 4313 1988 4365 καὶ

2099 4307 2391 4379 conquesti
2418 4317 2566 4364 sunt.
2600 4308 2697 4363 Illa
2728 4324 2853 4364 cum
2887 4325 2983 4365 eos
3012 4311 3228 4365 insidiis
3257 4311 3669 4365 circumventos

412 4398 512 4467 τῆς
553 4396 808 4466 Θεοφίλου
854 4397 1109 4465 ἀφίξεως.
1161 4398 1267 4451 Καὶ
1314 4400 1347 4469 ή
1396 4393 1492 4469 μὲν
1523 4398 1645 4451 τάδε
1672 4398 1988 4465 ἐσπούδαζε.

414 4477 656 4550 Ψευδοῦς
699 4479 756 4540 δὲ
796 4488 986 4558 φήμης
1032 4488 1089 4540 ἐν
1132 4478 1504 4560 Ἃλεξανδρεία
1546 4489 1873 4562 κρατούσης,
1916 4492 1993 4557 ὠς

415 4577 767 4648 ἐκοινώνησεν
806 4577 1057 4649 Ἰωάννης
1082 4581 1195 4642 τοῖς
1228 4581 1355 4650 περὶ
1394 4581 1702 4653 Διοσκορον,
1737 4584 1830 4636 καὶ
1857 4601 1993 4656 προ-

416 4668 665 4740 θυμεῖται
718 4669 893 4724 πάντα
939 4669 1150 4741 βοηθεῖν
1181 4671 1383 4735 αὐτοῖς,
1422 4672 1674 4726 διενοεῖτο
1716 4674 1990 4744 Θεόφιλος,

416 4760 570 4814 εἵπου
588 4759 803 4813 δύναιτο
830 4758 961 4832 (48),
982 4762 1077 4813 καὶ
1102 4760 1262 4815 αὐτὸν
1290 4761 1541 4831 Ἰωάννην
1565 4761 1663 4832 τῆς
1692 4762 1992 4834 ἐπισκοπῆς

417 4849 684 4904 καθελεῖν.

2097 4415 2221 4457 esse
2254 4398 2423 4468 probe
2455 4398 2640 4464 sciret,
2671 4399 2901 4455 honoris
2931 4416 3098 4456 causa
3121 4401 3387 4456 substitit.
3418 4400 3483 4454 Et
3513 4409 3669 4456 extra

2097 4478 2383 4560 imperiale
2427 4489 2738 4544 vehiculum
2784 4491 3153 4562 prospiciens,
3184 4493 3363 4561 capite
3408 4491 3670 4545 inclinato

2096 4582 2334 4637 annuit:
2364 4579 2698 4646 Benedicite,
2734 4581 3012 4652 inquiens,
3049 4588 3103 4637 et
3135 4583 3289 4639 orate
3317 4588 3416 4654 pro
3443 4584 3671 4654 impera-

2094 4680 2234 4735 tore,
2262 4679 2318 4727 et
2346 4687 2445 4741 pro
2479 4686 2567 4727 me
2609 4685 2674 4726 ac
2721 4672 2909 4727 liberis
2964 4673 3120 4739 meis,
3172 4684 3225 4730 et
3267 4689 3368 4744 pro
3418 4674 3665 4744 imperio.

2096 4765 2210 4834 Ego
2234 4764 2378 4819 dabo
2410 4768 2654 4832 operam,
2682 4769 2741 4816 ut
2772 4763 3015 4833 synodus
3042 4764 3191 4819 brevi
3227 4773 3578 4828 convocetur,
3612 4774 3671 4820 et

2097 4852 2432 4922 Theophilus
2483 4852 2592 4906 huc
2632 4851 2839 4907 veniat.
2880 4852 2947 4907 Et
2997 4859 3244 4926 Augusta
3282 4857 3500 4926 quidem
3550 4855 3669 4910 bzec

419 4939 537 4993 lteri
603 4940 951 5009 procumbat.
1017 4938 1359 4995 Alexandria!
1395 4953 1556 5001 vero,
1608 4940 1733 4994 cum
1783 4940 1954 4997 falsus
1992 4954 2182 4996 rumor
2205 4938 2551 5004 invaluisset,
2571 4934 2837 4994 Joannem
2879 4955 3007 4997 cum
3071 4942 3334 5000 Dioscoro
3397 4959 3463 5000 ac
3537 4944 3667 4998 reli-

1619 5093 1890 5151 VALESII
1928 5092 2492 5153 ANNOTATIONES.

490 5184 604 5257 (I8)
640 5178 711 5241 Et
750 5202 869 5242 που
894 5177 1156 5243 δύναιτο.
1194 5185 1252 5242 In
1284 5188 1475 5244 codice
1508 5182 1816 5244 Fuketiano
1841 5190 1988 5259 scrip

2090 5205 2108 5242 ι
2151 5191 2337 5245 inveni
2376 5190 2430 5244 ετ
2461 5208 2539 5262 πη
2567 5192 2804 5260 δύναιτο,
2832 5191 2978 5264 quod
3017 5192 3190 5266 magis
3216 5193 3417 5264 placet.

1862 5330 2248 5399 VABIORUM.

492 5434 516 5503 β
558 5434 955 5487 Σκυθόπολιν.
995 5431 1340 5503 Scythopolis
1368 5471 1382 5493 ,
1421 5433 1554 5488 urbs
1604 5420 1777 5503 Syriae
1821 5433 1982 5489 Cava:

420 5518 450 5557 a
482 5502 773 5556 Ptolemmo
822 5518 918 5571 per
962 5502 1215 5557 errdrem’
1254 5503 1515 5572 ascripta,
1570 5517 1601 5556 a
1646 5502 1885 5571 Josepho
1926 5514 1983 5559 et

419 5573 681 5627 oninibus
726 5572 850 5625 aliis
881 5572 1183 5626 Palaestinam
1232 5573 1529 5635 tribuitur,
1586 5580 1816 5641 eratque
1852 5575 1981 5628 olim

423 5645 477 5696 in
508 5642 730 5696 dimidia
764 5643 909 5697 tribu
957 5642 1226 5707 Manassc,
1262 5651 1453 5711 postea
1483 5641 1536 5694 in
1574 5640 1816 5696 Samaria
1850 5658 1981 5714 pro-

2089 5436 2306 5497 vincia.
2366 5441 2421 5488 et
2462 5435 2518 5489 in
2551 5448 2646 5489 ora
2700 5435 3049 5493 meridionali
3103 5436 3255 5490 lacus
3304 5432 3662 5501 Genesaretb,

2091 5521 2186 5560 seu
2221 5504 2389 5558 maris
2415 5502 2682 5567 Galilaue,
2732 5507 2823 5560 ubi
2878 5522 2945 5561 ex
2974 5521 3040 5561 eo
3083 5503 3251 5559 efﬂuit
3277 5503 3530 5557 Iordanis
3566 5504 3666 5558 Ilu-

2090 5576 2239 5627 vius.
2284 5574 2440 5627 Dicta
2488 5573 2597 5628 fuit
2625 5576 2755 5629 olim
2795 5576 3054 5641 BethSan,
3093 5583 3147 5628 et
3195 5588 3224 5627 a
3270 5572 3450 5627 Plinio
3494 5571 3664 5643 Nysa.

2095 5644 2431 5713 BAUDBAND.,
2475 5643 2799 5701 Οειιλιιιοε.
