4050 6218
368 281 504 335 ίίἰῒᾷὅ

1322 279 1642 335 HISTORIA
1682 279 2245 338 ECCLESIASTICA.
2290 315 2360 323 —
2387 282 2512 337 LIB.
2546 283 2683 338 VIII.

3487 283 3509 336 1
3523 283 3623 338 ὲδςί

363 397 460 463 ξας
493 399 613 461 ταῖς
662 398 781 452 κατ’
824 396 984 452 αὑτοῦ
1032 397 1336 462 διαϐολαῖς’
1368 399 1705 469 προτραπεὶς
1741 399 1847 469 γὰρ
1895 399 1951 450 ἐν

2058 406 2167 452 tur.
2210 390 2317 453 Nec
2359 398 2534 452 multo
2573 406 2697 469 post
2745 390 3101 464 Epiphanius,
3138 409 3260 450 cum
3305 394 3516 465 primus
3563 407 3633 448 ex

362 490 657 561 οἰκήμασιν
728 490 1196 559 ἐκκλησιαπικοῖς
1271 489 1630 560 καταμένειν,
1702 490 1800 543 οὐκ
1859 491 1952 559 ὴν-

368 578 579 649 έσχετο.
621 577 727 633 Καὶ
772 578 1023 649 Ἰωάννης
1062 579 1162 646 μὲν
1199 581 1279 643 εἰς
1308 580 1500 633 ταυτὸν
1535 579 1807 634 συνελθεῖν
1840 579 1951 649 (52)

363 669 680 737 ἀιτέφυγενο
734 668 839 741 ίδίᾳ
884 671 941 723 δὲ
989 670 1270 740 συγκαλῶν
1306 673 1432 737 τοὺς
1480 671 1848 742 ἐνδημοῦντας
1886 673 1951 725 ὲν

368 765 945 820 Κωνσταντινουπόλει
966 769 1327 832 ἐπισκόπους,
1378 770 1657 823 ἐπεδείκνυ
1691 770 1760 824 τὰ
1784 769 1953 838 ψηφι-

365 854 556 907 σθέντα
598 855 735 909 κατὰ
769 857 878 910 τῶν
911 859 1216 929 Ὠριγένους
1257 859 1451 927 λόγων.
1495 861 1604 914 Καί
1642 878 1795 923 τινας
1824 862 1948 913 ἐπι-

363 944 711 1015 ψηφίσασθαι
758 947 1003 1003 ἐπεισενυ
1058 953 1107 1004 οἱ
1162 951 1219 1004 δέ
1270 952 1487 1015 πλείους
1540 953 1945 1024 παρῃτήσαντο.

363 1038 623 1109 θεότιμος
650 1038 707 1092 δέ
729 1039 757 1090 ὁ
783 1040 1017 1104 Σκυθίας
1049 1042 1363 1107 ἐπίσκοπος,
1391 1045 1484 1097 καὶ
1512 1044 1768 1116 ἄντικρυς
1805 1046 1953 1097 Ἐπι-

364 1129 556 1197 φανίου
599 1128 902 1199 καθήψατο.
935 1130 1073 1185 Οὔτε
1131 1132 1239 1203 γὰρ
1295 1133 1398 1205 ἔφη
1450 1136 1595 1187 ὅσιον
1646 1130 1807 1198 εἶναι,
1860 1134 1952 1189 τὸν

365 1219 531 1274 πάλαι
584 1222 1005 1292 τετελευτηκότα
1076 1224 1352 1295 ὑϐρίζειν·
1421 1224 1546 1278 οὔτε
1604 1224 1953 1296 βλασφημίας

365 1310 542 1374 ἐκτὸς,
571 1311 667 1382 τὴν
715 1313 825 1366 τῶν
870 1313 1242 1387 παλαιοτέρων
1273 1317 1579 1372 διαϐάλλειν
1610 1319 1810 1385 κρίσιν,
1859 1320 1953 1373 καὶ

364 1400 435 1452 τὰ
481 1401 614 1473 παρ’
658 1404 881 1457 ἐκείνων
934 1405 1369 1479 δεδοκιμασμένα
1417 1410 1655 1466 ἀθετεῖν.
1688 1411 1841 1481 ’Ἅμα
1894 1428 1953 1463 τε

366 1489 562 1558 λέγων,
610 1493 703 1546 καλ⁸
753 1494 955 1563 βιϐλίον
999 1513 1051 1549 τι
1096 1498 1204 1553 τῶν
1256 1498 1561 1571 Ὠριγένους
1612 1503 1955 1572 προκομίσας

366 1581 596 1652 διεξῄεν
639 1584 733 1639 καὶ
777 1586 1008 1659 χρειώδη
1048 1591 1167 1654 ταῖς
1202 1590 1549 1662 Ἐκκλησίαις
1596 1591 1664 1646 τὰ
1714 1592 1955 1664 ἀνεγνω-

369 1672 543 1741 σμένα
591 1673 789 1741 δείξας,
822 1678 1076 1745 Ἄτοπον,
1116 1679 1242 1749 ἔφη,
1272 1681 1634 1753 ὑπομένουσιν
1687 1684 1735 1737 οἱ
1780 1682 1957 1738 ταῦτα

366 1761 759 1846 διαϐάλλοντες.
791 1747 1174 1824 Κινδυνεύουσι
1204 1747 1310 1843 κὰρ
1333 1747 1506 1827 ταῦτα
1535 1774 1796 1846 ὑϐρίζειν,
1824 1776 1959 1845 περὶ
1989 1747 2031 1801 Β

366 1842 441 1903 ὧν
473 1854 522 1905 οἱ
552 1853 718 1922 λόγοι.
753 1856 812 1909 '0
843 1857 900 1910 δὲ
942 1858 1210 1931 Ἰωάννης,
1240 1842 1307 1914 δι’
1350 1862 1530 1927 αἰδοῦς
1559 1842 1704 1935 dicit
1742 1864 1822 1918 ἐτι
1865 1842 1958 1918 cbo

383 1945 722 2014 Ἐπιφάνιον,
768 1949 864 2001 καὶ
916 1950 1213 2022 παρεκάλει
1262 1952 1424 2013 αὐτὸν
1455 1953 1955 2025 συνεκκλησιάζειν,

370 2036 464 2088 καὶ
498 2036 740 2092 σύνοικον
777 2038 937 2109 ἔχειν.
981 2041 1038 2092 ’0
1075 2042 1152 2107 δέ,
1180 2041 1304 2095 οὔτε
1349 2046 1635 2111 συνοικεῖν,
1663 2044 1789 2098 οὔτε
1819 2062 1948 2098 συνο

369 2122 622 2194 εὔχεσθαι
647 2127 795 2197 αύτῷ
824 2128 1134 2199 ἀντεδήλου,
1165 2130 1215 2182 εί
1250 2129 1326 2201 μὴ
1367 2132 1815 2204 καταψηφίσηται
1846 2133 1954 2186 τῶν

382 2214 687 2285 Ὠριγένους
715 2216 912 2285 λόγων,
944 2217 1036 2271 καὶ
1078 2219 1368 2289 Διόσκορον
1397 2221 1490 2273 καὶ
1522 2223 1649 2285 τοὺς
1685 2223 1780 2275 σὺν
1806 2222 1959 2293 αὐτῷ

370 2309 620 2382 ἐξελάσῃ.
661 2311 813 2364 Ἐπεὶ
843 2311 899 2364 δὲ
932 2310 1103 2365 ταῦτα
1131 2315 1304 2366 ποιεῖν
1332 2313 1439 2384 πρὸ
1466 2314 1623 2385 δίκης
1662 2315 1723 2367 οὐ
1749 2314 1958 2368 δίκαιον

372 2403 555 2469 ἠγεῖτο
592 2402 687 2456 καὶ
720 2402 1062 2468 ἀνεϐάλλετο,
1097 2402 1395 2474 μελλούσης
1429 2405 1794 2459 ἐπιτελεῖσθαι
1831 2423 1960 2458 συν-

370 2492 543 2559 ἀξεως
593 2494 653 2546 ἐν
700 2495 766 2564 τῇ
821 2493 1093 2564 ἐπωνύμῳ
1149 2491 1257 2547 τῶν
1300 2494 1636 2549 Ἀποστόλων
1667 2496 1954 2566 ἐκκλησίᾳ,

376 2582 774 2649 κατεσκεύαζον
813 2583 864 2635 οι
905 2582 1149 2637 Ἰωάννου
1174 2582 1460 2653 δυσμενεῖς
1484 2584 1766 2656 προελθεῖν
1808 2586 1959 2637 Ἐπι-

372 2673 580 2739 φάνιον,
608 2674 702 2727 καὶ
730 2673 967 2745 δημοσία
1012 2672 1357 2742 ἀποκηρῦξαι
1404 2674 1497 2727 ἐπὶ
1538 2673 1632 2727 τοῦ
1682 2674 1812 2728 λαοῦ
1862 2676 1961 2741 τὰς

384 2763 688 2835 Ὠριγένους
725 2764 960 2835 βίϐλους,
1013 2765 1106 2817 καὶ
1151 2765 1279 2828 τοὺς
1322 2764 1466 2833 ἀμφὶ
1511 2764 1602 2819 τὸν
1647 2766 1960 2838 Διόσκορον,

371 2855 447 2920 ὡς
490 2857 562 2908 τὰ
603 2855 794 2909 τούτου
841 2853 1208 2925 φρονοῦνταςο
1271 2858 1329 2909 ἐν
1384 2856 1567 2929 ταυτῷ
1613 2857 1672 2910 δέ
1728 2858 1822 2912 καὶ
1872 2859 1963 2912 τὸν

376 2947 678 3000 ἐπίσκοπον
704 2946 803 3016 τῆς
839 2945 1047 3009 πόλεως
1071 2944 1366 3012 διαϐαλεῖν,
1404 2949 1480 3011 ὡς
1530 2948 1761 3012 ἐκείνοις
1790 2966 1961 3020 προσ-

373 3035 640 3107 κείμενον.
679 3036 788 3090 Καὶ
844 3038 895 3089 οἱ
944 3036 1042 3107 μὲν
1087 3036 1214 3091 τάδε
1254 3038 1603 3102 ἐσπούδαζον.
1635 3040 1823 3111 ’ῼοντο
1847 3041 1958 3113 γὰρ

370 3128 533 3182 αὐτὸν
580 3127 724 3182 οὕτω
780 3129 1133 3199 συγκρούσειν
1202 3131 1340 3201 πρὸς
1385 3135 1445 3185 τὸ
1504 3130 1727 3203 πλῆθος.
1774 3134 1852 3205 Τῇ
1900 3134 1958 3188 δὲ

372 3218 499 3290 ἑξῆς
525 3218 805 3275 ἐπὶτοῦτο
849 3220 1126 3291 προελθὼν
1161 3222 1493 3292 Ἐπιφάνιος,
1524 3225 1690 3293 ἐγγὺς
1720 3226 1819 3298 ἤδη
1862 3227 1960 3297 τῆς

375 3311 674 3383 ἐκκλησίας
757 3311 1054 3381 ἐτύγχανεν
1081 3330 1096 3345 ·
1168 3314 1490 3386 ἀπαντήσας
1552 3316 1609 3370 δέ
1663 3318 1812 3389 αὐτῷ
1858 3318 1959 3373 Σε-

374 3400 581 3471 ραπίων
621 3399 774 3473 παρά
812 3400 1430 3473 Ἰωάεινουάποσταλεὶς
1478 3404 1695 3475 (ᾔσθετο
1737 3407 1847 3478 γὰρ
1892 3408 1963 3461 τὰ

375 3494 440 3561 τῇ
462 3494 764 3564 προτεραίᾳ
789 3492 1040 3563 βεϐουλευ
1049 3492 1228 3564 μένα),
1247 3494 1593 3564 ἐμαρτύρατο
1617 3498 1751 3566 μήτε
1779 3497 1963 3554 δίκαια

378 3587 572 3650 ποιεῖν,
609 3585 747 3655 μήτε
794 3584 941 3655 αὐτῷ
992 3585 1360 3656 συμφέροντα,
1414 3586 1462 3638 εί
1511 3588 1757 3658 ταραχῆς
1788 3591 1846 3642 ἐν
1887 3590 1965 3661 τῷ

380 3676 573 3748 πλήθει
619 3677 653 3747 ἧ
705 3676 948 3742 στάσεως
993 3678 1342 3749 κινηθείσης,
1392 3677 1553 3741 αὐτὸς
1608 3680 1963 3747 κινδυνεύσει,

379 3767 456 3830 ὡς
480 3767 655 3831 αἴτιος
679 3767 940 3837 γεγονώς.
992 3768 1102 3822 Καὶ
1130 3768 1159 3821 ὁ
1190 3767 1289 3839 μὲν
1321 3760 1422 3822 ὧδε
1465 3769 1706 3841 ἀνεκόπη
1742 3770 1841 3840 τῆς
1874 3772 1966 3825 ἐπὶ

379 3857 537 3913 τοῦτο
562 3861 761 3931 ὁρμῆς.

2055 490 2236 546 insula
2282 490 2462 562 Cypro
2505 491 2782 555 solvisset,
2820 489 2884 542 ad
2931 490 3110 543 locum
3158 487 3303 542 haud
3334 486 3525 557 procul
3564 485 3632 538 ah

2056 582 2189 637 urbe
2227 581 2838 652 Coustantinopolitana
2868 594 3029 649 quem
3068 576 3369 648 Septimum
3408 584 3628 637 vocant.

2053 673 2349 743 applicuit.
2406 672 2661 742 factaque
2704 672 2954 729 oratione
2998 670 3055 723 in
3104 668 3336 725 ecclesia
3370 683 3489 737 quae
3522 668 3632 721 illic

2051 773 2156 827 est,
2192 766 2248 819 in
2275 763 2466 818 urbem
2501 764 2766 819 introivit.
2800 762 2935 818 Eum
2966 759 3363 832 ingredientem
3391 757 3634 813 Joannes

2051 870 2285 912 occursu
2315 856 2448 910 cieri
2473 856 2642 911 totius
2674 853 2987 915 honoravit.
3033 852 3101 905 At
3129 866 3258 907 vero
3298 848 3633 920 Epiphanius

2052 947 2346 1017 perspicue
2408 946 2738 1007 declaravit,
2800 943 2948 1014 quod
3008 941 3301 998 calumniis
3371 938 3634 997 adversus

2050 1038 2314 1095 Joannem
2368 1038 2713 1095 concinnatis
2782 1039 2939 1092 Iidem
2997 1035 3299 1091 habuisset.
3367 1032 3634 1088 Invitatus

2052 1132 2198 1187 enim
2242 1137 2303 1185 ut
2347 1131 2401 1185 iu
2455 1130 2672 1185 aedibus
2714 1127 3110 1191 ecclesiasticis
3159 1136 3381 1180 manere
3432 1123 3630 1183 vellet,

2054 1225 2371 1294 neutiquam
2406 1222 2703 1293 acquievit.
2740 1221 2803 1275 Et
2840 1237 2966 1277 cum
2995 1217 3207 1273 Joanne
3247 1214 3467 1285 quidem
3495 1228 3633 1268 con—

2053 1312 2202 1382 gredi
2227 1314 2445 1383 penitus
2469 1313 2794 1369 detrectavit
2825 1331 2838 1368 :
2876 1310 3129 1381 privatim
3155 1322 3288 1363 vero
3315 1306 3635 1362 convocatis

2054 1405 2326 1474 episcopis
2360 1404 2453 1475 qui
2492 1411 2609 1458 tum
2648 1401 3126 1471 Constantinopoli
3155 1398 3537 1462 morabantur,
3569 1412 3635 1451 ea

2055 1511 2178 1567 quae
2203 1496 2469 1553 adversus
2502 1496 2674 1552 libros
2706 1494 2967 1566 Origenis
2998 1493 3217 1549 decreta
3255 1489 3498 1552 fuerant,
3523 1488 3636 1543 illis

2056 1588 2315 1645 ostendit.
2345 1589 2423 1643 Ac
2462 1587 2745 1643 nonnullis
2775 1586 2999 1657 quidem
3042 1582 3321 1654 persuasit
3354 1587 3413 1636 ut
3440 1579 3636 1634 decre-

2057 1680 2132 1735 tis
2177 1678 2596 1735 subscriberent
2628 1700 2643 1732 :
2681 1679 2865 1749 plures
2901 1691 3033 1732 vero
3082 1675 3137 1731 id
3179 1673 3366 1731 facere
3413 1684 3639 1727 recusa-

2059 1781 2209 1828 runt.
2235 1772 2378 1840 Quin
2400 1780 2453 1829 ct
2474 1772 2817 1839 Theotimus,
2850 1772 3143 1841 cpiscopus
3173 1767 3431 1838 Scythiae,
3457 1763 3637 1835 palam

2060 1863 2416 1934 reprehendit
2458 1863 2849 1935 Epiphanium.
2899 1861 3036 1915 Nam
3090 1874 3269 1929 neque
3314 1859 3463 1929 pium
3513 1870 3637 1910 esse

2060 1957 2302 2023 dicebat,
2327 1942 2453 2012 eum
2492 1958 2586 2027 qui
2624 1955 2740 2024 jam
2769 1952 2982 2024 pridem
3010 1958 3263 2006 mortuus
3300 1956 3467 2011 esset,
3498 1961 3635 2000 con-

2060 2048 2288 2103 tumelia
2334 2046 2549 2103 allicere
2585 2064 2599 2100 :
2634 2060 2812 2115 neque
2863 2045 3002 2100 citra
3051 2042 3382 2099 calumniam
3427 2036 3635 2109 judicia

2060 2139 2436 2209 antiquiorum
2494 2135 2857 2207 reprehendi,
2888 2144 2942 2192 et
2987 2151 3111 2206 quae
3154 2135 3222 2189 ab
3268 2132 3382 2187 illis
3411 2130 3639 2201 probata

2059 2237 2246 2286 essent
2274 2229 2529 2285 damnari
2561 2243 2741 2298 posse.
2777 2228 2958 2298 Atque
3001 2228 3117 2282 haec
3165 2226 3375 2288 dicens,
3423 2220 3642 2291 prolato

2060 2316 2314 2389 Origenis
2368 2318 2624 2387 quopiam
2677 2316 2853 2378 libro,
2906 2317 3084 2371 locum
3134 2330 3203 2370 ex
3251 2327 3318 2369 eo
3364 2307 3638 2366 recitavit.

2061 2408 2309 2477 Cumque
2339 2409 2404 2461 ea
2451 2421 2576 2476 qua:
2619 2406 2985 2468 recitaverat,
3018 2402 3284 2459 Ecclesiis
3329 2399 3485 2455 utilia
3518 2411 3642 2454 esse

2060 2497 2408 2563 ostendisset,
2451 2494 2705 2550 Absurde
2737 2493 2969 2556 faciunt,
3007 2493 3207 2562 inquit,
3238 2491 3331 2560 qui
3363 2490 3468 2544 ista
3496 2488 3642 2542 vitu-

2061 2594 2278 2658 perant.
2312 2585 2634 2641 Cavendum
2663 2585 2808 2639 enim
2846 2594 2929 2641 est
2961 2584 3093 2645 illis,
3119 2597 3187 2637 ne
3217 2590 3272 2635 et
3293 2594 3356 2636 ea
3380 2579 3642 2635 damnent

2063 2679 2131 2733 de
2163 2676 2368 2747 quibus
2398 2676 2698 2745 conscripti
2734 2682 2866 2732 sunt
2893 2673 2950 2728 hi
2985 2673 3132 2728 libri.
3180 2669 3353 2726 Porro
3400 2665 3641 2723 Joannes

2065 2766 2245 2823 adhuc
2276 2766 2642 2822 nihilominus
2675 2763 3042 2820 reverentiam
3076 2760 3373 2818 exhibebat
3402 2756 3640 2828 Epipha-

2064 2860 2177 2925 nio,
2208 2870 2446 2927 eumque
2496 2855 2822 2911 hortabatur
2853 2861 2911 2909 ut
2955 2854 3217 2908 collectas
3258 2865 3446 2907 secum
3498 2848 3642 2902 cele-

2064 2948 2258 3015 brare,
2321 2956 2377 3002 et
2438 2945 2889 3001 contubernalem
2948 2945 3131 3015 ipsum
3193 2941 3393 2996 habere
3457 2936 3638 2993 vellet.

1987 3075 2030 3131 c
2065 3038 2269 3095 Verum
2300 3038 2659 3109 Epiphanius,
2695 3052 2755 3095 se
2801 3050 2980 3107 neque
3013 3032 3360 3131 ejus-domo
3388 3042 3640 3131 usurum.

2067 3146 2170 3188 nec
2196 3146 2323 3187 cum
2351 3146 2418 3187 eo
2444 3138 2734 3187 oraturum
2763 3144 2887 3186 esse
2917 3125 3220 3196 respondit,
3255 3122 3363 3180 nisi
3388 3119 3646 3191 Origenis

2068 3224 2239 3280 libros
2282 3223 2437 3294 prius
2486 3222 2836 3287 damnasset,
2889 3228 2945 3277 et
2992 3219 3319 3275 Dioscorum
3361 3230 3474 3271 una
3516 3228 3643 3271 cum

2067 3315 2237 3372 sociis
2267 3315 2590 3387 expulisset.
2638 3314 2747 3370 Sed
2777 3328 2902 3369 eum
2937 3313 3028 3368 ille
3065 3318 3196 3367 ante
3228 3323 3410 3365 causa:
3455 3305 3646 3376 cogni-

2069 3409 2276 3464 tionem
2303 3407 2420 3463 hzec
2449 3405 2650 3473 facere,
2689 3405 3110 3474 haudquaquam
3139 3400 3352 3470 justum
3387 3411 3513 3453 esse
3542 3394 3648 3451 du-

2068 3506 2236 3564 ceret,
2265 3506 2322 3554 et
2348 3498 2890 3567 procrastinaretur;
2925 3495 3013 3549 die
3041 3506 3155 3563 quo
3180 3490 3410 3547 collecta
3432 3487 3645 3557 agenda

2067 3598 2186 3644 erat
2220 3589 2274 3643 in
2307 3588 2541 3644 ecclesia
2575 3587 2986 3658 Apostolorum,
3016 3588 3386 3656 procurarunt
3409 3578 3642 3635 Joannis

2068 3681 2298 3748 inimici,
2351 3689 2410 3735 ut
2458 3679 2796 3751 Epiphanius
2850 3679 2904 3733 in
2947 3676 3241 3733 ecclesiam
3292 3672 3539 3735 veniret,
3589 3676 3645 3724 et

2069 3773 2289 3844 publice
2328 3787 2513 3827 coram
2568 3772 2770 3843 populo
2813 3782 2927 3825 tum
2968 3768 3223 3841 Origenis
3270 3765 3470 3828 libros,
3526 3770 3642 3819 tum

2072 3862 2396 3918 Dioscorum
2419 3869 2474 3918 et
2495 3877 2591 3918 eos
2618 3863 2711 3933 qui
2736 3877 2860 3918 cum
2886 3862 2980 3917 illo
3006 3868 3182 3925 erant,
3212 3866 3474 3927 tanquam
3497 3852 3644 3908 idem

341 3966 506 4007 .rum
559 3948 796 4022 Origene
858 3952 1194 4018 sentientes,
1248 3953 1599 4007 anathemate
1656 3952 1986 4010 damnaret:
2063 3956 2365 4026 eademque
2438 3969 2608 4025 opera
2656 3954 2974 4024 episcopum
3021 3951 3174 4007 urbis
3225 3948 3641 4018 perstringerel.

383 4052 440 4095 ιιι
474 4040 568 4110 qui
618 4041 727 4097 illis
754 4040 1008 4097 addictus
1036 4048 1205 4097 esset.
1253 4040 1433 4112 Atque
1471 4042 1527 4097 hi
1564 4042 1781 4112 quidem
1813 4044 1958 4100 istud
1998 4046 2389 4102 moliebantur.
2433 4046 2642 4117 Quippe
2686 4046 3095 4109 existimabant,
3158 4058 3217 4100 se
3272 4041 3375 4096 hac
3433 4038 3645 4094 ratione

384 4131 592 4200 plebem
625 4132 816 4187 abillo
845 4132 1208 4188 alienaturos.
1265 4132 1493 4188 Postero
1526 4133 1692 4204 igitur
1731 4135 1842 4200 die,
1895 4151 2019 4192 cum
2057 4137 2125 4192 ad
2165 4138 2220 4193 id
2255 4140 2522 4209 agendum
2558 4152 2887 4208 progressus
2939 4134 3276 4205 Epiphanius
3316 4133 3429 4201 jam
3468 4130 3644 4186 eccle-

382 4225 477 4277 size
510 4223 994 4293 appropinquaret,
1027 4224 1245 4279 obviam
1294 4224 1344 4281 ei
1391 4226 1632 4281 occurrit
1662 4226 1923 4298 Serapio,
1964 4227 2133 4301 35,5
2153 4232 2356 4286 missus
2402 4246 2429 4284 a
2468 4229 3085 4297 Joannetpraesenserat
3116 4226 3259 4283 enim
3297 4223 3537 4280 Joannes
3577 4237 3640 4276 ea

301 4302 321 4327 ‘
379 4328 501 4382 qua]:
553 4312 729 4385 pridie
792 4315 1016 4369 Fuerant
1072 4317 1426 4388 constituta),
1470 4318 1764 4390 palamque
1820 4320 2170 4376 denuntiavit
2220 4322 2559 4394 Epiphanio,
2603 4325 2756 4379 illum
2817 4339 2880 4378 ea
2932 4336 3122 4392 gerere
3170 4335 3292 4390 qum
3345 4333 3445 4372 nec
3494 4317 3641 4386 justa

382 4414 587 4470 essent,
619 4419 721 4460 nec
751 4405 853 4475 ipsi
884 4406 1136 4477 privatim
1171 4408 1329 4462 utilia
1362 4430 1373 4465 :
1406 4409 1679 4479 siquidem
1716 4412 1955 4468 tumultu
1994 4428 2058 4469 ac
2082 4415 2354 4472 seditione
2382 4416 2566 4486 populi
2620 4419 2877 4477 excitata,
2913 4414 3029 4484 ipse
3059 4423 3321 4482 tauquam
3378 4410 3498 4479 ejus
3564 4413 3638 4464 rei

384 4506 579 4552 auctor
644 4497 948 4569 periculum
1012 4499 1301 4555 subiturus
1385 4508 1553 4558 esset.
1621 4500 1731 4558 llac
1787 4504 2001 4560 ratione
2075 4507 2350 4565 cohibitus
2380 4509 2730 4578 cstimpctus
2765 4505 3073 4575 Epiphanii.

967 4587 1219 4642 ΚΕΦΛΛ.
1262 4590 1339 4643 IE’

2741 4594 2893 4650 CAI’.
2927 4592 3041 4649 XV.

385 4679 532 4755 Hegi
569 4678 674 4733 τοῦ
720 4679 931 4755 παιδὸς
956 4679 1067 4755 τῆς
1107 4681 1471 4755 βασιλίδος,
1504 4683 1602 4755 καί
1631 4683 1737 4755 τοῦ
1762 4683 1958 4755 ’ἁγίου

2060 4686 2136 4740 De
2173 4687 2285 4755 ﬁlio
2320 4688 2673 4753 impcratricis
2713 4698 2760 4741 et
2792 4686 2855 4739 de
2882 4684 3032 4738 beato
3068 4681 3389 4753 Epiphanio;
3422 4690 3471 4733 et
3513 4696 3646 4748 quo-

467 4751 817 4845 ξΕξιρατ-ιίου
848 4766 861 4779 ·
889 4750 987 4845 καὶ
1029 4750 1110 4815 ὡς
1136 4753 1456 4845 ‘ol'Ma‘xpfl
1487 4753 1644 4845 ξτρὸς
1676 4750 1958 4845 deridere)"

2133 4750 2285 4839 utodo
2326 4750 2570 4845 "irrigant
2614 4757 2780 4839 Longi
2813 4750 3214 4845 itlt‘colloquium
3250 4766 3454 4845 cum
3493 4765 3644 4845 uene:

456 4820 647 4888 ἦλθον
681 4820 1022 4895 ’.ῌςτιφα-ιςίῳ,
1053 4820 1161 4895 καὶ⁸
1304 4820 1815 4895 ἀπέπνίευσενᾲείςί
1844 4824 1958 4895 Κύε

2136 4828 2264 4889 rint,
2293 4839 2339 4881 et
2372 4826 2702 4895 Epiphanius
2730 4820 2797 4879 vin
2840 4820 3072 4893 Cyprum
3106 4838 3342 4895 reversus
3385 4821 3475 4874 sit.
3507 4821 3638 4874 Item

456 4884 611 4954 πίιον
649 4884 840 4956 αὖθιςζ
879 4889 984 4943 Kal
1035 4889 1166 4958 περὶ
1220 4891 1568 4960 Ἐπιφανίου
1614 4892 1713 4945 καὶ
1772 4884 1958 4947 Ἰωάν-

457 4975 589 5011 νου.

2138 4896 2201 4951 de
2222 4884 2432 4951 Joanne
2456 4884 2505 4950 et
2527 4896 2591 4951 de
2624 4884 2930 4965 Epiphanio
2952 4894 3228 4948 nonnulla.

468 5049 558 5101 Ἐν
585 5047 759 5119 τούτῳ
782 5048 837 5101 δὲ
872 5048 1067 5119 συνέϐη
1089 5053 1263 5104 νοσεῖν
1295 5050 1388 5103 τοῦ
1420 5050 1681 5121 βασιλέως
1717 5053 1925 5105 παιδίον
1952 5071 1958 5083 ·

2140 5054 2352 5107 Interea
2410 5052 2612 5107 accidit
2648 5059 2707 5104 ut
2750 5050 3103 5119 imperatoris
3145 5047 3292 5103 ﬁlius
3342 5044 3638 5100 admodum

389 5140 641 5212 περιδεὴς
686 5141 743 5195 δέ
788 5136 992 5212 οὗσαή
1042 5144 1223 5215 μήτηρ
1260 5145 1332 5214 μή
1381 5161 1433 5197 τι
1485 5144 1677 5210 πάθοι,
1711 5145 1958 5216 πέμψασα

2070 5159 2207 5213 puer
2246 5143 2439 5199 morbo
2483 5144 2880 5214 corriperetur.
2919 5141 3093 5200 Mater
3126 5155 3259 5197 vero
3299 5137 3535 5196 sollicita
3572 5149 3639 5189 ne

1584 5318 1854 5373 VALESII
1896 5317 2445 5375 ANNOTATIONES.

470 5512 582 5580 (5%
624 5512 731 5566 Kal
763 5511 1035 5580 Ἰωάννης
1063 5504 1193 5580 ’μὲν
1245 5513 1332 5576 είς
1380 5512 1598 5565 ταυτὸν
1634 5515 1974 5569 συνελθεῖν.

415 5582 775 5636 Scribendum
803 5590 885 5637 cst
916 5583 1104 5705 greco!
1137 5581 1303 5636 dubio
1332 5582 1425 5635 καὶ
1464 5581 1683 5653 Ἰωάννῃ
1710 5583 1828 5653 μὲν.
1865 5596 1972 5640 etc.

415 5650 691 5705 Uuomodo
722 5652 884 5705 etiam
960 5651 1154 5705 avilius
1196 5652 1249 5705 iu
1284 5667 1383 5705 suo
1414 5651 1603 5705 codice
1633 5656 1957 5705 emendavit-

407 5650 691 5718 Quomodo
722 5652 884 5707 etiam
917 5650 1154 5706 Savilius
1196 5652 1249 5705 iu
1284 5667 1383 5706 suo
1414 5651 1603 5707 codice
1633 5650 1957 5712 emendavit.

2079 5517 2182 5573 Sed
2221 5529 2273 5573 et
2324 5517 2688 5588 Nicephorum
2738 5517 2809 5570 ita
2862 5516 2914 5568 in
2966 5512 3273 5568 Sozomcno
3321 5508 3516 5578 legisse
3542 5525 3635 5582 ap-

2076 5599 2228 5658 paret
2271 5606 2335 5643 ex
2378 5587 2499 5658 cap.
2539 5588 2621 5653 15,
2659 5587 2752 5641 lib.
2789 5600 2904 5638 xm.
