  <div class='ocr_page' id='page_1' title='image "/cluster/home/n/w/nwhite01/storage/ocr_20150623/67/hvd.32044020707378/783.png"; bbox 0 0 4050 6218; ppageno 0'>
   <div class='ocr_carea' id='block_1_1' title="bbox 386 216 521 272">
    <p class='ocr_par' dir='ltr' id='par_1_1' title="bbox 386 216 521 272">
     <span class='ocr_line' id='line_1_1' title="bbox 386 216 521 272; baseline 0.015 -2"><span class='ocrx_word' id='word_1_1' title='bbox 386 216 521 272; x_wconf 63' lang='grc'><strong>1535</strong></span> 
     </span>
    </p>
   </div>
   <div class='ocr_carea' id='block_1_2' title="bbox 1826 220 2167 280">
    <p class='ocr_par' dir='ltr' id='par_1_2' title="bbox 1826 220 2167 280">
     <span class='ocr_line' id='line_1_2' title="bbox 1826 220 2167 280; baseline 0 -2"><span class='ocrx_word' id='word_1_2' title='bbox 1826 220 2167 280; x_wconf 76' lang='grc' dir='ltr'><strong>ΒΟΖΟΜΕΝῙ</strong></span> 
     </span>
    </p>
   </div>
   <div class='ocr_carea' id='block_1_3' title="bbox 3503 225 3643 281">
    <p class='ocr_par' dir='ltr' id='par_1_3' title="bbox 3503 225 3643 281">
     <span class='ocr_line' id='line_1_3' title="bbox 3503 225 3643 281; baseline 0.029 -3"><span class='ocrx_word' id='word_1_3' title='bbox 3503 225 3643 281; x_wconf 70' lang='lat'><strong>1553</strong></span> 
     </span>
    </p>
   </div>
   <div class='ocr_carea' id='block_1_4' title="bbox 384 329 1967 410">
    <p class='ocr_par' dir='ltr' id='par_1_4' title="bbox 384 329 1952 406">
     <span class='ocr_line' id='line_1_4' title="bbox 384 329 1952 406; baseline 0.004 -20"><span class='ocrx_word' id='word_1_4' title='bbox 384 330 513 402; x_wconf 88' lang='lat' dir='ltr'><strong>quid</strong></span> <span class='ocrx_word' id='word_1_5' title='bbox 549 329 765 386; x_wconf 90' lang='lat' dir='ltr'><strong>tristius</strong></span> <span class='ocrx_word' id='word_1_6' title='bbox 797 331 848 386; x_wconf 91' lang='lat' dir='ltr'><strong>ei</strong></span> <span class='ocrx_word' id='word_1_7' title='bbox 887 333 1255 403; x_wconf 84' lang='lat' dir='ltr'><strong>contingeret,</strong></span> <span class='ocrx_word' id='word_1_8' title='bbox 1288 334 1461 391; x_wconf 88' lang='lat' dir='ltr'><strong>misso</strong></span> <span class='ocrx_word' id='word_1_9' title='bbox 1486 335 1551 391; x_wconf 88' lang='lat' dir='ltr'><strong>ad</strong></span> <span class='ocrx_word' id='word_1_10' title='bbox 1583 334 1952 406; x_wconf 81' lang='lat' dir='ltr'><strong>Epiphaniam</strong></span> 
     </span>
    </p>
   </div>
   <div class='ocr_carea' id='block_1_5' title="bbox 2069 329 3624 410">
    <p class='ocr_par' dir='ltr' id='par_1_5' title="bbox 2069 336 3624 410">
     <span class='ocr_line' id='line_1_5' title="bbox 2069 336 3624 410; baseline 0.002 -19"><span class='ocrx_word' id='word_1_11' title='bbox 2069 338 2194 410; x_wconf 77' lang='grc' dir='ltr'>πρὸς</span> <span class='ocrx_word' id='word_1_12' title='bbox 2232 339 2565 409; x_wconf 78' lang='grc' dir='ltr'>Ἐπιφάνιον.</span> <span class='ocrx_word' id='word_1_13' title='bbox 2602 339 2768 392; x_wconf 69' lang='grc' dir='ltr'>ἐδεῖτο</span> <span class='ocrx_word' id='word_1_14' title='bbox 2798 336 3052 410; x_wconf 77' lang='grc' dir='ltr'>εὔχεσθαι</span> <span class='ocrx_word' id='word_1_15' title='bbox 3083 338 3224 408; x_wconf 76' lang='grc' dir='ltr'>ὑπὲρ</span> <span class='ocrx_word' id='word_1_16' title='bbox 3246 337 3433 394; x_wconf 77' lang='grc' dir='ltr'>αὑτοῦ.</span> <span class='ocrx_word' id='word_1_17' title='bbox 3467 340 3527 393; x_wconf 88' lang='lat'><strong>&#39;0</strong></span> <span class='ocrx_word' id='word_1_18' title='bbox 3559 341 3624 400; x_wconf 75' lang='grc' dir='ltr'>δι</span> 
     </span>
    </p>
   </div>
   <div class='ocr_carea' id='block_1_6' title="bbox 383 421 1952 498">
    <p class='ocr_par' dir='ltr' id='par_1_6' title="bbox 383 421 1952 498">
     <span class='ocr_line' id='line_1_6' title="bbox 383 421 1952 498; baseline 0.003 -21"><span class='ocrx_word' id='word_1_19' title='bbox 383 422 600 487; x_wconf 86' lang='lat' dir='ltr'><strong>nuntio,</strong></span> <span class='ocrx_word' id='word_1_20' title='bbox 653 429 709 477; x_wconf 87' lang='lat' dir='ltr'><strong>ut</strong></span> <span class='ocrx_word' id='word_1_21' title='bbox 755 437 857 493; x_wconf 87' lang='lat' dir='ltr'><strong>pro</strong></span> <span class='ocrx_word' id='word_1_22' title='bbox 892 421 989 477; x_wconf 92' lang='lat' dir='ltr'><strong>illo</strong></span> <span class='ocrx_word' id='word_1_23' title='bbox 1037 423 1209 479; x_wconf 89' lang='lat' dir='ltr'><strong>Deum</strong></span> <span class='ocrx_word' id='word_1_24' title='bbox 1260 436 1581 496; x_wconf 78' lang='lat' dir='ltr'><strong>precaretur</strong></span> <span class='ocrx_word' id='word_1_25' title='bbox 1632 428 1952 498; x_wconf 89' lang='lat' dir='ltr'><strong>postulavit.</strong></span> 
     </span>
    </p>
   </div>
   <div class='ocr_carea' id='block_1_7' title="bbox 386 513 1958 590">
    <p class='ocr_par' dir='ltr' id='par_1_7' title="bbox 386 513 1958 590">
     <span class='ocr_line' id='line_1_7' title="bbox 386 513 1958 590; baseline 0.004 -23"><span class='ocrx_word' id='word_1_26' title='bbox 386 513 482 568; x_wconf 91' lang='lat' dir='ltr'><strong>llle</strong></span> <span class='ocrx_word' id='word_1_27' title='bbox 516 528 746 584; x_wconf 89' lang='lat' dir='ltr'><strong>puerum</strong></span> <span class='ocrx_word' id='word_1_28' title='bbox 792 514 1066 571; x_wconf 88' lang='lat' dir='ltr'><strong>victurum</strong></span> <span class='ocrx_word' id='word_1_29' title='bbox 1109 531 1234 572; x_wconf 89' lang='lat' dir='ltr'><strong>esse</strong></span> <span class='ocrx_word' id='word_1_30' title='bbox 1281 519 1586 588; x_wconf 84' lang='lat' dir='ltr'><strong>respondit,</strong></span> <span class='ocrx_word' id='word_1_31' title='bbox 1628 520 1673 574; x_wconf 90' lang='lat' dir='ltr'><strong>si</strong></span> <span class='ocrx_word' id='word_1_32' title='bbox 1708 520 1958 590; x_wconf 82' lang='lat' dir='ltr'><strong>Augusta</strong></span> 
     </span>
    </p>
   </div>
   <div class='ocr_carea' id='block_1_8' title="bbox 387 607 1956 678">
    <p class='ocr_par' dir='ltr' id='par_1_8' title="bbox 387 607 1956 678">
     <span class='ocr_line' id='line_1_8' title="bbox 387 607 1956 678; baseline 0.003 -17"><span class='ocrx_word' id='word_1_33' title='bbox 387 607 679 663; x_wconf 67' lang='lat' dir='ltr'><strong>haereticos</strong></span> <span class='ocrx_word' id='word_1_34' title='bbox 732 608 827 678; x_wconf 91' lang='lat' dir='ltr'><strong>qui</strong></span> <span class='ocrx_word' id='word_1_35' title='bbox 880 623 1004 662; x_wconf 90' lang='lat' dir='ltr'><strong>cum</strong></span> <span class='ocrx_word' id='word_1_36' title='bbox 1064 607 1332 665; x_wconf 90' lang='lat' dir='ltr'><strong>Dioscoro</strong></span> <span class='ocrx_word' id='word_1_37' title='bbox 1378 621 1534 666; x_wconf 89' lang='lat' dir='ltr'><strong>erant</strong></span> <span class='ocrx_word' id='word_1_38' title='bbox 1587 621 1956 668; x_wconf 86' lang='lat' dir='ltr'><strong>aversaretur.</strong></span> 
     </span>
    </p>
   </div>
   <div class='ocr_carea' id='block_1_9' title="bbox 387 696 1957 771">
    <p class='ocr_par' dir='ltr' id='par_1_9' title="bbox 387 696 1957 771">
     <span class='ocr_line' id='line_1_9' title="bbox 387 696 1957 771; baseline 0.003 -19"><span class='ocrx_word' id='word_1_39' title='bbox 387 696 588 755; x_wconf 76' lang='lat' dir='ltr'><strong>Verum</strong></span> <span class='ocrx_word' id='word_1_40' title='bbox 616 697 864 769; x_wconf 85' lang='lat' dir='ltr'><strong>Augusta</strong></span> <span class='ocrx_word' id='word_1_41' title='bbox 894 718 950 755; x_wconf 74' lang='grc' dir='ltr'>τι</span> <span class='ocrx_word' id='word_1_42' title='bbox 972 700 1028 754; x_wconf 84' lang='lat' dir='ltr'><strong>Si</strong></span> <span class='ocrx_word' id='word_1_43' title='bbox 1060 699 1223 768; x_wconf 85' lang='lat' dir='ltr'><strong>Deus,</strong></span> <span class='ocrx_word' id='word_1_44' title='bbox 1249 720 1267 754; x_wconf 75' lang='grc' dir='ltr'><strong>ι</strong></span> <span class='ocrx_word' id='word_1_45' title='bbox 1303 701 1502 771; x_wconf 90' lang='lat' dir='ltr'><strong>inquit,</strong></span> <span class='ocrx_word' id='word_1_46' title='bbox 1527 721 1545 754; x_wconf 77' lang='grc' dir='ltr'><strong>ι</strong></span> <span class='ocrx_word' id='word_1_47' title='bbox 1574 702 1745 757; x_wconf 83' lang='lat' dir='ltr'><strong>filium</strong></span> <span class='ocrx_word' id='word_1_48' title='bbox 1778 717 1957 758; x_wconf 92' lang='lat' dir='ltr'><strong>meum</strong></span> 
     </span>
    </p>
   </div>
   <div class='ocr_carea' id='block_1_10' title="bbox 387 789 1959 864">
    <p class='ocr_par' dir='ltr' id='par_1_10' title="bbox 387 789 1959 864">
     <span class='ocr_line' id='line_1_10' title="bbox 387 789 1959 864; baseline 0.003 -20"><span class='ocrx_word' id='word_1_49' title='bbox 387 789 602 863; x_wconf 87' lang='lat' dir='ltr'><strong>eripere</strong></span> <span class='ocrx_word' id='word_1_50' title='bbox 638 791 772 845; x_wconf 89' lang='lat' dir='ltr'><strong>mihi</strong></span> <span class='ocrx_word' id='word_1_51' title='bbox 808 791 1070 854; x_wconf 85' lang='lat' dir='ltr'><strong>voluerit,</strong></span> <span class='ocrx_word' id='word_1_52' title='bbox 1107 792 1181 846; x_wconf 90' lang='lat' dir='ltr'><strong>ita</strong></span> <span class='ocrx_word' id='word_1_53' title='bbox 1217 792 1327 849; x_wconf 82' lang='lat' dir='ltr'><strong>flat.</strong></span> <span class='ocrx_word' id='word_1_54' title='bbox 1361 792 1628 850; x_wconf 88' lang='lat' dir='ltr'><strong>Dominus</strong></span> <span class='ocrx_word' id='word_1_55' title='bbox 1665 794 1814 848; x_wconf 89' lang='lat' dir='ltr'><strong>enim</strong></span> <span class='ocrx_word' id='word_1_56' title='bbox 1865 794 1959 864; x_wconf 88' lang='lat' dir='ltr'><strong>qui</strong></span> 
     </span>
    </p>
   </div>
   <div class='ocr_carea' id='block_1_11' title="bbox 387 876 1961 946">
    <p class='ocr_par' dir='ltr' id='par_1_11' title="bbox 387 876 1961 946">
     <span class='ocr_line' id='line_1_11' title="bbox 387 876 1961 946; baseline 0.003 -14"><span class='ocrx_word' id='word_1_57' title='bbox 387 876 560 940; x_wconf 86' lang='lat' dir='ltr'><strong>dedit,</strong></span> <span class='ocrx_word' id='word_1_58' title='bbox 587 878 731 935; x_wconf 89' lang='lat' dir='ltr'><strong>idem</strong></span> <span class='ocrx_word' id='word_1_59' title='bbox 762 884 815 934; x_wconf 91' lang='lat' dir='ltr'><strong>et</strong></span> <span class='ocrx_word' id='word_1_60' title='bbox 842 879 1040 935; x_wconf 79' lang='lat' dir='ltr'><strong>aufert.</strong></span> <span class='ocrx_word' id='word_1_61' title='bbox 1075 881 1231 946; x_wconf 82' lang='lat' dir='ltr'><strong>Quod</strong></span> <span class='ocrx_word' id='word_1_62' title='bbox 1262 883 1307 939; x_wconf 92' lang='lat' dir='ltr'><strong>si</strong></span> <span class='ocrx_word' id='word_1_63' title='bbox 1341 890 1397 937; x_wconf 89' lang='lat' dir='ltr'><strong>tu</strong></span> <span class='ocrx_word' id='word_1_64' title='bbox 1428 896 1678 940; x_wconf 83' lang='lat' dir='ltr'><strong>mortuos</strong></span> <span class='ocrx_word' id='word_1_65' title='bbox 1700 884 1766 939; x_wconf 87' lang='lat' dir='ltr'><strong>ad</strong></span> <span class='ocrx_word' id='word_1_66' title='bbox 1796 884 1961 938; x_wconf 89' lang='lat' dir='ltr'><strong>vitam</strong></span> 
     </span>
    </p>
   </div>
   <div class='ocr_carea' id='block_1_12' title="bbox 388 973 1958 1038">
    <p class='ocr_par' dir='ltr' id='par_1_12' title="bbox 388 973 1958 1038">
     <span class='ocr_line' id='line_1_12' title="bbox 388 973 1958 1038; baseline 0.006 -17"><span class='ocrx_word' id='word_1_67' title='bbox 388 983 651 1023; x_wconf 88' lang='lat' dir='ltr'><strong>revocare</strong></span> <span class='ocrx_word' id='word_1_68' title='bbox 679 983 906 1038; x_wconf 86' lang='lat' dir='ltr'><strong>posses,</strong></span> <span class='ocrx_word' id='word_1_69' title='bbox 937 979 1193 1028; x_wconf 91' lang='lat' dir='ltr'><strong>mortuus</strong></span> <span class='ocrx_word' id='word_1_70' title='bbox 1225 988 1335 1027; x_wconf 89' lang='lat' dir='ltr'><strong>non</strong></span> <span class='ocrx_word' id='word_1_71' title='bbox 1359 984 1504 1029; x_wconf 86' lang='lat' dir='ltr'><strong>esset</strong></span> <span class='ocrx_word' id='word_1_72' title='bbox 1528 973 1958 1030; x_wconf 84' lang='lat' dir='ltr'><strong>archidiaconus</strong></span> 
     </span>
    </p>
   </div>
   <div class='ocr_carea' id='block_1_13' title="bbox 389 1057 1964 1121">
    <p class='ocr_par' dir='ltr' id='par_1_13' title="bbox 389 1057 1964 1121">
     <span class='ocr_line' id='line_1_13' title="bbox 389 1057 1964 1121; baseline 0.007 -11"><span class='ocrx_word' id='word_1_73' title='bbox 389 1067 539 1113; x_wconf 88' lang='lat' dir='ltr'><strong>tuus.</strong></span> <span class='ocrx_word' id='word_1_74' title='bbox 565 1076 584 1110; x_wconf 71' lang='grc' dir='ltr'><strong>ι</strong></span> <span class='ocrx_word' id='word_1_75' title='bbox 624 1057 831 1113; x_wconf 82' lang='lat' dir='ltr'><strong>Etenim</strong></span> <span class='ocrx_word' id='word_1_76' title='bbox 860 1060 1008 1116; x_wconf 84' lang='lat' dir='ltr'><strong>haud</strong></span> <span class='ocrx_word' id='word_1_77' title='bbox 1048 1063 1222 1117; x_wconf 90' lang='lat' dir='ltr'><strong>multo</strong></span> <span class='ocrx_word' id='word_1_78' title='bbox 1261 1072 1421 1119; x_wconf 84' lang='lat' dir='ltr'><strong>antea</strong></span> <span class='ocrx_word' id='word_1_79' title='bbox 1450 1079 1481 1119; x_wconf 91' lang='lat' dir='ltr'><strong>e</strong></span> <span class='ocrx_word' id='word_1_80' title='bbox 1524 1064 1665 1119; x_wconf 81' lang='lat' dir='ltr'><strong>vivis</strong></span> <span class='ocrx_word' id='word_1_81' title='bbox 1703 1079 1964 1121; x_wconf 78' lang='lat' dir='ltr'><strong>excesse-</strong></span> 
     </span>
    </p>
   </div>
   <div class='ocr_carea' id='block_1_14' title="bbox 387 1150 1966 1220">
    <p class='ocr_par' dir='ltr' id='par_1_14' title="bbox 387 1150 1966 1220">
     <span class='ocr_line' id='line_1_14' title="bbox 387 1150 1966 1220; baseline 0.004 -18"><span class='ocrx_word' id='word_1_82' title='bbox 387 1156 474 1203; x_wconf 86' lang='lat' dir='ltr'><strong>rat</strong></span> <span class='ocrx_word' id='word_1_83' title='bbox 517 1150 754 1220; x_wconf 89' lang='lat' dir='ltr'><strong>Crispio,</strong></span> <span class='ocrx_word' id='word_1_84' title='bbox 788 1150 959 1208; x_wconf 82' lang='lat' dir='ltr'><strong>frater</strong></span> <span class='ocrx_word' id='word_1_85' title='bbox 1004 1152 1276 1210; x_wconf 84' lang='lat' dir='ltr'><strong>Fusconis</strong></span> <span class='ocrx_word' id='word_1_86' title='bbox 1319 1164 1373 1208; x_wconf 88' lang='lat' dir='ltr'><strong>et</strong></span> <span class='ocrx_word' id='word_1_87' title='bbox 1418 1155 1729 1213; x_wconf 88' lang='lat' dir='ltr'><strong>Salamanis</strong></span> <span class='ocrx_word' id='word_1_88' title='bbox 1773 1171 1966 1211; x_wconf 88' lang='lat' dir='ltr'><strong>mona-</strong></span> 
     </span>
    </p>
   </div>
   <div class='ocr_carea' id='block_1_15' title="bbox 389 1240 1968 1313">
    <p class='ocr_par' dir='ltr' id='par_1_15' title="bbox 389 1240 1968 1313">
     <span class='ocr_line' id='line_1_15' title="bbox 389 1240 1968 1313; baseline 0.005 -20"><span class='ocrx_word' id='word_1_89' title='bbox 389 1240 644 1305; x_wconf 85' lang='lat' dir='ltr'><strong>chorum,</strong></span> <span class='ocrx_word' id='word_1_90' title='bbox 675 1257 908 1311; x_wconf 91' lang='lat' dir='ltr'><strong>quorum</strong></span> <span class='ocrx_word' id='word_1_91' title='bbox 942 1245 1271 1301; x_wconf 89' lang='lat' dir='ltr'><strong>mentionem</strong></span> <span class='ocrx_word' id='word_1_92' title='bbox 1300 1247 1551 1313; x_wconf 85' lang='lat' dir='ltr'><strong>fecimus,</strong></span> <span class='ocrx_word' id='word_1_93' title='bbox 1587 1263 1711 1302; x_wconf 90' lang='lat' dir='ltr'><strong>cum</strong></span> <span class='ocrx_word' id='word_1_94' title='bbox 1743 1264 1832 1304; x_wconf 87' lang='lat' dir='ltr'><strong>res</strong></span> <span class='ocrx_word' id='word_1_95' title='bbox 1861 1247 1968 1302; x_wconf 82' lang='lat' dir='ltr'><strong>Va-</strong></span> 
     </span>
    </p>
   </div>
   <div class='ocr_carea' id='block_1_16' title="bbox 390 1333 1957 1409">
    <p class='ocr_par' dir='ltr' id='par_1_16' title="bbox 390 1333 1957 1409">
     <span class='ocr_line' id='line_1_16' title="bbox 390 1333 1957 1409; baseline 0.006 -24"><span class='ocrx_word' id='word_1_96' title='bbox 390 1333 555 1387; x_wconf 89' lang='lat' dir='ltr'><strong>lentis</strong></span> <span class='ocrx_word' id='word_1_97' title='bbox 577 1334 808 1405; x_wconf 82' lang='lat' dir='ltr'><strong>Augusti</strong></span> <span class='ocrx_word' id='word_1_98' title='bbox 829 1338 1169 1406; x_wconf 86' lang='lat' dir='ltr'><strong>temporibus</strong></span> <span class='ocrx_word' id='word_1_99' title='bbox 1191 1347 1376 1408; x_wconf 83' lang='lat' dir='ltr'><strong>gestas</strong></span> <span class='ocrx_word' id='word_1_100' title='bbox 1399 1338 1752 1403; x_wconf 86' lang='lat' dir='ltr'><strong>referremus,</strong></span> <span class='ocrx_word' id='word_1_101' title='bbox 1795 1355 1957 1409; x_wconf 83' lang='lat' dir='ltr'><strong>quem</strong></span> 
     </span>
    </p>
   </div>
   <div class='ocr_carea' id='block_1_17' title="bbox 390 1422 1972 1496">
    <p class='ocr_par' dir='ltr' id='par_1_17' title="bbox 390 1422 1972 1496">
     <span class='ocr_line' id='line_1_17' title="bbox 390 1422 1972 1496; baseline 0.006 -20"><span class='ocrx_word' id='word_1_102' title='bbox 390 1422 731 1495; x_wconf 83' lang='lat' dir='ltr'><strong>Epiphanius</strong></span> <span class='ocrx_word' id='word_1_103' title='bbox 762 1441 885 1481; x_wconf 91' lang='lat' dir='ltr'><strong>cum</strong></span> <span class='ocrx_word' id='word_1_104' title='bbox 918 1430 1372 1485; x_wconf 82' lang='lat' dir='ltr'><strong>contubernalem</strong></span> <span class='ocrx_word' id='word_1_105' title='bbox 1414 1431 1665 1496; x_wconf 82' lang='lat' dir='ltr'><strong>haberet,</strong></span> <span class='ocrx_word' id='word_1_106' title='bbox 1699 1431 1972 1486; x_wconf 84' lang='lat' dir='ltr'><strong>archidia-</strong></span> 
     </span>
    </p>
   </div>
   <div class='ocr_carea' id='block_1_18' title="bbox 387 1519 1972 1594">
    <p class='ocr_par' dir='ltr' id='par_1_18' title="bbox 387 1519 1972 1594">
     <span class='ocr_line' id='line_1_18' title="bbox 387 1519 1972 1594; baseline 0.002 -23"><span class='ocrx_word' id='word_1_107' title='bbox 387 1532 594 1571; x_wconf 92' lang='lat' dir='ltr'><strong>conum</strong></span> <span class='ocrx_word' id='word_1_108' title='bbox 640 1533 801 1575; x_wconf 90' lang='lat' dir='ltr'><strong>suum</strong></span> <span class='ocrx_word' id='word_1_109' title='bbox 839 1522 1228 1577; x_wconf 85' lang='lat' dir='ltr'><strong>constituerat.</strong></span> <span class='ocrx_word' id='word_1_110' title='bbox 1258 1523 1585 1580; x_wconf 82' lang='lat' dir='ltr'><strong>Ammonius</strong></span> <span class='ocrx_word' id='word_1_111' title='bbox 1628 1539 1763 1579; x_wconf 87' lang='lat' dir='ltr'><strong>vero</strong></span> <span class='ocrx_word' id='word_1_112' title='bbox 1789 1532 1845 1579; x_wconf 92' lang='lat' dir='ltr'><strong>et</strong></span> <span class='ocrx_word' id='word_1_113' title='bbox 1877 1519 1972 1594; x_wconf 87' lang='lat' dir='ltr'><strong>qui</strong></span> 
     </span>
    </p>
   </div>
   <div class='ocr_carea' id='block_1_19' title="bbox 330 1598 1968 1685">
    <p class='ocr_par' dir='ltr' id='par_1_19' title="bbox 330 1598 1968 1685">
     <span class='ocr_line' id='line_1_19' title="bbox 330 1598 1968 1685; baseline 0.004 -23"><span class='ocrx_word' id='word_1_114' title='bbox 330 1598 336 1669; x_wconf 64' lang='grc' dir='ltr'>ἶ</span> <span class='ocrx_word' id='word_1_115' title='bbox 388 1623 518 1663; x_wconf 87' lang='lat' dir='ltr'><strong>cum</strong></span> <span class='ocrx_word' id='word_1_116' title='bbox 545 1611 638 1667; x_wconf 91' lang='lat' dir='ltr'><strong>illo</strong></span> <span class='ocrx_word' id='word_1_117' title='bbox 663 1623 841 1676; x_wconf 89' lang='lat' dir='ltr'><strong>erant,</strong></span> <span class='ocrx_word' id='word_1_118' title='bbox 877 1613 1247 1684; x_wconf 87' lang='lat' dir='ltr'><strong>Epiphanium</strong></span> <span class='ocrx_word' id='word_1_119' title='bbox 1277 1616 1562 1682; x_wconf 89' lang='lat' dir='ltr'><strong>adierunt;</strong></span> <span class='ocrx_word' id='word_1_120' title='bbox 1595 1616 1647 1671; x_wconf 91' lang='lat' dir='ltr'><strong>id</strong></span> <span class='ocrx_word' id='word_1_121' title='bbox 1679 1616 1827 1671; x_wconf 90' lang='lat' dir='ltr'><strong>enim</strong></span> <span class='ocrx_word' id='word_1_122' title='bbox 1858 1616 1968 1685; x_wconf 84' lang='lat' dir='ltr'><strong>ipsi</strong></span> 
     </span>
    </p>
   </div>
   <div class='ocr_carea' id='block_1_20' title="bbox 2058 428 3651 500">
    <p class='ocr_par' dir='ltr' id='par_1_20' title="bbox 2058 428 3651 500">
     <span class='ocr_line' id='line_1_20' title="bbox 2058 428 3651 500; baseline 0.003 -19"><span class='ocrx_word' id='word_1_123' title='bbox 2058 428 2317 499; x_wconf 82' lang='grc' dir='ltr'><strong>ζήσεσθαι</strong></span> <span class='ocrx_word' id='word_1_124' title='bbox 2352 429 2445 483; x_wconf 88' lang='grc' dir='ltr'>τὸν</span> <span class='ocrx_word' id='word_1_125' title='bbox 2478 428 2751 500; x_wconf 81' lang='grc' dir='ltr'>κάμνοντα</span> <span class='ocrx_word' id='word_1_126' title='bbox 2774 429 3058 499; x_wconf 78' lang='grc' dir='ltr'>ὑπέσχετο,</span> <span class='ocrx_word' id='word_1_127' title='bbox 3081 430 3129 481; x_wconf 79' lang='grc' dir='ltr'>εἰ</span> <span class='ocrx_word' id='word_1_128' title='bbox 3161 429 3287 493; x_wconf 79' lang='grc' dir='ltr'>τοὺς</span> <span class='ocrx_word' id='word_1_129' title='bbox 3314 429 3460 500; x_wconf 79' lang='grc' dir='ltr'>ἀμφὶ</span> <span class='ocrx_word' id='word_1_130' title='bbox 3487 432 3651 486; x_wconf 75' lang='grc' dir='ltr'>Διόσ-</span> 
     </span>
    </p>
   </div>
   <div class='ocr_carea' id='block_1_21' title="bbox 2059 518 3648 592">
    <p class='ocr_par' dir='ltr' id='par_1_21' title="bbox 2059 518 3648 592">
     <span class='ocr_line' id='line_1_21' title="bbox 2059 518 3648 592; baseline 0.005 -23"><span class='ocrx_word' id='word_1_131' title='bbox 2059 533 2219 588; x_wconf 89' lang='grc' dir='ltr'>κορον</span> <span class='ocrx_word' id='word_1_132' title='bbox 2250 519 2558 590; x_wconf 75' lang='grc' dir='ltr'>αἱρετικοῦς</span> <span class='ocrx_word' id='word_1_133' title='bbox 2600 518 2758 583; x_wconf 76' lang='grc' dir='ltr'>ὄντας</span> <span class='ocrx_word' id='word_1_134' title='bbox 2804 518 3202 589; x_wconf 70' lang='grc' dir='ltr'>ἀποστραφείη.</span> <span class='ocrx_word' id='word_1_135' title='bbox 3232 521 3297 573; x_wconf 85' lang='grc' dir='ltr'><strong>Ἦ</strong></span> <span class='ocrx_word' id='word_1_136' title='bbox 3328 521 3385 575; x_wconf 79' lang='grc' dir='ltr'>δὲ</span> <span class='ocrx_word' id='word_1_137' title='bbox 3409 522 3648 592; x_wconf 75' lang='grc' dir='ltr'><strong>βασιλὶς,</strong></span> 
     </span>
    </p>
   </div>
   <div class='ocr_carea' id='block_1_22' title="bbox 2059 610 3651 684">
    <p class='ocr_par' dir='ltr' id='par_1_22' title="bbox 2059 610 3651 684">
     <span class='ocr_line' id='line_1_22' title="bbox 2059 610 3651 684; baseline 0.002 -18"><span class='ocrx_word' id='word_1_138' title='bbox 2059 613 2135 666; x_wconf 82' lang='grc' dir='ltr'>Τὸ</span> <span class='ocrx_word' id='word_1_139' title='bbox 2171 612 2469 681; x_wconf 75' lang='grc' dir='ltr'>ὲμὺν,ἕφη,</span> <span class='ocrx_word' id='word_1_140' title='bbox 2502 610 2733 676; x_wconf 80' lang='grc' dir='ltr'><strong>παιδίον,</strong></span> <span class='ocrx_word' id='word_1_141' title='bbox 2769 610 2882 678; x_wconf 76' lang='grc' dir='ltr'>εἴγε</span> <span class='ocrx_word' id='word_1_142' title='bbox 2907 610 3051 663; x_wconf 87' lang='grc' dir='ltr'><strong>δοκεῖ</strong></span> <span class='ocrx_word' id='word_1_143' title='bbox 3069 611 3147 682; x_wconf 83' lang='grc' dir='ltr'><strong>τῷ</strong></span> <span class='ocrx_word' id='word_1_144' title='bbox 3184 611 3303 682; x_wconf 81' lang='grc' dir='ltr'><strong>Θεῷ</strong></span> <span class='ocrx_word' id='word_1_145' title='bbox 3324 612 3651 684; x_wconf 74' lang='grc' dir='ltr'>λαμϐάνειν,</span> 
     </span>
    </p>
   </div>
   <div class='ocr_carea' id='block_1_23' title="bbox 2059 702 3651 777">
    <p class='ocr_par' dir='ltr' id='par_1_23' title="bbox 2059 702 3651 777">
     <span class='ocr_line' id='line_1_23' title="bbox 2059 702 3651 777; baseline 0.004 -20"><span class='ocrx_word' id='word_1_146' title='bbox 2059 702 2231 775; x_wconf 79' lang='grc' dir='ltr'>ταύτῃ</span> <span class='ocrx_word' id='word_1_147' title='bbox 2276 702 2434 756; x_wconf 75' lang='grc' dir='ltr'>ἔστω.</span> <span class='ocrx_word' id='word_1_148' title='bbox 2485 702 2688 772; x_wconf 79' lang='grc' dir='ltr'>Κύριος</span> <span class='ocrx_word' id='word_1_149' title='bbox 2722 702 2831 772; x_wconf 85' lang='grc' dir='ltr'><strong>γὰρ</strong></span> <span class='ocrx_word' id='word_1_150' title='bbox 2860 704 2889 755; x_wconf 81' lang='grc' dir='ltr'><strong>ὁ</strong></span> <span class='ocrx_word' id='word_1_151' title='bbox 2928 702 3071 766; x_wconf 76' lang='grc' dir='ltr'>δοὺς,</span> <span class='ocrx_word' id='word_1_152' title='bbox 3107 703 3271 758; x_wconf 81' lang='grc' dir='ltr'>πάλιν</span> <span class='ocrx_word' id='word_1_153' title='bbox 3308 705 3651 777; x_wconf 77' lang='grc' dir='ltr'>ἀφαιρεῖται.</span> 
     </span>
    </p>
   </div>
   <div class='ocr_carea' id='block_1_24' title="bbox 2061 786 3654 868">
    <p class='ocr_par' dir='ltr' id='par_1_24' title="bbox 2061 786 3654 868">
     <span class='ocr_line' id='line_1_24' title="bbox 2061 786 3654 868; baseline 0.004 -23"><span class='ocrx_word' id='word_1_154' title='bbox 2061 792 2232 855; x_wconf 77' lang='grc' dir='ltr'>Αὐτὸς</span> <span class='ocrx_word' id='word_1_155' title='bbox 2266 791 2323 845; x_wconf 84' lang='grc' dir='ltr'>δὲ</span> <span class='ocrx_word' id='word_1_156' title='bbox 2355 792 2513 863; x_wconf 76' lang='grc' dir='ltr'>εἴπερ</span> <span class='ocrx_word' id='word_1_157' title='bbox 2552 786 2661 854; x_wconf 74' lang='grc' dir='ltr'>οἷός</span> <span class='ocrx_word' id='word_1_158' title='bbox 2701 809 2763 846; x_wconf 88' lang='grc' dir='ltr'><strong>τε</strong></span> <span class='ocrx_word' id='word_1_159' title='bbox 2812 787 2881 862; x_wconf 83' lang='grc' dir='ltr'>ἦς</span> <span class='ocrx_word' id='word_1_160' title='bbox 2914 795 3142 862; x_wconf 74' lang='grc' dir='ltr'>νεκροὺς</span> <span class='ocrx_word' id='word_1_161' title='bbox 3174 795 3513 868; x_wconf 82' lang='grc' dir='ltr'>ἀνεγείρειν,</span> <span class='ocrx_word' id='word_1_162' title='bbox 3546 799 3654 852; x_wconf 80' lang='grc' dir='ltr'>οὐκ</span> 
     </span>
    </p>
   </div>
   <div class='ocr_carea' id='block_1_25' title="bbox 2063 880 3657 960">
    <p class='ocr_par' dir='ltr' id='par_1_25' title="bbox 2063 880 3657 960">
     <span class='ocr_line' id='line_1_25' title="bbox 2063 880 3657 960; baseline 0.005 -25"><span class='ocrx_word' id='word_1_163' title='bbox 2063 880 2130 935; x_wconf 84' lang='grc' dir='ltr'>ἂν</span> <span class='ocrx_word' id='word_1_164' title='bbox 2157 884 2185 935; x_wconf 84' lang='grc' dir='ltr'><strong>ὁ</strong></span> <span class='ocrx_word' id='word_1_165' title='bbox 2232 882 2322 943; x_wconf 80' lang='grc' dir='ltr'>σὸς</span> <span class='ocrx_word' id='word_1_166' title='bbox 2352 880 2727 952; x_wconf 83' lang='grc' dir='ltr'>ἀρχιδιάκονος</span> <span class='ocrx_word' id='word_1_167' title='bbox 2766 882 3036 951; x_wconf 80' lang='grc' dir='ltr'><strong>τεθνήκει.</strong></span> <span class='ocrx_word' id='word_1_168' title='bbox 3079 885 3279 956; x_wconf 85' lang='grc' dir='ltr'>Ἔτυχε</span> <span class='ocrx_word' id='word_1_169' title='bbox 3310 886 3420 958; x_wconf 89' lang='grc' dir='ltr'><strong>γάρ</strong></span> <span class='ocrx_word' id='word_1_170' title='bbox 3449 890 3511 942; x_wconf 83' lang='grc' dir='ltr'><strong>ού</strong></span> <span class='ocrx_word' id='word_1_171' title='bbox 3539 890 3657 960; x_wconf 84' lang='grc' dir='ltr'>πρὸ</span> 
     </span>
    </p>
   </div>
   <div class='ocr_carea' id='block_1_26' title="bbox 2067 972 3656 1046">
    <p class='ocr_par' dir='ltr' id='par_1_26' title="bbox 2067 972 3656 1046">
     <span class='ocr_line' id='line_1_26' title="bbox 2067 972 3656 1046; baseline 0.005 -21"><span class='ocrx_word' id='word_1_172' title='bbox 2067 972 2263 1025; x_wconf 81' lang='grc' dir='ltr'>πολλοῦ</span> <span class='ocrx_word' id='word_1_173' title='bbox 2292 973 2620 1036; x_wconf 81' lang='grc' dir='ltr'><strong>τελευτήσας</strong></span> <span class='ocrx_word' id='word_1_174' title='bbox 2651 973 2938 1044; x_wconf 80' lang='grc' dir='ltr'>Κρισπίων</span> <span class='ocrx_word' id='word_1_175' title='bbox 2957 1014 2972 1037; x_wconf 84' lang='grc'><strong>.</strong></span> <span class='ocrx_word' id='word_1_176' title='bbox 3012 975 3073 1028; x_wconf 83' lang='grc' dir='ltr'><strong>δν</strong></span> <span class='ocrx_word' id='word_1_177' title='bbox 3103 976 3329 1046; x_wconf 78' lang='grc' dir='ltr'>ἀδελφὸν</span> <span class='ocrx_word' id='word_1_178' title='bbox 3357 978 3485 1032; x_wconf 78' lang='grc' dir='ltr'>ὄντα</span> <span class='ocrx_word' id='word_1_179' title='bbox 3514 978 3656 1033; x_wconf 78' lang='grc' dir='ltr'>Φού-</span> 
     </span>
    </p>
   </div>
   <div class='ocr_carea' id='block_1_27' title="bbox 2069 1065 3657 1142">
    <p class='ocr_par' dir='ltr' id='par_1_27' title="bbox 2069 1065 3657 1142">
     <span class='ocr_line' id='line_1_27' title="bbox 2069 1065 3657 1142; baseline 0.003 -24"><span class='ocrx_word' id='word_1_180' title='bbox 2069 1081 2274 1130; x_wconf 84' lang='grc' dir='ltr'>σκωνος</span> <span class='ocrx_word' id='word_1_181' title='bbox 2314 1067 2410 1118; x_wconf 77' lang='grc' dir='ltr'>καὶ</span> <span class='ocrx_word' id='word_1_182' title='bbox 2438 1065 2753 1136; x_wconf 55' lang='grc' dir='ltr'>Μλαμάνου</span> <span class='ocrx_word' id='word_1_183' title='bbox 2784 1066 2895 1135; x_wconf 81' lang='grc'><strong>(55)</strong></span> <span class='ocrx_word' id='word_1_184' title='bbox 2948 1066 3056 1120; x_wconf 82' lang='grc' dir='ltr'>τῶν</span> <span class='ocrx_word' id='word_1_185' title='bbox 3100 1067 3191 1120; x_wconf 73' lang='grc' dir='ltr'><strong>ἐπὶ</strong></span> <span class='ocrx_word' id='word_1_186' title='bbox 3228 1068 3527 1134; x_wconf 80' lang='grc' dir='ltr'>Οὐάλεντος</span> <span class='ocrx_word' id='word_1_187' title='bbox 3556 1071 3657 1142; x_wconf 82' lang='grc' dir='ltr'>δη-</span> 
     </span>
    </p>
   </div>
   <div class='ocr_carea' id='block_1_28' title="bbox 2068 1156 3658 1231">
    <p class='ocr_par' dir='ltr' id='par_1_28' title="bbox 2068 1156 3658 1231">
     <span class='ocr_line' id='line_1_28' title="bbox 2068 1156 3658 1231; baseline 0.004 -21"><span class='ocrx_word' id='word_1_188' title='bbox 2068 1156 2345 1210; x_wconf 82' lang='grc' dir='ltr'>λωθέντων</span> <span class='ocrx_word' id='word_1_189' title='bbox 2407 1157 2653 1227; x_wconf 84' lang='grc' dir='ltr'>μοναχῶν</span> <span class='ocrx_word' id='word_1_190' title='bbox 2675 1197 2690 1223; x_wconf 90' lang='grc'><em>,</em></span> <span class='ocrx_word' id='word_1_191' title='bbox 2740 1156 2989 1211; x_wconf 81' lang='grc' dir='ltr'>σύνοικον</span> <span class='ocrx_word' id='word_1_192' title='bbox 3046 1158 3185 1229; x_wconf 79' lang='grc' dir='ltr'>ἔχων</span> <span class='ocrx_word' id='word_1_193' title='bbox 3212 1200 3228 1225; x_wconf 84' lang='grc'><em>,</em></span> <span class='ocrx_word' id='word_1_194' title='bbox 3273 1160 3658 1231; x_wconf 80' lang='grc' dir='ltr'>ἀρχιδιάκονον</span> 
     </span>
    </p>
   </div>
   <div class='ocr_carea' id='block_1_29' title="bbox 2071 1245 3655 1323">
    <p class='ocr_par' dir='ltr' id='par_1_29' title="bbox 2071 1245 3655 1323">
     <span class='ocr_line' id='line_1_29' title="bbox 2071 1245 3655 1323; baseline 0.004 -25"><span class='ocrx_word' id='word_1_195' title='bbox 2071 1245 2247 1316; x_wconf 80' lang='grc' dir='ltr'>ἑαυτῷ</span> <span class='ocrx_word' id='word_1_196' title='bbox 2269 1246 2618 1316; x_wconf 79' lang='grc' dir='ltr'>κατέστησεν.</span> <span class='ocrx_word' id='word_1_197' title='bbox 2643 1249 2704 1300; x_wconf 85' lang='grc' dir='ltr'>Οί</span> <span class='ocrx_word' id='word_1_198' title='bbox 2736 1246 2792 1300; x_wconf 82' lang='grc' dir='ltr'>δὲ</span> <span class='ocrx_word' id='word_1_199' title='bbox 2824 1248 2954 1318; x_wconf 76' lang='grc' dir='ltr'>περὶ</span> <span class='ocrx_word' id='word_1_200' title='bbox 2997 1248 3306 1318; x_wconf 82' lang='grc' dir='ltr'>Ἀμμώνιον</span> <span class='ocrx_word' id='word_1_201' title='bbox 3332 1249 3512 1320; x_wconf 85' lang='grc' dir='ltr'>(τοῦτο</span> <span class='ocrx_word' id='word_1_202' title='bbox 3541 1252 3655 1323; x_wconf 75' lang='grc' dir='ltr'><strong>γὰρ</strong></span> 
     </span>
    </p>
   </div>
   <div class='ocr_carea' id='block_1_30' title="bbox 2073 1335 3656 1411">
    <p class='ocr_par' dir='ltr' id='par_1_30' title="bbox 2073 1335 3656 1411">
     <span class='ocr_line' id='line_1_30' title="bbox 2073 1335 3656 1411; baseline 0.003 -20"><span class='ocrx_word' id='word_1_203' title='bbox 2073 1339 2207 1409; x_wconf 82' lang='grc' dir='ltr'>αὐτῇ</span> <span class='ocrx_word' id='word_1_204' title='bbox 2226 1340 2291 1408; x_wconf 75' lang='grc' dir='ltr'>τῇ</span> <span class='ocrx_word' id='word_1_205' title='bbox 2316 1336 2544 1407; x_wconf 77' lang='grc' dir='ltr'>βασιλίδι</span> <span class='ocrx_word' id='word_1_206' title='bbox 2565 1338 2779 1409; x_wconf 76' lang='grc' dir='ltr'>ἐδόκει),</span> <span class='ocrx_word' id='word_1_207' title='bbox 2799 1339 2935 1410; x_wconf 76' lang='grc' dir='ltr'>πρὸς</span> <span class='ocrx_word' id='word_1_208' title='bbox 2948 1339 3261 1406; x_wconf 76' lang='grc' dir='ltr'>Ἐπιφάνιον</span> <span class='ocrx_word' id='word_1_209' title='bbox 3278 1335 3462 1411; x_wconf 74' lang='grc' dir='ltr'>ἦλθον.</span> <span class='ocrx_word' id='word_1_210' title='bbox 3482 1342 3656 1395; x_wconf 72' lang='grc' dir='ltr'>Πυθοο</span> 
     </span>
    </p>
   </div>
   <div class='ocr_carea' id='block_1_31' title="bbox 2080 1426 3653 1503">
    <p class='ocr_par' dir='ltr' id='par_1_31' title="bbox 2080 1426 3653 1503">
     <span class='ocr_line' id='line_1_31' title="bbox 2080 1426 3653 1503; baseline 0.003 -20"><span class='ocrx_word' id='word_1_211' title='bbox 2080 1430 2242 1501; x_wconf 76' lang='grc' dir='ltr'>μένου</span> <span class='ocrx_word' id='word_1_212' title='bbox 2276 1430 2336 1482; x_wconf 86' lang='grc' dir='ltr'>δὲ</span> <span class='ocrx_word' id='word_1_213' title='bbox 2364 1429 2529 1484; x_wconf 82' lang='grc' dir='ltr'>αὐτοῦ</span> <span class='ocrx_word' id='word_1_214' title='bbox 2561 1430 2705 1494; x_wconf 86' lang='grc' dir='ltr'>τίνες</span> <span class='ocrx_word' id='word_1_215' title='bbox 2744 1426 2872 1496; x_wconf 76' lang='grc' dir='ltr'>εἷεν,</span> <span class='ocrx_word' id='word_1_216' title='bbox 2900 1431 3180 1486; x_wconf 82' lang='grc' dir='ltr'>ὑπολαϐὼν</span> <span class='ocrx_word' id='word_1_217' title='bbox 3222 1432 3557 1503; x_wconf 78' lang='grc' dir='ltr'>Ἀμμώνιος,</span> <span class='ocrx_word' id='word_1_218' title='bbox 3588 1437 3653 1488; x_wconf 78' lang='grc' dir='ltr'><strong>οι</strong></span> 
     </span>
    </p>
   </div>
   <div class='ocr_carea' id='block_1_32' title="bbox 2075 1515 3658 1594">
    <p class='ocr_par' dir='ltr' id='par_1_32' title="bbox 2075 1515 3658 1594">
     <span class='ocr_line' id='line_1_32' title="bbox 2075 1515 3658 1594; baseline 0.003 -21"><span class='ocrx_word' id='word_1_219' title='bbox 2075 1521 2322 1591; x_wconf 74' lang='grc' dir='ltr'>Μακροὶ,</span> <span class='ocrx_word' id='word_1_220' title='bbox 2353 1515 2567 1591; x_wconf 52' lang='grc' dir='ltr'>ἔφηιῶ</span> <span class='ocrx_word' id='word_1_221' title='bbox 2606 1522 2807 1593; x_wconf 76' lang='grc' dir='ltr'>Πάτερ.</span> <span class='ocrx_word' id='word_1_222' title='bbox 2853 1522 2991 1575; x_wconf 81' lang='grc' dir='ltr'>Ἀλλ’</span> <span class='ocrx_word' id='word_1_223' title='bbox 3017 1524 3066 1576; x_wconf 79' lang='grc' dir='ltr'><strong>εί</strong></span> <span class='ocrx_word' id='word_1_224' title='bbox 3114 1521 3335 1577; x_wconf 83' lang='grc' dir='ltr'>πώποτε</span> <span class='ocrx_word' id='word_1_225' title='bbox 3384 1524 3658 1594; x_wconf 82' lang='grc' dir='ltr'>μαθηταῖς</span> 
     </span>
    </p>
   </div>
   <div class='ocr_carea' id='block_1_33' title="bbox 2078 1610 3652 1684">
    <p class='ocr_par' dir='ltr' id='par_1_33' title="bbox 2078 1610 3652 1684">
     <span class='ocr_line' id='line_1_33' title="bbox 2078 1610 3652 1684; baseline 0.005 -22"><span class='ocrx_word' id='word_1_226' title='bbox 2078 1610 2414 1681; x_wconf 82' lang='grc' dir='ltr'>ήμετέροιςῆ</span> <span class='ocrx_word' id='word_1_227' title='bbox 2445 1611 2813 1682; x_wconf 84' lang='grc' dir='ltr'>συντάγμασιν</span> <span class='ocrx_word' id='word_1_228' title='bbox 2845 1611 3112 1683; x_wconf 79' lang='grc' dir='ltr'>ἐνέτυχες,</span> <span class='ocrx_word' id='word_1_229' title='bbox 3128 1613 3297 1683; x_wconf 78' lang='grc' dir='ltr'>ἡδέως</span> <span class='ocrx_word' id='word_1_230' title='bbox 3326 1614 3652 1684; x_wconf 75' lang='grc' dir='ltr'>ἐμάνθανον.</span> 
     </span>
    </p>
   </div>
   <div class='ocr_carea' id='block_1_34' title="bbox 331 1689 1967 1777">
    <p class='ocr_par' dir='ltr' id='par_1_34' title="bbox 331 1701 1966 1777">
     <span class='ocr_line' id='line_1_34' title="bbox 331 1701 1966 1777; baseline 0.007 -26"><span class='ocrx_word' id='word_1_231' title='bbox 331 1710 335 1719; x_wconf 88' lang='grc'><strong>·</strong></span> <span class='ocrx_word' id='word_1_232' title='bbox 388 1713 613 1769; x_wconf 85' lang='lat' dir='ltr'><strong>quoque</strong></span> <span class='ocrx_word' id='word_1_233' title='bbox 661 1701 923 1772; x_wconf 69' lang='lat' dir='ltr'><strong>Augusta:</strong></span> <span class='ocrx_word' id='word_1_234' title='bbox 976 1705 1282 1774; x_wconf 89' lang='lat' dir='ltr'><strong>placuerat.</strong></span> <span class='ocrx_word' id='word_1_235' title='bbox 1326 1708 1577 1776; x_wconf 88' lang='lat' dir='ltr'><strong>Cumque</strong></span> <span class='ocrx_word' id='word_1_236' title='bbox 1626 1706 1966 1777; x_wconf 86' lang='lat' dir='ltr'><strong>Epiphanius</strong></span> 
     </span>
    </p>
   </div>
   <div class='ocr_carea' id='block_1_35' title="bbox 2069 1689 3655 1777">
    <p class='ocr_par' dir='ltr' id='par_1_35' title="bbox 2069 1700 3655 1776">
     <span class='ocr_line' id='line_1_35' title="bbox 2069 1700 3655 1776; baseline 0.002 -21"><span class='ocrx_word' id='word_1_237' title='bbox 2069 1703 2174 1755; x_wconf 79' lang='grc' dir='ltr'><strong>Τοῦ</strong></span> <span class='ocrx_word' id='word_1_238' title='bbox 2201 1703 2255 1756; x_wconf 80' lang='grc' dir='ltr'>δὲ</span> <span class='ocrx_word' id='word_1_239' title='bbox 2286 1704 2686 1773; x_wconf 80' lang='grc' dir='ltr'>ἀποφήσαντος,</span> <span class='ocrx_word' id='word_1_240' title='bbox 2718 1703 2879 1757; x_wconf 78' lang='grc' dir='ltr'>πάλιν</span> <span class='ocrx_word' id='word_1_241' title='bbox 2908 1704 3089 1775; x_wconf 76' lang='grc' dir='ltr'>ήρετο’</span> <span class='ocrx_word' id='word_1_242' title='bbox 3122 1705 3293 1758; x_wconf 85' lang='grc' dir='ltr'>Πόθεν</span> <span class='ocrx_word' id='word_1_243' title='bbox 3323 1700 3417 1758; x_wconf 76' lang='grc' dir='ltr'>οὖν</span> <span class='ocrx_word' id='word_1_244' title='bbox 3448 1707 3655 1776; x_wconf 72' lang='grc' dir='ltr'>αἱρετι-</span> 
     </span>
    </p>
   </div>
   <div class='ocr_carea' id='block_1_36' title="bbox 332 1789 1965 1868">
    <p class='ocr_par' dir='ltr' id='par_1_36' title="bbox 332 1789 1965 1868">
     <span class='ocr_line' id='line_1_36' title="bbox 332 1789 1965 1868; baseline 0.007 -27"><span class='ocrx_word' id='word_1_245' title='bbox 332 1824 333 1827; x_wconf 60' lang='grc' dir='ltr'><strong>η</strong></span> <span class='ocrx_word' id='word_1_246' title='bbox 388 1789 789 1861; x_wconf 84' lang='lat' dir='ltr'><strong>interrogasset</strong></span> <span class='ocrx_word' id='word_1_247' title='bbox 810 1795 1034 1865; x_wconf 87' lang='lat' dir='ltr'><strong>quinam</strong></span> <span class='ocrx_word' id='word_1_248' title='bbox 1059 1806 1264 1859; x_wconf 87' lang='lat' dir='ltr'><strong>essent,</strong></span> <span class='ocrx_word' id='word_1_249' title='bbox 1289 1798 1575 1868; x_wconf 87' lang='lat' dir='ltr'><strong>respondit</strong></span> <span class='ocrx_word' id='word_1_250' title='bbox 1595 1797 1923 1853; x_wconf 84' lang='lat' dir='ltr'><strong>Ammonius</strong></span> <span class='ocrx_word' id='word_1_251' title='bbox 1951 1816 1965 1853; x_wconf 92' lang='lat'><strong>:</strong></span> 
     </span>
    </p>
   </div>
   <div class='ocr_carea' id='block_1_37' title="bbox 328 1879 1968 1957">
    <p class='ocr_par' dir='ltr' id='par_1_37' title="bbox 328 1879 1968 1957">
     <span class='ocr_line' id='line_1_37' title="bbox 328 1879 1968 1957; baseline 0.007 -26"><span class='ocrx_word' id='word_1_252' title='bbox 328 1898 333 1917; x_wconf 69' lang='grc' dir='ltr'><strong>τ</strong></span> <span class='ocrx_word' id='word_1_253' title='bbox 389 1879 567 1950; x_wconf 89' lang='lat' dir='ltr'><strong>Longi</strong></span> <span class='ocrx_word' id='word_1_254' title='bbox 591 1898 802 1947; x_wconf 87' lang='lat' dir='ltr'><strong>sumus,</strong></span> <span class='ocrx_word' id='word_1_255' title='bbox 831 1899 864 1937; x_wconf 91' lang='grc' dir='ltr'><strong>ο</strong></span> <span class='ocrx_word' id='word_1_256' title='bbox 894 1884 1074 1941; x_wconf 85' lang='lat' dir='ltr'><strong>Pater.</strong></span> <span class='ocrx_word' id='word_1_257' title='bbox 1106 1885 1211 1941; x_wconf 89' lang='lat' dir='ltr'><strong>Sed</strong></span> <span class='ocrx_word' id='word_1_258' title='bbox 1240 1888 1475 1942; x_wconf 86' lang='lat' dir='ltr'><strong>libenter</strong></span> <span class='ocrx_word' id='word_1_259' title='bbox 1498 1888 1754 1957; x_wconf 88' lang='lat' dir='ltr'><strong>equidem</strong></span> <span class='ocrx_word' id='word_1_260' title='bbox 1785 1888 1968 1943; x_wconf 86' lang='lat' dir='ltr'><strong>disce-</strong></span> 
     </span>
    </p>
   </div>
   <div class='ocr_carea' id='block_1_38' title="bbox 389 1976 1965 2048">
    <p class='ocr_par' dir='ltr' id='par_1_38' title="bbox 389 1976 1965 2048">
     <span class='ocr_line' id='line_1_38' title="bbox 389 1976 1965 2048; baseline 0.009 -26"><span class='ocrx_word' id='word_1_261' title='bbox 389 1985 529 2036; x_wconf 88' lang='lat' dir='ltr'><strong>rem,</strong></span> <span class='ocrx_word' id='word_1_262' title='bbox 573 1982 752 2028; x_wconf 90' lang='lat' dir='ltr'><strong>utrum</strong></span> <span class='ocrx_word' id='word_1_263' title='bbox 796 1976 1095 2045; x_wconf 85' lang='lat' dir='ltr'><strong>aliquando</strong></span> <span class='ocrx_word' id='word_1_264' title='bbox 1123 1978 1177 2032; x_wconf 90' lang='lat' dir='ltr'><strong>in</strong></span> <span class='ocrx_word' id='word_1_265' title='bbox 1222 1979 1529 2048; x_wconf 87' lang='lat' dir='ltr'><strong>discipulos</strong></span> <span class='ocrx_word' id='word_1_266' title='bbox 1575 1987 1670 2033; x_wconf 86' lang='lat' dir='ltr'><strong>aut</strong></span> <span class='ocrx_word' id='word_1_267' title='bbox 1710 1980 1764 2034; x_wconf 88' lang='lat' dir='ltr'><strong>in</strong></span> <span class='ocrx_word' id='word_1_268' title='bbox 1793 1980 1965 2036; x_wconf 90' lang='lat' dir='ltr'><strong>libros</strong></span> 
     </span>
    </p>
   </div>
   <div class='ocr_carea' id='block_1_39' title="bbox 392 2061 1968 2139">
    <p class='ocr_par' dir='ltr' id='par_1_39' title="bbox 392 2061 1968 2139">
     <span class='ocr_line' id='line_1_39' title="bbox 392 2061 1968 2139; baseline 0.006 -27"><span class='ocrx_word' id='word_1_269' title='bbox 392 2067 614 2115; x_wconf 91' lang='lat' dir='ltr'><strong>nostros</strong></span> <span class='ocrx_word' id='word_1_270' title='bbox 666 2061 950 2119; x_wconf 89' lang='lat' dir='ltr'><strong>incideris.</strong></span> <span class='ocrx_word' id='word_1_271' title='bbox 996 2064 1094 2122; x_wconf 81' lang='lat' dir='ltr'><strong>llio</strong></span> <span class='ocrx_word' id='word_1_272' title='bbox 1147 2075 1409 2137; x_wconf 81' lang='lat' dir='ltr'><strong>negante,</strong></span> <span class='ocrx_word' id='word_1_273' title='bbox 1467 2068 1661 2123; x_wconf 90' lang='lat' dir='ltr'><strong>iterum</strong></span> <span class='ocrx_word' id='word_1_274' title='bbox 1716 2070 1968 2139; x_wconf 64' lang='lat' dir='ltr'><strong>quaesivit</strong></span> 
     </span>
    </p>
   </div>
   <div class='ocr_carea' id='block_1_40' title="bbox 391 2150 1966 2230">
    <p class='ocr_par' dir='ltr' id='par_1_40' title="bbox 391 2150 1966 2230">
     <span class='ocr_line' id='line_1_40' title="bbox 391 2150 1966 2230; baseline 0.008 -28"><span class='ocrx_word' id='word_1_275' title='bbox 391 2150 717 2206; x_wconf 84' lang='lat' dir='ltr'><strong>Ammonius</strong></span> <span class='ocrx_word' id='word_1_276' title='bbox 747 2173 761 2209; x_wconf 87' lang='lat'><strong>:</strong></span> <span class='ocrx_word' id='word_1_277' title='bbox 793 2154 949 2210; x_wconf 84' lang='lat' dir='ltr'><strong>Unde</strong></span> <span class='ocrx_word' id='word_1_278' title='bbox 988 2172 1121 2228; x_wconf 88' lang='lat' dir='ltr'><strong>ergo</strong></span> <span class='ocrx_word' id='word_1_279' title='bbox 1157 2158 1453 2214; x_wconf 74' lang='lat' dir='ltr'><strong>haereticos</strong></span> <span class='ocrx_word' id='word_1_280' title='bbox 1496 2158 1623 2214; x_wconf 88' lang='lat' dir='ltr'><strong>illos</strong></span> <span class='ocrx_word' id='word_1_281' title='bbox 1662 2175 1786 2215; x_wconf 89' lang='lat' dir='ltr'><strong>esse</strong></span> <span class='ocrx_word' id='word_1_282' title='bbox 1816 2159 1966 2230; x_wconf 85' lang='lat' dir='ltr'><strong>judi-</strong></span> 
     </span>
    </p>
   </div>
   <div class='ocr_carea' id='block_1_41' title="bbox 393 2244 1968 2322">
    <p class='ocr_par' dir='ltr' id='par_1_41' title="bbox 393 2244 1968 2322">
     <span class='ocr_line' id='line_1_41' title="bbox 393 2244 1968 2322; baseline 0.006 -25"><span class='ocrx_word' id='word_1_283' title='bbox 393 2244 553 2310; x_wconf 85' lang='lat' dir='ltr'><strong>casti,</strong></span> <span class='ocrx_word' id='word_1_284' title='bbox 594 2246 688 2316; x_wconf 90' lang='lat' dir='ltr'><strong>qui</strong></span> <span class='ocrx_word' id='word_1_285' title='bbox 724 2249 936 2302; x_wconf 88' lang='lat' dir='ltr'><strong>nullum</strong></span> <span class='ocrx_word' id='word_1_286' title='bbox 970 2249 1142 2305; x_wconf 91' lang='lat' dir='ltr'><strong>habes</strong></span> <span class='ocrx_word' id='word_1_287' title='bbox 1176 2261 1559 2322; x_wconf 88' lang='lat' dir='ltr'><strong>argumentum</strong></span> <span class='ocrx_word' id='word_1_288' title='bbox 1597 2268 1706 2321; x_wconf 90' lang='lat' dir='ltr'><strong>quo</strong></span> <span class='ocrx_word' id='word_1_289' title='bbox 1743 2262 1968 2309; x_wconf 89' lang='lat' dir='ltr'><strong>senten-</strong></span> 
     </span>
    </p>
   </div>
   <div class='ocr_carea' id='block_1_42' title="bbox 393 2337 1967 2417">
    <p class='ocr_par' dir='ltr' id='par_1_42' title="bbox 393 2337 1967 2417">
     <span class='ocr_line' id='line_1_42' title="bbox 393 2337 1967 2417; baseline 0.009 -30"><span class='ocrx_word' id='word_1_290' title='bbox 393 2338 526 2389; x_wconf 91' lang='lat' dir='ltr'><strong>tiam</strong></span> <span class='ocrx_word' id='word_1_291' title='bbox 572 2337 793 2393; x_wconf 89' lang='lat' dir='ltr'><strong>illorum</strong></span> <span class='ocrx_word' id='word_1_292' title='bbox 840 2343 1022 2409; x_wconf 87' lang='lat' dir='ltr'><strong>possis</strong></span> <span class='ocrx_word' id='word_1_293' title='bbox 1062 2344 1429 2400; x_wconf 83' lang='lat' dir='ltr'><strong>convincere?</strong></span> <span class='ocrx_word' id='word_1_294' title='bbox 1470 2346 1535 2398; x_wconf 90' lang='lat' dir='ltr'><strong>Et</strong></span> <span class='ocrx_word' id='word_1_295' title='bbox 1569 2360 1695 2400; x_wconf 90' lang='lat' dir='ltr'><strong>cum</strong></span> <span class='ocrx_word' id='word_1_296' title='bbox 1731 2345 1967 2417; x_wconf 87' lang='lat' dir='ltr'><strong>Epipha-</strong></span> 
     </span>
    </p>
   </div>
   <div class='ocr_carea' id='block_1_43' title="bbox 393 2429 1967 2506">
    <p class='ocr_par' dir='ltr' id='par_1_43' title="bbox 393 2429 1967 2506">
     <span class='ocr_line' id='line_1_43' title="bbox 393 2429 1967 2506; baseline 0.006 -24"><span class='ocrx_word' id='word_1_297' title='bbox 393 2429 520 2484; x_wconf 86' lang='lat' dir='ltr'><strong>nius</strong></span> <span class='ocrx_word' id='word_1_298' title='bbox 554 2430 779 2496; x_wconf 91' lang='lat' dir='ltr'><strong>diceret,</strong></span> <span class='ocrx_word' id='word_1_299' title='bbox 808 2432 864 2486; x_wconf 91' lang='lat' dir='ltr'><strong>id</strong></span> <span class='ocrx_word' id='word_1_300' title='bbox 895 2449 955 2490; x_wconf 89' lang='lat' dir='ltr'><strong>se</strong></span> <span class='ocrx_word' id='word_1_301' title='bbox 980 2436 1170 2491; x_wconf 89' lang='lat' dir='ltr'><strong>auditu</strong></span> <span class='ocrx_word' id='word_1_302' title='bbox 1206 2437 1487 2506; x_wconf 88' lang='lat' dir='ltr'><strong>accepisse</strong></span> <span class='ocrx_word' id='word_1_303' title='bbox 1518 2455 1532 2491; x_wconf 87' lang='lat'><strong>:</strong></span> <span class='ocrx_word' id='word_1_304' title='bbox 1566 2436 1677 2493; x_wconf 88' lang='lat' dir='ltr'><strong>Nos</strong></span> <span class='ocrx_word' id='word_1_305' title='bbox 1703 2453 1856 2503; x_wconf 88' lang='lat' dir='ltr'><strong>vero,</strong></span> <span class='ocrx_word' id='word_1_306' title='bbox 1889 2438 1967 2492; x_wconf 89' lang='lat' dir='ltr'><strong>ait</strong></span> 
     </span>
    </p>
   </div>
   <div class='ocr_carea' id='block_1_44' title="bbox 392 2523 1991 2592">
    <p class='ocr_par' dir='ltr' id='par_1_44' title="bbox 392 2523 1991 2592">
     <span class='ocr_line' id='line_1_44' title="bbox 392 2523 1991 2592; baseline 0.009 -21"><span class='ocrx_word' id='word_1_307' title='bbox 392 2523 740 2587; x_wconf 78' lang='lat' dir='ltr'><strong>Ammonius,</strong></span> <span class='ocrx_word' id='word_1_308' title='bbox 771 2524 930 2592; x_wconf 84' lang='lat' dir='ltr'><strong>plane</strong></span> <span class='ocrx_word' id='word_1_309' title='bbox 956 2526 1297 2581; x_wconf 89' lang='lat' dir='ltr'><strong>contrarium</strong></span> <span class='ocrx_word' id='word_1_310' title='bbox 1330 2528 1579 2582; x_wconf 88' lang='lat' dir='ltr'><strong>fecimus.</strong></span> <span class='ocrx_word' id='word_1_311' title='bbox 1610 2526 1744 2581; x_wconf 89' lang='lat' dir='ltr'><strong>Nam</strong></span> <span class='ocrx_word' id='word_1_312' title='bbox 1764 2535 1818 2583; x_wconf 87' lang='lat' dir='ltr'><strong>et</strong></span> <span class='ocrx_word' id='word_1_313' title='bbox 1846 2528 1991 2585; x_wconf 65' lang='lat' dir='ltr'><strong>dis-‘</strong></span> 
     </span>
    </p>
   </div>
   <div class='ocr_carea' id='block_1_45' title="bbox 394 2612 1960 2688">
    <p class='ocr_par' dir='ltr' id='par_1_45' title="bbox 394 2612 1960 2688">
     <span class='ocr_line' id='line_1_45' title="bbox 394 2612 1960 2688; baseline 0.005 -24"><span class='ocrx_word' id='word_1_314' title='bbox 394 2612 607 2681; x_wconf 89' lang='lat' dir='ltr'><strong>cipulos</strong></span> <span class='ocrx_word' id='word_1_315' title='bbox 641 2622 764 2670; x_wconf 90' lang='lat' dir='ltr'><strong>tuos</strong></span> <span class='ocrx_word' id='word_1_316' title='bbox 809 2631 1184 2685; x_wconf 62' lang='lat' dir='ltr'><strong>saepenumero</strong></span> <span class='ocrx_word' id='word_1_317' title='bbox 1221 2617 1462 2673; x_wconf 89' lang='lat' dir='ltr'><strong>vidimus</strong></span> <span class='ocrx_word' id='word_1_318' title='bbox 1510 2626 1563 2671; x_wconf 87' lang='lat' dir='ltr'><strong>et</strong></span> <span class='ocrx_word' id='word_1_319' title='bbox 1619 2618 1788 2683; x_wconf 88' lang='lat' dir='ltr'><strong>libros</strong></span> <span class='ocrx_word' id='word_1_320' title='bbox 1836 2633 1960 2688; x_wconf 85' lang='lat' dir='ltr'><strong>per-</strong></span> 
     </span>
    </p>
   </div>
   <div class='ocr_carea' id='block_1_46' title="bbox 394 2702 1968 2781">
    <p class='ocr_par' dir='ltr' id='par_1_46' title="bbox 394 2702 1968 2781">
     <span class='ocr_line' id='line_1_46' title="bbox 394 2702 1968 2781; baseline 0.006 -26"><span class='ocrx_word' id='word_1_321' title='bbox 394 2702 628 2774; x_wconf 82' lang='lat' dir='ltr'><strong>legimus</strong></span> <span class='ocrx_word' id='word_1_322' title='bbox 661 2725 675 2761; x_wconf 91' lang='lat'><strong>:</strong></span> <span class='ocrx_word' id='word_1_323' title='bbox 706 2722 770 2761; x_wconf 79' lang='lat' dir='ltr'><strong>ex</strong></span> <span class='ocrx_word' id='word_1_324' title='bbox 811 2709 1016 2777; x_wconf 90' lang='lat' dir='ltr'><strong>quibus</strong></span> <span class='ocrx_word' id='word_1_325' title='bbox 1063 2723 1203 2764; x_wconf 90' lang='lat' dir='ltr'><strong>unus</strong></span> <span class='ocrx_word' id='word_1_326' title='bbox 1255 2719 1343 2765; x_wconf 89' lang='lat' dir='ltr'><strong>est</strong></span> <span class='ocrx_word' id='word_1_327' title='bbox 1390 2709 1481 2781; x_wconf 91' lang='lat' dir='ltr'><strong>qui</strong></span> <span class='ocrx_word' id='word_1_328' title='bbox 1530 2710 1845 2765; x_wconf 88' lang='lat' dir='ltr'><strong>Ancoratus</strong></span> <span class='ocrx_word' id='word_1_329' title='bbox 1884 2710 1968 2765; x_wconf 87' lang='lat' dir='ltr'><strong>in-</strong></span> 
     </span>
    </p>
   </div>
   <div class='ocr_carea' id='block_1_47' title="bbox 395 2798 1967 2873">
    <p class='ocr_par' dir='ltr' id='par_1_47' title="bbox 395 2798 1967 2873">
     <span class='ocr_line' id='line_1_47' title="bbox 395 2798 1967 2873; baseline 0.004 -24"><span class='ocrx_word' id='word_1_330' title='bbox 395 2798 681 2853; x_wconf 90' lang='lat' dir='ltr'><strong>scribitur.</strong></span> <span class='ocrx_word' id='word_1_331' title='bbox 724 2798 971 2871; x_wconf 87' lang='lat' dir='ltr'><strong>Cumque</strong></span> <span class='ocrx_word' id='word_1_332' title='bbox 1011 2803 1166 2857; x_wconf 90' lang='lat' dir='ltr'><strong>multi</strong></span> <span class='ocrx_word' id='word_1_333' title='bbox 1197 2801 1512 2872; x_wconf 88' lang='lat' dir='ltr'><strong>vituperare</strong></span> <span class='ocrx_word' id='word_1_334' title='bbox 1542 2810 1595 2858; x_wconf 90' lang='lat' dir='ltr'><strong>te</strong></span> <span class='ocrx_word' id='word_1_335' title='bbox 1622 2810 1676 2857; x_wconf 87' lang='lat' dir='ltr'><strong>et</strong></span> <span class='ocrx_word' id='word_1_336' title='bbox 1710 2812 1967 2873; x_wconf 87' lang='lat' dir='ltr'><strong>tanquam</strong></span> 
     </span>
    </p>
   </div>
   <div class='ocr_carea' id='block_1_48' title="bbox 394 2884 1967 2963">
    <p class='ocr_par' dir='ltr' id='par_1_48' title="bbox 394 2884 1967 2963">
     <span class='ocr_line' id='line_1_48' title="bbox 394 2884 1967 2963; baseline 0.006 -25"><span class='ocrx_word' id='word_1_337' title='bbox 394 2884 713 2942; x_wconf 64' lang='lat' dir='ltr'><strong>haereticum</strong></span> <span class='ocrx_word' id='word_1_338' title='bbox 753 2890 1080 2945; x_wconf 88' lang='lat' dir='ltr'><strong>calumniari</strong></span> <span class='ocrx_word' id='word_1_339' title='bbox 1133 2892 1355 2956; x_wconf 86' lang='lat' dir='ltr'><strong>vellent,</strong></span> <span class='ocrx_word' id='word_1_340' title='bbox 1389 2907 1489 2947; x_wconf 90' lang='lat' dir='ltr'><strong>nos</strong></span> <span class='ocrx_word' id='word_1_341' title='bbox 1532 2907 1631 2960; x_wconf 91' lang='lat' dir='ltr'><strong>pro</strong></span> <span class='ocrx_word' id='word_1_342' title='bbox 1675 2901 1853 2963; x_wconf 88' lang='lat' dir='ltr'><strong>patre,</strong></span> <span class='ocrx_word' id='word_1_343' title='bbox 1887 2894 1967 2948; x_wconf 91' lang='lat' dir='ltr'><strong>uti</strong></span> 
     </span>
    </p>
   </div>
   <div class='ocr_carea' id='block_1_49' title="bbox 2070 1789 3656 1867">
    <p class='ocr_par' dir='ltr' id='par_1_49' title="bbox 2070 1789 3656 1867">
     <span class='ocr_line' id='line_1_49' title="bbox 2070 1789 3656 1867; baseline 0.002 -21"><span class='ocrx_word' id='word_1_344' title='bbox 2070 1794 2200 1857; x_wconf 74' lang='grc' dir='ltr'>κους</span> <span class='ocrx_word' id='word_1_345' title='bbox 2232 1789 2371 1848; x_wconf 77' lang='grc' dir='ltr'>εἶναι</span> <span class='ocrx_word' id='word_1_346' title='bbox 2399 1795 2537 1863; x_wconf 78' lang='grc' dir='ltr'>σφᾶς</span> <span class='ocrx_word' id='word_1_347' title='bbox 2560 1794 2870 1865; x_wconf 85' lang='grc' dir='ltr'>νενόμικας,</span> <span class='ocrx_word' id='word_1_348' title='bbox 2909 1795 3112 1865; x_wconf 79' lang='grc' dir='ltr'>μηδένα</span> <span class='ocrx_word' id='word_1_349' title='bbox 3140 1794 3359 1865; x_wconf 78' lang='grc' dir='ltr'>ἔλεγχον</span> <span class='ocrx_word' id='word_1_350' title='bbox 3387 1796 3526 1865; x_wconf 79' lang='grc' dir='ltr'>ἔχων</span> <span class='ocrx_word' id='word_1_351' title='bbox 3554 1800 3656 1867; x_wconf 83' lang='grc' dir='ltr'>τῆς</span> 
     </span>
    </p>
   </div>
   <div class='ocr_carea' id='block_1_50' title="bbox 2066 1886 3651 1958">
    <p class='ocr_par' dir='ltr' id='par_1_50' title="bbox 2066 1886 3651 1958">
     <span class='ocr_line' id='line_1_50' title="bbox 2066 1886 3651 1958; baseline 0.001 -19"><span class='ocrx_word' id='word_1_352' title='bbox 2066 1886 2244 1940; x_wconf 82' lang='grc' dir='ltr'>αὐτῶν</span> <span class='ocrx_word' id='word_1_353' title='bbox 2279 1886 2531 1958; x_wconf 75' lang='grc' dir='ltr'>γνώμηςς</span> <span class='ocrx_word' id='word_1_354' title='bbox 2575 1886 2892 1955; x_wconf 80' lang='grc' dir='ltr'>Ἀκηκοέναι</span> <span class='ocrx_word' id='word_1_355' title='bbox 2924 1886 2981 1938; x_wconf 77' lang='grc' dir='ltr'>δὲ</span> <span class='ocrx_word' id='word_1_356' title='bbox 3025 1887 3345 1956; x_wconf 78' lang='grc' dir='ltr'>Ἐπιφανίου</span> <span class='ocrx_word' id='word_1_357' title='bbox 3376 1887 3651 1956; x_wconf 77' lang='grc' dir='ltr'>λέγοντος,</span> 
     </span>
    </p>
   </div>
   <div class='ocr_carea' id='block_1_51' title="bbox 2078 1976 3653 2048">
    <p class='ocr_par' dir='ltr' id='par_1_51' title="bbox 2078 1976 3653 2048">
     <span class='ocr_line' id='line_1_51' title="bbox 2078 1976 3653 2048; baseline 0 -19"><span class='ocrx_word' id='word_1_358' title='bbox 2078 1977 2266 2046; x_wconf 82' lang='grc' dir='ltr'>Ἡμεῖς</span> <span class='ocrx_word' id='word_1_359' title='bbox 2292 1977 2370 2042; x_wconf 85' lang='grc' dir='ltr'><strong>δὲ,</strong></span> <span class='ocrx_word' id='word_1_360' title='bbox 2409 1977 2514 2047; x_wconf 77' lang='grc' dir='ltr'>ἔφη</span> <span class='ocrx_word' id='word_1_361' title='bbox 2532 2017 2547 2041; x_wconf 83' lang='grc'><em>,</em></span> <span class='ocrx_word' id='word_1_362' title='bbox 2576 1979 2684 2031; x_wconf 81' lang='grc' dir='ltr'>πᾶν</span> <span class='ocrx_word' id='word_1_363' title='bbox 2711 1976 3016 2030; x_wconf 80' lang='grc' dir='ltr'>τούναντίον</span> <span class='ocrx_word' id='word_1_364' title='bbox 3055 1977 3407 2048; x_wconf 85' lang='grc' dir='ltr'>πεπόνθαμεν</span> <span class='ocrx_word' id='word_1_365' title='bbox 3425 1993 3439 2006; x_wconf 77' lang='grc'><strong><em>⁸</em></strong></span> <span class='ocrx_word' id='word_1_366' title='bbox 3471 1977 3653 2048; x_wconf 74' lang='grc' dir='ltr'>μαθηο</span> 
     </span>
    </p>
   </div>
   <div class='ocr_carea' id='block_1_52' title="bbox 2063 2069 3652 2141">
    <p class='ocr_par' dir='ltr' id='par_1_52' title="bbox 2063 2069 3652 2141">
     <span class='ocr_line' id='line_1_52' title="bbox 2063 2069 3652 2141; baseline -0.001 -18"><span class='ocrx_word' id='word_1_367' title='bbox 2063 2073 2184 2134; x_wconf 85' lang='grc' dir='ltr'>ταῖς</span> <span class='ocrx_word' id='word_1_368' title='bbox 2218 2070 2328 2141; x_wconf 85' lang='grc' dir='ltr'><strong>γὰρ</strong></span> <span class='ocrx_word' id='word_1_369' title='bbox 2351 2074 2465 2134; x_wconf 85' lang='grc' dir='ltr'>σοῖς</span> <span class='ocrx_word' id='word_1_370' title='bbox 2502 2070 2860 2141; x_wconf 86' lang='grc' dir='ltr'>συνετύχομεν</span> <span class='ocrx_word' id='word_1_371' title='bbox 2882 2069 3141 2134; x_wconf 82' lang='grc' dir='ltr'>πολλάκις</span> <span class='ocrx_word' id='word_1_372' title='bbox 3165 2070 3260 2123; x_wconf 81' lang='grc' dir='ltr'>καὶ</span> <span class='ocrx_word' id='word_1_373' title='bbox 3282 2070 3652 2139; x_wconf 83' lang='grc' dir='ltr'>συγγράμμα-</span> 
     </span>
    </p>
   </div>
   <div class='ocr_carea' id='block_1_53' title="bbox 2067 2154 3648 2230">
    <p class='ocr_par' dir='ltr' id='par_1_53' title="bbox 2067 2154 3648 2230">
     <span class='ocr_line' id='line_1_53' title="bbox 2067 2154 3648 2230; baseline -0.003 -16"><span class='ocrx_word' id='word_1_374' title='bbox 2067 2178 2151 2214; x_wconf 89' lang='grc' dir='ltr'><strong>σιν</strong></span> <span class='ocrx_word' id='word_1_375' title='bbox 2183 2176 2195 2191; x_wconf 89' lang='grc'><strong>·</strong></span> <span class='ocrx_word' id='word_1_376' title='bbox 2227 2154 2302 2215; x_wconf 80' lang='grc' dir='ltr'>ὧν</span> <span class='ocrx_word' id='word_1_377' title='bbox 2339 2161 2516 2215; x_wconf 77' lang='grc' dir='ltr'>ἐκεῖνό</span> <span class='ocrx_word' id='word_1_378' title='bbox 2547 2161 2609 2230; x_wconf 82' lang='grc' dir='ltr'>γέ</span> <span class='ocrx_word' id='word_1_379' title='bbox 2647 2162 2795 2214; x_wconf 80' lang='grc' dir='ltr'>ἐστιν</span> <span class='ocrx_word' id='word_1_380' title='bbox 2824 2160 2852 2214; x_wconf 83' lang='grc' dir='ltr'><strong>ὃ</strong></span> <span class='ocrx_word' id='word_1_381' title='bbox 2893 2161 2993 2230; x_wconf 83' lang='grc' dir='ltr'>τὴν</span> <span class='ocrx_word' id='word_1_382' title='bbox 3025 2160 3332 2230; x_wconf 68' lang='grc' dir='ltr'>ἐπιγραφὴν</span> <span class='ocrx_word' id='word_1_383' title='bbox 3364 2161 3648 2229; x_wconf 78' lang='grc' dir='ltr'>’Δγκυρω-</span> 
     </span>
    </p>
   </div>
   <div class='ocr_carea' id='block_1_54' title="bbox 2062 2251 3648 2325">
    <p class='ocr_par' dir='ltr' id='par_1_54' title="bbox 2062 2251 3648 2325">
     <span class='ocr_line' id='line_1_54' title="bbox 2062 2251 3648 2325; baseline -0.001 -20"><span class='ocrx_word' id='word_1_384' title='bbox 2062 2253 2154 2318; x_wconf 78' lang='grc' dir='ltr'>τὸς</span> <span class='ocrx_word' id='word_1_385' title='bbox 2192 2253 2333 2325; x_wconf 75' lang='grc' dir='ltr'>ἔχον.</span> <span class='ocrx_word' id='word_1_386' title='bbox 2360 2253 2707 2323; x_wconf 87' lang='grc' dir='ltr'>Βουλομένων</span> <span class='ocrx_word' id='word_1_387' title='bbox 2745 2271 2804 2306; x_wconf 87' lang='grc' dir='ltr'><strong>τε</strong></span> <span class='ocrx_word' id='word_1_388' title='bbox 2830 2253 3040 2307; x_wconf 84' lang='grc' dir='ltr'>πολλῶν</span> <span class='ocrx_word' id='word_1_389' title='bbox 3064 2252 3417 2324; x_wconf 77' lang='grc' dir='ltr'>λοιδορεῖσθαι</span> <span class='ocrx_word' id='word_1_390' title='bbox 3441 2252 3539 2305; x_wconf 67' lang='grc' dir='ltr'>καὶ</span> <span class='ocrx_word' id='word_1_391' title='bbox 3565 2251 3648 2314; x_wconf 85' lang='grc' dir='ltr'>ὼς</span> 
     </span>
    </p>
   </div>
   <div class='ocr_carea' id='block_1_55' title="bbox 2065 2341 3653 2416">
    <p class='ocr_par' dir='ltr' id='par_1_55' title="bbox 2065 2341 3653 2416">
     <span class='ocr_line' id='line_1_55' title="bbox 2065 2341 3653 2416; baseline -0.003 -17"><span class='ocrx_word' id='word_1_392' title='bbox 2065 2345 2338 2416; x_wconf 73' lang='grc' dir='ltr'>αἱρετικὸν</span> <span class='ocrx_word' id='word_1_393' title='bbox 2381 2344 2688 2399; x_wconf 73' lang='grc' dir='ltr'>διαϐάλλειν</span> <span class='ocrx_word' id='word_1_394' title='bbox 2708 2385 2724 2410; x_wconf 85' lang='grc'><em>,</em></span> <span class='ocrx_word' id='word_1_395' title='bbox 2762 2344 3283 2416; x_wconf 55' lang='grc' dir='ltr'>ὑπερηγωνιζόμεω</span> <span class='ocrx_word' id='word_1_396' title='bbox 3310 2384 3326 2408; x_wconf 85' lang='grc'><em>,</em></span> <span class='ocrx_word' id='word_1_397' title='bbox 3353 2343 3428 2406; x_wconf 83' lang='grc' dir='ltr'>ὡς</span> <span class='ocrx_word' id='word_1_398' title='bbox 3474 2341 3653 2415; x_wconf 67' lang='grc' dir='ltr'>εξκδς,</span> 
     </span>
    </p>
   </div>
   <div class='ocr_carea' id='block_1_56' title="bbox 2067 2429 3657 2506">
    <p class='ocr_par' dir='ltr' id='par_1_56' title="bbox 2067 2429 3657 2506">
     <span class='ocr_line' id='line_1_56' title="bbox 2067 2429 3657 2506; baseline -0.003 -18"><span class='ocrx_word' id='word_1_399' title='bbox 2067 2435 2303 2506; x_wconf 79' lang='grc' dir='ltr'>πατρὸς,</span> <span class='ocrx_word' id='word_1_400' title='bbox 2349 2436 2444 2489; x_wconf 76' lang='grc' dir='ltr'>καὶ</span> <span class='ocrx_word' id='word_1_401' title='bbox 2483 2435 3057 2506; x_wconf 82' lang='grc' dir='ltr'>ύπεραπελογούμεθα.</span> <span class='ocrx_word' id='word_1_402' title='bbox 3104 2434 3313 2489; x_wconf 74' lang='grc' dir='ltr'>Οὔκουν</span> <span class='ocrx_word' id='word_1_403' title='bbox 3369 2434 3538 2505; x_wconf 75' lang='grc' dir='ltr'>ἐχρῆν</span> <span class='ocrx_word' id='word_1_404' title='bbox 3591 2429 3657 2497; x_wconf 78' lang='grc' dir='ltr'><strong>ἐξ</strong></span> 
     </span>
    </p>
   </div>
   <div class='ocr_carea' id='block_1_57' title="bbox 2065 2520 3657 2599">
    <p class='ocr_par' dir='ltr' id='par_1_57' title="bbox 2065 2520 3657 2599">
     <span class='ocr_line' id='line_1_57' title="bbox 2065 2520 3657 2599; baseline -0.003 -19"><span class='ocrx_word' id='word_1_405' title='bbox 2065 2528 2232 2599; x_wconf 79' lang='grc' dir='ltr'>ἀκοῆς</span> <span class='ocrx_word' id='word_1_406' title='bbox 2283 2528 2494 2598; x_wconf 80' lang='grc' dir='ltr'>ἐρήμην</span> <span class='ocrx_word' id='word_1_407' title='bbox 2529 2526 2945 2591; x_wconf 70' lang='grc' dir='ltr'>καταδικάζειν,</span> <span class='ocrx_word' id='word_1_408' title='bbox 2970 2520 3044 2580; x_wconf 80' lang='grc' dir='ltr'>ὧν</span> <span class='ocrx_word' id='word_1_409' title='bbox 3082 2527 3180 2579; x_wconf 68' lang='grc' dir='ltr'>οὐκ</span> <span class='ocrx_word' id='word_1_410' title='bbox 3212 2525 3374 2589; x_wconf 75' lang='grc' dir='ltr'>αὐτὸς</span> <span class='ocrx_word' id='word_1_411' title='bbox 3412 2522 3657 2585; x_wconf 72' lang='grc' dir='ltr'>πεισθεὶς</span> 
     </span>
    </p>
   </div>
   <div class='ocr_carea' id='block_1_58' title="bbox 2067 2611 3656 2690">
    <p class='ocr_par' dir='ltr' id='par_1_58' title="bbox 2067 2611 3656 2690">
     <span class='ocr_line' id='line_1_58' title="bbox 2067 2611 3656 2690; baseline -0.004 -16"><span class='ocrx_word' id='word_1_412' title='bbox 2067 2621 2342 2689; x_wconf 83' lang='grc' dir='ltr'>κατέγνως</span> <span class='ocrx_word' id='word_1_413' title='bbox 2369 2618 2637 2690; x_wconf 74' lang='grc' dir='ltr'><strong>(54),οὖτε</strong></span> <span class='ocrx_word' id='word_1_414' title='bbox 2666 2619 2918 2690; x_wconf 78' lang='grc' dir='ltr'>τοιαύτην</span> <span class='ocrx_word' id='word_1_415' title='bbox 2957 2618 3187 2689; x_wconf 75' lang='grc' dir='ltr'>ἀμοιϐὴν</span> <span class='ocrx_word' id='word_1_416' title='bbox 3225 2619 3336 2680; x_wconf 83' lang='grc' dir='ltr'>τοῖς</span> <span class='ocrx_word' id='word_1_417' title='bbox 3372 2611 3434 2669; x_wconf 80' lang='grc' dir='ltr'>εὖ</span> <span class='ocrx_word' id='word_1_418' title='bbox 3462 2616 3656 2683; x_wconf 70' lang='grc' dir='ltr'>λέγουσ</span> 
     </span>
    </p>
   </div>
   <div class='ocr_carea' id='block_1_59' title="bbox 2070 2706 3660 2780">
    <p class='ocr_par' dir='ltr' id='par_1_59' title="bbox 2070 2706 3660 2780">
     <span class='ocr_line' id='line_1_59' title="bbox 2070 2706 3660 2780; baseline -0.004 -15"><span class='ocrx_word' id='word_1_419' title='bbox 2070 2729 2154 2765; x_wconf 91' lang='grc' dir='ltr'><strong>σιν</strong></span> <span class='ocrx_word' id='word_1_420' title='bbox 2195 2710 2506 2765; x_wconf 77' lang='grc' dir='ltr'>ἀποδοῦναι.</span> <span class='ocrx_word' id='word_1_421' title='bbox 2541 2712 2598 2765; x_wconf 88' lang='lat'><strong>&#39;0</strong></span> <span class='ocrx_word' id='word_1_422' title='bbox 2629 2711 2686 2765; x_wconf 84' lang='grc' dir='ltr'>δὲ</span> <span class='ocrx_word' id='word_1_423' title='bbox 2710 2711 3043 2780; x_wconf 79' lang='grc' dir='ltr'>Ἐπιφάνιος,</span> <span class='ocrx_word' id='word_1_424' title='bbox 3064 2710 3185 2763; x_wconf 84' lang='grc' dir='ltr'>τότε</span> <span class='ocrx_word' id='word_1_425' title='bbox 3221 2709 3319 2779; x_wconf 81' lang='grc' dir='ltr'>μὲν</span> <span class='ocrx_word' id='word_1_426' title='bbox 3357 2706 3660 2779; x_wconf 79' lang='grc' dir='ltr'>μετριώτε-</span> 
     </span>
    </p>
   </div>
   <div class='ocr_carea' id='block_1_60' title="bbox 2072 2792 3660 2874">
    <p class='ocr_par' dir='ltr' id='par_1_60' title="bbox 2072 2792 3660 2874">
     <span class='ocr_line' id='line_1_60' title="bbox 2072 2792 3660 2874; baseline -0.006 -20"><span class='ocrx_word' id='word_1_427' title='bbox 2072 2818 2163 2874; x_wconf 90' lang='grc' dir='ltr'><strong>ρον</strong></span> <span class='ocrx_word' id='word_1_428' title='bbox 2186 2799 2947 2871; x_wconf 73' lang='grc' dir='ltr'>προσδιαλεχθεὶς,ἀπέπεμπε</span> <span class='ocrx_word' id='word_1_429' title='bbox 2974 2800 3099 2860; x_wconf 81' lang='grc' dir='ltr'>τοὺς</span> <span class='ocrx_word' id='word_1_430' title='bbox 3127 2798 3345 2868; x_wconf 78' lang='grc' dir='ltr'>ἄνδρας.</span> <span class='ocrx_word' id='word_1_431' title='bbox 3370 2797 3446 2850; x_wconf 77' lang='grc' dir='ltr'><strong>Οὐ</strong></span> <span class='ocrx_word' id='word_1_432' title='bbox 3473 2792 3660 2867; x_wconf 57' lang='grc' dir='ltr'>πολλῷ</span> 
     </span>
    </p>
   </div>
   <div class='ocr_carea' id='block_1_61' title="bbox 2066 2889 3655 2964">
    <p class='ocr_par' dir='ltr' id='par_1_61' title="bbox 2066 2889 3655 2964">
     <span class='ocr_line' id='line_1_61' title="bbox 2066 2889 3655 2964; baseline -0.004 -17"><span class='ocrx_word' id='word_1_433' title='bbox 2066 2893 2124 2947; x_wconf 78' lang='grc' dir='ltr'>δὲ</span> <span class='ocrx_word' id='word_1_434' title='bbox 2149 2891 2372 2964; x_wconf 77' lang='grc' dir='ltr'>ὕστερον</span> <span class='ocrx_word' id='word_1_435' title='bbox 2403 2892 2741 2947; x_wconf 77' lang='grc' dir='ltr'>ἀπέπλευσεν</span> <span class='ocrx_word' id='word_1_436' title='bbox 2769 2896 2849 2957; x_wconf 85' lang='grc' dir='ltr'><strong>είς</strong></span> <span class='ocrx_word' id='word_1_437' title='bbox 2875 2893 3098 2964; x_wconf 78' lang='grc' dir='ltr'>Κύπρον</span> <span class='ocrx_word' id='word_1_438' title='bbox 3126 2909 3140 2922; x_wconf 92' lang='grc'><strong>·</strong></span> <span class='ocrx_word' id='word_1_439' title='bbox 3165 2891 3199 2962; x_wconf 74' lang='grc' dir='ltr'>ἢ</span> <span class='ocrx_word' id='word_1_440' title='bbox 3230 2891 3326 2961; x_wconf 85' lang='grc' dir='ltr'>τῆς</span> <span class='ocrx_word' id='word_1_441' title='bbox 3356 2889 3450 2943; x_wconf 72' lang='grc' dir='ltr'><strong>ἐπὶ</strong></span> <span class='ocrx_word' id='word_1_442' title='bbox 3495 2891 3655 2942; x_wconf 80' lang='grc' dir='ltr'>Κων-</span> 
     </span>
    </p>
   </div>
   <div class='ocr_carea' id='block_1_62' title="bbox 394 2975 1967 3083">
    <p class='ocr_par' dir='ltr' id='par_1_62' title="bbox 394 2982 1967 3050">
     <span class='ocr_line' id='line_1_62' title="bbox 394 2982 1967 3050; baseline 0.005 -21"><span class='ocrx_word' id='word_1_443' title='bbox 394 2990 497 3045; x_wconf 89' lang='lat' dir='ltr'><strong>par</strong></span> <span class='ocrx_word' id='word_1_444' title='bbox 516 2987 650 3043; x_wconf 89' lang='lat' dir='ltr'><strong>erat,</strong></span> <span class='ocrx_word' id='word_1_445' title='bbox 682 2982 1148 3050; x_wconf 88' lang='lat' dir='ltr'><strong>propuguavimus</strong></span> <span class='ocrx_word' id='word_1_446' title='bbox 1169 2989 1224 3037; x_wconf 88' lang='lat' dir='ltr'><strong>et</strong></span> <span class='ocrx_word' id='word_1_447' title='bbox 1255 2998 1437 3037; x_wconf 72' lang='lat' dir='ltr'><strong>causa:</strong></span> <span class='ocrx_word' id='word_1_448' title='bbox 1463 2991 1568 3036; x_wconf 61' lang='lat' dir='ltr'><strong>tua:</strong></span> <span class='ocrx_word' id='word_1_449' title='bbox 1592 2982 1967 3039; x_wconf 87' lang='lat' dir='ltr'><strong>defensionem</strong></span> 
     </span>
    </p>
   </div>
   <div class='ocr_carea' id='block_1_63' title="bbox 2069 2975 3658 3083">
    <p class='ocr_par' dir='ltr' id='par_1_63' title="bbox 2073 2975 3658 3053">
     <span class='ocr_line' id='line_1_63' title="bbox 2073 2975 3658 3053; baseline -0.004 -16"><span class='ocrx_word' id='word_1_450' title='bbox 2073 2985 2560 3045; x_wconf 86' lang='grc' dir='ltr'>σταντινουπόλεως</span> <span class='ocrx_word' id='word_1_451' title='bbox 2617 2983 2852 3053; x_wconf 64' lang='grc' dir='ltr'>ἀφίξεως</span> <span class='ocrx_word' id='word_1_452' title='bbox 2906 2982 3207 3051; x_wconf 77' lang='grc' dir='ltr'>καταγνούς</span> <span class='ocrx_word' id='word_1_453' title='bbox 3240 2981 3315 3051; x_wconf 72' lang='grc' dir='ltr'><strong>’ἢ</strong></span> <span class='ocrx_word' id='word_1_454' title='bbox 3364 2979 3462 3034; x_wconf 80' lang='grc' dir='ltr'><strong>τοῦ</strong></span> <span class='ocrx_word' id='word_1_455' title='bbox 3518 2975 3658 3032; x_wconf 66' lang='grc' dir='ltr'>Θεοῦ</span> 
     </span>
    </p>
   </div>
   <div class='ocr_carea' id='block_1_64' title="bbox 396 3069 1972 3138">
    <p class='ocr_par' dir='ltr' id='par_1_64' title="bbox 396 3069 1972 3138">
     <span class='ocr_line' id='line_1_64' title="bbox 396 3069 1972 3138; baseline 0.004 -16"><span class='ocrx_word' id='word_1_456' title='bbox 396 3069 768 3138; x_wconf 83' lang='lat' dir='ltr'><strong>suscepimus.</strong></span> <span class='ocrx_word' id='word_1_457' title='bbox 798 3070 1037 3126; x_wconf 89' lang='lat' dir='ltr'><strong>Proinde</strong></span> <span class='ocrx_word' id='word_1_458' title='bbox 1062 3088 1165 3128; x_wconf 92' lang='lat' dir='ltr'><strong>nec</strong></span> <span class='ocrx_word' id='word_1_459' title='bbox 1197 3082 1255 3127; x_wconf 90' lang='lat' dir='ltr'><strong>tu</strong></span> <span class='ocrx_word' id='word_1_460' title='bbox 1284 3088 1351 3128; x_wconf 76' lang='lat' dir='ltr'><strong>ex</strong></span> <span class='ocrx_word' id='word_1_461' title='bbox 1380 3075 1501 3128; x_wconf 90' lang='lat' dir='ltr'><strong>solo</strong></span> <span class='ocrx_word' id='word_1_462' title='bbox 1538 3075 1730 3128; x_wconf 89' lang='lat' dir='ltr'><strong>auditu</strong></span> <span class='ocrx_word' id='word_1_463' title='bbox 1774 3078 1972 3130; x_wconf 88' lang='lat' dir='ltr'><strong>absen-</strong></span> 
     </span>
    </p>
   </div>
   <div class='ocr_carea' id='block_1_65' title="bbox 396 3158 1972 3237">
    <p class='ocr_par' dir='ltr' id='par_1_65' title="bbox 396 3158 1972 3237">
     <span class='ocr_line' id='line_1_65' title="bbox 396 3158 1972 3237; baseline 0.01 -28"><span class='ocrx_word' id='word_1_464' title='bbox 396 3165 480 3213; x_wconf 87' lang='lat' dir='ltr'><strong>tes</strong></span> <span class='ocrx_word' id='word_1_465' title='bbox 525 3158 786 3215; x_wconf 89' lang='lat' dir='ltr'><strong>damnare</strong></span> <span class='ocrx_word' id='word_1_466' title='bbox 837 3161 1099 3227; x_wconf 89' lang='lat' dir='ltr'><strong>debuisti,</strong></span> <span class='ocrx_word' id='word_1_467' title='bbox 1143 3180 1282 3233; x_wconf 90' lang='lat' dir='ltr'><strong>quos</strong></span> <span class='ocrx_word' id='word_1_468' title='bbox 1335 3180 1683 3234; x_wconf 89' lang='lat' dir='ltr'><strong>nequaquam</strong></span> <span class='ocrx_word' id='word_1_469' title='bbox 1740 3177 1799 3219; x_wconf 91' lang='lat' dir='ltr'><strong>tu</strong></span> <span class='ocrx_word' id='word_1_470' title='bbox 1855 3168 1972 3237; x_wconf 90' lang='lat' dir='ltr'><strong>ipse</strong></span> 
     </span>
    </p>
   </div>
   <div class='ocr_carea' id='block_1_66' title="bbox 395 3244 1973 3328">
    <p class='ocr_par' dir='ltr' id='par_1_66' title="bbox 395 3244 1973 3328">
     <span class='ocr_line' id='line_1_66' title="bbox 395 3244 1973 3328; baseline 0.008 -25"><span class='ocrx_word' id='word_1_471' title='bbox 395 3251 564 3306; x_wconf 88' lang='lat' dir='ltr'><strong>certis</strong></span> <span class='ocrx_word' id='word_1_472' title='bbox 603 3254 938 3320; x_wconf 84' lang='lat' dir='ltr'><strong>argumentis</strong></span> <span class='ocrx_word' id='word_1_473' title='bbox 987 3254 1248 3311; x_wconf 81' lang='lat' dir='ltr'><strong>inductus</strong></span> <span class='ocrx_word' id='word_1_474' title='bbox 1302 3258 1661 3323; x_wconf 88' lang='lat' dir='ltr'><strong>conviceras;</strong></span> <span class='ocrx_word' id='word_1_475' title='bbox 1693 3273 1797 3313; x_wconf 89' lang='lat' dir='ltr'><strong>nec</strong></span> <span class='ocrx_word' id='word_1_476' title='bbox 1824 3244 1973 3328; x_wconf 77' lang='lat' dir='ltr'><strong>ejus-</strong></span> 
     </span>
    </p>
   </div>
   <div class='ocr_carea' id='block_1_67' title="bbox 395 3341 1972 3414">
    <p class='ocr_par' dir='ltr' id='par_1_67' title="bbox 395 3341 1972 3414">
     <span class='ocr_line' id='line_1_67' title="bbox 395 3341 1972 3414; baseline 0.008 -20"><span class='ocrx_word' id='word_1_477' title='bbox 395 3341 543 3396; x_wconf 91' lang='lat' dir='ltr'><strong>modi</strong></span> <span class='ocrx_word' id='word_1_478' title='bbox 588 3343 818 3414; x_wconf 78' lang='lat' dir='ltr'><strong>gratiam</strong></span> <span class='ocrx_word' id='word_1_479' title='bbox 870 3343 1078 3401; x_wconf 89' lang='lat' dir='ltr'><strong>referre</strong></span> <span class='ocrx_word' id='word_1_480' title='bbox 1126 3346 1507 3403; x_wconf 86' lang='lat' dir='ltr'><strong>laudatoribus</strong></span> <span class='ocrx_word' id='word_1_481' title='bbox 1544 3347 1675 3403; x_wconf 90' lang='lat' dir='ltr'><strong>tuis.</strong></span> <span class='ocrx_word' id='word_1_482' title='bbox 1719 3348 1972 3406; x_wconf 68' lang='lat' dir='ltr'><strong>Posthatc</strong></span> 
     </span>
    </p>
   </div>
   <div class='ocr_carea' id='block_1_68' title="bbox 395 3432 1973 3509">
    <p class='ocr_par' dir='ltr' id='par_1_68' title="bbox 395 3432 1973 3509">
     <span class='ocr_line' id='line_1_68' title="bbox 395 3432 1973 3509; baseline 0.007 -23"><span class='ocrx_word' id='word_1_483' title='bbox 395 3432 738 3505; x_wconf 85' lang='lat' dir='ltr'><strong>Epiphanius</strong></span> <span class='ocrx_word' id='word_1_484' title='bbox 789 3436 971 3494; x_wconf 90' lang='lat' dir='ltr'><strong>lenius</strong></span> <span class='ocrx_word' id='word_1_485' title='bbox 1011 3454 1109 3494; x_wconf 90' lang='lat' dir='ltr'><strong>eos</strong></span> <span class='ocrx_word' id='word_1_486' title='bbox 1155 3439 1452 3504; x_wconf 87' lang='lat' dir='ltr'><strong>allocutus,</strong></span> <span class='ocrx_word' id='word_1_487' title='bbox 1493 3448 1605 3493; x_wconf 90' lang='lat' dir='ltr'><strong>tum</strong></span> <span class='ocrx_word' id='word_1_488' title='bbox 1656 3440 1877 3509; x_wconf 89' lang='lat' dir='ltr'><strong>quidem</strong></span> <span class='ocrx_word' id='word_1_489' title='bbox 1904 3441 1973 3497; x_wconf 88' lang='lat' dir='ltr'><strong>ab</strong></span> 
     </span>
    </p>
   </div>
   <div class='ocr_carea' id='block_1_69' title="bbox 397 3527 1968 3605">
    <p class='ocr_par' dir='ltr' id='par_1_69' title="bbox 397 3527 1968 3605">
     <span class='ocr_line' id='line_1_69' title="bbox 397 3527 1968 3605; baseline 0.003 -23"><span class='ocrx_word' id='word_1_490' title='bbox 397 3541 458 3582; x_wconf 88' lang='lat' dir='ltr'><strong>se</strong></span> <span class='ocrx_word' id='word_1_491' title='bbox 488 3527 715 3583; x_wconf 89' lang='lat' dir='ltr'><strong>dimisit.</strong></span> <span class='ocrx_word' id='word_1_492' title='bbox 749 3529 903 3584; x_wconf 86' lang='lat' dir='ltr'><strong>Brevi</strong></span> <span class='ocrx_word' id='word_1_493' title='bbox 931 3540 1112 3585; x_wconf 88' lang='lat' dir='ltr'><strong>autem</strong></span> <span class='ocrx_word' id='word_1_494' title='bbox 1138 3531 1427 3601; x_wconf 72' lang='lat' dir='ltr'><strong>interiecto</strong></span> <span class='ocrx_word' id='word_1_495' title='bbox 1444 3538 1707 3601; x_wconf 88' lang='lat' dir='ltr'><strong>tempore,</strong></span> <span class='ocrx_word' id='word_1_496' title='bbox 1731 3532 1968 3605; x_wconf 81' lang='lat' dir='ltr'><strong>Cyprum</strong></span> 
     </span>
    </p>
   </div>
   <div class='ocr_carea' id='block_1_70' title="bbox 395 3617 1970 3694">
    <p class='ocr_par' dir='ltr' id='par_1_70' title="bbox 395 3617 1970 3694">
     <span class='ocr_line' id='line_1_70' title="bbox 395 3617 1970 3694; baseline 0.005 -24"><span class='ocrx_word' id='word_1_497' title='bbox 395 3617 677 3688; x_wconf 81' lang='lat' dir='ltr'><strong>navigavit</strong></span> <span class='ocrx_word' id='word_1_498' title='bbox 714 3637 727 3672; x_wconf 90' lang='lat'><strong>:</strong></span> <span class='ocrx_word' id='word_1_499' title='bbox 761 3636 857 3677; x_wconf 88' lang='lat' dir='ltr'><strong>seu</strong></span> <span class='ocrx_word' id='word_1_500' title='bbox 912 3621 1062 3691; x_wconf 89' lang='lat' dir='ltr'><strong>quod</strong></span> <span class='ocrx_word' id='word_1_501' title='bbox 1112 3622 1737 3692; x_wconf 78' lang='lat' dir='ltr'><strong>Constantinopolitana:</strong></span> <span class='ocrx_word' id='word_1_502' title='bbox 1791 3623 1970 3694; x_wconf 52' lang='lat' dir='ltr'><strong>profe.</strong></span> 
     </span>
    </p>
   </div>
   <div class='ocr_carea' id='block_1_71' title="bbox 394 3707 1970 3783">
    <p class='ocr_par' dir='ltr' id='par_1_71' title="bbox 394 3707 1970 3783">
     <span class='ocr_line' id='line_1_71' title="bbox 394 3707 1970 3783; baseline 0.006 -22"><span class='ocrx_word' id='word_1_503' title='bbox 394 3707 597 3764; x_wconf 89' lang='lat' dir='ltr'><strong>ctionis</strong></span> <span class='ocrx_word' id='word_1_504' title='bbox 639 3709 815 3778; x_wconf 78' lang='lat' dir='ltr'><strong>ipsum</strong></span> <span class='ocrx_word' id='word_1_505' title='bbox 853 3715 1319 3781; x_wconf 76' lang='lat' dir='ltr'><strong>pteuiteret;~seu</strong></span> <span class='ocrx_word' id='word_1_506' title='bbox 1359 3714 1506 3783; x_wconf 90' lang='lat' dir='ltr'><strong>quod</strong></span> <span class='ocrx_word' id='word_1_507' title='bbox 1554 3713 1698 3769; x_wconf 88' lang='lat' dir='ltr'><strong>Deus</strong></span> <span class='ocrx_word' id='word_1_508' title='bbox 1744 3716 1970 3771; x_wconf 89' lang='lat' dir='ltr'><strong>oraculo</strong></span> 
     </span>
    </p>
   </div>
   <div class='ocr_carea' id='block_1_72' title="bbox 396 3797 1977 3874">
    <p class='ocr_par' dir='ltr' id='par_1_72' title="bbox 396 3797 1977 3874">
     <span class='ocr_line' id='line_1_72' title="bbox 396 3797 1977 3874; baseline 0.004 -22"><span class='ocrx_word' id='word_1_509' title='bbox 396 3797 575 3867; x_wconf 90' lang='lat' dir='ltr'><strong>ipsum</strong></span> <span class='ocrx_word' id='word_1_510' title='bbox 622 3800 1017 3864; x_wconf 88' lang='lat' dir='ltr'><strong>admonuisset,</strong></span> <span class='ocrx_word' id='word_1_511' title='bbox 1062 3811 1403 3874; x_wconf 88' lang='lat' dir='ltr'><strong>mortemque</strong></span> <span class='ocrx_word' id='word_1_512' title='bbox 1443 3802 1545 3872; x_wconf 88' lang='lat' dir='ltr'><strong>ipsi</strong></span> <span class='ocrx_word' id='word_1_513' title='bbox 1581 3817 1760 3867; x_wconf 91' lang='lat' dir='ltr'><strong>suam,</strong></span> <span class='ocrx_word' id='word_1_514' title='bbox 1796 3812 1854 3858; x_wconf 94' lang='lat' dir='ltr'><strong>ut</strong></span> <span class='ocrx_word' id='word_1_515' title='bbox 1884 3820 1977 3859; x_wconf 86' lang='lat' dir='ltr'><strong>ve-</strong></span> 
     </span>
    </p>
   </div>
   <div class='ocr_carea' id='block_1_73' title="bbox 395 3890 1972 3964">
    <p class='ocr_par' dir='ltr' id='par_1_73' title="bbox 395 3890 1972 3964">
     <span class='ocr_line' id='line_1_73' title="bbox 395 3890 1972 3964; baseline 0.004 -22"><span class='ocrx_word' id='word_1_516' title='bbox 395 3890 624 3945; x_wconf 88' lang='lat' dir='ltr'><strong>risimile</strong></span> <span class='ocrx_word' id='word_1_517' title='bbox 652 3899 755 3960; x_wconf 90' lang='lat' dir='ltr'><strong>est,</strong></span> <span class='ocrx_word' id='word_1_518' title='bbox 780 3895 1201 3964; x_wconf 85' lang='lat' dir='ltr'><strong>praenuntiasset</strong></span> <span class='ocrx_word' id='word_1_519' title='bbox 1232 3896 1272 3951; x_wconf 78' lang='grc'>⁸.</span> <span class='ocrx_word' id='word_1_520' title='bbox 1304 3894 1440 3948; x_wconf 89' lang='lat' dir='ltr'><strong>Dum</strong></span> <span class='ocrx_word' id='word_1_521' title='bbox 1490 3894 1632 3948; x_wconf 90' lang='lat' dir='ltr'><strong>enim</strong></span> <span class='ocrx_word' id='word_1_522' title='bbox 1670 3894 1972 3964; x_wconf 77' lang='lat' dir='ltr'><strong>navigaret,</strong></span> 
     </span>
    </p>
   </div>
   <div class='ocr_carea' id='block_1_74' title="bbox 399 3983 1975 4059">
    <p class='ocr_par' dir='ltr' id='par_1_74' title="bbox 399 3983 1975 4059">
     <span class='ocr_line' id='line_1_74' title="bbox 399 3983 1975 4059; baseline 0.001 -22"><span class='ocrx_word' id='word_1_523' title='bbox 399 3983 718 4054; x_wconf 88' lang='lat' dir='ltr'><strong>priusquam</strong></span> <span class='ocrx_word' id='word_1_524' title='bbox 751 3987 1055 4056; x_wconf 88' lang='lat' dir='ltr'><strong>appulisset</strong></span> <span class='ocrx_word' id='word_1_525' title='bbox 1087 3988 1140 4041; x_wconf 89' lang='lat' dir='ltr'><strong>in</strong></span> <span class='ocrx_word' id='word_1_526' title='bbox 1171 3988 1428 4059; x_wconf 81' lang='lat' dir='ltr'><strong>Cyprum,</strong></span> <span class='ocrx_word' id='word_1_527' title='bbox 1458 3984 1570 4040; x_wconf 87' lang='lat' dir='ltr'><strong>fato</strong></span> <span class='ocrx_word' id='word_1_528' title='bbox 1612 3984 1775 4056; x_wconf 67' lang='lat'><strong>346</strong></span> <span class='ocrx_word' id='word_1_529' title='bbox 1802 3986 1975 4040; x_wconf 90' lang='lat' dir='ltr'><strong>inter-</strong></span> 
     </span>
    </p>
   </div>
   <div class='ocr_carea' id='block_1_75' title="bbox 398 4081 1972 4145">
    <p class='ocr_par' dir='ltr' id='par_1_75' title="bbox 398 4081 1972 4145">
     <span class='ocr_line' id='line_1_75' title="bbox 398 4081 1972 4145; baseline 0.003 -16"><span class='ocrx_word' id='word_1_530' title='bbox 398 4084 588 4145; x_wconf 90' lang='lat' dir='ltr'><strong>ceptus</strong></span> <span class='ocrx_word' id='word_1_531' title='bbox 644 4088 749 4133; x_wconf 89' lang='lat' dir='ltr'><strong>est.</strong></span> <span class='ocrx_word' id='word_1_532' title='bbox 805 4081 1075 4135; x_wconf 62' lang='lat' dir='ltr'><strong>Caeterum</strong></span> <span class='ocrx_word' id='word_1_533' title='bbox 1128 4095 1254 4135; x_wconf 90' lang='lat' dir='ltr'><strong>cum</strong></span> <span class='ocrx_word' id='word_1_534' title='bbox 1312 4094 1506 4133; x_wconf 90' lang='lat' dir='ltr'><strong>navem</strong></span> <span class='ocrx_word' id='word_1_535' title='bbox 1562 4092 1972 4133; x_wconf 90' lang='lat' dir='ltr'><strong>conscensurus</strong></span> 
     </span>
    </p>
   </div>
   <div class='ocr_carea' id='block_1_76' title="bbox 2072 3070 3659 3146">
    <p class='ocr_par' dir='ltr' id='par_1_76' title="bbox 2072 3070 3659 3146">
     <span class='ocr_line' id='line_1_76' title="bbox 2072 3070 3659 3146; baseline -0.005 -15"><span class='ocrx_word' id='word_1_536' title='bbox 2072 3077 2374 3146; x_wconf 82' lang='grc' dir='ltr'>χρήσαντος</span> <span class='ocrx_word' id='word_1_537' title='bbox 2399 3116 2413 3141; x_wconf 89' lang='grc'><em>,</em></span> <span class='ocrx_word' id='word_1_538' title='bbox 2446 3076 2540 3130; x_wconf 75' lang='grc' dir='ltr'>καὶ</span> <span class='ocrx_word' id='word_1_539' title='bbox 2583 3076 2674 3129; x_wconf 80' lang='grc' dir='ltr'>τὸν</span> <span class='ocrx_word' id='word_1_540' title='bbox 2704 3074 2866 3129; x_wconf 79' lang='grc' dir='ltr'>αὐτοῦ</span> <span class='ocrx_word' id='word_1_541' title='bbox 2900 3074 3126 3128; x_wconf 82' lang='grc' dir='ltr'>θάνατον</span> <span class='ocrx_word' id='word_1_542' title='bbox 3147 3115 3161 3139; x_wconf 87' lang='grc'>,</span> <span class='ocrx_word' id='word_1_543' title='bbox 3192 3074 3267 3137; x_wconf 84' lang='grc' dir='ltr'>ὡς</span> <span class='ocrx_word' id='word_1_544' title='bbox 3311 3073 3477 3137; x_wconf 80' lang='grc' dir='ltr'>είκὸς,</span> <span class='ocrx_word' id='word_1_545' title='bbox 3506 3070 3659 3140; x_wconf 78' lang='grc' dir='ltr'>αὐτῷ</span> 
     </span>
    </p>
   </div>
   <div class='ocr_carea' id='block_1_77' title="bbox 2072 3163 3658 3239">
    <p class='ocr_par' dir='ltr' id='par_1_77' title="bbox 2072 3163 3658 3239">
     <span class='ocr_line' id='line_1_77' title="bbox 2072 3163 3658 3239; baseline -0.004 -19"><span class='ocrx_word' id='word_1_546' title='bbox 2072 3168 2538 3238; x_wconf 81' lang='grc' dir='ltr'>προμηνύσαντος.</span> <span class='ocrx_word' id='word_1_547' title='bbox 2581 3168 2766 3220; x_wconf 82' lang='grc' dir='ltr'>Πλὲων</span> <span class='ocrx_word' id='word_1_548' title='bbox 2797 3166 2925 3239; x_wconf 80' lang='grc' dir='ltr'>γὰρ,</span> <span class='ocrx_word' id='word_1_549' title='bbox 2966 3167 3095 3239; x_wconf 70' lang='grc' dir='ltr'>πρὶν</span> <span class='ocrx_word' id='word_1_550' title='bbox 3124 3169 3203 3230; x_wconf 87' lang='grc' dir='ltr'><strong>εἰς</strong></span> <span class='ocrx_word' id='word_1_551' title='bbox 3232 3165 3460 3236; x_wconf 78' lang='grc' dir='ltr'>Κύπρον</span> <span class='ocrx_word' id='word_1_552' title='bbox 3479 3163 3658 3215; x_wconf 78' lang='grc' dir='ltr'>ἐλθεῖν</span> 
     </span>
    </p>
   </div>
   <div class='ocr_carea' id='block_1_78' title="bbox 2071 3252 3659 3327">
    <p class='ocr_par' dir='ltr' id='par_1_78' title="bbox 2071 3252 3659 3327">
     <span class='ocr_line' id='line_1_78' title="bbox 2071 3252 3659 3327; baseline -0.004 -18"><span class='ocrx_word' id='word_1_553' title='bbox 2071 3256 2406 3327; x_wconf 80' lang='grc' dir='ltr'>ἐτελεύτησε.</span> <span class='ocrx_word' id='word_1_554' title='bbox 2442 3258 2674 3325; x_wconf 77' lang='grc' dir='ltr'>Λέγεται</span> <span class='ocrx_word' id='word_1_555' title='bbox 2706 3257 2834 3325; x_wconf 77' lang='grc' dir='ltr'>γοῦν</span> <span class='ocrx_word' id='word_1_556' title='bbox 2858 3258 2972 3320; x_wconf 86' lang='grc' dir='ltr'>τοῖς</span> <span class='ocrx_word' id='word_1_557' title='bbox 3000 3255 3147 3326; x_wconf 76' lang='grc' dir='ltr'>αὐτῷ</span> <span class='ocrx_word' id='word_1_558' title='bbox 3176 3253 3518 3307; x_wconf 83' lang='grc' dir='ltr'>συνελθοῦσιν</span> <span class='ocrx_word' id='word_1_559' title='bbox 3543 3252 3659 3303; x_wconf 78' lang='grc' dir='ltr'>ἐπι-</span> 
     </span>
    </p>
   </div>
   <div class='ocr_carea' id='block_1_79' title="bbox 2074 3340 3658 3419">
    <p class='ocr_par' dir='ltr' id='par_1_79' title="bbox 2074 3340 3658 3419">
     <span class='ocr_line' id='line_1_79' title="bbox 2074 3340 3658 3419; baseline -0.003 -19"><span class='ocrx_word' id='word_1_560' title='bbox 2074 3349 2296 3411; x_wconf 82' lang='grc' dir='ltr'>σκόποις</span> <span class='ocrx_word' id='word_1_561' title='bbox 2334 3348 2424 3401; x_wconf 76' lang='grc' dir='ltr'><strong>ἐπὶ</strong></span> <span class='ocrx_word' id='word_1_562' title='bbox 2457 3348 2731 3403; x_wconf 86' lang='grc' dir='ltr'>θάλασσαν</span> <span class='ocrx_word' id='word_1_563' title='bbox 2762 3350 2935 3402; x_wconf 75' lang='grc' dir='ltr'>εἰπεῖν</span> <span class='ocrx_word' id='word_1_564' title='bbox 2956 3389 2969 3409; x_wconf 85' lang='grc'>,</span> <span class='ocrx_word' id='word_1_565' title='bbox 3008 3347 3215 3419; x_wconf 77' lang='grc' dir='ltr'>μέλλων</span> <span class='ocrx_word' id='word_1_566' title='bbox 3239 3344 3538 3399; x_wconf 78' lang='grc' dir='ltr'>ἐπιϐαίνειν</span> <span class='ocrx_word' id='word_1_567' title='bbox 3558 3340 3658 3395; x_wconf 71' lang='grc' dir='ltr'>τοῦ</span> 
     </span>
    </p>
   </div>
   <div class='ocr_carea' id='block_1_80' title="bbox 2074 3432 3657 3510">
    <p class='ocr_par' dir='ltr' id='par_1_80' title="bbox 2074 3432 3657 3510">
     <span class='ocr_line' id='line_1_80' title="bbox 2074 3432 3657 3510; baseline -0.004 -18"><span class='ocrx_word' id='word_1_568' title='bbox 2074 3437 2313 3507; x_wconf 72' lang='grc' dir='ltr'>σκάφους</span> <span class='ocrx_word' id='word_1_569' title='bbox 2331 3455 2343 3469; x_wconf 90' lang='grc'><strong>·</strong></span> <span class='ocrx_word' id='word_1_570' title='bbox 2372 3438 2598 3510; x_wconf 82' lang='grc' dir='ltr'>’Δφίημι</span> <span class='ocrx_word' id='word_1_571' title='bbox 2624 3439 2750 3509; x_wconf 84' lang='grc' dir='ltr'>ὑμῖν</span> <span class='ocrx_word' id='word_1_572' title='bbox 2780 3439 2878 3508; x_wconf 81' lang='grc' dir='ltr'>τὴν</span> <span class='ocrx_word' id='word_1_573' title='bbox 2902 3436 3052 3490; x_wconf 84' lang='grc' dir='ltr'>πόλιν</span> <span class='ocrx_word' id='word_1_574' title='bbox 3070 3436 3164 3490; x_wconf 65' lang='grc' dir='ltr'>καὶ</span> <span class='ocrx_word' id='word_1_575' title='bbox 3185 3437 3253 3491; x_wconf 77' lang='grc' dir='ltr'><strong>τὰ</strong></span> <span class='ocrx_word' id='word_1_576' title='bbox 3278 3435 3544 3504; x_wconf 77' lang='grc' dir='ltr'>βασίλεια,</span> <span class='ocrx_word' id='word_1_577' title='bbox 3561 3432 3657 3486; x_wconf 77' lang='grc' dir='ltr'><strong>καί</strong></span> 
     </span>
    </p>
   </div>
   <div class='ocr_carea' id='block_1_81' title="bbox 2071 3524 3655 3600">
    <p class='ocr_par' dir='ltr' id='par_1_81' title="bbox 2071 3524 3655 3600">
     <span class='ocr_line' id='line_1_81' title="bbox 2071 3524 3655 3600; baseline -0.003 -20"><span class='ocrx_word' id='word_1_578' title='bbox 2071 3527 2171 3598; x_wconf 81' lang='grc' dir='ltr'>τὴν</span> <span class='ocrx_word' id='word_1_579' title='bbox 2202 3530 2508 3600; x_wconf 82' lang='grc' dir='ltr'>ὑπόκρισιν.</span> <span class='ocrx_word' id='word_1_580' title='bbox 2556 3528 2696 3596; x_wconf 84' lang='grc' dir='ltr'><strong>Ἐγὼ</strong></span> <span class='ocrx_word' id='word_1_581' title='bbox 2729 3529 2786 3581; x_wconf 81' lang='grc' dir='ltr'>δὲ</span> <span class='ocrx_word' id='word_1_582' title='bbox 2836 3530 3067 3597; x_wconf 75' lang='grc' dir='ltr'>ἄπειμι·</span> <span class='ocrx_word' id='word_1_583' title='bbox 3096 3526 3311 3580; x_wconf 80' lang='grc' dir='ltr'>σπεύδω</span> <span class='ocrx_word' id='word_1_584' title='bbox 3349 3527 3475 3596; x_wconf 78' lang='grc' dir='ltr'>γὰρ,</span> <span class='ocrx_word' id='word_1_585' title='bbox 3511 3524 3655 3577; x_wconf 81' lang='grc' dir='ltr'><strong>πάνυ</strong></span> 
     </span>
    </p>
   </div>
   <div class='ocr_carea' id='block_1_82' title="bbox 2076 3615 3655 3675">
    <p class='ocr_par' dir='ltr' id='par_1_82' title="bbox 2076 3615 3655 3675">
     <span class='ocr_line' id='line_1_82' title="bbox 2076 3615 3655 3675; baseline -0.003 -4"><span class='ocrx_word' id='word_1_586' title='bbox 2076 3619 2308 3675; x_wconf 86' lang='grc' dir='ltr'>σπεύδω.</span> <span class='ocrx_word' id='word_1_587' title='bbox 2340 3621 2602 3673; x_wconf 85' lang='grc' dir='ltr'>Κάκεῖνον</span> <span class='ocrx_word' id='word_1_588' title='bbox 2628 3619 2683 3672; x_wconf 81' lang='grc' dir='ltr'>δὲ</span> <span class='ocrx_word' id='word_1_589' title='bbox 2721 3619 2886 3672; x_wconf 83' lang='grc' dir='ltr'>είσέτι</span> <span class='ocrx_word' id='word_1_590' title='bbox 2916 3618 3012 3673; x_wconf 83' lang='grc' dir='ltr'>νῦν</span> <span class='ocrx_word' id='word_1_591' title='bbox 3059 3617 3268 3671; x_wconf 81' lang='grc' dir='ltr'>πολλῶν</span> <span class='ocrx_word' id='word_1_592' title='bbox 3294 3618 3423 3669; x_wconf 74' lang='grc' dir='ltr'>ὄντα</span> <span class='ocrx_word' id='word_1_593' title='bbox 3452 3616 3544 3669; x_wconf 83' lang='grc' dir='ltr'>τὸν</span> <span class='ocrx_word' id='word_1_594' title='bbox 3567 3615 3655 3667; x_wconf 76' lang='grc' dir='ltr'><strong>λό-</strong></span> 
     </span>
    </p>
   </div>
   <div class='ocr_carea' id='block_1_83' title="bbox 2079 3706 3654 3780">
    <p class='ocr_par' dir='ltr' id='par_1_83' title="bbox 2079 3706 3654 3780">
     <span class='ocr_line' id='line_1_83' title="bbox 2079 3706 3654 3780; baseline -0.004 -17"><span class='ocrx_word' id='word_1_595' title='bbox 2079 3727 2174 3779; x_wconf 89' lang='grc' dir='ltr'><strong>γον</strong></span> <span class='ocrx_word' id='word_1_596' title='bbox 2207 3710 2486 3780; x_wconf 73' lang='grc' dir='ltr'>ἐπυθόμην</span> <span class='ocrx_word' id='word_1_597' title='bbox 2509 3749 2524 3774; x_wconf 88' lang='grc'><em>,</em></span> <span class='ocrx_word' id='word_1_598' title='bbox 2557 3711 2633 3773; x_wconf 87' lang='grc' dir='ltr'>ὡς</span> <span class='ocrx_word' id='word_1_599' title='bbox 2676 3709 2972 3780; x_wconf 75' lang='grc' dir='ltr'>Ἐπιφανίῳ</span> <span class='ocrx_word' id='word_1_600' title='bbox 3018 3709 3116 3779; x_wconf 76' lang='grc' dir='ltr'>μὲν</span> <span class='ocrx_word' id='word_1_601' title='bbox 3152 3707 3402 3775; x_wconf 84' lang='grc' dir='ltr'>Ἰωάννης</span> <span class='ocrx_word' id='word_1_602' title='bbox 3449 3707 3551 3774; x_wconf 83' lang='grc' dir='ltr'>τὴν</span> <span class='ocrx_word' id='word_1_603' title='bbox 3593 3706 3654 3758; x_wconf 74' lang='grc' dir='ltr'>ἐν</span> 
     </span>
    </p>
   </div>
   <div class='ocr_carea' id='block_1_84' title="bbox 2078 3795 3652 3872">
    <p class='ocr_par' dir='ltr' id='par_1_84' title="bbox 2078 3795 3652 3872">
     <span class='ocr_line' id='line_1_84' title="bbox 2078 3795 3652 3872; baseline -0.004 -19"><span class='ocrx_word' id='word_1_604' title='bbox 2078 3803 2143 3872; x_wconf 87' lang='grc' dir='ltr'>τῇ</span> <span class='ocrx_word' id='word_1_605' title='bbox 2178 3799 2415 3871; x_wconf 84' lang='grc' dir='ltr'>θαλάσσῃ</span> <span class='ocrx_word' id='word_1_606' title='bbox 2442 3799 2698 3869; x_wconf 82' lang='grc' dir='ltr'>τελευτὴν</span> <span class='ocrx_word' id='word_1_607' title='bbox 2726 3799 3104 3870; x_wconf 84' lang='grc' dir='ltr'>προεμήνυσεν</span> <span class='ocrx_word' id='word_1_608' title='bbox 3123 3814 3138 3828; x_wconf 90' lang='grc'><strong>·</strong></span> <span class='ocrx_word' id='word_1_609' title='bbox 3159 3800 3186 3850; x_wconf 78' lang='grc' dir='ltr'>ὁ</span> <span class='ocrx_word' id='word_1_610' title='bbox 3210 3797 3265 3849; x_wconf 86' lang='grc' dir='ltr'>δὲ</span> <span class='ocrx_word' id='word_1_611' title='bbox 3281 3835 3296 3859; x_wconf 88' lang='grc'><em>,</em></span> <span class='ocrx_word' id='word_1_612' title='bbox 3322 3795 3534 3865; x_wconf 74' lang='grc' dir='ltr'>ἐκείνῳ,</span> <span class='ocrx_word' id='word_1_613' title='bbox 3552 3795 3652 3864; x_wconf 85' lang='grc' dir='ltr'>τῆς</span> 
     </span>
    </p>
   </div>
   <div class='ocr_carea' id='block_1_85' title="bbox 2077 3881 3652 3963">
    <p class='ocr_par' dir='ltr' id='par_1_85' title="bbox 2077 3881 3652 3963">
     <span class='ocr_line' id='line_1_85' title="bbox 2077 3881 3652 3963; baseline -0.004 -18"><span class='ocrx_word' id='word_1_614' title='bbox 2077 3892 2383 3962; x_wconf 75' lang='grc' dir='ltr'>ἐπισκοπῆς</span> <span class='ocrx_word' id='word_1_615' title='bbox 2411 3891 2509 3963; x_wconf 77' lang='grc' dir='ltr'>τὴν</span> <span class='ocrx_word' id='word_1_616' title='bbox 2550 3890 2887 3962; x_wconf 88' lang='grc' dir='ltr'>καθαίρεσιν.</span> <span class='ocrx_word' id='word_1_617' title='bbox 2923 3890 3011 3943; x_wconf 88' lang='grc' dir='ltr'><strong>Ἐν</strong></span> <span class='ocrx_word' id='word_1_618' title='bbox 3043 3881 3087 3952; x_wconf 78' lang='grc' dir='ltr'>ᾧ</span> <span class='ocrx_word' id='word_1_619' title='bbox 3131 3889 3240 3960; x_wconf 85' lang='grc' dir='ltr'>γὰρ</span> <span class='ocrx_word' id='word_1_620' title='bbox 3270 3888 3597 3957; x_wconf 79' lang='grc' dir='ltr'>διεφέροντο,</span> <span class='ocrx_word' id='word_1_621' title='bbox 3622 3887 3652 3939; x_wconf 79' lang='grc' dir='ltr'>ὁ</span> 
     </span>
    </p>
   </div>
   <div class='ocr_carea' id='block_1_86' title="bbox 2081 3978 3647 4057">
    <p class='ocr_par' dir='ltr' id='par_1_86' title="bbox 2081 3978 3647 4057">
     <span class='ocr_line' id='line_1_86' title="bbox 2081 3978 3647 4057; baseline -0.004 -20"><span class='ocrx_word' id='word_1_622' title='bbox 2081 3984 2177 4055; x_wconf 79' lang='grc' dir='ltr'>μὲν</span> <span class='ocrx_word' id='word_1_623' title='bbox 2206 3984 2469 4056; x_wconf 78' lang='grc' dir='ltr'>ἐδήλωσεν</span> <span class='ocrx_word' id='word_1_624' title='bbox 2499 3984 2715 4057; x_wconf 81' lang='grc' dir='ltr'>Ἰωάννῃ</span> <span class='ocrx_word' id='word_1_625' title='bbox 2738 4000 2749 4014; x_wconf 90' lang='grc'><strong>·</strong></span> <span class='ocrx_word' id='word_1_626' title='bbox 2778 3978 3012 4046; x_wconf 77' lang='grc' dir='ltr'>Ἐλπίζω</span> <span class='ocrx_word' id='word_1_627' title='bbox 3031 3980 3087 4035; x_wconf 82' lang='grc' dir='ltr'>σὲ</span> <span class='ocrx_word' id='word_1_628' title='bbox 3123 3980 3196 4051; x_wconf 81' lang='grc' dir='ltr'>μὴ</span> <span class='ocrx_word' id='word_1_629' title='bbox 3225 3979 3513 4033; x_wconf 72' lang='grc' dir='ltr'>ἀποθανεῖν</span> <span class='ocrx_word' id='word_1_630' title='bbox 3532 3978 3647 4032; x_wconf 75' lang='grc' dir='ltr'>επί-</span> 
     </span>
    </p>
   </div>
   <div class='ocr_carea' id='block_1_87' title="bbox 2079 4068 3649 4147">
    <p class='ocr_par' dir='ltr' id='par_1_87' title="bbox 2079 4068 3649 4147">
     <span class='ocr_line' id='line_1_87' title="bbox 2079 4068 3649 4147; baseline -0.005 -18"><span class='ocrx_word' id='word_1_631' title='bbox 2079 4094 2297 4130; x_wconf 88' lang='grc' dir='ltr'>σκοπον.</span> <span class='ocrx_word' id='word_1_632' title='bbox 2325 4077 2383 4130; x_wconf 86' lang='grc' dir='ltr'><strong>Ὀ</strong></span> <span class='ocrx_word' id='word_1_633' title='bbox 2411 4077 2469 4129; x_wconf 82' lang='grc' dir='ltr'>δὲ</span> <span class='ocrx_word' id='word_1_634' title='bbox 2511 4076 2761 4147; x_wconf 70' lang='grc' dir='ltr'>Ἰωάννης</span> <span class='ocrx_word' id='word_1_635' title='bbox 2786 4074 3072 4146; x_wconf 78' lang='grc' dir='ltr'>ἀντεδήλου</span> <span class='ocrx_word' id='word_1_636' title='bbox 3102 4090 3116 4104; x_wconf 80' lang='grc'><em>’</em></span> <span class='ocrx_word' id='word_1_637' title='bbox 3146 4072 3279 4125; x_wconf 74' lang='grc' dir='ltr'><strong>Οὐδὲ</strong></span> <span class='ocrx_word' id='word_1_638' title='bbox 3303 4070 3413 4140; x_wconf 82' lang='grc' dir='ltr'><strong>ἐγὼ</strong></span> <span class='ocrx_word' id='word_1_639' title='bbox 3450 4070 3510 4123; x_wconf 78' lang='grc' dir='ltr'>σὲ</span> <span class='ocrx_word' id='word_1_640' title='bbox 3548 4068 3649 4138; x_wconf 80' lang='grc' dir='ltr'>τῆς</span> 
     </span>
    </p>
   </div>
   <div class='ocr_carea' id='block_1_88' title="bbox 394 4162 1967 4241">
    <p class='ocr_par' dir='ltr' id='par_1_88' title="bbox 394 4167 1967 4240">
     <span class='ocr_line' id='line_1_88' title="bbox 394 4167 1967 4240; baseline 0.002 -21"><span class='ocrx_word' id='word_1_641' title='bbox 394 4174 561 4231; x_wconf 85' lang='lat' dir='ltr'><strong>esset,</strong></span> <span class='ocrx_word' id='word_1_642' title='bbox 591 4169 867 4238; x_wconf 87' lang='lat' dir='ltr'><strong>episcopis</strong></span> <span class='ocrx_word' id='word_1_643' title='bbox 905 4171 999 4240; x_wconf 90' lang='lat' dir='ltr'><strong>qui</strong></span> <span class='ocrx_word' id='word_1_644' title='bbox 1046 4171 1226 4240; x_wconf 90' lang='lat' dir='ltr'><strong>ipsum</strong></span> <span class='ocrx_word' id='word_1_645' title='bbox 1257 4167 1323 4222; x_wconf 90' lang='lat' dir='ltr'><strong>ad</strong></span> <span class='ocrx_word' id='word_1_646' title='bbox 1367 4169 1519 4222; x_wconf 84' lang='lat' dir='ltr'><strong>littus</strong></span> <span class='ocrx_word' id='word_1_647' title='bbox 1565 4180 1740 4236; x_wconf 87' lang='lat' dir='ltr'><strong>usque</strong></span> <span class='ocrx_word' id='word_1_648' title='bbox 1777 4181 1967 4236; x_wconf 90' lang='lat' dir='ltr'><strong>prose-</strong></span> 
     </span>
    </p>
   </div>
   <div class='ocr_carea' id='block_1_89' title="bbox 2069 4162 2807 4241">
    <p class='ocr_par' dir='ltr' id='par_1_89' title="bbox 2072 4167 2807 4241">
     <span class='ocr_line' id='line_1_89' title="bbox 2072 4167 2807 4241; baseline 0.001 -21"><span class='ocrx_word' id='word_1_649' title='bbox 2072 4167 2174 4237; x_wconf 86' lang='grc' dir='ltr'>σῆς</span> <span class='ocrx_word' id='word_1_650' title='bbox 2200 4167 2556 4241; x_wconf 76' lang='grc' dir='ltr'>ἐπιϐήσεσθαι</span> <span class='ocrx_word' id='word_1_651' title='bbox 2580 4168 2807 4232; x_wconf 85' lang='grc' dir='ltr'>πόλεως.</span> 
     </span>
    </p>
   </div>
   <div class='ocr_carea' id='block_1_90' title="bbox 395 4256 3648 4336">
    <p class='ocr_par' dir='ltr' id='par_1_90' title="bbox 395 4256 3648 4336">
     <span class='ocr_line' id='line_1_90' title="bbox 395 4256 3648 4336; baseline -0 -24"><span class='ocrx_word' id='word_1_652' title='bbox 395 4259 506 4313; x_wconf 91' lang='lat' dir='ltr'><strong>cuti</strong></span> <span class='ocrx_word' id='word_1_653' title='bbox 546 4259 787 4326; x_wconf 88' lang='lat' dir='ltr'><strong>fuerant,</strong></span> <span class='ocrx_word' id='word_1_654' title='bbox 825 4265 1031 4319; x_wconf 84' lang='lat' dir='ltr'><strong>dixisse</strong></span> <span class='ocrx_word' id='word_1_655' title='bbox 1063 4264 1236 4320; x_wconf 80' lang='lat' dir='ltr'><strong>fertur</strong></span> <span class='ocrx_word' id='word_1_656' title='bbox 1269 4282 1280 4318; x_wconf 92' lang='lat'><strong>:</strong></span> <span class='ocrx_word' id='word_1_657' title='bbox 1315 4262 1516 4317; x_wconf 89' lang='lat' dir='ltr'><strong>Urbem</strong></span> <span class='ocrx_word' id='word_1_658' title='bbox 1546 4263 1701 4317; x_wconf 90' lang='lat' dir='ltr'><strong>vobis</strong></span> <span class='ocrx_word' id='word_1_659' title='bbox 1732 4274 1786 4318; x_wconf 91' lang='lat' dir='ltr'><strong>et</strong></span> <span class='ocrx_word' id='word_1_660' title='bbox 1812 4263 2094 4331; x_wconf 87' lang='lat' dir='ltr'><strong>palatium,</strong></span> <span class='ocrx_word' id='word_1_661' title='bbox 2127 4273 2182 4319; x_wconf 85' lang='lat' dir='ltr'><strong>et.</strong></span> <span class='ocrx_word' id='word_1_662' title='bbox 2221 4281 2443 4321; x_wconf 82' lang='lat' dir='ltr'><strong>scenam</strong></span> <span class='ocrx_word' id='word_1_663' title='bbox 2514 4265 2788 4336; x_wconf 88' lang='lat' dir='ltr'><strong>relinquo.</strong></span> <span class='ocrx_word' id='word_1_664' title='bbox 2859 4263 2973 4334; x_wconf 86' lang='lat' dir='ltr'><strong>Ego</strong></span> <span class='ocrx_word' id='word_1_665' title='bbox 3017 4277 3149 4318; x_wconf 91' lang='lat' dir='ltr'><strong>vero</strong></span> <span class='ocrx_word' id='word_1_666' title='bbox 3222 4257 3503 4315; x_wconf 86' lang='lat' dir='ltr'><strong>abscedo:</strong></span> <span class='ocrx_word' id='word_1_667' title='bbox 3568 4256 3648 4311; x_wconf 87' lang='lat' dir='ltr'><strong>fe-</strong></span> 
     </span>
    </p>
   </div>
   <div class='ocr_carea' id='block_1_91' title="bbox 397 4347 3648 4426">
    <p class='ocr_par' dir='ltr' id='par_1_91' title="bbox 397 4347 3648 4426">
     <span class='ocr_line' id='line_1_91' title="bbox 397 4347 3648 4426; baseline -0.002 -21"><span class='ocrx_word' id='word_1_668' title='bbox 397 4350 546 4405; x_wconf 91' lang='lat' dir='ltr'><strong>stino</strong></span> <span class='ocrx_word' id='word_1_669' title='bbox 590 4354 735 4408; x_wconf 88' lang='lat' dir='ltr'><strong>enim</strong></span> <span class='ocrx_word' id='word_1_670' title='bbox 803 4363 856 4408; x_wconf 88' lang='lat' dir='ltr'><strong>et</strong></span> <span class='ocrx_word' id='word_1_671' title='bbox 917 4352 1136 4424; x_wconf 89' lang='lat' dir='ltr'><strong>quidem</strong></span> <span class='ocrx_word' id='word_1_672' title='bbox 1210 4354 1388 4409; x_wconf 83' lang='lat' dir='ltr'><strong>valde.</strong></span> <span class='ocrx_word' id='word_1_673' title='bbox 1448 4352 1609 4405; x_wconf 87' lang='lat' dir='ltr'><strong>Aliud</strong></span> <span class='ocrx_word' id='word_1_674' title='bbox 1651 4360 1912 4421; x_wconf 77' lang='lat' dir='ltr'><strong>pra-terea</strong></span> <span class='ocrx_word' id='word_1_675' title='bbox 1948 4355 2226 4425; x_wconf 86' lang='lat' dir='ltr'><strong>quidpiam</strong></span> <span class='ocrx_word' id='word_1_676' title='bbox 2276 4356 2480 4420; x_wconf 87' lang='lat' dir='ltr'><strong>audivi,</strong></span> <span class='ocrx_word' id='word_1_677' title='bbox 2527 4356 2672 4426; x_wconf 89' lang='lat' dir='ltr'><strong>quod</strong></span> <span class='ocrx_word' id='word_1_678' title='bbox 2718 4357 3014 4412; x_wconf 88' lang='lat' dir='ltr'><strong>multorum</strong></span> <span class='ocrx_word' id='word_1_679' title='bbox 3065 4352 3413 4407; x_wconf 80' lang='lat' dir='ltr'><strong>sermonibus</strong></span> <span class='ocrx_word' id='word_1_680' title='bbox 3456 4347 3648 4403; x_wconf 88' lang='lat' dir='ltr'><strong>etiam-</strong></span> 
     </span>
    </p>
   </div>
   <div class='ocr_carea' id='block_1_92' title="bbox 397 4440 3641 4519">
    <p class='ocr_par' dir='ltr' id='par_1_92' title="bbox 397 4440 3641 4519">
     <span class='ocr_line' id='line_1_92' title="bbox 397 4440 3641 4519; baseline 0.001 -27"><span class='ocrx_word' id='word_1_681' title='bbox 397 4456 528 4494; x_wconf 80' lang='lat' dir='ltr'><strong>num</strong></span> <span class='ocrx_word' id='word_1_682' title='bbox 579 4443 1028 4519; x_wconf 84' lang='lat' dir='ltr'><strong>circumfertur;_</strong></span> <span class='ocrx_word' id='word_1_683' title='bbox 1066 4446 1330 4502; x_wconf 85' lang='lat' dir='ltr'><strong>Joannem</strong></span> <span class='ocrx_word' id='word_1_684' title='bbox 1387 4444 1605 4513; x_wconf 90' lang='lat' dir='ltr'><strong>quidem</strong></span> <span class='ocrx_word' id='word_1_685' title='bbox 1661 4442 1965 4514; x_wconf 88' lang='lat' dir='ltr'><strong>Epiphanio</strong></span> <span class='ocrx_word' id='word_1_686' title='bbox 2004 4447 2348 4518; x_wconf 68' lang='lat' dir='ltr'><strong>praedixisse,</strong></span> <span class='ocrx_word' id='word_1_687' title='bbox 2383 4448 2535 4502; x_wconf 90' lang='lat' dir='ltr'><strong>illum</strong></span> <span class='ocrx_word' id='word_1_688' title='bbox 2576 4448 2632 4502; x_wconf 91' lang='lat' dir='ltr'><strong>in</strong></span> <span class='ocrx_word' id='word_1_689' title='bbox 2676 4448 3023 4518; x_wconf 80' lang='lat' dir='ltr'><strong>navigatione</strong></span> <span class='ocrx_word' id='word_1_690' title='bbox 3086 4461 3213 4501; x_wconf 89' lang='lat' dir='ltr'><strong>esse</strong></span> <span class='ocrx_word' id='word_1_691' title='bbox 3276 4440 3641 4497; x_wconf 69' lang='lat' dir='ltr'><strong>moriturum;</strong></span> 
     </span>
    </p>
   </div>
   <div class='ocr_carea' id='block_1_93' title="bbox 405 4534 3643 4611">
    <p class='ocr_par' dir='ltr' id='par_1_93' title="bbox 405 4534 3643 4611">
     <span class='ocr_line' id='line_1_93' title="bbox 405 4534 3643 4611; baseline 0 -25"><span class='ocrx_word' id='word_1_692' title='bbox 405 4534 774 4604; x_wconf 85' lang='lat' dir='ltr'><strong>Epiphanium</strong></span> <span class='ocrx_word' id='word_1_693' title='bbox 810 4547 992 4593; x_wconf 90' lang='lat' dir='ltr'><strong>autem</strong></span> <span class='ocrx_word' id='word_1_694' title='bbox 1027 4542 1428 4610; x_wconf 64' lang='lat' dir='ltr'><strong>praenuntiasse</strong></span> <span class='ocrx_word' id='word_1_695' title='bbox 1456 4536 1653 4592; x_wconf 81' lang='lat' dir='ltr'><strong>Joanni</strong></span> <span class='ocrx_word' id='word_1_696' title='bbox 1690 4538 2089 4594; x_wconf 86' lang='lat' dir='ltr'><strong>abdicationem</strong></span> <span class='ocrx_word' id='word_1_697' title='bbox 2163 4541 2542 4611; x_wconf 81' lang='lat' dir='ltr'><strong>cpiscOpatus.</strong></span> <span class='ocrx_word' id='word_1_698' title='bbox 2614 4538 2747 4593; x_wconf 84' lang='lat' dir='ltr'><strong>Nam</strong></span> <span class='ocrx_word' id='word_1_699' title='bbox 2799 4540 2928 4593; x_wconf 87' lang='lat' dir='ltr'><strong>dum</strong></span> <span class='ocrx_word' id='word_1_700' title='bbox 3000 4538 3148 4592; x_wconf 83' lang='lat' dir='ltr'><strong>inter</strong></span> <span class='ocrx_word' id='word_1_701' title='bbox 3187 4552 3247 4593; x_wconf 89' lang='lat' dir='ltr'><strong>sc</strong></span> <span class='ocrx_word' id='word_1_702' title='bbox 3291 4536 3643 4595; x_wconf 86' lang='lat' dir='ltr'><strong>dissiderent,</strong></span> 
     </span>
    </p>
   </div>
   <div class='ocr_carea' id='block_1_94' title="bbox 399 4625 3639 4705">
    <p class='ocr_par' dir='ltr' id='par_1_94' title="bbox 399 4625 3639 4705">
     <span class='ocr_line' id='line_1_94' title="bbox 399 4625 3639 4705; baseline 0.002 -27"><span class='ocrx_word' id='word_1_703' title='bbox 399 4625 740 4695; x_wconf 75' lang='lat' dir='ltr'><strong>Epiphanius</strong></span> <span class='ocrx_word' id='word_1_704' title='bbox 797 4630 1021 4700; x_wconf 88' lang='lat' dir='ltr'><strong>quidem</strong></span> <span class='ocrx_word' id='word_1_705' title='bbox 1081 4631 1282 4688; x_wconf 80' lang='lat' dir='ltr'><strong>Joanni</strong></span> <span class='ocrx_word' id='word_1_706' title='bbox 1347 4631 1640 4705; x_wconf 79' lang='lat' dir='ltr'><strong>scripsisse</strong></span> <span class='ocrx_word' id='word_1_707' title='bbox 1702 4630 1906 4691; x_wconf 90' lang='lat' dir='ltr'><strong>dicitur</strong></span> <span class='ocrx_word' id='word_1_708' title='bbox 1946 4649 1960 4685; x_wconf 89' lang='lat'><strong>:</strong></span> <span class='ocrx_word' id='word_1_709' title='bbox 2004 4632 2175 4705; x_wconf 89' lang='lat' dir='ltr'><strong>Spero</strong></span> <span class='ocrx_word' id='word_1_710' title='bbox 2205 4643 2258 4689; x_wconf 89' lang='lat' dir='ltr'><strong>te</strong></span> <span class='ocrx_word' id='word_1_711' title='bbox 2336 4649 2679 4705; x_wconf 85' lang='lat' dir='ltr'><strong>nequaquam</strong></span> <span class='ocrx_word' id='word_1_712' title='bbox 2724 4635 3046 4704; x_wconf 86' lang='lat' dir='ltr'><strong>episcopum</strong></span> <span class='ocrx_word' id='word_1_713' title='bbox 3096 4647 3222 4688; x_wconf 88' lang='lat' dir='ltr'><strong>esse</strong></span> <span class='ocrx_word' id='word_1_714' title='bbox 3290 4631 3639 4686; x_wconf 85' lang='lat' dir='ltr'><strong>moriturum.</strong></span> 
     </span>
    </p>
   </div>
   <div class='ocr_carea' id='block_1_95' title="bbox 396 4717 3258 4802">
    <p class='ocr_par' dir='ltr' id='par_1_95' title="bbox 396 4717 3258 4802">
     <span class='ocr_line' id='line_1_95' title="bbox 396 4717 3258 4802; baseline 0.003 -31"><span class='ocrx_word' id='word_1_715' title='bbox 396 4717 640 4783; x_wconf 69' lang='lat' dir='ltr'><strong>Joannes</strong></span> <span class='ocrx_word' id='word_1_716' title='bbox 674 4737 805 4778; x_wconf 90' lang='lat' dir='ltr'><strong>vero</strong></span> <span class='ocrx_word' id='word_1_717' title='bbox 837 4726 1123 4797; x_wconf 90' lang='lat' dir='ltr'><strong>rescripsit</strong></span> <span class='ocrx_word' id='word_1_718' title='bbox 1158 4727 1460 4802; x_wconf 71' lang='lat' dir='ltr'><strong>Epiphanio</strong></span> <span class='ocrx_word' id='word_1_719' title='bbox 1488 4750 1503 4788; x_wconf 88' lang='lat'><strong>:</strong></span> <span class='ocrx_word' id='word_1_720' title='bbox 1532 4730 1641 4787; x_wconf 87' lang='lat' dir='ltr'><strong>Nec</strong></span> <span class='ocrx_word' id='word_1_721' title='bbox 1671 4745 1771 4802; x_wconf 85' lang='lat' dir='ltr'><strong>ego</strong></span> <span class='ocrx_word' id='word_1_722' title='bbox 1800 4745 1962 4800; x_wconf 90' lang='lat' dir='ltr'><strong>spero</strong></span> <span class='ocrx_word' id='word_1_723' title='bbox 2004 4736 2057 4787; x_wconf 92' lang='lat' dir='ltr'><strong>tc</strong></span> <span class='ocrx_word' id='word_1_724' title='bbox 2087 4730 2143 4789; x_wconf 88' lang='lat' dir='ltr'><strong>in</strong></span> <span class='ocrx_word' id='word_1_725' title='bbox 2173 4732 2362 4791; x_wconf 87' lang='lat' dir='ltr'><strong>urbem</strong></span> <span class='ocrx_word' id='word_1_726' title='bbox 2406 4738 2553 4795; x_wconf 79' lang='lat' dir='ltr'><strong>tuam</strong></span> <span class='ocrx_word' id='word_1_727' title='bbox 2587 4731 2967 4800; x_wconf 84' lang='lat' dir='ltr'><strong>ingressurum</strong></span> <span class='ocrx_word' id='word_1_728' title='bbox 3000 4742 3145 4782; x_wconf 88' lang='lat' dir='ltr'><strong>esse.</strong></span> <span class='ocrx_word' id='word_1_729' title='bbox 3248 4736 3258 4744; x_wconf 80' lang='grc'><strong><em>“</em></strong></span> 
     </span>
    </p>
   </div>
   <div class='ocr_carea' id='block_1_96' title="bbox 469 4900 1131 4977">
    <p class='ocr_par' dir='ltr' id='par_1_96' title="bbox 469 4900 1131 4977">
     <span class='ocr_line' id='line_1_96' title="bbox 469 4900 1131 4977; baseline 0.011 -22"><span class='ocrx_word' id='word_1_730' title='bbox 469 4901 487 4933; x_wconf 87' lang='grc'>¹</span> <span class='ocrx_word' id='word_1_731' title='bbox 511 4900 637 4956; x_wconf 89' lang='lat' dir='ltr'><strong>Soc.</strong></span> <span class='ocrx_word' id='word_1_732' title='bbox 672 4902 767 4958; x_wconf 90' lang='lat' dir='ltr'><strong>lib.</strong></span> <span class='ocrx_word' id='word_1_733' title='bbox 792 4917 869 4973; x_wconf 79' lang='lat' dir='ltr'><strong>Vl,</strong></span> <span class='ocrx_word' id='word_1_734' title='bbox 898 4920 1017 4977; x_wconf 90' lang='lat' dir='ltr'><strong>cap.</strong></span> <span class='ocrx_word' id='word_1_735' title='bbox 1051 4908 1131 4963; x_wconf 81' lang='grc'><strong>14.</strong></span> 
     </span>
    </p>
   </div>
   <div class='ocr_carea' id='block_1_97' title="bbox 1577 5094 2431 5155">
    <p class='ocr_par' dir='ltr' id='par_1_97' title="bbox 1577 5094 2431 5155">
     <span class='ocr_line' id='line_1_97' title="bbox 1577 5094 2431 5155; baseline -0.004 -2"><span class='ocrx_word' id='word_1_736' title='bbox 1577 5095 1844 5153; x_wconf 85' lang='lat' dir='ltr'><strong>VALESII</strong></span> <span class='ocrx_word' id='word_1_737' title='bbox 1888 5094 2431 5155; x_wconf 82' lang='lat' dir='ltr'><strong>ANNOTATIONES.</strong></span> 
     </span>
    </p>
   </div>
   <div class='ocr_carea' id='block_1_98' title="bbox 471 5246 1967 5331">
    <p class='ocr_par' dir='ltr' id='par_1_98' title="bbox 471 5246 1964 5331">
     <span class='ocr_line' id='line_1_98' title="bbox 471 5246 1964 5331; baseline 0.009 -31"><span class='ocrx_word' id='word_1_738' title='bbox 471 5246 583 5331; x_wconf 68' lang='grc' dir='ltr'><strong>(ξὸ)</strong></span> <span class='ocrx_word' id='word_1_739' title='bbox 611 5248 722 5303; x_wconf 77' lang='grc' dir='ltr'><strong>Καὶ</strong></span> <span class='ocrx_word' id='word_1_740' title='bbox 746 5247 1051 5331; x_wconf 57' lang='grc' dir='ltr'><strong>Αῑτςξλάμουἰ</strong></span> <span class='ocrx_word' id='word_1_741' title='bbox 1083 5248 1174 5305; x_wconf 86' lang='lat' dir='ltr'><strong>Sic</strong></span> <span class='ocrx_word' id='word_1_742' title='bbox 1197 5251 1654 5331; x_wconf 73' lang='lat' dir='ltr'><strong>etiam_scribitur</strong></span> <span class='ocrx_word' id='word_1_743' title='bbox 1688 5261 1831 5331; x_wconf 87' lang='lat' dir='ltr'><strong>apud</strong></span> <span class='ocrx_word' id='word_1_744' title='bbox 1866 5259 1964 5315; x_wconf 84' lang='lat' dir='ltr'><strong>Ni-</strong></span> 
     </span>
    </p>
   </div>
   <div class='ocr_carea' id='block_1_99' title="bbox 2069 5246 3643 5331">
    <p class='ocr_par' dir='ltr' id='par_1_99' title="bbox 2140 5249 3643 5331">
     <span class='ocr_line' id='line_1_99' title="bbox 2140 5249 3643 5331; baseline -0.005 -20"><span class='ocrx_word' id='word_1_745' title='bbox 2140 5249 2396 5331; x_wconf 66' lang='grc' dir='ltr'><strong>(54)Ὦν</strong></span> <span class='ocrx_word' id='word_1_746' title='bbox 2432 5256 2543 5311; x_wconf 80' lang='grc' dir='ltr'>οὐκ</span> <span class='ocrx_word' id='word_1_747' title='bbox 2598 5255 2778 5331; x_wconf 69' lang='grc' dir='ltr'>αὺζρς</span> <span class='ocrx_word' id='word_1_748' title='bbox 2833 5249 3643 5331; x_wconf 43' lang='grc' dir='ltr'>πεισθεὶς.κατέῃρς.”ξίξιιθ</span> 
     </span>
    </p>
   </div>
   <div class='ocr_carea' id='block_1_100' title="bbox 399 5316 3643 5398">
    <p class='ocr_par' dir='ltr' id='par_1_100' title="bbox 399 5316 3643 5398">
     <span class='ocr_line' id='line_1_100' title="bbox 399 5316 3643 5398; baseline 0.001 -29"><span class='ocrx_word' id='word_1_749' title='bbox 399 5316 720 5398; x_wconf 66' lang='lat' dir='ltr'><strong>ecphorum.</strong></span> <span class='ocrx_word' id='word_1_750' title='bbox 785 5316 1013 5398; x_wconf 65' lang='grc' dir='ltr'><strong>ὶζιιιηίιῐιΔ</strong></span> <span class='ocrx_word' id='word_1_751' title='bbox 1038 5321 1093 5374; x_wconf 90' lang='lat' dir='ltr'><strong>in</strong></span> <span class='ocrx_word' id='word_1_752' title='bbox 1126 5322 1314 5398; x_wconf 81' lang='lat' dir='ltr'><strong>codice</strong></span> <span class='ocrx_word' id='word_1_753' title='bbox 1335 5322 1646 5398; x_wconf 71' lang='lat' dir='ltr'><strong>_Fuketiano</strong></span> <span class='ocrx_word' id='word_1_754' title='bbox 1698 5316 1962 5398; x_wconf 60' lang='lat' dir='ltr'><strong>s&#39;criptum</strong></span> <span class='ocrx_word' id='word_1_755' title='bbox 2068 5316 2246 5398; x_wconf 38' lang='lat' dir='ltr'><strong>ambo,</strong></span> <span class='ocrx_word' id='word_1_756' title='bbox 2288 5316 2962 5398; x_wconf 42' lang='lat' dir='ltr'><strong>interpretem-Mummius</strong></span> <span class='ocrx_word' id='word_1_757' title='bbox 2999 5316 3213 5378; x_wconf 84' lang='lat' dir='ltr'><strong>scilicet</strong></span> <span class='ocrx_word' id='word_1_758' title='bbox 3262 5316 3315 5376; x_wconf 77' lang='lat' dir='ltr'><strong>et</strong></span> <span class='ocrx_word' id='word_1_759' title='bbox 3370 5320 3643 5374; x_wconf 79' lang='lat' dir='ltr'><strong>Suﬂridus</strong></span> 
     </span>
    </p>
   </div>
   <div class='ocr_carea' id='block_1_101' title="bbox 399 5387 3640 5469">
    <p class='ocr_par' dir='ltr' id='par_1_101' title="bbox 399 5387 3640 5469">
     <span class='ocr_line' id='line_1_101' title="bbox 399 5387 3640 5469; baseline 0.003 -28"><span class='ocrx_word' id='word_1_760' title='bbox 399 5387 584 5468; x_wconf 77' lang='lat' dir='ltr'><strong>inveni</strong></span> <span class='ocrx_word' id='word_1_761' title='bbox 604 5387 945 5469; x_wconf 56' lang='grc' dir='ltr'>ξαλαμάνου.</span> <span class='ocrx_word' id='word_1_762' title='bbox 974 5389 1257 5469; x_wconf 70' lang='lat' dir='ltr'><strong>Quomodo</strong></span> <span class='ocrx_word' id='word_1_763' title='bbox 1278 5394 1699 5469; x_wconf 75' lang='lat' dir='ltr'><strong>etiam_Savilius</strong></span> <span class='ocrx_word' id='word_1_764' title='bbox 1721 5400 1788 5453; x_wconf 89' lang='lat' dir='ltr'><strong>ad</strong></span> <span class='ocrx_word' id='word_1_765' title='bbox 1816 5387 1966 5454; x_wconf 66' lang='lat' dir='ltr'><strong>&#39;latus</strong></span> <span class='ocrx_word' id='word_1_766' title='bbox 2067 5397 2285 5469; x_wconf 80' lang='lat' dir='ltr'><strong>Petrus,</strong></span> <span class='ocrx_word' id='word_1_767' title='bbox 2322 5387 2717 5469; x_wconf 54' lang='lat' dir='ltr'><strong>articulutn&#39;dw</strong></span> <span class='ocrx_word' id='word_1_768' title='bbox 2751 5396 2805 5469; x_wconf 61' lang='lat' dir='ltr'><strong>in</strong></span> <span class='ocrx_word' id='word_1_769' title='bbox 2838 5403 3033 5469; x_wconf 77' lang='lat' dir='ltr'><strong>neuth</strong></span> <span class='ocrx_word' id='word_1_770' title='bbox 3063 5407 3261 5461; x_wconf 84' lang='lat' dir='ltr'><strong>genere</strong></span> <span class='ocrx_word' id='word_1_771' title='bbox 3276 5400 3640 5469; x_wconf 43' lang='lat' dir='ltr'><strong>accepero-ut.</strong></span> 
     </span>
    </p>
   </div>
   <div class='ocr_carea' id='block_1_102' title="bbox 399 5455 3643 5543">
    <p class='ocr_par' dir='ltr' id='par_1_102' title="bbox 399 5455 3643 5543">
     <span class='ocr_line' id='line_1_102' title="bbox 399 5455 3643 5543; baseline 0.001 -32"><span class='ocrx_word' id='word_1_772' title='bbox 399 5455 485 5543; x_wconf 65' lang='grc' dir='ltr'><strong>εμί</strong></span> <span class='ocrx_word' id='word_1_773' title='bbox 523 5457 732 5539; x_wconf 76' lang='lat' dir='ltr'><strong>codicis</strong></span> <span class='ocrx_word' id='word_1_774' title='bbox 759 5455 1071 5543; x_wconf 68' lang='lat' dir='ltr'><strong>adnotavit.</strong></span> <span class='ocrx_word' id='word_1_775' title='bbox 1108 5460 1183 5542; x_wconf 76' lang='lat' dir='ltr'><strong>De</strong></span> <span class='ocrx_word' id='word_1_776' title='bbox 1206 5463 1412 5543; x_wconf 56' lang='lat' dir='ltr'><strong>eodem</strong></span> <span class='ocrx_word' id='word_1_777' title='bbox 1442 5465 1731 5543; x_wconf 79' lang='lat' dir='ltr'><strong>Salamane</strong></span> <span class='ocrx_word' id='word_1_778' title='bbox 1762 5484 1966 5543; x_wconf 78' lang='lat' dir='ltr'><strong>_t_uona-</strong></span> <span class='ocrx_word' id='word_1_779' title='bbox 2068 5468 2213 5543; x_wconf 80' lang='lat' dir='ltr'><strong>quod</strong></span> <span class='ocrx_word' id='word_1_780' title='bbox 2249 5455 2378 5543; x_wconf 65' lang='lat' dir='ltr'><strong>ferri</strong></span> <span class='ocrx_word' id='word_1_781' title='bbox 2402 5481 2511 5519; x_wconf 88' lang='lat' dir='ltr'><strong>non</strong></span> <span class='ocrx_word' id='word_1_782' title='bbox 2534 5474 2731 5534; x_wconf 89' lang='lat' dir='ltr'><strong>potest.</strong></span> <span class='ocrx_word' id='word_1_783' title='bbox 2763 5462 2988 5519; x_wconf 81' lang='lat' dir='ltr'><strong>Rectius</strong></span> <span class='ocrx_word' id='word_1_784' title='bbox 3014 5455 3232 5543; x_wconf 69' lang='lat' dir='ltr'><strong>Langus</strong></span> <span class='ocrx_word' id='word_1_785' title='bbox 3258 5461 3324 5516; x_wconf 91' lang='lat' dir='ltr'><strong>de</strong></span> <span class='ocrx_word' id='word_1_786' title='bbox 3354 5455 3643 5543; x_wconf 71' lang='lat' dir='ltr'><strong>monachis</strong></span> 
     </span>
    </p>
   </div>
   <div class='ocr_carea' id='block_1_103' title="bbox 399 5526 3638 5649">
    <p class='ocr_par' dir='ltr' id='par_1_103' title="bbox 399 5526 3638 5649">
     <span class='ocr_line' id='line_1_103' title="bbox 399 5526 3638 5649; baseline 0 -64"><span class='ocrx_word' id='word_1_787' title='bbox 399 5526 527 5589; x_wconf 87' lang='lat' dir='ltr'><strong>cho,</strong></span> <span class='ocrx_word' id='word_1_788' title='bbox 557 5526 788 5649; x_wconf 55' lang='lat' dir='ltr'><strong>gjzusque</strong></span> <span class='ocrx_word' id='word_1_789' title='bbox 816 5528 1102 5599; x_wconf 85' lang='lat' dir='ltr'><strong>fratribus,</strong></span> <span class='ocrx_word' id='word_1_790' title='bbox 1131 5531 1255 5590; x_wconf 83' lang='lat' dir='ltr'><strong>vide</strong></span> <span class='ocrx_word' id='word_1_791' title='bbox 1286 5533 1647 5603; x_wconf 81' lang='lat' dir='ltr'><strong>Sozomeuum</strong></span> <span class='ocrx_word' id='word_1_792' title='bbox 1676 5538 1733 5609; x_wconf 87' lang='lat' dir='ltr'><strong>in_</strong></span> <span class='ocrx_word' id='word_1_793' title='bbox 1762 5537 1857 5594; x_wconf 89' lang='lat' dir='ltr'><strong>lib.</strong></span> <span class='ocrx_word' id='word_1_794' title='bbox 1888 5554 1962 5605; x_wconf 89' lang='lat' dir='ltr'><strong>vt,</strong></span> <span class='ocrx_word' id='word_1_795' title='bbox 2068 5526 2205 5606; x_wconf 77' lang='lat' dir='ltr'><strong>ipsis</strong></span> <span class='ocrx_word' id='word_1_796' title='bbox 2246 5526 2642 5609; x_wconf 72' lang='lat' dir='ltr'><strong>interpretatus</strong></span> <span class='ocrx_word' id='word_1_797' title='bbox 2700 5545 2818 5603; x_wconf 84' lang='lat' dir='ltr'><strong>est;</strong></span> <span class='ocrx_word' id='word_1_798' title='bbox 2873 5548 3037 5617; x_wconf 79' lang='lat' dir='ltr'><strong>quem</strong></span> <span class='ocrx_word' id='word_1_799' title='bbox 3082 5526 3158 5599; x_wconf 61' lang='lat' dir='ltr'><strong>et&#39;</strong></span> <span class='ocrx_word' id='word_1_800' title='bbox 3180 5547 3281 5588; x_wconf 91' lang='lat' dir='ltr'><strong>nos</strong></span> <span class='ocrx_word' id='word_1_801' title='bbox 3321 5534 3497 5590; x_wconf 86' lang='lat' dir='ltr'><strong>secuti</strong></span> <span class='ocrx_word' id='word_1_802' title='bbox 3540 5545 3638 5597; x_wconf 76' lang='lat' dir='ltr'><strong>su-</strong></span> 
     </span>
     <span class='ocr_line' id='line_1_104' title="bbox 399 5610 2206 5649; baseline 0 0"><span class='ocrx_word' id='word_1_803' title='bbox 399 5610 522 5649; x_wconf 83' lang='lat' dir='ltr'><strong>can.</strong></span> <span class='ocrx_word' id='word_1_804' title='bbox 633 5638 644 5649; x_wconf 94' lang='lat'><strong>.</strong></span> <span class='ocrx_word' id='word_1_805' title='bbox 2069 5622 2206 5649; x_wconf 65' lang='lat' dir='ltr'><strong>mne-</strong></span> 
     </span>
    </p>
   </div>
   <div class='ocr_carea' id='block_1_104' title="bbox 398 5610 2207 5678">
    <p class='ocr_par' dir='ltr' id='par_1_104' title="bbox 398 5610 2207 5678">
     <span class='ocr_line' id='line_1_105' title="bbox 398 5610 2207 5678; baseline 0.014 -33"><span class='ocrx_word' id='word_1_806' title='bbox 398 5610 522 5678; x_wconf 65' lang='lat' dir='ltr'><strong>gap.</strong></span> <span class='ocrx_word' id='word_1_807' title='bbox 557 5610 644 5652; x_wconf 76' lang='lat' dir='ltr'><strong>az.</strong></span> <span class='ocrx_word' id='word_1_808' title='bbox 1028 5674 1033 5678; x_wconf 80' lang='lat'><strong><em>_</em></strong></span> <span class='ocrx_word' id='word_1_809' title='bbox 2069 5622 2207 5673; x_wconf 43' lang='lat' dir='ltr'><strong>must</strong></span> 
     </span>
    </p>
   </div>
  </div>
