4050 6218
376 333 512 389 1557

952 446 1202 500 ΚΕΦΑΛ.
1244 447 1361 516 ις’.

371 541 510 610 Περὶ
540 538 651 609 τῆς
668 537 754 610 είς
775 534 1296 610 τὴν--.βασίλισσαν
1335 540 1605 594 Ἰωάννου
1638 539 1942 609 διαφορᾶς·

441 604 541 665 kal
689 604 849 679 ἧκεν
878 606 948 679 ἐξ
996 608 1306 679 Αἰγύπτου
1326 610 1625 679 ,Θεόφιλος
1648 626 1662 641 ·
1687 604 1787 664 κάκ
1809 604 1947 679 ὴερι

438 676 722 747 Κυρίνου
744 676 851 730 τοῦ
888 677 1277 743 Χαλκηδόνος
1307 676 1665 734 ἐπισκόπου.

454 768 608 824 Ἐπεὶ
652 768 710 821 δὲ
778 768 1117 823 ἀπέπλευσεν
1188 770 1522 837 Ἐπιφάνιος,
1573 770 1947 841 ἐκκλησιάζων

382 859 637 929 Ἰωάννης
690 858 870 913 κοινὸν
924 859 1066 913 κατὰ
1117 860 1391 928 γυναικῶν
1441 860 1685 933 διεξῆλθε
1738 862 1905 931 ψόγον
1931 879 1945 894 ο

370 948 785 1019 αἰνιγματωδῶς
821 949 879 1002 δὲ
930 950 1257 1017 συγκεῖσθαιν
1290 950 1478 1006 τοῦτον
1532 951 1677 1005 κατὰ
1709 953 1810 1024 τῆς
1852 953 1947 1007 τοῦ

371 1040 637 1111 βασιλέως
656 1041 901 1111 γαμετῆς
931 1040 989 1094 τὺ
1024 1040 1228 1110 πλῆθος
1258 1042 1492 1113 ἐδέχετο.
1524 1045 1586 1098 OI
1619 1044 1675 1098 δὲ
1706 1044 1800 1099 τοῦ
1829 1046 1949 1099 ἐπι-

371 1130 573 1184 σκόπου
605 1129 918 1200 δυσμενεῖς,
946 1129 1040 1183 καὶ
1073 1130 1233 1184 αὑτὸν
1268 1131 1360 1184 τὸν
1393 1131 1546 1201 λόγον
1580 1133 1947 1204 ἐκλαμϐάνον-

368 1238 480 1286 τες,
521 1223 589 1292 τῇ
630 1220 858 1290 βασιλίδι
908 1220 1241 1291 διεκόμισαν.
1286 1222 1351 1275 Ἦ
1391 1223 1449 1276 δὲ
1491 1224 1644 1297 παρὰ
1677 1225 1754 1297 τῷ
1794 1227 1950 1299 ἀνδρὶ

368 1310 469 1382 τὴν
502 1310 659 1381 ὕϐριν
692 1310 1036 1382 ἀπωδύρατο,
1056 1312 1149 1365 καλ⁵
1171 1312 1428 1383 Θεόφιλον
1450 1315 1642 1370 θᾶττον
1674 1321 1947 1391 παρεῖναι,

371 1402 466 1455 καὶ
520 1402 738 1456 σύνοδον
783 1405 957 1455 ποιεῖν
1004 1405 1326 1476 κατήπειγε.
1368 1408 1710 1479 Συνέπραττε
1759 1412 1816 1465 δὲ
1858 1414 1951 1466 καὶ

372 1492 844 1562 συγκατεσκεύαξε
884 1492 1057 1548 ταῦτα
1095 1496 1190 1549 καὶ
1232 1497 1559 1569 Σεϐηριανδς
1585 1503 1614 1554 ό
1652 1502 1947 1573 Γαϐαλεὺς,

369 1582 522 1637 οὔπω
550 1584 649 1654 τῆς
679 1586 948 1655 προτέρας
977 1586 1311 1656 ἀπαλλαγεὶς
1355 1588 1548 1661 λύπης.
1598 1592 1756 1646 ’Δλλὰ
1794 1594 1952 1648 πότε-

376 1691 487 1745 ρον,
522 1673 693 1738 οὕτως
733 1673 809 1738 ὡς
835 1674 1042 1747 ἔτυχεν,
1077 1677 1171 1731 ἐπὶ
1198 1678 1384 1734 τοῦτον
1422 1682 1672 1754 Ἰωάννης
1700 1685 1946 1758 προήχθη

1346 331 1667 390 HISTORIA
1712 332 2267 393 ECCLESIASTICA.
2308 370 2376 380 -—
2415 338 2545 394 LIB.
2592 339 2721 394 VIII.

1983 455 2034 512 A

3011 288 3088 301 ο-νσκ·

3487 346 3513 400 1
3526 345 3626 402 558

2677 453 2828 507 CAP.
2866 451 3004 507 XVI.

2050 540 2127 596 De
2155 542 2509 621 impergtricis
2532 544 3080 621 simultategdversus
3106 543 3385 621 oannem,
3414 558 3461 621 et
3490 566 3623 621 quo-

2120 612 2273 684 modo
2316 612 2628 684 Theophilus
2669 630 2734 668 ea:
2784 613 3016 684 Egypto
3060 612 3379 682 advenerit:
3410 612 3533 674 item
3558 619 3623 673 de

2118 680 2318 751 Cyr-ina
2345 681 2692 738 Chalcedonis
2715 680 2977 753 episcopo.

2117 772 2305 830 Porro
2339 773 2591 844 digresso
2634 775 2704 832 ab
2746 776 2885 831 urbe
2934 776 3262 846 Epiphanio,
3294 775 3540 836 Joannes
3571 782 3626 835 in

2047 866 2280 921 ecclesia
2316 867 2481 921 verba
2522 866 2758 934 faciens,
2798 883 3145 924 communem
3192 870 3462 926 adversus
3504 887 3623 926 mu-

2047 958 2214 1015 lieres
2254 960 2714 1030 vituperationem
2754 963 2995 1019 instituit
3027 964 3067 1018 ί.
3101 961 3233 1017 Eam
3278 965 3514 1034 p0pulus
3556 966 3626 1020 ita

2049 1053 2284 1122 accepit,
2314 1054 2474 1123 quasi
2500 1054 2767 1111 adversus
2790 1057 3135 1126 imperatoris
3168 1057 3460 1128 conjugem
3492 1058 3628 1128 ligu-

2048 1150 2168 1199 rate
2198 1145 2503 1214 composita
2529 1146 2746 1202 fuisset.
2772 1147 2836 1202 Ili
2864 1163 2993 1203 vero
3017 1148 3112 1218 qui
3140 1148 3397 1218 episcopo
3427 1149 3626 1205 infensi

2050 1243 2229 1300 erant,
2260 1238 2568 1293 orationem
2602 1228 2774 1309 ipsam
2820 1240 3181 1310 excipientes,
3217 1241 3281 1294 ad
3317 1241 3624 1311 imperatri-

2050 1342 2168 1383 cem
2202 1328 2521 1383 attulerunt.
2556 1327 2674 1393 Illa,
2725 1329 2867 1399 apud
2895 1329 3278 1399 imperatorem
3323 1328 3391 1383 de
3433 1341 3628 1384 contu-

2050 1417 2213 1473 melia
2252 1433 2352 1472 sua
2394 1418 2634 1488 graviter
2662 1428 2984 1489 conquesta,
3020 1418 3384 1490 Theophilum
3433 1433 3626 1489 urgere

2051 1510 2239 1579 erepit,
2283 1517 2345 1563 ut
2384 1511 2715 1579 quantocius
2763 1512 3046 1567 adveniret
3078 1519 3133 1567 et
3172 1512 3442 1583 synodum
3494 1524 3627 1565 con-

2050 1608 2322 1679 gregaret.
2355 1600 2726 1656 Adnitebatur
2757 1603 2920 1657 etiam
2953 1612 3007 1657 et
3028 1603 3308 1672 negotium
3340 1616 3626 1672 promove-

2053 1691 2143 1746 bat
2175 1691 2509 1749 Severianus
2539 1692 2885 1760 Gabalensis,
2911 1693 3156 1749 nondum
3182 1694 3384 1763 prioris
3407 1692 3627 1749 oll‘ensae

368 1766 460 1821 τὸν
506 1765 694 1835 λόγον,
741 1766 774 1836 ἢ
822 1766 897 1839 ὣς
942 1785 1086 1831 τινες
1130 1768 1376 1839 λέγουσιν
1399 1811 1415 1836 ,
1450 1773 1754 1845 ὑπονοήσας
1795 1776 1870 1840 ὼς
1911 1779 1943 1847 ἠ

2049 1782 2270 1839 oblitus.
2324 1782 2522 1839 Utrum
2581 1799 2747 1855 porro
2799 1784 3042 1840 Joannes
3097 1783 3327 1839 fortuito
3381 1784 3449 1839 ad
3505 1800 3623 1839 eam

371 1856 581 1927 βασιλὶς
612 1858 828 1912 ἔπεισεν
856 1860 1169 1930 Ἐπιφόινιον
1192 1863 1559 1919 ἐπιϐουλεύειν
1588 1868 1757 1939 αὐτῷ,
1791 1870 1946 1942 ἀκρι-

369 1950 480 2014 ϐῶς
512 1951 611 2003 οὐκ
647 1950 755 2020 ἔχω
778 1951 977 2020 λέγειν.
999 1955 1113 2008 Οὐκ
1138 1958 1218 2018 είς
1252 1956 1466 2027 μακρὰν
1492 1958 1548 2011 δὲ
1577 1960 1670 2012 καὶ
1692 1960 1946 2030 Θεόφιλος

370 2045 554 2111 παρῆν
579 2043 659 2100 είς
689 2042 1007 2113 Χαλκηδόνα
1037 2045 1136 2115 τὴν
1164 2046 1423 2111 Βιθυνῶν,
1442 2050 1536 2100 καὶ
1559 2048 1708 2103 ἄλλοι
1737 2051 1946 2106 πολλῶν

369 2131 577 2185 πόλεων
606 2132 891 2186 ἐπίσκοποι
916 2150 930 2165 ⁸
965 2136 1014 2187 οί
1048 2137 1166 2205 μὲν,
1191 2136 1294 2188 ὑπὸ
1319 2136 1578 2206 Θεοφίλου
1609 2141 1947 2213 προτραπέν-

367 2238 460 2285 τες
488 2237 503 2251 ·
538 2223 587 2275 οί
632 2223 689 2275 δὲ
712 2261 727 2287 ,
760 2223 1020 2292 βασιλέως
1064 2216 1446 2299 προστάγματι
1491 2231 1943 2303 μετακληθέντες.

370 2312 577 2384 Σπουδῇ
600 2313 657 2366 δὲ
687 2314 916 2384 μάλιστα
938 2317 1220 2387 συνῄεσαν,
1243 2322 1356 2374 ὅσοι
1376 2338 1437 2374 τε
1464 2321 1573 2375 τῶν
1590 2325 1648 2376 ἐν
1679 2324 1833 2395 Ἀσίᾳ
1849 2328 1946 2397 τῆς

370 2404 671 2474 ἐπισκοπῆς
696 2405 975 2475 ἀφῄρηντο
1002 2407 1152 2476 παρὰ
1182 2409 1448 2475 Ἰωάννου,
1475 2413 1568 2464 καὶ
1588 2412 1699 2466 ὅσοι
1726 2414 1946 2469 ἄλλοθεν

369 2494 543 2558 ἄλλως
566 2495 675 2565 (55)
704 2496 852 2566 αύτῷ
897 2497 1272 2568 ἀπηχθάνοντο
1292 2516 1305 2530 ·
1342 2502 1443 2571 ἤδη
1475 2502 1530 2557 δὲ
1563 2504 1655 2557 καὶ
1697 2506 1756 2572 ἐξ
1784 2507 1946 2576 Αίγύ-

370 2600 504 2636 πτου
535 2585 659 2654 νῆες
702 2583 770 2648 ἃς
822 2585 1077 2661 Θεόφιλος
1124 2586 1463 2657 περιέμενεν,
1502 2592 1583 2652 είς
1630 2591 1949 2664 Χαλκηδόνα

368 2676 641 2744 ἀφίκοντο.
677 2675 1045 2730 Συνελθόντων
1076 2677 1131 2729 δὲ
1167 2679 1383 2732 πάντων
1408 2682 1487 2744 είς
1517 2683 1710 2736 ταυτὸν
1738 2684 1944 2754 ἐνθάδε,

370 2766 462 2820 καὶ
485 2766 883 2837 βουλευομένων
909 2769 1057 2830 ὅπως
1082 2769 1263 2833 αὐτοῖς
1290 2772 1430 2824 κατὰ
1460 2772 1683 2846 γνώμην
1711 2776 1947 2847 προϐαίη

369 2861 402 2929 η
434 2861 574 2913 κατᾶ
614 2860 856 2913 Ἰωάννου
885 2854 1242 2932 ἐπιχείρησις,
1264 2864 1517 2933 Κυρῖνος,
1536 2864 1593 2928 ὃς
1617 2867 1800 2935 ἡγεῖτο
1826 2868 1945 2921 τότε

368 2951 466 3020 τῆς
497 2954 554 3003 ἐν
587 2950 887 3022 Χαλκηδόνι
918 2951 1267 3022 Ἐκκλησίας,
1300 2954 1394 3007 καὶ
1430 2955 1571 3009 κατὰ
1603 2957 1664 3009 τὸ
1690 2959 1947 3027 συγγενὲς

370 3041 499 3104 ἴσως
546 3042 789 3112 Θεοφίλῳ
831 3043 1185 3112 χαριζόμενος
1217 3058 1232 3073 ⁸
1271 3040 1339 3115 ἦν
1369 3045 1477 3116 γὰρ
1506 3048 1821 3114 Αἰγύπτιος,
1853 3051 1947 3104 καὶ

367 3131 542 3194 ἄλλως
594 3132 850 3203 διάφορος
895 3133 1115 3206 Ἰωάννῃ
1166 3114 1481 3205 τυγχάνων,
1514 3139 1736 3194 πλεῖστα
1786 3143 1947 3197 αὑτὸν
1973 3114 2017 3172 C

369 3224 646 3294 ἐλοιδόρει.
673 3226 874 3295 Ταχεῖα
904 3226 959 3279 δὲ
992 3226 1192 3279 τούτων
1212 3228 1318 3281 τῶν
1346 3229 1554 3300 ὕϐρεων
1583 3232 1760 3297 ἔδοξεν
1786 3235 1947 3289 αὐτὸν

373 3316 615 3386 μετιέναι
656 3317 801 3386 δίκη.
835 3319 1129 3391 Μαρουθᾶς
1166 3319 1274 3391 γὰρ
1302 3322 1330 3372 ὁ
1375 3324 1439 3375 ἐκ
1485 3325 1943 3397 Μεσοποταμίας,

372 3407 547 3461 συνὼν
592 3409 706 3472 τοῖς
762 3411 1087 3474 ἐπισκόποις
1110 3452 1125 3476 ,
1161 3412 1308 3465 ἄκων
1357 3413 1524 3467 αὐτοῦ
1568 3413 1793 3485 θάτερον
1836 3419 1947 3471 τοῖν

372 3499 550 3551 ποδοῖν
609 3499 901 3570 ἐπάτησεν.
968 3502 1274 3573 Ὀδυνηθεὶς
1324 3506 1399 3570 δὲ,
1452 3506 1635 3559 οὐκέτι
1685 3510 1782 3560 σὺν
1832 3511 1946 3572 τοῖς

370 3589 550 3653 ἄλλοις
582 3589 819 3660 ἱερεῦσιν
869 3592 950 3655 είς
992 3594 1560 3648 Κωνσταντινούπολιν
1608 3597 1943 3667 ἐπεραιώθη,

372 3678 572 3749 καίπερ
601 3682 893 3748 ἀναγκαῖος
919 3676 1056 3735 εἶναι
1085 3682 1255 3735 δοκῶν
1281 3684 1417 3754 πρὸς
1442 3684 1542 3748 τὰς
1584 3687 1724 3741 κατὰ
1767 3688 1946 3742 Ἰωάν-

373 3787 461 3822 νου
494 3770 804 3834 ἐπιϐουλάς.
837 3773 990 3825 Μετὰ
1007 3772 1180 3826 ταῦτα
1204 3773 1260 3826 δὲ
1286 3774 1469 3839 κακῶς
1493 3775 1777 3841 διατεθεὶς,
1813 3779 1944 3833 πολ-

371 3861 528 3925 λάκις
573 3862 684 3933 (56)
739 3863 844 3915 ὑπὸ
890 3862 998 3916 τῶν
1047 3865 1245 3934 ίατρῶν
1296 3866 1607 3937 ἁπεπρίσθη
1640 3867 1700 3920 τὸ
1735 3869 1943 3933 σκέλος.

384 3953 770 4025 Ἐπιγενομένη
800 3954 905 4024 γὰρ
940 3955 1206 4025 σηπεδὼν,
1223 3957 1283 4010 τὸ
1304 3960 1409 4011 πᾶν
1436 3958 1729 4030 ἐπενέμετο
1763 3959 1943 4030 σῶμαο

372 4043 448 4106 ὡς
481 4043 690 4096 καὶτὸν
723 4044 908 4115 ἕτερον
937 4045 1073 4098 πόδα
1110 4047 1305 4100 ταυτὸν
1336 4048 1641 4118 ὑπομεῖναι,
1674 4051 1739 4120 τῇ
1779 4068 1944 4120 μετα-

371 4134 515 4187 δόσει
554 4134 650 4188 τοῦ
687 4134 910 4199 πάθους.
946 4136 1084 4189 Ἀλλ’
1122 4139 1151 4190 ὁ
1186 4138 1284 4209 μὲν
1324 4137 1384 4192 οὐ
1422 4138 1600 4220 πολλῷ
1640 4139 1865 4213 ὕστερον
1892 4143 1951 4197 ἐν

373 4229 493 4289 ταῖς
514 4225 726 4290 ὀδύναις
752 4226 1003 4280 ἐτελεύτα
1023 4228 1116 4282 τὸν
1150 4227 1283 4299 βίον.

2044 1877 2347 1932 orationem
2391 1886 2683 1948 provectus
2715 1878 2807 1942 sit,
2838 1892 2930 1943 an,
2966 1886 3024 1930 ut
3059 1875 3282 1945 quidam
3318 1876 3530 1940 dicunt,
3561 1890 3627 1928 eo

2044 1968 2192 2036 quod
2258 1968 2647 2038 suspicabatur
2706 1967 3074 2037 Epiphanium
3141 1968 3210 2020 ab
3276 1965 3631 2035 imperatrice

2048 2057 2341 2126 impulsum
2374 2057 2543 2113 fuisse
2569 2065 2627 2111 ut
2653 2057 2886 2112 insidias
2930 2056 3034 2125 ipsi
3062 2063 3326 2122 strueret,
3370 2054 3627 2124 equidem

2048 2155 2204 2202 certo
2234 2147 2507 2202 allirmare
2541 2163 2647 2203 non
2682 2162 2931 2218 possum.
2962 2145 3118 2201 Iiaud
3156 2145 3331 2200 multo
3360 2152 3485 2216 post
3511 2145 3632 2215 ipse

2049 2219 2269 2308 quoqiie
2293 2236 2629 2307 Theophilus
2655 2237 3061 2292 Chalcedonem
3088 2234 3359 2306 Bithyniae
3385 2233 3629 2297 advenit,

2048 2338 2101 2382 et
2143 2342 2256 2380 una
2300 2342 2425 2381 cum
2461 2326 2554 2380 illo
2587 2326 2902 2395 complures
2942 2324 3212 2395 episcopi,
3247 2323 3338 2378 alii
3378 2337 3409 2376 a
3451 2320 3631 2375 Theo-

2051 2417 2201 2487 philo
2250 2416 2487 2480 invitati,
2537 2416 2632 2470 alii
2682 2415 3041 2487 imperatoris
3082 2415 3246 2484 jussu
3303 2413 3486 2468 acciti.
3530 2410 3630 2468 Ve-

2049 2522 2169 2562 rum
2232 2506 2534 2562 studiosius
2585 2521 2752 2576 quam
2792 2505 2991 2575 reliqui
3051 2518 3379 2567 convenere,
3427 2510 3542 2557 tum
3588 2503 3629 2556 ii

2048 2596 2250 2668 quibus
2304 2593 2549 2650 Joannes
2605 2594 2662 2648 in
2714 2592 2845 2649 Asia
2893 2592 3272 2661 episcopatum
3324 2587 3626 2653 ademerat,

2048 2695 2167 2741 tum
2196 2688 2535 2757 quicunque,
2565 2685 2710 2739 alius
2744 2685 2911 2738 aliam
2938 2684 3008 2738 ob
3033 2697 3280 2749 causam,
3306 2681 3386 2736 illi
3421 2678 3627 2735 infensi

2049 2785 2227 2833 erant.
2279 2776 2512 2855 Jamque
2563 2776 2792 2831 aderant
2846 2791 2914 2829 ex
2971 2774 3211 2845 Egypto
3266 2786 3434 2827 naves
3489 2785 3628 2841 quas

2051 2870 2384 2940 Theophilus
2395 2867 2773 2937 exspectabat,
2794 2875 2849 2921 et
2864 2866 3262 2921 Chalcedonem
3279 2863 3625 2933 appulerant.

2051 2960 2300 3030 Cumque
2358 2959 2595 3015 universi
2644 2959 2809 3014 simul
2843 2957 2956 3012 illic
2995 2955 3410 3020 convenissent,
3463 2961 3629 3022 atque

2051 3051 2197 3107 inter
2241 3065 2301 3105 se
2345 3049 2746 3115 consultarent,
2790 3063 2896 3118 qua
2948 3046 3162 3102 ratione
3209 3052 3443 3100 conatus
3493 3041 3628 3111 ipsis

2050 3143 2316 3197 adversus
2370 3139 2638 3195 Joannem
2684 3155 2752 3194 ex
2798 3148 2922 3193 voto
2978 3136 3319 3202 succederet,
3368 3134 3626 3205 Cyrinus,

2050 3230 2143 3301 qui
2177 3237 2311 3284 tunc
2338 3226 2814 3283 Nicomediensem
2842 3226 3068 3295 regebat
3094 3223 3419 3288 Ecclesiam,
3450 3220 3631 3274 Theo-

2049 3321 2199 3392 philo
2238 3319 2500 3376 fortassis
2536 3319 2856 3390 gratiﬁcans
2895 3318 2965 3372 ob
3004 3316 3222 3387 generis
3270 3312 3620 3382 conjunctio-

2047 3430 2170 3470 nem
2210 3432 2223 3468 :
2265 3422 2387 3468 erat
2432 3411 2581 3468 enim
2631 3411 2942 3481 Egyptius,
2986 3416 3042 3464 et
3088 3407 3299 3477 alioqui
3346 3420 3376 3458 a
3421 3403 3630 3458 Joanne

2052 3503 2354 3560 dissidebat
2390 3519 2404 3555 :
2442 3501 2633 3556 multis
2671 3515 2796 3555 eum
2847 3499 3062 3569 probris
3093 3507 3147 3552 et
3183 3495 3454 3551 conviciis
3496 3508 3630 3548 one-

2050 3596 2215 3650 ravit.
2246 3591 2450 3648 Verum
2480 3592 2673 3646 ,divina
2721 3591 2936 3660 justitia
2974 3587 3437 3644 contumeliarum
3504 3584 3622 3637 illa-

2051 3699 2175 3740 rum
2218 3683 2370 3738 brevi
2417 3682 2614 3738 abillo
2651 3696 2843 3750 poenas
2895 3680 3102 3750 exegit.
3145 3675 3428 3731 Maruthas
3478 3672 3624 3728 enim

2051 3785 2206 3843 ortus
2231 3790 2300 3830 ex
2328 3772 2746 3843 Mesopotamia,
2774 3771 2870 3842 qui
2906 3784 3015 3824 una
3051 3783 3177 3823 cum
3210 3763 3490 3838 episcopis
3514 3762 3628 3818 illic

2053 3869 2278 3931 aderat,
2332 3866 2474 3923 forte
2533 3866 2766 3920 alterum
2823 3862 3072 3935 ejusdem
3123 3860 3316 3932 pedem
3370 3855 3625 3912 calcavit.

2055 3961 2210 4018 Unde
2252 3959 2482 4016 allectus
2521 3959 2731 4024 dolore,
2761 3972 2873 4012 una
2912 3971 3037 4011 cum
3077 3952 3309 4022 reliquis
3352 3946 3630 4019 episcopis

2054 4051 2591 4121 Constantinopolim
2646 4049 2907 4118 trajicere
2962 4062 3070 4102 non
3127 4044 3324 4114 potuit,
3382 4041 3509 4094 licet
3559 4037 3627 4090 ad

2046 4142 2340 4200 struendas
2387 4141 2586 4197 Joanni
2641 4140 2871 4195 insidias
2927 4135 3220 4192 admodum
3278 4129 3629 4186 necessarius

2046 4235 2351 4291 videretur.
2390 4231 2588 4287 Postea
2638 4246 2771 4286 vero
2817 4244 2942 4285 cum
2986 4244 3054 4284 ex
3097 4226 3258 4297 347
3292 4238 3358 4279 eo
3398 4222 3629 4278 vulnere

374 4318 518 4372 male
555 4318 801 4385 haberet,
844 4333 973 4374 crus
1000 4319 1049 4374 ei
1093 4334 1201 4373 non
1247 4318 1417 4374 semel
1448 4333 1477 4372 a
1507 4319 1737 4377 medicis
1812 4324 2113 4379 dissectum
2172 4334 2276 4379 est.
2337 4319 2745 4391 Superveniens
2769 4320 2915 4375 enim
2945 4314 3176 4388 putredo
3207 4321 3381 4370 totum
3430 4321 3628 4379 corpus

373 4408 775 4487 depascebatur
809 4428 823 4465 :
856 4409 993 4466 adeo
1019 4416 1077 4463 ut
1098 4410 1238 4464 alter
1269 4424 1489 4480 quoque
1517 4425 1614 4481 pes
1644 4411 1786 4467 idem
1819 4429 2014 4484 passus
2046 4416 2120 4470 sit
2139 4430 2207 4471 ex
2239 4421 2427 4468 mutua
2478 4412 2685 4467 doloris
2725 4409 3246 4465 communicatione.
3312 4403 3378 4457 Et
3470 4403 3629 4472 (lyri-

375 4521 480 4560 nus
518 4502 739 4576 quidem
788 4504 936 4560 haud
970 4505 1143 4561 multo
1190 4513 1315 4576 post
1354 4505 1410 4561 in
1453 4505 1737 4564 doloribus
1791 4511 2113 4582 exspiravit.

975 4623 1226 4677 ΚΕΦΔΛ.
1260 4624 1359 4677 IZ'.

374 4713 516 4785 Hepl
541 4713 650 4783 τῆς
681 4713 1005 4785 γενομένης
1035 4715 1299 4785 συνόδου
1326 4715 1484 4783 παρὰ
1512 4717 1823 4785 Θεοφίλου,
1848 4719 1948 4772 καὶ

444 4783 560 4837 τῶν
588 4783 950 4852 κατηγοριῶν
979 4783 1265 4854 ΑἸωάννου
1314 4787 1383 4839 ἐν
1422 4783 1817 4854 Ῥουφιαναῖς.
1841 4787 1954 4841 Καὶ

443 4854 523 4918 ὠς
564 4856 808 4926 κληθεὶς
863 4852 1164 4926 Ἰωάννης,
1194 4854 1292 4908 καί
1322 4855 1408 4925 μὴ
1450 4852 1947 4926 παραγενόμενος,

445 4924 582 4992 παρ’
617 4923 803 4977 αὑτοῦ
834 4923 1152 4991 καθῃρέθη.

444 5012 808 5085 Περαιωθέντι
823 5013 879 5066 δὲ
904 5013 1164 5083 Θεοφίλῳ,
1190 5014 1364 5080 οὐδεὶς
1389 5015 1496 5070 τῶν
1516 5012 1951 5071 Κωνσταντινου-

2283 4509 2297 4540 ¹
2330 4508 2457 4565 Soc.
2489 4508 2583 4563 lib.
2626 4522 2702 4570 γι,
2733 4521 2859 4577 cap.
2901 4506 2990 4561 I5.

2668 4621 2822 4677 CAP.
2846 4619 3012 4675 XVII.

2047 4717 2125 4772 De
2154 4715 2352 4786 synodo
2378 4734 2411 4770 a
2450 4712 2728 4782 Theophila
2755 4713 2900 4786 facta
2925 4712 2980 4764 in
3020 4709 3342 4786 Ruﬁnianis,
3369 4720 3416 4786 et
3444 4713 3508 4786 d_e
3538 4732 3628 4767 ac-

2120 4780 2478 4840 cuSationibus
2499 4780 3047 4838 adversus'lounnem.
3084 4780 3152 4833 Et
3180 4783 3438 4848 quomodo
3456 4782 3627 4838 Joan-

2122 4874 2210 4910 nes
2246 4867 2492 4913 vocatus.
2522 4872 2639 4907 cum
2680 4870 2732 4907 se
2760 4851 2967 4920 judicio
2997 4868 3101 4905 non
3140 4852 3368 4918 sisteret,
3393 4871 3423 4906 a
3458 4854 3627 4908 Theo-

2119 4927 2265 4994 plu'lo
2295 4925 2563 4994 depositus
2592 4934 2692 4979 est.

2124 4990 2297 5071 Porro
2336 4990 2459 5071 cum
2505 4990 2846 5085 Theophilus
2884 5012 3426 5086 Constantinopolim
3463 5015 3622 5085 traje-

1522 5110 1806 5186 'VALESll
1845 5127 2403 5187 ANNOTATIONES.

445 5225 558 5296 (55)
609 5227 901 5296 Ἀλλοθεῖ
933 5223 1161 5296 μᾶλλως.
1204 5222 1567 5281 Scribendum
1623 5234 1707 5280 est
1770 5226 1947 5296 ἄλλος,

2057 5226 2271 5296 Opinor.
2306 5222 2419 5292 Ego
2441 5237 2572 5277 vero
2605 5230 2729 5296 post
2758 5223 2985 5296 verbum
3020 5222 3285 5296 διατεθείς
3316 5220 3624 5296 distinctio-

373 5293 548 5349 ut'in’
600 5296 788 5350 codice
851 5293 1157 5349 Fuketiano
1221 5296 1571 5350 emendatum
1631 5304 1714 5351 est
1758 5295 1945 5352 eadem

374 5380 561 5419 manu.

445 5433 560 5504 (56)
597 5433 805 5499 Κακῶς
833 5432 1121 5497 διατεθεὶς
1158 5433 1476 5504 πολλάκις.
1499 5431 1669 5504 Yarie
1694 5434 1840 5504 hunc
1866 5435 1947 5491 Io-

374 5517 499 5558 cum
533 5501 900 5559 distinxerunt
942 5504 1286 5574 interpretes.
1322 5502 1456 5574 Nam
1495 5501 1776 5558 Musculus
1820 5507 1944 5574 qui-

373 5574 499 5643 dem
520 5582 643 5642 post
670 5588 857 5628 vocem
887 5572 1163 5643 πολλάκις,
1216 5572 1621 5643 distinctionem
1668 5572 1940 5643 apposuit.

380 5639 655 5699 Suﬂ‘r'idus
698 5651 882 5698 autem
942 5639 1133 5696 Petrus
1185 5649 1304 5708 post
1350 5642 1449 5696 has
1487 5656 1647 5696 voces
1692 5639 1797 5696 ὑπὸ
1837 5645 1944 5698 τῶν

383 5712 582 5783 ὄατρῶν
628 5711 983 5783 interpunxit,
1031 5726 1095 5766 ex
1152 5710 1289 5767 libro
1336 5711 1842 5782 Christophorsoni,
1887 5723 1945 5769 ut

2053 5289 2176 5351 nem
2205 5289 2478 5363 apponere
2510 5289 2699 5355 malui,
2734 5300 2849 5346 tum
2888 5294 3015 5362 quia
3051 5295 3102 5346 in
3143 5293 3341 5363 codice
3369 5289 3624 5363 Fulretia-

2053 5381 2123 5420 no
2150 5364 2222 5417 ita
2241 5360 2611 5433 distinguitur
2639 5364 2725 5416 hic
2759 5360 2933 5423 locus,
2962 5370 3075 5417 tum
3090 5363 3258 5433 gquiag
3278 5360 3622 5433 Nicephorus

2052 5436 2127 5490 ita
2158 5430 2516 5503 inlcrpuniit.
2566 5431 2844 5503 De_bujus
2874 5446 3034 5501 porro
3076 5431 3262 5503 Cyrini
3317 5431 3511 5503 morbo
3546 5430 3623 5481 lo-

2051 5505 2236 5573 quitur
2265 5499 2537 5573 Palladius
2561 5499 2775 5573 in_Vita
2803 5499 3197 5573 Clirysostomi,
3226 5501 3307 5573 ita
3326 5499 3618 5573 scribens:

2054 5568 2274 5643 Ἕτερος
2311 5571 2419 5635 ζῶν
2444 5573 2509 5625 τὰ
2534 5571 2699 5641 σκέλη
2727 5572 2832 5635 ἓως
2856 5568 3441 5643 γονάτῳνᾼκατίὸλίγον
3465 5568 3622 5643 ἐπρί-

2051 5634 2289 5725 ζετοξπὶ
2322 5634 2592 5713 τριετίαν,
2657 5634 2975 5713 ἐρυσιπέλου
3028 5634 3186 5719 δῆθεν
3209 5637 3306 5703 τὰς
3362 5634 3620 5708 ἀφορμὰς

2052 5729 2361 5782 γεννῶντος.
3560 5732 3575 5741 ‘
