4050 6218
399 206 529 264 i561

1347 207 1676 264 HISTORIA
1716 210 2359 268 ECCLESIASTICA.—
2396 211 2525 266 LIB.
2563 211 2696 267 VIII.

3512 211 3649 266 1562

395 320 679 389 σόύτερον,
710 322 801 376 καὶ
832 322 1037 378 Παῦλον
1089 315 1464 395 ἀναγνώστην.
1504 325 1563 378 '0
1605 323 1662 377 δὲ
1704 325 1974 395 Ἰωάννης,

2092 331 2225 382 inter
2266 327 2355 382 sui
2392 326 2659 396 temporis
2689 324 2993 381 monachos
3021 340 3210 395 parem
3236 326 3525 383 Ammonio
3554 342 3651 381 ex—

394 412 590 477 ἆλλους
615 415 675 469 τέ
706 431 856 478 τινας
882 415 989 468 τῶν
1016 415 1338 486 ἐπιτηδείων
1367 414 1514 486 αὑτῷ
1554 416 1851 486 κληρικῶν,
1881 418 1975 470 καὶ

393 505 704 576 Δημήτριον
737 504 830 557 τὸν
869 506 1214 571 Πισινοῦντος
1242 505 1539 561 ἐπίσκοπον
1556 506 1806 577 πέμψας,
1838 506 1975 576 πρὸς

394 596 591 658 αὐτοὺς
644 595 796 662 ἔλεγε
845 597 918 667 μὴ
971 598 1307 666 ἀποφεύγειν
1356 598 1456 669 τὴν
1496 596 1677 669 κρίσιν
1707 614 1720 628 ο
1757 596 1975 666 ἕτοιμος

394 688 452 740 δὲ
480 684 637 751 εἶναι,
659 688 708 739 εί
734 688 999 760 πρότερον
1032 689 1192 759 μάθοι
1216 691 1344 752 τοὺς
1365 687 1725 759 κατηγόρους,
1762 687 1856 759 καὶ
1876 686 1975 758 τὴν

394 776 609 846 γραφὴν
636 778 1013 848 ἐπισκέψαιτο,
1037 781 1129 833 ἐπὶ
1159 780 1404 850 μείζονος
1435 778 1817 847 ἀπολογεῖσθαι
1845 795 1974 832 συν-

393 868 536 921 όδου.
585 868 678 939 Μὴ
719 869 829 941 γὰρ
876 871 1147 940 αἱρεῖσθαι
1181 871 1406 942 ἀνόητόν
1452 888 1505 924 τι
1537 870 1849 940 ὑπομένειν,
1879 870 1974 923 καὶ

392 959 710 1028 περιφανῶν
732 959 943 1030 ἐχθρῶν
962 962 1248 1033 ἀνέχεσθαι
1266 961 1556 1015 δικαστῶν.
1589 962 1675 1024 Ὠς
1697 959 1976 1015 ἀπειθοῦν-

393 1065 483 1110 τος
504 1047 563 1100 δὲ
595 1049 798 1120 συνόδῳ
820 1052 1256 1120 χαλεπαινόντων
1285 1051 1484 1114 αὐτῶν,
1512 1053 1561 1103 oi
1594 1052 1692 1121 μὲν
1717 1050 1823 1103 τῶν
1848 1050 1972 1103 τάδε

395 1138 783 1206 ἀγγειλάντων,
810 1140 1083 1204 δείσαντες
1104 1142 1645 1212 οὐκέτιάνὲστρεφον.
1667 1143 1973 1212 Δημήτριος

395 1225 472 1291 δὲ,
495 1226 589 1280 καὶ
622 1228 737 1282 ὅσοι
774 1228 873 1299 τὴν
927 1231 1173 1284 Ἰωάννου
1217 1230 1528 1301 προετίμων
1562 1232 1868 1295 συνουσίαν,
1898 1232 1975 1294 ὡς

395 1317 559 1371 αὑτὸν
601 1318 920 1389 ἐπανῆλθον.
964 1317 1103 1374 Κατ’
1132 1320 1303 1391 αὐτὴν
1335 1320 1392 1373 δὲ
1422 1319 1521 1392 τὴν
1567 1320 1779 1392 ἡμέραν
1811 1338 1974 1392 ταχυ-

396 1407 596 1479 δρόμος
619 1411 714 1463 καὶ
741 1411 1090 1482 ταχυγράφος
1127 1414 1193 1466 ἐκ
1217 1410 1325 1464 τῶν
1352 1410 1636 1482 βασιλείων
1669 1413 1975 1483 παραγενό-

401 1514 573 1567 μενοι,
606 1500 697 1553 τὸν
727 1501 826 1572 μὲν
857 1506 1188 1573 κατήπειγον
1226 1502 1364 1572 πρὸς
1388 1503 1514 1566 τοὺς
1538 1503 1865 1568 ἐπισκόπους
1888 1504 1974 1557 ἐλ-

2081 416 2316 479 stitissc,
2349 417 2603 486 quamvis
2633 417 2785 472 illum
2820 416 2874 471 in
2906 418 3175 473 maximas
3202 418 3650 486 perturbationes

2081 507 2437 577 conjecisset.
2458 508 2574 562 Sed
2610 517 2791 562 tamen
2824 507 2928 563 hoc
2966 508 3043 560 illi
3075 524 3139 562 ex
3169 508 3337 561 animi
3379 511 3649 562 sententia

2081 602 2376 657 successit.
2406 599 2580 655 Porro
2620 600 2864 671 synodus
2905 609 3137 656 cunctos
3180 600 3649 669 Constantinopo-

2080 694 2262 747 litanae
2299 694 2454 749 urbis
2496 694 2730 748 clericos
2781 695 2849 747 ad
2897 707 2957 748 se
2986 692 3258 755 evocavit,
3314 692 3652 760 depositione

2080 783 2191 838 illis
2222 783 2572 840 interminata
2603 786 2695 856 qui
2723 799 2833 840 non
2861 784 3359 853 obtemperassent.
3384 780 3651 838 Joannem

2080 890 2300 945 quoque
2339 876 2405 929 ad
2439 891 2663 933 causam
2704 875 2994 931 dicendam
3024 874 3263 930 vocavit.
3293 873 3360 928 Et
3387 888 3494 928 una
3524 876 3652 928 cum

2079 965 2175 1022 illo
2204 965 2560 1036 Serapionem
2596 968 2790 1023 adesse
2832 967 3026 1038 jussit,
3053 975 3110 1021 et
3142 965 3389 1037 Tigrium
3421 963 3650 1035 presby—

2080 1066 2256 1112 terum
2279 1072 2406 1113 eum
2429 1056 2601 1114 Paulo
2629 1060 2856 1115 lectore.
2879 1061 2947 1113 At
2965 1058 3227 1122 Joannes,
3256 1058 3443 1114 missis
3473 1056 3539 1111 ad
3557 1071 3654 1112 eos

2079 1150 2404 1219 quibusdam
2446 1152 2689 1215 clericis,
2725 1151 3097 1205 familiaribus
3127 1165 3171 1205 si
3198 1150 3265 1204 is.
3302 1157 3356 1205 et
3377 1148 3654 1202 Demetrio

2079 1238 2426 1296 Pessinuntis
2459 1241 2740 1311 episcopo,
2769 1242 3043 1296 nuntiavit
3068 1241 3182 1295 illis
3210 1255 3272 1296 se
3295 1256 3404 1296 non
3437 1239 3655 1294 subter-

2079 1322 2268 1396 fugere
2313 1327 2587 1396 judicium
2637 1347 2651 1383 :
2695 1330 2804 1384 imo
2860 1336 3111 1399 paratum
3163 1342 3306 1391 esse,
3359 1326 3656 1382 dummodo

2081 1416 2235 1485 prius
2265 1427 2621 1474 accusatores
2650 1421 2971 1490 cognoverit
3005 1427 3060 1474 et
3091 1416 3467 1472 accusationis
3502 1415 3656 1470 lihel-

2080 1507 2188 1562 lum
2214 1508 2534 1580 inspexerit,
2553 1527 2737 1567 coram
2767 1511 2975 1581 majore
2996 1509 3231 1564 concilio
3252 1521 3475 1563 causam
3500 1520 3655 1561 suam

400 1590 545 1645 θεῖν*
578 1592 704 1656 τοὺς
745 1592 824 1658 δὲ,
857 1593 930 1665 μὴ
968 1594 1180 1665 μέλλειν
1209 1594 1337 1665 περὶ
1371 1593 1468 1665 τὴν
1498 1594 1696 1664 κρίσιν.
1737 1596 1889 1650 Ἐπεὶ
1915 1594 1973 1651 δὲ

2092 1598 2393 1655 ieiendere.
2434 1600 2623 1672 Neque
2662 1602 2810 1657 enim
2854 1602 2996 1657 velle
3025 1615 3086 1656 se
3131 1601 3361 1656 stultum
3393 1612 3457 1651 ac
3493 1604 3660 1650 teme-

398 1681 652 1753 τετράκις
692 1683 934 1754 κληθεὶς,
966 1684 1351 1756 οίκουμενικὴν
1393 1685 1710 1738 ἐπεκαλεῖτο
1743 1684 1976 1751 σύνοδον,

2092 1691 2288 1745 rarium
2359 1690 2579 1749 facinus
2632 1692 2962 1759 admittere,
3018 1700 3073 1747 et
3128 1691 3395 1762 judicium
3463 1701 3654 1741 eorum

398 1772 550 1826 οὐδὲν
597 1773 784 1842 ἕτερον
834 1774 1223 1846 ἐπαιτιώμενοι
1249 1813 1266 1839 ,
1305 1774 1444 1845 πλὴν
1488 1776 1571 1829 ὅτι
1626 1774 1846 1845 κληθεὶς
1877 1777 1976 1848 οὐχ

2092 1783 2272 1838 snhire
2295 1786 2389 1853 qui
2435 1785 2710 1841 manifesti
2756 1794 2941 1841 essent
2973 1786 3146 1855 ipsius
3186 1781 3413 1837 inimici.
3450 1777 3657 1832 Verum

401 1862 701 1931 ὑπήκουσε,
738 1864 986 1919 καθεῖλον
1020 1866 1201 1920 αὐτόν.

2092 1887 2208 1926 cum
2275 1874 2697 1945 indignarentur
2751 1876 2997 1946 episcopi
3054 1874 3319 1928 adversus
3365 1868 3657 1928 Joannem,

402 1957 662 2021 tanquam
742 1968 937 2023 parere
983 1955 1195 2026 synodo
1248 1961 1630 2021 recusantem;
1705 1969 1772 2009 ex
1830 1955 1900 2009 iis
1954 1958 2047 2027 qui
2089 1959 2196 2015 ista
2226 1963 2617 2019 nuntiaverant
2650 1965 2874 2035 quidam
2921 1973 3071 2019 metu
3125 1960 3327 2023 territi,
3374 1972 3483 2011 non
3534 1970 3651 2007 am-

406 2045 548 2111 plius
594 2052 959 2099 reverterunt.
1014 2044 1321 2101 Demetrius
1365 2060 1524 2110 vero,
1565 2053 1619 2100 et
1665 2045 1982 2116 quicunque
2054 2048 2287 2107 Joannis
2333 2056 2679 2111 consortium
2728 2055 2946 2111 cunctis
2995 2054 3158 2109 rebus
3225 2045 3657 2118 anteponebant.

403 2136 469 2189 ad
501 2135 654 2190 illum
714 2136 948 2192 rediere.
1003 2136 1207 2192 Eodem
1262 2139 1352 2194 die
1395 2153 1592 2210 cursor
1632 2146 1686 2193 et
1736 2143 1985 2197 notarius
2053 2161 2141 2201 ex.
2182 2148 2388 2218 palatio
2432 2151 2753 2217 venientes,
2802 2147 3069 2204 Joannem
3121 2146 3341 2218 quidem
3395 2137 3662 2211 urgebant

406 2237 462 2280 ut
491 2227 560 2282 ad
594 2228 882 2300 episcopos
912 2229 1203 2285 accederet
1232 2248 1245 2285 :
1273 2232 1410 2287 istos
1441 2245 1571 2285 vero
1601 2232 1804 2286 hortati
1860 2241 2011 2301 sunt,

2089 2244 2148 2291 ut
2185 2239 2454 2308 judicium
2484 2242 2877 2297 accelerarent.
2932 2241 3104 2294 Porro
3154 2252 3280 2292 cum
3328 2234 3420 2289 ille
3466 2237 3663 2300 quater

406 2326 673 2384 vocatus,
724 2320 792 2374 ad
831 2321 1231 2377 (acumenicam
1287 2323 1559 2393 synodum
1625 2333 2002 2393 provocasset,
2038 2328 2175 2384 nihil
2214 2330 2263 2386 ei
2299 2332 2447 2387 aliud
2480 2332 2803 2403 objicientes
2840 2347 3005 2403 quam
3060 2330 3204 2400 quod
3268 2335 3500 2382 vocatus
3553 2332 3660 2373 non

408 2411 702 2479 paruisset,
730 2427 856 2467 eum
881 2412 1278 2482 deposuerunt.

989 2501 1241 2556 ΚΕΦΑΛ.
1270 2502 1377 2556 IH'.

407 2589 884 2664 ’οτιέσζασίασε
906 2592 971 2646 τὸ
1002 2593 1238 2664 πλῆθος
1252 2592 1408 2664 ,κατὰ
1437 2594 1729 2661 Θεοφίλου
1748 2594 1847 2648 καὶ
1874 2594 1986 2664 τῆς

476 2659 663 2731 αὐτοῦ
699 2662 986 2724 συνόδου,
1033 2663 1130 2716 καί
1171 2662 1312 2727 τοὺς
1342 2659 1708 2731 κρατοῦντας
1760 2659 1987 2718 Mattio;

469 2729 666 2802 θεῖτο.
715 2732 1101 2798 ’Λνακληϐεὶς
1142 2733 1350 2785 τοίνυν
1376 2729 1423 2787 ’ὁ
1462 2732 1768 2802 Ἰωάννης,
1800 2733 1986 2788 πάλιν

477 2800 577 2853 ἐπι
611 2799 719 2853 τὸν
743 2803 959 2868 θρόνον
984 2802 1240 2870 ἐγένετο.

479 2888 554 2942 Τὸ
572 2888 629 2942 δὲ
651 2889 875 2958 πλῆθος,
901 2890 975 2953 ὡς
1003 2891 1127 2945 τάδε
1153 2893 1295 2961 ἔγνω
1319 2895 1377 2946 ὲν
1415 2893 1986 2947 Κωνσταντινουπόλει

409 2981 541 3053 περὶ
562 2981 741 3052 δείλην
761 2982 938 3051 ὀψίαν,
965 2984 1100 3054 πρὸς
1129 2985 1314 3039 στάσιν
1339 2986 1611 3056 κεκίνητο.
1627 2986 1737 3040 Καὶ
1763 2987 1989 3057 συνδρα-

413 3072 602 3141 μόντες
635 3072 803 3127 ἕωθεν
825 3076 904 3137 είς
941 3074 1037 3145 τὴν
1068 3075 1384 3146 ἐκκλησίαν,
1426 3077 1562 3131 ἀλλα
1590 3095 1649 3130 τε
1697 3078 1867 3132 πολλὰ
1891 3080 1989 3133 ἀν-

409 3162 664 3234 έκραγον,
677 3163 770 3216 καὶ
784 3163 858 3227 ὡς
872 3164 984 3217 δέοι
1003 3163 1221 3235 μείζονα
1239 3166 1457 3221 σύνοδον
1483 3168 1612 3239 περὶ
1627 3169 1791 3222 αὐτοῦ
1811 3169 1994 3225 διαλα-

413 3254 545 3309 ϐεῖν.
566 3255 1015 3323 Κατεπειγόντων
1034 3272 1092 3308 τε
1115 3255 1224 3309 τῶν
1239 3258 1302 3310 ἐκ
1322 3257 1585 3328 βασιλέως
1601 3262 1997 3333 προστεταγμέο

411 3362 516 3397 νων
539 3346 617 3408 είς
633 3345 928 3416 ὑπερορίαν
944 3346 1105 3400 αὑτὸν
1119 3348 1296 3417 ἀπάγε
1306 3367 1373 3414 ιν,
1386 3351 1447 3402 οὑ
1470 3350 1827 3423 συνεχώρουν.
1844 3356 1902 3408 '0
1918 3355 1994 3419 δὲ,

413 3435 594 3498 δείσας
630 3436 760 3506 μήτι
785 3437 977 3508 ἕτερον
1015 3437 1162 3507 αὐτῷ
1196 3438 1450 3509 ἔγκλημα
1490 3441 1701 3513 πλασθῇ
1723 3443 1901 3515 (60),ῆ
1925 3447 2001 3509 ὡς

416 3525 625 3597 βασιλεῖ
653 3527 983 3594 ἀπειθοῦντι,
1019 3528 1051 3600 ἢ
1090 3530 1181 3582 τὸν
1228 3530 1399 3599 δῆμον
1424 3532 1742 3601 ταράττοντι
1768 3574 1783 3598 ,
1816 3535 2001 3607 ήμέρᾳ

417 3618 569 3690 τρίτῃ
589 3618 727 3689 μετά
741 3620 839 3690 τὴν
857 3620 1194 3691 καθαίρεσιν,
1221 3621 1611 3694 διασπαρέντος
1627 3625 1720 3678 τοῦ
1738 3626 1995 3697 πλήθους,

420 3709 544 3780 περὶ
567 3710 909 3782 μεσημϐρίαν
952 3710 1129 3772 λαθὼν
1165 3712 1394 3766 ἀπέλιπε
1415 3713 1514 3785 τὴν
1538 3715 1851 3786 ἐκκλησίαν.
1861 3718 2000 3778 Ἤδη

416 3801 474 3853 δὲ
516 3800 680 3853 αὐτοῦ
726 3802 1104 3873 ἀπαγομένου,
1137 3804 1386 3874 χαλεπῶς
1439 3808 1468 3859 ό
1503 3805 1628 3871 λαός
1679 3810 1997 3878 ἐστασίαζε,

420 3891 641 3961 βασιλέα
676 3909 735 3946 τε
774 3894 868 3947 καὶ
913 3893 1011 3965 τὴν
1046 3893 1296 3960 σύνοδον,
1332 3896 1426 3949 καὶ
1465 3898 1696 3967 μάλιστα
1744 3899 2000 3970 Θεόφιλον

420 3984 514 4036 καὶ
547 3982 877 4054 Σεϐηριανὸν
916 3985 1234 4057 ἐλοιδόρουν.
1273 3989 1473 4058 ’Ἄμφω
1509 3990 1606 4061 μὲν
1638 3991 1748 4063 γὰρ
1775 3992 2001 4063 ἀρχηγὼ

418 4073 519 4143 τῆς
548 4074 839 4142 ἐιπιόουλῆς
871 4076 1063 4146 ἤστην.
1099 4078 1158 4130 '0
1189 4078 1245 4131 δὲ
1279 4079 1634 4149 Σεὸηριανός,
1671 4083 1765 4138 καὶ
1798 4084 1889 4136 ἐπὶ
1918 4087 2002 4138 ὲκ-

420 4162 647 4231 κλησίας
673 4162 795 4223 τότε
826 4164 1111 4228 διδάσκων,
1144 4166 1373 4236 ἐπῄνεσε
1408 4169 1508 4240 τὴν
1534 4171 1780 4227 ’ῐωάινου
1807 4174 1999 4228 καθαί-

425 4272 608 4322 ρεσιν,
640 4255 714 4318 ὡς
750 4257 890 4310 κατὰ
937 4257 1214 4322 ἀλαζόνος,
1248 4262 1296 4312 εί
1343 4262 1437 4313 καὶ
1487 4261 1651 4332 μηδὲν
1701 4259 1770 4331 ἦν
1816 4264 2001 4335 ἕτερον

421 4345 671 4416 ἔγκλημα
713 4348 1079 4419 γεγενημένον
1115 4350 1248 4421 (61).
1279 4352 1361 4405 Τὰ
1411 4352 1508 4422 μὲν
1544 4352 1654 4424 γάρ
1689 4354 1843 4420 ἄλλα,
1872 4355 1998 4427 ἔψη,

422 4439 790 4511 ἁμαρτήματα
808 4443 1077 4511 συγχωρεῖ
1094 4445 1205 4507 τοῖς
1235 4443 1541 4516 ἀνθρώποις
1558 4446 1618 4498 τὸ
1637 4445 1789 4500 Θεῖον
1805 4465 1818 4477 -
1835 4448 2001 4517 ὑπερ-

2684 2496 2840 2551 L‘At’.
2877 2493 3066 2550 XVIII.

2090 2586 2365 2655 Quomodo
2405 2587 2627 2658 populus
2672 2586 2921 2642 adversus
2974 2585 3312 2654 Theophilum
3345 2594 3395 2641 et
3435 2588 3662 2656 reh'quos

2157 2659 2421 2727 episcopos
2477 2659 2785 2713 seditionem
2832 2659 3161 2728 excitaverit,
3210 2666 3258 2711 ct
3317 2658 3661 2728 imperatores

2159 2729 2409 2782 conviciis
2471 2729 2766 2795 appetierit.
2834 2727 2901 2780 Et
2964 2744 3069 2795 qua
3133 2728 3339 2782 ratione
3392 2738 3662 2783 revocatus

2157 2796 2416 2865 Joannes,
2447 2798 2621 2852 sedem
2660 2813 2811 2851 suam
2847 2799 3115 2866 receperit.

2159 2891 2229 2943 At
2250 2891 2400 2961 plebs
2422 2890 3049 2960 Constantinopolitaua,
3067 2904 3192 2944 eum
3216 2890 3330 2944 haec
3349 2877 3451 2945 sub
3477 2905 3664 2958 vespe-

2092 2998 2207 3037 ram
2233 2983 2603 3053 cognovisset,
2633 2983 2701 3038 ad
2726 2981 3047 3038 seditionem
3068 2981 3373 3050 prorupit’.
3400 2981 3465 3036 Ει
3491 2983 3666 3051 prima

2096 3078 2242 3140 luce,
2277 3090 2551 3131 concursu
2581 3073 2649 3129 ad
2686 3075 2973 3130 ecclesiam
3011 3073 3176 3135 facto,
3208 3080 3322 3126 tum
3357 3073 3464 3127 alia
3497 3071 3669 3128 multa

2099 3168 2384 3224 vociferati
2434 3175 2593 3233 sunt,
2642 3177 2758 3222 tum
2815 3164 3077 3236 majorem
3130 3163 3397 3234 synodum
3450 3164 3518 3218 de
3567 3162 3671 3218 hac

2100 3274 2268 3315 causa
2319 3273 2652 3329 cognoscere
2696 3256 2915 3311 debere.
2968 3254 3033 3310 Et
3089 3270 3216 3308 cum
3272 3255 3310 3309 ii
3356 3254 3555 3324 quibus
3602 3254 3670 3307 ab

2102 3334 2431 3421 imperatoie
2489 3349 2806 3403 mandatum
2878 3346 3053 3400 fuerat
3114 3356 3167 3397 ut
3221 3360 3344 3399 eum
3410 3348 3463 3398 in
3522 3345 3669 3398 exsi-

2100 3441 2233 3493 lium
2303 3439 2674 3499 abducerent,
2734 3435 2972 3504 idipsum
3027 3440 3316 3502 urgerent,
3382 3432 3460 3485 illi
3527 3432 3672 3486 relu-

2100 3529 2410 3585 ctabantur.
2460 3524 2568 3581 Sed
2612 3524 2876 3589 Joannes,
2914 3523 3126 3577 veritus
3177 3538 3245 3576 ne
3279 3521 3506 3575 alterum
3567 3522 3669 3575 sibi

2100 3622 2307 3675 crimen
2353 3618 2720 3689 aliingeretur,
2775 3616 2859 3672 vel
2900 3614 3046 3685 Quod
3099 3612 3326 3683 principi
3369 3611 3535 3684 349
3576 3627 3672 3681 ρει--

2101 3726 2222 3767 rere
2296 3710 2608 3773 noluisset,
2695 3708 2780 3762 vel
2841 3706 2988 3777 quod
3053 3706 3307 3777 pupulum
3377 3705 3445 3759 ad
3523 3703 3671 3758 sedi-

2101 3803 2306 3858 tionem
2336 3801 2706 3862 concitasset,
2739 3797 2920 3851 triduo
2948 3804 3072 3866 post
3114 3796 3278 3849 latam
3311 3794 3675 3865 depositionis

2102 3893 2452 3959 sententiam,
2481 3893 2735 3964 disperso
2764 3891 2890 3946 hinc
2922 3890 3049 3945 inde
3076 3891 3298 3960 populo,
3328 3890 3475 3943 circa
3502 3889 3672 3941 meri-

2101 3989 2244 4043 diem
2286 3987 2519 4041 latenter
2557 4000 2626 4041 ex
2666 3983 2901 4040 ecclesia
2947 3982 3226 4037 discessit.
3269 3980 3515 4049 Cumque
3557 3979 3669 4048 jam

2102 4081 2490 4142 abduceretur,
2523 4079 2758 4149 populus
2802 4075 3042 4147 graviter
3071 4072 3433 4128 tumultuatus
3464 4077 3580 4134 est,
3618 4077 3673 4124 et

2103 4173 2488 4243 imperatorem
2544 4178 2823 4239 totamque
2894 4164 3200 4237 synodum,
3249 4163 3342 4219 sed
3405 4162 3672 4232 praecipue

2103 4262 2469 4335 Theophilum
2518 4271 2573 4318 et
2618 4260 3010 4324 Severianum,
3065 4257 3371 4331 maledictis
3424 4257 3669 4326 appetiit.

2103 4355 2280 4411 Ambo
2317 4355 2461 4412 enim
2488 4353 2579 4409 isti
2609 4359 2864 4408 auctores
2899 4351 3115 4406 fuerant
3140 4349 3485 4404 insidiarum.
3510 4346 3674 4403 Seve-

2104 4449 2294 4502 rianus
2344 4461 2476 4501 vero
2495 4459 2618 4500 cum
2642 4444 2696 4498 in
2719 4442 2953 4498 ecclesia
2983 4456 3080 4510 per
3124 4440 3179 4494 id
3210 4451 3425 4508 tempus
3458 4453 3671 4494 sermo-

421 4531 650 4600 τγφάνοις
681 4532 738 4584 δέ
767 4533 1165 4587 ἀντιτάσσεται.
1202 4535 1326 4588 Ἐπὶ
1362 4536 1571 4601 τούτοις
1602 4538 1658 4591 δὲ
1704 4540 1989 4610 ἐνεμέσησε

2105 4549 2229 4589 nem
2299 4534 2558 4598 haberet,
2626 4530 2988 4601 depositionis
3054 4527 3283 4584 Joannis
3343 4526 3671 4582 sententiam

418 4620 481 4677 τὸ
514 4620 733 4692 πλῆθος,
755 4624 847 4677 καὶ
862 4623 961 4695 τὴν
991 4625 1158 4697 ὀργὴν
1180 4627 1422 4693 ἀνενέου,
1442 4630 1539 4682 καὶ
1572 4630 1812 4700 ἀσχέτως
1839 4631 2000 4683 ἐστα-

422 4712 575 4777 σίαζε
612 4729 623 4742 ·
662 4716 754 4769 καὶ
809 4715 932 4769 οὕτε
980 4718 1037 4771 ὲν
1089 4718 1445 4790 ἐκκλησίαις,
1482 4719 1606 4774 οὔτε
1660 4723 1722 4774 ὲν
1773 4723 2000 4791 ἀγοραῖς

337 4876 343 4882 Α
424 4805 651 4875 ἠρεμεῖν
673 4805 919 4876 ἠνείχετο
940 4824 953 4838 ο
989 4808 1107 4878 ἃμα
1128 4810 1184 4862 δὲ
1217 4810 1447 4882 ὀλολυγῇ
1483 4812 1577 4864 καὶ
1607 4812 1862 4883 ὀδυρμοῖς
1902 4813 1999 4882 μέ-

422 4913 513 4966 χρι
543 4898 636 4951 καὶ
661 4892 843 4951 αὐτῶν
866 4898 973 4953 τῶν
1003 4890 1285 4969 βασιλείων
1320 4902 1620 4973 προϊόντες,
1639 4902 1844 4955 ἐδέοντο
1873 4904 1999 4972 περὶ

420 4987 523 5058 τῆς
566 4990 811 5046 Ἰωάννου
863 4992 1229 5063 ἀνακλήσεως.
1278 4993 1480 5060 Εἴξασα
1516 4995 1572 5050 δὲ
1612 4997 1729 5058 ταῖς
1767 4996 1997 5060 ἱκεσίαις

494 5165 509 5196 ¹
550 5162 704 5221 Socr.
727 5166 822 5222 lib.
845 5183 915 5232 Vl,
949 5185 1002 5226 e.
1040 5169 1126 5224 ili.

2104 4626 2367 4695 laudavit,
2399 4632 2583 4696 utpote
2619 4625 2673 4679 in
2711 4624 2982 4679 hominem
3012 4628 3380 4690 arrogantem,
3412 4618 3514 4674 etsi
3548 4619 3673 4673 nul-

2100 4719 2211 4771 lum
2255 4716 2403 4771 aliud
2448 4716 2658 4771 crimen
2708 4724 2876 4779 esset,
2930 4714 3220 4784 prolatam.
3268 4710 3474 4765 Caetera
3523 4711 3668 4763 enim

2100 4809 2329 4872 delicta,
2348 4815 2407 4863 ut
2434 4808 2635 4871 aiebat,
2668 4806 2810 4861 Deus
2840 4804 3155 4859 hominibus
3179 4802 3420 4872 indulget
3448 4821 3460 4855 :
3486 4815 3671 4869 super-

2102 4903 2186 4958 bis
2211 4909 2391 4956 autcm
2436 4900 2665 4956 resistit.
2697 4899 2781 4954 0b
2814 4897 2927 4953 hinc
2957 4895 3192 4967 populus
3225 4894 3537 4963 indignatus
3565 4899 3666 4957 est,

2101 4995 2347 5065 iramque
2379 5009 2534 5050 suam
2575 4993 2878 5050 renovavit.
2908 4989 3019 5047 Nec
3044 4991 3160 5062 jam
3193 4988 3428 5058 amplius
3463 5002 3495 5040 a
3522 4985 3668 5041 sedi.

1626 5325 1895 5380 VALESII
1934 5325 2481 5385 ANNOTATIONES.

498 5456 608 5528 {60)
632 5457 797 5523 Αὐτῷ
835 5459 1101 5528 ἔγκλημα
1134 5456 1400 5527 πλησθῇ.
1450 5456 1670 5512 Rectius
1721 5458 1773 5511 in
1810 5459 1995 5514 codice

430 5525 729 5599 Fuizetiano
752 5525 1030 5599 scripturn
1050 5538 1139 5599 est
1160 5528 1361 5599 -πλακῇ.

502 5596 610 5667 t6!)
650 5600 714 5650 Εί
744 5599 838 5652 καὶ
867 5595 1070 5667 'jnjr‘ié'r
1106 5595 1181 5668 ἦν
1210 5595 1413 5665 ἕτερον
1452 5597 1719 5666 ἔγκλημα
1749 5614 1986 5667 γεγενη-

2095 5462 2299 5531 μένον.
2334 5460 2528 5514 Procul
2561 5460 2728 5514 dubio
2766 5459 3115 5531 scribendum
3147 5467 3230 5511 est
3269 5458 3658 5531 γεγενημένην.

2100 5530 2353 5586 Refertur
2386 5532 2531 5587 enim
2566 5531 2631 5584 ad
2676 5547 2860 5586 vocem
2892 5528 3228 5600 καθαίρεσιν.
