4050 6218
457 238 599 301 ιιιάσ

1899 241 2247 300 SOZOMENI

3564 240 3709 298 ιξιει

453 355 604 410 tione
646 352 890 410 revocari
926 361 1159 423 poterat,
1194 354 1290 411 sed
1331 362 1445 411 tum
1494 356 1551 412 in
1590 357 1878 426 ecclesiis,
1911 366 2031 414 tum

2143 358 2226 413 τοῦ
2256 359 2427 430 δήμου
2455 360 2488 428 ἡ
2529 357 2755 428 βασιλὶς,
2774 356 2947 411 πείθει
2982 355 3075 410 τὸν
3106 353 3275 426 ἄνδρα
3306 350 3582 408 ἐπινεῦσαι
3610 369 3625 385 ·
3659 356 3721 411 ιν

453 446 511 500 in
547 443 667 500 l‘oro
714 444 1178 499 tumultuabatur.
1228 444 1474 517 Denique
1516 448 1584 501 ad
1627 449 1806 519 ipsum
1853 463 2029 520 usque

450 535 716 607 palatium
755 536 1032 607 progressi
1068 551 1193 590 cum
1229 538 1441 592 ululatu
1472 548 1527 593 et
1578 539 1860 603 lamentis,
1899 554 2028 594 ora—

452 627 587 683 bant
618 634 677 681 ut
708 624 951 681 Joannes
992 635 1367 686 revocaretur.
1410 628 1648 685 Proinde
1680 630 2026 701 imperatrix,

2130 450 2283 520 τάχει
2315 466 2375 503 τε
2428 448 2711 521 Βρίσσωνα
2741 447 2832 501 τὸν
2879 448 3019 518 ἀμφ“
3046 445 3216 517 αὐτὴν
3250 445 3440 499 πιστὸν
3467 444 3722 516 εὐνοῦχον

2132 541 2413 612 πέμψασα,
2437 542 2501 594 ἐκ
2532 541 2799 612 Πρενέτου
2841 541 2938 611 τῆς
2968 538 3221 603 Βιθυνίας
3260 538 3515 609 Ἰωάννην
3552 539 3720 593 ἐπαν-

2131 633 2356 704 ήγαγεν,
2388 631 2564 684 ἀθῶον
2603 627 2879 684 εἶναιτῶν
2925 628 3046 683 κατ⁹
3076 627 3243 683 αὐτοῦ
3286 627 3725 699 βεϐουλευμένων

452 718 953 789 supplicationibus
1005 719 1191 789 populi
1233 719 1401 785 victa,
1437 721 1637 779 marito
1666 731 1726 776 ut
1765 728 2031 777 annueret

2143 722 2438 793 Βηλώσασα,
2466 721 2559 773 καὶ
2594 720 2662 773 δι’
2706 718 2888 781 αἰδοῦς
2922 717 3083 771 αὐτὸν
3127 717 3295 787 ἔχειν,
3330 717 3407 779 ὼς
3446 716 3602 786 ίερέα
3634 719 3725 769 καὶ

453 809 736 879 persuasit
768 826 780 839 ο
817 808 1098 879 missoque
1150 808 1443 865 confestim
1474 809 1740 876 Brisone,
1781 812 2029 868 omnium

454 914 593 970 quos
625 900 770 955 circa
815 915 875 955 se.
912 900 1148 955 habebat
1179 903 1557 957 eunuchorum
1590 904 1930 966 ﬁdelissimo,
1963 920 2031 961 ex

408 1002 415 1005 '
454 989 657 1059 oppido
680 990 946 1059 Bithyniae
974 989 1208 1045 Preneto
1222 989 1486 1047 Joannem
1519 992 1757 1058 reduxit,
1782 993 2031 1049 scribens

454 1095 516 1136 se
548 1080 864 1136 nullatenus
890 1082 1211 1151 participem
1242 1097 1366 1138 esse
1414 1083 1737 1139 insidiarum
1785 1098 1907 1155 qua:
1937 1083 2032 1138 ad—

452 1186 645 1225 versus
672 1171 825 1225 illum
854 1179 1080 1226 structm
1123 1170 1390 1238 luissent,
1419 1189 1591 1245 seque
1634 1174 1786 1228 illum
1824 1174 2034 1230 honore

452 1262 736 1332 prosequi,
779 1268 839 1315 ut
875 1262 1218 1318 sacerdotem
1263 1272 1317 1319 et
1354 1265 1691 1320 initiatorem
1732 1265 2031 1319 liberorum

453 1367 705 1408 suorum.
732 1356 801 1407 At
826 1352 1066 1409 Joannes
1098 1371 1359 1412 reversus
1404 1356 1461 1410 in
1503 1357 1824 1412 suburbano
1862 1358 2034 1427 impe-

452 1443 677 1497 ratricis
694 1443 888 1512 ipsius,
907 1445 1059 1498 circa
1074 1444 1344 1515 Anaplum
1366 1447 1590 1502 resedit.
1615 1445 1724 1502 Nec
1747 1456 1875 1502 ante
1891 1447 2034 1517 judi-

451 1536 596 1590 cium
633 1535 861 1605 majoris
892 1538 1106 1607 synodi,
1127 1553 1236 1607 quo
1272 1540 1448 1608 palam
1471 1540 1624 1595 ﬁeret
1655 1541 2032 1612 episcopatum

450 1625 555 1696 ipsi
610 1627 814 1695 injuste
863 1628 1175 1699 ademptum
1228 1630 1421 1697 fuisse,
1475 1630 1684 1701 ingredi
1736 1632 1791 1685 in
1841 1633 2033 1687 urbem

2136 810 2496 884 μυσταγωγὸν
2541 810 2650 863 τῶν
2688 810 2861 880 αὐτῆς
2892 807 3097 862 παίδων
3122 806 3256 878 (6‘2).
3307 807 3365 859 '0
3405 806 3463 859 δὲ
3495 806 3725 859 ἐπανελ-

2133 903 2263 968 θὼν,
2293 904 2351 956 ὲν
2402 900 2716 973 προαστείῳ
2767 900 2939 969 αὐτῆς
2986 900 3087 969 τῆς
3137 897 3407 969 βασιλίδος
3454 896 3587 967 περὶ
3635 896 3725 949 τὸν

2149 993 2442 1048 Ἀνάπλουν
2482 990 2592 1063 (63)
2634 989 2903 1059 διέτριϐε·
2929 988 3023 1042 καὶ
3049 988 3157 1059 πρὸ
3198 987 3437 1058 κρίσεως
3476 983 3724 1056 μείζονος

2135 1085 2375 1157 συνόδου,
2410 1083 2476 1136 ἶν’
2505 1082 2591 1149 εἴη
2619 1082 2778 1151 δῆλον
2808 1079 2885 1143 ὡς
2933 1078 3133 1141 ἀδίκως
3165 1077 3415 1148 ἀφῃρέθη
3459 1076 3564 1147 τῆς
3603 1078 3726 1128 sm.-

2136 1175 2366 1245 σκοπῆς,
2413 1175 2712 1243 παρῃτεῖτο
2755 1171 2894 1234 τέως
2921 1168 3021 1240 τὴν
3057 1169 3137 1232 είς
3173 1168 3272 1239 τὴν
3316 1167 3472 1221 πόλιν
3493 1167 3719 1220 εἴσοδον.

2147 1265 2300 1319 Ἐπεὶ
2324 1265 2383 1319 δὲ
2416 1264 2579 1317 πάλιν
2607 1265 2636 1316 ὁ
2663 1261 2791 1326 λαὸς
2820 1262 3142 1332 ἠγανάκτει,
3178 1263 3271 1313 καὶ
3305 1262 3433 1323 τοὺς
3455 1258 3725 1331 κρατοῦν-

2133 1370 2231 1420 τας
2263 1354 2518 1426 ἐλοιδόρει
2543 1394 2556 1417 ,
2584 1352 2828 1423 βιασθεὶς
2858 1351 3125 1423 εἰσῆλθεν.
3173 1354 3262 1406 Ἐν
3294 1351 3645 1422 ψαλμῳδῖαις
3670 1351 3724 1409 δὲ

2135 1447 2273 1519 πρὸς
2321 1448 2382 1501 τὸ
2432 1444 2647 1517 συμϐὰν
2694 1444 3098 1515 πεποιημέναις
3140 1445 3459 1515 ὑπαντήσας
3494 1444 3523 1496 ὁ
3554 1443 3724 1513 δῆμος

2138 1535 2352 1609 (ἔφερον
2371 1536 2428 1590 δὲ
2443 1554 2512 1606 κη
2520 1537 2646 1605 poi);
2663 1534 2943 1606 ἡμμένους
2957 1537 3005 1589 οἱ
3031 1534 3292 1605 πλείους),
3311 1535 3536 1603 ἄγουσιν
3560 1534 3723 1587 αὐτὸν

2137 1630 2229 1682 ἐπὶ
2266 1629 2365 1699 τὴν
2410 1628 2725 1697 ἐκκλησίαν.
2776 1625 3219 1698 Παραιτούμενόν
3257 1642 3353 1690 τε,
3383 1626 3479 1679 καὶ
3521 1624 3724 1678 πολλάς

451 1719 778 1773 sustinebat.
829 1711 935 1774 Sed
983 1735 1107 1774 cum
1160 1722 1397 1792 populus
1425 1723 1607 1778 denuo
1637 1723 2034 1793 indignaretur,

2143 1739 2226 1786 κις
2267 1720 2672 1792 ίσχυριζόμενον
2720 1720 2919 1791 χρῆναι
2957 1719 3220 1788 πρότερον
3251 1719 3380 1782 τοὺς
3409 1718 3724 1787 καταψηφι-

450 1818 505 1862 et
539 1809 899 1879 imperatores
953 1814 1219 1868 conviciis
1263 1814 1596 1879 incesseret,
1630 1825 1853 1870 coactus
1906 1821 2031 1869 tan-

451 1899 574 1955 dem
623 1902 893 1958 introivit.
938 1902 1111 1960 Porro
1149 1906 1388 1975 papulus
1431 1907 1673 1976 psalmos
1721 1920 1927 1963 canens
1962 1905 2030 1960 ad

452 2006 695 2060 praesens
765 1995 1045 2063 negotium
1115 1996 1487 2064 compositos,
1547 1997 1793 2066 plerique
1864 1996 2031 2050 etiam

451 2097 642 2137 cereos
673 2098 939 2140 accensos
962 2086 1215 2141 manibus
1239 2095 1516 2155 gestantes
1556 2087 1772 2141 obviam
1804 2087 1854 2141 ei
1897 2102 2031 2157 pro-

452 2175 734 2244 gressi,ad
756 2176 1046 2231 ecclesiam
1077 2193 1198 2231 eum
1226 2177 1588 2233 deduxerunt.
1619 2178 1686 2233 Et
1714 2194 2028 2249 quanquam

452 2276 823 2333 recusantem,
857 2284 923 2323 ac
969 2270 1173 2340 saepius
1197 2269 1556 2327 alIirmantem
1607 2272 1762 2341 prius
1809 2286 2033 2328 necesse

450 2374 596 2425 esse,
631 2371 691 2414 ut
721 2361 814 2430 qui
850 2361 1029 2430 ipsum
1085 2361 1618 2424 condemnaverant,
1664 2370 1873 2417 mutata
1908 2377 2034 2418 sen-

451 2450 623 2504 tentia
653 2467 802 2506 nuuc
836 2453 1206 2518 absolverent,
1243 2454 1651 2523 compulerunt,
1685 2455 1763 2508 uti
1798 2468 1918 2510 mos
1949 2461 2034 2510 est

450 2541 752 2612 episcopis,
794 2558 986 2613 pacem
1048 2545 1254 2615 pupulo
1307 2544 1473 2610 dare,
1529 2552 1585 2599 et
1640 2545 1695 2599 in
1739 2544 2036 2615 episcopali

452 2634 593 2689 solio
654 2636 966 2692 considere.
1024 2636 1263 2693 Coactus
1316 2637 1539 2707 itaque,
1604 2638 2031 2706 extemporalem

452 2742 675 2796 quoque
715 2728 909 2810 habuit
946 2731 1274 2792 orationem.
1324 2727 1669 2801 Sumptoque
1705 2736 2033 2800 argumento

449 2834 519 2872 ex
572 2820 978 2891 elegantissima
1026 2820 1424 2885 similitudine,
1468 2820 1702 2889 ﬁgurate
1744 2821 2030 2886 indicavit,

2139 1811 2407 1883 σαμένους
2456 1810 2620 1865 αὑτοῦ
2674 1812 2837 1864 πάλιν
2885 1808 3366 1881 ἀποψηφίσασθαι,
3396 1809 3474 1872 ὡς
3517 1809 3723 1879 ἱερεῦσι

2138 1904 2291 1973 Θέμις
2309 1902 2770 1973 (64),ὴνάγκασαν
2790 1900 2889 1971 τὴν
2917 1902 3140 1971 εἰρήνην
3155 1900 3233 1970 τῷ
3254 1899 3369 1969 λαῷ
3385 1902 3719 1970 προσειπεῖν,

2137 1993 2229 2048 καὶ
2252 1982 2336 2057 εἰς
2357 1994 2448 2047 τὸν
2470 1993 2825 2047 ἐπισκοπικδν
2849 1991 3071 2046 καθίσαι
3093 1991 3300 2064 θρόνον.
3330 1990 3723 2060 Ἀναγκασθεὶς

2137 2085 2214 2149 δὲ,
2246 2085 2340 2138 καὶ
2376 2085 2582 2155 σχέδι6ν
2601 2103 2722 2138 τινα
2748 2083 2990 2155 διεξῆλθε
3014 2083 3191 2152 λόγον.
3233 2084 3327 2137 Ἐκ
3355 2082 3721 2154 χαριεστάτης

2136 2175 2192 2228 δὲ
2225 2175 2435 2238 εἰκόνος
2479 2175 2577 2239 τὰς
2624 2174 2880 2247 ἀφορμὰς
2912 2174 3125 2239 λαϐὼν,
3158 2174 3414 2244 ὑπεδήλου
3455 2172 3718 2240 Θεόφιλον

2142 2266 2241 2336 μὲν
2278 2265 2560 2338 ἐνυϐρίσαι
2579 2265 2675 2337 τὴν
2697 2266 2789 2320 ὑπ’
2809 2265 2971 2319 αὑτὸν
3006 2265 3327 2336 Ἐκκλησίαν
3348 2265 3720 2334 ἐπιχειρῆσαι,

2139 2356 2216 2420 ὡς
2265 2355 2356 2409 τὸν
2407 2356 2719 2425 Αἰγυπτίων
2771 2356 2997 2426 βασιλέα
3042 2356 3140 2428 τὴν
3192 2355 3440 2427 Ἀϐραὰμ
3468 2354 3568 2408 τοῦ
3623 2371 3725 2408 πα-

2139 2448 2399 2519 τριάρχου
2440 2448 2687 2518 γαμετὴν
2711 2488 2726 2513 ,
2752 2448 2827 2513 ὡς
2862 2449 2918 2502 αἱ
2968 2448 3078 2501 τῶν
3133 2448 3399 2519 Ἑϐραίων
3453 2445 3725 2519 ἱστοροῦσι

2136 2539 2309 2610 βίϐλοι
2335 2555 2348 2569 ·
2386 2540 2480 2593 τὸν
2505 2539 2563 2592 δὲ
2608 2540 2734 2593 λαὸν
2770 2539 2848 2603 ὡς
2871 2539 3018 2604 είκδς
3054 2539 3349 2602 ἐπαινέσας
3387 2542 3491 2609 τῆς
3524 2538 3721 2610 προθυ-

2137 2631 2266 2703 μίας
2285 2670 2299 2695 ,
2322 2630 2417 2685 καὶ
2448 2632 2575 2695 τοὺς
2618 2632 2958 2703 κρατοῦντας
2996 2635 3099 2704 τῆς
3136 2631 3267 2702 περὶ
3297 2631 3462 2685 αὐτὸν
3493 2632 3719 2695 εὐνοίας,

2134 2728 2214 2791 είς
2253 2726 2479 2791 πολλοὺς
2509 2727 2737 2797 κρότους
2769 2728 2864 2781 καὶ
2894 2727 3167 2798 εὐφημίαν
3195 2726 3291 2781 τοῦ
3328 2724 3604 2796 βασιλέως
3637 2725 3727 2777 καὶ

2136 2820 2234 2892 τῆς
2288 2819 2452 2873 αὒτοῦ
2510 2820 2790 2890 γαμετῆς,
2821 2820 2884 2874 τὸ
2931 2820 3133 2891 πλῆθος
3189 2819 3480 2895 ἐκίνησεν,
3510 2816 3589 2881 ὡς
3639 2813 3725 2867 καὶ

449 2904 818 2979 Theophilum
847 2909 1067 2981 quidem
1105 2919 1348 2966 tentasse
1374 2912 1482 2968 vim
1528 2910 1734 2966 inferre
1764 2906 2021 2966 Ecclesiae

2143 2910 2363 2983 ἡμιτελῆ
2388 2910 2707 2966 καταλιπεῖν
2727 2912 2820 2966 τὸν
2848 2911 3027 2981 λόγον.

450 3017 592 3067 suae,
630 3004 857 3072 perinde
886 3020 950 3059 ac
991 3005 1120 3059 olim
1158 3020 1345 3075 regem
1378 3004 1694 3076 Egyptium
1741 3005 1897 3060 uxori
1926 3004 2258 3075 patriarchae
2324 3005 2649 3071 Abrahami,
2717 3012 2778 3060 ut
2824 3005 3064 3061 refertur
3124 3004 3177 3060 in
3224 2986 3421 3060 sacris
3488 3002 3726 3058 Hebraeo-

449 3107 573 3149 rum
603 3092 784 3150 Libris
814 3115 827 3150 :
859 3098 1122 3166 populum
1154 3111 1306 3161 vero,
1357 3098 1426 3153 ob
1471 3114 1808 3170 pr0pensum
1847 3114 1976 3169 erga
2044 3114 2105 3154 se
2130 3100 2424 3164 .animum,
2462 3109 2519 3161 et
2560 3099 2915 3169 imperatores
2959 3099 3031 3154 ob
3080 3097 3349 3168 prolixam
3399 3096 3726 3152 benevolen-

450 3184 614 3247 tiam,
654 3192 713 3238 ut
772 3200 870 3253 par
907 3192 1057 3249 erat,
1110 3187 1365 3241 laudibus
1422 3196 1788 3257 prosecutus,

1876 3195 2062 3245 tantos
2102 3189 2474 3247 multitudinis
2515 3191 2746 3261 plausus
2793 3197 2987 3261 totque
3020 3188 3448 3245 acclamationes
3496 3188 3555 3244 in
3622 3188 3727 3242 lau-

452 3279 574 3334 dem
628 3276 980 3347 imperatoris
1032 3283 1088 3332 et
1135 3277 1398 3349 Augustae
1425 3278 1589 3349 350
1626 3279 1920 3346 excitavit,
1965 3287 2026 3337 ut
2061 3283 2367 3338 orationem
2400 3283 2774 3353 imperfectam
2804 3282 3133 3352 abrumpere
3169 3280 3247 3337 sit
3282 3288 3537 3337 coactus.

1065 3366 1217 3423 CAP.
1261 3369 1402 3424 XIX.

450 3461 531 3516 De
584 3459 919 3528 improbitate
976 3460 1282 3531 Theophili,
1323 3461 1487 3531 deque
1538 3462 1836 3516 inimicitiis
1897 3462 2037 3517 inter

526 3531 808 3602 Egi/ptius
855 3538 906 3602 e_t
956 3529 1576 3602 Constantinopolitano:
1617 3549 1636 3586 :
1676 3543 1751 3602 et,
1786 3532 1850 3586 de
1904 3532 2035 3601 fuga

526 3599 821 3669 Theophili.
871 3599 1007 3654 Item
1046 3602 1109 3655 de
1156 3600 1495 3657 Nilammone
1542 3599 1920 3657 monacho:et
1967 3599 2034 3657 de

524 3674 725 3743 synodo
752 3688 846 3727 pro
883 3669 1093 3725 Joanne
1120 3672 1361 3727 collecta.

524 3836 592 3890 At
625 3834 989 3905 'l‘heOphilus,
1025 3835 1311 3905 ambigens
1355 3836 1484 3905 quid
1515 3835 1665 3891 facto
1694 3852 1834 3906 opus
1865 3844 2036 3921 esset,

453 3929 584 3985 licet
610 3926 875 3983 Joannem
910 3928 1130 3997 publice
1158 3943 1422 3983 accusare
1453 3928 1636 3994 vellet,
1664 3929 1810 3998 quod
1842 3939 2033 3984 contra

454 4021 771 4092 praescripta
821 4019 1038 4091 legum,
1081 4027 1204 4089 post
1264 4020 1663 4091 depositionem
1722 4021 2035 4077 sacerdotio

456 4112 797 4184 fungeretur,
852 4127 965 4165 non
1030 4119 1214 4167 tamen
1278 4112 1417 4168 satis
1472 4112 1689 4168 ﬁducia:
1725 4112 1965 4169 habebat
1989 4113 2029 4169 ί.

513 4220 528 4252 ’
578 4223 734 4278 Socr.
765 4222 861 4277 lib.
893 4239 968 4289 vt,
1005 4238 1056 4278 c.
1094 4223 1185 4278 17.

2721 3375 2972 3429 ΚΕΦΑΛ.
3016 3373 3097 3427 10'
3104 3412 3120 3427 .

2137 3464 2277 3535 Περὶ
2330 3464 2443 3535 τῆς
2498 3464 2869 3534 δυστροπίας
2919 3466 3234 3533 Θεοφίλου,
3284 3464 3386 3518 καὶ
3433 3465 3578 3534 περὶ
3626 3465 3729 3535 τῆς

2212 3482 2221 3515 ι
2261 3482 2277 3518 ι
2330 3482 2443 3535 της
2498 3482 2869 3534 συστροπιας
2919 3482 3234 3533 υεοφιλου.
3284 3482 3386 3518 και
3433 3482 3578 3534 περι
3626 3483 3727 3535 της

2212 3482 2434 3601 ἔχθρας
2482 3537 2835 3604 Αἰγυπτίων,
2867 3536 2966 3589 καὶ
2992 3534 3112 3588 τῶν
3159 3538 3727 3591 Κωνσταντινουπο-

2209 3604 2415 3675 λιτῶν·
2458 3605 2554 3659 καὶ
2582 3605 2715 3674 περὶ
2742 3604 2855 3673 τῆς
2895 3604 3096 3675 φυγῆς
3129 3605 3439 3675 Θεοφίλοψ
3472 3607 3577 3659 καὶ
3605 3607 3727 3673 περὶ

2206 3674 2602 3744 Νιλάμμωνος
2635 3675 2743 3729 τοῦ
2772 3673 3065 3744 timenem"),
3093 3673 3192 3727 καὶ
3219 3673 3332 3742 τῆς
3363 3675 3502 3740 περὶ
3539 3675 3728 3732 Ἰωάν-

2210 3761 2334 3813 νην
2380 3745 2672 3800 συνόδου.

2210 3837 2467 3906 Θεόφιλος
2497 3837 2555 3891 δὲ
2575 3837 2799 3908 ἀπορῶν
2828 3838 2857 3891 ὃ
2880 3855 2933 3891 τι
2972 3838 3238 3910 χρήσαιτο
3280 3841 3392 3902 τοῖς
3438 3837 3728 3911 παροῦσιν,

2137 3928 2239 3982 οὐκ
2263 3929 2508 4001 ἐθάρρει,
2546 3929 2749 4000 καίπερ
2788 3927 3260 4001 προθυμούμενος,
3290 3931 3370 3993 εἰς
3400 3929 3461 3982 τὸ
3498 3928 3729 3999 φανερὸν

2139 4022 2465 4091 διαϐάλλειν,
2503 4021 2776 4093 Ἰωάννην,
2793 4022 2869 4086 ὡς
2895 4021 3231 4091 παρανόμως
3253 4020 3389 4092 μετὰ
3416 4022 3732 4091 καθαίρεσιν

2145 4114 2611 4187 ίερωμένον.Ἥδη
2637 4112 2748 4187 γὰρ
2775 4116 2889 4179 τοῖς
2910 4112 3173 4186 κρατοῦσι
3190 4112 3589 4184 προσκρούσων
3601 4111 3728 4185 (65),

1646 4316 1916 4373 VALESII
1952 4313 2509 4376 ANNOTATIONES.

528 4404 640 4478 (ϐξ)
679 4405 787 4478 {(ai
814 4407 1214 4478 μυσταγωγὸν
1249 4407 1369 4462 τῶν
1394 4408 1586 4478 αὐτῆς
1617 4410 1875 4464 παίδων.
1911 4409 2041 4464 Suf-
2072 4416 2120 4475 ι)

457 4475 632 4548 lridus
680 4474 880 4531 Petrus
927 4474 1072 4532 hunc
1112 4474 1302 4533 locum
1359 4480 1433 4533 ita
1473 4474 1915 4548 intorpretatur:
1961 4481 2028 4535 Et

458 4545 747 4620 liberorum
789 4564 1008 4601 suorum
1047 4547 1101 4620 in
1136 4548 1396 4620 religione
1444 4545 1864 4620 gubernatorem.
1920 4550 2031 4606 Me-

459 4616 565 4667 lius
611 4614 982 4691 iuStitutorcm
1035 4614 1605 4691 dixisset._Musculus
1639 4631 2031 4691 vero_mysta-

458 4699 656 4753 gogum
692 4687 853 4739 vertit
904 4702 1014 4741 non
1072 4690 1231 4744 male.
1290 4688 1383 4742 Sic
1434 4698 1617 4745 autem
1672 4691 1741 4744 ab
1785 4687 2032 4745 Eudoxia

461 4761 689 4830 vocatus
716 4755 1066 4830 cst_Joannes
1088 4759 1538 4830 Chrysostomus,
1565 4760 1649 4830 vel
1679 4760 1824 4830 Quod
1858 4762 2034 4829 ipsius

462 4822 603 4900 [illos
630 4837 789 4876 sacro
814 4826 1038 4900 lavacro
1066 4822 1359 4900 tinxisset,
1392 4831 1472 4883 vel
1505 4822 1649 4900 quod
1681 4822 1776 4885 eos
1806 4846 1836 4900 e
1873 4822 2035 4885 sacro

462 4893 613 4972 fonte
664 4894 1023 4972 susqapisset.
1066 4896 1226 4952 Certe
1293 4899 1375 4972 de
1417 4893 1732 4972 Theodosio
1801 4898 2036 4972 Juuiore

462 4962 729 5016 Eudoxite
776 4963 886 5040 ﬁlio
935 4965 985 5017 id
1036 4976 1267 5022 testatur
1319 4969 1657 5040 llicephorus
1683 4985 1805 5040 cap.
1840 4972 1895 5030 9,
1938 4970 2032 5025 lib.

461 5048 584 5109 ξιιι,
612 5047 739 5087 eum
766 5048 795 5086 a
822 5031 1037 5089 Joanne
1068 5053 1098 5090 e
1125 5054 1286 5109 sacro
1317 5031 1466 5095 l'ottte
1489 5031 1808 5109 susceptum
1841 5040 2033 5096 fuisse.

362 5110 377 5113 “
461 5103 653 5181 Potest
692 5110 875 5181 tamen
917 5108 1276 5181 μυσταγωγός
1310 5111 1452 5163 Sutni
1504 5129 1603 5181 pro
1638 5103 1703 5181 eo
1751 5111 1843 5179 qui
1891 5121 2039 5181 cate-

462 5174 668 5231 t-hizat.
700 5172 854 5240 Quod
879 5172 1078 5228 uiuuus
1100 5172 1643 5244 episcoporum'olim
1679 5172 1851 5236 fuisse
1878 5180 2041 5236 docet

464 5244 834 5316 Hieronymus
875 5245 929 5298 iu
976 5244 1217 5313 Epistula
1244 5247 1309 5300 ad
1339 5246 1749 5305 Pammachium
1788 5250 1854 5305 de
1887 5265 2044 5304 erro-

467 5317 621 5389 ribus
645 5315 879 5389 Joannis
916 5316 1423 5389 llierosolymitani.
1451 5317 1621 5389 Magis
1647 5327 1828 5372 tamen
1865 5321 2042 5388 placet

465 5388 619 5455 prior
651 5388 942 5458 expositio.
981 5383 1123 5458 Nam
1162 5383 1565 5458 μυσταγωγεῖν”
1604 5403 1706 5458 pro
1758 5383 2042 5458 baptizare

467 5454 700 5526 usurpat
730 5454 1083 5526 Sozomeuus
1112 5454 1253 5510 intra
1284 5454 1461 5525 capite
1497 5454 1619 5512 21(
1639 5454 2043 5513 υιίιιιιυέιιόθιῐι

466 5524 914 5598 roce'Palludius
962 5527 1016 5582 in
1067 5525 1190 5581 Vita
1222 5526 1446 5598 Joannis
1479 5527 1854 5598 Chrysostomi
1884 5569 1899 5594 ,
1949 5529 2044 5584 ubi

463 5595 681 5718 illumda
716 5594 943 5718 .L‘leletio
989 5597 1350 5655 Antiochensi
1397 5594 1662 5672 episcopo
1706 5598 2044 5677 baptizatum

463 5680 592 5718 esse
659 5680 726 5718 te:
761 5704 774 5718 .

463 5680 592 5722 esse
621 5672 774 5723 dicit.
1789 5672 1793 5677 '

2218 4411 2334 4481 (63)
2374 4408 2515 4477 Περὶ
2560 4408 2694 4481 tot
2727 4410 3093 4481 Ἀνάβασιν.
3140 4405 3610 4481 Anaplus__lo:;u_s
3654 4416 3732 4461 est

2148 4476 2480 4543 itadietus,
2531 4479 2601 4533 ad
2652 4479 2949 4535 sinistrum
3004 4480 3152 4534 latus
3183 4476 3342 4543 Ponti
3390 4477 3644 4540 Euxini,
3679 4484 3733 4530 ut

2137 4553 2299 4606 docet
2344 4549 2645 4617 Procopius
2678 4550 2735 4603 in
2774 4550 2914 4602 libro
2951 4549 3129 4617 primo
3159 4548 3228 4603 de
3258 4546 3540 4601 Ediliciis
3580 4563 3594 4598 :
3637 4562 3731 4602 cu—

2135 4622 2229 4689 jus
2290 4616 2538 4675 meminit
2582 4620 2742 4673 etiam
2784 4616 3098 4687 Stephanus
3156 4618 3393 4689 ingvoce
3443 4616 3728 4689 γυναικῶν

2140 4686 2327 4763 λιμήν.
2364 4691 2420 4743 In
2448 4704 2514 4745 eo
2550 4690 2674 4763 loco
2698 4691 2864 4763 situm
2888 4686 3430 4763 eratsuhurbauum
3464 4688 3733 4763 Eudoxia’.

2141 4752 2446 4832 Augustae,
2501 4760 2649 4829 quod
2705 4758 2963 4813 Mariana:
3005 4758 3328 4823 dicebatur,
3378 4764 3526 4813 teste
3578 4752 3731 4807 Nice-

2185 4834 2345 4887 horo.

2144 4850 2479 4973 pl‘&r3._'0c
2524 4899 2748 4973 ἱερεῦσι
2793 4899 2981 4973 θέμις.
3032 4895 3159 4973 Htec
3209 4896 3373 4973 verba
3439 4894 3730 4951 referenda

2145 4967 2276 5027 sunt
2303 4970 2368 5024 ad
2395 4972 2446 5024 id
2475 4967 2621 5037 quod
2654 4970 2899 5039 proxime
2932 4969 3201 5037 sequitur,
3236 4967 3473 5039 εἰρήνην
3504 4982 3730 5036 προσει-

2146 5045 2266 5096 πεῖν
2293 5041 2370 5111 τῷ
2403 5040 2537 5110 λαῷ,
2569 5040 2717 5110 quod
2761 5054 2869 5094 non
2899 5038 3443 5111 moneretn,_nisi_ah
3464 5038 3734 5104 interpre-

2146 5114 2294 5169 tibus
2315 5104 2760 5165 a'nima'dversum
2787 5124 2897 5165 non
2931 5108 3147 5163 fuisset.
3180 5104 3532 5176 Nicephorus
3551 5114 3731 5158 tamen

2149 5185 2266 5238 haec
2300 5181 2467 5236 verba
2499 5181 2692 5234 retulit
2723 5178 2792 5232 ad
2854 5179 2909 5233 id
2952 5179 3180 5233 verbum
3224 5175 3372 5247 qudd
3422 5175 3710 5247 praecessit

2148 5249 2953 5324 ἀποψηφίσασθαικιμιοό-ηοη
2990 5249 3183 5324 probo.

2212 5315 2334 5395 (65f
2352 5315 2518 5395 :'116_q
2743 5318 2885 5395 £079
2897 5315 3249 5395 ’κρατοῦιοιετ
3260 5315 3725 5395 πρε-σλρούιζωτ.

2144 5383 2437 5449 Αεέθιίιίοι·
2472 5383 2712 5446 Henrico
2742 5383 2970 5451 Sav’ilio',
3001 5388 3095 5456 qui
3126 5386 3192 5440 ad
3228 5387 3374 5440 latus
3402 5386 3492 5456 sui
3522 5383 3726 5456 codicis

2143 5462 2457 5519 emendavit
2489 5461 2623 5533 ᾔδει.
2667 5459 2839 5533 Certe
2879 5461 2956 5513 ita
3013 5453 3215 5533 legitur
3262 5456 3410 5533 apud
3453 5453 3727 5533 Nicepho:

2145 5549 2268 5588 rum
2305 5554 2318 5586 :
2352 5548 2451 5587 nec
2496 5525 2694 5589 sensus
2730 5529 2937 5602 patitur
2983 5536 3040 5584 ut
3077 5525 3237 5583 aliter
3267 5525 3592 5582 scribamus
3636 5526 3724 5578 aut

2150 5607 2420 5676 legamus.
