4050 6218
349 358 487 417 I565

1298 350 1623 409 HISTORIA
1660 346 2210 404 ECCLESIASTICA.
2253 347 2469 403 —LIB.
2517 346 2651 405 ΗΠ.

3466 355 3603 413 1566

343 469 397 522 οῖ
428 469 518 524 διὰ
542 471 641 544 τὴν
662 472 874 543 κίνησιν
897 470 988 525 τοῦ
1018 472 1215 542 δήμου,
1244 468 1675 541 παραιτούμενον
1704 465 1924 519 ἐπανελ-

2034 464 2201 518 Norat
2238 466 2382 519 enim
2415 480 2473 519 se
2502 464 2606 519 huc
2638 463 2783 518 facto
2814 463 3203 534 imperatorem
3251 481 3307 526 et
3346 486 3603 541 proceres

347 563 459 614 θεῖν
509 563 812 617 ἐϐιάσαντο.
842 562 1047 626 Τοῖςδέ
1087 560 1433 633 Ἡρακλείδου
1475 561 1800 631 κατηγόροις
1845 558 1926 610 δι-

347 655 638 724 καστήριον
660 653 800 707 κατά
816 654 1046 717 ἀπόντος
1067 652 1422 731 προτέθηκεν,
1443 650 1647 724 οἰηθεὶς
1675 648 1925 705 ἐντεῦθεν

341 744 713 814 εὐλογωτέραν
767 761 884 808 πως
946 745 1125 798 αἰτίαν
1193 745 1446 815 εὑρήσειν
1508 743 1625 813 τῆς⁹
1671 738 1922 807 Ἰωάννου

345 833 735 904 καθαιρέσεως.
770 836 1163 907 Ἀντερούντων
1185 835 1240 888 δὲ
1268 833 1376 888 τῶν
1397 833 1561 886 αὑτοῦ
1581 832 1922 903 ἐπιτηδείων,

344 926 419 986 ὡς
446 927 508 978 οὐ
538 926 787 997 νόμιμον,
812 928 932 981 οὐδέ
962 927 1431 999 ἐκκλησιαστικὸν,
1452 927 1541 980 τὸν
1574 927 1780 981 ἀπόντα
1805 927 1925 998 κρί-

345 1015 549 1083 νεσθαι,
579 1017 689 1070 τῶν
718 1019 773 1071 δὲ
804 1020 930 1089 περὶ
952 1018 1044 1073 τὸν
1083 1019 1336 1088 Θεόφιλον
1360 1018 1617 1074 τάναντία
1656 1018 1923 1091 ἰσχυριζο-

345 1107 542 1179 μένων,
563 1109 938 1180 ἐπιλαϐόμενοι
953 1112 1050 1181 τῆς
1076 1110 1245 1181 ἔριδος
1263 1110 1321 1163 τὸ
1336 1110 1518 1163 λοιπὸν
1545 1110 1653 1164 τῶν
1681 1109 1925 1175 ’Δλεξανη

345 1198 512 1270 δρέων
534 1200 626 1253 καὶ
649 1201 956 1269 Αἰγυπτίων
982 1200 1204 1272 πλῆθος,
1239 1201 1332 1254 καὶ
1360 1204 1388 1254 ό
1416 1199 1924 1255 Κωνσταντινουπό-

345 1289 478 1354 λεως
506 1290 632 1355 λαὸς
648 1332 663 1355 ,
686 1293 764 1356 εἰς
793 1292 1054 1362 ἀλλήλους
1086 1290 1371 1363 ἐχώρησαν
1392 1308 1406 1322 °
1427 1291 1502 1355 ὡς
1516 1290 1743 1354 πολλοὺς
1754 1308 1923 1361 τραυ-

348 1379 544 1448 ματίας
586 1380 855 1449 γενέσθαι,
885 1380 1037 1445 τινὰς
1074 1381 1131 1434 δὲ
1159 1382 1247 1435 καὶ
1292 1381 1607 1435 ἀπολέσθαι.
1638 1381 1925 1447 Δείσαντες

345 1470 398 1524 δὲ
431 1472 525 1524 καὶ
568 1471 896 1543 Σεϐηριανὸς
939 1473 1032 1525 καὶ
1070 1473 1119 1525 οἱ
1148 1471 1297 1525 ἄλλοι
1321 1472 1626 1537 ἐπίσκοποι,
1650 1472 1788 1543 πλὴν
1817 1471 1924 1527 τῶν

345 1563 413 1617 τὰ
457 1563 698 1617 Ἰωάννου
730 1564 1096 1635 φρονούντων,
1127 1568 1269 1635 φυγῇ
1291 1564 1389 1636 τὴν
1412 1565 1926 1620 Κωνσταντινούπο-

345 1654 427 1707 λιν
473 1654 759 1709 ἀπέλιπον.
793 1657 902 1710 Καὶ
951 1656 1210 1725 Θεόφιλος
1241 1657 1297 1709 δὲ
1341 1658 1540 1711 αὐτίκα
1584 1657 1750 1729 μηδὲν
1792 1658 1925 1711 ἁνα-

2033 556 2403 624 Oﬂ‘ensurum,
2447 557 2541 626 qui
2591 564 2814 626 propter
2862 558 3052 626 populi
3098 559 3422 618 seditionem
3474 579 3601 619 eum

2033 645 2261 699 inritum
2305 645 2485 700 redire
2531 647 2932 717 compulerant.
2977 648 3146 720 Igitur
3182 653 3603 709 accusatoribus

2031 735 2366 803 Ileraclidis,
2408 737 2678 807 judicium
2718 747 2911 796 contra
2961 742 3242 797 absentem
3291 745 3600 810 constituit,

1989 820 1999 828 ’
2033 837 2188 884 ratus
2219 844 2285 883 ex
2312 843 2376 883 ea
2411 844 2470 883 re
2495 830 2918 899 probabiliorem
2956 848 3015 888 se
3045 847 3266 888 causam
3296 834 3602 904 deponendi

2029 916 2257 975 Joannis
2286 927 2655 987 arrepturum.
2683 919 2790 975 Sed
2817 938 2942 976 cum
2976 923 3140 978 amici
3166 923 3290 992 ejus
3325 925 3604 979 contradi-

2031 1018 2243 1073 cerent,
2274 1025 2376 1065 nec
2414 1009 2651 1079 justum,
2695 1026 2799 1066 nec
2834 1013 3271 1068 ecclesiasticum
3302 1029 3426 1070 esse
3459 1014 3602 1069 allir-

2032 1107 2281 1175 mantes,
2318 1099 2592 1155 hominem
2623 1101 2904 1157 absentem
2943 1103 3228 1171 judicare,
3263 1103 3603 1175 Theophilus

2030 1205 2162 1245 vero
2199 1206 2322 1245 cum
2347 1194 2464 1247 suis
2485 1200 2678 1246 contra
2711 1193 2979 1248 niteretur
3004 1212 3018 1248 :
3043 1196 3172 1250 hinc
3203 1196 3411 1265 reliqua
3443 1196 3603 1268 Egy-

2032 1281 2272 1352 ptiorum
2306 1289 2360 1337 et
2381 1284 2880 1339 Alexandrinorum
2919 1287 3241 1350 multitudo,
3272 1287 3401 1342 inde
3431 1303 3604 1357 popu-

2030 1370 2116 1425 lus
2177 1371 2824 1441 Constantinopolitanus
2886 1374 3056 1428 rixari
3119 1377 3389 1451 aggressi,
3427 1377 3482 1430 in
3543 1392 3603 1431 se

2031 1470 2221 1517 mutuo
2271 1463 2528 1532 impetum
2574 1464 2784 1529 fecere,
2830 1465 2968 1520 adeo
3005 1473 3066 1519 ut
3110 1468 3268 1521 multi
3308 1467 3599 1531 vulnerati,

2029 1551 2254 1620 quidam
2282 1554 2447 1606 etiam
2485 1551 2761 1608 interfecti
2793 1554 2925 1609 sint.
2956 1553 3142 1624 Itaque
3176 1554 3509 1610 Severianus
3547 1562 3603 1609 et

2031 1643 2226 1708 reliqui
2269 1644 2508 1713 episcopi
2541 1653 2683 1698 metu
2732 1645 3050 1711 conterriti,
3094 1646 3335 1715 exceptis
3386 1647 3454 1701 iis
3506 1647 3600 1714 qui

344 1743 691 1815 ϐαλλόμενος,
736 1747 837 1818 ήδη
881 1746 975 1800 τοῦ
1023 1747 1289 1817 χειμῶνος
1332 1748 1635 1819 ἀρχομένου
1658 1787 1673 1813 ,
1704 1747 1922 1817 φεύγων

2026 1730 2224 1787 Joanni
2272 1733 2652 1798 adlimrebant,
2700 1748 2891 1790 omnes
2944 1750 3008 1788 ex
3056 1736 3190 1790 urbe
3243 1737 3598 1807 aufugerunt.

344 1830 460 1897 ἅμα
500 1810 770 1905 ’Ῐσαακίω
804 1810 882 1905 τῷ
927 1810 1144 1905 μοναχῷ
1186 1810 1524 1890 ἀπέπλευσεν
1555 1838 1636 1901 είς
1660 1810 1923 1904 "haecv-

2026 1823 2144 1894 Ipse
2162 1824 2325 1879 etiam
2347 1824 2680 1895 Theophilus
2698 1826 2844 1882 illico
2872 1826 3011 1880 nihil
3037 1835 3353 1891 cunctatus,
3378 1829 3604 1883 ineunte

344 1923 546 1995 δρειαν.
593 1924 726 1978 Ἀπὸ
754 1925 809 1979 δὲ
846 1924 940 1979 τοῦ
978 1926 1246 1995 πελάγους
1271 1921 1371 1980 ὧδε
1404 1927 1618 1997 συμϐὰν
1641 1968 1656 1991 ,
1686 1931 1923 2000 κατῆρεν

343 2016 422 2079 είς
446 2015 621 2086 Γέρας
641 2017 751 2089 (66)
773 2017 926 2072 πόλιν
953 2018 1176 2089 μικρὰν,
1213 2019 1354 2088 ἀμφὶ
1385 2019 1718 2089 πεντήκοντα
1735 2020 1924 2074 στάδια

346 2105 434 2160 τοῦ
484 2109 783 2178 Πηλουσίου
827 2110 1168 2179 ἀφεστῶσαν.
1216 2111 1645 2180 Τελευτήσαντος
1692 2112 1751 2165 δέ
1801 2112 1923 2165 τότε

342 2197 434 2251 τοῦ
471 2198 658 2252 ἐνθάδε
690 2201 1011 2265 ἐπισκόπου,
1037 2203 1085 2255 οί
1121 2202 1220 2273 μὲν
1250 2202 1482 2268 πολῖται,
1513 2202 1588 2267 ὡς
1617 2202 1920 2273 ἐπυθόμην,

345 2286 679 2358 ἐψηφίσαντο
730 2289 1074 2360 Νιλάμμωνα
1107 2276 1430 2362 προστατεῖν
1464 2293 1561 2362 τῆς
1604 2292 1781 2345 αὐτῶν
1804 2293 1926 2345 Ἑκ-

343 2376 594 2449 κλησίας,
626 2378 794 2450 ἄνδρα
837 2382 1064 2448 ἀγαθὸν,
1109 2383 1204 2434 καὶ
1247 2382 1577 2451 μοναστικῆς
1609 2381 1924 2451 φιλοσοφίας

342 2471 424 2534 είς
448 2471 617 2542 ἄκρον
648 2470 889 2526 ἐλθόντα.
923 2473 1079 2544 ᾯκει
1104 2472 1159 2525 δέ
1190 2473 1295 2544 πρὸ
1325 2471 1419 2526 τοῦ
1452 2475 1659 2536 ἄστεος,
1674 2475 1733 2527 ἐν
1769 2475 1925 2546 οἰκή-

343 2578 476 2630 ματι
514 2561 806 2633 καθείρξας
846 2564 1059 2627 ἑαυτὸν,
1107 2565 1201 2617 καὶ¹
1246 2565 1413 2627 λίθοις
1440 2565 1540 2634 τὴν
1573 2563 1742 2633 θύραν
1787 2564 1923 2616 ἀπο-

340 2652 570 2723 φράξας.
601 2653 1006 2723 Ἀποφεύγοντα
1033 2655 1090 2708 δέ
1112 2655 1212 2726 τὴν
1245 2654 1560 2726 ἱερωσύνην.
1592 2653 1761 2709 ἐλθὼν
1786 2653 1923 2724 πρὸς

340 2745 500 2799 αὐτὸν
529 2744 810 2814 Θεόφιλος,
841 2746 1226 2800 συνεϐούλευσε
1248 2747 1640 2817 καταδέχεσθαι
1666 2746 1764 2818 τὴν
1790 2748 1920 2817 παρ’

341 2834 504 2889 αὐτοῦ
549 2838 901 2908 χειροτονίαν.
940 2838 997 2891 Ὀ
1045 2838 1101 2892 δὲ
1130 2838 1386 2903 πολλάκις
1419 2839 1918 2909 παραιτησάμενος,

341 2923 414 2986 ὡς
436 2926 535 2979 οὐκ
564 2925 799 2993 ἔπειθεν,
827 2926 1045 2999 Αὔριον,
1069 2928 1124 2981 ετ
1148 2945 1230 2981 σοι
1264 2927 1415 2996 φίλον
1434 2968 1448 2991 ,
1476 2928 1598 2997 ἔφη,
1624 2929 1850 2999 πρᾶξον,
1875 2921 1922 2981 ὦ

343 3015 525 3084 Πάτερ
544 3032 558 3048 ’
589 3015 729 3069 ὥστε
763 3034 830 3087 με
860 3020 1097 3089 σήμερον
1129 3018 1196 3072 τὰ
1224 3019 1344 3071 κατ’
1373 3019 1607 3089 ἐμαυτὸν
1636 3017 1917 3073 διαθεῖναι.

353 3102 505 3154 Ἐπεὶ
532 3102 587 3155 δὲ
615 3106 680 3174 τῇ
718 3103 986 3177 ὑστεραία
1017 3106 1156 3159 κατά
1187 3106 1253 3160 τὰ
1282 3107 1615 3178 συγκείμενα
1645 3103 1795 3178 ἦλθε,
1826 3107 1922 3161 καὶ
1947 3141 1991 3200 C

341 3193 438 3262 τὴν
483 3191 651 3269 θύραν
697 3195 932 3263 ἀνοίγειν
961 3197 1266 3261 ἐκέλευσεν,
1305 3198 1439 3265 Ἀγε
1480 3195 1544 3262 δὴ
1590 3198 1923 3270 πρότερον,ό

342 3281 646 3353 Νιλάμμων
684 3284 809 3355 ἔφη,
846 3284 1149 3356 εὐξώμεθα.
1193 3287 1305 3340 Καὶ
1330 3286 1583 3358 Θεόφιλος
1612 3291 1921 3356 ἐπαινέσας,

342 3371 544 3443 ηὔξατο
576 3389 590 3403 ·
623 3374 927 3447 Νιλάμμων
953 3378 1008 3431 δὲ
1053 3380 1111 3431 ἐν
1153 3378 1229 3449 τῷ
1264 3377 1519 3450 εὔχεσθαι
1542 3420 1557 3445 ,
1586 3381 1687 3455 τὴν
1738 3382 1925 3437 ἐνθάδε

343 3462 601 3517 κατέλιπε
643 3461 845 3536 βιοτήν.
886 3466 1058 3520 Τοῦτο
1094 3467 1170 3531 δὲ,
1195 3466 1265 3519 τὰ
1299 3467 1398 3536 μὲν
1447 3468 1636 3539 πρῶτα
1681 3471 1927 3539 ἠγνοεῖτο

342 3553 585 3624 Θεοφίλῳ
626 3556 720 3610 καὶ
749 3559 861 3620 τοῖς
889 3557 1026 3626 ἀμφ’
1056 3558 1216 3610 αὑτὸν
1246 3557 1443 3621 ἔξωθεν
1473 3559 1721 3612 ἐστῶσιν.
1772 3562 1927 3615 Ἀνα-

341 3646 607 3718 λωθείσης
643 3648 700 3701 δέ
743 3647 929 3700 λοιπὸν
958 3648 1058 3716 τῆς
1094 3648 1340 3719 ἡμέρας,
1365 3647 1440 3711 ὡς
1466 3648 1725 3713 πολλάκις
1746 3666 1925 3718 γεγω-

342 3739 560 3812 νότερον
610 3738 917 3797 καλούντων
943 3739 1040 3809 οὐχ
1074 3740 1336 3810 ὑπήκουε,
1366 3740 1763 3804 καταϐαλόντες
1801 3743 1927 3806 τοὺς

342 3829 449 3901 πρὸ
493 3829 593 3898 τῆς
635 3828 804 3902 θύρας
846 3828 1045 3894 λίθους,
1070 3824 1228 3901 εὗρον
1256 3830 1347 3883 τὸν
1378 3830 1543 3901 ἄνδρα
1575 3832 1767 3903 νεκρόν
1787 3848 1800 3862 ο
1831 3831 1926 3885 καὶ

342 3918 777 3989 περιστείλαντες
870 3917 975 3970 ἔδει
993 3957 1009 3983 ,
1035 3917 1301 3989 δημοσίας
1324 3920 1560 3989 ἠξίωσαν
1597 3921 1771 3987 ταφῆς
1790 3936 1803 3949 ’
1833 3920 1926 3973 καὶ⁵

346 4009 632 4079 εύκτήριον
658 4006 806 4063 οἶκον
845 4009 972 4079 περὶ
1003 4009 1093 4062 τὸν
1117 4008 1282 4062 αὑτοῦ
1314 4010 1481 4078 τάφον
1501 4009 1857 4081 ᾠκοδόμησαν
1877 4011 1925 4064 οί

345 4100 662 4171 ἐπιχώριοι·
704 4102 798 4157 καὶ
839 4100 1218 4170 ἐπισημότατα
1257 4100 1423 4155 εἰσέτι
1454 4099 1548 4155 νῦν
1582 4101 1684 4170 τὴν
1715 4101 1925 4172 ἡμέραν

342 4191 442 4260 τῆς
466 4191 629 4244 αὑτοῦ
662 4191 917 4260 τελευτῆς
947 4190 1186 4259 ἄγουσιν.
1218 4193 1275 4242 ’0
1294 4190 1391 4261 μὲν
1421 4190 1484 4262 δὴ
1500 4191 1801 4262 Νιλάμμων
1822 4187 1922 4246 ὧδε

342 4282 600 4352 τέθνηκεν
625 4324 641 4349 ,
669 4282 723 4336 εἰ
764 4300 828 4351 γε
877 4282 1104 4336 θάνατον
1150 4281 1232 4335 δεῖ
1276 4282 1493 4346 καλεῖν,
1526 4283 1584 4338 ὃν
1637 4285 1924 4354 ὑπομεῖναι

344 4370 544 4440 ηὔξατο
568 4373 696 4442 πρὶν
725 4371 1087 4441 ἐπιτραπῆναι
1118 4371 1215 4439 τὴν
1250 4369 1566 4441 ἱερωσύνην,
1600 4367 1665 4443 ἦς
1710 4373 1925 4438 ἀνάξιος

2022 1913 2133 1983 jam
2176 1913 2377 1980 hieme,
2412 1915 2627 1984 fugiens
2655 1932 2763 1970 una
2811 1930 2937 1970 cum
2973 1916 3182 1972 Isaacio
3215 1918 3510 1983 monacho,
3543 1918 3601 1972 in

2024 2002 2321 2074 Egyptum
2345 2007 2642 2076 navigavit.
2669 2006 2834 2063 Forte
2865 2009 3064 2064 accidit
3093 2019 3153 2063 ut
3178 2011 3339 2065 navis
3357 2010 3602 2065 secundo

2024 2103 2189 2148 vento
2238 2093 2533 2163 appelleret
2580 2095 2782 2160 Geras,
2822 2112 3052 2167 parvum
3103 2099 3391 2168 oppidum,
3436 2099 3602 2169 quin-

2023 2184 2281 2256 quaginta
2327 2184 2544 2240 circiter
2576 2187 2770 2241 stadiis
2797 2188 3011 2242 distans
3041 2186 3283 2243 Pelusio.
3333 2188 3465 2258 Ejus
3494 2190 3603 2245 loci

2023 2278 2283 2347 episcopo
2333 2284 2462 2331 tunc
2515 2284 2755 2342 mortuo,
2789 2278 2938 2333 cives
2987 2280 3244 2348 quidem,
3295 2287 3351 2334 ut
3390 2282 3600 2350 accepi,

2022 2363 2420 2421 Nilammonem
2472 2366 2730 2421 Ecclesia:
2774 2383 2888 2422 sua:
2937 2370 3241 2425 antistitem
3285 2372 3598 2441 elegerant;

2024 2458 2200 2510 virum
2248 2457 2487 2521 bonum,
2519 2464 2573 2511 et
2604 2458 2697 2527 qui
2750 2460 2814 2511 ad
2874 2461 3195 2514 monasticae
3242 2462 3601 2531 philosophiae

2024 2549 2242 2604 culmen
2290 2556 2631 2619 pervenerat.
2690 2550 2741 2604 Is
2786 2549 3016 2620 degebat
3057 2551 3214 2621 juxta
3269 2553 3492 2616 urbem,
3544 2555 3599 2608 in

2023 2640 2160 2695 cella
2181 2679 2197 2705 ,
2226 2639 2281 2695 in
2310 2655 2415 2710 qua
2448 2643 2689 2710 seipsum
2722 2640 3023 2697 incluserat
3055 2651 3109 2697 et
3129 2643 3357 2714 januam
3403 2645 3600 2715 lapidi-

2022 2733 2126 2787 bus
2178 2731 2563 2793 obstruxerat.
2612 2732 2924 2788 liecusabat
2980 2739 3190 2790 autem'
3228 2738 3597 2792 sacerdotium

2023 2820 2321 2889 suscipere.
2355 2818 2556 2876 Verum
2593 2818 2955 2891 Theophilus,
3006 2823 3076 2878 ad
3131 2838 3254 2878 eum
3306 2824 3600 2889 accedens,

2024 2911 2230 2965 hortari
2269 2912 2469 2981 C(Bpit,
2508 2921 2567 2966 ut
2600 2912 2845 2967 ordinari
2892 2927 2953 2966 se
3003 2912 3074 2968 ab
3127 2912 3246 2983 ipso
3298 2921 3598 2983 pateretur.

2023 3003 2118 3059 Ille
2163 3019 2286 3058 cum
2338 3005 2537 3073 smpins
2575 3018 2838 3059 recusans
2880 3001 3184 3094 Tjieopbilo
3223 3020 3332 3059 non
3371 3019 3601 3075 persua-

2022 3094 2198 3163 deret,
2233 3096 2473 3160 tandem,
2508 3094 2761 3150 Crastino
2794 3094 2902 3158 die,
2939 3094 3149 3165 inquit,
3184 3096 3234 3150 id
3271 3094 3379 3161 fac,
3418 3096 3464 3151 si
3501 3094 3599 3149 tibi

2024 3188 2100 3240 ita
2130 3186 2367 3252 videtur,
2398 3202 2431 3239 ο
2455 3184 2653 3251 Pater,
2686 3193 2744 3238 ut
2778 3185 2909 3239 mihi
2950 3186 3110 3240 liceat
3136 3186 3296 3242 hodie
3332 3200 3422 3243 res
3449 3203 3600 3242 nicas

2024 3279 2335 3353 disponere.
2400 3275 2674 3332 Postridie
2725 3292 2849 3331 cum
2903 3293 2971 3332 ex
3023 3290 3310 3348 compacto
3363 3281 3603 3335 venisset

2025 3367 2382 3437 Tchphilus.
2404 3366 2773 3437 jussissetque
2815 3376 2872 3421 ut
2892 3368 3121 3436 januam
3162 3370 3398 3439 aperiret
3425 3391 3438 3426 :
3463 3370 3599 3442 Age,

2025 3461 2199 3529 inquit
2251 3459 2594 3522 Nilammon,
2651 3459 2805 3527 prius
2849 3474 3106 3514 vacemus
3151 3461 3407 3515 orationi.
3459 3461 3598 3515 Tum

2026 3549 2388 3619 Theophilus,
2421 3549 2649 3617 probato
2693 3548 2814 3617 ejus
2871 3549 3135 3614 consilio,
3181 3550 3349 3605 Deum
3401 3554 3595 3607 orarit.

2025 3638 2331 3692 Nilammon
2360 3653 2489 3693 vero
2529 3638 2671 3692 inter
2698 3638 2967 3694 orandum
3001 3654 3068 3694 ex
3101 3640 3202 3695 hac
3242 3642 3357 3715 vita
3390 3643 3599 3712 migra-

2026 3728 2125 3782 vit.
2176 3726 2243 3780 Et
2278 3727 2435 3781 initio
2464 3728 2684 3796 quidem
2728 3726 3088 3797 TbeOphilum
3123 3740 3177 3784 et
3211 3746 3306 3787 eos
3345 3732 3441 3801 qui
3472 3749 3598 3788 cum

2027 3818 2121 3871 illo
2156 3825 2311 3873 extra
2344 3818 2537 3872 cellam
2570 3818 2810 3884 stabant,
2841 3834 2904 3873 ea
2946 3835 3034 3875 res
3075 3821 3258 3879 latuit.
3317 3820 3424 3878 Sed
3470 3839 3596 3878 cum

2030 3910 2267 3962 maxima
2301 3924 2428 3978 pars
2474 3908 2581 3963 diei
2611 3908 2725 3978 jam
2757 3919 3082 3982 consumpta
3114 3919 3298 3979 esset,
3337 3922 3390 3966 et
3418 3913 3598 3967 altiori

2029 4018 2164 4055 voce
2202 4002 2398 4056 crebro
2445 4001 2870 4056 inclamantihus
2911 4001 3001 4055 ille
3045 4002 3183 4055 nihil
3225 4002 3595 4070 responderet,

2031 4092 2248 4147 tandem
2294 4092 2526 4162 dejectis
2572 4092 2849 4161 lapidibus
2901 4092 2994 4161 qui
3027 4091 3185 4162 351
3221 4100 3348 4147 ante
3395 4092 3596 4152 ostium

2030 4185 2193 4254 positi
2235 4190 2422 4247 erant,
2458 4182 2732 4237 hominem
2776 4189 3050 4236 mortuum
3081 4181 3595 4252 'dcprchenderunt.

2031 4274 2281 4344 Eumque
2309 4290 2416 4343 quo
2445 4288 2543 4344 par
2573 4284 2691 4328 erat
2714 4274 2866 4327 cultu
2893 4272 3145 4327 indutum
3175 4273 3392 4342 publica
3422 4274 3600 4343 sepul-

2031 4372 2154 4417 tura
2219 4363 2580 4417 bonorarunt.
2639 4362 2937 4418 Ecclesium
3002 4380 3218 4434 quoque
3275 4364 3420 4418 circa
3476 4363 3598 4432 ejus

344 4457 483 4514 εἶναι
511 4460 597 4513 διὰ
629 4460 959 4531 μετριότητα
986 4461 1201 4531 τρόπων
1233 4462 1435 4531 ἠγεῖτο.
1478 4462 1535 4514 Ὀ
1567 4461 1623 4514 δὲ
1672 4464 1923 4534 Ἰωάννης

2030 4456 2295 4510 tumulum
2352 4454 2544 4510 incolae
2581 4453 2701 4525 ejus
2753 4456 2860 4511 loci
2912 4455 3285 4520 aediﬁcarunt,
3343 4454 3599 4525 diemque

344 4550 652 4606 ἐπανελθὼν
681 4553 759 4615 εἰς
793 4551 1377 4612 Κωνσταντινούπολιν.
1410 4551 1489 4605 ἔτι
1536 4553 1734 4623 μᾶλλον
1761 4572 1924 4625 κεχα-

346 4641 600 4712 ρισμένος
619 4641 698 4711 τῷ
721 4640 834 4711 λαῷ
873 4641 1138 4710 ἐφαίνετο.
1166 4642 1604 4711 Συνεληλυθότων
1632 4636 1833 4699 δέιτότε
1863 4647 1921 4701 ἐν

345 4732 909 4801 Κωνσταντινουπὸλει
928 4733 1072 4803 ἀμφὶ
1100 4734 1361 4803 ἐξήκοντα
1387 4737 1718 4803 ἐπισκόπων,
1740 4738 1921 4810 ἄκυρά

344 4837 405 4873 τε
435 4820 504 4875 τὰ
543 4822 602 4875 ἐν
630 4823 695 4893 τῇ
723 4818 854 4892 Δρυῒ
901 4820 1287 4891 πεπραγμένα,
1323 4823 1417 4875 καὶ
1449 4822 1610 4875 αὐτὸν
1635 4822 1778 4892 ἔχειν
1823 4824 1920 4894 τὴν

346 4911 647 4982 ἐπισκοπὴν
678 4911 1089 4982 ψηφισαμένων,
1120 4912 1415 4966 διετέλεσεν
1461 4913 1754 4983 ἱερώμενος
1783 4914 1920 4986 (67),

348 5003 443 5055 καὶ
478 5003 817 5075 χειροτονῶν,
865 5003 960 5056 καὶ
1002 5005 1050 5055 τ’
1083 5003 1217 5058 ἀλλα
1270 5005 1398 5075 περὶ
1443 5003 1540 5077 τὴν
1577 5005 1921 5081 Ἐκκλησίαν,

348 5091 385 5170 ᾗ
416 5094 575 5167 θέμις
605 5098 717 5167 τοῖς
763 5095 1088 5166 προεστῶσι,
1122 5096 1341 5151 διέπων.
1377 5097 1566 5151 Ἦνίκα
1614 5097 1706 5150 καὶ
1745 5099 1923 5168 Σαρα-

2027 4549 2174 4602 illius
2212 4546 2397 4601 obitus
2435 4545 2849 4602 celeberrimum
2893 4562 3054 4618 agere
3098 4549 3363 4602 hactenus
3410 4561 3599 4616 perse-

2028 4647 2239 4695 verant.
2280 4639 2345 4694 Et
2390 4638 2699 4694 Nilammon
2747 4638 2967 4711 quidem
3015 4639 3118 4694 hoc
3157 4654 3353 4709 genere
3403 4639 3598 4694 mortis

2025 4731 2260 4797 interiit;
2318 4731 2364 4785 si
2422 4739 2602 4784 tamen
2672 4746 2822 4784 mors
2879 4730 3127 4784 vocanda
3176 4736 3260 4785 est
3304 4745 3465 4800 quam
3507 4728 3599 4806 ille

2027 4821 2215 4876 subire
2256 4822 2482 4883 maluit,
2520 4836 2685 4889 quam
2727 4821 3102 4891 episc0patum
3136 4820 3433 4889 suscipere,
3486 4835 3598 4890 quo

2034 4911 2255 4983 quidem
2304 4913 2377 4967 ob
2427 4911 2757 4982 singularem
2817 4913 3137 4967 modestiam
3195 4928 3255 4967 se
3312 4912 3594 4984 indignum

2032 5003 2402 5058 existimabat.
2434 5001 2680 5059 Joannes
2707 5019 2832 5059 vero
2865 5004 3392 5074 Constantinopolim
3419 5019 3596 5058 rever-

2029 5110 2146 5159 sus,
2169 5094 2503 5149 multitudini
2529 5096 2706 5151 adhuc
2740 5097 2943 5167 gratior
2968 5097 3241 5168 apparuit.
3278 5095 3446 5153 Porro
3469 5107 3594 5150 cum

1553 5276 1818 5330 VALESII
1862 5273 2413 5333 ANNOTATIONES.

423 5454 537 5526 (66)
589 5456 798 5525 Γέρας.
860 5455 1036 5525 llujus
1096 5457 1248 5511 urbis
1318 5457 1524 5512 mentio
1581 5457 1637 5512 ﬁt
1697 5461 1915 5516 actione

349 5535 543 5597 quarta
615 5527 812 5596 synodi
865 5527 1554 5597 Chalcedonensis,ipug.
1614 5528 1753 5594 233,
1822 5531 1913 5585 ubi

351 5595 665 5666 Stephanus
716 5597 981 5666 quidam,
1034 5595 1329 5667 episcopus
1381 5595 1698 5665 Gcritanus,
1737 5602 1917 5656 nomi-

568 5736 912 5793 Διετέλεσεν
961 5736 1293 5808 ἱερωμένος.
1355 5701 1577 5795 Rectius
1615 5739 1668 5794 iu
1729 5698 1918 5799 codice

2020 5457 2323 5531 If‘uketiano
2357 5459 2616 5529 scriptum
2650 5468 2734 5531 est
2770 5459 3061 5531 ἱερώμενος
3091 5464 3297 5512 mutato
3332 5467 3583 5514 accentu.

2022 5529 2295 5595 Quantum
2332 5545 2460 5582 vero
2513 5529 3019 5584 discrimen'ailerat
3078 5539 3337 5583 accentus
3365 5531 3591 5581 mutatio

2022 5599 2076 5669 in
2120 5600 2220 5652 hac
2267 5614 2434 5661 voce,
2472 5599 2583 5667 jam
2624 5614 2785 5667 supra
2846 5598 3152 5669 observavi.
3218 5596 3389 5652 Porro
3446 5599 3588 5669 apud

2022 5668 2390 5738 Nicephorum
2409 5665 2602 5738 in'cap.
2626 5665 2710 5738 11,
2732 5668 2958 5738 Iilnxm,
2976 5665 3242 5722 scribitur
3257 5670 3420 5723 etiam
3441 5665 3591 5738 ιερῶ-

2026 5736 2205 5811 μενος,
2236 5739 2456 5810 perinde
2486 5736 2624 5793 ac’in
2653 5736 2975 5792 Fukctiano.
