  <div class='ocr_page' id='page_1' title='image "/cluster/home/n/w/nwhite01/storage/ocr_20150623/67/hvd.32044020707378/789.png"; bbox 0 0 4050 6218; ppageno 0'>
   <div class='ocr_carea' id='block_1_1' title="bbox 466 212 605 268">
    <p class='ocr_par' dir='ltr' id='par_1_1' title="bbox 466 212 605 268">
     <span class='ocr_line' id='line_1_1' title="bbox 466 212 605 268; baseline -0.014 -1"><span class='ocrx_word' id='word_1_1' title='bbox 466 212 605 268; x_wconf 75' lang='grc'><strong>1367</strong></span> 
     </span>
    </p>
   </div>
   <div class='ocr_carea' id='block_1_2' title="bbox 1923 220 2266 276">
    <p class='ocr_par' dir='ltr' id='par_1_2' title="bbox 1923 220 2266 276">
     <span class='ocr_line' id='line_1_2' title="bbox 1923 220 2266 276; baseline 0.006 -2"><span class='ocrx_word' id='word_1_2' title='bbox 1923 220 2266 276; x_wconf 72' lang='lat' dir='ltr'><strong>SOZOMENI</strong></span> 
     </span>
    </p>
   </div>
   <div class='ocr_carea' id='block_1_3' title="bbox 3573 227 3704 297">
    <p class='ocr_par' dir='ltr' id='par_1_3' title="bbox 3573 227 3704 297">
     <span class='ocr_line' id='line_1_3' title="bbox 3573 227 3704 297; baseline 0.015 -15"><span class='ocrx_word' id='word_1_3' title='bbox 3573 227 3704 297; x_wconf 67' lang='lat'><strong>1503</strong></span> 
     </span>
    </p>
   </div>
   <div class='ocr_carea' id='block_1_4' title="bbox 456 326 2041 412">
    <p class='ocr_par' dir='ltr' id='par_1_4' title="bbox 456 326 2029 402">
     <span class='ocr_line' id='line_1_4' title="bbox 456 326 2029 402; baseline 0.004 -21"><span class='ocrx_word' id='word_1_4' title='bbox 456 340 525 381; x_wconf 92' lang='lat' dir='ltr'><strong>eo</strong></span> <span class='ocrx_word' id='word_1_5' title='bbox 555 334 799 396; x_wconf 87' lang='lat' dir='ltr'><strong>tempore</strong></span> <span class='ocrx_word' id='word_1_6' title='bbox 832 326 1118 398; x_wconf 74' lang='lat' dir='ltr'><strong>sexaginta</strong></span> <span class='ocrx_word' id='word_1_7' title='bbox 1151 328 1373 386; x_wconf 90' lang='lat' dir='ltr'><strong>circiter</strong></span> <span class='ocrx_word' id='word_1_8' title='bbox 1412 331 1659 402; x_wconf 82' lang='lat' dir='ltr'><strong>episcopi</strong></span> <span class='ocrx_word' id='word_1_9' title='bbox 1709 332 2029 390; x_wconf 83' lang='lat' dir='ltr'><strong>Constanti-</strong></span> 
     </span>
    </p>
   </div>
   <div class='ocr_carea' id='block_1_5' title="bbox 2148 326 3709 412">
    <p class='ocr_par' dir='ltr' id='par_1_5' title="bbox 2148 337 3709 412">
     <span class='ocr_line' id='line_1_5' title="bbox 2148 337 3709 412; baseline 0.004 -22"><span class='ocrx_word' id='word_1_10' title='bbox 2148 337 2311 391; x_wconf 63' lang='lat' dir='ltr'><strong>niwva</strong></span> <span class='ocrx_word' id='word_1_11' title='bbox 2361 338 2458 409; x_wconf 80' lang='grc' dir='ltr'>τῆς</span> <span class='ocrx_word' id='word_1_12' title='bbox 2505 339 2562 390; x_wconf 86' lang='grc' dir='ltr'><strong>ἐν</strong></span> <span class='ocrx_word' id='word_1_13' title='bbox 2614 340 2801 411; x_wconf 78' lang='grc' dir='ltr'>Θρᾴκῃ</span> <span class='ocrx_word' id='word_1_14' title='bbox 2860 340 3183 412; x_wconf 79' lang='grc' dir='ltr'>Ἡρακλείας</span> <span class='ocrx_word' id='word_1_15' title='bbox 3237 341 3535 398; x_wconf 79' lang='grc' dir='ltr'>ἐπίσκοπον</span> <span class='ocrx_word' id='word_1_16' title='bbox 3584 360 3709 399; x_wconf 65' lang='grc' dir='ltr'>κατι</span> 
     </span>
    </p>
   </div>
   <div class='ocr_carea' id='block_1_6' title="bbox 457 417 2030 491">
    <p class='ocr_par' dir='ltr' id='par_1_6' title="bbox 457 417 2030 491">
     <span class='ocr_line' id='line_1_6' title="bbox 457 417 2030 491; baseline 0.006 -21"><span class='ocrx_word' id='word_1_17' title='bbox 457 417 697 485; x_wconf 84' lang='lat' dir='ltr'><strong>nupolim</strong></span> <span class='ocrx_word' id='word_1_18' title='bbox 742 419 1149 484; x_wconf 89' lang='lat' dir='ltr'><strong>convenissent,</strong></span> <span class='ocrx_word' id='word_1_19' title='bbox 1188 427 1560 491; x_wconf 89' lang='lat' dir='ltr'><strong>statutumque</strong></span> <span class='ocrx_word' id='word_1_20' title='bbox 1589 422 1657 477; x_wconf 90' lang='lat' dir='ltr'><strong>ab</strong></span> <span class='ocrx_word' id='word_1_21' title='bbox 1704 425 1810 480; x_wconf 90' lang='lat' dir='ltr'><strong>illis</strong></span> <span class='ocrx_word' id='word_1_22' title='bbox 1853 433 2030 491; x_wconf 86' lang='lat' dir='ltr'><strong>esset,</strong></span> 
     </span>
    </p>
   </div>
   <div class='ocr_carea' id='block_1_7' title="bbox 2140 429 2386 499">
    <p class='ocr_par' dir='ltr' id='par_1_7' title="bbox 2140 429 2386 499">
     <span class='ocr_line' id='line_1_7' title="bbox 2140 429 2386 499; baseline 0.012 -19"><span class='ocrx_word' id='word_1_23' title='bbox 2140 429 2386 499; x_wconf 83' lang='grc' dir='ltr'>έστησεν.</span> 
     </span>
    </p>
   </div>
   <div class='ocr_carea' id='block_1_8' title="bbox 457 506 3714 594">
    <p class='ocr_par' dir='ltr' id='par_1_8' title="bbox 457 506 3714 594">
     <span class='ocr_line' id='line_1_8' title="bbox 457 506 3714 594; baseline 0.005 -34"><span class='ocrx_word' id='word_1_24' title='bbox 457 511 518 560; x_wconf 80' lang='grc' dir='ltr'>ιιι</span> <span class='ocrx_word' id='word_1_25' title='bbox 552 520 615 560; x_wconf 86' lang='lat' dir='ltr'><strong>ea</strong></span> <span class='ocrx_word' id='word_1_26' title='bbox 663 521 786 576; x_wconf 69' lang='lat' dir='ltr'><strong>qua:</strong></span> <span class='ocrx_word' id='word_1_27' title='bbox 838 506 985 575; x_wconf 89' lang='lat' dir='ltr'><strong>apud</strong></span> <span class='ocrx_word' id='word_1_28' title='bbox 1032 506 1307 573; x_wconf 81' lang='lat' dir='ltr'><strong>Quercum</strong></span> <span class='ocrx_word' id='word_1_29' title='bbox 1363 517 1514 579; x_wconf 89' lang='lat' dir='ltr'><strong>gesta</strong></span> <span class='ocrx_word' id='word_1_30' title='bbox 1566 509 1813 577; x_wconf 83' lang='lat' dir='ltr'><strong>fuerant,</strong></span> <span class='ocrx_word' id='word_1_31' title='bbox 1877 513 2032 567; x_wconf 87' lang='lat' dir='ltr'><strong>irrita</strong></span> <span class='ocrx_word' id='word_1_32' title='bbox 2066 527 2285 580; x_wconf 85' lang='lat' dir='ltr'><strong>essent,</strong></span> <span class='ocrx_word' id='word_1_33' title='bbox 2321 526 2490 587; x_wconf 91' lang='lat' dir='ltr'><strong>utque</strong></span> <span class='ocrx_word' id='word_1_34' title='bbox 2563 517 2804 574; x_wconf 85' lang='lat' dir='ltr'><strong>Joannes</strong></span> <span class='ocrx_word' id='word_1_35' title='bbox 2844 522 3220 594; x_wconf 89' lang='lat' dir='ltr'><strong>episcopatum</strong></span> <span class='ocrx_word' id='word_1_36' title='bbox 3264 526 3570 581; x_wconf 83' lang='lat' dir='ltr'><strong>retineret:</strong></span> <span class='ocrx_word' id='word_1_37' title='bbox 3628 525 3714 578; x_wconf 83' lang='lat' dir='ltr'><strong>ille</strong></span> 
     </span>
    </p>
   </div>
   <div class='ocr_carea' id='block_1_9' title="bbox 458 598 3712 687">
    <p class='ocr_par' dir='ltr' id='par_1_9' title="bbox 458 598 3712 687">
     <span class='ocr_line' id='line_1_9' title="bbox 458 598 3712 687; baseline 0.006 -35"><span class='ocrx_word' id='word_1_38' title='bbox 458 598 715 668; x_wconf 82' lang='lat' dir='ltr'><strong>deinceps</strong></span> <span class='ocrx_word' id='word_1_39' title='bbox 749 601 1041 655; x_wconf 89' lang='lat' dir='ltr'><strong>missarum</strong></span> <span class='ocrx_word' id='word_1_40' title='bbox 1083 602 1346 656; x_wconf 81' lang='lat' dir='ltr'><strong>solemnia</strong></span> <span class='ocrx_word' id='word_1_41' title='bbox 1408 604 1711 668; x_wconf 87' lang='lat' dir='ltr'><strong>celebrare,</strong></span> <span class='ocrx_word' id='word_1_42' title='bbox 1782 607 2158 665; x_wconf 85' lang='lat' dir='ltr'><strong>ordinationes</strong></span> <span class='ocrx_word' id='word_1_43' title='bbox 2235 608 2452 676; x_wconf 83' lang='lat' dir='ltr'><strong>facere,</strong></span> <span class='ocrx_word' id='word_1_44' title='bbox 2525 619 2581 666; x_wconf 91' lang='lat' dir='ltr'><strong>et</strong></span> <span class='ocrx_word' id='word_1_45' title='bbox 2630 613 2735 666; x_wconf 89' lang='lat' dir='ltr'><strong>alia</strong></span> <span class='ocrx_word' id='word_1_46' title='bbox 2788 613 2843 667; x_wconf 93' lang='lat' dir='ltr'><strong>in</strong></span> <span class='ocrx_word' id='word_1_47' title='bbox 2892 616 3128 671; x_wconf 87' lang='lat' dir='ltr'><strong>ecclesia</strong></span> <span class='ocrx_word' id='word_1_48' title='bbox 3182 616 3500 687; x_wconf 87' lang='lat' dir='ltr'><strong>disponere,</strong></span> <span class='ocrx_word' id='word_1_49' title='bbox 3560 627 3712 687; x_wconf 89' lang='lat' dir='ltr'><strong>prout</strong></span> 
     </span>
    </p>
   </div>
   <div class='ocr_carea' id='block_1_10' title="bbox 460 690 3712 777">
    <p class='ocr_par' dir='ltr' id='par_1_10' title="bbox 460 690 3712 777">
     <span class='ocr_line' id='line_1_10' title="bbox 460 690 3712 777; baseline 0.006 -32"><span class='ocrx_word' id='word_1_50' title='bbox 460 690 849 747; x_wconf 81' lang='lat' dir='ltr'><strong>sacerdotibus</strong></span> <span class='ocrx_word' id='word_1_51' title='bbox 876 694 964 763; x_wconf 87' lang='lat' dir='ltr'><strong>jus</strong></span> <span class='ocrx_word' id='word_1_52' title='bbox 997 693 1191 764; x_wconf 83' lang='lat' dir='ltr'><strong>fasque</strong></span> <span class='ocrx_word' id='word_1_53' title='bbox 1214 703 1321 759; x_wconf 89' lang='lat' dir='ltr'><strong>est,</strong></span> <span class='ocrx_word' id='word_1_54' title='bbox 1345 699 1734 766; x_wconf 73' lang='lat' dir='ltr'><strong>perseveravit.</strong></span> <span class='ocrx_word' id='word_1_55' title='bbox 1770 699 1889 766; x_wconf 83' lang='lat' dir='ltr'><strong>Quo</strong></span> <span class='ocrx_word' id='word_1_56' title='bbox 1910 699 2127 771; x_wconf 83' lang='lat' dir='ltr'><strong>quidem</strong></span> <span class='ocrx_word' id='word_1_57' title='bbox 2161 710 2406 773; x_wconf 87' lang='lat' dir='ltr'><strong>tempore</strong></span> <span class='ocrx_word' id='word_1_58' title='bbox 2436 705 2599 760; x_wconf 91' lang='lat' dir='ltr'><strong>etiam</strong></span> <span class='ocrx_word' id='word_1_59' title='bbox 2660 705 3011 777; x_wconf 88' lang='lat' dir='ltr'><strong>Serapionem</strong></span> <span class='ocrx_word' id='word_1_60' title='bbox 3084 708 3362 766; x_wconf 82' lang='lat' dir='ltr'><strong>Heracleae</strong></span> <span class='ocrx_word' id='word_1_61' title='bbox 3423 711 3477 765; x_wconf 89' lang='lat' dir='ltr'><strong>in</strong></span> <span class='ocrx_word' id='word_1_62' title='bbox 3542 709 3712 765; x_wconf 77' lang='lat' dir='ltr'><strong>Thra-</strong></span> 
     </span>
    </p>
   </div>
   <div class='ocr_carea' id='block_1_11' title="bbox 460 784 1247 856">
    <p class='ocr_par' dir='ltr' id='par_1_11' title="bbox 460 784 1247 856">
     <span class='ocr_line' id='line_1_11' title="bbox 460 784 1247 856; baseline 0.008 -19"><span class='ocrx_word' id='word_1_63' title='bbox 460 784 543 838; x_wconf 84' lang='lat' dir='ltr'><strong>cia</strong></span> <span class='ocrx_word' id='word_1_64' title='bbox 582 784 899 856; x_wconf 84' lang='lat' dir='ltr'><strong>episcopum</strong></span> <span class='ocrx_word' id='word_1_65' title='bbox 934 788 1247 843; x_wconf 88' lang='lat' dir='ltr'><strong>constituit.</strong></span> 
     </span>
    </p>
   </div>
   <div class='ocr_carea' id='block_1_12' title="bbox 1091 876 1406 933">
    <p class='ocr_par' dir='ltr' id='par_1_12' title="bbox 1091 876 1406 933">
     <span class='ocr_line' id='line_1_12' title="bbox 1091 876 1406 933; baseline 0.01 -3"><span class='ocrx_word' id='word_1_66' title='bbox 1091 876 1248 931; x_wconf 83' lang='lat' dir='ltr'><strong>CAP.</strong></span> <span class='ocrx_word' id='word_1_67' title='bbox 1287 876 1406 933; x_wconf 79' lang='lat' dir='ltr'><strong>XX.</strong></span> 
     </span>
    </p>
   </div>
   <div class='ocr_carea' id='block_1_13' title="bbox 461 963 2035 1038">
    <p class='ocr_par' dir='ltr' id='par_1_13' title="bbox 461 963 2035 1038">
     <span class='ocr_line' id='line_1_13' title="bbox 461 963 2035 1038; baseline 0.005 -21"><span class='ocrx_word' id='word_1_68' title='bbox 461 963 540 1019; x_wconf 86' lang='lat' dir='ltr'><strong>De</strong></span> <span class='ocrx_word' id='word_1_69' title='bbox 575 973 755 1020; x_wconf 75' lang='lat' dir='ltr'><strong>statua</strong></span> <span class='ocrx_word' id='word_1_70' title='bbox 798 966 1087 1038; x_wconf 68' lang='lat' dir='ltr'><strong>Augustin,</strong></span> <span class='ocrx_word' id='word_1_71' title='bbox 1116 980 1166 1022; x_wconf 88' lang='lat' dir='ltr'><strong>et</strong></span> <span class='ocrx_word' id='word_1_72' title='bbox 1200 970 1263 1022; x_wconf 86' lang='lat' dir='ltr'><strong>de</strong></span> <span class='ocrx_word' id='word_1_73' title='bbox 1296 970 1539 1025; x_wconf 77' lang='lat' dir='ltr'><strong>concione</strong></span> <span class='ocrx_word' id='word_1_74' title='bbox 1577 969 1806 1026; x_wconf 83' lang='lat' dir='ltr'><strong>Joannis</strong></span> <span class='ocrx_word' id='word_1_75' title='bbox 1835 987 1853 1027; x_wconf 92' lang='lat'><strong>:</strong></span> <span class='ocrx_word' id='word_1_76' title='bbox 1879 979 1927 1026; x_wconf 84' lang='lat' dir='ltr'><strong>et</strong></span> <span class='ocrx_word' id='word_1_77' title='bbox 1970 969 2035 1025; x_wconf 86' lang='lat' dir='ltr'><strong>de</strong></span> 
     </span>
    </p>
   </div>
   <div class='ocr_carea' id='block_1_14' title="bbox 531 1038 2029 1112">
    <p class='ocr_par' dir='ltr' id='par_1_14' title="bbox 531 1038 2029 1112">
     <span class='ocr_line' id='line_1_14' title="bbox 531 1038 2029 1112; baseline 0.004 -25"><span class='ocrx_word' id='word_1_78' title='bbox 531 1038 731 1112; x_wconf 66' lang='lat' dir='ltr'><strong>synodo</strong></span> <span class='ocrx_word' id='word_1_79' title='bbox 758 1052 899 1112; x_wconf 36' lang='lat' dir='ltr'><strong>guto.</strong></span> <span class='ocrx_word' id='word_1_80' title='bbox 930 1054 1113 1112; x_wconf 71' lang='lat' dir='ltr'><strong>rursus</strong></span> <span class='ocrx_word' id='word_1_81' title='bbox 1161 1049 1347 1094; x_wconf 80' lang='lat' dir='ltr'><strong>contra</strong></span> <span class='ocrx_word' id='word_1_82' title='bbox 1390 1040 1544 1094; x_wconf 80' lang='lat' dir='ltr'><strong>illum</strong></span> <span class='ocrx_word' id='word_1_83' title='bbox 1578 1051 1894 1112; x_wconf 83' lang='lat' dir='ltr'><strong>congregata</strong></span> <span class='ocrx_word' id='word_1_84' title='bbox 1926 1049 2029 1105; x_wconf 79' lang='lat' dir='ltr'><strong>est,</strong></span> 
     </span>
    </p>
   </div>
   <div class='ocr_carea' id='block_1_15' title="bbox 568 1105 1207 1175">
    <p class='ocr_par' dir='ltr' id='par_1_15' title="bbox 568 1105 1207 1175">
     <span class='ocr_line' id='line_1_15' title="bbox 568 1105 1207 1175; baseline 0.005 -17"><span class='ocrx_word' id='word_1_85' title='bbox 568 1120 693 1174; x_wconf 83' lang='lat' dir='ltr'><strong>eque</strong></span> <span class='ocrx_word' id='word_1_86' title='bbox 720 1106 833 1175; x_wconf 84' lang='lat' dir='ltr'><strong>ejus</strong></span> <span class='ocrx_word' id='word_1_87' title='bbox 864 1105 1207 1175; x_wconf 75' lang='lat' dir='ltr'><strong>depositione.</strong></span> 
     </span>
    </p>
   </div>
   <div class='ocr_carea' id='block_1_16' title="bbox 529 1192 2035 1271">
    <p class='ocr_par' dir='ltr' id='par_1_16' title="bbox 529 1192 2035 1271">
     <span class='ocr_line' id='line_1_16' title="bbox 529 1192 2035 1271; baseline 0.004 -23"><span class='ocrx_word' id='word_1_88' title='bbox 529 1192 684 1249; x_wconf 81' lang='lat' dir='ltr'><strong>Haud</strong></span> <span class='ocrx_word' id='word_1_89' title='bbox 710 1196 881 1250; x_wconf 90' lang='lat' dir='ltr'><strong>multo</strong></span> <span class='ocrx_word' id='word_1_90' title='bbox 914 1206 1058 1267; x_wconf 90' lang='lat' dir='ltr'><strong>post,</strong></span> <span class='ocrx_word' id='word_1_91' title='bbox 1087 1214 1211 1252; x_wconf 91' lang='lat' dir='ltr'><strong>cum</strong></span> <span class='ocrx_word' id='word_1_92' title='bbox 1237 1207 1497 1269; x_wconf 86' lang='lat' dir='ltr'><strong>argentea</strong></span> <span class='ocrx_word' id='word_1_93' title='bbox 1525 1200 1893 1271; x_wconf 87' lang='lat' dir='ltr'><strong>imperatricis</strong></span> <span class='ocrx_word' id='word_1_94' title='bbox 1921 1206 2035 1256; x_wconf 61' lang='lat' dir='ltr'><strong>stac</strong></span> 
     </span>
    </p>
   </div>
   <div class='ocr_carea' id='block_1_17' title="bbox 463 1290 2036 1362">
    <p class='ocr_par' dir='ltr' id='par_1_17' title="bbox 463 1290 2036 1362">
     <span class='ocr_line' id='line_1_17' title="bbox 463 1290 2036 1362; baseline 0.005 -24"><span class='ocrx_word' id='word_1_95' title='bbox 463 1292 557 1338; x_wconf 91' lang='lat' dir='ltr'><strong>tua</strong></span> <span class='ocrx_word' id='word_1_96' title='bbox 581 1301 872 1356; x_wconf 74' lang='lat' dir='ltr'><strong>purpurea:</strong></span> <span class='ocrx_word' id='word_1_97' title='bbox 907 1290 1176 1344; x_wconf 73' lang='lat' dir='ltr'><strong>columna:</strong></span> <span class='ocrx_word' id='word_1_98' title='bbox 1214 1292 1470 1361; x_wconf 91' lang='lat' dir='ltr'><strong>imposita</strong></span> <span class='ocrx_word' id='word_1_99' title='bbox 1514 1292 1880 1358; x_wconf 87' lang='lat' dir='ltr'><strong>dedicaretur,</strong></span> <span class='ocrx_word' id='word_1_100' title='bbox 1914 1306 2036 1362; x_wconf 71' lang='lat' dir='ltr'><strong>quae</strong></span> 
     </span>
    </p>
   </div>
   <div class='ocr_carea' id='block_1_18' title="bbox 463 1376 2032 1453">
    <p class='ocr_par' dir='ltr' id='par_1_18' title="bbox 463 1376 2032 1453">
     <span class='ocr_line' id='line_1_18' title="bbox 463 1376 2032 1453; baseline 0.003 -22"><span class='ocrx_word' id='word_1_101' title='bbox 463 1376 766 1431; x_wconf 89' lang='lat' dir='ltr'><strong>etiamnum</strong></span> <span class='ocrx_word' id='word_1_102' title='bbox 794 1380 1042 1434; x_wconf 89' lang='lat' dir='ltr'><strong>cernitur</strong></span> <span class='ocrx_word' id='word_1_103' title='bbox 1057 1380 1123 1435; x_wconf 91' lang='lat' dir='ltr'><strong>ad</strong></span> <span class='ocrx_word' id='word_1_104' title='bbox 1146 1382 1503 1436; x_wconf 87' lang='lat' dir='ltr'><strong>meridianam</strong></span> <span class='ocrx_word' id='word_1_105' title='bbox 1528 1383 1774 1439; x_wconf 74' lang='lat' dir='ltr'><strong>ecclesia:</strong></span> <span class='ocrx_word' id='word_1_106' title='bbox 1799 1383 2032 1453; x_wconf 78' lang='lat' dir='ltr'><strong>plagam,</strong></span> 
     </span>
    </p>
   </div>
   <div class='ocr_carea' id='block_1_19' title="bbox 463 1468 2032 1543">
    <p class='ocr_par' dir='ltr' id='par_1_19' title="bbox 463 1468 2032 1543">
     <span class='ocr_line' id='line_1_19' title="bbox 463 1468 2032 1543; baseline 0.004 -22"><span class='ocrx_word' id='word_1_107' title='bbox 463 1476 593 1522; x_wconf 88' lang='lat' dir='ltr'><strong>ante</strong></span> <span class='ocrx_word' id='word_1_108' title='bbox 617 1468 787 1524; x_wconf 72' lang='lat' dir='ltr'><strong>aedem</strong></span> <span class='ocrx_word' id='word_1_109' title='bbox 819 1470 1001 1541; x_wconf 88' lang='lat' dir='ltr'><strong>magni</strong></span> <span class='ocrx_word' id='word_1_110' title='bbox 1036 1479 1259 1527; x_wconf 84' lang='lat' dir='ltr'><strong>senatus</strong></span> <span class='ocrx_word' id='word_1_111' title='bbox 1279 1513 1291 1537; x_wconf 90' lang='lat'><strong>,</strong></span> <span class='ocrx_word' id='word_1_112' title='bbox 1327 1488 1497 1543; x_wconf 89' lang='lat' dir='ltr'><strong>super</strong></span> <span class='ocrx_word' id='word_1_113' title='bbox 1521 1475 1741 1531; x_wconf 80' lang='lat' dir='ltr'><strong>excelso</strong></span> <span class='ocrx_word' id='word_1_114' title='bbox 1771 1473 2032 1530; x_wconf 84' lang='lat' dir='ltr'><strong>tribunali</strong></span> 
     </span>
    </p>
   </div>
   <div class='ocr_carea' id='block_1_20' title="bbox 2741 880 3119 937">
    <p class='ocr_par' dir='ltr' id='par_1_20' title="bbox 2741 880 3119 937">
     <span class='ocr_line' id='line_1_20' title="bbox 2741 880 3119 937; baseline 0.008 -5"><span class='ocrx_word' id='word_1_115' title='bbox 2741 880 2993 934; x_wconf 82' lang='grc' dir='ltr'><strong>ΚΕΦΑΛ.</strong></span> <span class='ocrx_word' id='word_1_116' title='bbox 3033 882 3119 937; x_wconf 70' lang='grc' dir='ltr'><strong>ις’.</strong></span> 
     </span>
    </p>
   </div>
   <div class='ocr_carea' id='block_1_21' title="bbox 2138 967 3715 1050">
    <p class='ocr_par' dir='ltr' id='par_1_21' title="bbox 2138 967 3715 1050">
     <span class='ocr_line' id='line_1_21' title="bbox 2138 967 3715 1050; baseline 0.006 -27"><span class='ocrx_word' id='word_1_117' title='bbox 2138 967 2281 1047; x_wconf 55' lang='grc' dir='ltr'>Περὶ</span> <span class='ocrx_word' id='word_1_118' title='bbox 2334 968 2440 1050; x_wconf 61' lang='grc' dir='ltr'><strong>τοῦ</strong></span> <span class='ocrx_word' id='word_1_119' title='bbox 2465 968 2847 1050; x_wconf 39' lang='grc' dir='ltr'>’ἀι-δριιξνξος</span> <span class='ocrx_word' id='word_1_120' title='bbox 2891 970 3000 1050; x_wconf 73' lang='grc' dir='ltr'>τῆς</span> <span class='ocrx_word' id='word_1_121' title='bbox 3031 972 3358 1050; x_wconf 44' lang='lat' dir='ltr'><strong>ﬁrmandae</strong></span> <span class='ocrx_word' id='word_1_122' title='bbox 3384 993 3397 1007; x_wconf 90' lang='grc'><strong>·</strong></span> <span class='ocrx_word' id='word_1_123' title='bbox 3434 977 3537 1050; x_wconf 73' lang='grc' dir='ltr'>καὶ</span> <span class='ocrx_word' id='word_1_124' title='bbox 3593 984 3715 1050; x_wconf 65' lang='grc' dir='ltr'>περὶ</span> 
     </span>
    </p>
   </div>
   <div class='ocr_carea' id='block_1_22' title="bbox 2207 1038 3716 1111">
    <p class='ocr_par' dir='ltr' id='par_1_22' title="bbox 2207 1038 3716 1111">
     <span class='ocr_line' id='line_1_22' title="bbox 2207 1038 3716 1111; baseline 0.009 -21"><span class='ocrx_word' id='word_1_125' title='bbox 2207 1038 2324 1111; x_wconf 65' lang='grc' dir='ltr'>τῆς</span> <span class='ocrx_word' id='word_1_126' title='bbox 2351 1038 2632 1111; x_wconf 77' lang='grc' dir='ltr'><strong>Ἰωᾴννου</strong></span> <span class='ocrx_word' id='word_1_127' title='bbox 2663 1039 3076 1111; x_wconf 67' lang='grc' dir='ltr'>διδασκαλίας,</span> <span class='ocrx_word' id='word_1_128' title='bbox 3104 1042 3201 1096; x_wconf 76' lang='grc' dir='ltr'>καὶ</span> <span class='ocrx_word' id='word_1_129' title='bbox 3226 1038 3347 1111; x_wconf 67' lang='grc' dir='ltr'><strong>τῆς⁷</strong></span> <span class='ocrx_word' id='word_1_130' title='bbox 3375 1047 3503 1100; x_wconf 83' lang='grc' dir='ltr'>κατ’</span> <span class='ocrx_word' id='word_1_131' title='bbox 3532 1038 3716 1104; x_wconf 59' lang='lat' dir='ltr'><strong>aurei:</strong></span> 
     </span>
    </p>
   </div>
   <div class='ocr_carea' id='block_1_23' title="bbox 2205 1106 3746 1185">
    <p class='ocr_par' dir='ltr' id='par_1_23' title="bbox 2205 1106 3746 1185">
     <span class='ocr_line' id='line_1_23' title="bbox 2205 1106 3746 1185; baseline 0.009 -26"><span class='ocrx_word' id='word_1_132' title='bbox 2205 1106 2393 1160; x_wconf 70' lang='grc' dir='ltr'>πάλιν</span> <span class='ocrx_word' id='word_1_133' title='bbox 2427 1108 2847 1177; x_wconf 82' lang='grc' dir='ltr'><strong>ἀθροισθείσης</strong></span> <span class='ocrx_word' id='word_1_134' title='bbox 2878 1111 3144 1166; x_wconf 82' lang='grc' dir='ltr'><strong>συνόδου</strong></span> <span class='ocrx_word' id='word_1_135' title='bbox 3171 1113 3271 1167; x_wconf 74' lang='grc' dir='ltr'>καὶ</span> <span class='ocrx_word' id='word_1_136' title='bbox 3286 1106 3712 1185; x_wconf 59' lang='grc' dir='ltr'>καθαιρέσεως.</span> <span class='ocrx_word' id='word_1_137' title='bbox 3742 1122 3746 1129; x_wconf 78' lang='grc'>’</span> 
     </span>
    </p>
   </div>
   <div class='ocr_carea' id='block_1_24' title="bbox 2206 1197 3713 1279">
    <p class='ocr_par' dir='ltr' id='par_1_24' title="bbox 2206 1197 3713 1279">
     <span class='ocr_line' id='line_1_24' title="bbox 2206 1197 3713 1279; baseline 0.009 -29"><span class='ocrx_word' id='word_1_138' title='bbox 2206 1198 2282 1252; x_wconf 84' lang='grc' dir='ltr'><strong>Οὐ</strong></span> <span class='ocrx_word' id='word_1_139' title='bbox 2310 1197 2490 1270; x_wconf 81' lang='grc' dir='ltr'>πολλῷ</span> <span class='ocrx_word' id='word_1_140' title='bbox 2521 1198 2580 1252; x_wconf 83' lang='grc' dir='ltr'>δὲ</span> <span class='ocrx_word' id='word_1_141' title='bbox 2612 1198 2855 1272; x_wconf 75' lang='grc' dir='ltr'>ὕστερον,</span> <span class='ocrx_word' id='word_1_142' title='bbox 2879 1201 3194 1272; x_wconf 77' lang='grc' dir='ltr'><strong>ἀνδριάντος</strong></span> <span class='ocrx_word' id='word_1_143' title='bbox 3230 1204 3473 1278; x_wconf 80' lang='grc' dir='ltr'>ἀργυροῦ</span> <span class='ocrx_word' id='word_1_144' title='bbox 3499 1209 3605 1279; x_wconf 78' lang='grc' dir='ltr'>τῆς</span> <span class='ocrx_word' id='word_1_145' title='bbox 3628 1211 3713 1263; x_wconf 75' lang='grc' dir='ltr'><strong>τοῦ</strong></span> 
     </span>
    </p>
   </div>
   <div class='ocr_carea' id='block_1_25' title="bbox 2143 1290 3714 1363">
    <p class='ocr_par' dir='ltr' id='par_1_25' title="bbox 2143 1290 3714 1363">
     <span class='ocr_line' id='line_1_25' title="bbox 2143 1290 3714 1363; baseline -0.007 -1"><span class='ocrx_word' id='word_1_146' title='bbox 2143 1290 2403 1361; x_wconf 69' lang='grc' dir='ltr'><strong>βασιλέως</strong></span> <span class='ocrx_word' id='word_1_147' title='bbox 2426 1290 2670 1362; x_wconf 76' lang='grc' dir='ltr'><strong>γαμετῆς</strong></span> <span class='ocrx_word' id='word_1_148' title='bbox 2700 1292 2790 1344; x_wconf 66' lang='grc' dir='ltr'>ἐπὶ</span> <span class='ocrx_word' id='word_1_149' title='bbox 2815 1293 3095 1362; x_wconf 82' lang='grc' dir='ltr'>πορφυροῦ</span> <span class='ocrx_word' id='word_1_150' title='bbox 3133 1294 3312 1359; x_wconf 75' lang='grc' dir='ltr'>κίονος</span> <span class='ocrx_word' id='word_1_151' title='bbox 3344 1297 3714 1363; x_wconf 76' lang='grc' dir='ltr'><strong>ἀνατεθέντος,</strong></span> 
     </span>
    </p>
   </div>
   <div class='ocr_carea' id='block_1_26' title="bbox 2138 1380 3717 1460">
    <p class='ocr_par' dir='ltr' id='par_1_26' title="bbox 2138 1380 3717 1460">
     <span class='ocr_line' id='line_1_26' title="bbox 2138 1380 3717 1460; baseline 0.005 -25"><span class='ocrx_word' id='word_1_152' title='bbox 2138 1382 2197 1446; x_wconf 82' lang='grc' dir='ltr'>ὃς</span> <span class='ocrx_word' id='word_1_153' title='bbox 2241 1382 2338 1434; x_wconf 69' lang='grc' dir='ltr'>καὶ</span> <span class='ocrx_word' id='word_1_154' title='bbox 2388 1380 2483 1434; x_wconf 90' lang='grc' dir='ltr'><strong>νῦν</strong></span> <span class='ocrx_word' id='word_1_155' title='bbox 2533 1380 2651 1434; x_wconf 75' lang='grc' dir='ltr'>ἐστι</span> <span class='ocrx_word' id='word_1_156' title='bbox 2702 1381 2840 1452; x_wconf 76' lang='grc' dir='ltr'>πρὸς</span> <span class='ocrx_word' id='word_1_157' title='bbox 2895 1383 3242 1454; x_wconf 73' lang='grc' dir='ltr'>μεσημϐρίαν</span> <span class='ocrx_word' id='word_1_158' title='bbox 3289 1386 3392 1456; x_wconf 81' lang='grc' dir='ltr'>τῆς</span> <span class='ocrx_word' id='word_1_159' title='bbox 3424 1389 3717 1460; x_wconf 82' lang='grc' dir='ltr'>ἐκκλησίας</span> 
     </span>
    </p>
   </div>
   <div class='ocr_carea' id='block_1_27' title="bbox 2139 1472 3715 1550">
    <p class='ocr_par' dir='ltr' id='par_1_27' title="bbox 2139 1472 3715 1550">
     <span class='ocr_line' id='line_1_27' title="bbox 2139 1472 3715 1550; baseline -0.006 -6"><span class='ocrx_word' id='word_1_160' title='bbox 2139 1472 2247 1543; x_wconf 75' lang='grc' dir='ltr'><strong>πρὸ</strong></span> <span class='ocrx_word' id='word_1_161' title='bbox 2290 1472 2383 1525; x_wconf 74' lang='grc' dir='ltr'><strong>τοῦ</strong></span> <span class='ocrx_word' id='word_1_162' title='bbox 2426 1472 2575 1526; x_wconf 81' lang='grc' dir='ltr'>οτκου</span> <span class='ocrx_word' id='word_1_163' title='bbox 2616 1472 2717 1541; x_wconf 83' lang='grc' dir='ltr'>τῆς</span> <span class='ocrx_word' id='word_1_164' title='bbox 2750 1472 2993 1543; x_wconf 77' lang='grc' dir='ltr'><strong>μεγάλης</strong></span> <span class='ocrx_word' id='word_1_165' title='bbox 3031 1473 3228 1546; x_wconf 82' lang='grc' dir='ltr'>βουλῆς</span> <span class='ocrx_word' id='word_1_166' title='bbox 3265 1475 3375 1549; x_wconf 91' lang='lat'><strong>(68)</strong></span> <span class='ocrx_word' id='word_1_167' title='bbox 3406 1479 3491 1547; x_wconf 76' lang='grc' dir='ltr'><strong>ἐφ’</strong></span> <span class='ocrx_word' id='word_1_168' title='bbox 3511 1479 3715 1550; x_wconf 76' lang='grc' dir='ltr'>ὑψηλοῦ</span> 
     </span>
    </p>
   </div>
   <div class='ocr_carea' id='block_1_28' title="bbox 462 1560 2041 1660">
    <p class='ocr_par' dir='ltr' id='par_1_28' title="bbox 462 1560 2035 1631">
     <span class='ocr_line' id='line_1_28' title="bbox 462 1560 2035 1631; baseline 0.004 -17"><span class='ocrx_word' id='word_1_169' title='bbox 462 1560 750 1625; x_wconf 86' lang='lat' dir='ltr'><strong>collocata,</strong></span> <span class='ocrx_word' id='word_1_170' title='bbox 813 1562 1040 1631; x_wconf 85' lang='lat' dir='ltr'><strong>plausus</strong></span> <span class='ocrx_word' id='word_1_171' title='bbox 1069 1564 1217 1629; x_wconf 87' lang='lat' dir='ltr'><strong>illic,</strong></span> <span class='ocrx_word' id='word_1_172' title='bbox 1264 1573 1320 1619; x_wconf 89' lang='lat' dir='ltr'><strong>et</strong></span> <span class='ocrx_word' id='word_1_173' title='bbox 1366 1567 1689 1620; x_wconf 87' lang='lat' dir='ltr'><strong>saltatorum</strong></span> <span class='ocrx_word' id='word_1_174' title='bbox 1734 1581 1799 1621; x_wconf 89' lang='lat' dir='ltr'><strong>ac</strong></span> <span class='ocrx_word' id='word_1_175' title='bbox 1839 1566 2035 1620; x_wconf 46' lang='lat' dir='ltr'><strong>mimo‘</strong></span> 
     </span>
    </p>
   </div>
   <div class='ocr_carea' id='block_1_29' title="bbox 2148 1560 3714 1660">
    <p class='ocr_par' dir='ltr' id='par_1_29' title="bbox 2148 1562 3714 1639">
     <span class='ocr_line' id='line_1_29' title="bbox 2148 1562 3714 1639; baseline 0.008 -26"><span class='ocrx_word' id='word_1_176' title='bbox 2148 1563 2404 1633; x_wconf 81' lang='grc' dir='ltr'>βήματος,</span> <span class='ocrx_word' id='word_1_177' title='bbox 2434 1562 2617 1635; x_wconf 79' lang='grc' dir='ltr'><strong>κρότοι</strong></span> <span class='ocrx_word' id='word_1_178' title='bbox 2644 1580 2704 1616; x_wconf 86' lang='grc' dir='ltr'><strong>τε</strong></span> <span class='ocrx_word' id='word_1_179' title='bbox 2748 1568 2843 1616; x_wconf 76' lang='grc' dir='ltr'>καὶ</span> <span class='ocrx_word' id='word_1_180' title='bbox 2886 1564 3155 1634; x_wconf 82' lang='grc' dir='ltr'>δημώδεις</span> <span class='ocrx_word' id='word_1_181' title='bbox 3193 1566 3313 1620; x_wconf 80' lang='grc' dir='ltr'>θέαι</span> <span class='ocrx_word' id='word_1_182' title='bbox 3335 1569 3625 1639; x_wconf 81' lang='grc' dir='ltr'><strong>ὀρχηστῶν</strong></span> <span class='ocrx_word' id='word_1_183' title='bbox 3659 1590 3714 1625; x_wconf 85' lang='grc' dir='ltr'><strong>τε</strong></span> 
     </span>
    </p>
   </div>
   <div class='ocr_carea' id='block_1_30' title="bbox 461 1653 2031 1724">
    <p class='ocr_par' dir='ltr' id='par_1_30' title="bbox 461 1653 2031 1724">
     <span class='ocr_line' id='line_1_30' title="bbox 461 1653 2031 1724; baseline 0.005 -20"><span class='ocrx_word' id='word_1_184' title='bbox 461 1665 583 1705; x_wconf 85' lang='lat' dir='ltr'><strong>rum</strong></span> <span class='ocrx_word' id='word_1_185' title='bbox 612 1653 829 1723; x_wconf 88' lang='lat' dir='ltr'><strong>publica</strong></span> <span class='ocrx_word' id='word_1_186' title='bbox 855 1655 1170 1724; x_wconf 84' lang='lat' dir='ltr'><strong>spectacula</strong></span> <span class='ocrx_word' id='word_1_187' title='bbox 1200 1655 1525 1720; x_wconf 87' lang='lat' dir='ltr'><strong>edebantur,</strong></span> <span class='ocrx_word' id='word_1_188' title='bbox 1555 1657 1721 1711; x_wconf 88' lang='lat' dir='ltr'><strong>sicuti</strong></span> <span class='ocrx_word' id='word_1_189' title='bbox 1750 1667 1882 1711; x_wconf 89' lang='lat' dir='ltr'><strong>tunc</strong></span> <span class='ocrx_word' id='word_1_190' title='bbox 1912 1672 2031 1712; x_wconf 88' lang='lat' dir='ltr'><strong>mos</strong></span> 
     </span>
    </p>
   </div>
   <div class='ocr_carea' id='block_1_31' title="bbox 461 1743 2031 1819">
    <p class='ocr_par' dir='ltr' id='par_1_31' title="bbox 461 1743 2031 1819">
     <span class='ocr_line' id='line_1_31' title="bbox 461 1743 2031 1819; baseline 0.004 -21"><span class='ocrx_word' id='word_1_191' title='bbox 461 1751 580 1798; x_wconf 87' lang='lat' dir='ltr'><strong>erat</strong></span> <span class='ocrx_word' id='word_1_192' title='bbox 619 1743 674 1797; x_wconf 90' lang='lat' dir='ltr'><strong>in</strong></span> <span class='ocrx_word' id='word_1_193' title='bbox 717 1744 1064 1801; x_wconf 84' lang='lat' dir='ltr'><strong>dedicatione</strong></span> <span class='ocrx_word' id='word_1_194' title='bbox 1100 1746 1463 1817; x_wconf 82' lang='lat' dir='ltr'><strong>impcrialium</strong></span> <span class='ocrx_word' id='word_1_195' title='bbox 1499 1748 1798 1819; x_wconf 84' lang='lat' dir='ltr'><strong>imaginum</strong></span> <span class='ocrx_word' id='word_1_196' title='bbox 1828 1750 1867 1804; x_wconf 75' lang='grc'>³.</span> <span class='ocrx_word' id='word_1_197' title='bbox 1905 1747 2031 1804; x_wconf 63' lang='lat' dir='ltr'><strong>Haec</strong></span> 
     </span>
    </p>
   </div>
   <div class='ocr_carea' id='block_1_32' title="bbox 460 1830 2033 1908">
    <p class='ocr_par' dir='ltr' id='par_1_32' title="bbox 460 1830 2033 1908">
     <span class='ocr_line' id='line_1_32' title="bbox 460 1830 2033 1908; baseline 0.003 -20"><span class='ocrx_word' id='word_1_198' title='bbox 460 1830 700 1890; x_wconf 86' lang='lat' dir='ltr'><strong>Joannes</strong></span> <span class='ocrx_word' id='word_1_199' title='bbox 741 1835 807 1889; x_wconf 91' lang='lat' dir='ltr'><strong>ad</strong></span> <span class='ocrx_word' id='word_1_200' title='bbox 863 1838 1254 1891; x_wconf 90' lang='lat' dir='ltr'><strong>contumeliam</strong></span> <span class='ocrx_word' id='word_1_201' title='bbox 1303 1839 1547 1893; x_wconf 81' lang='lat' dir='ltr'><strong>ecclesia:</strong></span> <span class='ocrx_word' id='word_1_202' title='bbox 1599 1848 1753 1908; x_wconf 76' lang='lat' dir='ltr'><strong>gesta</strong></span> <span class='ocrx_word' id='word_1_203' title='bbox 1800 1855 1942 1905; x_wconf 90' lang='lat' dir='ltr'><strong>esse,</strong></span> <span class='ocrx_word' id='word_1_204' title='bbox 1977 1839 2033 1893; x_wconf 92' lang='lat' dir='ltr'><strong>in</strong></span> 
     </span>
    </p>
   </div>
   <div class='ocr_carea' id='block_1_33' title="bbox 462 1927 2031 2001">
    <p class='ocr_par' dir='ltr' id='par_1_33' title="bbox 462 1927 2031 2001">
     <span class='ocr_line' id='line_1_33' title="bbox 462 1927 2031 2001; baseline 0.003 -21"><span class='ocrx_word' id='word_1_205' title='bbox 462 1941 716 1982; x_wconf 87' lang='lat' dir='ltr'><strong>sermone</strong></span> <span class='ocrx_word' id='word_1_206' title='bbox 757 1927 824 1982; x_wconf 90' lang='lat' dir='ltr'><strong>ad</strong></span> <span class='ocrx_word' id='word_1_207' title='bbox 869 1929 1126 1998; x_wconf 77' lang='lat' dir='ltr'><strong>pepulutn</strong></span> <span class='ocrx_word' id='word_1_208' title='bbox 1177 1931 1506 1987; x_wconf 82' lang='lat' dir='ltr'><strong>criminatus</strong></span> <span class='ocrx_word' id='word_1_209' title='bbox 1560 1939 1664 1985; x_wconf 91' lang='lat' dir='ltr'><strong>est.</strong></span> <span class='ocrx_word' id='word_1_210' title='bbox 1714 1932 2031 2001; x_wconf 79' lang='lat' dir='ltr'><strong>lmperatrix</strong></span> 
     </span>
    </p>
   </div>
   <div class='ocr_carea' id='block_1_34' title="bbox 463 2019 2030 2079">
    <p class='ocr_par' dir='ltr' id='par_1_34' title="bbox 463 2019 2030 2079">
     <span class='ocr_line' id='line_1_34' title="bbox 463 2019 2030 2079; baseline 0.004 -10"><span class='ocrx_word' id='word_1_211' title='bbox 463 2030 615 2079; x_wconf 86' lang='lat' dir='ltr'><strong>vero,</strong></span> <span class='ocrx_word' id='word_1_212' title='bbox 644 2031 770 2070; x_wconf 90' lang='lat' dir='ltr'><strong>cum</strong></span> <span class='ocrx_word' id='word_1_213' title='bbox 801 2032 993 2072; x_wconf 88' lang='lat' dir='ltr'><strong>recens</strong></span> <span class='ocrx_word' id='word_1_214' title='bbox 1019 2019 1196 2073; x_wconf 87' lang='lat' dir='ltr'><strong>adhuc</strong></span> <span class='ocrx_word' id='word_1_215' title='bbox 1225 2029 1370 2074; x_wconf 83' lang='lat' dir='ltr'><strong>esset</strong></span> <span class='ocrx_word' id='word_1_216' title='bbox 1404 2023 1666 2075; x_wconf 87' lang='lat' dir='ltr'><strong>memoria</strong></span> <span class='ocrx_word' id='word_1_217' title='bbox 1698 2021 2030 2077; x_wconf 74' lang='lat' dir='ltr'><strong>oﬂ‘ensarum</strong></span> 
     </span>
    </p>
   </div>
   <div class='ocr_carea' id='block_1_35' title="bbox 460 2105 2034 2182">
    <p class='ocr_par' dir='ltr' id='par_1_35' title="bbox 460 2105 2034 2182">
     <span class='ocr_line' id='line_1_35' title="bbox 460 2105 2034 2182; baseline 0.005 -23"><span class='ocrx_word' id='word_1_218' title='bbox 460 2105 725 2176; x_wconf 63' lang='lat' dir='ltr'><strong>prieteriti</strong></span> <span class='ocrx_word' id='word_1_219' title='bbox 778 2109 1073 2177; x_wconf 86' lang='lat' dir='ltr'><strong>temporis,</strong></span> <span class='ocrx_word' id='word_1_220' title='bbox 1108 2110 1271 2179; x_wconf 90' lang='lat' dir='ltr'><strong>quasi</strong></span> <span class='ocrx_word' id='word_1_221' title='bbox 1329 2111 1586 2179; x_wconf 80' lang='lat' dir='ltr'><strong>injuriam</strong></span> <span class='ocrx_word' id='word_1_222' title='bbox 1628 2127 1815 2182; x_wconf 86' lang='lat' dir='ltr'><strong>passa,</strong></span> <span class='ocrx_word' id='word_1_223' title='bbox 1853 2113 2034 2167; x_wconf 91' lang='lat' dir='ltr'><strong>denuo</strong></span> 
     </span>
    </p>
   </div>
   <div class='ocr_carea' id='block_1_36' title="bbox 461 2198 2032 2276">
    <p class='ocr_par' dir='ltr' id='par_1_36' title="bbox 461 2198 2032 2276">
     <span class='ocr_line' id='line_1_36' title="bbox 461 2198 2032 2276; baseline 0.003 -22"><span class='ocrx_word' id='word_1_224' title='bbox 461 2198 757 2254; x_wconf 79' lang='lat' dir='ltr'><strong>excanduit</strong></span> <span class='ocrx_word' id='word_1_225' title='bbox 786 2217 799 2253; x_wconf 90' lang='lat'><strong>:</strong></span> <span class='ocrx_word' id='word_1_226' title='bbox 825 2199 1081 2269; x_wconf 86' lang='lat' dir='ltr'><strong>deditque</strong></span> <span class='ocrx_word' id='word_1_227' title='bbox 1114 2217 1336 2270; x_wconf 83' lang='lat' dir='ltr'><strong>operam</strong></span> <span class='ocrx_word' id='word_1_228' title='bbox 1397 2211 1455 2256; x_wconf 93' lang='lat' dir='ltr'><strong>ut</strong></span> <span class='ocrx_word' id='word_1_229' title='bbox 1496 2204 1601 2257; x_wconf 85' lang='lat' dir='ltr'><strong>alia</strong></span> <span class='ocrx_word' id='word_1_230' title='bbox 1649 2220 1842 2260; x_wconf 85' lang='lat' dir='ltr'><strong>rursus</strong></span> <span class='ocrx_word' id='word_1_231' title='bbox 1899 2220 2032 2276; x_wconf 81' lang='lat' dir='ltr'><strong>syn-</strong></span> 
     </span>
    </p>
   </div>
   <div class='ocr_carea' id='block_1_37' title="bbox 463 2291 2033 2368">
    <p class='ocr_par' dir='ltr' id='par_1_37' title="bbox 463 2291 2033 2368">
     <span class='ocr_line' id='line_1_37' title="bbox 463 2291 2033 2368; baseline 0.003 -21"><span class='ocrx_word' id='word_1_232' title='bbox 463 2291 605 2347; x_wconf 87' lang='lat' dir='ltr'><strong>odus</strong></span> <span class='ocrx_word' id='word_1_233' title='bbox 649 2300 1092 2363; x_wconf 83' lang='lat' dir='ltr'><strong>congregaretur.</strong></span> <span class='ocrx_word' id='word_1_234' title='bbox 1132 2292 1373 2349; x_wconf 83' lang='lat' dir='ltr'><strong>Joannes</strong></span> <span class='ocrx_word' id='word_1_235' title='bbox 1397 2302 1578 2350; x_wconf 88' lang='lat' dir='ltr'><strong>tamen</strong></span> <span class='ocrx_word' id='word_1_236' title='bbox 1605 2296 2033 2368; x_wconf 80' lang='lat' dir='ltr'><strong>haudquaquam</strong></span> 
     </span>
    </p>
   </div>
   <div class='ocr_carea' id='block_1_38' title="bbox 462 2384 2037 2458">
    <p class='ocr_par' dir='ltr' id='par_1_38' title="bbox 462 2384 2037 2458">
     <span class='ocr_line' id='line_1_38' title="bbox 462 2384 2037 2458; baseline 0.002 -20"><span class='ocrx_word' id='word_1_237' title='bbox 462 2384 670 2439; x_wconf 84' lang='lat' dir='ltr'><strong>cessit:</strong></span> <span class='ocrx_word' id='word_1_238' title='bbox 701 2385 794 2439; x_wconf 88' lang='lat' dir='ltr'><strong>sed</strong></span> <span class='ocrx_word' id='word_1_239' title='bbox 821 2385 1000 2440; x_wconf 81' lang='lat' dir='ltr'><strong>adhuc</strong></span> <span class='ocrx_word' id='word_1_240' title='bbox 1035 2387 1277 2456; x_wconf 81' lang='lat' dir='ltr'><strong>apertius</strong></span> <span class='ocrx_word' id='word_1_241' title='bbox 1308 2403 1427 2442; x_wconf 89' lang='lat' dir='ltr'><strong>eam</strong></span> <span class='ocrx_word' id='word_1_242' title='bbox 1474 2389 1525 2442; x_wconf 90' lang='lat' dir='ltr'><strong>in</strong></span> <span class='ocrx_word' id='word_1_243' title='bbox 1558 2390 1798 2443; x_wconf 81' lang='lat' dir='ltr'><strong>ecclesia</strong></span> <span class='ocrx_word' id='word_1_244' title='bbox 1832 2389 2037 2458; x_wconf 84' lang='lat' dir='ltr'><strong>vitupe-</strong></span> 
     </span>
    </p>
   </div>
   <div class='ocr_carea' id='block_1_39' title="bbox 462 2476 2039 2550">
    <p class='ocr_par' dir='ltr' id='par_1_39' title="bbox 462 2476 2039 2550">
     <span class='ocr_line' id='line_1_39' title="bbox 462 2476 2039 2550; baseline 0.003 -20"><span class='ocrx_word' id='word_1_245' title='bbox 462 2490 618 2543; x_wconf 82' lang='lat' dir='ltr'><strong>rans,</strong></span> <span class='ocrx_word' id='word_1_246' title='bbox 654 2476 723 2531; x_wconf 90' lang='lat' dir='ltr'><strong>ad</strong></span> <span class='ocrx_word' id='word_1_247' title='bbox 750 2478 887 2532; x_wconf 90' lang='lat' dir='ltr'><strong>iram</strong></span> <span class='ocrx_word' id='word_1_248' title='bbox 917 2479 1197 2533; x_wconf 84' lang='lat' dir='ltr'><strong>excitavit.</strong></span> <span class='ocrx_word' id='word_1_249' title='bbox 1223 2478 1343 2545; x_wconf 88' lang='lat' dir='ltr'><strong>Quo</strong></span> <span class='ocrx_word' id='word_1_250' title='bbox 1371 2481 1591 2549; x_wconf 87' lang='lat' dir='ltr'><strong>quidem</strong></span> <span class='ocrx_word' id='word_1_251' title='bbox 1625 2490 1874 2550; x_wconf 84' lang='lat' dir='ltr'><strong>tempore</strong></span> <span class='ocrx_word' id='word_1_252' title='bbox 1896 2481 2039 2535; x_wconf 77' lang='lat' dir='ltr'><strong>cele-</strong></span> 
     </span>
    </p>
   </div>
   <div class='ocr_carea' id='block_1_40' title="bbox 462 2569 2034 2636">
    <p class='ocr_par' dir='ltr' id='par_1_40' title="bbox 462 2569 2034 2636">
     <span class='ocr_line' id='line_1_40' title="bbox 462 2569 2034 2636; baseline 0.002 -11"><span class='ocrx_word' id='word_1_253' title='bbox 462 2569 613 2625; x_wconf 85' lang='lat' dir='ltr'><strong>brem</strong></span> <span class='ocrx_word' id='word_1_254' title='bbox 672 2571 820 2625; x_wconf 90' lang='lat' dir='ltr'><strong>illam</strong></span> <span class='ocrx_word' id='word_1_255' title='bbox 873 2572 1175 2626; x_wconf 83' lang='lat' dir='ltr'><strong>orationem</strong></span> <span class='ocrx_word' id='word_1_256' title='bbox 1231 2572 1451 2636; x_wconf 83' lang='lat' dir='ltr'><strong>habuit,</strong></span> <span class='ocrx_word' id='word_1_257' title='bbox 1500 2574 1646 2627; x_wconf 83' lang='lat' dir='ltr'><strong>hunc</strong></span> <span class='ocrx_word' id='word_1_258' title='bbox 1697 2575 1752 2628; x_wconf 86' lang='lat' dir='ltr'><strong>in</strong></span> <span class='ocrx_word' id='word_1_259' title='bbox 1813 2575 2034 2629; x_wconf 89' lang='lat' dir='ltr'><strong>modum</strong></span> 
     </span>
    </p>
   </div>
   <div class='ocr_carea' id='block_1_41' title="bbox 462 2661 2033 2720">
    <p class='ocr_par' dir='ltr' id='par_1_41' title="bbox 462 2661 2033 2720">
     <span class='ocr_line' id='line_1_41' title="bbox 462 2661 2033 2720; baseline 0.003 -5"><span class='ocrx_word' id='word_1_260' title='bbox 462 2675 738 2717; x_wconf 77' lang='lat' dir='ltr'><strong>exorsus:</strong></span> <span class='ocrx_word' id='word_1_261' title='bbox 771 2662 983 2717; x_wconf 81' lang='lat' dir='ltr'><strong>Rursus</strong></span> <span class='ocrx_word' id='word_1_262' title='bbox 1026 2661 1298 2717; x_wconf 80' lang='lat' dir='ltr'><strong>Ilerodias</strong></span> <span class='ocrx_word' id='word_1_263' title='bbox 1344 2663 1476 2718; x_wconf 89' lang='lat' dir='ltr'><strong>furit</strong></span> <span class='ocrx_word' id='word_1_264' title='bbox 1505 2682 1518 2718; x_wconf 89' lang='lat'><strong>:</strong></span> <span class='ocrx_word' id='word_1_265' title='bbox 1554 2679 1770 2719; x_wconf 87' lang='lat' dir='ltr'><strong>rursum</strong></span> <span class='ocrx_word' id='word_1_266' title='bbox 1822 2666 1983 2720; x_wconf 85' lang='lat' dir='ltr'><strong>saltat</strong></span> <span class='ocrx_word' id='word_1_267' title='bbox 2019 2683 2033 2720; x_wconf 93' lang='lat'><strong>:</strong></span> 
     </span>
    </p>
   </div>
   <div class='ocr_carea' id='block_1_42' title="bbox 465 2751 2033 2825">
    <p class='ocr_par' dir='ltr' id='par_1_42' title="bbox 465 2751 2033 2825">
     <span class='ocr_line' id='line_1_42' title="bbox 465 2751 2033 2825; baseline 0.004 -19"><span class='ocrx_word' id='word_1_268' title='bbox 465 2767 688 2807; x_wconf 90' lang='lat' dir='ltr'><strong>rursum</strong></span> <span class='ocrx_word' id='word_1_269' title='bbox 738 2751 971 2809; x_wconf 88' lang='lat' dir='ltr'><strong>Joannis</strong></span> <span class='ocrx_word' id='word_1_270' title='bbox 1021 2763 1187 2824; x_wconf 91' lang='lat' dir='ltr'><strong>caput</strong></span> <span class='ocrx_word' id='word_1_271' title='bbox 1236 2753 1290 2807; x_wconf 91' lang='lat' dir='ltr'><strong>in</strong></span> <span class='ocrx_word' id='word_1_272' title='bbox 1343 2753 1495 2809; x_wconf 87' lang='lat' dir='ltr'><strong>disco</strong></span> <span class='ocrx_word' id='word_1_273' title='bbox 1537 2755 1703 2825; x_wconf 89' lang='lat' dir='ltr'><strong>gestit</strong></span> <span class='ocrx_word' id='word_1_274' title='bbox 1760 2755 2033 2825; x_wconf 87' lang='lat' dir='ltr'><strong>accipere.</strong></span> 
     </span>
    </p>
   </div>
   <div class='ocr_carea' id='block_1_43' title="bbox 464 2842 2038 2915">
    <p class='ocr_par' dir='ltr' id='par_1_43' title="bbox 464 2842 2038 2915">
     <span class='ocr_line' id='line_1_43' title="bbox 464 2842 2038 2915; baseline 0.001 -18"><span class='ocrx_word' id='word_1_275' title='bbox 464 2842 669 2914; x_wconf 81' lang='lat' dir='ltr'><strong>Elapso</strong></span> <span class='ocrx_word' id='word_1_276' title='bbox 699 2843 895 2898; x_wconf 91' lang='lat' dir='ltr'><strong>deinde</strong></span> <span class='ocrx_word' id='word_1_277' title='bbox 929 2843 1083 2898; x_wconf 81' lang='lat' dir='ltr'><strong>brevi</strong></span> <span class='ocrx_word' id='word_1_278' title='bbox 1117 2845 1381 2914; x_wconf 89' lang='lat' dir='ltr'><strong>temporis</strong></span> <span class='ocrx_word' id='word_1_279' title='bbox 1414 2845 1624 2914; x_wconf 89' lang='lat' dir='ltr'><strong>spatio,</strong></span> <span class='ocrx_word' id='word_1_280' title='bbox 1657 2852 1772 2898; x_wconf 89' lang='lat' dir='ltr'><strong>tum</strong></span> <span class='ocrx_word' id='word_1_281' title='bbox 1806 2846 1896 2900; x_wconf 87' lang='lat' dir='ltr'><strong>alii</strong></span> <span class='ocrx_word' id='word_1_282' title='bbox 1923 2846 2038 2915; x_wconf 91' lang='lat' dir='ltr'><strong>epi-</strong></span> 
     </span>
    </p>
   </div>
   <div class='ocr_carea' id='block_1_44' title="bbox 2134 1653 3715 1732">
    <p class='ocr_par' dir='ltr' id='par_1_44' title="bbox 2134 1653 3715 1732">
     <span class='ocr_line' id='line_1_44' title="bbox 2134 1653 3715 1732; baseline 0.006 -25"><span class='ocrx_word' id='word_1_283' title='bbox 2134 1655 2229 1707; x_wconf 71' lang='grc' dir='ltr'>καὶ</span> <span class='ocrx_word' id='word_1_284' title='bbox 2269 1653 2448 1724; x_wconf 81' lang='grc' dir='ltr'>μίμων</span> <span class='ocrx_word' id='word_1_285' title='bbox 2485 1653 2669 1708; x_wconf 82' lang='grc' dir='ltr'>ἐνθάδε</span> <span class='ocrx_word' id='word_1_286' title='bbox 2710 1654 3090 1720; x_wconf 87' lang='grc' dir='ltr'>ἐπετελοῦντο,</span> <span class='ocrx_word' id='word_1_287' title='bbox 3120 1657 3197 1721; x_wconf 84' lang='grc' dir='ltr'>ὡς</span> <span class='ocrx_word' id='word_1_288' title='bbox 3229 1657 3351 1723; x_wconf 85' lang='grc' dir='ltr'>ἐθος</span> <span class='ocrx_word' id='word_1_289' title='bbox 3382 1656 3450 1732; x_wconf 76' lang='grc' dir='ltr'>ἦν</span> <span class='ocrx_word' id='word_1_290' title='bbox 3478 1663 3603 1716; x_wconf 82' lang='grc' dir='ltr'>τότε</span> <span class='ocrx_word' id='word_1_291' title='bbox 3628 1664 3715 1717; x_wconf 76' lang='grc' dir='ltr'><strong>ἐπὶ</strong></span> 
     </span>
    </p>
   </div>
   <div class='ocr_carea' id='block_1_45' title="bbox 2132 1743 3716 1827">
    <p class='ocr_par' dir='ltr' id='par_1_45' title="bbox 2132 1743 3716 1827">
     <span class='ocr_line' id='line_1_45' title="bbox 2132 1743 3716 1827; baseline 0.006 -30"><span class='ocrx_word' id='word_1_292' title='bbox 2132 1748 2199 1817; x_wconf 80' lang='grc' dir='ltr'><strong>τῇ</strong></span> <span class='ocrx_word' id='word_1_293' title='bbox 2224 1745 2517 1814; x_wconf 81' lang='grc' dir='ltr'><strong>ἀνακλήσει</strong></span> <span class='ocrx_word' id='word_1_294' title='bbox 2549 1744 2656 1797; x_wconf 86' lang='grc' dir='ltr'><strong>τῶν</strong></span> <span class='ocrx_word' id='word_1_295' title='bbox 2688 1743 2980 1815; x_wconf 79' lang='grc' dir='ltr'><strong>βασιλικῶν</strong></span> <span class='ocrx_word' id='word_1_296' title='bbox 3001 1747 3225 1803; x_wconf 81' lang='grc' dir='ltr'><strong>εἰκόνων</strong></span> <span class='ocrx_word' id='word_1_297' title='bbox 3255 1748 3389 1821; x_wconf 85' lang='grc'>(69).</span> <span class='ocrx_word' id='word_1_298' title='bbox 3422 1751 3538 1822; x_wconf 81' lang='grc' dir='ltr'><strong>Ἐφ’</strong></span> <span class='ocrx_word' id='word_1_299' title='bbox 3568 1753 3716 1827; x_wconf 75' lang='grc' dir='ltr'>ὕϐρει</span> 
     </span>
    </p>
   </div>
   <div class='ocr_carea' id='block_1_46' title="bbox 2133 1835 3716 1915">
    <p class='ocr_par' dir='ltr' id='par_1_46' title="bbox 2133 1835 3716 1915">
     <span class='ocr_line' id='line_1_46' title="bbox 2133 1835 3716 1915; baseline 0.005 -26"><span class='ocrx_word' id='word_1_300' title='bbox 2133 1836 2188 1890; x_wconf 82' lang='grc' dir='ltr'>δὲ</span> <span class='ocrx_word' id='word_1_301' title='bbox 2234 1836 2332 1907; x_wconf 80' lang='grc' dir='ltr'>τῆς</span> <span class='ocrx_word' id='word_1_302' title='bbox 2377 1835 2670 1906; x_wconf 71' lang='grc' dir='ltr'><strong>ἐκκλησίας</strong></span> <span class='ocrx_word' id='word_1_303' title='bbox 2713 1835 2838 1889; x_wconf 83' lang='grc' dir='ltr'>τάδε</span> <span class='ocrx_word' id='word_1_304' title='bbox 2877 1839 3225 1909; x_wconf 82' lang='grc' dir='ltr'>γεγενῆσθαι,</span> <span class='ocrx_word' id='word_1_305' title='bbox 3258 1844 3318 1896; x_wconf 78' lang='grc' dir='ltr'><strong>ἐν</strong></span> <span class='ocrx_word' id='word_1_306' title='bbox 3357 1843 3550 1915; x_wconf 69' lang='grc' dir='ltr'>ὁμιλία</span> <span class='ocrx_word' id='word_1_307' title='bbox 3589 1846 3716 1915; x_wconf 74' lang='grc' dir='ltr'>πρὸς</span> 
     </span>
    </p>
   </div>
   <div class='ocr_carea' id='block_1_47' title="bbox 2132 1928 3717 2010">
    <p class='ocr_par' dir='ltr' id='par_1_47' title="bbox 2132 1928 3717 2010">
     <span class='ocr_line' id='line_1_47' title="bbox 2132 1928 3717 2010; baseline 0.004 -26"><span class='ocrx_word' id='word_1_308' title='bbox 2132 1931 2222 1984; x_wconf 78' lang='grc' dir='ltr'>τὸν</span> <span class='ocrx_word' id='word_1_309' title='bbox 2240 1929 2369 1983; x_wconf 88' lang='grc' dir='ltr'>λαδν</span> <span class='ocrx_word' id='word_1_310' title='bbox 2396 1930 2425 1982; x_wconf 86' lang='grc' dir='ltr'><strong>ὁ</strong></span> <span class='ocrx_word' id='word_1_311' title='bbox 2452 1929 2703 2001; x_wconf 80' lang='grc' dir='ltr'><strong>Ἰωάννης</strong></span> <span class='ocrx_word' id='word_1_312' title='bbox 2731 1928 2995 1984; x_wconf 75' lang='grc' dir='ltr'>διέϐαλενο</span> <span class='ocrx_word' id='word_1_313' title='bbox 3023 1933 3086 1985; x_wconf 80' lang='grc' dir='ltr'><strong>Ἢ</strong></span> <span class='ocrx_word' id='word_1_314' title='bbox 3110 1933 3166 1986; x_wconf 81' lang='grc' dir='ltr'>δὲ</span> <span class='ocrx_word' id='word_1_315' title='bbox 3190 1932 3421 2002; x_wconf 77' lang='grc' dir='ltr'><strong>βασιλὶς,</strong></span> <span class='ocrx_word' id='word_1_316' title='bbox 3438 1936 3717 2010; x_wconf 43' lang='grc' dir='ltr'>ἐτιιπροσ-</span> 
     </span>
    </p>
   </div>
   <div class='ocr_carea' id='block_1_48' title="bbox 2134 2019 3715 2097">
    <p class='ocr_par' dir='ltr' id='par_1_48' title="bbox 2134 2019 3715 2097">
     <span class='ocr_line' id='line_1_48' title="bbox 2134 2019 3715 2097; baseline 0.005 -24"><span class='ocrx_word' id='word_1_317' title='bbox 2134 2020 2301 2089; x_wconf 73' lang='grc' dir='ltr'>φάτου</span> <span class='ocrx_word' id='word_1_318' title='bbox 2334 2019 2500 2090; x_wconf 79' lang='grc' dir='ltr'>οῦσης</span> <span class='ocrx_word' id='word_1_319' title='bbox 2531 2020 2630 2088; x_wconf 81' lang='grc' dir='ltr'>τῆς</span> <span class='ocrx_word' id='word_1_320' title='bbox 2656 2022 2874 2091; x_wconf 85' lang='grc' dir='ltr'>μνήμης</span> <span class='ocrx_word' id='word_1_321' title='bbox 2897 2021 3006 2075; x_wconf 83' lang='grc' dir='ltr'><strong>τῶν</strong></span> <span class='ocrx_word' id='word_1_322' title='bbox 3037 2024 3300 2097; x_wconf 84' lang='grc' dir='ltr'>πρότερον</span> <span class='ocrx_word' id='word_1_323' title='bbox 3335 2026 3611 2097; x_wconf 81' lang='grc' dir='ltr'>λυπηρῶν,</span> <span class='ocrx_word' id='word_1_324' title='bbox 3636 2028 3715 2091; x_wconf 85' lang='grc' dir='ltr'><strong>ὡς</strong></span> 
     </span>
    </p>
   </div>
   <div class='ocr_carea' id='block_1_49' title="bbox 2134 2112 3713 2186">
    <p class='ocr_par' dir='ltr' id='par_1_49' title="bbox 2134 2112 3713 2186">
     <span class='ocr_line' id='line_1_49' title="bbox 2134 2112 3713 2186; baseline 0.004 -20"><span class='ocrx_word' id='word_1_325' title='bbox 2134 2113 2431 2184; x_wconf 77' lang='grc' dir='ltr'>ὑϐρισμένη</span> <span class='ocrx_word' id='word_1_326' title='bbox 2456 2112 2615 2167; x_wconf 73' lang='grc' dir='ltr'>πάλιν</span> <span class='ocrx_word' id='word_1_327' title='bbox 2643 2114 2976 2183; x_wconf 77' lang='grc' dir='ltr'>ἐμπίπλαται</span> <span class='ocrx_word' id='word_1_328' title='bbox 2996 2115 3189 2186; x_wconf 82' lang='grc' dir='ltr'>θυμοῦ,</span> <span class='ocrx_word' id='word_1_329' title='bbox 3213 2118 3307 2171; x_wconf 68' lang='grc' dir='ltr'>καὶ</span> <span class='ocrx_word' id='word_1_330' title='bbox 3330 2118 3537 2172; x_wconf 86' lang='grc' dir='ltr'>σύνοδον</span> <span class='ocrx_word' id='word_1_331' title='bbox 3550 2116 3713 2183; x_wconf 80' lang='grc' dir='ltr'>αὖθις</span> 
     </span>
    </p>
   </div>
   <div class='ocr_carea' id='block_1_50' title="bbox 2135 2204 3709 2269">
    <p class='ocr_par' dir='ltr' id='par_1_50' title="bbox 2135 2204 3709 2269">
     <span class='ocr_line' id='line_1_50' title="bbox 2135 2204 3709 2269; baseline 0.004 -11"><span class='ocrx_word' id='word_1_332' title='bbox 2135 2205 2494 2259; x_wconf 77' lang='grc' dir='ltr'><strong>ἐπιτελεῖσθαι</strong></span> <span class='ocrx_word' id='word_1_333' title='bbox 2523 2204 2872 2269; x_wconf 77' lang='grc' dir='ltr'>ἐσπούδαζεν.</span> <span class='ocrx_word' id='word_1_334' title='bbox 2906 2207 2965 2260; x_wconf 84' lang='lat'><strong>&#39;0</strong></span> <span class='ocrx_word' id='word_1_335' title='bbox 2992 2208 3050 2260; x_wconf 84' lang='grc' dir='ltr'><strong>δέ</strong></span> <span class='ocrx_word' id='word_1_336' title='bbox 3081 2209 3183 2260; x_wconf 78' lang='grc' dir='ltr'>οὐκ</span> <span class='ocrx_word' id='word_1_337' title='bbox 3208 2209 3455 2263; x_wconf 71' lang='grc' dir='ltr'>ἐνεδίδου·</span> <span class='ocrx_word' id='word_1_338' title='bbox 3485 2211 3603 2264; x_wconf 77' lang='grc' dir='ltr'>ἀλλ’</span> <span class='ocrx_word' id='word_1_339' title='bbox 3630 2210 3709 2264; x_wconf 82' lang='grc' dir='ltr'><strong>ἐτι</strong></span> 
     </span>
    </p>
   </div>
   <div class='ocr_carea' id='block_1_51' title="bbox 2138 2297 3713 2371">
    <p class='ocr_par' dir='ltr' id='par_1_51' title="bbox 2138 2297 3713 2371">
     <span class='ocr_line' id='line_1_51' title="bbox 2138 2297 3713 2371; baseline 0.004 -23"><span class='ocrx_word' id='word_1_340' title='bbox 2138 2297 2465 2368; x_wconf 74' lang='grc' dir='ltr'>σαφέστερον</span> <span class='ocrx_word' id='word_1_341' title='bbox 2494 2297 2581 2351; x_wconf 73' lang='grc' dir='ltr'>ἐπ’</span> <span class='ocrx_word' id='word_1_342' title='bbox 2610 2298 2902 2366; x_wconf 75' lang='grc' dir='ltr'><strong>ἐκκλησίας</strong></span> <span class='ocrx_word' id='word_1_343' title='bbox 2928 2298 3193 2371; x_wconf 68' lang='grc' dir='ltr'>λοιδορῶν</span> <span class='ocrx_word' id='word_1_344' title='bbox 3228 2300 3427 2371; x_wconf 77' lang='grc' dir='ltr'>αὐτὴν,</span> <span class='ocrx_word' id='word_1_345' title='bbox 3453 2302 3713 2365; x_wconf 74' lang='grc' dir='ltr'><strong>ἐξέκαυσε</strong></span> 
     </span>
    </p>
   </div>
   <div class='ocr_carea' id='block_1_52' title="bbox 2138 2368 3714 2460">
    <p class='ocr_par' dir='ltr' id='par_1_52' title="bbox 2138 2368 3714 2460">
     <span class='ocr_line' id='line_1_52' title="bbox 2138 2368 3714 2460; baseline 0.001 -21"><span class='ocrx_word' id='word_1_346' title='bbox 2138 2388 2269 2457; x_wconf 70' lang='grc' dir='ltr'>πρὸς</span> <span class='ocrx_word' id='word_1_347' title='bbox 2306 2388 2495 2457; x_wconf 80' lang='grc' dir='ltr'>ὀργήν.</span> <span class='ocrx_word' id='word_1_348' title='bbox 2538 2386 2729 2440; x_wconf 80' lang='grc' dir='ltr'>Ἡνίκα</span> <span class='ocrx_word' id='word_1_349' title='bbox 2762 2387 2827 2458; x_wconf 76' lang='grc' dir='ltr'>δὴ</span> <span class='ocrx_word' id='word_1_350' title='bbox 2864 2368 2955 2439; x_wconf 78' lang='grc' dir='ltr'>τὸν</span> <span class='ocrx_word' id='word_1_351' title='bbox 2985 2368 3225 2458; x_wconf 79' lang='grc' dir='ltr'>ἀοίδιμον</span> <span class='ocrx_word' id='word_1_352' title='bbox 3252 2368 3458 2441; x_wconf 81' lang='grc' dir='ltr'>ἐκεῖνον</span> <span class='ocrx_word' id='word_1_353' title='bbox 3476 2389 3714 2460; x_wconf 78' lang='grc' dir='ltr'><strong>διεξῆλθε</strong></span> 
     </span>
    </p>
   </div>
   <div class='ocr_carea' id='block_1_53' title="bbox 2135 2472 3714 2551">
    <p class='ocr_par' dir='ltr' id='par_1_53' title="bbox 2135 2472 3714 2551">
     <span class='ocr_line' id='line_1_53' title="bbox 2135 2472 3714 2551; baseline 0.004 -21"><span class='ocrx_word' id='word_1_354' title='bbox 2135 2477 2325 2545; x_wconf 72' lang='grc' dir='ltr'>λόγον,</span> <span class='ocrx_word' id='word_1_355' title='bbox 2364 2478 2668 2549; x_wconf 78' lang='grc' dir='ltr'>ἀρξάμενος</span> <span class='ocrx_word' id='word_1_356' title='bbox 2725 2472 2828 2532; x_wconf 82' lang='grc' dir='ltr'>ὧδε</span> <span class='ocrx_word' id='word_1_357' title='bbox 2852 2496 2865 2511; x_wconf 77' lang='grc' dir='ltr'><strong>ο</strong></span> <span class='ocrx_word' id='word_1_358' title='bbox 2904 2479 3073 2533; x_wconf 81' lang='grc' dir='ltr'>Πάλιν</span> <span class='ocrx_word' id='word_1_359' title='bbox 3132 2480 3396 2551; x_wconf 76' lang='grc' dir='ltr'><strong>Ἡρωδιὰς</strong></span> <span class='ocrx_word' id='word_1_360' title='bbox 3436 2483 3714 2551; x_wconf 78' lang='grc' dir='ltr'>μαίνεται,</span> 
     </span>
    </p>
   </div>
   <div class='ocr_carea' id='block_1_54' title="bbox 2137 2570 3717 2641">
    <p class='ocr_par' dir='ltr' id='par_1_54' title="bbox 2137 2570 3717 2641">
     <span class='ocr_line' id='line_1_54' title="bbox 2137 2570 3717 2641; baseline -0.001 -17"><span class='ocrx_word' id='word_1_361' title='bbox 2137 2572 2299 2626; x_wconf 75' lang='grc' dir='ltr'>πάλιν</span> <span class='ocrx_word' id='word_1_362' title='bbox 2327 2572 2568 2640; x_wconf 73' lang='grc' dir='ltr'><strong>ὀρχεῖται</strong></span> <span class='ocrx_word' id='word_1_363' title='bbox 2590 2613 2603 2633; x_wconf 82' lang='lat'><strong>,</strong></span> <span class='ocrx_word' id='word_1_364' title='bbox 2634 2571 2794 2625; x_wconf 72' lang='grc' dir='ltr'>πάλιν</span> <span class='ocrx_word' id='word_1_365' title='bbox 2828 2570 3074 2624; x_wconf 80' lang='grc' dir='ltr'>Ἰωάννου</span> <span class='ocrx_word' id='word_1_366' title='bbox 3102 2571 3198 2639; x_wconf 82' lang='grc' dir='ltr'>τὴν</span> <span class='ocrx_word' id='word_1_367' title='bbox 3223 2571 3466 2641; x_wconf 78' lang='grc' dir='ltr'>κεφαλὴν</span> <span class='ocrx_word' id='word_1_368' title='bbox 3499 2572 3597 2625; x_wconf 72' lang='grc' dir='ltr'>ἐπὶ</span> <span class='ocrx_word' id='word_1_369' title='bbox 3636 2572 3717 2624; x_wconf 70' lang='lat' dir='ltr'><strong>ni-</strong></span> 
     </span>
    </p>
   </div>
   <div class='ocr_carea' id='block_1_55' title="bbox 2137 2645 3717 2731">
    <p class='ocr_par' dir='ltr' id='par_1_55' title="bbox 2137 2645 3717 2731">
     <span class='ocr_line' id='line_1_55' title="bbox 2137 2645 3717 2731; baseline 0.002 -18"><span class='ocrx_word' id='word_1_370' title='bbox 2137 2679 2301 2725; x_wconf 85' lang='grc' dir='ltr'>νακος</span> <span class='ocrx_word' id='word_1_371' title='bbox 2351 2661 2637 2726; x_wconf 79' lang='grc' dir='ltr'>σπουδάζει</span> <span class='ocrx_word' id='word_1_372' title='bbox 2686 2660 2889 2714; x_wconf 80' lang='grc' dir='ltr'>λαϐεῖν.</span> <span class='ocrx_word' id='word_1_373' title='bbox 2928 2662 3042 2715; x_wconf 83' lang='grc' dir='ltr'><strong>Ούκ</strong></span> <span class='ocrx_word' id='word_1_374' title='bbox 3091 2664 3171 2725; x_wconf 77' lang='grc' dir='ltr'><strong>εἰς</strong></span> <span class='ocrx_word' id='word_1_375' title='bbox 3220 2645 3541 2731; x_wconf 29' lang='grc' dir='ltr'>μακρὲνθδέ</span> <span class='ocrx_word' id='word_1_376' title='bbox 3581 2663 3717 2719; x_wconf 72' lang='grc' dir='ltr'>ἄλλοι</span> 
     </span>
    </p>
   </div>
   <div class='ocr_carea' id='block_1_56' title="bbox 2136 2753 3715 2826">
    <p class='ocr_par' dir='ltr' id='par_1_56' title="bbox 2136 2753 3715 2826">
     <span class='ocr_line' id='line_1_56' title="bbox 2136 2753 3715 2826; baseline 0 -19"><span class='ocrx_word' id='word_1_377' title='bbox 2136 2771 2197 2807; x_wconf 81' lang='grc' dir='ltr'><strong>τε</strong></span> <span class='ocrx_word' id='word_1_378' title='bbox 2227 2753 2512 2807; x_wconf 79' lang='grc' dir='ltr'>ἐπίσκοποι</span> <span class='ocrx_word' id='word_1_379' title='bbox 2548 2753 2928 2823; x_wconf 78' lang='grc' dir='ltr'>παρεγένοντο,</span> <span class='ocrx_word' id='word_1_380' title='bbox 2959 2754 3052 2806; x_wconf 72' lang='grc' dir='ltr'>καὶ</span> <span class='ocrx_word' id='word_1_381' title='bbox 3088 2754 3338 2813; x_wconf 81' lang='grc' dir='ltr'>Λεόντιος</span> <span class='ocrx_word' id='word_1_382' title='bbox 3365 2757 3394 2808; x_wconf 85' lang='grc' dir='ltr'><strong>ό</strong></span> <span class='ocrx_word' id='word_1_383' title='bbox 3425 2754 3715 2826; x_wconf 77' lang='grc' dir='ltr'>Ἀγκύρας.</span> 
     </span>
    </p>
   </div>
   <div class='ocr_carea' id='block_1_57' title="bbox 2139 2845 3720 2917">
    <p class='ocr_par' dir='ltr' id='par_1_57' title="bbox 2139 2845 3720 2917">
     <span class='ocr_line' id='line_1_57' title="bbox 2139 2845 3720 2917; baseline 0 -19"><span class='ocrx_word' id='word_1_384' title='bbox 2139 2848 2233 2899; x_wconf 71' lang='grc' dir='ltr'>καὶ</span> <span class='ocrx_word' id='word_1_385' title='bbox 2279 2846 2529 2909; x_wconf 80' lang='grc' dir='ltr'>’Δκάκιος</span> <span class='ocrx_word' id='word_1_386' title='bbox 2549 2848 2576 2900; x_wconf 84' lang='grc' dir='ltr'>ὁ</span> <span class='ocrx_word' id='word_1_387' title='bbox 2602 2845 2881 2917; x_wconf 76' lang='grc' dir='ltr'>Βερῤοῖας.</span> <span class='ocrx_word' id='word_1_388' title='bbox 2907 2845 3331 2916; x_wconf 82' lang='grc' dir='ltr'>Ἑπιγενομένης</span> <span class='ocrx_word' id='word_1_389' title='bbox 3356 2845 3413 2898; x_wconf 86' lang='grc' dir='ltr'><strong>δέ</strong></span> <span class='ocrx_word' id='word_1_390' title='bbox 3440 2849 3552 2915; x_wconf 75' lang='grc' dir='ltr'><strong>τῆς</strong></span> <span class='ocrx_word' id='word_1_391' title='bbox 3579 2863 3720 2915; x_wconf 76' lang='grc' dir='ltr'>γεγε-</span> 
     </span>
    </p>
   </div>
   <div class='ocr_carea' id='block_1_58' title="bbox 467 2933 2041 3006">
    <p class='ocr_par' dir='ltr' id='par_1_58' title="bbox 467 2934 2038 3006">
     <span class='ocr_line' id='line_1_58' title="bbox 467 2934 2038 3006; baseline 0.001 -17"><span class='ocrx_word' id='word_1_392' title='bbox 467 2935 642 3002; x_wconf 84' lang='lat' dir='ltr'><strong>sc0pi,</strong></span> <span class='ocrx_word' id='word_1_393' title='bbox 676 2942 790 2988; x_wconf 90' lang='lat' dir='ltr'><strong>tum</strong></span> <span class='ocrx_word' id='word_1_394' title='bbox 845 2934 1107 2990; x_wconf 87' lang='lat' dir='ltr'><strong>Leontius</strong></span> <span class='ocrx_word' id='word_1_395' title='bbox 1151 2935 1386 3006; x_wconf 76' lang='lat' dir='ltr'><strong>Ancyra:</strong></span> <span class='ocrx_word' id='word_1_396' title='bbox 1434 2947 1487 2991; x_wconf 94' lang='lat' dir='ltr'><strong>et</strong></span> <span class='ocrx_word' id='word_1_397' title='bbox 1534 2935 1770 2991; x_wconf 85' lang='lat' dir='ltr'><strong>Aeacius</strong></span> <span class='ocrx_word' id='word_1_398' title='bbox 1806 2937 2038 3001; x_wconf 64' lang='lat' dir='ltr'><strong>Beroeaa,</strong></span> 
     </span>
    </p>
   </div>
   <div class='ocr_carea' id='block_1_59' title="bbox 2148 2933 3718 3006">
    <p class='ocr_par' dir='ltr' id='par_1_59' title="bbox 2148 2933 3718 3006">
     <span class='ocr_line' id='line_1_59' title="bbox 2148 2933 3718 3006; baseline -0.002 -17"><span class='ocrx_word' id='word_1_399' title='bbox 2148 2935 2292 2989; x_wconf 81' lang='grc' dir='ltr'>θλίου</span> <span class='ocrx_word' id='word_1_400' title='bbox 2326 2936 2539 3006; x_wconf 76' lang='grc' dir='ltr'>ἡμέρας</span> <span class='ocrx_word' id='word_1_401' title='bbox 2572 2935 2665 2988; x_wconf 88' lang='grc' dir='ltr'><strong>τοῦ</strong></span> <span class='ocrx_word' id='word_1_402' title='bbox 2710 2934 2967 3005; x_wconf 79' lang='grc' dir='ltr'>Χριστοῦ,</span> <span class='ocrx_word' id='word_1_403' title='bbox 2995 2933 3024 2986; x_wconf 84' lang='grc' dir='ltr'><strong>ό</strong></span> <span class='ocrx_word' id='word_1_404' title='bbox 3054 2934 3151 3004; x_wconf 80' lang='grc' dir='ltr'>μὲν</span> <span class='ocrx_word' id='word_1_405' title='bbox 3182 2933 3453 3003; x_wconf 82' lang='grc' dir='ltr'>βασιλεὺς,</span> <span class='ocrx_word' id='word_1_406' title='bbox 3491 2936 3575 2997; x_wconf 75' lang='grc' dir='ltr'>ὡς</span> <span class='ocrx_word' id='word_1_407' title='bbox 3604 2933 3718 2986; x_wconf 74' lang='lat' dir='ltr'><strong>sidi-</strong></span> 
     </span>
    </p>
   </div>
   <div class='ocr_carea' id='block_1_60' title="bbox 466 3022 2041 3097">
    <p class='ocr_par' dir='ltr' id='par_1_60' title="bbox 466 3022 2041 3097">
     <span class='ocr_line' id='line_1_60' title="bbox 466 3022 2041 3097; baseline 0.003 -18"><span class='ocrx_word' id='word_1_408' title='bbox 466 3022 1003 3094; x_wconf 83' lang='lat' dir='ltr'><strong>Constantinopolim</strong></span> <span class='ocrx_word' id='word_1_409' title='bbox 1077 3024 1439 3079; x_wconf 87' lang='lat' dir='ltr'><strong>advenerunt.</strong></span> <span class='ocrx_word' id='word_1_410' title='bbox 1526 3026 1775 3097; x_wconf 86' lang='lat' dir='ltr'><strong>Cumque</strong></span> <span class='ocrx_word' id='word_1_411' title='bbox 1841 3028 2041 3084; x_wconf 88' lang='lat' dir='ltr'><strong>natalis</strong></span> 
     </span>
    </p>
   </div>
   <div class='ocr_carea' id='block_1_61' title="bbox 468 3114 2039 3184">
    <p class='ocr_par' dir='ltr' id='par_1_61' title="bbox 468 3114 2039 3184">
     <span class='ocr_line' id='line_1_61' title="bbox 468 3114 2039 3184; baseline 0.002 -14"><span class='ocrx_word' id='word_1_412' title='bbox 468 3114 676 3170; x_wconf 74' lang='lat' dir='ltr'><strong>Christi</strong></span> <span class='ocrx_word' id='word_1_413' title='bbox 701 3114 818 3169; x_wconf 84' lang='lat' dir='ltr'><strong>dies</strong></span> <span class='ocrx_word' id='word_1_414' title='bbox 853 3115 964 3183; x_wconf 88' lang='lat' dir='ltr'><strong>jam</strong></span> <span class='ocrx_word' id='word_1_415' title='bbox 999 3114 1238 3177; x_wconf 88' lang='lat' dir='ltr'><strong>adesset,</strong></span> <span class='ocrx_word' id='word_1_416' title='bbox 1269 3117 1563 3184; x_wconf 87' lang='lat' dir='ltr'><strong>imperator</strong></span> <span class='ocrx_word' id='word_1_417' title='bbox 1592 3134 1743 3175; x_wconf 90' lang='lat' dir='ltr'><strong>more</strong></span> <span class='ocrx_word' id='word_1_418' title='bbox 1774 3119 1937 3173; x_wconf 89' lang='lat' dir='ltr'><strong>solito</strong></span> <span class='ocrx_word' id='word_1_419' title='bbox 1971 3121 2039 3173; x_wconf 88' lang='lat' dir='ltr'><strong>ad</strong></span> 
     </span>
    </p>
   </div>
   <div class='ocr_carea' id='block_1_62' title="bbox 468 3205 2039 3279">
    <p class='ocr_par' dir='ltr' id='par_1_62' title="bbox 468 3205 2039 3279">
     <span class='ocr_line' id='line_1_62' title="bbox 468 3205 2039 3279; baseline 0.004 -20"><span class='ocrx_word' id='word_1_420' title='bbox 468 3205 758 3261; x_wconf 88' lang='lat' dir='ltr'><strong>ecclesiam</strong></span> <span class='ocrx_word' id='word_1_421' title='bbox 805 3220 916 3258; x_wconf 91' lang='lat' dir='ltr'><strong>non</strong></span> <span class='ocrx_word' id='word_1_422' title='bbox 968 3206 1289 3274; x_wconf 88' lang='lat' dir='ltr'><strong>processit:</strong></span> <span class='ocrx_word' id='word_1_423' title='bbox 1329 3207 1423 3261; x_wconf 89' lang='lat' dir='ltr'><strong>sed</strong></span> <span class='ocrx_word' id='word_1_424' title='bbox 1474 3205 1670 3262; x_wconf 85' lang='lat' dir='ltr'><strong>Joanni</strong></span> <span class='ocrx_word' id='word_1_425' title='bbox 1720 3223 1817 3279; x_wconf 89' lang='lat' dir='ltr'><strong>per</strong></span> <span class='ocrx_word' id='word_1_426' title='bbox 1867 3211 2039 3266; x_wconf 89' lang='lat' dir='ltr'><strong>inter-</strong></span> 
     </span>
    </p>
   </div>
   <div class='ocr_carea' id='block_1_63' title="bbox 469 3300 2036 3373">
    <p class='ocr_par' dir='ltr' id='par_1_63' title="bbox 469 3300 2036 3373">
     <span class='ocr_line' id='line_1_63' title="bbox 469 3300 2036 3373; baseline 0.003 -16"><span class='ocrx_word' id='word_1_427' title='bbox 469 3301 699 3357; x_wconf 90' lang='lat' dir='ltr'><strong>nuntios</strong></span> <span class='ocrx_word' id='word_1_428' title='bbox 724 3300 1073 3373; x_wconf 86' lang='lat' dir='ltr'><strong>significavit,</strong></span> <span class='ocrx_word' id='word_1_429' title='bbox 1116 3316 1174 3357; x_wconf 92' lang='lat' dir='ltr'><strong>se</strong></span> <span class='ocrx_word' id='word_1_430' title='bbox 1208 3317 1318 3355; x_wconf 91' lang='lat' dir='ltr'><strong>non</strong></span> <span class='ocrx_word' id='word_1_431' title='bbox 1348 3304 1880 3359; x_wconf 86' lang='lat' dir='ltr'><strong>communicaturum</strong></span> <span class='ocrx_word' id='word_1_432' title='bbox 1913 3322 2036 3362; x_wconf 86' lang='lat' dir='ltr'><strong>cum</strong></span> 
     </span>
    </p>
   </div>
   <div class='ocr_carea' id='block_1_64' title="bbox 469 3392 2040 3465">
    <p class='ocr_par' dir='ltr' id='par_1_64' title="bbox 469 3392 2040 3465">
     <span class='ocr_line' id='line_1_64' title="bbox 469 3392 2040 3465; baseline 0.003 -16"><span class='ocrx_word' id='word_1_433' title='bbox 469 3395 587 3457; x_wconf 86' lang='lat' dir='ltr'><strong>illo,</strong></span> <span class='ocrx_word' id='word_1_434' title='bbox 619 3394 940 3465; x_wconf 89' lang='lat' dir='ltr'><strong>priusquam</strong></span> <span class='ocrx_word' id='word_1_435' title='bbox 966 3392 1033 3449; x_wconf 89' lang='lat' dir='ltr'><strong>de</strong></span> <span class='ocrx_word' id='word_1_436' title='bbox 1051 3392 1283 3463; x_wconf 87' lang='lat' dir='ltr'><strong>objectis</strong></span> <span class='ocrx_word' id='word_1_437' title='bbox 1312 3393 1637 3450; x_wconf 90' lang='lat' dir='ltr'><strong>criminibus</strong></span> <span class='ocrx_word' id='word_1_438' title='bbox 1667 3397 2040 3464; x_wconf 81' lang='lat' dir='ltr'><strong>satisfaciens,</strong></span> 
     </span>
    </p>
   </div>
   <div class='ocr_carea' id='block_1_65' title="bbox 471 3484 2042 3555">
    <p class='ocr_par' dir='ltr' id='par_1_65' title="bbox 471 3484 2042 3555">
     <span class='ocr_line' id='line_1_65' title="bbox 471 3484 2042 3555; baseline 0.004 -17"><span class='ocrx_word' id='word_1_439' title='bbox 471 3484 839 3540; x_wconf 89' lang='lat' dir='ltr'><strong>innocentiam</strong></span> <span class='ocrx_word' id='word_1_440' title='bbox 876 3499 1030 3540; x_wconf 90' lang='lat' dir='ltr'><strong>suam</strong></span> <span class='ocrx_word' id='word_1_441' title='bbox 1064 3486 1446 3555; x_wconf 83' lang='lat' dir='ltr'><strong>approbasset.</strong></span> <span class='ocrx_word' id='word_1_442' title='bbox 1479 3485 1615 3541; x_wconf 93' lang='lat' dir='ltr'><strong>Cum</strong></span> <span class='ocrx_word' id='word_1_443' title='bbox 1652 3503 1781 3543; x_wconf 85' lang='lat' dir='ltr'><strong>vero</strong></span> <span class='ocrx_word' id='word_1_444' title='bbox 1801 3487 2042 3545; x_wconf 87' lang='lat' dir='ltr'><strong>Joannes</strong></span> 
     </span>
    </p>
   </div>
   <div class='ocr_carea' id='block_1_66' title="bbox 470 3576 2040 3643">
    <p class='ocr_par' dir='ltr' id='par_1_66' title="bbox 470 3576 2040 3643">
     <span class='ocr_line' id='line_1_66' title="bbox 470 3576 2040 3643; baseline 0.004 -14"><span class='ocrx_word' id='word_1_445' title='bbox 470 3576 865 3643; x_wconf 89' lang='lat' dir='ltr'><strong>respondisset,</strong></span> <span class='ocrx_word' id='word_1_446' title='bbox 914 3586 1169 3643; x_wconf 85' lang='lat' dir='ltr'><strong>paratum</strong></span> <span class='ocrx_word' id='word_1_447' title='bbox 1215 3593 1275 3632; x_wconf 89' lang='lat' dir='ltr'><strong>se</strong></span> <span class='ocrx_word' id='word_1_448' title='bbox 1316 3592 1438 3633; x_wconf 88' lang='lat' dir='ltr'><strong>esse</strong></span> <span class='ocrx_word' id='word_1_449' title='bbox 1477 3578 1543 3631; x_wconf 91' lang='lat' dir='ltr'><strong>ad</strong></span> <span class='ocrx_word' id='word_1_450' title='bbox 1575 3594 1796 3634; x_wconf 90' lang='lat' dir='ltr'><strong>causam</strong></span> <span class='ocrx_word' id='word_1_451' title='bbox 1851 3580 2040 3635; x_wconf 81' lang='lat' dir='ltr'><strong>dicen-</strong></span> 
     </span>
    </p>
   </div>
   <div class='ocr_carea' id='block_1_67' title="bbox 471 3665 2040 3737">
    <p class='ocr_par' dir='ltr' id='par_1_67' title="bbox 471 3665 2040 3737">
     <span class='ocr_line' id='line_1_67' title="bbox 471 3665 2040 3737; baseline 0.004 -19"><span class='ocrx_word' id='word_1_452' title='bbox 471 3665 620 3730; x_wconf 87' lang='lat' dir='ltr'><strong>dam,</strong></span> <span class='ocrx_word' id='word_1_453' title='bbox 650 3673 1005 3721; x_wconf 87' lang='lat' dir='ltr'><strong>accusatores</strong></span> <span class='ocrx_word' id='word_1_454' title='bbox 1030 3666 1150 3735; x_wconf 88' lang='lat' dir='ltr'><strong>ejus</strong></span> <span class='ocrx_word' id='word_1_455' title='bbox 1178 3674 1328 3721; x_wconf 86' lang='lat' dir='ltr'><strong>metu</strong></span> <span class='ocrx_word' id='word_1_456' title='bbox 1355 3669 1613 3737; x_wconf 92' lang='lat' dir='ltr'><strong>perculsi,</strong></span> <span class='ocrx_word' id='word_1_457' title='bbox 1639 3671 2040 3726; x_wconf 90' lang='lat' dir='ltr'><strong>accusationem</strong></span> 
     </span>
    </p>
   </div>
   <div class='ocr_carea' id='block_1_68' title="bbox 473 3752 2043 3825">
    <p class='ocr_par' dir='ltr' id='par_1_68' title="bbox 473 3752 2043 3825">
     <span class='ocr_line' id='line_1_68' title="bbox 473 3752 2043 3825; baseline 0.004 -18"><span class='ocrx_word' id='word_1_458' title='bbox 473 3752 731 3825; x_wconf 87' lang='lat' dir='ltr'><strong>prosequi</strong></span> <span class='ocrx_word' id='word_1_459' title='bbox 759 3768 869 3808; x_wconf 93' lang='lat' dir='ltr'><strong>non</strong></span> <span class='ocrx_word' id='word_1_460' title='bbox 903 3762 1032 3809; x_wconf 92' lang='lat' dir='ltr'><strong>sunt</strong></span> <span class='ocrx_word' id='word_1_461' title='bbox 1067 3754 1208 3809; x_wconf 90' lang='lat' dir='ltr'><strong>ausi.</strong></span> <span class='ocrx_word' id='word_1_462' title='bbox 1235 3753 1528 3812; x_wconf 87' lang='lat' dir='ltr'><strong>Judicibus</strong></span> <span class='ocrx_word' id='word_1_463' title='bbox 1561 3774 1695 3812; x_wconf 86' lang='lat' dir='ltr'><strong>vero</strong></span> <span class='ocrx_word' id='word_1_464' title='bbox 1725 3759 1902 3814; x_wconf 88' lang='lat' dir='ltr'><strong>visum</strong></span> <span class='ocrx_word' id='word_1_465' title='bbox 1937 3767 2043 3823; x_wconf 91' lang='lat' dir='ltr'><strong>est,</strong></span> 
     </span>
    </p>
   </div>
   <div class='ocr_carea' id='block_1_69' title="bbox 472 3845 2045 3917">
    <p class='ocr_par' dir='ltr' id='par_1_69' title="bbox 472 3845 2045 3917">
     <span class='ocr_line' id='line_1_69' title="bbox 472 3845 2045 3917; baseline 0.001 -15"><span class='ocrx_word' id='word_1_466' title='bbox 472 3860 598 3902; x_wconf 90' lang='lat' dir='ltr'><strong>eum</strong></span> <span class='ocrx_word' id='word_1_467' title='bbox 652 3845 747 3915; x_wconf 92' lang='lat' dir='ltr'><strong>qui</strong></span> <span class='ocrx_word' id='word_1_468' title='bbox 798 3845 1297 3917; x_wconf 90' lang='lat' dir='ltr'><strong>quomodocunque</strong></span> <span class='ocrx_word' id='word_1_469' title='bbox 1351 3846 1633 3917; x_wconf 89' lang='lat' dir='ltr'><strong>depositus</strong></span> <span class='ocrx_word' id='word_1_470' title='bbox 1686 3849 1915 3911; x_wconf 79' lang='lat' dir='ltr'><strong>fuisset.</strong></span> <span class='ocrx_word' id='word_1_471' title='bbox 1976 3851 2045 3904; x_wconf 87' lang='lat' dir='ltr'><strong>ad</strong></span> 
     </span>
    </p>
   </div>
   <div class='ocr_carea' id='block_1_70' title="bbox 2148 3019 3721 3096">
    <p class='ocr_par' dir='ltr' id='par_1_70' title="bbox 2148 3019 3721 3096">
     <span class='ocr_line' id='line_1_70' title="bbox 2148 3019 3721 3096; baseline -0.002 -17"><span class='ocrx_word' id='word_1_472' title='bbox 2148 3026 2251 3088; x_wconf 87' lang='grc' dir='ltr'>θει,</span> <span class='ocrx_word' id='word_1_473' title='bbox 2267 3026 2346 3088; x_wconf 87' lang='grc' dir='ltr'><strong>εἰς</strong></span> <span class='ocrx_word' id='word_1_474' title='bbox 2368 3024 2464 3096; x_wconf 84' lang='grc' dir='ltr'>τὴν</span> <span class='ocrx_word' id='word_1_475' title='bbox 2495 3024 2786 3095; x_wconf 83' lang='grc' dir='ltr'>ἐκκλησίαν</span> <span class='ocrx_word' id='word_1_476' title='bbox 2811 3025 2909 3077; x_wconf 82' lang='grc' dir='ltr'>οὐκ</span> <span class='ocrx_word' id='word_1_477' title='bbox 2930 3019 3092 3094; x_wconf 78' lang='grc' dir='ltr'>ἦλθεν</span> <span class='ocrx_word' id='word_1_478' title='bbox 3108 3040 3121 3053; x_wconf 89' lang='grc'><strong>·</strong></span> <span class='ocrx_word' id='word_1_479' title='bbox 3141 3023 3371 3095; x_wconf 77' lang='grc' dir='ltr'>ἐδήλωσε</span> <span class='ocrx_word' id='word_1_480' title='bbox 3395 3023 3459 3076; x_wconf 82' lang='grc' dir='ltr'><strong>δέ</strong></span> <span class='ocrx_word' id='word_1_481' title='bbox 3511 3024 3721 3094; x_wconf 69' lang='grc' dir='ltr'>Ἰωάννῃ</span> 
     </span>
    </p>
   </div>
   <div class='ocr_carea' id='block_1_71' title="bbox 2150 3115 3721 3189">
    <p class='ocr_par' dir='ltr' id='par_1_71' title="bbox 2150 3115 3721 3189">
     <span class='ocr_line' id='line_1_71' title="bbox 2150 3115 3721 3189; baseline -0.003 -18"><span class='ocrx_word' id='word_1_482' title='bbox 2150 3118 2224 3189; x_wconf 81' lang='grc' dir='ltr'>μὴ</span> <span class='ocrx_word' id='word_1_483' title='bbox 2253 3121 2527 3171; x_wconf 82' lang='grc' dir='ltr'>κοινωνεῖν</span> <span class='ocrx_word' id='word_1_484' title='bbox 2572 3117 2721 3188; x_wconf 74' lang='grc' dir='ltr'>αὐτῷ</span> <span class='ocrx_word' id='word_1_485' title='bbox 2753 3118 2880 3187; x_wconf 73' lang='grc' dir='ltr'>πρὶν</span> <span class='ocrx_word' id='word_1_486' title='bbox 2907 3115 3195 3179; x_wconf 78' lang='grc' dir='ltr'>ἀνεύθυνος</span> <span class='ocrx_word' id='word_1_487' title='bbox 3218 3118 3358 3185; x_wconf 76' lang='grc' dir='ltr'>φανῇ</span> <span class='ocrx_word' id='word_1_488' title='bbox 3386 3115 3504 3167; x_wconf 82' lang='grc' dir='ltr'><strong>τῶν</strong></span> <span class='ocrx_word' id='word_1_489' title='bbox 3536 3117 3721 3186; x_wconf 82' lang='grc' dir='ltr'>ἐγκλη-</span> 
     </span>
    </p>
   </div>
   <div class='ocr_carea' id='block_1_72' title="bbox 2149 3207 3722 3282">
    <p class='ocr_par' dir='ltr' id='par_1_72' title="bbox 2149 3207 3722 3282">
     <span class='ocr_line' id='line_1_72' title="bbox 2149 3207 3722 3282; baseline -0.003 -17"><span class='ocrx_word' id='word_1_490' title='bbox 2149 3212 2355 3282; x_wconf 73' lang='grc' dir='ltr'>μάτων.</span> <span class='ocrx_word' id='word_1_491' title='bbox 2411 3209 2563 3262; x_wconf 73' lang='grc' dir='ltr'>Ἐπεὶ</span> <span class='ocrx_word' id='word_1_492' title='bbox 2612 3208 2669 3261; x_wconf 86' lang='grc' dir='ltr'><strong>δέ</strong></span> <span class='ocrx_word' id='word_1_493' title='bbox 2722 3207 3014 3278; x_wconf 79' lang='grc' dir='ltr'>προθύμως</span> <span class='ocrx_word' id='word_1_494' title='bbox 3074 3207 3461 3274; x_wconf 83' lang='grc' dir='ltr'>ἀπολογεῖσθαι</span> <span class='ocrx_word' id='word_1_495' title='bbox 3509 3209 3649 3279; x_wconf 71' lang='grc' dir='ltr'>ἔφη,</span> <span class='ocrx_word' id='word_1_496' title='bbox 3678 3210 3722 3261; x_wconf 84' lang='grc' dir='ltr'>οἱ</span> 
     </span>
    </p>
   </div>
   <div class='ocr_carea' id='block_1_73' title="bbox 2146 3298 3723 3374">
    <p class='ocr_par' dir='ltr' id='par_1_73' title="bbox 2146 3298 3723 3374">
     <span class='ocr_line' id='line_1_73' title="bbox 2146 3298 3723 3374; baseline -0.004 -18"><span class='ocrx_word' id='word_1_497' title='bbox 2146 3304 2441 3374; x_wconf 85' lang='grc' dir='ltr'>κατήγοροι</span> <span class='ocrx_word' id='word_1_498' title='bbox 2481 3300 2752 3364; x_wconf 71' lang='grc' dir='ltr'>δείσαντες</span> <span class='ocrx_word' id='word_1_499' title='bbox 2797 3298 3069 3365; x_wconf 81' lang='grc' dir='ltr'>ἐπεξιέναι</span> <span class='ocrx_word' id='word_1_500' title='bbox 3097 3301 3209 3361; x_wconf 87' lang='grc' dir='ltr'>τοῖς</span> <span class='ocrx_word' id='word_1_501' title='bbox 3250 3298 3603 3369; x_wconf 81' lang='grc' dir='ltr'>ἐγκλήμασιν</span> <span class='ocrx_word' id='word_1_502' title='bbox 3632 3300 3723 3352; x_wconf 67' lang='grc' dir='ltr'>οὐκ</span> 
     </span>
    </p>
   </div>
   <div class='ocr_carea' id='block_1_74' title="bbox 2145 3389 3724 3466">
    <p class='ocr_par' dir='ltr' id='par_1_74' title="bbox 2145 3389 3724 3466">
     <span class='ocr_line' id='line_1_74' title="bbox 2145 3389 3724 3466; baseline -0.003 -19"><span class='ocrx_word' id='word_1_503' title='bbox 2145 3394 2429 3466; x_wconf 71' lang='grc' dir='ltr'>ἐθάρρουν.</span> <span class='ocrx_word' id='word_1_504' title='bbox 2458 3393 2671 3465; x_wconf 70' lang='grc' dir='ltr'>Ἐδόκει</span> <span class='ocrx_word' id='word_1_505' title='bbox 2690 3392 2746 3445; x_wconf 87' lang='grc' dir='ltr'><strong>δέ</strong></span> <span class='ocrx_word' id='word_1_506' title='bbox 2774 3394 2886 3453; x_wconf 86' lang='grc' dir='ltr'>τοῖς</span> <span class='ocrx_word' id='word_1_507' title='bbox 2915 3391 3214 3452; x_wconf 82' lang='grc' dir='ltr'>δικασταῖς.</span> <span class='ocrx_word' id='word_1_508' title='bbox 3249 3389 3322 3461; x_wconf 86' lang='grc' dir='ltr'>μὴ</span> <span class='ocrx_word' id='word_1_509' title='bbox 3350 3390 3473 3442; x_wconf 82' lang='grc' dir='ltr'>δέον</span> <span class='ocrx_word' id='word_1_510' title='bbox 3508 3393 3589 3453; x_wconf 73' lang='grc' dir='ltr'>εἰς</span> <span class='ocrx_word' id='word_1_511' title='bbox 3611 3390 3724 3443; x_wconf 73' lang='grc' dir='ltr'>δεο-</span> 
     </span>
    </p>
   </div>
   <div class='ocr_carea' id='block_1_75' title="bbox 2144 3481 3724 3558">
    <p class='ocr_par' dir='ltr' id='par_1_75' title="bbox 2144 3481 3724 3558">
     <span class='ocr_line' id='line_1_75' title="bbox 2144 3481 3724 3558; baseline -0.004 -18"><span class='ocrx_word' id='word_1_512' title='bbox 2144 3487 2305 3558; x_wconf 81' lang='grc' dir='ltr'>τέραν</span> <span class='ocrx_word' id='word_1_513' title='bbox 2332 3489 2530 3558; x_wconf 83' lang='grc' dir='ltr'>χωρεῖν</span> <span class='ocrx_word' id='word_1_514' title='bbox 2560 3486 2742 3556; x_wconf 77' lang='grc' dir='ltr'>κρίσιν</span> <span class='ocrx_word' id='word_1_515' title='bbox 2769 3483 2857 3536; x_wconf 80' lang='grc' dir='ltr'>τὸν</span> <span class='ocrx_word' id='word_1_516' title='bbox 2895 3481 3141 3537; x_wconf 72' lang='grc' dir='ltr'>ὁπωσοῦν</span> <span class='ocrx_word' id='word_1_517' title='bbox 3168 3481 3590 3552; x_wconf 80' lang='grc' dir='ltr'>καθαιρεθέντα.</span> <span class='ocrx_word' id='word_1_518' title='bbox 3624 3483 3724 3534; x_wconf 76' lang='grc' dir='ltr'><strong>Καὶ</strong></span> 
     </span>
    </p>
   </div>
   <div class='ocr_carea' id='block_1_76' title="bbox 2143 3573 3725 3649">
    <p class='ocr_par' dir='ltr' id='par_1_76' title="bbox 2143 3573 3725 3649">
     <span class='ocr_line' id='line_1_76' title="bbox 2143 3573 3725 3649; baseline -0.006 -17"><span class='ocrx_word' id='word_1_519' title='bbox 2143 3578 2252 3632; x_wconf 82' lang='grc' dir='ltr'>τῶν</span> <span class='ocrx_word' id='word_1_520' title='bbox 2286 3578 2382 3649; x_wconf 80' lang='grc' dir='ltr'>μὲν</span> <span class='ocrx_word' id='word_1_521' title='bbox 2412 3577 2585 3630; x_wconf 79' lang='grc' dir='ltr'>ἄλλων</span> <span class='ocrx_word' id='word_1_522' title='bbox 2618 3576 2770 3629; x_wconf 80' lang='grc' dir='ltr'>οὐδὲν</span> <span class='ocrx_word' id='word_1_523' title='bbox 2799 3574 3071 3645; x_wconf 80' lang='grc' dir='ltr'>ἐξήταζον.</span> <span class='ocrx_word' id='word_1_524' title='bbox 3108 3573 3252 3641; x_wconf 78' lang='grc' dir='ltr'>Πρὸς</span> <span class='ocrx_word' id='word_1_525' title='bbox 3277 3574 3435 3626; x_wconf 78' lang='grc' dir='ltr'>τοῦτο</span> <span class='ocrx_word' id='word_1_526' title='bbox 3462 3573 3528 3627; x_wconf 85' lang='grc' dir='ltr'>δὲ</span> <span class='ocrx_word' id='word_1_527' title='bbox 3575 3573 3725 3643; x_wconf 87' lang='grc' dir='ltr'>μόνον</span> 
     </span>
    </p>
   </div>
   <div class='ocr_carea' id='block_1_77' title="bbox 2148 3665 3727 3743">
    <p class='ocr_par' dir='ltr' id='par_1_77' title="bbox 2148 3665 3727 3743">
     <span class='ocr_line' id='line_1_77' title="bbox 2148 3665 3727 3743; baseline -0.005 -20"><span class='ocrx_word' id='word_1_528' title='bbox 2148 3668 2529 3736; x_wconf 80' lang='grc' dir='ltr'>ἀπολογεῖσθαι</span> <span class='ocrx_word' id='word_1_529' title='bbox 2570 3667 2662 3719; x_wconf 77' lang='grc' dir='ltr'>τὸν</span> <span class='ocrx_word' id='word_1_530' title='bbox 2703 3667 2954 3743; x_wconf 72' lang='grc' dir='ltr'>Ἰωάννην</span> <span class='ocrx_word' id='word_1_531' title='bbox 2983 3665 3241 3737; x_wconf 70' lang='grc' dir='ltr'>ἀπῄτουν,</span> <span class='ocrx_word' id='word_1_532' title='bbox 3265 3665 3348 3718; x_wconf 85' lang='grc' dir='ltr'>ὅτι</span> <span class='ocrx_word' id='word_1_533' title='bbox 3377 3665 3727 3734; x_wconf 75' lang='grc' dir='ltr'>καθαιρεθεὶς</span> 
     </span>
    </p>
   </div>
   <div class='ocr_carea' id='block_1_78' title="bbox 2150 3754 3727 3829">
    <p class='ocr_par' dir='ltr' id='par_1_78' title="bbox 2150 3754 3727 3829">
     <span class='ocr_line' id='line_1_78' title="bbox 2150 3754 3727 3829; baseline -0.006 -17"><span class='ocrx_word' id='word_1_534' title='bbox 2150 3759 2277 3829; x_wconf 71' lang='grc' dir='ltr'>πρὶν</span> <span class='ocrx_word' id='word_1_535' title='bbox 2305 3756 2592 3827; x_wconf 73' lang='grc' dir='ltr'>ἐπιτρέψαι</span> <span class='ocrx_word' id='word_1_536' title='bbox 2633 3754 2864 3818; x_wconf 78' lang='grc' dir='ltr'>σύνοδον,</span> <span class='ocrx_word' id='word_1_537' title='bbox 2886 3757 2965 3818; x_wconf 69' lang='grc' dir='ltr'>εἰς</span> <span class='ocrx_word' id='word_1_538' title='bbox 3000 3755 3091 3807; x_wconf 70' lang='grc' dir='ltr'>’τὸν</span> <span class='ocrx_word' id='word_1_539' title='bbox 3111 3755 3469 3807; x_wconf 80' lang='grc' dir='ltr'>ἐπισκοπικδν</span> <span class='ocrx_word' id='word_1_540' title='bbox 3515 3755 3727 3809; x_wconf 74' lang='grc' dir='ltr'>ἐκάθισε</span> 
     </span>
    </p>
   </div>
   <div class='ocr_carea' id='block_1_79' title="bbox 2153 3842 3730 3919">
    <p class='ocr_par' dir='ltr' id='par_1_79' title="bbox 2153 3842 3730 3919">
     <span class='ocr_line' id='line_1_79' title="bbox 2153 3842 3730 3919; baseline -0.006 -18"><span class='ocrx_word' id='word_1_541' title='bbox 2153 3847 2360 3919; x_wconf 83' lang='grc' dir='ltr'>θρόνον.</span> <span class='ocrx_word' id='word_1_542' title='bbox 2379 3846 2485 3898; x_wconf 79' lang='grc' dir='ltr'>Τοῦ</span> <span class='ocrx_word' id='word_1_543' title='bbox 2512 3845 2567 3898; x_wconf 83' lang='grc' dir='ltr'><strong>δέ</strong></span> <span class='ocrx_word' id='word_1_544' title='bbox 2600 3844 2700 3914; x_wconf 81' lang='grc' dir='ltr'>τὴν</span> <span class='ocrx_word' id='word_1_545' title='bbox 2728 3843 2906 3913; x_wconf 67' lang='grc' dir='ltr'>ψῆφον</span> <span class='ocrx_word' id='word_1_546' title='bbox 2932 3843 3042 3897; x_wconf 83' lang='grc' dir='ltr'>τῶν</span> <span class='ocrx_word' id='word_1_547' title='bbox 3070 3842 3559 3913; x_wconf 76' lang='grc' dir='ltr'>κεκοινωνηκότων</span> <span class='ocrx_word' id='word_1_548' title='bbox 3590 3842 3730 3910; x_wconf 75' lang='grc' dir='ltr'>αὐτῷ</span> 
     </span>
    </p>
   </div>
   <div class='ocr_carea' id='block_1_80' title="bbox 476 3934 2041 4011">
    <p class='ocr_par' dir='ltr' id='par_1_80' title="bbox 476 3935 2040 4010">
     <span class='ocr_line' id='line_1_80' title="bbox 476 3935 2040 4010; baseline 0.002 -19"><span class='ocrx_word' id='word_1_549' title='bbox 476 3935 777 3991; x_wconf 79' lang='lat' dir='ltr'><strong>secundum</strong></span> <span class='ocrx_word' id='word_1_550' title='bbox 797 3935 1062 4005; x_wconf 87' lang='lat' dir='ltr'><strong>judicium</strong></span> <span class='ocrx_word' id='word_1_551' title='bbox 1090 3935 1301 3989; x_wconf 89' lang='lat' dir='ltr'><strong>admitti</strong></span> <span class='ocrx_word' id='word_1_552' title='bbox 1320 3952 1426 3992; x_wconf 89' lang='lat' dir='ltr'><strong>non</strong></span> <span class='ocrx_word' id='word_1_553' title='bbox 1452 3938 1666 3993; x_wconf 89' lang='lat' dir='ltr'><strong>debere.</strong></span> <span class='ocrx_word' id='word_1_554' title='bbox 1702 3939 1954 4010; x_wconf 76' lang='lat' dir='ltr'><strong>A0352</strong></span> <span class='ocrx_word' id='word_1_555' title='bbox 1971 3938 2040 3995; x_wconf 85' lang='lat' dir='ltr'><strong>de</strong></span> 
     </span>
    </p>
   </div>
   <div class='ocr_carea' id='block_1_81' title="bbox 2148 3934 3730 4011">
    <p class='ocr_par' dir='ltr' id='par_1_81' title="bbox 2148 3934 3730 4009">
     <span class='ocr_line' id='line_1_81' title="bbox 2148 3934 3730 4009; baseline -0.006 -17"><span class='ocrx_word' id='word_1_556' title='bbox 2148 3939 2275 4009; x_wconf 58' lang='lat' dir='ltr'><strong>usti</strong></span> <span class='ocrx_word' id='word_1_557' title='bbox 2291 3937 2388 4009; x_wconf 85' lang='grc' dir='ltr'>τὴν</span> <span class='ocrx_word' id='word_1_558' title='bbox 2415 3934 2683 4008; x_wconf 75' lang='grc' dir='ltr'>προτέραν</span> <span class='ocrx_word' id='word_1_559' title='bbox 2707 3935 2922 3989; x_wconf 86' lang='grc' dir='ltr'>σύνοδον</span> <span class='ocrx_word' id='word_1_560' title='bbox 2942 3934 3359 4007; x_wconf 79' lang='grc' dir='ltr'>προϊσχομένου,</span> <span class='ocrx_word' id='word_1_561' title='bbox 3374 3934 3449 3999; x_wconf 84' lang='grc' dir='ltr'>ὡς</span> <span class='ocrx_word' id='word_1_562' title='bbox 3470 3935 3730 3989; x_wconf 84' lang='grc' dir='ltr'>πλειόνων</span> 
     </span>
    </p>
   </div>
   <div class='ocr_carea' id='block_1_82' title="bbox 475 4027 2050 4101">
    <p class='ocr_par' dir='ltr' id='par_1_82' title="bbox 475 4027 2050 4101">
     <span class='ocr_line' id='line_1_82' title="bbox 475 4027 2050 4101; baseline 0.004 -21"><span class='ocrx_word' id='word_1_563' title='bbox 475 4027 600 4083; x_wconf 87' lang='lat' dir='ltr'><strong>aliis</strong></span> <span class='ocrx_word' id='word_1_564' title='bbox 625 4027 849 4100; x_wconf 85' lang='lat' dir='ltr'><strong>quidem</strong></span> <span class='ocrx_word' id='word_1_565' title='bbox 880 4027 1209 4083; x_wconf 88' lang='lat' dir='ltr'><strong>criminibus</strong></span> <span class='ocrx_word' id='word_1_566' title='bbox 1232 4028 1434 4083; x_wconf 91' lang='lat' dir='ltr'><strong>nullam</strong></span> <span class='ocrx_word' id='word_1_567' title='bbox 1459 4029 1817 4101; x_wconf 68' lang='lat' dir='ltr'><strong>quaestionem</strong></span> <span class='ocrx_word' id='word_1_568' title='bbox 1844 4031 2050 4087; x_wconf 86' lang='lat' dir='ltr'><strong>habue-</strong></span> 
     </span>
    </p>
   </div>
   <div class='ocr_carea' id='block_1_83' title="bbox 550 4200 1201 4267">
    <p class='ocr_par' dir='ltr' id='par_1_83' title="bbox 550 4200 1201 4267">
     <span class='ocr_line' id='line_1_83' title="bbox 550 4200 1201 4267; baseline 0.005 -11"><span class='ocrx_word' id='word_1_569' title='bbox 550 4202 569 4234; x_wconf 76' lang='grc'><strong>⁸</strong></span> <span class='ocrx_word' id='word_1_570' title='bbox 595 4200 753 4258; x_wconf 88' lang='lat' dir='ltr'><strong>Socr.</strong></span> <span class='ocrx_word' id='word_1_571' title='bbox 788 4201 889 4258; x_wconf 86' lang='lat' dir='ltr'><strong>lib.</strong></span> <span class='ocrx_word' id='word_1_572' title='bbox 926 4216 1001 4267; x_wconf 81' lang='lat' dir='ltr'><strong>vr,</strong></span> <span class='ocrx_word' id='word_1_573' title='bbox 1026 4215 1079 4258; x_wconf 87' lang='lat' dir='ltr'><strong>c.</strong></span> <span class='ocrx_word' id='word_1_574' title='bbox 1109 4201 1201 4259; x_wconf 77' lang='grc'>10.</span> 
     </span>
    </p>
   </div>
   <div class='ocr_carea' id='block_1_84' title="bbox 2155 4022 3731 4098">
    <p class='ocr_par' dir='ltr' id='par_1_84' title="bbox 2155 4022 3731 4098">
     <span class='ocr_line' id='line_1_84' title="bbox 2155 4022 3731 4098; baseline -0.005 -15"><span class='ocrx_word' id='word_1_575' title='bbox 2155 4028 2320 4084; x_wconf 73' lang='grc' dir='ltr'>αὐτοῦ</span> <span class='ocrx_word' id='word_1_576' title='bbox 2347 4025 2874 4098; x_wconf 61' lang='grc' dir='ltr'>καταψηφισαμένων</span> <span class='ocrx_word' id='word_1_577' title='bbox 2892 4022 3024 4098; x_wconf 85' lang='grc'><strong>(70),</strong></span> <span class='ocrx_word' id='word_1_578' title='bbox 3047 4025 3138 4078; x_wconf 81' lang='grc' dir='ltr'><strong>καὶ</strong></span> <span class='ocrx_word' id='word_1_579' title='bbox 3161 4023 3249 4077; x_wconf 83' lang='grc' dir='ltr'><strong>διὰ</strong></span> <span class='ocrx_word' id='word_1_580' title='bbox 3275 4024 3433 4077; x_wconf 81' lang='grc' dir='ltr'>τοῦτο</span> <span class='ocrx_word' id='word_1_581' title='bbox 3454 4022 3731 4095; x_wconf 69' lang='grc' dir='ltr'>ἱερατικοῦ</span> 
     </span>
    </p>
   </div>
   <div class='ocr_carea' id='block_1_85' title="bbox 1665 4362 2514 4427">
    <p class='ocr_par' dir='ltr' id='par_1_85' title="bbox 1665 4362 2514 4427">
     <span class='ocr_line' id='line_1_85' title="bbox 1665 4362 2514 4427; baseline -0.004 -7"><span class='ocrx_word' id='word_1_582' title='bbox 1665 4363 1931 4421; x_wconf 79' lang='lat' dir='ltr'><strong>VALESII</strong></span> <span class='ocrx_word' id='word_1_583' title='bbox 1963 4362 2514 4427; x_wconf 63' lang='lat' dir='ltr'><strong>ANNOTATlONES.</strong></span> 
     </span>
    </p>
   </div>
   <div class='ocr_carea' id='block_1_86' title="bbox 555 4541 2041 4615">
    <p class='ocr_par' dir='ltr' id='par_1_86' title="bbox 555 4541 2041 4615">
     <span class='ocr_line' id='line_1_86' title="bbox 555 4541 2041 4615; baseline -0.003 -16"><span class='ocrx_word' id='word_1_584' title='bbox 555 4545 670 4615; x_wconf 80' lang='lat'><strong>(68)</strong></span> <span class='ocrx_word' id='word_1_585' title='bbox 690 4546 819 4615; x_wconf 84' lang='grc' dir='ltr'><strong>Πρό</strong></span> <span class='ocrx_word' id='word_1_586' title='bbox 848 4546 957 4600; x_wconf 78' lang='grc' dir='ltr'><strong>τοῦ</strong></span> <span class='ocrx_word' id='word_1_587' title='bbox 988 4546 1160 4600; x_wconf 75' lang='grc' dir='ltr'>οἷκον</span> <span class='ocrx_word' id='word_1_588' title='bbox 1193 4542 1304 4611; x_wconf 77' lang='grc' dir='ltr'>τῆς</span> <span class='ocrx_word' id='word_1_589' title='bbox 1327 4541 1596 4615; x_wconf 61' lang='grc' dir='ltr'>μεγάλης</span> <span class='ocrx_word' id='word_1_590' title='bbox 1613 4542 1875 4615; x_wconf 62' lang='grc' dir='ltr'>βουλῆς.</span> <span class='ocrx_word' id='word_1_591' title='bbox 1913 4541 2041 4615; x_wconf 73' lang='lat' dir='ltr'><strong>liam</strong></span> 
     </span>
    </p>
   </div>
   <div class='ocr_carea' id='block_1_87' title="bbox 2148 4541 3739 4615">
    <p class='ocr_par' dir='ltr' id='par_1_87' title="bbox 2171 4541 3739 4615">
     <span class='ocr_line' id='line_1_87' title="bbox 2171 4541 3739 4615; baseline -0.001 -16"><span class='ocrx_word' id='word_1_592' title='bbox 2171 4542 2450 4615; x_wconf 71' lang='lat' dir='ltr'><strong>Sqﬂ‘ridus</strong></span> <span class='ocrx_word' id='word_1_593' title='bbox 2492 4542 2721 4597; x_wconf 75' lang='lat' dir='ltr'><strong>Petrus.</strong></span> <span class='ocrx_word' id='word_1_594' title='bbox 2783 4541 2982 4615; x_wconf 58' lang='lat' dir='ltr'><strong>Yerum</strong></span> <span class='ocrx_word' id='word_1_595' title='bbox 3038 4541 3179 4597; x_wconf 88' lang='lat' dir='ltr'><strong>hanc</strong></span> <span class='ocrx_word' id='word_1_596' title='bbox 3221 4543 3739 4615; x_wconf 75' lang='lat' dir='ltr'><strong>interpretationem</strong></span> 
     </span>
    </p>
   </div>
   <div class='ocr_carea' id='block_1_88' title="bbox 483 4612 3740 4683">
    <p class='ocr_par' dir='ltr' id='par_1_88' title="bbox 483 4612 3740 4683">
     <span class='ocr_line' id='line_1_88' title="bbox 483 4612 3740 4683; baseline 0 -15"><span class='ocrx_word' id='word_1_597' title='bbox 483 4612 935 4672; x_wconf 54' lang='lat' dir='ltr'><strong>a&#39;d&#39;cm&#39;Senatum</strong></span> <span class='ocrx_word' id='word_1_598' title='bbox 960 4616 1223 4671; x_wconf 88' lang='lat' dir='ltr'><strong>vocabant</strong></span> <span class='ocrx_word' id='word_1_599' title='bbox 1256 4631 1268 4667; x_wconf 91' lang='lat'><strong>:</strong></span> <span class='ocrx_word' id='word_1_600' title='bbox 1299 4628 1419 4681; x_wconf 78' lang='lat' dir='ltr'><strong>qua:</strong></span> <span class='ocrx_word' id='word_1_601' title='bbox 1464 4613 1566 4667; x_wconf 92' lang='lat' dir='ltr'><strong>sita</strong></span> <span class='ocrx_word' id='word_1_602' title='bbox 1610 4613 1813 4683; x_wconf 77' lang='lat' dir='ltr'><strong>eratin</strong></span> <span class='ocrx_word' id='word_1_603' title='bbox 1844 4613 2065 4683; x_wconf 81' lang='lat' dir='ltr'><strong>regione</strong></span> <span class='ocrx_word' id='word_1_604' title='bbox 2168 4613 2367 4669; x_wconf 87' lang='lat' dir='ltr'><strong>refellit</strong></span> <span class='ocrx_word' id='word_1_605' title='bbox 2391 4613 2648 4683; x_wconf 84' lang='lat' dir='ltr'><strong>Socrates</strong></span> <span class='ocrx_word' id='word_1_606' title='bbox 2673 4628 2737 4667; x_wconf 91' lang='lat' dir='ltr'><strong>ac</strong></span> <span class='ocrx_word' id='word_1_607' title='bbox 2784 4612 3143 4679; x_wconf 83' lang='lat' dir='ltr'><strong>Nicephorus,</strong></span> <span class='ocrx_word' id='word_1_608' title='bbox 3188 4613 3333 4683; x_wconf 92' lang='lat' dir='ltr'><strong>apud</strong></span> <span class='ocrx_word' id='word_1_609' title='bbox 3370 4612 3533 4682; x_wconf 33' lang='lat' dir='ltr'><strong>’quos</strong></span> <span class='ocrx_word' id='word_1_610' title='bbox 3569 4615 3740 4669; x_wconf 81' lang='lat' dir='ltr'><strong>Leon-</strong></span> 
     </span>
    </p>
   </div>
   <div class='ocr_carea' id='block_1_89' title="bbox 487 4681 2060 4752">
    <p class='ocr_par' dir='ltr' id='par_1_89' title="bbox 487 4681 2060 4752">
     <span class='ocr_line' id='line_1_89' title="bbox 487 4681 2060 4752; baseline 0.001 -16"><span class='ocrx_word' id='word_1_611' title='bbox 487 4684 728 4752; x_wconf 80' lang='lat' dir='ltr'><strong>secunda</strong></span> <span class='ocrx_word' id='word_1_612' title='bbox 759 4686 912 4740; x_wconf 85' lang='lat' dir='ltr'><strong>urbis</strong></span> <span class='ocrx_word' id='word_1_613' title='bbox 938 4684 1575 4752; x_wconf 84' lang='lat' dir='ltr'><strong>Constantinopolitanae,</strong></span> <span class='ocrx_word' id='word_1_614' title='bbox 1616 4692 1675 4734; x_wconf 90' lang='lat' dir='ltr'><strong>ut</strong></span> <span class='ocrx_word' id='word_1_615' title='bbox 1713 4681 1871 4736; x_wconf 87' lang='lat' dir='ltr'><strong>docet</strong></span> <span class='ocrx_word' id='word_1_616' title='bbox 1903 4681 2060 4738; x_wconf 79' lang='lat' dir='ltr'><strong>vetus</strong></span> 
     </span>
    </p>
   </div>
   <div class='ocr_carea' id='block_1_90' title="bbox 487 4751 2059 4820">
    <p class='ocr_par' dir='ltr' id='par_1_90' title="bbox 487 4751 2059 4820">
     <span class='ocr_line' id='line_1_90' title="bbox 487 4751 2059 4820; baseline -0.002 -12"><span class='ocrx_word' id='word_1_617' title='bbox 487 4751 786 4819; x_wconf 87' lang='lat' dir='ltr'><strong>descriptio</strong></span> <span class='ocrx_word' id='word_1_618' title='bbox 829 4755 1074 4819; x_wconf 85' lang='lat' dir='ltr'><strong>ejusdem</strong></span> <span class='ocrx_word' id='word_1_619' title='bbox 1130 4751 1312 4807; x_wconf 71' lang='lat' dir='ltr'><strong>urbis.</strong></span> <span class='ocrx_word' id='word_1_620' title='bbox 1356 4751 1499 4807; x_wconf 88' lang='lat' dir='ltr'><strong>Idem</strong></span> <span class='ocrx_word' id='word_1_621' title='bbox 1550 4766 1768 4820; x_wconf 84' lang='lat' dir='ltr'><strong>quoque</strong></span> <span class='ocrx_word' id='word_1_622' title='bbox 1826 4760 2059 4805; x_wconf 90' lang='lat' dir='ltr'><strong>testatur</strong></span> 
     </span>
    </p>
   </div>
   <div class='ocr_carea' id='block_1_91' title="bbox 489 4820 2064 4892">
    <p class='ocr_par' dir='ltr' id='par_1_91' title="bbox 489 4820 2064 4892">
     <span class='ocr_line' id='line_1_91' title="bbox 489 4820 2064 4892; baseline 0.003 -18"><span class='ocrx_word' id='word_1_623' title='bbox 489 4820 846 4892; x_wconf 15' lang='lat' dir='ltr'><strong>Palladiusiin</strong></span> <span class='ocrx_word' id='word_1_624' title='bbox 874 4823 1095 4892; x_wconf 86' lang='lat' dir='ltr'><strong>Dialogo</strong></span> <span class='ocrx_word' id='word_1_625' title='bbox 1121 4824 1187 4877; x_wconf 86' lang='lat' dir='ltr'><strong>de</strong></span> <span class='ocrx_word' id='word_1_626' title='bbox 1217 4824 1380 4878; x_wconf 83' lang='lat' dir='ltr'><strong>rebus</strong></span> <span class='ocrx_word' id='word_1_627' title='bbox 1407 4820 1633 4892; x_wconf 83' lang='lat' dir='ltr'><strong>Joannis</strong></span> <span class='ocrx_word' id='word_1_628' title='bbox 1663 4821 2064 4892; x_wconf 80' lang='lat' dir='ltr'><strong>Cltrysostomi,</strong></span> 
     </span>
    </p>
   </div>
   <div class='ocr_carea' id='block_1_92' title="bbox 490 4891 1670 4961">
    <p class='ocr_par' dir='ltr' id='par_1_92' title="bbox 490 4891 1670 4961">
     <span class='ocr_line' id='line_1_92' title="bbox 490 4891 1670 4961; baseline -0.001 -16"><span class='ocrx_word' id='word_1_629' title='bbox 490 4892 584 4948; x_wconf 86' lang='lat' dir='ltr'><strong>ubi</strong></span> <span class='ocrx_word' id='word_1_630' title='bbox 619 4892 733 4961; x_wconf 88' lang='lat' dir='ltr'><strong>agit</strong></span> <span class='ocrx_word' id='word_1_631' title='bbox 760 4891 828 4945; x_wconf 91' lang='lat' dir='ltr'><strong>dc</strong></span> <span class='ocrx_word' id='word_1_632' title='bbox 849 4891 1105 4961; x_wconf 84' lang='lat' dir='ltr'><strong>inccndio</strong></span> <span class='ocrx_word' id='word_1_633' title='bbox 1138 4893 1362 4959; x_wconf 85' lang='lat' dir='ltr'><strong>majoris</strong></span> <span class='ocrx_word' id='word_1_634' title='bbox 1394 4891 1670 4961; x_wconf 58' lang='lat' dir='ltr'><strong>Ecclesia).</strong></span> 
     </span>
    </p>
   </div>
   <div class='ocr_carea' id='block_1_93' title="bbox 564 4960 2061 5035">
    <p class='ocr_par' dir='ltr' id='par_1_93' title="bbox 564 4960 2061 5035">
     <span class='ocr_line' id='line_1_93' title="bbox 564 4960 2061 5035; baseline -0.001 -18"><span class='ocrx_word' id='word_1_635' title='bbox 564 4960 676 5035; x_wconf 72' lang='lat'><strong>(69)</strong></span> <span class='ocrx_word' id='word_1_636' title='bbox 699 4961 836 5035; x_wconf 60' lang='grc' dir='ltr'><strong>Δἰῖπὶ</strong></span> <span class='ocrx_word' id='word_1_637' title='bbox 886 4960 960 5035; x_wconf 67' lang='grc' dir='ltr'>τῇ</span> <span class='ocrx_word' id='word_1_638' title='bbox 1000 4962 1332 5035; x_wconf 42' lang='lat' dir='ltr'><strong>grauidas:</strong></span> <span class='ocrx_word' id='word_1_639' title='bbox 1364 4960 1482 5013; x_wconf 74' lang='grc' dir='ltr'><strong>τῶν</strong></span> <span class='ocrx_word' id='word_1_640' title='bbox 1519 4960 1860 5035; x_wconf 43' lang='lat' dir='ltr'><strong>ﬂuviali:th</strong></span> <span class='ocrx_word' id='word_1_641' title='bbox 1909 4963 2061 5035; x_wconf 65' lang='grc' dir='ltr'>εὶκότ</span> 
     </span>
    </p>
   </div>
   <div class='ocr_carea' id='block_1_94' title="bbox 490 5029 2061 5102">
    <p class='ocr_par' dir='ltr' id='par_1_94' title="bbox 490 5029 2061 5102">
     <span class='ocr_line' id='line_1_94' title="bbox 490 5029 2061 5102; baseline -0.001 -15"><span class='ocrx_word' id='word_1_642' title='bbox 490 5029 1518 5102; x_wconf 63' lang='lat' dir='ltr'><strong>roi&#39;v&#39;.&#39;AssentiorCbristophorsono</strong></span> <span class='ocrx_word' id='word_1_643' title='bbox 1573 5041 1626 5086; x_wconf 90' lang='lat' dir='ltr'><strong>et</strong></span> <span class='ocrx_word' id='word_1_644' title='bbox 1680 5029 1908 5095; x_wconf 89' lang='lat' dir='ltr'><strong>Savilio,</strong></span> <span class='ocrx_word' id='word_1_645' title='bbox 1967 5034 2061 5101; x_wconf 92' lang='lat' dir='ltr'><strong>qui</strong></span> 
     </span>
    </p>
   </div>
   <div class='ocr_carea' id='block_1_95' title="bbox 490 5100 1148 5158">
    <p class='ocr_par' dir='ltr' id='par_1_95' title="bbox 490 5100 1148 5158">
     <span class='ocr_line' id='line_1_95' title="bbox 490 5100 1148 5158; baseline -0.011 0"><span class='ocrx_word' id='word_1_646' title='bbox 490 5102 852 5158; x_wconf 70' lang='lat' dir='ltr'><strong>amendarunt</strong></span> <span class='ocrx_word' id='word_1_647' title='bbox 880 5100 1148 5155; x_wconf 80' lang='grc' dir='ltr'>ἀναθέσει.</span> 
     </span>
    </p>
   </div>
   <div class='ocr_carea' id='block_1_96' title="bbox 566 5168 2057 5244">
    <p class='ocr_par' dir='ltr' id='par_1_96' title="bbox 566 5168 2057 5244">
     <span class='ocr_line' id='line_1_96' title="bbox 566 5168 2057 5244; baseline -0.001 -18"><span class='ocrx_word' id='word_1_648' title='bbox 566 5172 719 5244; x_wconf 80' lang='lat'><strong>(70)__</strong></span> <span class='ocrx_word' id='word_1_649' title='bbox 756 5172 887 5244; x_wconf 72' lang='lat' dir='ltr'><strong>&#39;Uc_</strong></span> <span class='ocrx_word' id='word_1_650' title='bbox 927 5170 1222 5225; x_wconf 72' lang='grc' dir='ltr'>πλειόνων</span> <span class='ocrx_word' id='word_1_651' title='bbox 1270 5168 1480 5244; x_wconf 58' lang='grc' dir='ltr'><strong>⁸αὐτοῦ</strong></span> <span class='ocrx_word' id='word_1_652' title='bbox 1559 5171 2057 5244; x_wconf 68' lang='grc' dir='ltr'>καταψηφισαμέ-</span> 
     </span>
    </p>
   </div>
   <div class='ocr_carea' id='block_1_97' title="bbox 494 5238 2052 5309">
    <p class='ocr_par' dir='ltr' id='par_1_97' title="bbox 494 5238 2052 5309">
     <span class='ocr_line' id='line_1_97' title="bbox 494 5238 2052 5309; baseline -0.001 -12"><span class='ocrx_word' id='word_1_653' title='bbox 494 5238 833 5299; x_wconf 55' lang='grc' dir='ltr'><strong>νων-,Ἡιιιιο</strong></span> <span class='ocrx_word' id='word_1_654' title='bbox 874 5241 1056 5295; x_wconf 90' lang='lat' dir='ltr'><strong>locum</strong></span> <span class='ocrx_word' id='word_1_655' title='bbox 1092 5252 1202 5309; x_wconf 87' lang='lat' dir='ltr'><strong>non</strong></span> <span class='ocrx_word' id='word_1_656' title='bbox 1270 5238 1653 5309; x_wconf 76' lang='lat' dir='ltr'><strong>intellexerunt</strong></span> <span class='ocrx_word' id='word_1_657' title='bbox 1706 5238 2052 5309; x_wconf 71' lang='lat' dir='ltr'><strong>intorprctes.</strong></span> 
     </span>
    </p>
   </div>
   <div class='ocr_carea' id='block_1_98' title="bbox 498 5306 2058 5377">
    <p class='ocr_par' dir='ltr' id='par_1_98' title="bbox 498 5306 2058 5377">
     <span class='ocr_line' id='line_1_98' title="bbox 498 5306 2058 5377; baseline -0.003 -10"><span class='ocrx_word' id='word_1_658' title='bbox 498 5312 780 5367; x_wconf 79' lang='lat' dir='ltr'><strong>Musculus</strong></span> <span class='ocrx_word' id='word_1_659' title='bbox 803 5312 945 5366; x_wconf 90' lang='lat' dir='ltr'><strong>enim</strong></span> <span class='ocrx_word' id='word_1_660' title='bbox 971 5310 1046 5364; x_wconf 86' lang='lat' dir='ltr'><strong>ita</strong></span> <span class='ocrx_word' id='word_1_661' title='bbox 1064 5308 1223 5362; x_wconf 91' lang='lat' dir='ltr'><strong>vertit</strong></span> <span class='ocrx_word' id='word_1_662' title='bbox 1248 5326 1261 5362; x_wconf 89' lang='lat'><strong>:</strong></span> <span class='ocrx_word' id='word_1_663' title='bbox 1285 5306 1482 5375; x_wconf 87' lang='lat' dir='ltr'><strong>Objicit</strong></span> <span class='ocrx_word' id='word_1_664' title='bbox 1502 5308 1594 5377; x_wconf 85' lang='lat' dir='ltr'><strong>ille</strong></span> <span class='ocrx_word' id='word_1_665' title='bbox 1618 5306 1930 5363; x_wconf 70' lang='lat' dir='ltr'><strong>sententiam</strong></span> <span class='ocrx_word' id='word_1_666' title='bbox 1948 5311 2058 5377; x_wconf 77' lang='lat' dir='ltr'><strong>epi-</strong></span> 
     </span>
    </p>
   </div>
   <div class='ocr_carea' id='block_1_99' title="bbox 499 5376 2059 5450">
    <p class='ocr_par' dir='ltr' id='par_1_99' title="bbox 499 5376 2059 5450">
     <span class='ocr_line' id='line_1_99' title="bbox 499 5376 2059 5450; baseline -0.003 -15"><span class='ocrx_word' id='word_1_667' title='bbox 499 5397 773 5450; x_wconf 83' lang='lat' dir='ltr'><strong>scoporum</strong></span> <span class='ocrx_word' id='word_1_668' title='bbox 804 5381 905 5450; x_wconf 87' lang='lat' dir='ltr'><strong>sibi</strong></span> <span class='ocrx_word' id='word_1_669' title='bbox 937 5389 1052 5450; x_wconf 83' lang='lat' dir='ltr'><strong>post</strong></span> <span class='ocrx_word' id='word_1_670' title='bbox 1096 5379 1320 5447; x_wconf 76' lang='lat' dir='ltr'><strong>priOrem</strong></span> <span class='ocrx_word' id='word_1_671' title='bbox 1370 5376 1625 5450; x_wconf 66' lang='lat' dir='ltr'><strong>synodum</strong></span> <span class='ocrx_word' id='word_1_672' title='bbox 1668 5376 2059 5450; x_wconf 65' lang='lat' dir='ltr'><strong>communicari.</strong></span> 
     </span>
    </p>
   </div>
   <div class='ocr_carea' id='block_1_100' title="bbox 499 5447 2061 5521">
    <p class='ocr_par' dir='ltr' id='par_1_100' title="bbox 499 5447 2061 5521">
     <span class='ocr_line' id='line_1_100' title="bbox 499 5447 2061 5521; baseline -0.001 -18"><span class='ocrx_word' id='word_1_673' title='bbox 499 5447 652 5516; x_wconf 77' lang='lat' dir='ltr'><strong>tium,</strong></span> <span class='ocrx_word' id='word_1_674' title='bbox 672 5453 762 5521; x_wconf 79' lang='lat' dir='ltr'><strong>qui</strong></span> <span class='ocrx_word' id='word_1_675' title='bbox 798 5447 977 5521; x_wconf 79' lang='lat' dir='ltr'><strong>plures</strong></span> <span class='ocrx_word' id='word_1_676' title='bbox 1006 5450 1200 5518; x_wconf 76' lang='lat' dir='ltr'><strong>fuerint</strong></span> <span class='ocrx_word' id='word_1_677' title='bbox 1229 5463 1387 5521; x_wconf 78' lang='lat' dir='ltr'><strong>quant</strong></span> <span class='ocrx_word' id='word_1_678' title='bbox 1410 5447 1703 5521; x_wconf 66' lang='lat' dir='ltr'><strong>ilii,qui_se</strong></span> <span class='ocrx_word' id='word_1_679' title='bbox 1724 5447 2061 5521; x_wconf 69' lang='lat' dir='ltr'><strong>condemnas-</strong></span> 
     </span>
    </p>
   </div>
   <div class='ocr_carea' id='block_1_101' title="bbox 494 5516 2058 5590">
    <p class='ocr_par' dir='ltr' id='par_1_101' title="bbox 494 5516 2058 5590">
     <span class='ocr_line' id='line_1_101' title="bbox 494 5516 2058 5590; baseline -0.002 -15"><span class='ocrx_word' id='word_1_680' title='bbox 494 5530 634 5585; x_wconf 83' lang='lat' dir='ltr'><strong>sent,</strong></span> <span class='ocrx_word' id='word_1_681' title='bbox 682 5516 904 5590; x_wconf 74' lang='lat' dir='ltr'><strong>etquod</strong></span> <span class='ocrx_word' id='word_1_682' title='bbox 961 5516 1128 5575; x_wconf 73' lang='lat' dir='ltr'><strong>conon</strong></span> <span class='ocrx_word' id='word_1_683' title='bbox 1186 5516 1576 5590; x_wconf 32' lang='lat' dir='ltr'><strong>ecrlesiasticus-</strong></span> <span class='ocrx_word' id='word_1_684' title='bbox 1621 5516 1716 5569; x_wconf 78' lang='lat' dir='ltr'><strong>hoc</strong></span> <span class='ocrx_word' id='word_1_685' title='bbox 1770 5517 2058 5583; x_wconf 79' lang='lat' dir='ltr'><strong>prohibeat.</strong></span> 
     </span>
    </p>
   </div>
   <div class='ocr_carea' id='block_1_102' title="bbox 500 5586 2058 5660">
    <p class='ocr_par' dir='ltr' id='par_1_102' title="bbox 500 5586 2058 5660">
     <span class='ocr_line' id='line_1_102' title="bbox 500 5586 2058 5660; baseline -0.001 -15"><span class='ocrx_word' id='word_1_686' title='bbox 500 5590 705 5646; x_wconf 82' lang='lat' dir='ltr'><strong>Eodem</strong></span> <span class='ocrx_word' id='word_1_687' title='bbox 739 5586 953 5660; x_wconf 85' lang='lat' dir='ltr'><strong>quoque</strong></span> <span class='ocrx_word' id='word_1_688' title='bbox 987 5591 1147 5646; x_wconf 84' lang='lat' dir='ltr'><strong>modo</strong></span> <span class='ocrx_word' id='word_1_689' title='bbox 1179 5592 1325 5645; x_wconf 81' lang='lat' dir='ltr'><strong>hunc</strong></span> <span class='ocrx_word' id='word_1_690' title='bbox 1355 5589 1532 5642; x_wconf 84' lang='lat' dir='ltr'><strong>locum</strong></span> <span class='ocrx_word' id='word_1_691' title='bbox 1564 5586 1951 5658; x_wconf 74' lang='lat' dir='ltr'><strong>interpretatus</strong></span> <span class='ocrx_word' id='word_1_692' title='bbox 1976 5598 2058 5643; x_wconf 77' lang='lat' dir='ltr'><strong>est</strong></span> 
     </span>
    </p>
   </div>
   <div class='ocr_carea' id='block_1_103' title="bbox 2166 4682 3737 4804">
    <p class='ocr_par' dir='ltr' id='par_1_103' title="bbox 2166 4682 3737 4804">
     <span class='ocr_line' id='line_1_103' title="bbox 2166 4682 3737 4804; baseline -0.003 -65"><span class='ocrx_word' id='word_1_693' title='bbox 2166 4685 2275 4739; x_wconf 91' lang='lat' dir='ltr'><strong>tius</strong></span> <span class='ocrx_word' id='word_1_694' title='bbox 2306 4685 2597 4753; x_wconf 81' lang='lat' dir='ltr'><strong>cpiscopus</strong></span> <span class='ocrx_word' id='word_1_695' title='bbox 2624 4682 2820 4737; x_wconf 90' lang='lat' dir='ltr'><strong>Joanni</strong></span> <span class='ocrx_word' id='word_1_696' title='bbox 2871 4683 3265 4804; x_wconf 46' lang='lat' dir='ltr'><strong>Cltrrsostomo</strong></span> <span class='ocrx_word' id='word_1_697' title='bbox 3310 4683 3403 4751; x_wconf 90' lang='lat' dir='ltr'><strong>qui</strong></span> <span class='ocrx_word' id='word_1_698' title='bbox 3448 4686 3737 4756; x_wconf 82' lang='lat' dir='ltr'><strong>sexaginta</strong></span> 
     </span>
     <span class='ocr_line' id='line_1_104' title="bbox 2166 4753 3737 4804; baseline 0 0"><span class='ocrx_word' id='word_1_699' title='bbox 2166 4754 2410 4804; x_wconf 85' lang='lat' dir='ltr'><strong>nuinntte</strong></span> <span class='ocrx_word' id='word_1_700' title='bbox 2441 4756 2726 4804; x_wconf 82' lang='lat' dir='ltr'><strong>episcenos</strong></span> <span class='ocrx_word' id='word_1_701' title='bbox 2756 4760 2876 4804; x_wconf 81' lang='lat' dir='ltr'><strong>post</strong></span> <span class='ocrx_word' id='word_1_702' title='bbox 2906 4767 2984 4804; x_wconf 86' lang='lat' dir='ltr'><strong>ret</strong></span> <span class='ocrx_word' id='word_1_703' title='bbox 3006 4753 3135 4804; x_wconf 81' lang='lat' dir='ltr'><strong>itum</strong></span> <span class='ocrx_word' id='word_1_704' title='bbox 3159 4767 3318 4804; x_wconf 90' lang='lat' dir='ltr'><strong>suum</strong></span> <span class='ocrx_word' id='word_1_705' title='bbox 3342 4753 3445 4804; x_wconf 89' lang='lat' dir='ltr'><strong>sibi</strong></span> <span class='ocrx_word' id='word_1_706' title='bbox 3481 4768 3737 4804; x_wconf 86' lang='lat' dir='ltr'><strong>comnm-</strong></span> 
     </span>
    </p>
   </div>
   <div class='ocr_carea' id='block_1_104' title="bbox 2166 4753 3742 4824">
    <p class='ocr_par' dir='ltr' id='par_1_104' title="bbox 2166 4753 3742 4824">
     <span class='ocr_line' id='line_1_105' title="bbox 2166 4753 3742 4824; baseline -0.003 -16"><span class='ocrx_word' id='word_1_707' title='bbox 2166 4754 2410 4824; x_wconf 89' lang='lat' dir='ltr'><strong>quinque</strong></span> <span class='ocrx_word' id='word_1_708' title='bbox 2441 4756 2726 4823; x_wconf 89' lang='lat' dir='ltr'><strong>episcopos</strong></span> <span class='ocrx_word' id='word_1_709' title='bbox 2756 4760 2876 4823; x_wconf 84' lang='lat' dir='ltr'><strong>post</strong></span> <span class='ocrx_word' id='word_1_710' title='bbox 2906 4753 3135 4824; x_wconf 72' lang='lat' dir='ltr'><strong>reditum</strong></span> <span class='ocrx_word' id='word_1_711' title='bbox 3159 4753 3445 4824; x_wconf 10' lang='lat' dir='ltr'><strong>suumisibi</strong></span> <span class='ocrx_word' id='word_1_712' title='bbox 3481 4753 3742 4808; x_wconf 76' lang='lat' dir='ltr'><strong>conimu-</strong></span> 
     </span>
    </p>
   </div>
   <div class='ocr_carea' id='block_1_105' title="bbox 2167 4822 3741 4903">
    <p class='ocr_par' dir='ltr' id='par_1_105' title="bbox 2167 4822 3741 4903">
     <span class='ocr_line' id='line_1_106' title="bbox 2167 4822 3741 4903; baseline -0.004 -23"><span class='ocrx_word' id='word_1_713' title='bbox 2167 4822 2387 4903; x_wconf 76' lang='lat' dir='ltr'><strong>nicasse</strong></span> <span class='ocrx_word' id='word_1_714' title='bbox 2420 4822 2659 4903; x_wconf 70' lang='lat' dir='ltr'><strong>diccbat,</strong></span> <span class='ocrx_word' id='word_1_715' title='bbox 2695 4822 2768 4877; x_wconf 86' lang='lat' dir='ltr'><strong>ita</strong></span> <span class='ocrx_word' id='word_1_716' title='bbox 2796 4822 3135 4903; x_wconf 43' lang='lat' dir='ltr'><strong>respondnet;</strong></span> <span class='ocrx_word' id='word_1_717' title='bbox 3178 4822 3344 4903; x_wconf 75' lang='lat' dir='ltr'><strong>Atqui</strong></span> <span class='ocrx_word' id='word_1_718' title='bbox 3368 4823 3563 4903; x_wconf 48' lang='lat' dir='ltr'><strong>plures</strong></span> <span class='ocrx_word' id='word_1_719' title='bbox 3586 4832 3741 4903; x_wconf 85' lang='lat' dir='ltr'><strong>erant</strong></span> 
     </span>
    </p>
   </div>
   <div class='ocr_carea' id='block_1_106' title="bbox 2165 4890 3740 4962">
    <p class='ocr_par' dir='ltr' id='par_1_106' title="bbox 2165 4890 3740 4962">
     <span class='ocr_line' id='line_1_107' title="bbox 2165 4890 3740 4962; baseline -0.005 -11"><span class='ocrx_word' id='word_1_720' title='bbox 2165 4912 2196 4951; x_wconf 87' lang='lat' dir='ltr'><strong>a</strong></span> <span class='ocrx_word' id='word_1_721' title='bbox 2225 4895 2426 4962; x_wconf 86' lang='lat' dir='ltr'><strong>quibus</strong></span> <span class='ocrx_word' id='word_1_722' title='bbox 2458 4893 2857 4948; x_wconf 88' lang='lat' dir='ltr'><strong>condemnatus</strong></span> <span class='ocrx_word' id='word_1_723' title='bbox 2892 4890 2973 4945; x_wconf 90' lang='lat' dir='ltr'><strong>es.</strong></span> <span class='ocrx_word' id='word_1_724' title='bbox 3020 4891 3148 4946; x_wconf 82' lang='lat' dir='ltr'><strong>Scio</strong></span> <span class='ocrx_word' id='word_1_725' title='bbox 3195 4890 3423 4962; x_wconf 78' lang='lat' dir='ltr'><strong>quidem</strong></span> <span class='ocrx_word' id='word_1_726' title='bbox 3449 4890 3740 4947; x_wconf 83' lang='lat' dir='ltr'><strong>Socratem</strong></span> 
     </span>
    </p>
   </div>
   <div class='ocr_carea' id='block_1_107' title="bbox 2164 4961 3743 5033">
    <p class='ocr_par' dir='ltr' id='par_1_107' title="bbox 2164 4961 3743 5033">
     <span class='ocr_line' id='line_1_108' title="bbox 2164 4961 3743 5033; baseline -0.005 -14"><span class='ocrx_word' id='word_1_727' title='bbox 2164 4980 2193 5019; x_wconf 89' lang='lat' dir='ltr'><strong>a</strong></span> <span class='ocrx_word' id='word_1_728' title='bbox 2227 4961 2457 5018; x_wconf 82' lang='lat' dir='ltr'><strong>Barouio</strong></span> <span class='ocrx_word' id='word_1_729' title='bbox 2494 4979 2619 5018; x_wconf 88' lang='lat' dir='ltr'><strong>esse</strong></span> <span class='ocrx_word' id='word_1_730' title='bbox 2652 4963 3057 5033; x_wconf 76' lang='lat' dir='ltr'><strong>reprehensum.</strong></span> <span class='ocrx_word' id='word_1_731' title='bbox 3103 4977 3168 5016; x_wconf 92' lang='lat' dir='ltr'><strong>eo</strong></span> <span class='ocrx_word' id='word_1_732' title='bbox 3215 4961 3361 5031; x_wconf 86' lang='lat' dir='ltr'><strong>quod</strong></span> <span class='ocrx_word' id='word_1_733' title='bbox 3396 4961 3743 5033; x_wconf 75' lang='lat' dir='ltr'><strong>Cltrysostu-</strong></span> 
     </span>
    </p>
   </div>
   <div class='ocr_carea' id='block_1_108' title="bbox 2160 5031 3743 5104">
    <p class='ocr_par' dir='ltr' id='par_1_108' title="bbox 2160 5031 3743 5104">
     <span class='ocr_line' id='line_1_109' title="bbox 2160 5031 3743 5104; baseline -0.003 -17"><span class='ocrx_word' id='word_1_734' title='bbox 2160 5050 2284 5089; x_wconf 89' lang='lat' dir='ltr'><strong>tntts</strong></span> <span class='ocrx_word' id='word_1_735' title='bbox 2318 5049 2346 5087; x_wconf 89' lang='lat' dir='ltr'><strong>a</strong></span> <span class='ocrx_word' id='word_1_736' title='bbox 2385 5034 2604 5104; x_wconf 82' lang='lat' dir='ltr'><strong>triginta</strong></span> <span class='ocrx_word' id='word_1_737' title='bbox 2655 5047 2746 5104; x_wconf 66' lang='lat' dir='ltr'><strong>sex</strong></span> <span class='ocrx_word' id='word_1_738' title='bbox 2788 5032 3052 5104; x_wconf 73' lang='lat' dir='ltr'><strong>duntaxat</strong></span> <span class='ocrx_word' id='word_1_739' title='bbox 3078 5032 3373 5101; x_wconf 88' lang='lat' dir='ltr'><strong>episc0pis,</strong></span> <span class='ocrx_word' id='word_1_740' title='bbox 3407 5044 3465 5104; x_wconf 85' lang='lat' dir='ltr'><strong>ut</strong></span> <span class='ocrx_word' id='word_1_741' title='bbox 3498 5031 3585 5104; x_wconf 70' lang='lat' dir='ltr'><strong>ait</strong></span> <span class='ocrx_word' id='word_1_742' title='bbox 3620 5031 3743 5104; x_wconf 76' lang='lat' dir='ltr'><strong>Pal—</strong></span> 
     </span>
    </p>
   </div>
   <div class='ocr_carea' id='block_1_109' title="bbox 2159 5102 3738 5171">
    <p class='ocr_par' dir='ltr' id='par_1_109' title="bbox 2159 5102 3738 5171">
     <span class='ocr_line' id='line_1_110' title="bbox 2159 5102 3738 5171; baseline -0.003 -15"><span class='ocrx_word' id='word_1_743' title='bbox 2159 5105 2356 5164; x_wconf 84' lang='lat' dir='ltr'><strong>ladius,</strong></span> <span class='ocrx_word' id='word_1_744' title='bbox 2396 5102 2483 5158; x_wconf 77' lang='lat' dir='ltr'><strong>vei</strong></span> <span class='ocrx_word' id='word_1_745' title='bbox 2520 5118 2547 5155; x_wconf 87' lang='lat' dir='ltr'><strong>a</strong></span> <span class='ocrx_word' id='word_1_746' title='bbox 2598 5102 2954 5171; x_wconf 84' lang='lat' dir='ltr'><strong>quadraginta</strong></span> <span class='ocrx_word' id='word_1_747' title='bbox 3015 5103 3281 5169; x_wconf 89' lang='lat' dir='ltr'><strong>quinque,</strong></span> <span class='ocrx_word' id='word_1_748' title='bbox 3314 5102 3643 5171; x_wconf 31' lang='lat' dir='ltr'><strong>utAlegitur</strong></span> <span class='ocrx_word' id='word_1_749' title='bbox 3687 5102 3738 5154; x_wconf 90' lang='lat' dir='ltr'><strong>in</strong></span> 
     </span>
    </p>
   </div>
   <div class='ocr_carea' id='block_1_110' title="bbox 2158 5168 3744 5240">
    <p class='ocr_par' dir='ltr' id='par_1_110' title="bbox 2158 5168 3744 5240">
     <span class='ocr_line' id='line_1_111' title="bbox 2158 5168 3744 5240; baseline -0.004 -13"><span class='ocrx_word' id='word_1_750' title='bbox 2158 5172 2484 5228; x_wconf 81' lang='lat' dir='ltr'><strong>Bibliotheca</strong></span> <span class='ocrx_word' id='word_1_751' title='bbox 2511 5168 2708 5234; x_wconf 80' lang='lat' dir='ltr'><strong>Photii,</strong></span> <span class='ocrx_word' id='word_1_752' title='bbox 2744 5168 2907 5223; x_wconf 83' lang='lat' dir='ltr'><strong>fuerit</strong></span> <span class='ocrx_word' id='word_1_753' title='bbox 2931 5168 3344 5225; x_wconf 85' lang='lat' dir='ltr'><strong>condemnatus.</strong></span> <span class='ocrx_word' id='word_1_754' title='bbox 3375 5168 3744 5240; x_wconf 29' lang='lat' dir='ltr'><strong>Sed’respon;</strong></span> 
     </span>
    </p>
   </div>
   <div class='ocr_carea' id='block_1_111' title="bbox 2157 5238 3741 5312">
    <p class='ocr_par' dir='ltr' id='par_1_111' title="bbox 2157 5238 3741 5312">
     <span class='ocr_line' id='line_1_112' title="bbox 2157 5238 3741 5312; baseline -0.006 -15"><span class='ocrx_word' id='word_1_755' title='bbox 2157 5245 2272 5297; x_wconf 88' lang='lat' dir='ltr'><strong>deri</strong></span> <span class='ocrx_word' id='word_1_756' title='bbox 2306 5252 2507 5312; x_wconf 85' lang='lat' dir='ltr'><strong>potest,</strong></span> <span class='ocrx_word' id='word_1_757' title='bbox 2538 5243 3002 5312; x_wconf 82' lang='lat' dir='ltr'><strong>Chrysostomum</strong></span> <span class='ocrx_word' id='word_1_758' title='bbox 3046 5240 3351 5312; x_wconf 83' lang='lat' dir='ltr'><strong>in_synodo</strong></span> <span class='ocrx_word' id='word_1_759' title='bbox 3390 5238 3625 5312; x_wconf 76' lang='lat' dir='ltr'><strong>quidetti</strong></span> <span class='ocrx_word' id='word_1_760' title='bbox 3675 5238 3741 5289; x_wconf 91' lang='lat' dir='ltr'><strong>ad</strong></span> 
     </span>
    </p>
   </div>
   <div class='ocr_carea' id='block_1_112' title="bbox 2165 5309 3743 5381">
    <p class='ocr_par' dir='ltr' id='par_1_112' title="bbox 2165 5309 3743 5381">
     <span class='ocr_line' id='line_1_113' title="bbox 2165 5309 3743 5381; baseline 0.001 -20"><span class='ocrx_word' id='word_1_761' title='bbox 2165 5309 2433 5379; x_wconf 77' lang='lat' dir='ltr'><strong>Quercum</strong></span> <span class='ocrx_word' id='word_1_762' title='bbox 2464 5328 2491 5364; x_wconf 91' lang='lat' dir='ltr'><strong>a</strong></span> <span class='ocrx_word' id='word_1_763' title='bbox 2514 5309 2753 5381; x_wconf 81' lang='lat' dir='ltr'><strong>quinque</strong></span> <span class='ocrx_word' id='word_1_764' title='bbox 2780 5317 2833 5362; x_wconf 87' lang='lat' dir='ltr'><strong>et</strong></span> <span class='ocrx_word' id='word_1_765' title='bbox 2863 5309 3224 5379; x_wconf 86' lang='lat' dir='ltr'><strong>quadraginta</strong></span> <span class='ocrx_word' id='word_1_766' title='bbox 3258 5309 3471 5363; x_wconf 86' lang='lat' dir='ltr'><strong>tantum</strong></span> <span class='ocrx_word' id='word_1_767' title='bbox 3518 5310 3743 5379; x_wconf 85' lang='lat' dir='ltr'><strong>cpisco-</strong></span> 
     </span>
    </p>
   </div>
   <div class='ocr_carea' id='block_1_113' title="bbox 2165 5381 3740 5453">
    <p class='ocr_par' dir='ltr' id='par_1_113' title="bbox 2165 5381 3740 5453">
     <span class='ocr_line' id='line_1_114' title="bbox 2165 5381 3740 5453; baseline -0.003 -18"><span class='ocrx_word' id='word_1_768' title='bbox 2165 5387 2249 5453; x_wconf 86' lang='lat' dir='ltr'><strong>pis</strong></span> <span class='ocrx_word' id='word_1_769' title='bbox 2283 5384 2452 5453; x_wconf 84' lang='lat' dir='ltr'><strong>fuisse</strong></span> <span class='ocrx_word' id='word_1_770' title='bbox 2476 5381 2834 5453; x_wconf 78' lang='lat' dir='ltr'><strong>dantnatum_:</strong></span> <span class='ocrx_word' id='word_1_771' title='bbox 2872 5381 3055 5447; x_wconf 86' lang='lat' dir='ltr'><strong>plures</strong></span> <span class='ocrx_word' id='word_1_772' title='bbox 3075 5391 3259 5453; x_wconf 75' lang='lat' dir='ltr'><strong>tamen</strong></span> <span class='ocrx_word' id='word_1_773' title='bbox 3287 5387 3477 5453; x_wconf 75' lang='lat' dir='ltr'><strong>postea</strong></span> <span class='ocrx_word' id='word_1_774' title='bbox 3513 5382 3740 5449; x_wconf 83' lang='lat' dir='ltr'><strong>episco-</strong></span> 
     </span>
    </p>
   </div>
   <div class='ocr_carea' id='block_1_114' title="bbox 2166 5447 3738 5524">
    <p class='ocr_par' dir='ltr' id='par_1_114' title="bbox 2166 5447 3738 5524">
     <span class='ocr_line' id='line_1_115' title="bbox 2166 5447 3738 5524; baseline -0.001 -19"><span class='ocrx_word' id='word_1_775' title='bbox 2166 5447 2264 5524; x_wconf 76' lang='lat' dir='ltr'><strong>pos</strong></span> <span class='ocrx_word' id='word_1_776' title='bbox 2303 5452 2368 5505; x_wconf 87' lang='lat' dir='ltr'><strong>ad</strong></span> <span class='ocrx_word' id='word_1_777' title='bbox 2415 5468 2574 5524; x_wconf 77' lang='lat' dir='ltr'><strong>quos</strong></span> <span class='ocrx_word' id='word_1_778' title='bbox 2596 5452 2759 5524; x_wconf 81' lang='lat' dir='ltr'><strong>inissa</strong></span> <span class='ocrx_word' id='word_1_779' title='bbox 2792 5447 2980 5524; x_wconf 72' lang='lat' dir='ltr'><strong>fuerat</strong></span> <span class='ocrx_word' id='word_1_780' title='bbox 3001 5449 3235 5517; x_wconf 90' lang='lat' dir='ltr'><strong>epistola</strong></span> <span class='ocrx_word' id='word_1_781' title='bbox 3265 5447 3570 5520; x_wconf 59' lang='lat' dir='ltr'><strong>synodica,</strong></span> <span class='ocrx_word' id='word_1_782' title='bbox 3600 5463 3738 5505; x_wconf 86' lang='lat' dir='ltr'><strong>con-</strong></span> 
     </span>
    </p>
   </div>
   <div class='ocr_carea' id='block_1_115' title="bbox 2167 5519 3097 5591">
    <p class='ocr_par' dir='ltr' id='par_1_115' title="bbox 2167 5519 3097 5591">
     <span class='ocr_line' id='line_1_116' title="bbox 2167 5519 3097 5591; baseline -0.01 -11"><span class='ocrx_word' id='word_1_783' title='bbox 2167 5519 2498 5580; x_wconf 77' lang='lat' dir='ltr'><strong>dcuutatioui</strong></span> <span class='ocrx_word' id='word_1_784' title='bbox 2529 5523 2649 5591; x_wconf 81' lang='lat' dir='ltr'><strong>ejus</strong></span> <span class='ocrx_word' id='word_1_785' title='bbox 2681 5519 3097 5591; x_wconf 80' lang='lat' dir='ltr'><strong>subscripsisse.</strong></span> 
     </span>
    </p>
   </div>
  </div>
