4050 6218
383 251 520 307 1569

1342 247 1660 303 HISTORIA
1698 246 2238 302 ECCLESIASTICA.
2274 277 2338 289 —
2381 247 2509 301 LIB.
2553 247 2682 303 Vill.

384 368 607 430 κανόνος
641 365 1095 440 ἀπαγορεύοντος,
1126 368 1187 419 ού
1214 366 1498 437 προσίεντο
1525 367 1622 436 τὴν
1649 366 1955 435 ἀπολογίαν.

2068 376 2197 422 runt
2238 386 2250 421 :
2293 369 2361 423 de
2408 369 2510 424 hoc
2575 375 2773 439 autem
2819 382 2929 421 uno
2976 365 3243 424 Joannem
3300 368 3633 438 respondere

396 459 558 513 Ἀλλὰ
574 456 817 511 καθεῖλον
837 456 1015 522 αὑτὸν,
1035 459 1118 509 ἑτε
1128 456 1352 528 ροδόξων
1366 457 1702 527 ἐνιστάμενοι
1725 457 1834 526 (71)
1848 457 1968 510 τοῦ-

2057 458 2359 528 jubebant,
2405 458 2551 529 quod
2597 459 2912 528 depositus,
2951 469 3240 528 antequam
3295 459 3536 530 synodus
3579 457 3631 514 ei

384 564 476 602 τον
496 544 634 601 εἶναι
651 547 831 617 νόμον.
851 546 1003 599 Ἐπεὶ
1026 546 1133 618 γὰρ
1155 549 1205 601 οἱ
1219 549 1328 601 ἀπὸ
1354 550 1452 618 τῆς
1478 549 1685 619 Ἀρείου
1704 549 1955 619 αἱρέσεως

2064 549 2342 603 licentiam
2366 550 2641 614 dedisset,
2679 549 2731 602 in
2767 549 3063 619 episcopali
3094 550 3231 603 solio
3263 550 3628 605 consedisset.

389 639 888 707 συκοφαντήσαντες
912 638 1227 691 ’Λθανάσιον
1255 639 1535 708 ἀφείλοντο
1571 639 1668 708 τὴν
1718 638 1964 705 Ἀλεξαν-

384 727 553 796 δρέων
594 726 953 798 Ἐκκλησίαν,
982 729 1090 782 δέει
1132 728 1233 800 τῆς
1281 730 1390 782 τῶν
1423 729 1762 800 πραγμάτων
1796 745 1962 799 μετα-

382 815 565 886 ϐολῆς,
595 816 723 870 τάδε
749 818 1174 889 ἐνομοθέτησαν,
1204 820 1532 883 ἀνεξέταστα
1569 819 1753 891 μένειν
1780 818 1849 873 τὰ
1874 820 1964 871 ἐπ’

382 906 531 977 αὐτῷ
557 906 953 979 βεϐουλευμένα
979 910 1391 975 σπουδάζοντες.

2064 642 2314 710 Cumque
2367 641 2458 695 ille
2512 639 2768 710 suffragia
2818 656 3008 695 eorum
3068 639 3335 709 proferret
3377 640 3469 709 qui
3510 648 3633 708 post

2065 728 2300 798 priorem
2360 727 2628 799 synodum
2688 743 2810 783 cum
2874 728 2993 798 ipso
3052 727 3630 789 communicaverant,

2059 818 2277 886 judices
2311 834 2430 872 eam
2478 817 2853 873 defensionem
2889 819 3112 873 minime
3145 818 3521 878 admiserunt,
3565 830 3632 868 eo

2065 906 2210 976 quod
2252 907 2436 976 plures
2474 906 2706 961 fuissent
2739 906 2831 976 qui
2872 907 3048 976 ipsum
3102 905 3630 971 condemnaverant;

381 1006 437 1052 et
480 999 845 1057 sacerdotalis
896 1017 1072 1058 canon
1110 1003 1163 1058 id
1215 1002 1421 1058 diserte
1471 1003 1806 1073 prohiberet.
1851 1000 1958 1059 Sed
1996 1016 2120 1056 eum
2165 1002 2563 1069 deposuerunt,
2620 1008 2934 1055 constanter
3004 1007 3407 1055 asseverantem
3479 997 3630 1049 illum

383 1104 507 1145 csse
535 1104 803 1147 canonem
836 1093 1240 1151 hatreticorum.
1309 1094 1445 1147 Nam
1498 1108 1623 1148 cum
1692 1096 1901 1159 Ariani,
1928 1093 2271 1149 concinnatis
2305 1093 2570 1148 adversus
2610 1093 2966 1149 Athanasium
3019 1091 3328 1151 calumniis,
3400 1089 3634 1144 Alexan-

385 1179 600 1235 drinam
640 1182 928 1238 ecclesiam
959 1185 1007 1238 ei
1041 1184 1395 1251 ademissent,
1426 1185 1782 1239 mutationem
1816 1192 2120 1254 temporum
2150 1183 2525 1248 formidantes,
2582 1199 2700 1239 eam
2764 1185 3006 1256 regulam
3061 1182 3457 1238 condiderunt:
3516 1193 3633 1237 stu-

387 1271 539 1327 diose
571 1272 830 1328 videlicet
853 1284 1131 1338 caventes,
1165 1284 1222 1329 ιιι
1254 1289 1318 1329 ea
1349 1289 1470 1344 qua:
1497 1273 1759 1329 adversus
1782 1274 1933 1328 illum
1972 1273 2272 1327 machinati
2305 1273 2541 1338 fuerant,
2612 1274 2921 1328 indiscussa
2984 1279 3348 1327 remanerent.

973 1363 1223 1417 ΚΕΦΑΔ.
1261 1364 1391 1417 KA'.

391 1455 546 1505 ’Ὅσα
594 1449 750 1504 κακὰ
790 1449 1017 1517 συνέϐη
1048 1449 1146 1503 ἐπὶ
1196 1449 1267 1517 τῇ
1300 1449 1522 1516 ἐκϐολῇ
1571 1451 1847 1505 Ἰωάννου
1880 1448 1961 1514 τῷ

456 1519 691 1585 πλήθει,
716 1520 815 1590 καὶ
863 1520 997 1588 περὶ
1050 1519 1327 1588 τῆςκαί
1373 1519 1556 1573 αὐτοῦ
1603 1521 1699 1575 διὰ
1747 1521 1961 1590 ξίφους

456 1588 802 1658 ἐπιϐουλῆς.

469 1680 527 1733 ’0
558 1679 614 1732 δὲ
663 1680 913 1750 Ἰωάννης
964 1679 1309 1751 καθαιρεθεὶς
1332 1721 1345 1745 ,
1380 1680 1564 1734 οὐκέτι
1600 1677 1922 1750 ἐκκλησίαζε
1944 1697 1957 1710 ο

2687 1364 2841 1418 CAP.
2877 1362 3023 1417 XXI.

2069 1452 2285 1523 Quanta
2357 1454 2501 1507 mala
2554 1455 2748 1523 populo
2807 1454 3130 1520 acciderint,
3184 1463 3299 1521 post
3355 1455 3630 1523 expulsum

2135 1522 2396 1577 Joannem
2421 1539 2439 1577 :
2461 1533 2510 1578 et
2540 1522 2603 1579 de
2624 1522 2843 1578 insidiis
2874 1540 2965 1592 per
2989 1525 3210 1578 sicarios
3242 1526 3290 1579 ei
3320 1522 3558 1579 structis.

2137 1678 2309 1733 Porro
2332 1679 2592 1744 Joannes,
2623 1680 2894 1735 sententia
2918 1680 3296 1750 episcOporum
3325 1679 3629 1750 depositus,

389 1771 502 1826 ἀλλ’
536 1773 592 1823 ἐν
635 1770 712 1841 τῷ
751 1771 1096 1841 ἐπισκοπικῷ
1137 1773 1462 1843 καταγωγίῳ
1487 1773 1698 1844 ἠρέμει.
1740 1773 1877 1842 Ἤδη
1911 1772 1955 1824 δί

2072 1771 2136 1825 ad
2171 1772 2460 1826 ecclesiam
2502 1773 2735 1842 amplius
2785 1787 2891 1826 non
2941 1773 3230 1843 processit,
3284 1772 3379 1826 sed
3416 1773 3470 1827 in
3514 1774 3632 1842 epi-

388 1861 657 1936 ληγούσης
700 1864 799 1932 τῆς
833 1864 1305 1935 Τεσσαρακοστῆς,
1343 1866 1462 1918 κατ’
1487 1866 1655 1933 αὐτὴν
1683 1865 1783 1935 τὴν
1815 1866 1963 1934 ἱερὰν

388 1954 577 2015 νύκτα,
603 1956 660 2007 ἐν
754 1956 787 2025 ἡ
830 1954 1041 2024 ἐτησιος
1068 1955 1226 2025 ἑορτὴ
1256 1955 1348 2009 ἐπὶ
1376 1956 1672 2025 ἀναμνήσει
1710 1955 1805 2024 τῆς
1834 1957 1964 2007 ἁνα-

390 2046 629 2108 στάσεως
677 2044 771 2097 τοῦ
824 2043 1060 2116 Χριστοῦ
1109 2044 1457 2110 ἐπιτελεῖται,
1490 2042 1817 2119 ἐξωιθοῦνται
1862 2043 1963 2113 τῆς

402 2135 721 2205 Ἐκκλησίας
737 2136 785 2187 οἱ
801 2134 866 2187 τὰ
880 2135 1043 2187 αὐτοῦ
1066 2135 1407 2204 φρονοῦντες,
1428 2133 1763 2203 ἐπιθεμένων
1781 2133 1961 2197 αὐτοῖς

388 2223 891 2297 ἔτιμυσταγωγοῧσι
912 2226 1022 2297 (79.)
1042 2224 1384 2297 στρατιωτῶν
1409 2225 1499 2277 καὶ
1526 2227 1633 2278 τῶν
1662 2225 1958 2295 δυσμενῶν.

401 2317 732 2388 Ἀπροὸπτου
760 2316 816 2370 δὲ
851 2316 1039 2370 τούτου
1081 2316 1402 2387 συμϐάντος,
1432 2316 1597 2379 πολὺς
1637 2317 1764 2386 περὶ
1788 2316 1846 2368 τὸ
1868 2316 1962 2386 βα-

390 2412 707 2481 πτιστήριον
739 2409 953 2477 ἐγένετο
985 2408 1233 2479 θόρυϐος,
1274 2408 1508 2477 γυναίων
1532 2408 1630 2477 μὲν
1660 2407 1775 2477 μετ’
1796 2409 1961 2477 οἰμω-

388 2505 487 2574 γῆς
527 2503 943 2574 ταραττομένων
969 2520 982 2534 ο
1029 2503 1255 2556 παιδίων
1302 2502 1359 2555 δὲ
1412 2501 1735 2554 κλαιόντων·
1774 2501 1961 2571 ἱερέων

387 2596 442 2647 δὲ
481 2596 574 2648 καὶ
616 2596 875 2649 διακόνων
917 2594 1269 2663 τυπτομένων
1309 2611 1391 2656 τε,
1437 2594 1531 2646 καὶ
1570 2592 1706 2663 πρὸς
1741 2592 1860 2661 βίαν
1887 2591 1959 2655 ὼς

387 2681 532 2757 εἶχον
557 2689 832 2757 σχήματος
875 2683 1262 2757 ἐλαυνομένων.
1294 2685 1354 2736 Ὶ“’
1376 2685 1509 2740 ἄλλα
1537 2685 1592 2739 δὲ
1623 2680 1710 2738 οἷα
1732 2684 1875 2748 εἰκὸς
1893 2680 1960 2755 ἦν

387 2778 635 2846 γενέσθαι
660 2781 715 2831 ἐν
736 2778 928 2848 ἀταξία
948 2777 1204 2848 τοσαύτῃ.
1234 2777 1282 2830 οἱ
1314 2776 1605 2848 μυηθέντες
1626 2776 1724 2829 οὒκ
1741 2776 1961 2845 ἀγνοοῦ-

388 2886 490 2924 σιν.
536 2867 676 2936 Ἐγὼ
703 2868 759 2921 δὲ
791 2868 1100 2935 ἀναγκαίως
1135 2870 1448 2937 σιγήσομαι,
1485 2867 1557 2938 μὴ
1593 2868 1687 2921 καὶ
1718 2866 1960 2938 ἀμύητός

386 2978 469 3022 τις
517 2959 713 3030 ἐντύχῃ
739 2963 804 3030 τῇ
859 2962 1064 3030 γραφῇ.
1101 2958 1418 3028 ΑἰσΟὸμενοι
1445 2958 1500 3010 δὲ
1545 2960 1637 3011 καὶ
1679 2957 1739 3011 τὸ
1774 2958 1959 3011 λοιπὸν

388 3048 587 3119 πλῆθος
614 3050 712 3119 τὴν
734 3049 1041 3119 ἐπιϐουλὴν,
1072 3052 1137 3120 τῇ
1164 3049 1421 3120 ὑστεραίᾳ
1453 3036 1847 3111 καταλιπόντες⁸
1860 3049 1957 3120 τὴν

387 3141 700 3211 ἐκκλησίαν,
731 3142 788 3194 ἐν
838 3140 1079 3211 δημοσίῳ
1128 3140 1335 3210 λουτρῷ
1383 3138 1750 3210 πολυχωρήτῳ
1788 3139 1950 3208 μάλα,

387 3230 762 3283 Κωνσταντίου
819 3229 912 3283 τοῦ
974 3230 1233 3298 βασιλέως
1296 3229 1567 3299 ἐπωνύμῳ
1599 3237 1645 3293 ο,
1677 3230 1738 3282 τὸ
1766 3231 1954 3299 Πάσχα

387 3318 737 3384 ἐπετέλεσαν,
771 3319 875 3371 ὑπὸ
914 3319 1230 3382 ἐπισκόποις
1277 3320 1371 3372 καὶ
1420 3319 1828 3388 πρεσϐυτέροις,
1861 3320 1956 3373 καὶ

386 3409 588 3471 λοιποῖς
640 3409 852 3473 ἄλλοις,
906 3404 987 3472 οἷς
1036 3408 1191 3479 θέμις
1229 3411 1295 3462 τὰ
1342 3411 1471 3481 περὶ
1515 3411 1614 3480 τὴν
1661 3411 1955 3480 ἐκκλησίαν

386 3496 588 3549 διέπειν
607 3514 618 3525 ’
641 3496 690 3549 οἳ
712 3497 776 3568 δὴ
801 3496 876 3567 τῷ
896 3496 1009 3566 λαῷ
1039 3498 1293 3567 συνῆσαν,
1320 3498 1389 3550 τὰ
1426 3498 1671 3551 Ἰωάννου
1695 3498 1953 3568 φρονούν-

387 3603 497 3649 τες.
543 3585 849 3651 Ἔλαθέντες
888 3587 944 3640 δέ
990 3586 1161 3651 ἔνθεν,
1194 3587 1452 3657 συνῆλθον
1488 3589 1594 3660 πρὸ
1637 3588 1730 3640 τοῦ
1764 3589 1952 3650 ἄστεος

388 3680 465 3742 εἷς
505 3695 624 3732 τινα
670 3679 864 3751 χῶρον,
904 3678 961 3732 δν
988 3680 1393 3744 Κωνσταντῖνος
1423 3682 1452 3734 ὁ
1482 3680 1751 3750 βασιλεὺς,
1788 3681 1952 3751 μήπω

387 3769 482 3840 τὴν
543 3770 696 3825 πόλιν
760 3773 1083 3842 συνοικήσας
1124 3771 1284 3844 (73),
1320 3774 1398 3836 είς
1448 3772 1779 3844 ἱπποδρόμου
1824 3771 1953 3824 θέαν

387 3859 646 3932 ἐκάθηρε,
683 3861 859 3928 ξύλοις
893 3862 1291 3934 περιτειχίσας*
1329 3861 1386 3928 ἐξ
1419 3862 1624 3915 ἐκείνου
1653 3878 1712 3913 τε
1741 3861 1816 3931 πῆ
1857 3860 1955 3930 μὲν

387 3950 597 4015 ἐνθάδε,
632 3953 706 4023 πῆ
748 3952 804 4005 δὲ
838 3952 1063 4024 ἑτέρωθι
1096 3948 1299 4026 ᾖὲξῆν,
1329 3952 1432 4022 ίδίᾳ
1457 3950 1829 4022 ἐκκλησίαζον,
1861 3951 1957 4004 καὶ

398 4042 695 4096 Ἷωαννῖται
739 4042 1100 4113 ὠνομάζοντο.
1153 4041 1289 4114 Περὶ
1327 4042 1383 4094 δὲ
1426 4039 1610 4095 τοῦτον
1640 4042 1731 4094 τὸν
1764 4041 1954 4113 χρόνον

388 4132 667 4203 ἄνθρωπός
712 4150 794 4198 τις
834 4133 1103 4205 δαιμονῶν
1140 4134 1174 4205 ἢ
1220 4134 1570 4205 νομιζόμενος
1592 4133 1952 4204 ,ἐγχειρίδιον

2067 1862 2276 1929 Scopali
2331 1862 2494 1916 domo
2550 1862 2770 1932 quietus
2823 1863 3098 1917 manebat.
3152 1861 3399 1917 Exeunte
3449 1871 3629 1917 autem

2065 1951 2506 2018 qnmlragcsima,
2533 1952 2584 2003 in
2622 1952 2735 2020 ipsa
2773 1965 2929 2005 sacra
2963 1960 3123 2005 nocte
3153 1953 3207 2005 in
3239 1968 3346 2021 qua
3377 1953 3632 2007 anniver-

2065 2039 2210 2092 s:iria
2251 2039 2519 2091 festivitas
2560 2039 2611 2091 in
2645 2040 2960 2092 memoriam
2999 2042 3419 2096 resurrectionis
3455 2041 3633 2095 derui-

2064 2127 2201 2181 nicte
2258 2127 2587 2191 celebratur,
2652 2128 2896 2182 fautores
2949 2128 3177 2184 Joannis
3230 2132 3509 2200 pelluntur
3564 2146 3632 2186 ex

2062 2217 2316 2279 ecclesia,
2345 2216 2606 2272 militibus
2647 2225 2701 2272 et
2734 2219 3063 2286 quibusdam
3096 2218 3326 2276 Joannis
3360 2221 3632 2284 inimicis,

2063 2309 2116 2361 in
2168 2323 2262 2362 eos
2318 2308 2575 2376 baptismi
2640 2317 2986 2363 sacramenta
3048 2312 3231 2365 adlmc
3288 2321 3631 2383 peragentes,

2063 2399 2321 2467 impetum
2369 2399 2717 2455 facientibus.
2754 2400 2884 2466 Qua:
2916 2417 3003 2456 res
3044 2417 3166 2456 cum
3212 2412 3409 2471 praeter
3437 2419 3632 2473 exspe-

2062 2489 2355 2541 ctationem
2388 2487 2702 2554 accidisset,
2728 2488 2918 2558 ingens
2945 2492 3210 2545 tumultus
3232 2492 3285 2544 in
3306 2491 3630 2560 baptisterio

2061 2587 2286 2631 exortus
2326 2586 2409 2632 est
2443 2596 2455 2632 :
2487 2579 2811 2633 mulieribus
2861 2580 3197 2648 ejulantibus
3242 2596 3306 2635 ac
3354 2581 3627 2647 turbatis,

2063 2669 2248 2739 pueris
2279 2669 2661 2739 plorantibus,
2699 2671 3079 2727 sacerdotibus
3117 2688 3245 2727 vero
3279 2687 3342 2725 ac
3377 2673 3630 2728 diaconis

2062 2759 2472 2829 vapulantibus,
2505 2768 2557 2814 et
2590 2760 2643 2814 in
2674 2775 2738 2816 co
2768 2778 2876 2830 quo
2909 2771 3068 2816 erant
3096 2763 3244 2827 cultu
3272 2770 3434 2832 atque
3460 2777 3628 2816 orna-

2061 2858 2140 2915 tu,
2177 2850 2442 2905 violenter
2477 2849 2700 2921 fugatis.
2734 2853 2940 2906 Cmtera
2964 2868 3086 2922 qua:
3120 2855 3171 2907 in
3205 2853 3472 2922 ejusmodi
3506 2869 3629 2923 per-

2061 2943 2371 2997 turbatione.
2409 2944 2658 2999 evenisse
2694 2945 2991 3000 verisimile
3020 2953 3125 3007 est,
3178 2944 3361 3000 fideles
3404 2946 3625 3015 quidem

2065 3048 2171 3085 non
2228 3032 2483 3102 ignorant
2530 3051 2543 3088 :
2596 3049 2700 3103 ego
2762 3050 2888 3089 vero
2946 3036 3013 3089 de
3073 3035 3344 3089 industria
3409 3035 3631 3089 silentio

1983 3112 2024 3169 C
2062 3124 2382 3192 praeteribo,
2429 3139 2499 3178 ne
2537 3124 2662 3194 quis
2696 3125 2836 3179 forte
2882 3127 3119 3180 nondum
3155 3126 3403 3182 initiatus
3437 3141 3501 3180 ca
3538 3127 3629 3181 hic

2061 3214 2200 3283 legat
2232 3214 2562 3284 conscripta.
2599 3216 2824 3284 Reliqua
2865 3226 3044 3272 autem
3093 3217 3275 3287 populi
3313 3219 3627 3281 multitudo,

2061 3316 2182 3355 cum
2228 3298 2462 3357 insidias
2494 3303 2890 3370 intellexisset,
2921 3306 3186 3373 postridie
3214 3308 3406 3361 relicta
3454 3309 3629 3362 eccle-

2063 3392 2174 3454 sia,
2222 3391 2274 3445 in
2322 3392 2545 3461 publico
2587 3395 2804 3449 lavacro
2837 3396 3129 3448 admodum
3181 3398 3446 3464 spatioso,
3480 3398 3626 3467 quod

2062 3482 2408 3550 imperatoris
2437 3481 2748 3536 Constantii
2781 3485 3001 3537 nomine
3021 3492 3392 3552 nuncupatur,
3415 3482 3626 3539 Pascha

2058 3573 2426 3639 celebrarunt,
2444 3573 2546 3627 sub
2575 3574 2851 3643 episcopis
2871 3583 2924 3630 et
2955 3576 3308 3646 presbyteris.
3336 3583 3388 3630 et
3417 3578 3627 3631 caeteris

2055 3661 2215 3732 353
2245 3662 2367 3717 aliis
2413 3662 2613 3732 quibus
2661 3680 2751 3720 res
2792 3667 3197 3721 ecclesiasticas
3238 3667 3628 3722 administrare

2051 3754 2145 3823 jus
2178 3753 2369 3822 fasque
2401 3763 2485 3809 est
2517 3772 2531 3809 :
2566 3756 2659 3826 qui
2705 3764 2843 3822 tum,
2882 3766 2940 3812 ut
2966 3757 3164 3814 Joanni
3210 3757 3473 3825 faventes,
3498 3774 3623 3813 cum

2054 3846 2259 3916 populo
2279 3847 2656 3903 versabantur.
2675 3847 2877 3905 Verum
2895 3867 3018 3906 cum
3041 3850 3168 3906 inde
3183 3851 3392 3922 expulsi
3416 3859 3621 3912 essent,

2054 3944 2428 3997 convenerunt
2459 3942 2512 3996 in
2539 3943 2718 3997 locum
2732 3951 2886 3998 extra
2903 3944 3111 4006 urbem,
3146 3957 3305 4012 quem
3328 3944 3628 4012 imperator

2052 4034 2464 4103 Constantinus,
2495 4036 2716 4091 civitate
2749 4035 2990 4089 nondum
3019 4033 3259 4098 condita,
3308 4031 3375 4085 ad
3414 4033 3624 4086 circen-

2053 4126 2194 4181 sium
2229 4128 2481 4183 ludorum
2522 4128 2893 4197 spectaculum
2924 4126 3361 4195 complanaverat
3392 4131 3445 4180 et
3470 4137 3624 4179 asse-

1578 4309 1846 4366 VALESII
1885 4304 2432 4365 ANNUTATIONES.

456 4398 565 4470 (7|)
597 4396 990 4470 Ἕτεροδόξων
1011 4468 1021 4470 _
1042 4395 1432 4470 ἐπιστάμενοι.
1473 4398 1769 4470 _Asscntior
1803 4398 1945 4453 Hen-

389 4466 499 4522 rico
548 4466 776 4533 Savilio,
812 4469 907 4536 qui
961 4468 1026 4519 ad
1082 4466 1224 4519 latus
1248 4468 1330 4536 sui
1387 4468 1595 4523 codicis
1638 4470 1940 4534 adnotavit,
1974 4466 1987 4469 “

389 4540 527 4592 forte
558 4535 910 4592 scribendum
940 4551 1063 4590 esse
1085 4535 1452 4607 ἐνιστάμενον.
1484 4539 1695 4594 Sensus
1722 4539 1940 4595 certeid

386 4612 696 4663 necessario
731 4608 986 4676 postulat.

2051 4407 2331 4454 sostomus
2362 4397 2479 4464 ipse
2511 4394 2565 4449 in
2600 4394 2840 4461 Epistola
2886 4393 2955 4446 ad
2996 4392 3619 4464 Innocentiumpapam.

2049 4470 2212 4524 Certe
2249 4462 2473 4522 verbum
2538 4466 2915 4535 μυσταγωγεῖν
2962 4480 3067 4535 non
3134 4464 3281 4516 aliud
3343 4462 3619 4531 signiﬁcat

2047 4554 2227 4607 quam,
2267 4534 2904 4607 baptismi'sacramenta
2927 4534 3185 4607 ‘tradere,
3219 4540 3278 4585 ut
3302 4546 3488 4607 supra
3518 4546 3617 4607 no-

2053 4600 2183 4661 t'avi.
2208 4600 2380 4659 Porro
2404 4604 2740 4658 Sozomenns
2794 4604 2897 4657 hoc
2927 4602 3046 4656 loco
3085 4602 3341 4657 dissentit
3384 4616 3411 4652 a
3438 4600 3615 4652 Palla-

455 4677 567 4747 (72)
595 4668 809 4742 Antei};
841 4676 927 4747 ἔτι
952 4675 1432 4747 μινστςιγωγοῦσι.
1483 4676 1601 4733 Non
1648 4678 1835 4747 probo,
1862 4677 1945 4731 in—

2054 4678 2159 4747 dio.
2197 4675 2329 4729 Nam
2356 4673 2640 4747 Palladius
2682 4673 2913 4747 clericos
2950 4668 3616 4747 Joannis_v-igiliam_festi

386 4744 832 4816 terpretationem
867 4746 1088 4798 Sull'ridi
1118 4744 1296 4816 Petri,
1337 4748 1428 4815 qui
1464 4749 1544 4802 sic
1576 4744 1737 4801 vertit
1765 4764 1779 4801 :
1805 4746 1945 4800 Dum

384 4815 557 4870 adhuc
590 4816 852 4885 mysteriis
882 4826 1223 4885 occupantur.
1256 4815 1373 4869 Non
1391 4818 1536 4870 enim
1561 4816 1627 4870 de
1655 4816 1945 4871 missarum

384 4884 741 4946 solemnibus,
776 4901 875 4938 nec
902 4884 968 4938 ile
1000 4884 1340 4939 Euclmristia
1369 4885 1454 4939 hic
1498 4886 1741 4953 loquitur
1776 4885 1946 4939 Sozoa

387 4969 602 5018 menns,
625 4954 718 5008 sed
753 4954 819 5007 de
843 4963 1186 5025 sacramento
1211 4954 1494 5023 Baptismi.
1533 4956 1677 5025 quod
1706 4969 1767 5009 ea
1786 4966 1947 5025 nocte

385 5025 525 5078 tradi
556 5031 937 5079 consueverat.
971 5024 1143 5088 Quam
1200 5024 1597 5091 expositionem
1654 5024 1947 5079 confirmat

386 5092 661 5151 Palladius
701 5095 756 5148 in
782 5092 1004 5162 Dialogo
1038 5093 1102 5146 de
1145 5094 1245 5148 vita
1276 5093 1660 5164 Chrysoslomi,
1693 5103 1747 5150 et
1775 5094 1946 5164 Chry-

2049 4745 2327 4801 Paschalis
2353 4745 2405 4797 in
2443 4743 2669 4797 thermis
2693 4740 3103 4795 Constantianis
3130 4738 3438 4795 celebrasse
3461 4738 3614 4803 dicit,

2048 4833 2157 4870 non
2191 4818 2243 4869 in
2283 4815 2487 4882 majore
2508 4812 2764 4871 ecclesia,
2792 4820 2847 4862 nt
2868 4811 3241 4882 Sozomenns.

2116 4887 2229 4957 (773)
2267 4876 2386 4950 Τὴιῖ
2413 4884 2593 4935 πόλιν
2610 4879 3017 4957 συνοικήσεις.
3047 4878 3245 4933 Procul
3271 4876 3440 4957 dubio
3479 4876 3615 4932 scri-

2048 4948 2279 5011 bendum
2305 4948 2389 5006 est
2417 4951 2741 5011 συνοικίσας.
2764 4948 3026 5004 Eutndem
3044 4964 3283 5005 errorem
3308 4948 3419 5019 jam
3448 4960 3613 5015 supra

2045 5024 2326 5080 observavi
2366 5023 2421 5075 in
2441 5021 2544 5075 hoc
2567 5020 2728 5074 libro.

2052 5117 2159 5138 me

1787 5248 2175 5320 VARIORUM.

452 5411 482 5443 °
514 5406 619 5460 Ἑν
647 5407 913 5474 σημοσίῳ
960 5406 1190 5473 λουτρῷ
1240 5408 1657 5460 Κωνσταντίου
1690 5406 1800 5461 τοῦ
1832 5408 1947 5470 βαι

380 5474 599 5540 σιλέως
624 5474 931 5543 ἐπωνύμῳ.
964 5475 1228 5536 'l‘hermre,
1271 5476 1337 5530 de
1366 5476 1671 5530 Constantii
1726 5478 1944 5530 nomine

380 5545 732 5613 dit-taedium
767 5546 934 5598 aedem
966 5546 1349 5613 Apostolorum
1381 5546 1851 5613 Constantinopoli
1912 5560 1941 5599 a

386 5612 706 5670 Constantio
743 5615 999 5670 aedifica-ri
1028 5624 1217 5683 carpta:
1246 5623 1374 5670 sunt
1410 5628 1555 5669 anno
1580 5612 1783 5671 Christi
1814 5617 1937 5683 547,

2010 5416 2020 5424 ’
2048 5404 2190 5459 sient
2221 5403 2384 5457 tradit
2406 5412 2598 5458 auctor
2618 5400 2868 5456 Chronici
2898 5396 3241 5453 Alexandrini
3265 5395 3328 5449 ad
3354 5408 3476 5448 eum
3510 5408 3612 5447 an-

2048 5490 2174 5527 num
2194 5517 2209 5540 ,
2232 5474 2758 5543 etpostdecennium
2794 5467 3169 5543 absoltlllP:_!)t}
3201 5467 3269 5543 iis
3294 5463 3411 5517 vide
3427 5462 3608 5543 δορις,

2024 5540 2144 5597 'lib.
2275 5534 2396 5615 c'ap.
2445 5545 2497 5612 8,
2538 5552 2591 5599 et
2627 5542 2923 5597 Palladium
2965 5539 3018 5592 in
3055 5536 3173 5591 Vita
3207 5534 3602 5604 Chrysostomi,

2044 5629 2165 5685 pag.
2191 5613 2279 5668 85.

3493 244 3629 301 τιτι
3723 222 3737 235 ’
