4050 6218
475 254 602 307 1371
1896 244 2238 304 δοῑοιιιῖΝι
2422 236 2431 241 ’
3579 237 3679 291 157
3684 236 3718 291 Ξ

474 367 626 420 ribus
662 362 1133 428 circumsepserat.
1184 362 1360 433 Atque
1388 379 1452 417 ex
1486 376 1551 415 eo
1603 369 1848 429 tempore
1887 360 2043 413 modo

2148 356 2286 426 ἔχων
2310 356 2384 419 ὡς
2407 355 2498 410 ἐπὶ
2521 353 2729 425 σφκγὴν
2758 353 2999 423 Ἰωᾲινου
3026 344 3557 422 παρεσκευασμένος,
3573 350 3719 403 ollam

475 452 623 518 istic,
668 448 829 504 modo
897 449 1047 511 alibi,
1089 462 1250 520 prout
1289 450 1444 520 copia
1493 449 1759 514 dabatur,
1799 460 2043 501 seorsum

2147 447 2205 500 δὲ
2236 447 2593 517 ἐπιχειρήσας
2614 444 2690 514 τῷ
2716 445 3020 515 πράγματι,
3051 441 3320 511 φωρᾶται.
3360 438 3473 492 Καὶ
3501 439 3601 492 ὑπὸ
3629 440 3721 492 τοῦ

475 541 735 596 collectas
771 554 951 610 egere,
976 550 1027 593 et
1046 538 1316 594 Joannits
1348 541 1509 609 vulgo
1544 538 1893 592 dicebantur.
1943 536 2043 591 Per

2152 536 2393 608 πλήθους
2429 538 2504 600 ὠς
2534 536 2744 605 ὠνητὸς
2793 535 2873 596 είς
2915 533 3013 601 τὴν
3057 529 3351 598 ἐπιϐουλὴν
3383 528 3721 597 συλληφθεὶς,

475 631 617 686 idem
651 638 863 699 tempus
915 630 995 682 vir
1021 630 1239 698 quidam
1299 629 1685 690 daemoniacus.
1723 636 1818 681 aut
1848 626 2040 682 daemo-

2146 628 2339 696 ἄγεται
2371 628 2506 695 πρὸς
2548 627 2636 680 τὸν
2668 626 2928 695 ὖπαρχον.
2969 620 3330 682 Ἐπισκόπους
3352 620 3407 673 δέ
3434 638 3589 683 τινας
3621 619 3722 672 τῶν

475 721 692 776 niacum
707 722 992 783 simulans,
1018 720 1463 790 deprehenditur,
1499 723 1787 789 pugionem
1816 719 2042 780 habens,

2153 725 2292 795 ἀμφ’
2341 724 2506 778 αὐτὸν
2553 721 2877 780 ἀποστείλας
2943 716 3231 784 Ἰωάννης,
3264 713 3496 778 ἐξείλετο
3541 713 3723 766 τοῦτον

476 819 737 881 tanquam
768 812 832 865 ad
858 810 1119 865 Joannem
1150 809 1503 864 occidendum
1531 816 1770 878 paratus,
1805 807 2043 861 nondum

2146 818 2274 886 πρὶν
2305 814 2636 882 αἰκισθῆναι.
2677 813 2767 873 Ei;
2800 809 3023 878 ὕστερον
3048 807 3103 858 δὲ
3149 807 3242 858 καὶ
3280 804 3550 858 Ἐλπιδίου
3600 822 3723 875 πρε-

477 912 660 956 tamen
699 902 753 955 id
795 900 1007 955 facinus
1046 916 1353 970 aggressus.
1384 900 1489 965 Qui
1537 900 1965 968 comprehensus
2015 913 2043 952 a

2148 906 2435 976 σϐυτέρου.
2455 904 2513 967 ὃς
2533 903 2813 973 προφανὴς
2830 899 3020 970 ἐχθρὸς
3040 897 3289 952 διακόνου
3310 897 3420 968 (74)
3440 898 3723 965 ἐτύγχανε,

477 991 847 1055 multitudine,
879 993 1103 1061 perinde
1133 1007 1195 1045 ac
1227 992 1270 1047 si
1310 996 1479 1060 pretio
1511 989 1819 1046 conductus
1852 989 2047 1045 fuisset

477 1084 542 1137 ad
572 1083 769 1137 caedem
794 1081 1121 1147 faciendam,
1143 1083 1208 1136 ad
1238 1083 1552 1152 praefectum
1572 1082 1727 1136 urbis
1750 1082 2044 1151 perductus

476 1184 577 1229 est.
611 1175 716 1230 Sed
747 1174 1013 1240 Joannes,
1044 1177 1228 1231 missis
1264 1176 1591 1245 quibusdam
1634 1178 1912 1246 episcopis
1972 1193 2040 1231 ex

476 1279 703 1319 numero
730 1279 918 1319 eorum
952 1280 1090 1334 quos
1117 1267 1263 1319 circa
1295 1282 1353 1320 se
1384 1266 1638 1327 habebat,
1673 1267 1946 1321 hominem
1980 1266 2041 1318 li-

474 1353 685 1408 beravit
717 1355 1033 1423 priusquam
1062 1356 1350 1410 tormentis
1382 1355 1763 1424 subjiceretnr.
1794 1354 2042 1410 Posthmc

474 1459 665 1500 servus
698 1459 917 1514 quoque
945 1444 1135 1512 Elpidii
1161 1444 1588 1515 presbyteri,qui
1609 1445 1822 1499 diaconi
1855 1457 2042 1516 aperte

472 1542 589 1589 erat
623 1535 903 1599 inimicus,
936 1533 1109 1589 eﬂ'uso
1140 1549 1307 1590 cursu
1345 1536 1397 1589 in
1428 1537 1571 1590 ades
1601 1536 1937 1606 episcopales
1969 1539 2042 1591 ir-

472 1627 640 1695 rupit.
675 1626 844 1690 Quem
868 1625 1087 1698 quidam
1115 1641 1183 1679 ex
1215 1626 1282 1680 iis
1312 1626 1404 1695 qui
1450 1625 1588 1681 forte
1626 1626 1736 1681 illic
1789 1627 2036 1693 aderant,

472 1732 596 1771 cum
637 1717 971 1786 agnovisset,
1019 1717 1285 1785 impetum
1322 1717 1441 1785 ejus
1490 1717 1785 1785 repressit,
1816 1734 2036 1773 causam

469 1798 669 1861 cursus
701 1809 1065 1876 interrogans.
1099 1807 1213 1872 Ille,
1264 1807 1416 1861 nullo
1445 1822 1708 1876 responso
1743 1808 1891 1873 dato,
1911 1824 2040 1877 pro-

469 1900 618 1953 tinus
650 1899 924 1952 hominem
953 1899 1069 1954 sica
1106 1898 1342 1967 percutit
1378 1916 1392 1951 :
1440 1898 1669 1952 alterum
1699 1897 1893 1952 deinde
1946 1900 2039 1967 qui

471 1989 653 2056 priore
681 2003 944 2057 percusso
970 1990 1379 2052 inclamaverat,
1409 1988 1663 2043 similiter
1712 1989 2036 2044 vulneravit.

470 2079 716 2134 Tertium
778 2095 996 2149 quoque
1037 2087 1230 2149 praeter
1262 2079 1385 2132 illos
1441 2079 1736 2133 transfixit.
1796 2078 2038 2133 Tandem

469 2185 599 2225 vero
621 2186 744 2224 cum
780 2185 971 2224 omnes
1009 2170 1100 2239 qui
1130 2169 1357 2224 aderant
1403 2170 1686 2232 commoti,
1741 2170 2037 2224 clamorem

470 2263 744 2331 ingentem
794 2261 1169 2326 sustulissent,
1205 2260 1296 2315 ille
1358 2275 1581 2315 aversus
1637 2260 1820 2331 fugere
1853 2264 2037 2333 cmpit.

470 2354 538 2408 Et
568 2369 692 2409 cum
720 2355 756 2408 ii
787 2354 879 2425 qui
915 2353 1069 2407 illum
1118 2352 1610 2423 persequebantur,
1642 2353 1831 2422 procul
1888 2354 2039 2424 posi-

471 2447 543 2501 tis
573 2447 934 2501 inclamarent
960 2457 1019 2501 ut
1044 2446 1340 2516 fugientem
1371 2447 2037 2517 cornprelienderent,fac-

470 2553 700 2593 currens
753 2537 973 2608 quidam
1023 2551 1054 2592 e
1100 2537 1295 2591 balneo
1343 2538 1434 2607 qui
1481 2537 1596 2607 jam
1637 2539 1782 2595 lotus
1826 2539 2047 2594 domum
2086 2542 2319 2603 redibat.
2357 2542 2629 2595 hominem
2693 2538 3054 2610 apprehendit
3091 2555 3105 2591 :

2142 996 2363 1059 δοῦλος,
2394 997 2649 1067 δρομαῖος
2677 996 2757 1057 είς
2789 993 2880 1046 τὸν
2910 990 3264 1044 έπισκοπικδν
3297 986 3442 1043 οἶκον
3481 989 3725 1042 εἰσέϐαλο

2143 1088 2254 1139 λέν.
2319 1088 2600 1154 Ἐπιγνοὺς
2642 1085 2698 1137 δέ
2755 1101 2838 1146 τις
2898 1083 3060 1136 αὐτὸν
3103 1080 3210 1133 τῶν
3262 1080 3723 1150 παρατυχόντων,

2143 1180 2379 1249 ἐπέσχε,
2417 1178 2516 1231 τοῦ
2567 1178 2768 1247 δρόμου
2813 1176 2911 1246 τὴν
2961 1174 3140 1228 αἰτίαν
3193 1174 3514 1242 πυθόμενος.
3569 1173 3629 1226 Ὀ
3671 1172 3725 1225 δὲ

2144 1270 2311 1340 μηδὲν
2352 1268 2689 1338 ἀποκριθεὶς,
2728 1268 3067 1338 παραχρῆμα
3101 1266 3313 1335 ξιφιδίῳ
3337 1266 3485 1317 παίει
3513 1264 3611 1316 τὸν
3635 1265 3726 1317 ἆν-

2139 1361 2261 1431 δρα,
2304 1362 2400 1415 καὶ
2454 1363 2570 1430 μετ’
2623 1362 2831 1413 ἐκεῖνον
2882 1359 3067 1429 ἕτερον
3114 1356 3479 1426 ὲπιϐοήσαντα
3520 1358 3593 1424 τῇ
3632 1353 3723 1407 τοῦ

2141 1450 2357 1521 πρώτου
2401 1452 2605 1522 πληγῇ.
2655 1451 2852 1504 Νύττει
2890 1451 2947 1503 δὲ
2994 1449 3088 1502 καὶ
3139 1448 3321 1518 τρίτον
3368 1449 3462 1499 ἐπὶ
3491 1447 3722 1508 τούτοις.

2140 1543 2566 1615 Θορυϐησάντων
2591 1544 2648 1595 δὲ
2677 1544 2772 1596 σὺν
2794 1542 2889 1611 βοῇ
2917 1540 3025 1592 τῶν
3054 1540 3354 1608 παρόντων,
3378 1537 3724 1607 ὑποστρέψας

2142 1634 2329 1703 ἔφυγε.
2390 1634 2917 1706 Παρακελευομένων
2976 1630 3033 1683 δὲ
3089 1629 3198 1682 τῶν
3250 1628 3556 1681 διωκόντων
3615 1630 3723 1690 τοῖς

2145 1724 2425 1795 πόρρωθεν
2453 1722 2920 1793 συλλαμϐάνεσθαι
2938 1722 3027 1774 τὸν
3053 1720 3347 1790 φεύγοντα,
3361 1717 3722 1789 προσδραμών

2143 1832 2248 1879 τις,
2276 1817 2339 1868 ἐκ
2371 1814 2650 1884 βαλανείου
2698 1811 3015 1882 λελουμένος
3062 1808 3359 1879 ἀναχωρῶν
3382 1849 3397 1871 ,
3430 1806 3722 1860 ἐπελάϐετο

2144 1906 2330 1971 αὐτοῦ,
2360 1907 2454 1959 καὶ
2502 1906 2718 1977 καιρίαν
2752 1904 3002 1975 πληγεὶς,
3028 1902 3205 1955 ἔκειτο
3236 1900 3450 1969 νεκρός.
3485 1899 3641 1951 Ἐπεὶ
3666 1896 3721 1949 δὲ

2145 1996 2467 2060 κυκλωθεὶς,
2499 1996 2650 2065 μόλις
2673 1995 2776 2049 ὑπὸ
2804 1994 2898 2048 τοῦ
2919 1992 3153 2064 πλήθους
3184 1990 3475 2061 ἐθηρεύθη,
3499 1991 3721 2057 ἄγουσιν

2145 2088 2306 2141 αὐτὸν
2339 2089 2419 2150 εἰς
2461 2086 2528 2139 τὰ
2572 2086 2835 2156 βασίλεια.
2881 2085 2992 2139 Καὶ
3036 2084 3431 2154 μαρτυρόμενοι
3464 2081 3572 2132 τῶν
3612 2082 3721 2137 ἀπό

2145 2176 2517 2247 εχοανομένων
2564 2177 2785 2247 Ἰωάννῃ
2819 2176 2917 2246 τὴν
2948 2173 3256 2243 ἐπιϐουλὴν,
3287 2173 3374 2226 καὶ
3408 2170 3495 2224 τὸν
3520 2171 3711 2238 φονέα,

2146 2268 2240 2322 καὶ
2269 2268 2393 2330 τοὺς
2427 2268 2517 2320 ἐπὶ
2542 2267 2701 2320 τοῦτο
2730 2266 3146 2328 ἀναπείσαντας,
3183 2263 3412 2317 ἐπεϐόων
3440 2260 3711 2331 τιμωρίαν

2144 2358 2344 2411 δοῦναι.
2374 2357 2710 2429 Παραλαϐὼν
2740 2357 2798 2410 δὲ
2828 2356 3015 2409 τοῦτον
3051 2358 3080 2409 ὀ
3114 2354 3355 2425 ὕπαρχος
3381 2353 3452 2417 ὼς
3486 2351 3716 2415 ἐπεξιὼν

2141 2450 2208 2520 τῇ
2235 2448 2380 2520 δίκῃ,
2404 2447 2611 2501 διέλυσε
2632 2446 2725 2500 τοῦ
2754 2447 2926 2517 δήμου
2952 2446 3051 2515 τὴν
3080 2445 3268 2516 ὀργήν.

3179 2536 3433 2605 letalique
3499 2534 3721 2587 vulnere

471 2634 542 2687 ab
570 2646 635 2685 eo
659 2645 974 2701 percussus,
1009 2629 1279 2684 exanimis
1314 2630 1575 2684 concidit.
1629 2630 1711 2685 Ad
1734 2640 2034 2688 extremum
2072 2650 2193 2689 cum
2225 2651 2254 2688 a
2280 2634 2478 2704 populo
2509 2633 2749 2701 undique
2808 2630 3203 2697 circumdatus,
3227 2642 3369 2696 aegre
3426 2625 3719 2679 admodum

474 2732 668 2794 captus
719 2730 889 2785 esset,
941 2718 1139 2774 ductus
1169 2726 1252 2774 est
1288 2718 1343 2772 in
1400 2720 1681 2789 palatium.
1757 2720 2074 2793 Testatique
2109 2722 2256 2778 cives
2288 2723 2384 2779 has
2419 2737 2541 2778 esse
2568 2719 2798 2776 insidias
2866 2717 3209 2771 inimicorum
3239 2712 3488 2769 Joannis.
3521 2712 3721 2767 clama-

476 2817 608 2873 bant
628 2827 681 2872 et
707 2818 966 2872 sicarium
998 2822 1054 2870 et
1094 2829 1188 2869 eos
1217 2814 1310 2884 qui
1348 2814 1500 2877 illum
1533 2814 1602 2869 ad
1629 2816 1731 2871 hoc
1760 2815 2161 2882 incitavissem,
2188 2832 2376 2887 pmnas
2402 2817 2532 2871 dare
2600 2823 2872 2885 Oportcre.
2932 2811 3227 2866 Prml‘cctus
3291 2819 3472 2864 autem
3544 2808 3719 2861 urbiSo

471 2925 595 2963 eum
625 2922 748 2962 eum
795 2913 1055 2976 tanquam
1097 2905 1447 2975 iudicaturus
1476 2908 1806 2977 accepisset,
1858 2912 2040 2981 pepuli
2080 2911 2317 2966 furorem
2349 2908 2698 2979 compescuit.

1083 2994 1236 3048 CAP.
1280 2994 1444 3051 XXII.

475 3084 749 3157 Quomodo
779 3083 1010 3157 Joannes
1044 3084 1161 3138 sede
1192 3101 1289 3157 sua
1318 3085 1507 3157 injuste
1531 3089 1714 3157 pulsus
1737 3098 1813 3145 est
1844 3107 1863 3146 :
1907 3103 1954 3146 et
1987 3092 2051 3147 de

549 3155 779 3205 tumultu
836 3156 1109 3206 subsecuta
1157 3154 1591 3223 :dequejgne'in
1636 3163 1909 3213 ecclesiam
1950 3178 2050 3214 cce-

546 3224 670 3304 ljtus
698 3223 953 3341 initurisso.
980 3224 1045 3271 Et
1076 3222 1336 3290 quomodo
1361 3221 1627 3278 Gucusum
1665 3231 1860 3281 missus
1887 3229 2047 3296 fuerit

546 3308 598 3341 ιη
639 3306 751 3341 ent
779 3306 906 3341 tum.

544 3308 598 3344 ιη
639 3306 906 3343 exsulum.

541 3378 756 3434 Abhinc
776 3380 811 3433 ii
831 3380 919 3448 qui
946 3379 1308 3439 ferventiores
1334 3391 1569 3438 erantex
1593 3383 1765 3454 plebe,
1784 3383 2044 3442 Joannem

444 3471 755 3543 custodire
787 3480 1098 3542 coeperunt,
1128 3482 1294 3529 noctu
1324 3483 1492 3546 atque
1542 3476 1778 3532 interdiu
1829 3480 2046 3549 episco-

473 3565 649 3636 palem
688 3564 908 3619 domum
938 3564 1161 3619 alternis
1189 3564 1696 3622 circumsidentes‘.
1726 3565 1897 3624 Porro
1926 3569 2048 3638 epi-

474 3657 624 3725 scopi
660 3655 751 3725 qui
789 3655 1054 3710 adversus
1114 3655 1379 3711 Joannem
1414 3668 1808 3723 convenerant,
1863 3660 2046 3715 eccle-

475 3746 730 3801 siasticas
781 3745 929 3813 leges
963 3747 1163 3800 calcari
1209 3756 1642 3818 conquerentes,
1684 3749 2046 3806 damnationis

476 3836 801 3892 sententiam
839 3838 892 3889 in
944 3850 1069 3898 eum
1122 3838 1311 3905 latam,
1344 3848 1531 3908 utpote
1572 3841 1959 3909 iustissimam,
1989 3843 2046 3897 in

475 3929 804 3997 semetipsos
860 3927 1104 3996 recipere
1155 3943 1213 3983 se
1270 3930 1522 3995 aiebant,
1559 3930 1937 4001 jubebantque
1986 3940 2046 3987 ut

474 4034 541 4074 ex
572 4019 792 4073 civitate
837 4019 1128 4074 excederet
1162 4037 1177 4073 :
1207 4019 1411 4090 alioqui
1461 4019 1624 4093 354
1657 4037 1757 4076 nec
1786 4023 2044 4093 populum

478 4123 716 4177 unquam
741 4109 1053 4178 quieturum
1088 4123 1231 4164 esse.
1273 4108 1375 4164 Sed
1425 4126 1551 4165 cum
1589 4111 1808 4180 quidam
1837 4114 1905 4167 ab
1940 4113 2045 4167 im-

478 4208 729 4268 peratore
764 4199 967 4253 missus
993 4198 1325 4263 advenisset,
1357 4208 1411 4255 et
1438 4201 1724 4255 minaciter
1756 4203 2045 4272 praecepis-

477 4295 567 4384 set
592 4286 791 4384 Joannl
816 4297 883 4384 ut
917 4290 969 4384 id
1001 4289 1225 4356 faceret,
1269 4292 1460 4384 insciis
1489 4292 1674 4384 populi
1722 4294 2042 4350 custodibus
2078 4329 2120 4384 υ

476 4378 572 4447 qui
615 4393 682 4433 ex
726 4379 882 4447 plebe
935 4380 1109 4447 ipsum
1150 4381 1555 4447 custodiebant,
1603 4383 1744 4437 clam
1787 4398 2042 4454 egressus

477 4475 562 4522 est
594 4486 608 4522 :
666 4469 719 4523 id
755 4471 1133 4525 tantummodo
1164 4478 1425 4539 questus,
1473 4473 1619 4541 quod
1650 4481 1842 4528 contra
1898 4475 2041 4544 leges

478 4571 572 4626 per
601 4559 709 4612 vim
739 4560 1051 4629 ejiceretur,
1080 4561 1345 4631 denegata
1376 4563 1477 4632 ipsi
1499 4563 1729 4633 judicio,
1765 4564 1911 4635 quod
1938 4565 2036 4619 ho—

480 4647 696 4703 micidis
732 4658 789 4703 et
819 4652 1081 4707 maleﬁcis
1111 4661 1163 4706 et
1192 4653 1481 4718 adulteris,
1514 4654 1670 4724 juxta
1696 4655 1861 4726 leges,
1906 4670 2040 4711 con—

484 4735 790 4792 cederetur.
851 4739 1130 4812 Parvoque
1169 4743 1456 4813 impositus
1512 4745 1758 4816 navigio,
1792 4748 2043 4817 protinus

559 4909 576 4940 ¹
596 4906 753 4964 Socr.
790 4911 883 4966 lib.
907 4926 983 4977 vi,
1015 4929 1065 4968 c.
1094 4914 1183 4974 18.

2703 2997 2951 3051 ΚΕΦΑΛ.
2993 2995 3120 3050 KB'.

2162 3092 2253 3158 Ὧς
2273 3091 2538 3159 ἐξηλάθη
2577 3090 2682 3144 τοῦ
2730 3090 2942 3159 θρόνου
2987 3087 3203 3159 ἀδίκως
3240 3087 3273 3139 ὁ
3308 3084 3607 3159 Ἰωάννης,
3630 3084 3723 3159 ita}

2218 3156 2379 3230 περί
2410 3156 2535 3215 τοῦ
2565 3157 2884 3230 γενομένου
2928 3158 3232 3230 θορύϐου)-
3274 3157 3369 3207 καὶ
3419 3158 3555 3230 περὶ
3624 3156 3722 3230 τοᾷ

2219 3224 2589 3297 πεμφθέντος
2625 3224 3013 3297 τῆέκκλησίᾳ
3051 3224 3342 3297 θεητῖάντου
3377 3225 3597 3297 πυρὸς,
3626 3225 3720 3278 καί

2218 3295 2351 3368 περί
2375 3298 2486 3366 τῆς
2518 3301 2605 3364 εὶς
2625 3296 2979 3352 Κουκουσὸν
3004 3295 3188 3348 αὐτοῦ
3223 3295 3479 3362 ἐξορίας.

2229 3389 2318 3455 Ἐξ
2343 3390 2550 3443 ἐκείνου
2577 3389 2751 3470 eam
2789 3388 3038 3454 Ἰωάννην
3068 3385 3363 3454 ἐφύλαττον
3392 3386 3442 3436 oi
3472 3382 3568 3435 τοῦ
3593 3383 3719 3436 λαοῦ

2150 3478 2573 3549 σπουδαιότεροι,
2607 3475 2820 3547 νύκτωρ
2862 3474 2957 3527 καὶ
3003 3474 3122 3543 μεθ’
3162 3472 3396 3543 ἡμέραν,
3425 3471 3722 3541 ἀμοιϐαδὸν

2149 3569 2596 3641 παρακαθήμενοι
2630 3566 2719 3619 τὸν
2757 3564 3108 3631 έπισκοπικδν
3151 3560 3321 3616 οἷκον.
3367 3563 3642 3633 Σύγχυσιν
3670 3564 3722 3617 δὲ

2147 3662 2532 3732 ὲπαιτιώμενοι
2579 3659 2685 3712 τῶν
2735 3654 3201 3725 ὲκκλησιαστικῶν
3238 3655 3435 3726 νόμων,
3475 3657 3525 3708 οί
3582 3659 3723 3709 κατὰ

2147 3753 2310 3808 αὐτοῦ
2352 3751 2766 3822 συνεληλυθότες
2823 3748 3131 3813 ἐπίσκοποι,
3188 3747 3282 3799 ἐπὶ
3338 3744 3478 3813 σφᾶς
3522 3746 3723 3804 αὐτοὺς

2146 3845 2351 3913 ἔφασαν
2378 3843 2492 3914 (75)
2518 3840 2865 3916 δικαιοτάτην
2910 3834 3077 3892 οὖσαν
3110 3836 3462 3908 ἀναδέχεσθαι
3505 3836 3613 3907 τὴν
3641 3823 3723 3889 ὲιτὁ

2146 3934 2294 4005 αὐτῷ
2315 3936 2494 4005 κρίσιν
2516 3950 2530 3963 ·
2562 3932 2657 3986 καὶ
2684 3932 2782 4000 τῆς
2819 3930 3025 3992 πόλεως
3065 3927 3227 3981 αὐτὸν
3265 3928 3465 3992 ἐξιέναι
3498 3927 3724 3980 ἐκέλευ-

2146 4045 2244 4082 σαν
2269 4045 2283 4058 ’
2315 4027 2486 4088 ἄλλως
2515 4025 2623 4093 γὰρ
2660 4022 2791 4093 μηδὲ
2819 4022 2880 4075 τὸ
2925 4019 3128 4089 πλῆθος
3164 4020 3486 4090 ἠρεμήσειν.
3528 4020 3724 4087 Ilipa-

2145 4116 2435 4187 γενομένου
2462 4115 2517 4167 δέ
2540 4131 2633 4167 του
2657 4112 2762 4166 ἀπὸ
2781 4111 3061 4181 βασιλέως,
3091 4109 3184 4163 καὶ
3208 4108 3378 4162 ταῦτα
3399 4108 3497 4160 σὺν
3516 4107 3722 4175 ἀπειλῇ

2145 4209 2317 4258 ποιεῖν
2365 4202 2781 4273 προστάξαντος,
2816 4198 2993 4252 λαθὼν
3029 4198 3155 4260 τοὺς
3195 4196 3301 4248 ἀπὸ
3327 4194 3422 4247 τοῦ
3450 4194 3586 4246 λαοῦ
3625 4194 3725 4263 qui.

2145 4296 2315 4359 λακας
2338 4293 2525 4364 ἐξῆλθε
2552 4308 2565 4321 ⁸
2593 4291 2843 4345 τοσοῦτον
2884 4287 3250 4360 μεμφόμενος,
3281 4288 3362 4339 ὅτι
3381 4302 3445 4353 γε
3481 4285 3726 4355 παρανό-

2151 4404 2265 4459 μως
2296 4385 2431 4457 πρὸς
2467 4383 2586 4455 βίαν
2633 4381 2933 4442 ἐλαύνεται,
2967 4379 3041 4449 μὴ
3084 4377 3333 4444 ἀξιωθεὶς
3364 4375 3629 4444 κρίσεως,
3656 4372 3725 4447 ἧς

2146 4479 2239 4532 καὶ
2266 4476 2607 4547 ἀνδροφόνοις
2654 4472 2749 4526 mi.
2784 4472 2943 4539 γόησι
2982 4471 3075 4524 καὶ
3112 4472 3317 4539 μοιχοῖς
3352 4468 3609 4537 μέτεστιν
3659 4469 3724 4518 ἐκ

2146 4569 2342 4638 νόμων.
2372 4566 2482 4620 Καὶ
2510 4565 2597 4618 διὰ
2636 4562 2832 4633 μικροῦ
2863 4560 3102 4628 σκάφους
3152 4558 3471 4628 περαιοῦται
3515 4557 3724 4609 αὐτίκα

2146 4661 2226 4722 εἰς
2245 4656 2497 4711 Βιθυνίαν
2520 4671 2535 4685 ·
2571 4653 2779 4708 ἐκεῖθέν
2807 4668 2866 4705 τε
2884 4650 3223 4721 παραχρῆμα
3245 4648 3421 4717 εἴχετο
3444 4647 3544 4716 τῆς
3566 4644 3719 4700 ὁδοῦ.

2149 4749 2463 4822 Προῖδόντες
2495 4747 2551 4802 δέ
2584 4762 2727 4809 τινες
2748 4743 2856 4799 τῶν
2881 4741 3334 4796 ἐπιϐουλευόντων
3369 4738 3542 4809 αὐτῷ,
3566 4738 3653 4801 ὡς
3674 4739 3724 4791 ει

1687 5063 1958 5124 νΑιεδιι
1998 5060 2557 5127 ΑΝΝΟΤΑΤΙΟΜΞΒ.

551 5177 664 5249 (Ἠ)
691 5179 795 5244 ’ος
818 5178 1132 5246 προφανὴς
1151 5181 1362 5249 ἐχθρὸς
1404 5182 1706 5237 διακόνου.
1738 5184 1856 5239 Non
1888 5184 2043 5240 video

477 5252 603 5322 quis
641 5249 713 5303 sit
739 5263 935 5322 sensus
960 5249 1153 5301 horum
1191 5252 1622 5322 verborum,nisi
1666 5268 1765 5322 pro
1793 5255 2041 5308 διακόνου

476 5317 783 5374 scribamus
822 5317 1087 5382 Ἰωάννου,
1134 5326 1227 5371 aut
1274 5329 1419 5373 eerte
1479 5317 1769 5376 diaconum
1812 5323 2042 5380 Joannis

477 5388 849 5459 Chrysgstomi
879 5388 1267 5459 intelligamus.
1307 5386 1517 5459 Idcirco
1542 5391 1686 5459 enim
1740 5394 1885 5445 hunc
1925 5408 2042 5448 scr-

479 5456 603 5511 νιιηὶ
638 5456 829 5525 Elpidii
855 5456 1153 5526 presbyteri
1178 5458 1245 5511 ad
1273 5457 1474 5512 caedem
1500 5458 1801 5513 faciendam
1830 5463 2040 5515 condu-

478 5534 669 5580 xerant
695 5527 991 5600 adversarii
1014 5526 1261 5600 Joannis,
1289 5526 1429 5598 quod
1461 5526 1727 5600 Elpidium
1759 5532 2038 5600 prcsbytca

476 5609 597 5650 rum
629 5596 829 5651 scirent
858 5595 1053 5652 Joanni
1086 5595 1355 5654 infensum
1383 5595 1537 5653 esse.
1556 5596 1726 5652 Porro
1760 5595 2038 5657 Palladius

2140 5188 2194 5241 in
2218 5186 2343 5262 Vita
2369 5186 3007 5262 Chrysostomi,septem
3043 5188 3289 5245 homines
3326 5202 3355 5242 a
3391 5189 3600 5262 sicario
3625 5189 3724 5244 illo

2139 5258 2463 5338 vulneratos
2486 5258 2663 5315 fuisse
2692 5261 2845 5328 dicit,
2865 5258 3125 5333 'quorum
3151 5269 3390 5330 quatuor
3411 5259 3607 5315 eodem
3631 5261 3723 5314 die

2139 5337 2491 5390 interierunt,

2210 5397 2340 5469 (75);
2363 5397 2492 5469 Ἐπί
2516 5398 2679 5466 σφᾶς
2704 5398 2925 5467 αὐτοὺς
2959 5400 3217 5469 ἔφασαν.
3251 5396 3379 5454 Haec
3415 5397 3489 5453 ab
3514 5397 3723 5453 Acacio

2136 5473 2190 5519 et
2217 5467 2487 5539 Antiocho
2512 5470 2782 5539 episc0pis
2808 5467 3123 5539 imperatori
3147 5469 3383 5539 Arcadio
3414 5468 3561 5521 dicta
3590 5481 3724 5524 esse

2137 5536 2330 5609 scribit
2353 5535 2650 5609 Palladius,
2700 5535 2818 5607 ipso
2848 5535 3029 5609 magni
3073 5539 3300 5594 Sabbati
3332 5536 3445 5605 die,
3483 5551 3595 5593 non
3612 5549 3720 5592 au-

2136 5608 2244 5661 tem
2275 5617 2400 5675 p05t
2425 5605 2658 5676 Pascha,
2691 5605 2750 5662 ut
2772 5605 3332 5666 tradit'Sozomenus.
