4050 6218
392 183 530 242 1375
1289 190 1611 248 HISTORIA
1650 191 2208 251 ECCIESIASTICA.
2249 225 2318 235 —
2353 195 2481 251 LIB.
2520 196 2650 255 Vill.
3499 208 3598 263 J57
3610 208 3638 264 ι

389 304 630 360 αἴσθοιτο
650 307 678 360 ὁ
697 304 826 372 λαὸς
853 306 1145 372 ἐπιδιώξει,
1175 309 1267 361 καὶ
1292 309 1453 363 πάλιν
1476 310 1718 381 βιάσεται
1746 310 1936 364 ἐπανελ

2038 364 2039 369 η
2068 313 2121 366 in
2154 311 2466 383 Bithyniam
2499 321 2903 384 transportatur
2949 334 2961 372 :
2995 327 3157 390 atque
3187 319 3313 378 inde
3349 315 3637 381 confestim

388 395 522 458 θεῖν,
558 395 859 465 φθάσαντες
891 396 1240 450 ἀποκλείουσι
1286 398 1386 461 τὰς
1422 398 1591 469 θύρας
1619 400 1719 469 τῆς
1767 399 1935 471 ἐκκλη

2059 403 2172 458 iter
2208 404 2463 473 arripuit.
2502 404 2758 459 Nonnulli
2799 421 2931 462 vero
2965 423 3029 463 ex
3086 409 3313 468 Joannis
3355 412 3639 469 insidiato-

390 484 531 549 σίας.
605 485 755 537 Ἐπεὶ
779 485 836 538 δὲ
864 486 914 537 οῖ
943 484 1048 539 ἀνὰ
1072 486 1171 550 τὰς
1209 487 1405 555 ἀγυιὰς
1455 488 1721 558 ἔγνωσαν,
1770 492 1818 544 οῖ
1865 491 1931 560 μέ

2038 496 2243 560 _ribus,
2276 497 2644 564 prrevidentes
2680 499 2724 554 si
2750 501 2984 570 populus
3010 501 3064 555 id
3109 505 3396 569 sensisset,
3427 506 3542 563 fore
3577 519 3635 562 ut

384 576 636 648 δρομαῖοι
660 574 947 644 ἠπείγοντο
986 577 1120 648 πρὸς
1144 577 1436 645 θάλασσαν,
1468 579 1543 643 ὡς
1570 579 1633 651 δὴ
1653 580 1934 652 καταληψὸ

2060 584 2446 655 insequeretur
2499 602 2562 642 ac
2612 604 2805 645 rursus
2854 605 2976 645 eum
3022 592 3199 647 redire
3227 602 3463 663 cogeret,
3490 595 3633 651 fores

389 682 574 737 μενοι·
601 665 751 731 οίδέ,
785 667 1056 737 περιδεεῖς
1094 668 1398 738 γενόμενοι,
1442 672 1525 735 είς
1578 672 1754 745 φυγὴν
1793 673 1930 743 ὴλαύ

2061 676 2307 731 ecclesia}
2336 677 2626 734 occludere
2657 688 3042 749 properarunt.
3093 679 3264 735 Porro
3302 684 3393 751 qui
3427 683 3481 737 in
3519 685 3634 753 pla-

383 774 553 821 νοντο,
588 758 664 820 ὡς
691 758 784 811 ἐπὶ
828 759 1067 831 τοσούτῳ
1099 761 1312 833 θορύϐῳ
1342 764 1436 817 καὶ
1475 768 1685 835 ταραχῇ
1720 766 1936 819 στάσεω

2064 763 2167 818 teis
2202 773 2383 830 erant,
2416 780 2538 819 cum
2569 767 2686 820 hzec
2720 769 3130 837 cognovissent,
3155 769 3244 822 alii
3280 769 3345 824 ad
3375 784 3521 825 mare
3538 787 3632 824 cu-

383 847 476 902 καὶ
526 848 790 918 βασιλέως
836 850 1007 921 ὀργῆς
1058 854 1532 926 προσδοκωμένης.
1604 858 1667 910 Οἱ
1707 858 1765 911 δὲ
1809 861 1867 912 ἐν
1890 855 1936 930 τῇ

2061 861 2375 919 currerunt,
2434 862 2692 925 tanquam
2754 870 2877 911 eum
2914 857 3271 912 assecuturi:
3334 858 3427 912 alii
3486 867 3630 915 metu

380 939 647 1010 ἐκκλησίᾳ
676 940 755 993 ἔτι
794 940 992 1011 μᾶλλον
1022 942 1286 1014 ἔφραττον
1314 946 1413 1009 τὰς
1442 945 1674 1012 ἐξόδους,
1711 949 1804 1003 ἐπὶ
1830 949 1960 1004 ταύ-

376 1047 478 1093 τας
539 1032 858 1101 συρρέοντες
902 1033 995 1086 καὶ
1024 1036 1418 1106 περιωθοῦντες
1468 1039 1748 1110 ἀλλήλους.
1788 1042 1959 1108 Μόλις

378 1119 436 1173 δέ
464 1121 562 1183 τὰς
590 1120 760 1191 θύρας
794 1121 1067 1177 ἐπέτασαν
1096 1125 1190 1177 σὺν
1217 1125 1307 1198 βίᾳ
1338 1127 1526 1199 πολλῇ,
1555 1130 1664 1184 τῶν
1683 1132 1781 1201 μὲν
1793 1133 1958 1198 λίθοις

378 1209 759 1274 κατεαξάντων
779 1227 793 1241 ·
828 1211 936 1265 τῶν
959 1213 1017 1266 δέ
1043 1215 1179 1286 πρὸς
1202 1217 1428 1282 ἑαυτοὺς
1457 1219 1842 1288 ἀνθελκόντων,
1863 1226 1957 1278 καὶ

377 1299 469 1352 τὸν
514 1298 656 1354 κατὰ
695 1303 866 1356 νώτου
906 1304 1062 1374 ὄχλον
1123 1308 1203 1371 είς
1246 1308 1489 1363 τούπίσω
1532 1312 1952 1385 ἀπωθουμένων.

374 1386 477 1444 Ἐν
494 1390 673 1464 τούτῷ
693 1392 761 1447 δέ
802 1393 913 1467 πῦρ
947 1397 1206 1470 ἐξαπίνης
1239 1401 1500 1457 πάντοθεν
1522 1403 1619 1475 τὴν
1660 1406 1955 1478 ἐκκλησίαν

376 1482 723 1538 ἐπεϐόσκετοο
757 1488 850 1540 καὶ
888 1490 1071 1544 πᾶσαν
1103 1490 1421 1564 διαδραμὸν,
1460 1495 1698 1567 ἐνεμήθη
1739 1498 1831 1551 καὶ
1863 1499 1955 1552 τὸν

377 1576 785 1646 παρακείμενον
837 1579 975 1652 αὐτῇ
1024 1583 1088 1635 ἐκ
1122 1585 1470 1656 μεσημϐρίας
1514 1588 1769 1658 μέγιστον
1805 1587 1952 1645 οἷκον

373 1660 474 1737 τῆς
514 1669 816 1741 συγκλήτου
871 1671 1085 1742 βουλῆς.
1134 1676 1336 1730 Τούτου
1376 1679 1433 1732 δὲ
1477 1680 1575 1752 τὴν
1610 1683 1788 1738 αίτίαν
1838 1685 1955 1739 ἀντ-

373 1758 579 1827 επῆγον
602 1760 852 1831 ἀλλήλοις
873 1777 885 1791 ·
919 1764 968 1817 οί
988 1764 1086 1834 μὲν
1110 1766 1327 1840 Ἰωάννῃ
1350 1770 1809 1842 ἐπιϐουλεύοντες,
1824 1779 1952 1842 τοὺς

371 1849 438 1902 τὰ
454 1850 619 1905 αὑτοῦ
653 1853 980 1924 φρονοῦντας
1008 1858 1412 1930 ἐπαιτιώμενοι,
1441 1863 1516 1926 ὡς
1541 1866 1952 1939 χαλεπήναντας

371 1937 508 2008 πρὸς
535 1938 631 2010 τὴν
658 1942 757 2010 τῆς
792 1945 1007 1998 συνόδου
1038 1947 1218 2017 ψῆφον
1240 1966 1253 1981 ο
1304 1953 1351 2004 οἱ
1389 1952 1465 2015 δέ,
1499 1937 1950 2024 συκοφαντεῖσθαι

374 2026 791 2099 ἰσχυριζόμενοι,
816 2034 908 2086 καὶ
936 2035 1036 2105 τὴν
1052 2037 1274 2091 ἐκείνων
1299 2041 1496 2109 πρᾶξιν
1523 2046 1672 2112 σφίσι
1695 2048 1948 2117 περιτρέ-

369 2131 511 2181 πειν,
545 2118 662 2187 ἅμα
686 2122 749 2189 τῇ
782 2121 1049 2195 ἐκκλησίᾳ
1092 2126 1180 2178 καὶ
1213 2127 1410 2191 αὐτοὺς
1449 2133 1795 2205 πυρπολῆσαι
1826 2137 1948 2207 βου-

366 2201 735 2274 λευσαμένων.
781 2208 913 2262 Ἀπὸ
965 2211 1148 2282 δείλης
1203 2215 1258 2268 δὲ
1306 2217 1465 2287 ὀψίας
1524 2201 1718 2294 μέχρις
1752 2201 1944 2281 ἐωτοῦ

368 2296 538 2365 πυρὸς
565 2298 875 2370 περαιτέρω
921 2304 1248 2372 χωροῦντος,
1278 2311 1371 2362 καὶ
1402 2311 1539 2381 πρὸς
1579 2314 1678 2378 τὰς
1710 2316 1791 2369 ἔτι
1828 2336 1947 2371 συν-

366 2385 607 2451 εστώσας
655 2388 785 2453 ὔλας
828 2391 1107 2461 ἐρποντος,
1139 2398 1189 2448 οῖ
1222 2399 1318 2468 μὲν
1352 2402 1733 2469 ἐπιδιώξαντες
1776 2408 1947 2461 Ἰωάν-

364 2494 464 2547 νην
489 2479 569 2542 ei;
594 2480 906 2535 Κουκουσὺν
932 2483 1120 2554 διῆγον
1171 2489 1271 2558 τῆς
1325 2492 1658 2562 Ἀρμενίας,,
1683 2496 1945 2566 βασιλέως

362 2569 650 2640 γράμματι
680 2575 1143 2632 καταδικασθέντα
1174 2580 1271 2652 τὴν
1303 2584 1480 2637 ἐκεῖσε
1527 2589 1758 2659 οἴκησιν.
1794 2592 1856 2643 Oi
1886 2592 1942 2645 δέ

362 2660 488 2723 τοὺς
531 2662 882 2729 ξυνελθόντας
926 2668 1075 2739 αύτῷ
1131 2672 1457 2737 ἐπισκόπους
1504 2678 1597 2730 καὶ
1650 2678 1943 2751 κληρικοὺς

360 2750 689 2821 ἀγαγόντες,
721 2758 779 2809 ἐν
807 2758 1108 2829 Χαλκηδόνι
1148 2764 1459 2837 καθεῖρξαν.
1486 2768 1667 2822 ’Ἄλλοι
1696 2770 1753 2823 δέ
1784 2790 1933 2843 περι·

367 2840 536 2905 ιόντες
569 2844 671 2897 ἀνὰ
694 2846 793 2917 τὴν
827 2848 1001 2914 πόλιν,
1038 2852 1167 2916 τοὺς
1199 2858 1719 2928 καταμηνυομένους
1751 2861 1818 2915 τὰ
1849 2840 1941 2915 αύ-

2060 943 2369 1009 conterriti,
2422 944 2601 1014 fugam
2665 946 3036 1015 arripuerunt,
3094 962 3216 1001 cum
3254 956 3377 1017 post
3420 958 3630 1003 tantum

2060 1033 2351 1087 tumultum
2434 1042 2744 1105 tantamque
2830 1038 3287 1106 perturbationem
3339 1040 3534 1095 seditio
3578 1047 3632 1095 et

2058 1120 2403 1191 imperatoris
2436 1124 2513 1179 ira
2567 1136 2995 1197 exspectaretur.
3054 1129 3119 1182 Hi
3155 1145 3284 1184 vero
3321 1131 3413 1199 qui
3460 1132 3514 1185 in
3543 1148 3634 1187 ec-

2058 1213 2224 1268 clesia
2254 1224 2429 1279 erant,
2464 1216 2642 1272 adhuc
2692 1222 2862 1290 magis
2909 1220 3090 1274 aditus
3138 1221 3517 1283 obstruebant,
3559 1224 3626 1276 ad

2057 1312 2248 1372 portas
2280 1306 2623 1373 continendo,
2650 1318 2704 1364 et
2726 1314 3049 1384 semetipsos
3070 1325 3257 1368 mutuo
3282 1314 3622 1382 impellendo.

2057 1394 2296 1451 Tandem
2326 1414 2458 1453 vero
2509 1418 2652 1470 :egre
2700 1412 2885 1472 portas
2945 1420 3137 1474 magna
3186 1406 3237 1459 vi
3289 1412 3623 1470 reserarunt,

2056 1501 2179 1542 cum
2204 1489 2295 1543 alii
2333 1506 2425 1545 eas
2457 1491 2729 1561 lapidibus
2784 1494 3195 1565 perfregissent,
3230 1497 3322 1549 alii
3358 1496 3423 1550 ad
3456 1512 3514 1550 se
3545 1510 3630 1549 re-

2055 1581 2359 1647 traherent,
2410 1592 2463 1636 et
2494 1585 2706 1638 turbam
2748 1601 2870 1654 qua:
2915 1601 2943 1639 a
2978 1596 3128 1656 tergo
3170 1595 3307 1651 erat,
3352 1594 3626 1642 retrorsus

1986 1646 2027 1700 Β
2055 1671 2405 1739 repellerent.
2441 1672 2574 1726 Dum
2609 1674 2723 1727 haec
2762 1646 3019 1744 aguntur,
3047 1646 3189 1745 ignis
3218 1684 3440 1747 repente
3463 1692 3627 1731 exor-

2056 1766 2145 1814 tus
2176 1762 2464 1815 ecclesiam
2501 1764 2868 1834 undequaque
2907 1767 3175 1836 corripuit
3210 1787 3223 1821 ;
3261 1777 3313 1821 et
3344 1782 3465 1822 cum
3499 1767 3624 1821 uni-

2054 1864 2266 1905 versam
2299 1854 2753 1920 percucurrisset,
2778 1856 2945 1910 aedem
2979 1872 3197 1926 quoque
3228 1858 3621 1927 amplissimam

2052 1953 2295 2005 senatus,
2332 1959 2450 2010 quae
2475 1945 2549 1996 illi
2578 1945 2644 1997 ad
2676 1945 2956 2000 meridiem
2994 1948 3173 2000 vicina
3199 1956 3337 2010 erat,
3368 1948 3625 2002 combus-

2051 2016 2143 2087 sit.
2196 2031 2368 2100 Cujus
2415 2034 2492 2088 rei
2543 2036 2761 2104 culpam
2810 2037 2913 2090 sibi
2986 2045 3175 2091 mutuo
3229 2038 3620 2102 ascribebanl:

2046 2121 2277 2178 Joannis
2320 2125 2537 2193 quidem
2555 2120 2971 2191 iinsidiatores,
3012 2129 3332 2182 accusando
3382 2128 3622 2184 fautores

2048 2216 2220 2281 illius,
2253 2216 2397 2285 quod
2440 2217 2633 2286 synodi
2688 2218 2955 2286 judicium
3013 2219 3240 2274 moleste
3299 2219 3556 2273 tulissent
3601 2237 3617 2275 :

2047 2307 2139 2362 isti
2168 2324 2299 2362 vero
2332 2310 2661 2361 calumniam
2700 2326 2758 2363 se
2789 2311 2901 2380 pati
2952 2318 3354 2373 asseverantes,
3404 2311 3621 2381 sibique

2046 2394 2301 2463 imputari
2329 2394 2543 2448 facinus
2573 2395 2810 2460 illorum,
2839 2397 2930 2465 qui
2966 2398 3115 2465 ipsos
3149 2413 3252 2450 una
3284 2414 3407 2451 cum
3438 2400 3618 2454 eccle-

2045 2484 2127 2537 sia
2158 2483 2453 2538 incendere
2508 2484 2828 2539 voluissent.
2860 2484 3032 2539 Porro
3078 2487 3206 2539 dum
3254 2487 3395 2556 ignis
3452 2504 3481 2541 a
3524 2504 3618 2544 ve-

2045 2610 2207 2665 spera
2232 2612 2406 2665 usque
2433 2595 2500 2650 ad
2524 2596 2825 2651 diluculum
2858 2597 2923 2651 ad
2956 2597 3214 2652 ulteriora
3247 2600 3614 2670 progreditur,

2043 2694 2095 2738 et
2126 2683 2191 2737 ad
2226 2685 2485 2739 materias
2513 2701 2633 2754 qua!
2663 2685 2842 2741 adhuc
2883 2688 3107 2757 integrae
3138 2688 3379 2750 stabant,
3419 2691 3614 2759 serpit,

2043 2774 2094 2827 hi
2121 2776 2212 2844 qui
2238 2773 2504 2829 Joannem
2534 2778 3024 2846 prosequebantur,
3054 2777 3327 2831 Cucusum
3349 2780 3617 2834 Armenia:

2040 2883 2163 2923 eum
2197 2868 2588 2937 perduxerunt,
2614 2869 2705 2923 ubi
2736 2870 2930 2940 degere
2960 2870 3159 2925 litteris
3190 2871 3453 2941 principis
3489 2871 3614 2939 jus-

363 2929 458 2984 τοῦ
524 2937 762 3004 φρονεῖν,
812 2939 1278 3010 συνελαμϐάνοντο
1342 2948 1435 3000 καὶ
1483 2949 1803 3022 ἐφρούρουν·
1844 2953 1936 3007 καὶ

2043 2972 2138 3012 sus
2164 2957 2360 3013 fuerat.
2392 2959 2499 3011 Alii
2536 2959 2821 3028 episcopos
2872 2966 2925 3013 et
2955 2960 3188 3015 clericos
3217 2963 3308 3031 qui
3360 2977 3463 3016 una
3489 2978 3613 3017 cum
3702 2980 3709 2989 '

358 3021 775 3092 ἀναθεματίζειν
802 3030 963 3083 αὑτὸν
994 3032 1320 3101 ἠνάγκαζον.

2037 3047 2250 3102 Joanne
2294 3046 2526 3117 profecti
2577 3046 2814 3114 fuerant,
2873 3048 3274 3105 Chalcedonem
3324 3052 3610 3119 abductos,

356 3116 624 3172 custodite
654 3121 1059 3190 manciparunt.
1102 3126 1207 3179 Alii
1242 3143 1338 3197 per
1368 3131 1555 3187 urbem
1583 3133 2008 3207 circumeuntes,
2055 3154 2150 3195 eos
2223 3116 2317 3209 qui
2395 3138 2561 3193 delati
2615 3138 2830 3193 fuerant
2872 3142 3015 3210 quod
3077 3140 3273 3198 Joanni
3345 3144 3608 3211 favere-Ill.

356 3209 919 3280 comprehenderunt;
965 3222 1020 3268 et
1065 3216 1117 3269 in
1158 3223 1468 3277 custodiam
1500 3225 1655 3283 datos
1683 3216 1745 3283 ut
1770 3226 1968 3285 Joanni
2008 3231 2296 3286 anathema
2334 3229 2582 3285 dicerent
2640 3209 2953 3302 coegerunt.

946 3308 1196 3365 ΚΕΦΑΛ.
1224 3315 1349 3369 Kl".

355 3391 502 3478 Περὶ
519 3460 533 3478 '
558 3393 869 3478 Ἅρσακίου
917 3396 1046 3478 ντοῦ
1083 3399 1234 3478 [reed
1297 3403 1574 3478 Ἰωάννην
1638 3421 1930 3478 προχειριοη

425 3460 697 3546 ςθέγτος,
757 3463 857 3546 καὶ
888 3463 1023 3546 ,ὅσα
1080 3460 1233 3546 accrate}
1279 3472 1403 3546 τοῖς
1475 3460 1934 3546 ίτξοοσκὲιξιίὲἦις

436 3530 670 3612 Ἰωάννῃ
736 3533 1075 3602 εἰργάσατο.
1112 3537 1222 3591 Καὶ
1246 3530 1394 3607 περί
1426 3530 1537 3612 τῆξ
1564 3530 1932 3612 ὀσίαξ

418 3599 619 3668 ρέτης-

423 3691 497 3744 Ού
522 3690 701 3762 πολλῷ
729 3690 787 3746 δέ
813 3692 1041 3767 ὕστερον
1065 3702 1447 3769 χειροτονεῖται
1484 3704 1924 3762 Κωνσταντινου-

352 3779 560 3846 πόλεως
614 3784 910 3851 ἐπίσκοπος
973 3789 1278 3861 Ἀρσάκιος,
1339 3796 1646 3869 Νεκταρίου
1688 3799 1782 3854 τοῦ
1820 3801 1926 3873 πρὸ

363 3872 607 3929 Ἰωάννου
638 3877 843 3947 ταύτην
867 3879 964 3949 τὴν
988 3881 1287 3956 ἐπισκοπὴν
1305 3887 1654 3954 διανύσαντος
1676 3872 1923 3962 άδελφδς,

348 3963 488 4054 ανὴρ
523 3968 714 4037 πρᾶος,
765 3970 858 4023 καὶ
910 3972 1037 4042 περὶ
1068 3974 1128 4027 τὺ
1159 3976 1313 4031 Θεῖον
1356 3979 1611 4052 εὐλαϐής.
1642 3983 1925 4054 Ἕϐλαψαν

348 4051 405 4105 δέ
435 4054 533 4126 τὴν
561 4058 619 4109 ἐν
678 4057 757 4127 τῷ
818 4061 1194 4135 πρεσϐυτερίῳ
1240 4070 1367 4141 περὶ
1404 4051 1568 4126 αὐτοῦ
1620 4051 1924 4146 κρατοῦσαν

348 4143 505 4211 δόξαν
522 4146 771 4218 κληρικοί
787 4167 951 4217 τινες,
968 4154 1247 4220 ποιοῦντες
1265 4160 1361 4229 μὲν
1377 4161 1520 4233 ἆπερ
1536 4143 1879 4222 ἐϐουλεύοντο
1905 4184 1920 4200 ο

306 4274 315 4285 .
348 4233 496 4305 αὐτῷ
527 4234 582 4289 δέ
608 4237 781 4292 ταῦτα
806 4240 1149 4309 ἀνατιθέντες
1171 4263 1181 4276 ·
1207 4248 1414 4304 διέϐαλε
1437 4253 1494 4306 δὲ
1509 4256 1669 4310 αὑτὸν
1691 4258 1924 4328 μάλιστα

347 4324 528 4413 καὶτὰ
561 4330 841 4399 συμϐάντα
898 4336 1036 4404 μετὰ
1096 4338 1266 4392 ταῦτα
1306 4344 1432 4413 περὶ
1491 4347 1618 4410 τοὺς
1676 4324 1921 4404 Ἰωάννου

347 4412 655 4478 ἐπαινέτας.
721 4418 873 4473 Ἐπεὶ
918 4423 1026 4494 γάρ
1088 4428 1237 4499 αύτῷ
1282 4432 1376 4484 καὶ

344 4503 464 4558 οῦσι
524 4505 635 4579 (76)
673 4515 1014 4586 κοινωνεῖνῆ
1052 4519 1404 4591 συνεύχεσθαι
1461 4526 1643 4581 οὐκέτι
1694 4532 1921 4586 ἀνεκτὸν

344 4595 608 4663 ἡγοῦντο,
669 4600 1136 4675 ἀναμεμιγμένων
1201 4611 1385 4676 αὐτοῖς
1443 4615 1553 4669 τῶν
1621 4619 1921 4676 ἐπιϐούλων

356 4688 625 4755 Ἰωάννου,
677 4695 799 4748 καθ’
834 4697 1058 4764 ἑαυτοὺς
1085 4700 1162 4767 δέ,
1194 4703 1269 4768 ὼς
1299 4708 1530 4779 εἴρηται,
1562 4713 1832 4778 συνιέντες
1863 4718 1921 4770 ἐν

340 4782 463 4869 ταῖς
492 4783 770 4853 ἐσχατιαῖς
817 4790 918 4858 τῆς
974 4790 1183 4857 πόλεως
1236 4796 1612 4869 ἐκκλησίαζον,
1648 4803 1921 4862 κοινοῦται

342 4868 555 4940 βασιλεῖ
582 4874 714 4968 περὶ⁸
730 4874 939 4931 τούτου.
962 4880 1323 4953 Συνηγμένοις
1344 4868 1401 4941 δέ
1425 4882 1918 4968 συνταγματάρχης

341 4961 459 5033 ἅμα
485 4963 847 5046 ,στρατιώταις
872 4968 1129 5038 ἐμϐαλεῖν
1144 4974 1485 5046 ἐπιτραπεὶς,
1504 4981 1564 5034 τὸ
1587 4961 1687 5054 μέν
1711 4961 1913 5057 πλη-θος

413 5098 428 5129 ¹
450 5097 602 5154 Socr.
640 5101 733 5158 lib.
761 5120 835 5171 Vl,
870 5120 921 5160 c.
955 5105 1042 5161 19.

2633 3326 2784 3383 CAP.
2828 3324 3020 3380 XXIII.

2042 3412 2121 3468 De
2156 3416 2495 3488 Arsacio__qui
2523 3427 2655 3488 Apost
2687 3416 2948 3488 Joanuem
2971 3416 3163 3488 electus
3192 3426 3289 3482 est,
3321 3426 3370 3472 et
3397 3424 3608 3488 quantis

2110 3485 2265 3557 malis
2306 3486 2554 3557 _q/7‘ecerit
2606 3503 2692 3540 eos
2713 3488 2804 3557 qui
2830 3485 3030 3540 Joanni
3060 3487 3322 3555 favebant.
3357 3485 3493 3545 Item
3542 3493 3606 3548 de

2110 3551 2264 3606 beata
2294 3552 2345 3605 Ν
2352 3551 2565 3608 itarete.

2102 3721 2259 3778 Haud
2295 3724 2467 3780 multo
2515 3734 2641 3795 post
2682 3727 3300 3801 Constantinopolitanae
3346 3733 3603 3795 Ecclesia

2031 3812 2324 3883 episcopus
2387 3816 2674 3870 ordinatur
2754 3819 3039 3882 Arsacius,
3113 3821 3279 3878 frater
3364 3825 3600 3884 Nectarii

2030 3905 2152 3975 ejus
2196 3906 2288 3975 qui
2333 3915 2460 3962 ante
2504 3905 2769 3964 Joannem
2815 3911 3186 3981 episcopatum
3228 3914 3383 3968 illum
3443 3934 3598 3973 rexe-

2030 4006 2116 4051 rat
2178 4014 2192 4051 :
2247 3997 2332 4051 vir
2390 4008 2710 4054 mansuetus
2753 4009 2806 4055 et
2845 4016 2973 4070 erga
3024 4000 3192 4056 Deum
3241 4005 3526 4074 religiosus
3556 4009 3596 4062 '.

2032 4087 2232 4142 Verum
2289 4088 2501 4144 laudem
2588 4090 2735 4143 illam
2791 4107 2952 4161 quam
3018 4093 3262 4147 onmium
3322 4110 3596 4152 consensu

2030 4179 2257 4247 adeptus
2306 4178 2483 4233 fuerat
2557 4180 2874 4250 presbyter,
2933 4182 3328 4238 imminuerunt
3402 4197 3592 4256 postea

2029 4269 2216 4324 clerici
2293 4270 2563 4340 quidam,
2639 4271 2730 4341 qui
2816 4273 3181 4343 quodcunque
3251 4275 3383 4345 ipsis
3470 4277 3592 4332 libi-

2030 4368 2145 4414 tum
2225 4359 2405 4414 fuerat
2477 4361 2746 4430 agebant,
2820 4360 2962 4416 facta
3016 4379 3147 4419 vero
3212 4365 3289 4419 illi
3359 4365 3589 4437 imputa-

1425 4436 1538 4498 τοῖς
1601 4437 1748 4509 αὐτῷ
1785 4457 1919 4512 ,συν-

2038 4452 2180 4507 bant.
2228 4450 2334 4506 Sed
2403 4452 2679 4522 praecipue
2740 4453 3073 4509 infamarunt
3135 4455 3288 4511 illum
3344 4470 3407 4513 ea
3446 4436 3592 4529 qua

2016 4542 2248 4597 Joannis
2293 4541 2605 4598 fautoribus
2658 4545 3007 4613 postmodum
3063 4547 3405 4603 acciderunt.
3456 4548 3588 4607 Nam

2016 4633 2178 4704 355
2213 4649 2337 4688 cum
2392 4634 2465 4688 illi
2525 4634 2833 4703 haudquam
2886 4637 3237 4704 sustinerent,
3303 4654 3406 4694 nec
3460 4655 3588 4697 cum

2018 4725 2160 4794 ipso,
2216 4740 2317 4779 nec
2379 4740 2503 4779 cum
2558 4717 2913 4782 consortibus
2962 4727 3135 4798 ipsius
3177 4736 3590 4789 communicare

2017 4822 2112 4868 aut
2149 4815 2527 4885 precationem
2575 4817 2778 4883 facere,
2815 4833 2881 4873 eo
2927 4820 3074 4889 quod
3140 4824 3431 4893 permistos
3479 4827 3586 4883 illis

2018 4907 2275 4964 videbant
2304 4905 2534 4962 Joannis
2572 4907 2847 4974 inimicos,
2882 4917 3046 4981 atque
3079 4911 3288 4969 idcirco
3313 4930 3583 4981 seorsum,

2020 4999 2096 5054 uti
2127 4998 2387 5064 diximus,
2423 4999 2759 5070 congregati,
2788 4999 2841 5054 in
2868 5002 3128 5060 extremis
3157 5004 3396 5063 civitatis
3415 5006 3584 5077 parti-

1503 5264 1776 5324 VALESH
1805 5269 2357 5336 ANNOTATIONES.

409 5346 521 5418 (76)
552 5349 659 5403 Kal
682 5348 806 5414 τοῖς
830 5348 989 5417 αὐτῷ
1007 5353 1287 5409 συνοῦσι.
1318 5350 1376 5409 In
1401 5356 1586 5412 codice
1609 5356 1908 5418 Fuketiano

339 5416 602 5502 scriptum
651 5428 735 5474 est
753 5416 1045 5502 .cvaiict,"
1082 5424 1303 5502 rectius,
1353 5430 1414 5479 ut
1471 5427 1686 5502 opinor.
1730 5416 1909 5502 Atque

272 5526 277 5531 .
338 5485 415 5539 ita
457 5485 668 5560 Vlegisse
715 5488 931 5560 videtur
982 5488 1345 5560 Nicephnrus,
1381 5502 1439 5548 ut
1472 5485 1658 5551 videre
1712 5485 1904 5557 est'in

336 5568 460 5624 cap.
491 5556 581 5624 28,
617 5557 709 5613 lib.
735 5572 857 5613 XIII.
889 5556 1021 5613 Nam
1049 5556 1149 5629 pro
1176 5561 1267 5618 his
1318 5556 1497 5622 verbis
1533 5566 1645 5622 haec
1698 5570 1902 5626 substi-

2014 5371 2139 5454 tuit,
2167 5376 2236 5454 τῇ
2291 5373 2456 5454 αύτοῦ
2494 5378 2777 5454 ἐκκλησίᾳ.
2836 5381 3005 5454 Paulo
3056 5392 3199 5452 post,
3254 5382 3346 5454 ubi
3381 5383 3585 5454 legitur

2012 5441 2132 5493 καθ’
2161 5441 2386 5508 ἑαυτοὺς
2414 5441 2704 5525 συνιέντες,
2732 5441 2925 5507 ἰιιοιίιῐι
2953 5441 3130 5526 legere
3155 5441 3582 5518 συνιόντεςῖιιιιιι

2012 5507 2247 5569 llenrico
2269 5512 2499 5573 Savilio.
