4050 6218
455 236 593 296 1Ξ>75

1930 219 2269 278 εοῑοιιεκι

3576 223 3724 279 1576

452 359 558 412 bus
574 352 835 409 collectas
846 346 1209 412 celebrarent,
1224 343 1339 415 ipse
1350 342 1416 398 de
1431 355 1493 397 ea
1511 356 1570 397 re
1583 340 1649 395 ad
1662 340 2039 410 imperatorem

2144 339 2321 392 παίων
2351 338 2525 403 ξύλοις
2557 339 2650 394 καὶ
2682 339 2868 405 λίθοις,
2915 341 2994 402 εἰς
3042 338 3218 410 φυγὴν
3246 336 3439 412 τρέπει
3460 355 3474 370 ·
3508 339 3640 405 τοὺς
3664 342 3725 394 δὲ

453 446 659 504 retulit.
678 442 955 498 Tribunus
970 439 1152 509 itaque
1166 451 1291 492 cum
1321 434 1588 490 militibus
1601 433 1656 487 in
1672 440 2029 503 congregatos

454 538 716 606 impetum
752 530 934 585 facere
968 528 1191 599 jussus,
1225 526 1437 598 plebem
1459 522 1677 594 quidem
1707 520 1942 577 fustibus
1977 527 2032 575 et

453 627 603 683 saxis
632 625 869 687 candens,
901 621 1088 693 fugere
1122 619 1424 689 compulit,
1462 616 1759 673 nobiliores
1777 628 1931 675 vero,
1977 621 2032 669 et

453 732 551 774 eos
585 717 676 786 qui
705 713 933 769 Joannis
960 718 1143 781 partes
1175 708 1459 764 ardentius
1493 706 1809 771 tuebantur,
1842 713 2031 760 custo-

454 811 559 865 diae
591 806 837 864 tradidit.
868 806 1004 859 Tum
1036 818 1191 868 vero,
1233 803 1377 857 sicut
1404 800 1521 854 ﬁeri
1565 800 1705 854 solet
1735 813 1862 853 cum
1887 797 2032 852 mili-

455 901 604 956 tibus
646 897 864 954 licentia
895 893 1235 958 conceditur,
1272 891 1536 948 mulieres
1575 901 1771 946 ornatu
1809 904 1911 944 suo
1935 904 2032 959 per

454 994 568 1047 vim
600 991 844 1061 spoliatae
875 994 1022 1051 sunt,
1056 985 1185 1040 dum
1225 984 1319 1038 alii
1354 982 1600 1049 monilia,
1633 997 1804 1037 zonas
1834 995 2031 1036 aureas

457 1092 509 1139 et
534 1093 759 1151 torques
782 1079 1048 1148 diripiunt
1084 1096 1097 1132 :
1132 1076 1222 1130 alii
1257 1076 1482 1131 inaures
1510 1074 1674 1130 simul
1718 1088 1844 1128 cum
1886 1072 2034 1126 auri-

456 1175 597 1230 culis
634 1170 770 1241 ipsis
801 1169 1115 1225 detrahunt.
1143 1167 1394 1237 Cumque
1447 1166 1643 1235 ingens
1690 1163 2033 1233 perturbatio

457 1281 522 1320 ac
548 1266 730 1319 luctus
758 1263 811 1316 in
841 1261 974 1315 urbe
1000 1259 1321 1321 exstitisset,
1371 1272 1441 1312 ne
1478 1259 1559 1313 sic
1591 1256 1813 1326 quidem
1847 1255 2033 1326 pristi-

458 1372 583 1412 nam
614 1370 741 1425 erga
794 1352 1060 1407 Joannem
1100 1350 1534 1406 benevolentiam
1586 1349 1924 1418 abiecerunt.
1954 1348 2033 1403 Ac

458 1446 676 1518 publice
704 1445 924 1515 quidem
978 1458 1087 1497 non
1139 1441 1374 1510 amplius
1420 1438 1842 1495 conveniebant.
1878 1438 2032 1493 Multi

458 1551 585 1592 vero
615 1552 714 1591 nec
757 1536 814 1590 in
870 1534 1076 1598 forum,
1112 1547 1216 1589 nec
1266 1532 1333 1587 ad
1389 1532 1584 1587 balnea
1643 1532 2029 1601 procedebant.

460 1628 801 1694 Quibusdam
842 1642 974 1681 vero
1006 1641 1073 1680 ne
1104 1633 1280 1680 tututn
1325 1623 1545 1693 quidem
1593 1632 1712 1678 crat
1741 1624 1889 1679 domi
1921 1639 2037 1677 tna-

2135 433 2535 505 ἐπισημότερον
2566 434 2660 488 καὶ⁸
2685 432 3090 505 προθυμότερον
3114 432 3185 487 τὰ
3211 434 3461 488 Ἰωάννου
3494 431 3730 503 ζηλοῦν-

2135 540 2255 588 τας,
2295 525 2352 576 ἐν
2378 526 2593 597 φρουρᾷ
2616 529 2867 580 ποιεῖται.
2899 524 3161 580 Ἐνταῦθα
3180 525 3258 591 δὲ,
3281 520 3371 580 οἶα
3394 526 3727 597 συμϐαίνειν

2138 614 2303 682 φιλεῖ,
2324 617 2671 686 στρατιωτῶν
2690 618 3097 687 ἐπιτραπέντων
3109 617 3501 684 νεανιεύεσθαι,
3519 619 3727 687 γύναια

2139 708 2272 777 πρὸς
2289 706 2410 777 βίαν
2424 708 2518 761 τοῦ
2548 708 2754 778 κόσμου
2778 708 2918 778 (77),
2934 707 3041 761 τῶν
3071 708 3169 778 μὲν
3187 708 3393 778 ὅρμους
3417 710 3513 762 καὶ
3541 709 3728 775 ζώνας

2137 802 2344 869 χρυσᾶς
2391 801 2486 853 καὶ
2532 799 2854 871 περιδέραια
2891 799 2986 852 καὶ
3021 800 3320 870 στρεπτοὺς
3347 799 3721 871 ληϊζομὲνων·

2136 888 2246 943 τῶν
2278 891 2357 955 δὲ,
2403 891 2499 944 σὺν
2556 892 2741 954 αὐτοῖς
2780 889 2954 953 λοϐοῖς
2989 888 3313 954 ἐξελκόντων
3368 890 3438 943 τὰ
3494 892 3722 947 ἐνώτια.

2137 982 2413 1054 Μεγίστης
2468 983 2524 1037 δὲ
2572 983 2822 1055 ταραχῆς
2869 983 2966 1036 καὶ
3008 984 3254 1053 οἰμωγῆς
3298 984 3402 1037 ἀνὰ
3430 985 3530 1054 τὴν
3563 986 3728 1041 πόλιν

2141 1074 2446 1145 συμϐάσης,
2480 1074 2588 1128 οὐδ’
2612 1074 2784 1139 οὕτως
2831 1075 3120 1149 μετέθεντο
3162 1076 3257 1129 τοῦ
3291 1076 3421 1147 περὶ
3463 1078 3727 1151 Ἰωάννην

2139 1166 2381 1237 φίλτρου.
2413 1166 2659 1238 Δημοσίᾳ
2683 1167 2738 1220 δὲ
2761 1166 2941 1220 οὐκέτι
2963 1167 3227 1237 συνῄεσαν
3247 1184 3261 1197 ·
3292 1167 3477 1222 πολλοὶ
3494 1169 3573 1232 δὲ,
3595 1169 3724 1223 οὔτε

2137 1261 2218 1322 είς
2238 1259 2465 1329 ἀγοράν,
2501 1258 2624 1312 οὔτε
2664 1260 2744 1322 είς
2782 1258 3038 1329 βαλανεῖα
3067 1259 3297 1328 ἐφοίτων
3319 1277 3333 1290 ·
3367 1262 3479 1314 τισὶ
3524 1261 3585 1313 δέ
3628 1264 3727 1316 καὶ

2137 1352 2199 1405 τὸ
2221 1352 2359 1406 οίκοι
2392 1352 2591 1424 μένειν,
2622 1353 2722 1406 οὐκ
2746 1353 3024 1407 ἀκίνδυνον
3043 1348 3113 1423 ἦν
3138 1370 3153 1385 ο
3185 1354 3280 1408 καὶ
3301 1353 3477 1425 φυγὴν
3505 1355 3723 1420 intrrat;

2141 1444 2519 1509 ἐπιτάξαντες,
2555 1444 2656 1515 τῆς
2691 1444 2896 1510 πόλεως
2942 1444 3188 1515 ἐξῆλθον,
3231 1444 3383 1501 ἄλλοι
3412 1460 3483 1513 τις
3525 1446 3724 1519 ἄνδρες

2143 1537 2439 1600 σπουδαῖοι,
2467 1536 2560 1589 καὶ
2604 1536 2807 1604 ἀγαθαὶ
2844 1538 3100 1604 γυναῖκες
3130 1555 3142 1568 ο
3171 1530 3247 1592 ὧν
3272 1534 3341 1609 ἦν
3370 1526 3659 1611 Νίῖιαρέτη
3687 1544 3720 1613 ἠ

2142 1627 2360 1698 Βιθυνὴ,
2398 1626 2508 1680 τῶν
2536 1627 2688 1699 παρὰ
2715 1626 3118 1698 Νικομηδεῦσιν
3150 1628 3494 1701 εὐπατριδῶν
3523 1633 3719 1701 ἐπισήο

462 1735 593 1775 nere
624 1737 638 1774 :
669 1718 793 1785 sed,
846 1717 1055 1772 indicto
1098 1716 1200 1770 sibi
1236 1715 1373 1785 ipsis
1403 1715 1615 1781 exsilio,
1651 1716 1788 1771 urbe
1807 1716 2039 1772 excede-

2144 1735 2246 1790 μου
2281 1696 2493 1787 γένους,
2523 1696 2788 1788 ἐπὶνάῑδίῳ
2812 1696 3079 1791 παρθενίᾳ
3105 1720 3198 1773 καὶ
3225 1696 3393 1792 ἀρετῇ
3422 1720 3538 1791 βίου
3566 1696 3720 1776 εὐδο-

463 1811 596 1866 bant
639 1824 765 1864 cum
805 1808 895 1862 alii
931 1808 1087 1861 multi
1133 1806 1236 1861 viri
1288 1808 1442 1873 boni,
1479 1818 1592 1864 tum
1638 1807 1881 1863 honeste
1919 1822 2040 1862 mu-

465 1903 649 1958 lieres.
681 1902 761 1955 Ex
809 1900 1010 1970 quibus
1043 1899 1147 1953 fuit
1178 1898 1429 1955 Niearete
1459 1900 1712 1971 Bithyna,
1747 1899 1915 1956 nobili
1946 1914 2040 1969 ge-

463 2007 595 2048 nere
628 1992 771 2061 apud
819 1990 1263 2045 Nicomedienses
1293 1997 1434 2055 orta,
1469 1991 1539 2045 ob
1582 1998 1901 2060 perpetuam
1929 1990 2042 2043 vir-

459 2082 746 2155 ginitatem
785 2088 841 2135 et
883 2082 954 2134 ob
1013 2080 1137 2134 vitae
1188 2080 1611 2136 sanctimoniam
1663 2080 2037 2135 celeberrima.

465 2174 592 2227 Erat
616 2173 737 2227 hare
759 2173 1001 2227 omnium
1031 2188 1171 2243 quas
1214 2173 1434 2243 quidem
1465 2166 1593 2227 nevi
1646 2172 2034 2243 religiosaruiu

462 2263 753 2318 mulierum
795 2262 1232 2328 modestissiina,
1283 2263 1337 2317 in
1397 2262 1642 2317 moribus
1700 2269 1755 2316 et
1790 2274 2042 2317 sermone

461 2372 528 2411 ac
554 2357 707 2411 victu
747 2356 970 2410 modum
1034 2362 1199 2425 atque
1251 2354 1497 2410 ordinem
1555 2369 1806 2410 servans.
1854 2351 2042 2423 Usque

463 2447 533 2504 ad
556 2448 762 2504 exitum
803 2448 928 2503 vitae
956 2463 1170 2518 semper
1199 2448 1387 2502 divina
1439 2447 1604 2501 rebus
1640 2445 1897 2500 humanis
1939 2459 2041 2499 an-

462 2539 705 2609 teposuit
732 2556 745 2592 :
782 2539 949 2593 animi
982 2553 1202 2609 quoque
1224 2538 1549 2593 fortitudine
1576 2545 1630 2593 et
1656 2536 1944 2608 prudentia
1973 2535 2042 2591 ad

461 2631 781 2688 tolerandos
846 2630 1092 2687 adversae
1138 2631 1373 2687 fortuna:
1431 2647 1596 2688 casus
1656 2630 1883 2701 praedita
1918 2628 2039 2695 fuit,

462 2725 602 2782 adeo
624 2733 680 2780 ut
709 2739 832 2780 cum
858 2724 1198 2794 amplissimo
1220 2725 1547 2793 patrimonio
1577 2723 1782 2791 injuste
1814 2722 2044 2792 spoliata

460 2826 635 2883 esset,
664 2818 887 2873 minime
915 2828 1097 2872 tamen
1130 2816 1530 2887 indignaretur,
1566 2816 1660 2870 sed
1701 2815 1890 2885 paucis
1936 2813 2042 2869 sibi

464 2909 696 2970 relictis,
725 2916 947 2980 propter
981 2909 1181 2963 bonam
1216 2906 1281 2962 ac
1319 2909 1641 2977 prudentem
1690 2906 2041 2976 dispensandi

464 3001 757 3064 rationem,
789 3000 929 3069 ipsa,
962 2998 1087 3053 licet
1114 3008 1368 3070 provecta
1414 2998 1525 3068 jam
1571 3004 1749 3061 aetate,
1785 3014 1894 3052 una
1918 3012 2040 3051 eum
2069 3032 2113 3091 ο

464 3087 784 3142 domesticis
857 3091 1170 3143 necessaria
1230 3097 1428 3143 cuncta
1486 3088 1731 3153 haberet,
1800 3095 1855 3143 et
1920 3088 2044 3144 aliis

468 3176 686 3233 abunde
734 3177 1126 3246 suppeditaret.
1165 3177 1334 3232 Porro
1373 3194 1497 3233 cum
1551 3190 1696 3233 esset
1749 3178 2043 3233 admodum

469 3269 775 3338 ingeniosa,
807 3277 858 3321 et
914 3279 1179 3337 promptae
1232 3283 1361 3338 erga
1411 3284 1603 3324 omnes
1657 3269 2041 3334 humanitatis,

468 3359 867 3414 medicamenta
927 3359 1128 3414 diversi
1174 3360 1391 3430 generis
1422 3360 1761 3430 prmparabat
1789 3360 1856 3414 ad
1909 3375 2044 3415 usus

464 3464 767 3521 pauperum
829 3451 1235 3521 mgrotantium.
1303 3450 1406 3505 Per
1457 3467 1578 3521 qua:
1638 3451 1826 3507 multis
1877 3452 2041 3505 etiam

464 3539 831 3596 familiaribus
865 3543 981 3598 suis
1008 3557 1382 3611 smpenumero
1405 3542 1680 3601 subvenit.
1712 3543 1803 3613 qui
1825 3558 1891 3597 ex
1932 3559 2045 3597 mc-

464 3629 605 3686 dicis
632 3632 747 3686 suis
778 3631 986 3684 nullum
1003 3626 1250 3686 fructum
1283 3641 1659 3702 perceperant.
1694 3629 1827 3684 Nam
1861 3631 2044 3687 divino

466 3722 931 3791 aspirante,nutu,
950 3737 1291 3792 quaecunque
1319 3739 1571 3793 aggressa
1605 3723 1809 3788 fuerat,
1829 3725 2042 3780 felicem

463 3810 668 3865 exitum
704 3812 1100 3866 sortiebantur.
1122 3812 1383 3880 Denique.
1414 3824 1473 3867 ut
1493 3814 1817 3884 compendio
1840 3815 2042 3882 dicant,

464 3903 669 3957 nullam
703 3918 767 3959 ex
806 3903 1073 3973 religiosis
1119 3905 1293 3958 nostri
1349 3908 1615 3974 temporis
1654 3906 1870 3962 feminis
1894 3912 2041 3974 novi,

462 4008 585 4063 qua:
619 3994 685 4046 ad
733 4001 947 4047 tantum
1007 3994 1306 4059 modestiae,
1350 3996 1635 4066 gravitatis
1685 3998 2045 4067 reliquarum-

2137 1810 2394 1880 κιμοῦσα.
2430 1810 2794 1880 ’Δτυφοτάτην
2821 1809 2876 1863 δέ
2908 1806 2983 1863 ὧν
3016 1811 3173 1881 ίσμεν
3203 1812 3507 1866 σπουδαίων
3533 1830 3720 1882 γυναι-

2137 1900 2270 1966 κῶν,
2297 1899 2499 1970 ταύτην
2528 1899 2719 1968 ἔγνων,
2751 1899 2871 1970 ῆθει
2904 1917 2964 1952 τε
3006 1902 3099 1953 καὶ
3125 1900 3268 1971 λόγῳ
3291 1903 3385 1954 καὶ
3415 1902 3598 1975 διαίτῃ
3625 1916 3718 1958 τε-

2135 1988 2437 2058 ταγμένην,
2480 1988 2572 2042 καὶ
2600 1989 2670 2043 τά
2698 1989 2817 2043 θεῖα
2850 1990 3011 2062 μέχρι
3051 1990 3285 2046 θανάτου
3309 1992 3418 2046 τῶν
3444 1993 3719 2063 βιωτικῶν

2140 2083 2461 2155 προτιμῶσα
2493 2083 2606 2154 (78)
2625 2098 2638 2110 ·
2670 2083 2893 2154 ἀνδρείᾳ
2913 2099 2972 2136 τε
3009 2084 3103 2136 καὶ
3130 2085 3387 2154 ῳρονήτει
3406 2085 3544 2156 πρὸς
3564 2103 3721 2158 περια

2139 2176 2361 2240 πετείας
2391 2175 2671 2247 δυσχερῶν
2704 2176 3046 2246 πραγμάτων
3077 2176 3344 2245 ἀντισχεῖν
3374 2177 3565 2245 ἱκανήν
3587 2193 3603 2207 ο
3631 2177 3718 2242 ὡς

2143 2270 2302 2341 μήτε,
2334 2268 2537 2339 πολλῆς
2586 2268 2847 2339 πατρῴας
2893 2267 3212 2337 περιουσίας
3254 2268 3442 2329 ἀδίκως
3471 2269 3715 2338 ἀφαιρε-

2143 2360 2352 2423 θεῖσαν,
2380 2359 2727 2428 ἀγανακτεῖν,
2764 2360 2822 2410 ἐν
2843 2356 3045 2425 ὀλίγοις
3071 2374 3131 2410 τε
3149 2357 3590 2427 περιλειφθεῖσιν,
3608 2358 3719 2412 ὑπὸ

2140 2450 2368 2522 ἀρίστης
2393 2449 2721 2519 οἰκονομίας,
2766 2448 2968 2519 καίπερ
3007 2451 3087 2513 είς
3122 2449 3296 2520 γῆρας
3322 2447 3717 2518 προελθοῦσαν,

2140 2539 2210 2593 τὰ
2239 2539 2514 2610 ἐπιτήδεια
2541 2542 2636 2593 σὺν
2663 2542 2773 2602 τοῖς
2793 2539 3012 2602 οἰκείοις
3035 2539 3199 2610 ἔχειν,
3223 2540 3318 2592 καὶ
3341 2539 3522 2603 ἄλλοις
3552 2540 3717 2609 ἀφθό-

2143 2647 2249 2693 νως
2275 2631 2551 2701 χορηγεῖν.
2589 2629 2725 2682 Ὑπὸ
2740 2628 3123 2699 φιλανθρώπου
3148 2630 3205 2682 δέ
3230 2628 3540 2700 προθυμίας
3568 2629 3718 2698 φιλό-

2142 2721 2308 2784 καλος
2338 2717 2494 2785 οὖσα,
2527 2721 2620 2773 καλ⁵
2658 2720 2975 2774 παντοδαπὰ
3021 2720 3401 2791 παρεσκεύαζε
3452 2722 3721 2792 φάρμακα

2144 2815 2223 2878 εἰς
2252 2812 2481 2883 πτωχῶν
2531 2811 2829 2865 νοσούντων
2869 2813 3078 2882 χρείαν.
3121 2806 3216 2875 Οἷς
3260 2814 3324 2882 δὴ
3369 2812 3584 2877 πολλοῖς
3609 2812 3721 2866 τῶν

2143 2904 2436 2975 γνωρίμων
2494 2902 2751 2964 πολλάκις
2810 2903 3084 2974 ἐπήρκεσε
3132 2903 3302 2974 μηδὲν
3354 2905 3721 2975 ἁποναμένοις

2145 2997 2252 3050 τῶν
2274 2995 2517 3067 συνήθων
2549 2996 2769 3067 ἰατρῶν.
2801 2996 2906 3048 Σὺν
2950 2995 3070 3067 θείᾳ
3100 2996 3209 3067 γάρ
3235 3012 3340 3049 τινι
3372 2998 3537 3067 ῥοπῇ,
3579 2996 3722 3067 άπερ

2147 3090 2443 3160 ἐπεχείρει,
2469 3090 2547 3150 είς
2563 3088 2799 3159 χρηστὸν
2824 3086 3084 3140 ἀπέϐαινε
3105 3088 3256 3150 τέλος
3279 3104 3291 3117 ·
3318 3087 3412 3141 καὶ
3423 3088 3724 3158 συλλήϐδην

2147 3183 2339 3246 είπεῖν,
2371 3181 2479 3234 τῶν
2505 3179 2627 3232 καθ’
2670 3180 2817 3249 ἡμᾶς
2863 3179 3167 3232 σπουδαίων
3213 3178 3493 3245 γυναικῶν
3526 3180 3724 3251 ἑτέραν

2144 3272 2245 3325 οὐκ
2269 3272 2459 3340 ἔγνων,
2493 3275 2572 3335 εἰς
2605 3271 2857 3325 τοσοῦτον
2881 3271 3045 3342 ἡθους
3066 3289 3126 3324 τε
3156 3272 3250 3324 καὶ
3271 3272 3599 3343 σεμνότητος
3627 3272 3724 3325 καὶ

2143 3362 2240 3431 τῆς
2274 3360 2442 3431 ἄλλης
2495 3363 2695 3431 ἀρετῆς
2744 3360 3047 3414 ἐπιδοῦσαν.
3116 3359 3317 3429 ’Λλλ’ή
3366 3360 3486 3428 μὲν,
3522 3361 3725 3430 καίπερ

2144 3451 2317 3505 τοιάδε
2346 3447 2500 3513 οὖσα,
2535 3455 2661 3516 τοὺς
2682 3452 2907 3514 πολλοὺς
2940 3451 3248 3505 ἐλάνθανεν.
3276 3451 3412 3505 Ὑπὸ
3435 3453 3722 3524 μετριότη-

2142 3561 2235 3608 τος
2252 3544 2362 3616 γάρ
2382 3544 2621 3614 τρόπων,
2642 3546 2735 3598 καὶ
2759 3544 3093 3614 φιλοσοφίας,
3115 3543 3203 3595 ἀεὶ
3230 3543 3513 3596 λανθάνειν
3528 3546 3724 3614 ἐπετή-

2143 3635 2331 3690 δευεν·
2387 3637 2462 3701 ὡς
2517 3639 2650 3707 μήτε
2709 3639 2787 3700 είς
2843 3637 3060 3706 ἀξίωμα
3110 3632 3359 3687 διακόνου
3420 3635 3725 3687 σπουδάσαι

2146 3727 2445 3798 προελθεῖν,
2483 3729 2641 3798 μήτε,
2671 3726 3111 3798 προτρεπομένου
3139 3725 3398 3788 πολλάκις
3452 3726 3722 3787 Ἰωάννου,

2145 3822 2357 3877 ἑλέσθαι
2380 3822 2511 3875 ποτὲ
2527 3822 2811 3893 παρθένων
2833 3821 3299 3891 ἐκκλησιαστικῶν
3321 3819 3431 3888 (79)
3452 3817 3720 3887 ἡγεῖσθαι.

2145 3916 2418 3983 Μεγίστου
2447 3915 2505 3969 δέ
2533 3913 2698 3983 φόϐου
2749 3916 2913 3969 πᾶσιν
2940 3912 3292 3982 ἐμπεσόντος,
3346 3909 3532 3979 ἐπειδὴ
3567 3909 3724 3978 δῆλον

2141 4001 2209 4078 ἦν
2239 4008 2434 4077 μηκέτι
2487 4006 2800 4068 στασιάζειν
2840 4004 2899 4058 τὸ
2925 4004 3145 4074 πλῆθος,
3183 4002 3415 4073 δημοσίᾳ
3447 3999 3725 4071 προελθὼν

462 4098 571 4154 que
614 4085 880 4138 virtutum
933 4083 1209 4155 fastigium
1280 4087 1607 4155 pervenerit.
1660 4087 1861 4144 Verum
1916 4090 2039 4146 licet

2143 4100 2171 4151 ὁ
2223 4100 2322 4167 τῆς
2381 4098 2588 4159 πόλεως
2636 4097 2898 4168 ὓπαρχος,
2943 4097 3020 4159 ὡς
3057 4096 3324 4159 ἐξετάσων
3359 4094 3429 4147 τὰ
3466 4093 3725 4164 περὶτῆς

462 4176 588 4230 talis
618 4185 877 4246 tantaque
905 4184 1071 4241 esset,
1106 4179 1378 4249 plerisque
1426 4179 1610 4250 ignota
1639 4189 1777 4235 erat.
1814 4181 1945 4236 Nam
1974 4184 2039 4240 ob

2144 4190 2321 4260 πυρᾶς
2355 4188 2449 4242 καὶ
2474 4187 2562 4241 τοῦ
2620 4189 3025 4260 βουλευτηρίου,
3073 4187 3302 4249 πολλοὺς
3326 4184 3580 4255 χαλεπῶς
3610 4186 3722 4236 ἐτι-

464 4267 790 4323 modestiatn
833 4269 1001 4323 animi
1047 4286 1110 4325 ac
1160 4272 1517 4342 philosophia:
1547 4274 1797 4342 .studimn
1841 4290 2036 4344 perpe-

2154 4279 2464 4348 μωρήσατο.
2516 4277 2713 4348 Ἕλλην
2737 4277 2845 4350 γὰρ
2872 4277 2970 4344 ὢν,
3002 4278 3076 4340 ὡς
3105 4274 3414 4344 ἐπεγγελῶν
3441 4276 3561 4336 ταῖς
3587 4290 3725 4341 συμο

462 4367 559 4413 tuo
592 4360 763 4445 latere
814 4361 1065 4415 studebat
1109 4381 1121 4416 :
1174 4362 1244 4415 ita
1278 4370 1336 4416 ut
1393 4378 1493 4417 nec
1541 4364 1805 4419 honorem
1860 4365 2038 4422 diaco-

2143 4369 2331 4437 φοραῖς
2396 4368 2492 4437 τῆς
2535 4367 2879 4439 Ἐκκλησίας,
2928 4368 3022 4422 καὶ
3083 4367 3218 4437 πρὸς
3250 4364 3442 4436 ἡδονὴν
3492 4363 3618 4433 ἔσχε
3659 4361 3724 4415 re

464 4449 628 4502 nissze
682 4463 923 4518 unquam
979 4449 1250 4512 ambierit,
1284 4466 1384 4505 nec
1435 4451 1732 4521 virginibus
1775 4456 2038 4512 ecclesia-
2145 4458 2380 4529 συμϐάν.

464 4538 620 4593 sticis
655 4554 912 4609 praeesse,
969 4539 1094 4593 licet
1121 4538 1330 4595 Joanne
1361 4541 1562 4611 sa'pius
1612 4558 1731 4596 eam
1769 4543 2043 4614 hortante,
2083 4549 2336 4604 voluerit.
2369 4546 2507 4602 Cum
2549 4548 2715 4618 igitur
2749 4547 2942 4617 ingens
3009 4557 3191 4601 metus
3238 4545 3401 4616 356
3463 4545 3723 4602 omnibus

466 4629 699 4699 injectus
729 4641 896 4699 esset,
949 4634 1165 4687 tandem
1201 4634 1290 4688 ubi
1342 4636 1596 4705 apparuit
1639 4638 1897 4707 populum
1966 4658 2073 4698 non
2114 4643 2350 4713 amplius
2396 4642 2741 4703 tumultuari,
2785 4641 3075 4711 praefectus
3123 4640 3296 4702 urbis,
3334 4639 3389 4692 in
3437 4639 3721 4709 publicum

466 4720 768 4790 procedens
796 4730 1054 4793 tanquam
1084 4725 1442 4793 quatstioncm
1503 4725 1788 4783 habiturus
1834 4728 1901 4783 de
1958 4731 2212 4788 incendio
2261 4744 2315 4788 et
2360 4734 2427 4789 de
2491 4734 2659 4788 curia:
2706 4731 3148 4802 conflagratione,
3210 4732 3410 4784 multos
3462 4730 3724 4800 gravibus

1667 4882 1936 4941 VALESII
1972 4887 2412 4951 ANNOTATION
2422 4888 2528 4944 ES.

539 5015 649 5096 (77)
681 5014 906 5096 Γύηξῖια
946 5017 1095 5084 πρὸς
1117 5018 1267 5082 ,ϐίαν
1296 5020 1403 5074 τοῦ
1436 5021 1686 5093 κόσμου.
1718 5024 1878 5081 Deest
1919 5041 2039 5080 ver—-

2150 5026 2290 5080 stola
2315 5025 2493 5079 Sirieii
2511 5040 2682 5095 papae.
2709 5024 2802 5079 llas
2826 5025 3255 5096 virgincslocum
3286 5033 3603 5096 separatum
3626 5024 3725 5079 ha-

2150 5097 2416 5151 bebantin
2440 5094 2695 5159 ecclesia,
2725 5094 2931 5150 tabulis
2963 5097 3382 5157 conclusum,ut
3404 5094 3573 5159 docet.~
3591 5099 3729 5148 Am-

466 5083 991 5161 hutn‘deﬂpéﬁqeav.

544 5103 592 5139 ιιι
620 5102 830 5161 αφῃρεο
876 5102 991 5137 σαν.

536 5155 646 5225 (78)
687 5157 807 5206 Των
824 5102 1119 5226 ,ἓιωτιξιῶν
1155 5157 1517 5226 προτιμῶσα.
1550 5161 1606 5214 ln
1639 5163 1830 5218 codice
1860 5163 2038 5221 Fttke-

465 5224 637 5299 tiano,
663 5239 763 5293 pro
789 5224 1054 5299 vocabulo
1090 5224 1380 5299 βιωτικῶν,
1426 5231 1695 5299 scriptum
1720 5242 1804 5287 est
1826 5234 2036 5299 ἀνθρω-

467 5252 637 5285 umtu,
665 5252 763 5293 νιυ
793 5252 1054 5278 νυυάιυυιυ
1090 5252 1380 5293 ριωτικων,
1426 5252 1695 5299 δυτψιιιηι
1720 5252 1804 5287 ρει
1826 5252 1921 5287 ανυ
2010 5266 2035 5276 -ι

462 5296 653 5373 πίνων,
685 5292 1140 5373 quemadmodum
1173 5298 1333 5373 etiam
1370 5298 1565 5373 legitur
1590 5302 1733 5370 apud
1766 5252 2035 5373 Nicepii‘g-

462 5380 583 5419 rum
619 5366 672 5444 i_n
718 5378 841 5444 cap.
872 5362 964 5426 25,
999 5363 1090 5443 lib;
1130 5379 1249 5444 χιιι..
1285 5364 1386 5418 Sed
1409 5362 1459 5419 et
1488 5362 1858 5437 grammaticae
1889 5362 2032 5444 leges

431 5458 441 5477 ι
463 5435 739 5504 postulant
759 5432 816 5487 ut
846 5432 1199 5503 προτιμῶσαν
1232 5432 1498 5504 legamus.

531 5504 643 5577 (79)
670 5504 984 5577 Παρθένων
1004 5503 1547 5577 ἐκκλησιαστικῶν.
1579 5506 1833 5577 Virgines
1855 5511 2034 5565 eccle-

459 5574 698 5650 siasticse
718 5574 975 5629 dicuntur
991 5575 1060 5650 ad
1084 5575 1490 5650 distinctionem
1520 5574 1707 5650 earum
1731 5595 1850 5648 quae
1867 5581 2029 5650 dcge-

462 5645 591 5695 baut
620 5643 672 5695 in
702 5645 1069 5709 monasteriis,
1095 5660 1215 5715 qua:
1245 5646 1525 5702 monacha:
1548 5643 1801 5702 dicuntur
1829 5643 2028 5720 inlipi-

2151 5166 2368 5237 brosius
2404 5166 2458 5219 in
2479 5165 2745 5220 Sermone
2766 5166 2832 5219 ad
2851 5167 3117 5237 virginem
3142 5166 3374 5234 lapsam.
3401 5163 3723 5237 Oblationes

2142 5235 2269 5289 item
2293 5235 2589 5289 oilercbant
2610 5244 2665 5291 et
2687 5235 3165 5291 communicabant
3188 5250 3438 5290 seorsum
3454 5249 3484 5286 a
3513 5235 3723 5303 reliqua

2141 5306 2515 5364 multitudine.
2541 5307 2891 5375 utcolligitur
2922 5322 2987 5360 ex
3016 5319 3137 5375 cap.
3169 5306 3240 5359 26
3270 5304 3488 5360 concilii
3522 5302 3725 5358 Tribu-

2140 5376 2359 5430 riensis.
2412 5375 2812 5430 Ecclesiastica:
2868 5391 3034 5444 porro
3093 5376 3439 5437 dicebantur.
3476 5389 3543 5429 eo
3576 5375 3723 5444 quod

2138 5447 2392 5515 ascripta:
2422 5452 2602 5501 essent
2630 5446 2753 5500 albo
2781 5443 2881 5500 seu
2904 5444 3205 5499 matricula:
3232 5444 3478 5515 ecclesiae
3507 5463 3520 5515 ;
3549 5443 3724 5515 κατά-

2137 5511 2305 5582 λογον
2332 5515 2616 5586 παρθένων
2646 5525 2721 5587 iet
2769 5515 2956 5587 τάγμα
2988 5525 3178 5587 Avocat
3231 5513 3472 5571 Basilius
3507 5514 3565 5568 in
3599 5511 3724 5587 Epi-

2136 5588 2276 5640 stula
2308 5584 2567 5640 caubnica
2596 5586 2660 5639 ad
2696 5584 3160 5655 Amphilochium.
