4050 6218
330 295 468 354 1577

1426 295 1750 353 HISTORIA
1783 297 2335 356 ECCLESIASTICA.
2376 330 2444 342 —
2477 300 2606 356 LIB.
2652 301 2780 357 VIII.

3455 307 3594 366 1578

331 392 620 481 suppliciis
644 405 840 462 aliecit.
867 404 1001 460 Nam
1025 421 1149 462 cum
1175 415 1324 463 esset
1354 423 1622 481 paganus,
1651 411 1913 467 Ecclesia:
1948 413 2358 469 calamitatibus
2384 412 2680 476 insultans,
2707 427 2776 469 co
2808 411 2959 482 quod
3012 416 3286 473 acciderat
3350 418 3592 475 oblecta-

331 501 512 556 batur.

904 589 1157 646 ΚΕΦΑΛ.
1191 592 1313 650 ΧΔ⁹.

330 683 470 750 Περὶ
493 681 825 754 Εότροπίου
847 681 962 754 τοῦ
991 682 1538 754 ἀναγνώστουκκαὶ
1572 683 1686 752 τῆς
1715 701 1909 754 pasta-

390 749 530 820 ῥίας
553 749 988 823 βολυμσιιάδος,
1027 749 1133 823 ,καὶ
1178 752 1308 819 περὶ
1341 753 1446 806 τοῦ
1476 749 1909 823 λπρεὰϐὐτέρου

406 767 530 817 βίας
588 767 988 873 utvfuuaooc,
1035 767 1133 806 και
1178 767 1308 819 περι
1341 770 1446 806 του
1487 767 1905 823 πρεσϐυτέρου

406 820 654 891 Τιγρίου,
673 838 704 873 ο
729 819 873 873 adid
891 821 996 874 τὸν
1011 822 1347 878 ἐπίσκοπον
1362 821 1644 891 Ἰωάννην
1659 824 1905 889 ἔπαθον,

401 889 652 957 καὶπερὶ
675 891 1073 959 πατριαρχῶν.

413 984 500 1036 Ἐν
524 983 580 1036 δέ
605 983 685 1053 τῷ
709 983 830 1036 τότε
854 983 949 1036 καὶ
973 983 1268 1055 Εὑτρόπιός
1299 1003 1382 1048 τις
1411 984 1765 1056 ἁναγνώστης
1792 985 1904 1056 (80)

329 1075 631 1146 παραχθεὶς
687 1075 780 1127 ἐπὶ
826 1077 892 1145 τῇ
950 1076 1324 1146 καταμηνύσει
1350 1075 1458 1129 τῶν
1480 1075 1826 1146 ἐμϐαλόντων
1846 1076 1908 1130 τὸ

329 1166 464 1239 πῦρ,
484 1167 608 1221 οὔτε
645 1167 872 1238 βοείαις,
908 1166 1031 1221 οὕτε
1065 1166 1260 1234 ξύλοις,
1285 1168 1406 1222 οὔτε
1428 1169 1575 1236 ὄνυξι
1595 1169 1908 1239 ξαινόμενος

330 1260 570 1331 πλευράς
618 1277 679 1313 τε
732 1259 826 1314 καὶ
867 1258 1099 1330 παρειάς
1128 1275 1144 1290 ο
1192 1260 1286 1314 ἐπὶ
1323 1259 1534 1324 τούτοις
1575 1277 1635 1312 τε
1679 1260 1772 1313 καλ⁸
1812 1259 1907 1312 τὸν

331 1351 711 1422 ὑφαπτόμενον
759 1350 834 1422 τῷ
885 1347 1096 1421 σώματι
1156 1351 1365 1422 πυρσὸν
1415 1350 1749 1422 ὑπομείνας,
1811 1351 1906 1404 καὶ

328 1441 501 1495 ταῦτα
552 1442 669 1506 νέος
714 1443 810 1495 καὶ
852 1442 1178 1512 άπαλόχρως
1229 1442 1325 1508 ὣν,
1377 1442 1532 1495 οὑδέν
1555 1441 1910 1512 ὡμολόγησεν

328 1535 546 1589 εἰδέναι.
604 1533 758 1588 Μετὰ
805 1533 862 1586 δὲ
912 1533 1011 1597 τὰς
1071 1533 1358 1604 βασάνους,
1395 1531 1699 1601 ἐγκλείεται
1737 1537 1818 1596 εἰς
1841 1531 1907 1586 τὸ

328 1627 729 1697 δεσμωτήριον
763 1625 894 1680 ἔνθα
914 1625 998 1698 δὴ,
1022 1626 1122 1678 οὑκ
1148 1625 1228 1690 εἰς
1264 1625 1484 1697 μακρὰν
1529 1625 1900 1695 ἐτελεύτησεν.

331 1717 517 1782 Ἀξιον
555 1718 611 1770 δὲ
641 1720 708 1788 τῇ
741 1719 927 1788 γραφῇ
974 1715 1310 1788 παραδοῦναι
1357 1717 1453 1770 καὶ
1480 1715 1540 1768 τὸ
1572 1713 1786 1785 συμϐὰν
1815 1715 1900 1766 ἐπ’

326 1808 474 1878 αὑτῷ
504 1809 656 1879 ὄναρ.
682 1807 902 1878 Σισινίῳ
917 1807 1027 1879 γὰρ
1058 1806 1136 1877 τῷ
1161 1807 1444 1877 ἐπισκόπῳ
1463 1805 1564 1875 τῆς
1587 1806 1696 1858 τῶν
1718 1805 1903 1858 Ναυα-

274 1895 276 1897 ’
327 1901 527 1956 τιανῶν
558 1884 821 1972 αἱρέσεως
844 1892 944 1971 ήδη
969 1897 1302 1963 καθεύδοντι,
1327 1899 1464 1969 ἀνήρ
1484 1915 1567 1962 τις
1588 1896 1776 1950 κάλλει
1804 1896 1899 1950 καὶ

331 1992 547 2064 μεγέθει
580 1992 1060 2063 περιφανέστατος,
1103 1989 1391 2062 παρεστὼς
1413 1989 1494 2059 τῷ
1529 1987 1903 2058 θυσιαστηρίῳ

327 2079 427 2154 τῆς
473 2082 654 2137 αὑτῶν
717 2081 1030 2153 ἐκκλησίας,
1082 2081 1148 2152 ἣν
1197 2082 1277 2144 είς
1299 2080 1468 2150 τιμὴν
1493 2080 1766 2149 Στεφάνου
1808 2077 1904 2130 τοῦ

330 2173 789 2245 πρωτομάρτυρος
827 2171 1195 2243 ᾠκοδόμησεν,
1239 2170 1418 2237 ἔδοξεν
1475 2170 1763 2240 ἀδημονεῖν
1813 2167 1906 2220 ἐπὶ

331 2266 525 2320 σπάνει
556 2263 776 2332 ἀγαθῶν
802 2261 1029 2334 ἀνδρῶν,
1062 2262 1140 2325 ὼς
1174 2261 1365 2315 τούτου
1397 2261 1559 2332 χάριν
1598 2261 1697 2329 τὴν
1725 2260 1907 2313 πᾶσαν

331 2359 482 2412 πόλιν
511 2353 936 2429 περιεληλυθὼς,
979 2351 1074 2407 καὶ
1100 2353 1301 2424 μηδένα
1327 2351 1502 2424 εὑρὼν
1533 2352 1567 2423 ἢ
1607 2351 1768 2422 μόνον
1797 2350 1905 2402 Εὑ-

330 2451 572 2523 τρόπιον.
609 2446 754 2519 Πρὸς
797 2445 854 2498 δὲ
895 2445 996 2516 τὴν
1027 2445 1149 2515 ϐψιν
1195 2444 1566 2512 καταπλαγεὶς
1597 2445 1626 2497 ό
1653 2441 1905 2507 Σισίνιος,

332 2543 468 2614 πρός
499 2559 623 2596 τινα
651 2539 757 2594 τῶν
791 2539 884 2592 ὑπ’
915 2537 1082 2592 αὑτὸν
1134 2537 1470 2591 πιστοτάτων
1520 2534 1907 2608 πρεσϐυτέρων

331 2633 674 2705 ὁμολογήσας
703 2631 764 2684 τὸ
790 2630 943 2701 δναρ,
970 2626 1255 2682 ἐκέλευσεν
1289 2626 1580 2698 ἀναζητεῖν
1606 2627 1696 2681 τὸν
1737 2626 1909 2696 ἄνδρα

333 2725 482 2791 ὅστις
538 2727 645 2797 εἴη.
699 2725 756 2779 '0
807 2724 886 2789 δέ,
943 2721 1212 2794 εὐστόχως
1265 2719 1558 2792 συμϐαλὼν
1593 2719 1672 2782 ὡς
1711 2719 1768 2773 ἐν
1797 2720 1909 2782 τοῖς

335 2817 561 2889 ἔναγχος
603 2819 696 2872 ἐπὶ
744 2816 838 2872 τοῦ
883 2814 1130 2884 ὑπάρχου
1162 2812 1558 2883 βασανισθεῖσιν
1596 2810 1742 2874 εἰκὸς
1770 2804 1910 2864 εἶναι

333 2911 593 2978 τοιοῦτον,
621 2907 848 2980 περιιὼν
876 2907 944 2960 τὰ
975 2906 1342 2978 δεσμωτήρια,
1383 2903 1714 2958 ἐπυνθάνετο
1750 2902 1802 2955 εί
1826 2918 1911 2965 τις

333 3000 482 3056 ἐστὶν
525 3002 583 3054 ἐν
636 3001 819 3063 αὑτοῖς
860 2996 1179 3069 Εὑτρόπιος.
1223 2995 1332 3049 Καὶ
1381 2992 1578 3066 εὑρὼν,
1610 2994 1690 3056 είς
1721 2991 1910 3059 λόγους

333 3088 483 3161 αὐτῷ
535 3085 691 3160 ἦλθε,
738 3087 831 3141 καὶ
861 3085 1158 3156 διηγήσατο
1195 3083 1290 3137 τοῦ
1323 3082 1623 3136 ἐπισκόπου
1654 3081 1715 3135 τὸ
1737 3081 1870 3151 ϐναρ
1893 3099 1906 3112 ο

333 3183 428 3237 καὶ
451 3181 722 3252 δακρύων,
752 3176 1007 3251 εὔχεσθαι
1036 3175 1177 3246 ὑπὲρ
1213 3174 1380 3228 αὑτοῦ
1409 3174 1659 3244 ἐλιπάρει
1679 3190 1693 3204 ο
1721 3173 1816 3225 καὶ
1843 3171 1912 3224 τὰ

1943 614 1990 670 Α

2603 593 2756 651 CAP.
2804 594 2994 652 XXIV.

2015 681 2094 736 De
2118 681 2374 761 Eutropio
2397 684 2607 749 lectore,
2631 698 2680 740 et
2701 687 2765 740 de
2793 687 2944 761 beata
2976 686 3373 761 Olympiade,“
3410 690 3591 761 Tigrin

2080 757 2420 830 presbytero,
2472 768 2671 830 quanta
2713 759 2875 830 passi
2926 757 3304 815 sint'Juannis
3367 757 3592 830 episcopi

2081 822 2265 877 causa.
2298 822 2432 878 Item
2483 822 2547 878 de
2583 822 2924 894 patrihrchis.

2083 974 2289 1031 Eodem
2310 987 2551 1049 tempore
2568 989 2621 1036 et
2637 980 2934 1054 Eutropius
2950 985 3173 1055 quidam
3196 986 3387 1054 lector,
3402 989 3468 1044 ad
3507 991 3559 1044 in
3573 1021 3592 1033 -

2007 1066 2268 1124 dicandos
2293 1085 2388 1125 eos
2409 1073 2500 1142 qui
2523 1073 2700 1143 ignem
2737 1076 2984 1132 ecclesiae
3012 1077 3336 1146 injecerant,
3375 1081 3589 1151 injudi-

2007 1159 2151 1214 cium
2178 1160 2459 1228 inductus,
2487 1166 2702 1220 tametsi
2722 1167 2854 1222 loris
2871 1174 2924 1223 et
2945 1167 3180 1225 fustibus
3196 1171 3511 1238 caederetur,
3536 1181 3591 1228 et

2007 1253 2176 1308 latera
2210 1254 2259 1308 ei
2289 1269 2353 1309 ac
2401 1271 2552 1327 genae
2593 1259 2865 1330 unguibus
2906 1261 3308 1328 Iaccrarentur;
3337 1265 3588 1333 quamvis

2005 1342 2154 1400 faces
2177 1345 2434 1403 ardentes
2463 1353 2678 1420 corpori
2719 1353 2970 1408 admotas
3012 1355 3387 1422 sustinuisset,
3424 1357 3591 1427 idque

2006 1434 2186 1490 adhuc
2208 1437 2529 1496 adolescens
2558 1452 2611 1496 et
2644 1444 2814 1498 teneri
2838 1445 3106 1515 corporis,
3141 1446 3276 1500 nihil
3333 1463 3391 1503 se
3443 1451 3590 1504 scire

2003 1526 2290 1584 confessus
2351 1540 2456 1588 est.
2491 1533 2593 1598 Qui
2617 1543 2741 1604 post
2765 1545 3036 1592 tormenta
3068 1537 3122 1592 in
3151 1553 3425 1594 carcerem
3456 1555 3589 1596 eon-

1997 1615 2198 1684 jectus,
2255 1621 2370 1677 illic
2410 1624 2648 1679 animam
2703 1627 2846 1681 haud
2894 1629 3066 1683 multo
3119 1638 3243 1700 post
3291 1631 3586 1690 exhalavit.

2001 1706 2178 1765 Porro
2210 1727 2390 1782 opera:
2439 1717 2673 1784 pretium
2705 1716 2888 1780 fuerit,
2919 1720 3084 1774 etiam
3133 1723 3406 1776 somnium
3439 1725 3588 1794 quod

2003 1801 2069 1857 de
2109 1803 2200 1857 illo
2225 1804 2425 1860 factum
2452 1815 2554 1872 est,
2585 1809 2711 1863 huic
2740 1811 2892 1882 operi
2923 1811 3182 1868 inserere.
3215 1811 3428 1868 Etenim
3451 1814 3588 1870 Sisi-

2005 1895 2104 1951 nio
2162 1897 2593 1957 Novatianorum
2622 1904 2885 1975 episcopo
2910 1905 3226 1969 dormienti,
3259 1911 3341 1964 vir
3365 1909 3587 1978 quidam

2007 1987 2416 2055 pulchritudine
2441 2000 2497 2046 et
2547 2003 2760 2048 statura
2808 1996 3073 2064 eximius,
3125 2006 3279 2054 stans
3328 2000 3393 2053 ad
3419 2001 3590 2058 altare

2005 2076 2252 2133 ecclesia:
2287 2079 2556 2148 ipsorum,
2590 2098 2752 2154 quam
2786 2085 2841 2139 in
2876 2085 3138 2140 honorem
3163 2086 3429 2161 Stephani
3463 2105 3590 2161 pro-

2007 2171 2334 2242 tomartyris
2387 2171 2817 2240 tedificaverant,
2876 2175 3030 2233 visus
3076 2187 3179 2243 est,
3228 2179 3417 2237 dolore
3454 2195 3590 2236 con-

2008 2260 2186 2318 fcetus
2205 2264 2278 2319 ob
2311 2267 2598 2335 penuriam
2639 2267 2909 2324 bonormn
2943 2272 3185 2327 virorum
3224 2291 3240 2328 :
3272 2276 3473 2345 quippe
3495 2277 3588 2346 qui

2006 2352 2126 2421 ejus
2163 2355 2242 2410 rei
2295 2370 2462 2412 causa
2515 2364 2685 2411 totam
2728 2360 3008 2417 civitatem
3065 2374 3430 2435 peragrasset,
3482 2382 3588 2422 nec

2012 2444 2179 2499 ullum
2219 2454 2414 2514 praeter
2439 2446 2760 2518 Eutmpium
2810 2451 3125 2522 reperisset.
3155 2451 3274 2518 Quo
3314 2457 3434 2509 viso
3473 2465 3589 2510 stu-

2010 2536 2260 2608 peiactus
2283 2535 2547 2602 Sisinius,
2585 2554 2708 2593 cum
2736 2541 2952 2595 cuidam
2987 2543 3308 2614 presbytero
3340 2560 3464 2611 suo,
3498 2551 3586 2601 cui

2009 2628 2249 2683 maxime
2317 2627 2664 2695 conﬁdebat,
2724 2631 3003 2687 somnium
3058 2647 3219 2688 suum
3282 2647 3585 2700 narrasset,

2009 2720 2301 2790 exquirere
2327 2735 2451 2778 eum
2485 2721 2674 2792 jussit,
2715 2723 2970 2792 quisnam
3011 2725 3098 2779 vir
3147 2724 3236 2780 ille
3283 2732 3454 2782 esset.
3491 2727 3589 2782 Ille

2010 2824 2134 2864 eum
2174 2820 2321 2867 recte
2340 2812 2687 2881 coniecisset,
2734 2813 2881 2868 hunc
2904 2816 3133 2875 omnino
3164 2831 3334 2870 unum
3372 2831 3495 2873 esse
3519 2833 3586 2875 ex

2010 2902 2120 2957 illis
2140 2918 2280 2972 quos
2314 2904 2476 2974 paulo
2531 2915 2658 2960 ante
2706 2904 2998 2978 pra'fectus
3041 2907 3287 2976 torqueri
3325 2907 3586 2976 iusserat,

2011 3006 2262 3047 carceres
2291 2992 2648 3049 circumiens.
2681 3000 3035 3062 percontatus
3058 3001 3145 3048 est
3175 3008 3303 3047 num
3333 2993 3461 3062 quis
3489 2992 3590 3048 En-

2012 3085 2228 3154 tropius
2284 3085 2396 3140 illic
2439 3095 2608 3140 esset.
2641 3084 2891 3154 Cumque
2929 3084 3250 3154 repet-isset,
3314 3085 3589 3142 allocutus

2011 3182 2096 3228 est
2120 3174 2293 3236 illum,
2322 3184 2376 3228 et
2411 3175 2652 3244 episcopi
2681 3173 2954 3237 somnium
2993 3175 3044 3229 ei
3083 3176 3303 3229 retulit:
3335 3183 3390 3230 et
3416 3176 3593 3247 lacry-

336 3274 438 3346 μέν
459 3272 600 3327 κατὰ
623 3271 918 3340 Εύτρόπιον
945 3261 1046 3322 ὧδε
1068 3267 1215 3336 ἔσχε.
1250 3263 1496 3337 Ἀνδρεία
1520 3264 1576 3318 δέ
1604 3265 1662 3318 ἐν
1691 3263 1908 3326 ταύταις

2015 3264 2344 3330 mabundus,
2393 3273 2453 3319 ut
2499 3280 2602 3336 pro
2661 3281 2720 3320 se
2777 3265 2945 3320 Deum
2990 3273 3311 3335 precaretur
3356 3268 3589 3337 rogavit.

331 3369 451 3430 ταῖς
480 3365 782 3436 συμφοραῖς
831 3360 1071 3430 ἀνεφάνη
1103 3358 1198 3412 καὶ
1234 3355 1538 3427 Ὀλυμπιὰς
1566 3357 1600 3425 ή
1643 3354 1908 3416 διάκονος.

343 3457 498 3511 Ἐπεὶ
523 3456 628 3528 γὰρ
655 3456 720 3508 ἐκ
767 3451 969 3523 ταύτης
1015 3453 1114 3521 τῆς
1136 3448 1315 3511 αἰτίας
1350 3449 1431 3509 είς
1470 3446 1532 3499 τὸ
1563 3446 1912 3516 δικαστήριον

337 3548 609 3620 παρήχθη,
666 3545 974 3615 πυθομένου
1011 3541 1104 3596 τοῦ
1141 3539 1388 3610 ὑπάρχου
1445 3537 1500 3589 τί
1565 3536 1765 3608 δήποτε
1813 3535 1912 3605 τὴν

335 3639 624 3711 ἐκκλησίαν
687 3636 1009 3706 ἐνέπρησεν,
1050 3629 1419 3693 ὑπολαϐοῦσα,
1456 3628 1569 3699 Οὐχ
1590 3628 1752 3698 αὕτη,
1784 3628 1911 3697 ἔφη,

334 3732 427 3786 τοῦ
475 3730 607 3802 ἐμοῦ
663 3728 779 3799 βίου
809 3728 842 3798 ἡ
874 3724 1191 3797 προαίρεσις
1217 3738 1231 3753 ·
1263 3720 1464 3791 πολλὴν
1498 3720 1608 3790 γὰρ
1634 3713 1803 3772 οὖσαν
1832 3720 1912 3781 εις

335 3823 630 3881 ἀνανέωσιν
688 3819 833 3875 ναῶν
875 3817 1010 3872 Θεοῦ
1049 3814 1149 3886 τὴν
1193 3813 1381 3867 οὐσίαν
1409 3810 1680 3866 ἀνάλωσα.
1715 3808 1823 3863 Τοῦ
1856 3809 1914 3863 δὲ

333 3914 422 3968 τὸν
476 3912 643 3984 αὐτῆς
695 3909 808 3980 βίον
868 3905 1188 3962 ἐπίστασθαι
1233 3903 1502 3972 λέγοντος,
1563 3899 1771 3954 Οὐκοῦν
1830 3901 1912 3962 εἰς

335 4006 640 4077 κατηγόρου
666 4003 820 4072 τάξιν
848 3998 1138 4072 μετάϐηθι,
1157 3997 1284 4068 ἔφη,
1308 3994 1402 4049 καὶ
1449 3994 1634 4066 ἕτερος
1667 3993 1798 4063 ἡμῖν
1829 3991 1910 4044 δι-

335 4099 515 4150 κάσει.
561 4091 902 4166 Ἀμαρτύρου
955 4090 1012 4143 δέ
1061 4089 1160 4161 τῆς
1219 4087 1554 4158 κατηγορίας
1603 4083 1791 4157 οὔσης,
1837 4082 1912 4154 μὴ

336 4184 474 4255 ἔχων
501 4185 529 4238 ὁ
562 4181 808 4255 ύπαρχος
859 4182 888 4237 ὂ
942 4197 996 4234 τι
1025 4179 1250 4242 δικαίως
1283 4177 1583 4248 μέμψαιτο,
1606 4175 1914 4248 ὴπιώτερόν

335 4291 452 4338 πως
505 4276 586 4338 είς
630 4272 820 4345 ἐτερον
876 4269 1084 4342 μετέϐη
1112 4268 1388 4340 ἔγκλημα.
1440 4269 1550 4326 Καὶ
1578 4267 1653 4334 ὡς
1688 4269 1747 4323 ἐν
1774 4283 1911 4336 συμ-

335 4367 520 4439 ϐουλῇ,
543 4365 728 4422 ἄνοιαν
739 4365 874 4436 αὐτῇ
899 4366 993 4422 καὶ
1005 4367 1124 4430 ταῖς
1145 4363 1334 4426 ἄλλαις
1355 4359 1599 4430 γυναιξὶν
1615 4359 1914 4432 ἐμέμφετο.

333 4459 416 4514 ὅτι
458 4458 557 4530 τὴν
602 4459 682 4522 εἰς
718 4456 807 4510 τὸν
841 4455 1139 4509 ἐπίσκοπον
1181 4453 1464 4509 κοινωνίαν
1497 4450 1759 4523 ἠρνοῦντο
1777 4446 1914 4522 (81).

334 4549 456 4614 ἐξὸν
505 4547 945 4619 μεταμεληθῆναι
1009 4546 1106 4603 καὶ
1155 4543 1499 4615 πραγμάτων
1544 4539 1911 4611 ἀπηλλάχθαι.

2013 3357 2191 3427 Atque
2231 3356 2345 3412 hazc
2387 3366 2517 3424 sunt
2570 3372 2693 3428 quae
2737 3355 3002 3426 Eutropio
3052 3357 3423 3426 contigerunt.
3467 3355 3588 3411 Jam

2014 3462 2148 3503 vero
2187 3446 2469 3519 Olympias
2507 3462 2725 3517 quoque
2770 3447 3105 3510 diaconissa,
3136 3447 3192 3500 in
3245 3448 3351 3501 hoc
3403 3462 3590 3503 rerum

2012 3538 2334 3594 discrimine
2374 3537 2750 3591 fortitudinem
2781 3537 2951 3591 animi
2983 3539 3069 3592 sui
3093 3537 3415 3593 declaravit.
3450 3538 3589 3593 Nam

2011 3640 2137 3680 cum
2163 3627 2409 3681 eamdem
2435 3627 2502 3682 ob
2520 3641 2744 3680 causam
2781 3627 2835 3680 in
2855 3625 3126 3696 judicium
3161 3627 3398 3684 adducta
3419 3637 3589 3691 esset,

2012 3717 2372 3790 interroganti
2436 3717 2694 3788 prazfecto
2746 3733 2847 3772 cur
2874 3717 3160 3774 ecclesiam
3226 3720 3588 3784 incendisset.

2012 3806 2335 3878 respondit:
2363 3806 2482 3861 Non
2513 3816 2594 3862 est
2629 3807 2734 3862 hoc
2764 3809 2888 3862 vitae
2939 3823 3074 3864 mea:
3107 3809 3440 3865 institutum.
3475 3809 3590 3879 Ego

2011 3899 2158 3954 enim
2189 3897 2474 3954 facultates
2499 3913 2649 3953 meas
2683 3913 2806 3969 qua:
2839 3900 3024 3955 multm
3051 3907 3285 3955 erantet
3315 3901 3587 3964 maximae.

2013 3991 2228 4060 templis
2260 3989 2353 4045 Dei
2381 3991 2756 4047 instaurandis
2804 3991 3064 4062 impendi.
3097 3992 3344 4060 Cumque
3374 3992 3464 4045 illc
3503 3991 3587 4044 di-

2011 4095 2162 4140 ceret
2231 4084 2337 4139 sibi
2395 4084 2566 4155 probe
2622 4084 2902 4154 cognitam
2975 4097 3099 4136 esse
3171 4082 3318 4136 illius
3370 4081 3587 4139 vivendi

2012 4175 2308 4243 rationem,
2363 4175 2600 4244 subjecit
2651 4173 2788 4228 illa:
2841 4172 2923 4227 Tu
2975 4187 3106 4242 ergo
3143 4170 3198 4226 in
3241 4172 3590 4227 accusatoris

2012 4269 2194 4326 locum
2227 4267 2424 4332 transi,
2457 4274 2511 4322 et
2544 4265 2689 4326 alius
2712 4264 2781 4322 de
2809 4264 2968 4324 nobis
2990 4261 3220 4333 judicct.
3255 4261 3430 4318 Porro
3461 4255 3587 4319 eum

2013 4358 2295 4414 accusatio
2335 4356 2569 4412 testibus
2614 4354 3043 4418 destitueretur.
3113 4353 3404 4424 praefectus
3449 4353 3589 4409 nihil

2016 4449 2224 4506 habens
2239 4446 2385 4522 quod
2403 4446 2528 4517 jure
2548 4445 2817 4516 culparet,
2837 4447 2998 4518 paulo
3015 4445 3340 4504 clementius
3358 4445 3426 4500 ad
3443 4446 3588 4501 aliud

2014 4543 2226 4599 crimen
2276 4555 2336 4597 se
2368 4539 2665 4595 convertit.
2719 4539 2798 4592 Ae
2826 4537 2991 4594 veluti
3039 4536 3358 4593 consulendi
3389 4535 3591 4607 gratia,

347 4640 485 4696 Ἀλλ’
521 4641 576 4694 al
607 4640 725 4714 μὲν,
743 4638 848 4694 ὑπὸ
870 4638 1024 4700 δέους
1047 4636 1171 4695 τάδε
1192 4635 1270 4706 τῷ
1289 4633 1518 4706 ὑπάρχῳ
1547 4630 1908 4704 προστάξαντι

2015 4629 2176 4704 357
2235 4639 2344 4684 tam
2397 4627 2704 4699 Olympiadi
2762 4641 2929 4698 quam
2984 4626 3212 4697 reliquis
3265 4627 3592 4684 mulieribus

335 4728 486 4800 εἶξαν
511 4749 523 4762 ·
563 4733 597 4802 ἡ
620 4731 677 4786 δέ
711 4729 1032 4800 Ὀλυμπιὰς,
1072 4728 1147 4782 υὺ
1193 4727 1420 4791 δίκαιον,
1455 4725 1584 4795 ἔφη,
1611 4724 1710 4794 τὴν
1747 4725 1805 4776 ἐν
1833 4720 1914 4792 τῷ

339 4822 532 4892 πλήθει
593 4820 698 4874 ὑπὸ
749 4817 1110 4886 συκοφαντίας
1157 4815 1412 4882 ἁλοῦσαν,
1453 4818 1511 4870 ἐν
1539 4815 1595 4868 δέ
1627 4816 1737 4876 τοῖς
1771 4812 1916 4866 δικα-

337 4912 580 4984 στηρίοις
614 4914 701 4966 ἐπ’
730 4911 906 4966 οὐδενὶ
942 4909 1050 4964 τῶν
1077 4910 1565 4982 κατηγορουμένων
1591 4903 1916 4978 διελεγχθεῖ-

341 5022 460 5068 ταν,
521 5005 602 5066 είς
655 5002 949 5070 ἀπολογίαν
982 5001 1235 5056 ἕλκεσθαι
1282 5000 1542 5072 μέμψεων
1587 4996 1913 5058 ἁνευθύνων.

2015 4720 2312 4777 amentiam
2366 4719 2746 4789 exprobravit,
2796 4732 2921 4787 qua:
2977 4717 3420 4773 communionem
3471 4717 3590 4788 epi-

2017 4815 2172 4884 scopi
2215 4813 2302 4870 sui
2352 4819 2745 4867 aversarentur
2782 4830 2794 4864 :
2833 4825 2956 4864 cum
3003 4809 3330 4880 resipiscere
3363 4811 3497 4880 ipsis
3526 4810 3595 4864 li-

2019 4897 2190 4970 ceret,
2221 4919 2393 4975 seque
2418 4903 2566 4972 ipsas
2592 4900 2863 4957 molestiis
2902 4899 3162 4956 omnibus
3197 4898 3455 4953 liberare.
3482 4897 3592 4952 Sed

2025 5003 2234 5052 caeteras
2281 4991 2503 5064 quidem
2557 4989 2819 5062 praefecto
2864 4991 2969 5045 ista
3021 4987 3358 5059 praecipient’
3409 5003 3594 5044 cesse—

350 5096 669 5170 Ἐπίτρεψον
727 5091 820 5150 οὖν
861 5111 971 5168 μοι,
1028 5095 1161 5167 πρὸς
1211 5093 1309 5165 τὴν
1376 5092 1649 5165 προτέραν
1701 5088 1908 5161 γραφὴν

2027 5093 2175 5140 runt.
2209 5081 2503 5154 Olympias
2545 5095 2700 5142 vero,
2735 5078 2955 5136 Minime
2993 5091 3207 5147 aequum
3251 5074 3588 5144 est,'inquit,

1538 5245 1808 5301 VALESII
1848 5238 2406 5299 ANNOTATIONES.

431 5348 521 5418 80)
587 5350 932 5418 Εὑτρόπιοςν
961 5343 1388 5418 ἀναγνώστηςη
1428 5341 1603 5418 Ilujus
1659 5339 1907 5418 meminit

338 5410 618 5476 Palladius
641 5410 850 5474 in'Vita
882 5410 1258 5487 Chrysostomi
1303 5410 1596 5487 sublinem
1623 5429 1638 5487 ξ
1663 5410 1752 5468 ubi
1782 5426 1905 5464 eum

335 5489 545 5561 ψάλτην
590 5500 767 5553 vocat,
825 5487 970 5561 quod
999 5482 1161 5561 idem
1194 5493 1298 5539 est.
1346 5482 1518 5561 Iidem
1544 5483 1726 5561 enim.
1750 5487 1908 5534 erant

339 5549 525 5629 psaltria
561 5569 614 5615 et
640 5549 895 5630 lectores.
926 5554 1081 5630 Unde
1110 5555 1307 5630 juncto
1324 5549 1908 5630 νοεθϋυξοψαλτανα-

336 5619 574 5698 γνώσται
600 5630 858 5684 dicuntur
887 5629 939 5681 in
978 5619 1212 5698 Novelli:
1245 5622 1373 5692 imp.
1427 5619 1743 5698 Justiniani.

406 5700 515 5770 (δι)
549 5701 666 5768 Τὴν
689 5703 775 5764 εἰς
792 5699 896 5752 τὸν
921 5696 1257 5750 ἐπίσκοπον
1290 5689 1605 5746 κοινωνίαν
1633 5689 1912 5760 ᾑροῦντο.

658 5793 926 5858 [ab-mm“
961 5789 1071 5846 (in.
1103 5784 1342 5850 LXVII.

2014 5337 2072 5392 ιιι
2129 5336 2318 5392 codice
2383 5332 2684 5392 Fuketiano
2743 5330 3596 5405 scriptuminventrigvoﬁvgoi

2014 5409 2175 5479 longe
2213 5406 2430 5479 rectius
2500 5418 2621 5479 meo
2678 5398 2897 5479 quidem
2948 5402 3180 5479 judicio.
3237 5398 3442 5479 Eodem
3481 5398 3596 5479 fere

2016 5423 2104 5464 ιοη
2144 5423 2175 5461 e
2224 5423 2430 5460 rectius
2500 5423 2621 5457 meo
2678 5423 2897 5472 qutucm
2951 5423 3180 5471 leOICIO.
3237 5423 3438 5455 nouem
3482 5423 3596 5454 ture

2016 5423 2181 5535 mago
2212 5476 2460 5546 loquitur
2507 5472 2910 5546 Constantinus
2947 5470 3328 5546 imperatoria
3361 5469 3597 5546 cpistola

2019 5547 2084 5602 ad
2106 5537 2478 5602 Alexandrum
2517 5551 2570 5601 et.
2597 5543 2788 5600 Arium
2816 5559 2830 5598 :
2861 5544 2893 5610 ὴ
2931 5537 3039 5612 μὲν
3059 5538 3309 5594 κοινωνία
3356 5537 3596 5661 ηρνήθη.

2027 5616 2339 5661 Maluissem
2385 5615 2552 5661 etiam
2584 5613 2771 5661 dicere
2817 5610 2914 5661 τὴν
2964 5611 3099 5661 πρὸς
3155 5609 3246 5661 τὸν
3298 5610 3368 5661 ἐπ
3397 5624 3596 5661 exorto-1

2025 5616 2339 5672 Maluissem
2385 5615 2552 5670 etiam
2584 5613 2771 5668 dicere
2817 5609 3099 5733 τηνπρὸς
3155 5609 3246 5663 τὸν
3298 5609 3600 5666 ἐπίσκοπον

2027 5688 2328 5734 κοινωνίαν.
2355 5685 2447 5734 Sic
2479 5683 2626 5734 enim
2666 5680 2841 5734 (ἓτωεί
2895 5695 3020 5734 omn
3040 5680 3241 5734 solent.

2895 5695 3020 5753 oqm
3040 5695 3241 5736 scient.

3217 5771 3288 5834 50

2027 5688 2328 5743 κοινωνίαν.
2355 5685 2447 5740 Sic
2479 5683 2626 5739 enim
2666 5680 2841 5738 (ἔτωοί
