4050 6218
496 297 649 354 1579

1941 289 2288 347 SOZOMENI

3614 296 3760 352 [580

498 425 562 471 ut
610 429 735 486 qua:
776 414 832 468 in
883 413 1244 470 multitudine
1290 429 1386 484 per
1430 413 1762 468 calumniam
1808 421 1988 483 capta,
2023 413 2076 466 in

2183 413 2514 484 συνηγόρους
2553 414 2978 485 προστήσασθαι.
3019 416 3080 469 Ei
3117 415 3227 487 γὰρ
3265 417 3598 488 παρανόμως
3639 419 3766 487 βια-

492 505 704 574 judicio
753 519 886 559 vero
939 505 1152 559 nullius
1201 505 1456 560 criminis
1512 504 1763 558 convicta
1819 519 1976 566 sum,
2009 503 2078 557 ad

498 595 878 652 defensionem
932 596 1124 650 trahar
1167 597 1521 666 querelarum
1565 612 1686 666 qua:
1725 595 1780 648 in
1808 594 2074 664 judicium

496 703 608 743 non
653 686 927 741 venerint.
981 685 1246 742 Permitte
1295 687 1463 756 igitur
1514 685 1649 740 mihi
1703 693 1762 740 nt
1811 685 2076 740 adversus

496 783 736 851 priorem
767 779 1179 834 accusationem
1215 785 1482 850 patronos
1509 777 1823 832 adhibeam.
1853 776 1990 831 Nam
2028 778 2076 832 si

496 879 692 926 contra
743 870 838 938 jus
883 884 948 924 ac
998 867 1148 938 leges
1204 877 1397 923 coacta
1451 867 1607 924 fuero
1659 869 2072 924 communicare

499 963 610 1018 illis
638 961 840 1032 quibus
872 975 982 1014 non
1014 967 1257 1031 Oportet,
1290 975 1400 1014 non
1453 959 1651 1014 faciam
1688 959 1741 1013 id
1788 959 1932 1028 quod
1967 959 2074 1028 piis

496 1053 657 1109 nefas
700 1060 784 1108 est
827 1052 1028 1106 facere.
1062 1051 1364 1107 Praefectus
1408 1065 1542 1123 ergo
1590 1065 1719 1106 cum
1758 1050 1811 1104 ei
1851 1065 2074 1121 persua-

496 1145 626 1198 dere
675 1157 788 1196 non
833 1150 1022 1212 posset
1070 1150 1130 1196 ut
1160 1157 1286 1196 eum
1333 1141 1564 1197 Arsacio
1609 1143 2070 1207 communicaret,

497 1242 612 1287 tum
648 1233 869 1303 quidem
920 1248 1040 1289 eam
1077 1233 1311 1298 dimisit,
1338 1250 1452 1305 quo
1485 1234 1782 1290 advocatos
1822 1250 1953 1290 suos
1991 1234 2074 1288 in-

495 1333 758 1381 strueret.
794 1325 987 1380 Altero
1045 1334 1225 1380 autem
1250 1325 1339 1380 die
1368 1339 1494 1380 eum
1533 1340 1652 1381 eam
1682 1325 1928 1381 exhiberi
1953 1325 2073 1396 jus-

2185 503 2370 575 σθείην
2417 500 2499 568 οἷς
2551 506 2627 575 μὴ
2661 505 2742 558 δεῖ
2766 508 3065 570 κοινωνεῖν,
3107 507 3168 560 οὒ
3192 508 3404 578 ποιήσω
3436 507 3472 561 ἃ
3497 509 3571 580 μὴ
3600 509 3764 580 θέμις

2181 597 2295 659 τοῖς
2325 595 2664 652 εὐσεϐοῦσιν.
2706 597 2764 650 '0
2792 596 2871 657 δὲ,
2893 598 2968 660 ὡς
2986 599 3086 651 οὐκ
3114 598 3330 652 ἔπεισεν
3353 599 3520 670 αὐτὴν
3561 601 3763 670 Ἀρσαο

2181 687 2285 757 κίῳ
2307 689 2610 751 κοινωνεῖν,
2629 687 2752 740 τότε
2778 689 2875 758 μὲν
2887 688 3038 758 ἠφίει
3061 688 3137 752 ὡς
3164 688 3494 760 συνηγόρους
3517 688 3768 756 διδάξου-

2181 795 2279 831 σαν
2303 796 2315 808 ·
2351 779 2409 831 ἐν
2452 779 2616 850 ἑτέρᾳ
2645 779 2700 832 δὲ
2750 778 3106 850 παραγαγὼν,
3150 777 3344 832 πολλοῦ
3373 779 3596 850 χρυσίου
3626 796 3767 833 κατ-

2178 869 2454 924 εδίκασεν·
2501 870 2638 941 ᾤετο
2684 871 2791 943 γὰρ
2844 868 3016 934 οὕτως
3065 871 3235 943 αὐτὴν
3287 871 3615 942 μεταθήσειν
3660 873 3764 941 τῆς

2177 959 2422 1032 γνώμης.
2462 961 2601 1014 Ἀλλ’
2641 962 2675 1032 ἡ
2712 960 2810 1032 μὲν
2834 962 2941 1015 τῶν
2984 963 3280 1033 χρημάτων
3311 961 3659 1032 ὑπεριδοῦσα,
3696 966 3762 1018 οὐ

2177 1051 2460 1122 καθυφῆκε
2477 1069 2491 1084 ο
2517 1052 2610 1105 καὶ
2635 1052 3010 1108 καταλιποῦσα
3042 1053 3138 1124 τὴν
3165 1053 3762 1119 Κωνσταντινούπολιν,

2178 1144 2237 1197 ἐν
2289 1143 2510 1214 Κυζίκῳ
2581 1144 2866 1215 διέτριϐεν.
2931 1146 3018 1199 Ἐν
3084 1145 3252 1215 δὲτῷ
3286 1145 3406 1199 τότε
3455 1146 3630 1216 καιρῷ
3661 1146 3762 1199 καὶ

2176 1233 2397 1304 Τίγριος
2456 1233 2827 1305 πρεσϐύτερος
2884 1235 2981 1306 τῆς
3019 1234 3245 1306 ἐσθῆτος
3291 1235 3623 1305 γυμνωθεὶς,
3665 1237 3762 1288 καὶ

2175 1327 2317 1380 κατὰ
2347 1325 2517 1380 νώτου
2539 1325 2926 1397 μαστιγωθεὶς,
2957 1327 3124 1390 πόδας
3157 1327 3250 1381 καί
3265 1330 3454 1398 χεῖρας
3475 1327 3763 1397 δεδεμένος

421 1433 428 1437 '
497 1420 683 1483 sisset,
723 1431 921 1488 magno
956 1418 1077 1472 auri
1126 1417 1368 1488 pondere
1423 1417 1703 1471 multavit.
1777 1414 1874 1472 Sic
1921 1418 2067 1472 enim

2182 1419 2466 1483 Βιαταθεὶς,
2493 1419 2712 1488 διελύθη
2741 1418 2814 1473 τὰ
2853 1418 3052 1491 ἄρθρα.
3091 1419 3336 1488 Ἐγένετο
3363 1419 3420 1472 δὲ
3454 1413 3608 1483 οὗτος
3632 1418 3761 1487 βάρ-

496 1512 649 1568 illam
681 1526 708 1565 a
743 1510 1017 1566 sententia
1075 1524 1176 1566 sua
1225 1523 1346 1564 sese
1396 1507 1764 1564 abducturum
1814 1509 2064 1580 putabat.

497 1601 700 1659 Verum
741 1602 834 1656 illa
875 1601 1138 1672 pecunias
1167 1607 1552 1662 contemnens.
1587 1602 1904 1656 nullatenus
1948 1616 2070 1656 ces-

497 1697 606 1760 sit;
639 1700 694 1748 et
723 1693 912 1747 relicta
946 1690 1443 1762 Constantinopoli,
1474 1692 1528 1745 in
1561 1693 1696 1748 urbe
1732 1691 1934 1762 Cyzico
1967 1691 2066 1746 do-

2174 1514 2341 1582 6αρος
2391 1510 2456 1564 τὸ
2478 1511 2655 1579 γένος,
2686 1509 2788 1564 οὐκ
2817 1511 2884 1564 ἐκ
2931 1510 3158 1581 γενετῆς
3191 1507 3480 1579 εὐνοῦχος*
3515 1511 3574 1563 ἐν
3605 1511 3760 1583 οἰκίᾳ

2171 1603 2228 1656 δέ
2259 1619 2399 1666 τινος
2424 1601 2532 1654 τῶν
2572 1602 2630 1654 ἐν
2681 1601 2908 1671 δυνάμει
2965 1599 3034 1653 τά
3092 1599 3282 1670 πρῶτα
3304 1599 3617 1664 δουλεύσας,
3663 1604 3759 1655 καὶ

2174 1694 2482 1758 ἐπαινεθεὶς
2525 1693 2677 1764 παρὰ
2717 1690 2812 1745 τοῦ
2860 1691 3218 1762 κεκτημένου,
3255 1691 3514 1763 μετέσχεν
3544 1692 3760 1746 ἐλευθε-

496 1786 758 1840 tnieilium
792 1784 930 1838 fixit.
960 1783 1116 1838 Tune
1142 1784 1308 1839 etiam
1335 1783 1558 1854 Tigrius
1582 1783 1868 1854 presbyter
1899 1782 2072 1838 vesti-

2182 1787 2322 1859 ρίας.
2357 1787 2450 1850 Εἰς
2473 1783 2842 1857 πρεσϐυτέρου
2872 1782 2928 1836 δὲ
2955 1782 3112 1848 ἀξίαν
3137 1780 3438 1853 προελθὼν,
3478 1782 3556 1853 τῷ
3577 1782 3754 1854 χρόνῳ

497 1877 700 1932 mentis
745 1885 948 1931 exutus
988 1883 1042 1930 et
1084 1883 1237 1945 tergo
1283 1873 1475 1946 flagris
1523 1889 1729 1938 czesus,
1763 1874 2076 1944 vinetisque

498 1967 732 2038 pedibus
762 1981 827 2021 ac
859 1966 1113 2022 manibus
1142 1967 1198 2021 in
1233 1967 1470 2036 equuleo
1495 1973 1781 2031 extensus,
1816 1964 2076 2022 membris

495 2055 802 2110 dissolutus
845 2062 952 2109 est.
988 2051 1119 2106 Erat
1163 2051 1254 2107 hic
1305 2051 1582 2108 Barbarus
1625 2054 1870 2118 natione,
1903 2067 2079 2107 eunu-

496 2149 635 2204 chus
684 2145 927 2217 quidem,
979 2145 1078 2200 sed
1121 2158 1231 2199 non
1280 2143 1352 2199 ab
1399 2144 1640 2214 origine.
1693 2144 1798 2210 Qui
1844 2160 1971 2201 cum
2021 2145 2074 2198 in

498 2243 662 2298 domo
713 2237 1006 2308 cujusdam
1055 2236 1296 2308 potentis
1339 2251 1535 2292 servus
1591 2235 1808 2302 fuisset,
1852 2237 2078 2294 domino

500 2348 603 2389 suo
635 2332 928 2402 probatus,
963 2329 1270 2384 libertatem
1300 2337 1601 2384 meruerat.
1624 2327 1819 2384 Postea
1851 2345 1982 2385 vero
2010 2330 2076 2384 ad

500 2423 832 2497 presbyterii
867 2421 1096 2494 gradum
1129 2428 1441 2492 promotus,
1475 2435 1745 2492 processu
1793 2422 2076 2493 temporis,

502 2516 750 2572 moribus
779 2513 1250 2570 eommodissimis
1278 2513 1545 2584 praeditus
1576 2515 1846 2584 apparuit,
1873 2523 1928 2570 et
1956 2516 2078 2586 pla-

497 2611 664 2667 cidus
705 2615 873 2678 atque
901 2621 1031 2679 erga
1070 2621 1343 2678 pauperes
1386 2621 1450 2660 ac
1476 2609 1818 2678 peregrinos,
1847 2608 1896 2664 si
1923 2608 2078 2679 quis-

499 2715 665 2771 quam
700 2699 867 2763 alius,
901 2695 1366 2767 benignissimus.
1402 2692 1468 2747 Et
1502 2693 1619 2749 haec
1660 2695 1882 2765 quidem
1925 2705 2078 2765 gesta

502 2801 632 2848 sunt
658 2788 1158 2858 Constantinopoli.
1193 2787 1300 2844 Per
1333 2787 1478 2842 idem
1511 2795 1752 2856 tempus,
1779 2803 1904 2843 cum
1937 2787 2078 2841 Siri-

501 2884 625 2940 cius
684 2883 847 2937 annis
899 2877 1243 2950 quindecim,
1295 2885 1351 2932 et
1401 2885 1523 2948 post
1573 2895 1696 2934 eum
1752 2879 2078 2936 Anastasius

498 2976 684 3030 tribus
731 2973 893 3028 annis
927 2970 1308 3041 episcopatum
1351 2968 1612 3025 Romanae
1654 2971 1809 3027 urbis
1841 2971 2078 3026 admini-

504 3073 760 3129 strassct,
819 3060 1175 3117 Innocentius
1231 3059 1287 3114 in
1337 3075 1529 3115 eorum
1563 3061 1742 3117 locum
1780 3064 2070 3118 successit.

499 3155 813 3212 Antiochia
831 3169 978 3209 vero
1001 3164 1250 3209 mortuus
1272 3161 1356 3208 est
1384 3151 1702 3216 Flavianus,
1719 3153 1812 3222 qui
1848 3152 2076 3212 Joannis

503 3243 842 3316 depositioui
871 3243 1300 3312 haudquaquam
1334 3249 1714 3297 consenserat.
1750 3243 1922 3312 Cujus
1956 3245 2076 3302 loco

494 3333 846 3405 Porphyrius
914 3330 1308 3391 Antiochensis
1381 3328 1642 3384 Ecclesiae
1701 3331 2075 3387 sacerdotium

503 3425 767 3497 suscepit.
791 3423 900 3491 Qui
951 3435 1077 3478 eum
1129 3419 1593 3477 condemnationi
1652 3418 1882 3478 Joannis
1942 3425 2077 3481 sub-

2175 1875 2401 1947 διεφάνη
2433 1875 2492 1929 τὸ
2525 1870 2655 1946 ἦθος
2695 1873 3118 1936 ἐπιεικέστατος,
3157 1872 3250 1926 καὶ
3280 1873 3476 1947 πρᾶος,
3501 1871 3597 1926 καὶ
3627 1872 3756 1944 περὶ

2179 1967 2604 2038 τοὺςδεομένους
2635 1966 2729 2020 καὶ
2783 1965 2986 2031 ξένους,
3013 1963 3169 2036 εἴπερ
3188 1981 3272 2027 τις
3293 1963 3473 2027 ἄλλος,
3501 1963 3755 2028 δεξιώτα-

2177 2077 2287 2124 τος.
2315 2059 2426 2113 Καὶ
2441 2058 2509 2112 τὰ
2537 2058 2633 2128 μὲν
2658 2059 2716 2110 ἐν
2746 2054 3332 2120 Κωνσταντινουπόλει,
3361 2054 3538 2109 τοιάδε
3561 2051 3648 2127 ἦν.
3667 2056 3754 2109 Ἐν

2175 2149 2348 2221 τούτῳ
2375 2148 2433 2202 δὲ
2471 2146 2712 2219 Σιρικίου
2736 2147 2834 2217 τὴν
2864 2145 3150 2217 Ῥωμαίων
3175 2145 3476 2217 ἐπισκοπὴν
3502 2145 3633 2199 δέκα
3658 2145 3754 2199 καὶ

2177 2242 2338 2297 πέντε
2395 2241 2741 2305 διανύσαντος
2803 2240 2920 2311 ἐτη,
2959 2239 3311 2293 Ἀναστασίου
3351 2237 3404 2291 δὲ
3433 2237 3573 2308 τρία,
3607 2238 3749 2308 μετὰ

2177 2334 2366 2388 τοῦτον
2416 2333 2726 2396 Ἰνοκέντιος
2767 2330 2971 2401 ταύτην
3021 2330 3260 2402 ἐπλήρου
3319 2329 3416 2400 τὴν
3474 2326 3747 2398 διαδοχήν.

2191 2425 2538 2498 Ἐτελεύτησε
2581 2425 2641 2478 δὲ
2692 2425 2786 2479 καὶ
2834 2422 3150 2488 Φλαϐιανδς,
3202 2421 3278 2492 μὴ
3319 2420 3646 2490 συνθέμενος
3686 2422 3752 2490 τῇ

2191 2519 2436 2573 Ἰωάννου
2469 2516 2787 2588 καθαιρέσει
2813 2532 2827 2545 ο
2859 2514 3161 2585 διαδέχεται
3195 2513 3251 2566 δὲ
3294 2512 3392 2583 τὴν
3435 2511 3753 2581 ’Λντιοχέων

2189 2607 2515 2678 Ἐκκλησίαν
2543 2605 2878 2678 Πορφύριος·
2925 2604 3017 2657 καὶ
3072 2601 3259 2672 ἐπειδὴ
3289 2603 3402 2664 τοῖς
3433 2600 3554 2654 κατ’
3590 2597 3752 2652 αὐτοῦ

2179 2698 2539 2768 κεχρημένοις
2588 2693 2984 2765 ἐπεψηφίσατο,
3016 2687 3199 2745 πολλοὶ
3230 2691 3337 2745 τῶν
3367 2693 3424 2744 ἐν
3460 2689 3632 2761 Συρίᾳ
3659 2687 3755 2758 τῆς

2179 2790 2365 2844 ἐνθάδε
2425 2789 2749 2859 Ἐκκλησίας
2795 2785 3213 2858 ἐχωρίσθησαν·
3261 2784 3382 2838 καθ’
3441 2783 3671 2845 ἑαυτούς
3696 2797 3755 2834 τε

2177 2881 2278 2944 τὰς
2327 2879 2577 2942 συνόδους
2630 2879 2961 2951 ποιούμενοι,
2989 2877 3326 2949 πραγμάτων
3355 2875 3450 2930 καὶ
3489 2873 3756 2949 πλείστων

2177 2972 2365 3028 δεινῶν
2391 2971 2780 3044 ἐπειράθησαν.
2808 2970 2982 3040 Χάριν
3013 2967 3120 3039 γὰρ
3155 2967 3255 3037 τῆς
3287 2965 3423 3037 πρὸς
3469 2964 3756 3035 Ἀρσάκιον

2191 3064 2498 3128 κοινωνίας,
2553 3063 2648 3117 καὶ
2701 3059 3006 3133 Πορφύριον
3050 3057 3234 3113 τοῦτον
3262 3057 3356 3111 καὶ
3386 3055 3642 3124 Θεόφιλον
3669 3055 3757 3108 τὸν

2196 3155 2601 3226 ⁹Λλειξανδρείας
2634 3154 2950 3217 ἐπίσκοπον,
2985 3151 3189 3222 σπουδῇ
3229 3150 3338 3204 τῶν
3373 3152 3430 3203 ἐν
3458 3151 3573 3212 τοῖς
3605 3147 3754 3217 βασι-

2183 3249 2344 3312 λείοις
2381 3247 2644 3310 δυνατῶν,
2670 3247 2830 3317 νόμος
2853 3243 3014 3317 ἐτέθη
3039 3245 3149 3317 (82)
3175 3245 3299 3308 τοὺς
3320 3242 3496 3314 ὀρθῶς
3519 3239 3757 3305 δοξάζον-

2181 3357 2277 3403 τας
2314 3339 2469 3402 ἐκτὸς
2511 3338 2620 3392 τῶν
2657 3337 2959 3408 ἐκκλησιῶν
3014 3338 3089 3409 μὴ
3129 3335 3404 3390 συνιέναι⁸
3448 3335 3576 3396 τοὺς
3600 3332 3656 3385 δὲ
3683 3329 3758 3401 μὴ

2182 3429 2567 3494 κοινωνοῦντας
2596 3430 2797 3496 αὐτοῖς,
2831 3429 3169 3484 ἐλαύνεσθαι.

501 3518 844 3591 scripsisset,
880 3515 1041 3574 multi
1072 3515 1126 3569 in
1168 3513 1424 3587 Syriaab
1463 3513 1722 3571 Ecclesiae
1793 3515 1942 3575 illius
2001 3525 2387 3580 communione
2451 3539 2573 3580 sese
2623 3523 2967 3596 abruperunt
3013 3542 3031 3580 :
3096 3532 3151 3581 et
3195 3537 3442 3579 seorsum
3497 3520 3757 3575 collectas

511 3612 881 3673 celebranles.
910 3607 1116 3662 multas
1135 3621 1412 3661 aerumnas
1432 3619 1498 3660 ac
1525 3603 1806 3662 molestias
1863 3611 2115 3679 perpessi
2155 3623 2304 3669 sunt.
2337 3613 2551 3670 Etenim
2607 3613 2662 3667 in
2695 3613 2926 3684 gratiam
2974 3613 3379 3669 communionis
3425 3612 3633 3667 Arsacii
3704 3622 3759 3664 et

503 3703 671 3771 hujus
745 3713 909 3768 quem
978 3696 1224 3751 diximus
1259 3695 1569 3767 Porphyrii
1604 3733 1623 3760 ,
1672 3709 1727 3752 et
1793 3697 2080 3768 TbeOpbili
2119 3704 2466 3762 Alexandria:
2504 3705 2770 3776 episcopi,
2799 3703 2983 3760 studio
3023 3721 3215 3761 eorum
3282 3707 3376 3776 qui
3432 3706 3487 3759 in
3555 3704 3757 3773 palatio

499 3793 806 3865 plurimum
837 3794 1113 3858 poterant,
1138 3787 1253 3841 lata
1285 3787 1371 3842 lex
1401 3794 1508 3852 est,
1552 3802 1621 3842 ne
1647 3789 1943 3846 orthodoxi
1983 3803 2138 3850 extra
2167 3799 2432 3855 ecclesias
2458 3797 2836 3861 convenirent,
2877 3806 3047 3868 utque
3093 3797 3132 3851 ii
3202 3797 3297 3868 qui
3370 3811 3493 3852 cum
3562 3810 3759 3866 supra-

506 3884 672 3940 dictis
698 3895 806 3936 non
836 3878 1330 3942 communicarent,
1370 3877 1798 3948 expellerentur.

1117 3970 1268 4027 CAP.
1313 3970 1476 4026 XXV.

499 4070 672 4144 358
701 4063 976 4144 Quomodp
998 4061 1519 4144 Ecclesianturpata,
1537 4065 1847 4144 respublica
1877 4084 2078 4144 quoque

547 4132 682 4196 ιῆαῖε
709 4132 902 4207 uirecta
929 4135 1054 4206 fuit,
1083 4142 1132 4189 et
1161 4133 1225 4190 de
1253 4132 1506 4189 Stilicone
1539 4132 1768 4192 Honorii
1795 4132 2006 4196 cernite;

574 4296 779 4352 Eodem
841 4303 1106 4364 tempore,
1173 4289 1318 4347 sicut
1374 4292 1427 4346 in
1468 4292 1813 4347 sacerdotum
1868 4292 2084 4349 dissen-

2769 3973 3016 4028 ΚΕΦΔΔ.
3035 3974 3163 4028 κε’.

2186 4069 2315 4122 ὀτι
2367 4066 2498 4144 cfp,“
2532 4066 2905 4144 ‘Exxlnaqu
2950 4063 3144 4131 κακῶς
3192 4065 3476 4144 ἐχούσης,
3534 4069 3630 4144 καί
3685 4072 3756 4144 τὰ

2255 4136 2511 4222 κοσμιέὰ
2554 4135 2762 4222 ⁸κακῶς
2817 4135 3480 4222 διέκειντοβράγματα.
3521 4139 3634 4222 βαι
3685 4141 3755 4192 τὰ

2256 4207 2406 4260 κατὰ
2426 4207 2764 4273 Στελίχωνα
2789 4205 2898 4259 τὸν
2935 4205 3207 4272 Ὀνωρίου
3234 4208 3592 4274 στρατηγόν.

2256 4297 2390 4366 Περὶ
2416 4295 2472 4349 δὲ
2499 4294 2687 4348 τοῦτον
2718 4293 2809 4347 τδν
2831 4294 3038 4365 χρόνον,
3075 4293 3152 4357 ὡς
3198 4295 3402 4349 ἐπίπαν
3438 4295 3752 4367 συνενεχθὲν

497 4392 759 4448 sionihus
800 4387 914 4442 fere
938 4383 1194 4441 evenisse
1223 4384 1495 4455 reperies,
1533 4386 1840 4454 respublica
1869 4401 2076 4457 quoque

2182 4383 2362 4456 εὑρεῖν
2408 4383 2553 4436 ἔστιν
2599 4385 2657 4435 ἐν
2704 4385 2825 4447 ταῖς
2871 4383 2978 4436 τῶν
3010 4383 3198 4452 ίερέων
3227 4382 3532 4454 διχονοίαις,
3565 4385 3656 4438 καὶ
3683 4387 3751 4438 τὰ

509 4487 695 4542 turbis
726 4500 791 4539 ac
818 4481 1060 4537 motibus
1110 4479 1313 4550 agitata
1343 4486 1444 4532 est.
1494 4475 1709 4532 Etenim
1741 4475 1924 4531 Hunni
1968 4489 2084 4534 tra-

506 4571 1174 4649 jecto'lstro,"l'hraciam
1220 4577 1529 4627 vastarunt.
1565 4569 1828 4626 Latrones
1866 4586 2086 4642 quoque

2185 4476 2342 4530 κοινὰ
2379 4475 2621 4546 θορύϐων
2654 4477 2747 4528 καὶ
2795 4475 3038 4547 ταραχῆς
3085 4475 3370 4546 ἐπειράθη.
3411 4476 3524 4530 Καὶ
3565 4471 3753 4531 Οὖννοι

2193 4567 2289 4638 μὲν
2318 4567 2407 4618 τὸν
2465 4567 2678 4636 Ἴστρον
2731 4565 2843 4636 (83)
2889 4566 3306 4637 περαιωθέντες,
3355 4565 3482 4630 τοὺς
3531 4566 3753 4638 Θρᾷκας

1707 4759 1978 4818 VALESII
2016 4760 2564 4820 ANNOTATIONES.

571 4878 697 4947 (82)
716 4879 911 4946 Νόμος
942 4877 1366 4947 ἐτέθηηΕιεῑοι
1394 4892 1458 4932 ea
1498 4878 1584 4932 lex
1618 4878 1671 4932 in
1709 4878 1801 4932 lib.
1832 4893 1918 4931 xvn
1947 4875 2074 4947 cod.

515 4945 904 5008 Theodosiani,
935 4948 1092 5001 titulo
1129 4945 1202 5016 De
1226 4947 1304 5001 his
1342 4948 1433 5016 qui
1457 4947 1706 5016 religione
1735 4946 2075 5016 contendunt.

516 5018 607 5071 Sic
644 5025 826 5070 autem
883 5017 1045 5070 habet
1068 5033 1093 5085 _:
1131 5015 1479 5085 Imperatores
1512 5015 1774 5071 Arcadius
1819 5026 1868 5070 et
1900 5015 2081 5070 Hono-

515 5089 651 5150 rius,
702 5085 1030 5154 Eutychiano
1061 5083 1126 5138 P.
1160 5083 1222 5140 Ρ.
1255 5086 1496 5140 Rectores
1544 5087 1935 5155 provinciarum
1967 5103 2081 5139 mo-

516 5166 741 5212 neantur
789 5163 846 5208 ut
870 5165 1146 5208 conuentus
1191 5171 1369 5208 eorum
1419 5167 1699 5211 arceantur
1734 5157 1946 5217 inliciti.
1995 5156 2084 5225 qui

518 5227 927 5283 orthodoxorum
970 5225 1219 5293 religione
1252 5225 1479 5294 stt/fulti,
1511 5228 1697 5293 spretis
1730 5228 2082 5281 sacrosanctis

516 5298 774 5359 ecclesiis,
823 5295 930 5350 alio
961 5296 1229 5348 convenire
1277 5303 1574 5358 conantur;
1604 5297 1699 5350 .his
1763 5298 1849 5363 qui
1884 5296 1948 5348 ab
1980 5298 2081 5348 Ar-

517 5370 670 5435 sucii,
701 5365 992 5436 Theophili,
1025 5363 1322 5433 Porphyrii,
1363 5366 1907 5436 reverendiginzorum
1938 5367 2078 5436 antis

520 5433 702 5494 stilum
752 5433 1108 5492 communioni
1155 5434 1494 5501 dissentiunt,
1527 5434 1590 5487 ab
1624 5433 1861 5488 Ecclesia
1894 5434 2080 5501 procul

517 5509 676 5563 dubio
701 5506 1028 5574 repellendis.
1071 5504 1267 5558 Datum
1299 5519 1387 5557 xlv
1428 5499 1574 5574 Kal.
1639 5499 1904 5556 Decembr.
1937 5501 2078 5574 Con-

517 5570 881 5642 stantinopoli,
921 5576 1156 5631 Honorio
1200 5591 1250 5628 νι
1322 5584 1371 5628 et
1403 5573 1718 5628 Aristwneto
1756 5589 1888 5627 coss.
1938 5570 2080 5626 Vide

519 5653 814 5712 llxnomuu,
847 5646 912 5700 ad
939 5665 1131 5702 animm
1163 5644 1504 5708 ChristMOl,
1536 5657 1654 5712 cap.
1681 5642 1748 5696 5.5
1769 5654 1818 5696 et
1848 5657 2080 5711 sequen-

508 5721 682 5774 tibus.

2253 4878 2368 4948 (85)
2395 4873 2613 4933 Οὗννοι
2645 4877 2750 4948 τὸν
2783 4869 3380 4948 Ἵστρονηῑοβξιιιιιείιι
3405 4867 3545 4948 libro
3562 4864 3757 4948 quinto

2187 4937 2441 5002 Historiae
2493 4963 2617 5017 pag.
2649 4947 2775 5014 799,
2808 4937 2999 5001 scribit
3037 4943 3290 5013 fugitivos
3337 4953 3413 5017 ac.
3446 4937 3758 4990 desertores

2187 5018 2395 5071 militiae
2422 5006 2703 5072 in'u‘num
2741 5006 3019 5075 collectos,
3067 5006 3192 5068 eum
3255 5025 3315 5065 se
3371 5006 3602 5061 llunnos
3624 5018 3758 5075 esse

2190 5087 2578 5151 mentirentur,
2614 5086 2902 5141 Thraciam
2935 5073 3066 5140 tunc
3097 5091 3346 5155 vastasse
3381 5097 3394 5131 :
3422 5075 3596 5155 donec
3612 5073 3760 5155 ,1³η-

2191 5158 2336 5212 vitus
2361 5142 2626 5227 magister
2653 5157 2907 5218 militum,
2934 5155 3025 5227 qui
3057 5154 3198 5208 bello
3224 5151 3492 5227 adversus
3526 5142 3759 5227 Cainam

2191 5214 2542 5294 inclaruer‘at,
2596 5234 2787 5280 contra
2817 5214 2910 5280 eos
2933 5214 3156 5285 missus,
3193 5214 3542 5294 cuuctosnad
3586 5216 3762 5294 inter;

2190 5299 2475 5352 necionem
2504 5283 2749 5368 _delevit.
2772 5295 2874 5368 _E_x
2905 5294 2990 5347 his
3036 5283 3187 5368 patet
3208 5303 3415 5368 “error.
3436 5283 3757 5368 Nicephofi‘2

2187 5370 2278 5436 qui
2312 5368 2459 5422 hunc
2499 5365 2783 5437 Sozomeni
2837 5366 3017 5437 locum
3038 5360 3363 5437 ’describ__eps
3401 5360 3460 5437 in
3509 5368 3634 5422 cap.
3679 5360 3761 5437 _55

2186 5427 2282 5493 lib.
2325 5452 2444 5500 xm,
2479 5437 2628 5490 addit
2667 5433 2894 5490 Hunnos
2922 5435 3084 5505 istos,
3117 5431 3213 5505 qui
3249 5427 3542 5505 Thraciam
3576 5431 3762 5502 vasta—

2184 5517 2334 5573 rtmt,
2368 5494 2568 5562 Huldin
2602 5506 2794 5561 ducem
2852 5494 3152 5560 habuisse:
3180 5501 3290 5552 lino
3323 5494 3760 5575 littldis_arnicus

2184 5592 2247 5630 ac
2269 5563 2574 5634 foederatus
2595 5585 2715 5633 erat
2733 5577 3129 5638 Romanorum,
3163 5579 3224 5625 ut
3249 5576 3484 5624 testatur
3505 5563 3762 5620 lusimus

2182 5649 2404 5704 ibidem.
