4050 6218
329 296 463 354 1589

1292 295 1614 353 HISTORIA
1655 291 2208 352 ECCLESIASTICA.
2243 323 2311 335 -
2350 293 2477 348 LIB.
2513 293 2643 349 VIII.

3426 261 3563 348 isse

329 414 759 478 συνεπισκόπων,
787 415 834 466 εἰ
858 415 948 467 καὶ
979 413 1044 467 τὰ
1071 398 1305 483 μάλιστα
1356 415 1632 485 διαφόροις
1658 415 1888 485 χρόνοις,

2019 412 2210 477 netrio,
2237 413 2398 483 362
2432 412 2684 482 Cyriaco,
2716 409 2938 481 Eulysio
2963 417 3016 465 et
3051 409 3318 474 Palladio,
3350 409 3443 479 qui
3473 424 3570 464 no-

327 504 570 558 τουτέστι
599 503 927 574 Δημητρίου,
973 505 1274 575 Κυριακού,
1321 506 1585 559 Εύλυσίου
1621 507 1715 560 καὶ
1755 504 1898 557 Παλ-

331 595 511 648 λαδίου
548 595 655 666 (Ξ),
685 597 738 648 οῖ
769 612 915 659 τινες
947 596 1153 651 σύνεισι
1188 597 1310 669 μεθ’
1344 598 1532 669 ήμιῖιν,
1555 597 1738 667 τελείᾳ
1760 599 1901 668 ἐρω-

331 687 486 756 τήσει
519 685 939 756 μεμαθήκαμεν.

902 779 1154 834 ΚΕΦΛΛ.
1199 777 1326 834 ΚΖ’.

330 866 468 932 Περὶ
515 864 635 945 τῶερ
688 867 1484 945 γεγομέῖωζᾳιξιὰμ-Ἰωάζνηγ
1509 868 1749 945 δειγξῷν,
1802 869 1901 945 καί

399 934 529 1002 περὶ
552 935 659 1001 τῆς
672 934 956 1004 τελευτῆς
976 937 1269 1003 Εὺδοξίας
1294 936 1401 1005 τῆς
1424 934 1772 1004 βασιλίδος,
1803 937 1904 991 καὶ

413 1005 762 1076 Ἀροντικίοιζς
798 1007 884 1059 ἔτι
921 1005 988 1058 δὲ
1028 1008 1127 1076 κςιι
1166 1008 1298 1076 περὶ
1329 1007 1602 1076 Ἀττικοιῖ
1645 1008 1752 1062 τοῦ
1792 1023 1904 1060 πα-

402 1071 868 1143 τριάρχουίὸθεν
904 1076 1000 1129 καὶ
1025 1073 1151 1143 οἶος
1186 1071 1294 1131 τὸν
1325 1080 1547 1146 τρόπον
1564 1071 1663 1147 ἦν.

403 1165 541 1219 Τάδε
571 1164 672 1235 μὲν
691 1165 760 1218 τά
796 1165 1106 1219 Ἰνοκεντίου
1128 1167 1429 1238 γράμματα
1450 1185 1464 1198 ·
1489 1168 1549 1233 ἐξ
1576 1162 1652 1222 ὧν
1677 1168 1905 1223 συνιδεῖν

332 1255 498 1319 ἔστιν,
541 1252 659 1309 οἷαν
693 1252 807 1327 εἶχε
850 1256 980 1325 περὶ
1012 1258 1257 1313 Ἰωάννου
1286 1257 1533 1330 γνώμην.
1579 1259 1670 1311 Ἐν
1697 1258 1906 1323 τούτοις

329 1347 386 1400 δὲ
414 1347 778 1418 παμμεγέθης
825 1349 885 1401 ἐν
909 1349 1476 1403 Κωνσταντινουπόλει
1503 1349 1600 1403 καὶ
1622 1353 1734 1412 τοῖς
1771 1366 1906 1420 προ-

333 1438 565 1500 αστείοις
596 1438 809 1508 χάλαζα
844 1439 1158 1512 κατερράγη
1185 1458 1200 1473 ο
1233 1441 1470 1512 τετάρτῃ
1493 1457 1553 1493 τε
1591 1440 1728 1510 μετά
1751 1440 1909 1494 τοῦτο

335 1524 535 1597 ἡμέρᾳ,
564 1527 708 1596 ήτοῦ
741 1527 1004 1597 βασιλέως
1027 1529 1244 1599 γαμετὴ
1277 1530 1616 1600 ἐτελεύτησε.
1647 1531 1756 1583 Καὶ
1780 1530 1908 1584 τάδε

337 1617 607 1688 συμϐῆναι
653 1619 1070 1689 χαλεπαίνοντος
1110 1620 1204 1674 τοῦ
1237 1620 1372 1674 Θεοῦ
1395 1621 1484 1676 διὰ
1521 1621 1792 1692 Ἰωάννην,
1833 1623 1911 1686 ὡς

332 1709 445 1768 τοῖς
474 1707 685 1772 πολλοῖς
713 1709 906 1763 ἐδόκει.
957 1712 1065 1765 Καὶ
1096 1711 1203 1782 γάρ
1233 1711 1299 1782 δὴ
1328 1714 1422 1765 καὶ
1455 1713 1688 1784 Κυρῖνος
1713 1716 1742 1768 ὁ
1767 1712 1912 1768 Χαλ-

335 1798 556 1869 κηδόνος
596 1799 916 1866 ἐπίσκοπος,
959 1801 1019 1865 ὃς
1063 1802 1224 1855 αὑτὸν
1249 1803 1484 1873 μάλιστα
1522 1804 1807 1876 ἐλοιδόρει,
1847 1805 1907 1858 ού

335 1889 514 1960 πολλῷ
539 1891 801 1962 πρότερον
824 1891 888 1944 ἐκ
911 1891 1010 1962 τῆς
1039 1893 1461 1965 συγκυρησάσης
1495 1894 1645 1966 αὐτῷ
1669 1895 1798 1967 περὶ
1818 1894 1910 1949 τὸν

337 1981 472 2037 πόδα
513 1983 828 2055 συμφορᾶς,
871 1982 1130 2054 ἑκάτερον
1170 1984 1358 2048 σκέλος
1398 1985 1505 2038 ὑπὸ
1545 1985 1654 2040 τῶν
1707 1986 1911 2055 ἰατρῶν

334 2077 726 2147 ἀποπρισθεὶς,
771 2075 1021 2141 ἐλεεινῶς
1069 2076 1297 2131 ἁπεϐίω.
1359 2076 1471 2129 Καὶ
1521 2076 1808 2148 Ἀρσάκιος
1853 2078 1911 2131 δὲ

335 2169 424 2220 ἐπ’
449 2168 628 2235 ὀλίγον
667 2167 858 2237 χρόνον
887 2169 986 2238 τὴν
1012 2167 1636 2232 Κωνσταντινουπόλεως
1677 2168 1911 2240 Ἐκκλη-

337 2257 456 2309 οίαν
486 2256 904 2326 ἐπιτροπεύσας,
931 2256 1269 2327 ἐτελεύτησε.
1301 2256 1518 2310 Πολλῶν
1539 2255 1596 2309 δὲ
1620 2255 1718 2327 τήν
1748 2255 1912 2310 αὑτοῦ

335 2348 584 2419 διαδοχὴν
617 2349 934 2418 μνωμένων,
967 2349 1213 2419 τετάρτῳ
1244 2350 1375 2419 μηνὶ
1398 2351 1498 2418 τῆς
1530 2348 1695 2402 αὑτοῦ
1724 2347 1911 2402 τελευ-

336 2440 459 2509 τῆς,
496 2442 882 2511 χειροτονεῖται
925 2439 1191 2502 Ἀττικὸς,
1238 2439 1607 2511 πρεσϐύτερος
1639 2439 1732 2492 τοῦ
1763 2441 1916 2493 Κων-

339 2531 829 2594 σταντινουπὸλεως
860 2530 1082 2602 κλήρου,
1109 2531 1172 2582 ἐκ
1190 2529 1300 2583 τῶν
1325 2529 1626 2582 ἐπιϐούλων
1642 2530 1912 2586 Ἰωάννου.

337 2615 504 2685 Οὗτος
555 2622 650 2692 μὲν
689 2622 842 2691 γένος
874 2617 941 2691 ἦν
981 2622 1046 2674 ἐκ
1076 2620 1403 2684 Σεϐαστείας
1444 2621 1544 2690 τῆς
1584 2621 1870 2692 Ἀρμενίας
1896 2639 1913 2655 ⁸

338 2713 405 2766 ἐκ
431 2712 552 2765 νέου
587 2712 644 2766 δὲ
689 2713 998 2782 φιλοσοφεῖν
1039 2711 1336 2782 ἐπαιδεύθη
1383 2712 1489 2765 ὑπὸ
1525 2715 1780 2784 μοναχοῖς
1814 2714 1914 2784 τῆς

338 2801 671 2855 Μακεδενίου
702 2802 964 2870 αἱρέσεως
989 2818 1001 2832 ·
1027 2803 1076 2855 οἳ
1107 2802 1169 2873 δὴ
1199 2802 1319 2855 τότε
1345 2802 1449 2858 ἀνά
1473 2804 1570 2876 τὴν
1588 2803 1913 2860 Σεϐάστειαν

338 2895 396 2945 ἐν
435 2893 562 2963 τῇδε
610 2895 676 2962 τῇ
707 2892 995 2964 φιλοσοφίᾳ
1019 2893 1331 2965 διέπρεπον,
1384 2896 1448 2948 ἐκ
1476 2895 1577 2967 τῆς
1613 2897 1914 2951 Εὑσταθίου

338 2982 622 3052 διατριϐῆς
653 2983 822 3048 ὅντες,
868 2983 926 3038 ὃν
980 2985 1277 3040 ἐπίσκοπον
1319 2986 1505 3040 ἐνθάδε
1538 2988 1630 3042 καὶ
1675 2989 1918 3060 ἡγεμόνα

2003 503 2213 558 hiscum
2245 510 2396 568 sunt,
2431 508 2686 557 accurata
2718 502 3151 570 interrogatione
3180 501 3494 556 didicimus.

2581 769 2741 826 CAP.
2776 767 2989 824 XXVII”.

2004 866 2082 923 De
2132 864 2531 934 calamitatibus
2579 879 2696 934 qua:
2726 862 2968 934 Joannis
3006 876 3170 934 causa
3224 859 3573 934 acciderunt:

2072 945 2122 992 et
2151 937 2215 990 de
2239 936 2385 990 obitu
2417 929 2673 988 Euduaiia:
2699 932 2952 1002 Augusta:
2984 939 3049 1002 et
3069 931 3297 984 Arsacii.
3332 929 3468 984 Item
3511 931 3577 983 de

2075 1007 2252 1061 Attico
2285 1005 2616 1076 patriarcha,
2645 1005 2760 1074 quis
2787 1001 2836 1057 et
2863 1002 2997 1056 unde
3025 1001 3206 1068 fuerit.

2079 1164 2172 1219 lite
2199 1173 2329 1220 sunt
2369 1161 2673 1219 Innocentii
2703 1160 2943 1216 litterae:
2971 1113 3044 1214 ἐκ
3075 1158 3278 1230 quibus
3317 1158 3448 1213 licet
3475 1173 3576 1211 co-

2008 1272 2275 1328 gnoscere
2312 1271 2475 1326 quam
2517 1255 2609 1310 ille
2647 1254 2960 1325 opinionem
3002 1251 3070 1306 de
3118 1250 3328 1306 Joanne
3373 1249 3580 1304 habue—

2008 1351 2081 1404 rit
2113 1351 2155 1404 ⁸.
2187 1349 2293 1405 Per
2327 1347 2471 1403 idem
2507 1355 2746 1416 tempus,
2780 1342 3260 1414 Constantinopoli
3291 1350 3343 1397 et
3373 1341 3427 1396 in
3459 1341 3580 1396 sub-

2010 1440 2244 1495 urbanis
2276 1438 2488 1508 grando
2518 1438 2796 1493 immensze
2827 1433 3225 1504 magnitudinis
3266 1433 3496 1489 cecidit:
3527 1442 3582 1487 et

2010 1541 2211 1604 quarto
2253 1540 2379 1602 post
2407 1530 2519 1597 die,
2553 1528 2907 1600 imperatoris
2957 1541 3099 1582 uxor
3152 1525 3313 1580 linem
3364 1526 3582 1579 vivendi

2012 1625 2162 1680 fecit.
2195 1622 2326 1689 Quae
2357 1621 2580 1692 quidem
2632 1618 2742 1674 Deo
2789 1616 3017 1672 Joannis
3059 1630 3225 1672 causa
3263 1614 3584 1685 indignante

1943 1749 1985 1804 η
2013 1715 2306 1778 accidisse,
2367 1713 2620 1784 plerique
2665 1725 2862 1766 omnes
2910 1709 3297 1778 cpinabantur.
3348 1706 3480 1760 Nam
3531 1717 3586 1760 ct

2014 1808 2251 1880 Cyrinus
2281 1805 2752 1862 Chalcedonensis
2777 1801 3203 1872 episcopus,qui
3233 1814 3344 1871 prae
3375 1799 3586 1854 caeteris

2016 1900 2097 1954 illi
2150 1898 2498 1954 conviciatus
2543 1895 2743 1963 fuerat,
2776 1910 2891 1950 non
2935 1894 3111 1948 multo
3159 1899 3308 1958 ante,
3344 1906 3467 1946 cum
3517 1891 3588 1944 ob

2021 1991 2306 2046 fortuitum
2331 1989 2486 2058 pedis
2516 1980 2765 2043 dolorem
2797 1988 3030 2041 alterum
3068 1985 3118 2040 ei
3150 2000 3280 2038 crus
3305 1999 3334 2036 τι
3360 1982 3590 2036 medicis

2017 2090 2299 2137 exsectum
2340 2081 2556 2144 fuisset,
2597 2079 2900 2134 miserabili
2943 2077 3092 2131 exitu
3128 2075 3437 2131 interierat.
3483 2073 3590 2128 Sed

2019 2184 2073 2229 et
2108 2173 2390 2238 Arsacius,
2423 2186 2547 2228 cum
2581 2170 2886 2227 Ecclesium
2926 2167 3589 2239 Constantinopolitanam

2019 2267 2172 2322 brevi
2216 2265 2479 2335 temporis
2522 2263 2703 2333 spatio
2731 2263 3198 2326 administrasset,
3229 2277 3294 2318 ex
3335 2260 3437 2314 hac
3471 2260 3594 2314 luce

2020 2359 2296 2430 migravit.
2341 2356 2514 2424 Cujus
2563 2355 2977 2410 successionem
3029 2368 3156 2407 cum
3208 2352 3366 2406 multi
3408 2361 3596 2407 essent

2019 2453 2113 2522 qui
2145 2449 2461 2513 ambirent,
2501 2453 2700 2520 quarto
2751 2452 2878 2516 post
2930 2445 3143 2499 obitum
3203 2444 3352 2498 illius
3406 2459 3597 2498 mense

2019 2540 2306 2596 ordinatus
2334 2544 2418 2592 est
2446 2536 2681 2597 Atticus.
2712 2549 2779 2589 ex
2811 2533 3138 2605 presbytero
3161 2533 3292 2588 cleri
3321 2532 3596 2586 Constan-

2023 2628 2398 2700 tinopolitani.
2426 2627 2517 2698 qui
2555 2642 2700 2682 unus
2733 2625 2913 2680 fuerat
2945 2641 3011 2680 ex
3041 2622 3284 2680 Joannis
3307 2622 3606 2678 insidiato—

2024 2719 2200 2774 ribus.
2250 2717 2389 2771 lluic
2421 2716 2607 2786 patria
2645 2714 2749 2769 [uit
2795 2712 3070 2776 Sebastia,
3121 2713 3250 2766 urbs
3302 2711 3593 2767 Armeniae.

2021 2807 2290 2865 Caeterum
2331 2807 2406 2862 ab
2438 2805 2663 2860 ineunte
2703 2812 2864 2860 aetate
2912 2804 2968 2858 in
3011 2803 3318 2857 monastica
3355 2801 3598 2870 philoso-

2027 2901 2154 2972 phia
2191 2901 2482 2957 institutus
2525 2897 2631 2954 l‘uit
2657 2912 2686 2951 a
2717 2896 3006 2952 monachis
3034 2893 3466 2958 Macedonianis,
3505 2895 3605 2964 qui

2024 3006 2154 3050 tunc
2180 2992 2446 3063 temporis
2476 2991 2533 3046 in
2574 2989 2739 3059 huius
2772 2988 3055 3059 sapientia:
3095 2985 3282 3042 studio
3321 2987 3465 3054 apud
3501 2986 3612 3041 Sco.

339 3072 575 3141 ἀρίστων
603 3073 850 3144 μοναχῶν
871 3075 1122 3144 γενέσθαι
1148 3079 1205 3130 ἐν
1235 3080 1346 3143 τοῖς
1374 3078 1606 3150 πρόσθεν
1635 3080 1913 3152 ἔγνωμεν

2023 3085 2255 3140 bastiam
2296 3083 2590 3146 ﬂorebant,
2623 3097 2691 3136 ex
2722 3079 2912 3136 schola
2963 3077 3242 3134 Eustathii
3293 3078 3598 3149 progressi,

340 3162 441 3230 ἤδη
471 3161 526 3216 δέ
554 3165 632 3226 εἰς
661 3163 861 3235 ἄνδρας
892 3166 1080 3233 τελῶν,
1119 3169 1255 3239 πρὸς
1282 3169 1384 3240 τὴν
1413 3171 1642 3224 καθόλου
1693 3173 1919 3242 Ἐκκλη-

341 3252 464 3304 σίαν
493 3253 777 3322 μετέθετοο
829 3256 989 3324 φύσει
1031 3257 1089 3310 δὲ
1133 3259 1352 3328 μᾶλλον,
1397 3259 1696 3332 ἢμαθήσει
1731 3263 1918 3334 φρόνι-

345 3358 443 3411 μος
465 3341 560 3407 ὢν,
579 3344 794 3412 ἐγένετο
813 3346 921 3399 τῶν
941 3352 1225 3418 πρακτέων
1247 3350 1528 3421 ἐπήϐολος,
1543 3351 1920 3407 ἐπιϐουλεῦσαί
1953 3367 1968 3384 ⁸

341 3449 423 3498 τε,
451 3435 543 3486 καὶ
567 3436 702 3505 πρὸς
735 3437 1022 3502 ἐπιϐουλὰς
1055 3440 1327 3510 ἀντισχεῖν
1362 3443 1543 3506 ἱκανός
1572 3459 1585 3473 ·
1615 3445 1676 3496 τὸ
1703 3445 1759 3497 δέ
1788 3441 1921 3515 ἦθος

343 3524 651 3595 ἐπαγωγὸς,
697 3527 772 3591 ὡς
815 3528 1026 3594 πολλοῖς
1055 3531 1446 3602 κεχαρισμένος
1484 3528 1621 3585 εἶναι
1645 3550 1658 3563 ο
1699 3534 1918 3605 μέτριος

344 3617 402 3669 δὲ
442 3619 578 3690 πρὸς
615 3622 742 3684 τοὺς
783 3622 869 3674 ἐπ’
928 3622 1224 3693 ἐκκλησίας
1253 3623 1473 3691 λόγους,
1521 3624 1597 3687 ὡς
1624 3627 1760 3696 μήτε
1785 3643 1920 3696 γρα-

347 3709 451 3778 φῆς
477 3709 659 3774 ἀξίους
689 3712 1000 3782 νομίζεσθαι
1033 3716 1144 3777 τοῖς
1166 3715 1479 3784 ἀκροαταῖς,
1507 3717 1644 3788 μήτε
1675 3716 1920 3781 παιδείας

345 3801 625 3864 παντελῶς
650 3802 930 3874 ἀμοίρους.
961 3803 1234 3874 Ἐμμελής
1257 3790 1362 3876 γὰρ
1387 3803 1462 3858 ῶν
1489 3807 1587 3877 (5),
1624 3807 1676 3859 ετ
1697 3823 1772 3877 πη
1798 3825 1919 3861 και-

349 3893 442 3964 ρὸν
475 3889 608 3963 ἦγε,
650 3895 774 3957 τοὺς
815 3895 947 3966 παρ’
973 3895 1231 3966 Ἕλλησιν
1274 3896 1739 3968 εύδοκιμωτάτους
1787 3916 1920 3967 συγ-

346 3985 588 4054 γραφέας
620 3987 859 4056 ἠσκεῖτο.
903 3988 1014 4042 Καὶ
1045 3988 1123 4059 τῷ
1151 3989 1326 4042 δοκεῖν
1363 3989 1574 4061 ἰδιώτης
1600 3987 1758 4055 εἶναι,
1793 3992 1920 4063 περὶ

346 4073 549 4127 τούτων
569 4075 962 4148 διαλεγόμενος,
983 4079 1076 4132 καὶ
1105 4079 1232 4143 τοὺς
1263 4083 1630 4151 ἐπιστήμονας
1659 4082 1918 4147 πολλάκις

348 4163 656 4221 ἐλάνθανεν.
728 4166 972 4237 Ἐλὲγετο
1024 4169 1081 4223 δέ
1142 4170 1276 4242 πρὸς
1322 4171 1419 4240 μὲν
1469 4173 1594 4236 τοὺς
1636 4173 1920 4244 ὁμοδόξους

423 4306 438 4337 ¹
469 4306 652 4375 Socr.,
686 4308 780 4363 lib.
812 4324 888 4376 Vl,
921 4325 972 4366 c.
1009 4310 1093 4375 l9,
1119 4310 1209 4366 20.

2021 3189 2185 3245 quem
2216 3173 2537 3243 episcopum
2580 3171 2747 3226 simul
2773 3179 2826 3225 et
2867 3169 3453 3239 prmstantissimorum
3482 3185 3609 3224 nio--

2021 3267 2326 3322 nachorum
2395 3275 2606 3337 patrem
2662 3265 2774 3321 illic
2834 3263 3008 3320 fuisse
3063 3279 3228 3333 supra
3284 3263 3598 3319 retulimus.

2021 3359 2214 3415 Postea
2245 3373 2378 3412 vero
2414 3358 2526 3427 jam
2569 3358 2789 3412 virilem
2820 3360 3103 3427 ingressus
3133 3363 3374 3420 aetatem,
3407 3355 3476 3409 ad
3509 3371 3603 3410 ca-

2023 3451 2284 3504 tholicam
2315 3449 2621 3503 Ecclesiam
2658 3463 2717 3502 se
2751 3449 3055 3502 transtulit.
3090 3447 3268 3501 Porro
3297 3461 3422 3502 cum
3453 3453 3604 3501 esset

2027 3547 2221 3592 natura
2276 3537 2455 3608 magis
2502 3552 2668 3607 quam
2713 3536 3004 3606 disciplina
3045 3536 3306 3607 prudens,
3340 3533 3396 3586 in
3435 3535 3603 3588 rebus

2026 3629 2252 3699 agendis
2301 3644 2531 3684 summa:
2561 3628 2668 3683 fuit
2699 3628 3046 3684 dexteritatis
3072 3670 3087 3693 ,
3118 3637 3171 3682 et
3197 3626 3264 3679 ad
3304 3621 3601 3680 struendas

2024 3726 2192 3788 atque
2241 3719 2528 3775 evitandas
2589 3718 2818 3774 insidias
2872 3717 3291 3773 solertissimus.
3355 3714 3599 3770 Moribus

2028 3821 2211 3868 autem
2251 3813 2488 3869 blandus
2531 3813 2655 3878 fuit,
2687 3813 2760 3868 ita
2789 3821 2846 3868 ut
2893 3814 3175 3884 plerisque
3202 3820 3395 3882 gratus
3433 3819 3596 3866 esset.

2027 3903 2084 3961 In
2127 3905 2493 3963 concionibus
2524 3921 2654 3961 vero
2689 3906 3080 3962 ecclesiasticis
3110 3904 3425 3969 mediocris,
3465 3902 3601 3956 adeo

2029 4011 2086 4054 ut
2132 4015 2420 4056 sermones
2460 4001 2630 4063 illius,
2663 4014 2765 4054 nec
2805 3999 2952 4068 digni
3003 3998 3098 4067 qui
3131 3997 3599 4056 exscriberentur,

2025 4105 2128 4145 nec
2181 4106 2413 4161 prorsus
2462 4089 2786 4146 eruditionis
2824 4097 3073 4157 expertes
3128 4085 3472 4141 auditoribus
3521 4085 3600 4137 vi-

2028 4179 2314 4235 derentur.
2351 4179 2482 4234 Nam
2511 4193 2635 4233 cum
2683 4176 2967 4233 studiosus
3015 4187 3159 4232 esset
3203 4173 3507 4246 elegantia},
3551 4171 3611 4226 si

1547 4425 1813 4481 VALESII
1851 4425 2410 4484 ANNOTA'I‘IONES.

423 4513 500 4586 (2)
520 4515 875 4593 ᾼῃμητρίου,
900 4519 1550 4593 Κυριακοῦ,Εὺ.ιυσίου
1578 4521 1676 4575 καὶ
1693 4525 1916 4593 Παλλα-

2029 4523 2270 4593 episc0pi
2308 4523 2378 4578 ab
2403 4521 2721 4576 Innocentio
2756 4535 2892 4591 papa
2927 4528 3115 4590 postea
3162 4517 3315 4593 missi
3351 4524 3484 4593 sunt
3529 4517 3598 4571 ad

352 4585 507 4660 ergo.
535 4585 738 4660 Horum
767 4585 1004 4660 quatuor
1026 4590 1412 4660 episcoporum
1433 4593 1641 4646 mentio
1657 4592 1714 4646 ﬁt
1743 4608 1771 4644 a
1803 4592 1926 4647 Pal-

350 4656 498 4730 ladio
557 4659 612 4710 in
655 4657 880 4730 Dialogo
909 4659 972 4712 de
994 4656 1532 4730 reiiaﬁClt'rysostomi,
1570 4669 1624 4717 et
1653 4678 1682 4715 ιι
1713 4661 1926 4718 Joanne

349 4729 636 4808 Chrysost.
658 4727 713 4780 in
736 4727 965 4808 epistola
982 4729 1187 4808 148_.Ex
1210 4727 1277 4786 iis
1299 4731 1605 4808 Demetrius
1624 4731 1925 4808 Pessinun-

349 4799 423 4854 tis
454 4799 750 4868 episcopus
771 4839 786 4864 ,
811 4801 988 4868 primo
1017 4799 1275 4856 aJoanne
1303 4803 1507 4857 missus
1540 4803 1717 4858 fuerat
1743 4802 1808 4857 ad
1837 4804 1923 4858 ln-

351 4869 690 4942 nocentium,
719 4881 776 4922 ut
797 4871 922 4942 ipse
963 4877 1198 4925 testatur
1229 4872 1282 4925 in
1312 4872 1546 4942 epistola
1581 4873 1650 4926 ad
1672 4872 1922 4928 eumdem

352 4936 750 4991 Innocentium.
797 4937 995 4994 Postea
1055 4956 1182 4995 vero
1237 4936 1434 4996 iterum
1491 4941 1719 4997 Romam
1771 4945 1925 4998 venit

353 5018 640 5084 peragrato
685 5009 938 5084 oriente,
989 5017 1061 5084 ut,
1096 5012 1290 5084 sctjbit
1329 5012 1628 5067 Palladius.
1667 5013 1922 5084 Eulysius

352 5079 628 5151 Apanteze
659 5079 952 5151 cpiscopus
989 5079 1112 5143 fuit,
1170 5081 1449 5138 Palladius
1499 5098 1628 5137 vero
1688 5079 1923 5137 Heleno-

355 5151 560 5217 poleos.
591 5149 864 5272 Cri-iacuit
898 5160 1078 5204 autem
1110 5152 1270 5220 cujus
1302 5154 1456 5209 urbis
1491 5153 1658 5208 fuerit
1705 5155 1920 5223 episco-

355 5234 456 5272 tttts
482 5257 495 5272 .
555 5220 623 5271 Ini
651 5222 685 5272 ti
739 5220 954 5272 quidem
1015 5221 1408 5272 inconmertum
1462 5233 1567 5272 est.
1634 5223 1920 5272 Emisenns

355 5234 495 5298 pus,
555 5220 954 5298 mihiquidem
1015 5221 1567 5298 incompertumgest.
1634 5220 1920 5298 Ειιιῖεβιιιιε

353 5289 644 5368 episcOpUs
671 5289 775 5344 dici
811 5291 1030 5368 videtur
1078 5305 1108 5345 a
1162 5289 1492 5368 I’alladiqin
1532 5297 1641 5368 line
1683 5291 1917 5363 Dialogi,

357 5359 447 5411 ubi
477 5361 590 5428 agit
615 5359 681 5414 de
709 5361 916 5417 exsiliis
943 5363 1348 5432 episcoporum.
1383 5363 1552 5418 Porro
1591 5363 1642 5416 hi
1681 5359 1922 5432 quatuor

2027 4588 2325 4649 Arcadium
2396 4588 2780 4660 imperatorem
2829 4588 2951 4645 una
3003 4607 3128 4644 cum
3184 4588 3600 4660 aliis_quinque

2028 4665 2305 4734 episcopis
2331 4670 2385 4718 et
2409 4655 2628 4734 duobus
2657 4661 2994 4734 presbyteris
3029 4660 3284 4734 Ecclesia:
3315 4655 3593 4720 Remanzr,

2026 4731 2087 4788 ut
2141 4731 2339 4806 legitur
2385 4733 2530 4803 apud
2595 4732 2895 4786 Palladium
2962 4740 3017 4786 et
3076 4731 3443 4785 Sozomenum
3500 4744 3599 4782 no-

2027 4815 2203 4860 strutn
2214 4846 2227 4859 .
3597 4835 3605 4862 κ

2097 4876 2176 4947 (5)
2227 4873 2524 4947 Tanai-hc
2561 4871 2670 4947 7pr
2703 4869 2806 4924 ὢν.
2852 4872 3011 4947 Apud
3039 4866 3594 4947 uiiccpltorumuscriv

2022 4937 2170 5000 bitur
2225 4937 2516 5013 ἐπιμελής.
2569 4937 2844 5013 Caeterum
2901 4937 3209 5003 Palladius,
3257 4940 3313 5013 in
3371 4937 3596 5013 Dialogo

2020 5014 2084 5068 de
2113 5017 2219 5069 vita
2248 5009 2610 5084 Chryso'stomi
2633 5055 2647 5078 ,
2713 5012 2947 5084 Atticum
2981 5024 3229 5084 prorsus_
3278 5009 3593 5084 imperitum

2019 5087 2191 5139 fuisse
2241 5077 2432 5138 scribit
2467 5077 2746 5137 sacrarum
2795 5077 3142 5138 Litterarum.
3197 5077 3303 5133 Sed
3356 5077 3594 5131 fortasse

2025 5154 2274 5209 Palladio
2316 5153 2737 5223 haudquaquam
2774 5151 3020 5223 habenda
3053 5158 3138 5204 est
3191 5147 3590 5223 Iides;_quippe

2024 5227 2120 5294 qui
2175 5227 2414 5279 Atticum
2453 5214 2672 5286 oderat,
2722 5230 2907 5291 utpote
2946 5219 3321 5274 adversarium
3363 5214 3591 5270 Joannis

2023 5295 2426 5369 Chrysostomi.

1795 5479 2098 5536 VARIORU
2107 5479 2174 5531 Μ.

432 5568 450 5604 ⁸
519 5565 614 5639 Τὰ,
648 5570 756 5638 γὰρ
786 5571 987 5637 καλῶς
1033 5570 1388 5639 πραχθέντα.
1453 5569 1532 5622 Ad
1585 5572 1697 5624 haec
1752 5571 1920 5624 verba

358 5639 567 5692 notavit
607 5638 807 5695 Petrus
854 5641 922 5695 de
973 5638 1186 5702 Marca,
1223 5639 1613 5695 servandorum
1651 5657 1921 5694 canonum

357 5709 598 5765 Studium
631 5725 695 5763 eo
728 5709 1002 5766 Romanos
1058 5712 1364 5780 impulisse,
1430 5719 1484 5764 ut
1546 5711 1718 5767 satius
1753 5713 1924 5768 duxe-

2030 5569 2135 5622 rint
2178 5568 2230 5620 in
2267 5567 2448 5636 Specie
2483 5565 2760 5634 proposita
2809 5561 3128 5636 scissione-tn
3174 5556 3428 5636 Ecclesia;
3466 5571 3589 5636 per-

2034 5640 2160 5706 peti,
2199 5626 2360 5706 quam
2400 5626 2693 5706 cot'nuv'cre
2722 5645 2776 5686 ut
2810 5631 3114 5685 rationibus
3153 5637 3338 5706 aperta
3382 5627 3461 5680 vis
3501 5626 3589 5680 itt-

2035 5700 2284 5763 ἰίῚῚιςὶιιικ
2327 5708 2397 5761 De
2433 5703 2736 5768 τυηευιίίιίι,
2773 5715 2904 5772 part.
2940 5719 2976 5763 I,
3005 5716 3126 5769 pag.
3166 5700 3282 5754 148.
