4050 6218
472 287 611 342 1395
715 283 721 289 ’
1898 284 2054 344 SOZC

2153 286 2237 342 :Nl
2672 300 2678 306 ’
3583 289 3606 342 l
3622 289 3746 343 596

469 399 746 471 lapidibus
773 398 1101 456 admirabile
1134 401 1410 470 quoddam
1451 401 1738 456 donarium
1763 441 1778 467 ,
1811 413 2039 470 operum

2153 401 2335 471 μάτων
2368 403 2670 470 κάλλιστον,
2705 405 2843 475 ὑπὲρ
2868 404 2964 476 τῆς
2995 403 3129 466 ιδίας
3158 401 3456 475 παρθενίας
3488 405 3585 456 καὶ
3631 403 3745 472 τῆς

468 506 592 560 quae
659 499 981 562 spectantur
1047 492 1206 562 longe
1269 492 1702 561 pulcherrimum
1739 532 1754 557 ,
1819 504 2038 546 sacram

2153 493 2235 546 τοῦ
2265 494 2492 564 ἀδελφοῦ
2525 496 2835 566 ἡγεμονίας,
2892 496 3043 566 ἱερὰν
3089 495 3311 548 ἀνέθετο
3343 494 3631 566 τράπεζαν
3673 495 3742 546 ἐν

469 583 641 655 365-
665 599 908 640 mensam
943 585 996 638 in
1025 585 1264 640 ecclesia
1289 585 1908 655 Constantinopolitana
1940 599 2040 655 pro

2153 589 2208 656 τῇ
2281 585 2550 658 ἐκκλησίᾳ
2605 585 3261 647 Κωνοταντινουπόλεωςο
3320 586 3414 638 καὶ
3467 584 3565 638 ἐπὶ
3628 582 3738 636 τοῦ

472 674 792 744 virginitate
838 690 939 730 sua
991 682 1045 730 et
1084 690 1184 745 pro
1224 674 1410 730 fratris
1452 676 1688 744 imperio
1736 674 2038 730 dedicavit.

473 763 539 817 Et
579 765 634 819 in
680 764 860 820 fronte
897 765 1076 835 ipsius
1116 781 1342 830 mensae,
1391 774 1450 820 ut
1491 767 1710 821 cunctis
1741 766 2042 835 conspicua

471 863 680 919 essent,
714 855 825 911 haec
857 856 1046 911 eadem
1078 856 1374 926 inscripsit.
1401 855 1700 927 Postquam
1731 873 1861 912 vero
1891 857 2041 927 prin-

471 945 687 1014 eipatus
721 958 909 998 curam
949 945 1235 1014 suscepit,
1275 945 1463 1000 orbem
1497 945 1805 1000 Romanum
1836 946 2043 1016 Optime

471 1050 535 1089 ac
595 1034 983 1090 decentissime
1029 1037 1402 1105 gubernavit:
1459 1037 1666 1108 quippe
1717 1053 1840 1107 qua:
1896 1045 2044 1102 recte

472 1125 816 1190 consuleret,
871 1134 927 1181 et
963 1129 1214 1182 consulta
1254 1129 1508 1184 celeriter
1554 1137 1949 1199 exsequeretur
1979 1145 2044 1184 ac

472 1216 756 1273 scriberet.
783 1217 915 1272 Nam
937 1228 992 1275 et
1025 1220 1172 1289 loqui
1203 1229 1257 1274 et
1286 1221 1535 1276 scribere
1561 1222 1842 1292 eleganter
1873 1221 2044 1275 calle-

472 1309 563 1362 bat
590 1349 604 1370 ,
649 1317 758 1363 tam
805 1306 996 1364 Graeco
1033 1325 1195 1380 quam
1240 1310 1439 1366 Latino
1475 1327 1749 1366 sermone.
1785 1311 2042 1367 Omnium

472 1415 602 1454 vero
624 1416 745 1471 qua:
766 1402 1122 1471 gerebantur,
1157 1401 1374 1456 laudem
1397 1401 1466 1457 ad
1491 1401 1719 1460 fratrem
1747 1402 2042 1458 referebat.

476 1490 756 1562 Dabatque
779 1507 1000 1562 operam
1044 1501 1105 1546 ut
1150 1492 1461 1563 disciplinis
1508 1493 1574 1547 ad
1607 1494 1788 1549 aetatis
1820 1502 2042 1564 captum

475 1581 924 1644 accommodatis,
943 1581 1219 1650 regaliter,
1241 1590 1506 1649 quantum
1535 1581 1653 1636 ﬁeri
1680 1589 1882 1650 posset,
1904 1581 2044 1637 edu-

473 1676 715 1724 caretur.
777 1671 842 1724 Et
876 1677 1051 1725 artem
1109 1671 1332 1740 quidem
1393 1671 1723 1740 equitandi,
1764 1685 2041 1726 armorum

473 1777 694 1832 quoque
741 1777 806 1817 ac
855 1762 1165 1818 litterarqu
1217 1763 1541 1829 scientiam,
1601 1764 1672 1818 ab
1722 1763 2042 1834 hujusmodi
2077 1742 2118 1800 Β

473 1869 655 1907 rerum
701 1854 892 1923 peritis
940 1853 1204 1910 discebat.
1259 1853 1329 1909 Ut
1379 1871 1509 1911 vero
1568 1855 1622 1909 in
1682 1856 2044 1926 processibus

473 1944 714 2012 graviter
746 1958 812 1999 ac
851 1959 950 2012 pro
985 1944 1336 2015 imperatoria
1377 1944 1662 2016 majestate
1693 1963 1753 2002 se
1780 1957 1999 2017 gereret
2027 1985 2046 2010 ,

473 2049 505 2087 a
535 2048 722 2088 sorore
754 2034 1146 2090 instituebatur
1190 2050 1206 2088 :
1251 2037 1533 2106 quomodo
1574 2044 1779 2093 vestem
1830 2046 2048 2109 gestare

475 2122 700 2178 deberet
730 2142 744 2177 :
779 2124 1054 2192 quomodo
1094 2124 1414 2189 sedendum,
1443 2135 1498 2181 et
1527 2128 1765 2197 qualiter
1786 2129 2050 2184 inceden-

474 2215 604 2269 dum
635 2227 817 2271 esset:
857 2215 1132 2286 quomodo
1165 2217 1337 2272 risum
1359 2217 1670 2284 continere,
1706 2227 1760 2273 et
1789 2234 1891 2290 pro
1924 2220 2046 2276 loco

474 2323 540 2364 ac
588 2317 834 2379 tempore
882 2323 1032 2363 nunc
1076 2307 1269 2373 mitis,
1321 2323 1470 2364 nunc
1514 2309 1880 2366 formidabilis
1926 2327 2049 2367 esse

474 2401 736 2467 deberet,
776 2412 830 2457 et
861 2417 956 2457 eos
1001 2403 1096 2473 qui
1141 2403 1210 2457 ab
1253 2403 1374 2473 ipso
1404 2403 1611 2473 aliquid
1640 2413 1919 2475 peterent,
1955 2405 2051 2461 de-

473 2499 666 2546 center
721 2490 934 2547 audire.
985 2491 1092 2546 Sed
1145 2495 1422 2564 praacipue
1485 2509 1611 2548 eum
1671 2493 1736 2548 ad
1791 2495 2049 2564 pietatem

475 2583 834 2646 informabat,
867 2584 1245 2640 assuefaciens
1285 2585 1440 2640 illum
1477 2594 1536 2640 ut
1570 2585 1797 2641 assidue
1829 2593 2050 2650 oraret,

471 2683 529 2731 et
557 2676 824 2732 ecclesias
867 2677 1042 2732 adiret
1082 2715 1097 2741 ,
1164 2692 1372 2747 easque
1410 2676 1661 2732 donariis
1699 2691 1762 2732 ac
1795 2678 2052 2748 pretiosis

473 2769 796 2824 muneribus
847 2778 1122 2824 ornaret:
1191 2776 1251 2822 ut
1314 2767 1628 2825 sacerdmes
1665 2809 1680 2834 ,
1751 2783 2052 2839 omnesque

473 2859 625 2916 viros
671 2860 880 2924 bonos,
934 2867 990 2914 et
1033 2874 1130 2916 eos
1177 2860 1271 2930 qui
1336 2860 1779 2915 Christianorum
1837 2860 2052 2932 legibus

475 2960 639 3020 atque
674 2951 940 3007 institutis
985 2950 1538 3022 philosopharentur,
1594 2951 1648 3006 in
1680 2953 1861 3022 pretio
1885 2953 2053 3007 babe-

2144 676 2396 750 μετώπου
2425 675 2524 748 τῆς
2550 677 2847 747 τραπέζης,
2878 675 2954 740 ὠς
2980 674 3046 730 ἀν
3079 676 3246 728 πᾶσιν
3271 674 3469 744 ἔκδηλα
3500 670 3558 748 ᾗ,
3595 676 3740 727 τάδε

2141 769 2470 840 ἐπέγραψεν.
2528 767 2949 822 Ὑπεισελθοῦσα
3004 765 3061 820 δὲ
3116 767 3213 837 τῆς
3265 767 3560 836 ἡγεμονίας
3632 767 3740 835 τὴν

2143 860 2419 930 φροντίδα,
2449 861 2644 934 ἄριστα
2675 860 2770 913 καὶ
2796 860 2853 911 ὲν
2875 859 3063 928 κόσμῳ
3093 857 3271 928 πολλῷ
3297 857 3394 929 τὴν
3428 858 3742 927 Ῥωμαίων

2142 952 2461 1022 οἰκουμένην
2491 951 2756 1021 διῴκησεν
2780 967 2794 982 ·
2841 945 2900 1003 εὖ
2938 949 3322 1020 βουλευομένη,
3367 948 3440 1013 ὼς
3475 951 3534 1000 ἐν
3562 949 3738 1017 τάχει

2141 1043 2212 1097 τὰ
2233 1043 2476 1114 πρακτέα
2504 1042 2823 1098 ὲπιτελοῦσα
2845 1042 2938 1096 καὶ
2963 1041 3247 1112 γράφουσα
3273 1039 3371 1108 ('7).
3412 1040 3741 1110 Ἠκρίὂωτο

2143 1136 2250 1207 γὰρ
2281 1137 2478 1204 λέγειν,
2523 1138 2616 1190 καὶ
2644 1135 2875 1207 γράφειν
2920 1134 3094 1204 ὀρθῶς
3125 1133 3264 1186 κατά
3292 1133 3388 1203 τὴν
3428 1131 3736 1201 Ῥωμαίων

2143 1229 2237 1282 καὶ
2297 1228 2561 1299 Ἐλλήνων
2623 1228 2827 1297 φωνήν.
2893 1225 3014 1278 Τῶν
3066 1225 3125 1277 δὲ
3176 1223 3567 1296 πραττομένων
3629 1222 3735 1291 τὴν

2142 1318 2362 1389 δόκησιν
2408 1321 2488 1380 εἰς
2517 1319 2608 1372 τὸν
2647 1317 2872 1386 ἀδελφὸν
2916 1316 3146 1385 ἀνέφερε
3175 1331 3189 1344 ·
3245 1317 3340 1368 καὶ
3379 1314 3732 1384 ἐπεμελεῖτο,

2143 1409 2216 1472 ὡς
2245 1408 2310 1462 ἂν
2339 1409 2571 1479 μάλιστα
2603 1407 2894 1479 βασιλικῶς
2921 1407 3182 1477 ἀναχθείη
3213 1407 3327 1468 τοῖς
3355 1405 3476 1458 καθ’
3503 1404 3734 1474 ἠλικίαν

2144 1501 2550 1571 παιδευομένοις
2582 1498 2913 1570 μαθήμασιν.
2951 1497 3090 1550 Ἀλλ’
3128 1497 3358 1565 ἱππικὴν
3381 1494 3479 1566 μὲν
3505 1495 3600 1548 καὶ
3627 1495 3734 1562 τὴν

2145 1595 2202 1646 έν
2241 1595 2354 1656 τοῖς
2390 1591 2576 1655 ὅπλοις
2618 1591 2852 1653 καὶτοῖς
2885 1587 3063 1656 λόγοις
3107 1587 3363 1656 ἄσκησιν,
3415 1585 3569 1655 παρὰ
3613 1585 3733 1636 τῶν

2146 1683 2522 1754 ἐπιστημόνων
2573 1679 2960 1746 ὲξεδιδάσκετο.
3017 1679 3152 1749 Περὶ⁸
3210 1677 3268 1730 δὲ
3309 1676 3410 1738 τὰς
3457 1676 3728 1747 προόδους

2145 1775 2368 1844 κόσμιος
2400 1769 2535 1826 εἶναι
2577 1773 2668 1826 καὶ
2695 1773 2987 1843 βασιλικὸς,
3022 1771 3173 1843 παρά
3209 1770 3310 1838 τῆς
3351 1769 3588 1837 ἀδελφῆς
3631 1770 3734 1838 sp.
3780 1811 3788 1821 .

2147 1864 2437 1935 ρυθμίζετο
2467 1883 2480 1896 ο
2528 1860 2794 1937 ὲσθῆταῇ
2841 1863 2947 1934 χρὴ
2991 1861 3366 1933 περιστέλλειν
3410 1860 3729 1930 μανθάνων,

2145 1957 2240 2010 καὶ
2264 1957 2449 2026 τρόπῳ
2473 1955 2578 2008 τίνι
2607 1954 2898 2026 καθῆσθαι,
2941 1955 3034 2008 καὶ
3064 1953 3320 2023 βαδίζειν,
3361 1953 3453 2005 καὶ
3485 1952 3731 2014 γέλωτος

2146 2049 2384 2112 κρατεῖν,
2421 2047 2515 2100 καὶ
2546 2048 2718 2116 πρᾶος
2745 2047 2839 2099 καὶ
2875 2045 3104 2115 φοϐερὸς
3131 2047 3189 2098 έν
3221 2044 3395 2114 καιρῷ
3426 2039 3587 2106 εἶναι,
3627 2045 3734 2094 καὶ

2146 2137 2418 2208 ἁρμοδίως
2464 2138 2824 2192 πυνθάνεσθαι
2855 2138 2964 2192 τῶν
2998 2138 3126 2208 περί
3165 2155 3256 2190 του
3278 2136 3558 2204 δεομένων.
3601 2137 3734 2204 οὐχ

2145 2230 2341 2300 ἥκιστα
2362 2228 2418 2282 δὲ
2443 2230 2522 2289 εἰς
2549 2229 2833 2283 εὐσέϐειαν
2853 2229 3012 2283 αὑτὸν
3037 2225 3162 2299 ἦγε,
3187 2227 3409 2297 συνεχῶς
3429 2225 3724 2296 εὔχεσθαι,

2148 2323 2242 2375 καὶ
2297 2324 2417 2383 ταῖς
2469 2320 2784 2392 ἐκκλησίαις
2819 2323 3006 2392 φοιτᾷν
3034 2320 3320 2383 ἐθίζουσαο
3371 2319 3464 2371 καὶ
3504 2317 3729 2388 ἀναθή-

2151 2430 2283 2484 μασι
2305 2412 2397 2465 καὶ
2417 2412 2719 2483 κειμηλίοις
2739 2413 2866 2475 τοὺς
2884 2410 3203 2483 εύκτηρίους
3222 2411 3398 2473 οἴκους
3415 2409 3726 2480 γεραίρειν·

2147 2508 2244 2560 καὶ
2269 2507 2328 2560 ὲν
2353 2508 2482 2577 τιμῇ
2531 2505 2672 2576 ἔχειν
2719 2507 2846 2569 τοὺς
2875 2505 3054 2576 ἱερέας
3074 2545 3089 2569 ,
3141 2506 3231 2558 καὶ
3260 2505 3448 2565 ἄλλους
3481 2503 3733 2570 ἀγαθοὺς

2148 2597 2366 2667 ἄνδρας,
2409 2597 2502 2650 καὶ
2549 2596 2675 2660 τοὺς
2705 2596 2854 2665 νόμῳ
2897 2595 3232 2666 Χριστιανῶν
3276 2592 3726 2663 φιλοσοφοῦντας.

2150 2688 2224 2741 Ού
2254 2687 2360 2757 μὴν
2388 2686 2523 2740 ἀλλά
2549 2687 2641 2740 καὶ
2671 2686 2774 2739 ὑπὸ
2801 2685 2971 2740 νόθων
2998 2686 3282 2756 δογμάτων
3308 2684 3594 2763 νεωτερίζε
3606 2683 3731 2736 σθαι

2151 2777 2564 2847 κινδυνευούσης
2619 2776 2717 2846 τῆς
2763 2776 3096 2848 θρησκείας,
3149 2775 3349 2846 σπουδῇ
3402 2776 3498 2828 καὶ
3551 2774 3730 2841 σοφῶς

2152 2864 2418 2938 προῦστη.
2464 2866 2572 2918 Καὶ
2598 2867 2692 2918 τοῦ
2725 2865 2799 2936 μὴ
2833 2864 3025 2928 καινὰς
3055 2865 3291 2934 αἱρέσεις
3342 2865 3400 2916 ἐν
3447 2868 3561 2926 τοῖς
3608 2863 3732 2916 καθ’

2153 2957 2298 3028 ἡμᾶς
2331 2955 2541 3027 χρόνοις
2589 2958 2829 3026 κρατεῖν,
2881 2955 3310 3026 μάλιστωὺτὴν
3353 2954 3535 3007 αἰτίαν
3570 2956 3730 3024 εὑρὴ-

477 3052 578 3098 ret.
625 3043 888 3100 Praeterea
933 3059 1058 3098 cum
1089 3061 1182 3116 per
1213 3045 1524 3099 adulterina
1555 3044 1811 3115 dogmata
1851 3047 2044 3118 religio

2154 3066 2349 3119 σομεν,
2403 3049 2479 3112 ὡς
2519 3048 2577 3101 ὲν
2625 3050 2736 3111 τοῖς
2784 3047 2922 3117 μετὰ
2961 3047 3132 3100 ταῦτα
3183 3045 3462 3115 εἰσόμεθα.
3515 3047 3636 3098 Δέει
3677 3046 3730 3096 δὲ

475 3135 750 3190 turbanda
786 3151 912 3191 esse
936 3136 1236 3202 videretur,
1263 3138 1382 3208 ipsa
1410 3138 1662 3194 studiose
1686 3154 1749 3193 ac
1778 3140 2055 3209 sapienter

478 3230 779 3298 prospexit.
809 3227 970 3282 Certe
998 3229 1144 3297 quod
1195 3245 1352 3284 nova:
1387 3231 1625 3285 haereses
1669 3241 1863 3285 nostra
1894 3240 2055 3288 aetate

483 3319 706 3374 minime
738 3319 1159 3390 prae-valuerint,
1211 3319 1360 3375 illam
1401 3321 1456 3375 in
1487 3335 1652 3376 causa
1688 3320 1859 3376 fuisse
1897 3337 2054 3392 repe-

481 3409 720 3474 riemus,
749 3411 894 3466 sicut
918 3410 972 3464 in
1009 3411 1366 3481 sequentibus
1399 3421 1766 3483 cognoscetur
1788 3413 2052 3484 apertius.

481 3499 653 3554 Porro
681 3515 804 3554 cum
849 3499 1016 3554 Deum
1061 3502 1300 3555 maxima
1347 3501 1618 3572 religione
1647 3501 1893 3568 coleret,
1927 3518 2057 3572 pro-

484 3592 656 3646 lixum
700 3590 864 3647 fuerit
915 3606 1242 3654 recensere,
1295 3592 1436 3663 apud
1479 3606 1622 3663 quos
1659 3591 1794 3657 illa,
1837 3601 1892 3648 et
1923 3601 2057 3664 quot

481 3683 750 3738 ecclesias
801 3683 1088 3752 magniﬁce
1131 3683 1551 3738 construxerit:
1589 3691 1722 3753 qnot
1754 3683 2056 3741 diversoria

484 3787 784 3841 pauperum
817 3786 883 3824 ac
917 3773 1378 3842 peregrinorum;
1425 3781 1558 3842 quot
1598 3773 1836 3844 denique
1866 3789 2059 3829 mona-

483 3860 653 3916 steria
703 3861 1086 3925 constituerit,
1125 3863 1406 3932 perpetuis
1455 3863 1771 3932 sumptibus
1820 3863 1890 3918 ad
1941 3864 2058 3920 haec

483 3953 822 4018 destinatis,
886 3960 943 4008 et
993 3967 1212 4007 annona
1258 3953 1328 4007 ad
1371 3953 1599 4010 alendus
1655 3970 1750 4010 eos
1801 3956 1893 4026 qui
1946 3957 2058 4013 illic

483 4052 790 4099 manerent.
834 4042 988 4110 Quod
1037 4043 1083 4100 si
1121 4045 1248 4114 quis
1281 4059 1350 4099 ex
1390 4046 1560 4102 rebus
1601 4047 1738 4118 ipsis
1770 4047 2056 4105 veritatem

485 4137 724 4192 scrutari
770 4137 958 4202 malit,
992 4152 1156 4207 quam
1187 4138 1373 4194 verbis
1424 4140 1562 4194 meis
1600 4140 1856 4206 credere,
1907 4141 2059 4197 inve-

484 4231 602 4287 niet
630 4229 908 4302 profecto,
951 4247 1040 4286 me
1070 4245 1170 4286 nec
1199 4229 1379 4295 falso,
1418 4246 1522 4286 nec
1560 4232 1626 4286 ad
1672 4233 1900 4300 gratiam
1951 4233 2057 4288 ista

485 4324 776 4380 scribere:
820 4323 950 4378 dum
993 4324 1187 4378 harum
1223 4339 1406 4378 rerum
1449 4324 1745 4390 notitiam,
1794 4339 1824 4378 a
1854 4339 2057 4394 procu-

485 4417 767 4472 ratoribus
804 4416 1073 4473 bonorum
1126 4415 1280 4471 illius
1323 4417 1694 4486 perscriptam
1744 4417 1974 4486 legerit,
2006 4427 2059 4472 et
2089 4398 2135 4454 Ῑ)

484 4525 549 4562 ex
582 4508 809 4579 scriptis
837 4508 1206 4579 exploraverit
1241 4523 1375 4562 num
1423 4523 1512 4564 res
1549 4508 1684 4578 ipsa:
1720 4522 1845 4561 cum
1877 4508 2058 4563 verbis

489 4598 697 4656 nostris
731 4599 1102 4654 consentiant.
1150 4598 1206 4652 Si
1239 4598 1328 4653 cui
1373 4613 1506 4654 vero
1556 4599 1673 4654 haec
1714 4614 1808 4669 per
1842 4615 1902 4655 se
1940 4599 2058 4655 sola

491 4707 601 4745 non
632 4691 939 4754 sutﬁciunt,
971 4698 1027 4744 at
1059 4698 1207 4746 certe
1238 4690 1383 4746 Dens
1421 4691 1499 4745 illi
1540 4690 1702 4746 ﬁdem
1735 4690 1930 4755 faciat,
1964 4695 2058 4762 qui

492 4782 638 4835 illam
665 4783 735 4836 ob
761 4783 883 4836 vitae
911 4784 1336 4838 sanctimoniam
1369 4784 1506 4838 adeo
1536 4783 1762 4838 cbaram
1808 4783 1972 4838 habet
2003 4791 2057 4838 et

491 4883 770 4942 acceptam
792 4912 807 4936 ,
856 4881 917 4927 ut
953 4889 1071 4929 eam
1108 4882 1356 4929 orantem
1388 4875 1642 4931 celeriter
1674 4875 1968 4939 exaudiat,
1995 4889 2060 4929 ac

491 4978 866 5034 smpenumero
895 4980 1018 5034 qua:
1053 4967 1289 5035 gerenda
1321 4975 1451 5022 sunt
1482 4969 1530 5023 ei
1565 4967 1916 5038 pramuntiet.
1954 4965 2059 5022 Ne-

491 5073 598 5129 que
618 5055 764 5114 enim
797 5054 890 5111 Dei
913 5069 1155 5112 amorem
1185 5075 1249 5115 ac
1278 5060 1713 5116 benevolentiam
1743 5059 2058 5115 hominibus

2156 3138 2334 3209 πολλῷ
2369 3138 2429 3191 τὸ
2456 3139 2608 3192 Θετον
2644 3136 3019 3209 θρησκεύουσα
3041 3180 3055 3201 ,
3113 3136 3320 3208 μακρὸν
3362 3137 3428 3189 ἂν
3464 3136 3550 3206 εἴη
3585 3138 3731 3206 παρὰ

2155 3229 2264 3282 τίσι
2304 3229 2514 3296 λέγειν,
2563 3230 2658 3282 καὶ
2699 3231 2894 3291 πόσους
2930 3227 3249 3298 εύκτηρίους
3287 3227 3470 3289 οἴκους
3500 3226 3731 3296 μεγαλο-

2156 3319 2378 3389 πρεπῶς
2404 3319 2744 3389 ἐτεκτήνατο⁸
2775 3318 2915 3372 πόσα
2945 3317 3002 3371 δὲ
3029 3315 3349 3385 καταγώγια
3373 3317 3606 3386 πτωχῶν
3639 3314 3732 3366 καὶ

2159 3408 2344 3474 ξένων,
2393 3409 2488 3462 καὶ⁵
2527 3409 2856 3479 μοναστικὰς
2904 3408 3176 3471 συνοικίας
3225 3408 3609 3476 συνεστήσατο,
3655 3406 3734 3457 δι-

2157 3503 2324 3572 ηνεκῆ
2352 3500 2559 3565 τάξασα
2591 3500 2690 3571 τὴν
2726 3502 2805 3564 εἰς
2836 3499 3008 3554 ταῦτα
3049 3501 3314 3570 δαπάνην,
3357 3501 3452 3552 καὶ
3482 3498 3540 3550 τὸ
3583 3515 3732 3566 σιτη-

2160 3594 2338 3666 ρέσιον
2365 3594 2472 3648 τῶν
2499 3592 2869 3648 ἐνοικούντων.
2904 3593 2971 3645 Et
2993 3609 3068 3662 τῳ
3095 3591 3153 3644 δὲ
3184 3591 3336 3660 φίλον
3361 3591 3425 3642 ἐκ
3457 3590 3566 3642 τῶν
3596 3607 3734 3657 πρα-

2159 3683 2382 3754 γμάτων
2420 3683 2707 3754 πειρᾶσθαι
2747 3683 2845 3752 τῆς
2883 3683 3157 3754 ἀληθείας,
3209 3682 3302 3736 καὶ
3338 3680 3414 3752 μὴ
3442 3683 3557 3743 τοῖς
3587 3683 3732 3748 ἐμοῖς

2157 3773 2438 3828 πείθεσθαι
2465 3774 2662 3842 λόγοις,
2707 3773 3009 3845 μαθήσεται
3041 3773 3116 3844 μὴ
3145 3772 3377 3843 ψευδῶς,
3430 3771 3567 3843 μηδὲ
3603 3772 3732 3842 πρὸς

2158 3867 2316 3938 χάριν
2354 3883 2420 3937 με
2454 3865 2581 3949 τάδε
2610 3866 2964 3936 συγγράφειν,
3008 3868 3055 3918 εί
3085 3863 3234 3935 παρά
3270 3862 3379 3916 τῶν
3405 3863 3732 3932 ἐπιτροπευ-

2157 3957 2324 4011 όντων
2347 3956 2438 4010 τὸν
2465 3956 2632 4027 αὐτῆς
2659 3951 2805 4009 οἷκον
2835 3955 3180 4027 ἀνάγραπτον
3211 3951 3376 4008 οὖσαν
3405 3953 3604 4006 διέλθοι
3631 3952 3733 4004 τῶν

2157 4046 2409 4101 τοιούτων
2450 4046 2684 4115 γνῶσιν,
2734 4045 2827 4100 καὶ
2870 4045 3020 4116 παρὰ
3068 4045 3174 4098 τῶν
3226 4043 3630 4115 γεγραμμένων
3660 4044 3730 4110 (8)

2159 4137 2400 4199 πύθοιτο,
2431 4137 2480 4190 εί
2520 4139 2586 4207 τῇ
2631 4139 2817 4208 γραφῇ
2867 4136 3081 4206 συνᾴδει
3108 4134 3177 4188 τὰ
3207 4135 3531 4204 πράγματα.
3579 4129 3652 4202 *ῼ
3678 4131 3732 4183 δὲ

2162 4230 2236 4302 μὴ
2282 4229 2455 4283 ταῦτα
2492 4227 2626 4299 μόνα
2663 4228 2800 4299 πρὸς
2847 4228 3025 4280 πίστιν
3067 4229 3246 4298 ἀρκεῖ,
3283 4223 3593 4278 πιστούσθω
3642 4223 3730 4276 καὶ

2159 4321 2293 4384 Θεὸς
2325 4320 2507 4382 αὐτὸς,
2546 4320 2760 4382 πάντως
2789 4336 2892 4371 που
2931 4318 3021 4372 διὰ
3052 4318 3151 4390 τὴν
3176 4317 3450 4370 πολιτείαν
3509 4332 3732 4385 κεχαρι-

2165 4411 2369 4483 σμένην
2388 4411 2557 4482 αύτὴν
2573 4409 2730 4480 έχωψ
2745 4409 2820 4472 ὡς
2835 4407 3132 4479 εὐχομένης
3155 4408 3386 4479 ἑτοίμως
3409 4407 3730 4471 ὑπακούειν,

2163 4505 2258 4559 καὶ
2282 4503 2538 4564 πολλάκις
2563 4502 2700 4573 αὐτῇ
2727 4501 2855 4570 περὶ
2874 4501 2982 4556 τῶν
3003 4499 3289 4572 πρακτέων
3317 4499 3732 4569 προφαίνεσθαι.

2165 4599 2240 4652 Οὐ
2270 4597 2382 4668 γὰρ
2415 4595 2480 4650 ἂν
2509 4595 2673 4665 φαίην
2714 4594 2844 4648 ποτὲ
2874 4593 3174 4664 θεοφὶλειαν
3199 4592 3595 4663 παραγίνεσθαι
3625 4595 3732 4655 τοῖς

2163 4688 2488 4760 ἀνθρώποις,
2519 4687 2588 4757 ἢν
2623 4687 2697 4757 μὴ
2725 4687 2860 4756 σφᾶς
2888 4685 3068 4751 ἀξίους
3088 4685 3292 4756 ταύτης
3318 4682 3407 4736 διὰ
3429 4683 3538 4735 τῶν
3558 4683 3733 4755 ἔργων

2164 4780 2493 4851 παρέχωσιν.
2528 4777 2666 4830 Ἀλλ’
2701 4777 2800 4829 ὅσα
2827 4775 2924 4847 μὲν
2951 4775 3057 4828 τῶν
3091 4774 3212 4828 καθ’
3240 4775 3465 4827 ἕκαστον
3486 4775 3569 4834 εἰς

2164 4871 2329 4936 δειξιν
2363 4865 2532 4942 ἧκεν,
2581 4866 2993 4922 ἐπιδεικνύντων
3030 4865 3250 4934 θεοφιλῆ
3298 4863 3437 4917 εἶναι
3487 4864 3590 4934 τὴν
3640 4863 3734 4915 τοῦ

2167 4961 2429 5033 βασιλέως
2477 4959 2739 5030 ἀδελφὴν,
2790 4954 2930 5009 ἑκὼν
2991 4957 3223 5028 παρήσω
3269 4955 3443 5021 τέως,
3506 4955 3584 5025 μὴ
3638 4958 3734 5007 καὶ

2169 5055 2494 5127 μωμήσηται
2513 5069 2596 5116 τις
2616 5051 2690 5116 ὡς
2711 5051 2871 5123 ’έτερα
2895 5047 3433 5125 πραγματευόμενος,
3456 5049 3537 5110 εἰς
3563 5048 3736 5116 ἐγκω-

1683 5234 1955 5290 VALESII
1991 5229 2543 5289 ANNOTATIONES.

567 5331 644 5400 ('7)
686 5331 768 5385 Τὰ
805 5331 1067 5400 πρακτέα
1096 5328 1226 5400 -κᾳὶ
1280 5330 1610 5398 γράφουσα.
1680 5329 1812 5384 Post
1864 5346 2055 5384 vocem

499 5397 783 5473 πρακτέα,
844 5397 1026 5456 ’ροᾱοιι
1095 5397 1769 5473 Euketianusminterserit
1831 5401 2057 5473 verbum

496 5470 858 5534 ἐπιτελοῦσα,
912 5470 1365 5540 quemadtnmlutn
1416 5470 1950 5537 Cbristophorsonus
2004 5470 2058 5522 in

497 5542 827 5609 quibusdam
851 5541 1253 5610 exemplaribus
1281 5541 1543 5608 scriptum
1573 5541 1875 5610 invenerat.
1904 5540 2057 5608 Apud

498 5611 864 5679 Nicephorum
897 5608 1099 5671 tamen.
1140 5612 1191 5664 in
1223 5626 1342 5679 cap.
1373 5611 1408 5662 τέ
1454 5611 1546 5662 lib.
1584 5625 1694 5670 xw,
1728 5625 1834 5679 non
1867 5608 2061 5676 legitur

501 5683 604 5735 hoc
645 5678 868 5738 verbum
904 5700 915 5736 :
951 5683 1094 5753 quod
1128 5678 1310 5737 tamen
1337 5699 1443 5742 nun
1474 5679 1710 5736 otiosum
1749 5678 1878 5733 mihi
1911 5680 2062 5736 vidc-

2164 5337 2255 5382 tur
2292 5327 2419 5398 boc_
2441 5327 2580 5398 loco,
2619 5323 2780 5398 modo
2796 5323 3138 5398 particulam
3164 5320 3600 5398 _conjunctivam
3636 5318 3733 5398 ad:

2165 5399 2378 5453 damus.
2403 5395 2608 5448 Laudat
2625 5395 2767 5448 enim
2795 5389 3134 5448 Pulcheriam
3160 5392 3501 5446 Sozuntenus
3522 5389 3734 5457 duplici

2165 5469 2406 5525 nomine.
2446 5475 2557 5519 tum
2596 5464 2739 5534 quod
2763 5466 3013 5518 celeriter
3040 5464 3371 5533 perspiceret
3405 5461 3535 5530 quid
3564 5474 3738 5529 ageti-

2159 5538 2286 5592 dutu
2314 5543 2482 5597 esset,
2524 5543 2638 5588 tum
2673 5535 2818 5603 quod
2847 5536 3100 5589 consulta
3134 5540 3548 5603 exsequeretur.

2229 5607 2306 5674 (8)
2347 5607 2480 5673 Περὶ
2521 5603 2634 5658 τῶν
2690 5600 3120 5676 γεγραμμένων.
3157 5600 3352 5658 Proeti!
3386 5600 3558 5655 dubio
3588 5600 3735 5655 scri—

2163 5676 2399 5733 bendum
2434 5684 2516 5731 est
2558 5675 2727 5746 παρὰ.
