4050 6218
300 304 438 363 I597
1212 307 1535 366 HISTORIA
1574 307 2126 366 ECCLESIASTICA.
2166 341 2236 351 —
2274 311 2402 368 LIB.
2443 312 2534 387 IX.
3421 321 3560 380 1598

306 423 446 494 μίων
485 423 647 494 νόμον
683 423 945 496 ὲτράπην.
993 424 1058 478 ⁸0
1089 421 1146 477 δέ
1184 440 1275 494 μοι
1311 425 1407 478 καὶ
1433 427 1555 478 κατ’
1582 424 1744 479 αὑτὸν
1773 422 1874 494 (9),

2005 439 2227 495 Inquam
2259 429 2552 484 conciliari
2590 429 2823 486 dixerlm
2847 471 2862 495 ,
2901 432 3006 488 nisi
3043 433 3120 488 illi
3151 435 3416 505 operibus
3445 438 3560 495 suis

302 512 768 586 ἑκκλησιαστικῆς
799 532 858 568 τε
889 515 1128 586 ἱστορίας
1143 515 1275 570 [διον
1307 512 1445 570 εἶναι
1461 516 1626 580 δοκεῖ,
1640 517 1735 570 καὶ
1763 514 1880 568 θεο-

2005 515 2177 586 lignos
2209 533 2268 573 se
2299 535 2485 577 amore
2512 522 2610 577 illo
2644 525 3022 592 praestiterint.
3065 527 3143 582 Ac
3191 529 3403 600 singula
3435 532 3563 602 qui-

304 606 515 676 φιλείας
561 607 730 676 αὐτῆς
767 607 1067 678 περιφανὴς
1123 607 1360 679 ἐλεγχος,
1407 607 1635 662 αὐτόθεν
1663 605 1794 678 ἐρῶ,
1826 607 1875 660 εί

2005 607 2103 664 lem
2143 624 2209 664 ex
2251 611 2454 681 quibus
2503 613 2876 670 demonstrari
2941 627 3120 686 potest
3179 618 3289 675 Deo
3333 623 3558 676 charam

303 700 398 752 καὶ
424 698 600 769 χρόνῳ
623 697 844 769 ὕστερον
876 699 1092 768 συνέϐη,
1124 700 1277 770 Ἔχει
1310 699 1366 753 δὲ
1394 694 1519 755 ὦδε.
1861 735 1864 737 -

2005 713 2103 754 :sse
2137 701 2494 771 imperatoris
2523 719 2790 768 sororem,
2831 706 3188 778 368libens
3217 708 3309 764 hic
3339 719 3564 779 praeter-

303 803 404 855 eo,
452 804 516 843 ne
555 789 676 858 quis
708 789 847 844 forte
899 791 1266 847 calumnietur
1294 809 1402 859 tne,
1447 792 1540 863 qui
1592 791 1744 846 aliud
1790 788 2070 845 scribendi
2115 806 2501 863 argumentum
2547 801 2909 868 susceperim,
2974 801 3040 854 ad
3080 801 3273 857 laudes
3311 811 3366 857 et
3399 819 3564 858 enco-

305 881 412 934 mia
453 879 743 936 divertere.
785 881 922 938 lllud
964 898 1095 939 vero
1136 885 1280 954 quod
1325 900 1423 954 per
1475 886 1720 954 seipsum
1766 889 1822 938 et
1858 882 2256 941 ecclesiasticae
2309 888 2557 943 historiae
2603 905 2909 960 congruum
2934 907 3056 946 esse
3121 893 3254 946 mihi
3319 894 3560 959 videtur,

303 979 358 1024 ct
388 971 558 1026 divini
593 973 646 1026 in
679 974 828 1028 illam
856 977 1059 1030 amoris
1087 977 1441 1046 perspicuum
1498 981 1903 1046 argumentum,
1945 972 2047 1029 hoc
2096 976 2219 1032 loco
2260 981 2744 1046 commemorabo,
2799 983 3050 1052 quamvis
3087 984 3370 1055 aliquanto
3438 995 3565 1058 post

305 1061 588 1116 acciderit.
627 1063 717 1118 Est
753 1079 932 1122 autem
965 1068 1306 1136 hujusmodi.

764 1201 817 1228 ν
914 1164 1165 1217 ΚΕΦΑΛ.
1207 1164 1282 1217 B'.

377 1247 518 1317 Περὶ
549 1248 660 1318 τῆς
686 1253 976 1335 εὐρεσεως
1006 1252 1124 1307 τῶν
1147 1253 1456 1335 decet-drm-
1483 1251 1602 1307 τῶν
1633 1251 1818 1321 ἁγίων

691 1327 1143 1390 τεσσαράκοντα
1172 1327 1506 1394 μαρτύρων.

377 1411 515 1482 Γυνή
546 1428 628 1474 τις
663 1411 896 1466 Εὐσεϐία
935 1411 1191 1485 τοῦνομα,
1227 1416 1473 1479 διάκονος
1503 1417 1604 1486 τῆς
1641 1415 1889 1470 Manebo-

308 1502 422 1556 νίου
461 1503 745 1574 αἱρέσεως,
790 1507 996 1576 οἴκημα
1039 1507 1134 1560 καὶ⁵
1165 1507 1340 1578 κῆπον
1368 1505 1481 1578 εἶχε
1510 1507 1620 1579 πρὸ
1645 1506 1740 1560 τοῦ
1772 1506 1885 1559 τεί-

308 1611 436 1664 χους
471 1595 570 1666 τῆς
615 1597 1238 1662 Κωνσταντινουπόλεως
1269 1615 1283 1629 '

2639 1161 2792 1216 CAP.
2842 1161 2906 1216 ll.

1995 1248 2074 1304 De
2119 1250 2417 1307 inventione
2456 1251 2802 1323 reliquiarum
2847 1264 3156 1309 sanctorum
3211 1256 3567 1324 quaaraginta

2611 1335 2932 1394 martyrum.

2061 1413 2260 1470 Mulier
2307 1415 2595 1486 quaedam,
2654 1416 2894 1473 Eusebia
2937 1418 3196 1483 nomine,
3249 1417 3566 1473 diaconissa

1988 1517 2153 1562 secta:
2176 1507 2610 1574 Macedoniame,
2645 1509 2789 1566 aedes
2817 1518 2872 1565 et
2902 1510 3119 1566 hortum
3152 1509 3388 1565 habebat
3414 1510 3564 1564 haud

1341 1600 1436 1653 καὶ
1487 1598 1610 1670 ἱερά
1656 1597 1887 1666 λείψανα

2005 1599 2184 1667 procul
2211 1615 2242 1653 a
2279 1601 2557 1656 mmnibus
2583 1601 2740 1656 urbis
2779 1599 3422 1669 Constantinopolitanae.
3452 1599 3569 1656 Illic

307 1687 495 1741 ὲνθάδε
542 1687 807 1757 ἐφύλαττε
850 1689 958 1743 τῶν
1003 1691 1062 1745 ὲν
1103 1689 1399 1762 Σεϐαστείᾳ
1441 1689 1544 1760 τῆς
1591 1689 1884 1760 Ἀρμενίας

2005 1705 2185 1746 sacras
2233 1691 2498 1761 reliquias
2541 1690 2893 1746 custodiebat
2929 1690 3299 1761 quadraginta
3329 1690 3566 1744 militum

311 1779 451 1833 κατὰ
480 1780 606 1844 τοὺς
636 1781 880 1835 Λικινίου
921 1782 1147 1852 χρόνους
1177 1782 1645 1854 μαρτυρησάντων
1691 1799 1887 1835 τεσσα-

313 1871 548 1941 ράκοντα
573 1871 916 1943 στρατιωτῶν
932 1880 981 1928 ιι.
1017 1872 1300 1927 Μέλλουσα
1332 1872 1390 1926 δὲ
1417 1872 1697 1942 τελευτᾷν,
1754 1887 1888 1924 κατ-

313 1961 466 2014 έλιπε
495 1961 584 2015 τὸν
609 1963 1001 2034 προειρημένον
1028 1964 1192 2017 τόπον
1219 1966 1468 2034 μοναχοίς
1497 1962 1889 2033 ὁμοδόξοις,καὶ

223 2047 230 2054 ’
317 2054 436 2123 μεθ’
469 2044 649 2124 ὅρκων
686 2055 866 2109 αὐτῶν
893 2055 1083 2128 ἐδεήθη
1117 2058 1299 2109 ἐκεῖσε
1341 2055 1576 2124 ταφῆναι
1601 2070 1616 2085 ο
1663 2055 1804 2125 ὑπὲρ
1831 2055 1887 2107 δὲ

312 2145 555 2215 κεφαλῆς
589 2146 685 2199 ἐπὶ
728 2146 808 2216 τῷ
851 2148 1004 2217 ἄκρῳ
1033 2147 1131 2217 τῆς
1159 2147 1330 2216 αὐτῆς
1359 2146 1520 2216 σορὸν
1567 2145 1674 2217 [δίᾳ
1711 2144 1886 2212 ξέσαι,

313 2237 408 2288 καὶ
445 2236 878 2303 συγκαταθέσθαι
907 2237 1044 2308 αὑτῇ
1075 2237 1182 2291 τῶν
1214 2236 1502 2310 μαρτύρων
1530 2237 1600 2292 τὰ
1637 2238 1887 2307 λείψανα,

314 2328 407 2380 καὶ
449 2328 640 2397 μηδενὶ
684 2329 1087 2399 καταμηνύσαι.
1133 2329 1242 2382 Καὶ
1274 2331 1324 2382 οί
1365 2330 1466 2399 μὲν
1499 2323 1884 2384 ὧδθὲποίουν.

317 2419 478 2472 Ὥστε
504 2419 558 2472 δὲ
595 2419 694 2489 τῆς
727 2418 1110 2490 προσηκούσης
1139 2420 1432 2491 θεραπείας
1463 2403 1890 2490 μεταλαγχάνειν

312 2512 440 2572 τοὺς
478 2510 763 2582 μάρτυρας
790 2529 804 2541 ·
845 2511 940 2564 καὶ
966 2513 1093 2574 τοὺς
1120 2512 1320 2576 ἔξωθεν
1358 2513 1574 2581 ἀγνοεῖν
1595 2529 1610 2543 ·
1655 2512 1797 2565 κατὰ
1822 2511 1893 2565 τά

318 2603 706 2673 συντεθειμένα
753 2603 887 2674 πρὸς
924 2603 1221 2667 Εὑσεὸίαν,
1272 2605 1560 2676 εὐκτήριον
1592 2600 1738 2658 οἷκον
1788 2603 1894 2658 ὑπὸ

316 2695 419 2766 γῆν
459 2695 815 2767 ὲτεκτήναντο
858 2696 985 2767 περὶ
1027 2695 1126 2767 τὴν
1171 2697 1341 2766 αὐτῆς
1373 2697 1579 2768 θήκην
1633 2698 1714 2760 είς
1743 2696 1801 2750 δὲ
1833 2695 1896 2748 τὸ

317 2789 611 2858 προφανὲς,
631 2788 838 2860 οἴκημα
866 2790 1123 2862 ὑπεράνω
1145 2790 1383 2854 πλίνθοις
1407 2790 1598 2854 ὀπταῖς
1620 2791 1680 2844 τὸ
1703 2790 1896 2860 ἔδαφος

315 2881 713 2952 ἠμφιεσμένον,
745 2882 841 2935 καὶ
864 2881 1196 2936 καταϐάσιον
1223 2885 1286 2936 ἐκ
1313 2883 1502 2936 τούτου
1523 2881 1782 2936 λανθάνον
1805 2883 1897 2935 ἐπὶ

318 2973 446 3034 τοὺς
478 2972 780 3043 μάρτυρας.
811 2973 967 3026 Μετὰ
994 2974 1051 3027 δὲ
1087 2973 1258 3028 ταῦτα
1291 2975 1593 3045 Καισάριος
1625 2973 1764 3045 ἀνὴρ
1789 2973 1897 3028 τῶν

319 3063 439 3115 τότε
465 3063 523 3116 ὲν
546 3061 793 3132 δυνάμει,
820 3062 879 3126 ὂς
901 3064 995 3116 καὶ
1020 3064 1228 3118 ὑπάτου
1255 3065 1348 3118 καὶ
1367 3064 1610 3136 ὑπάρχου
1638 3066 1718 3127 είς
1743 3064 1900 3130 ἀξίαν

321 3153 582 3223 προῆλθε,
628 3151 892 3208 θανοῦσαν
941 3154 1108 3209 αὐτοῦ
1165 3155 1266 3226 τὴν
1321 3155 1566 3227 γαμετὴν
1611 3154 1764 3228 παρὰ
1803 3155 1902 3227 τὴν

323 3243 588 3306 Εὐσεϐίας
615 3243 772 3313 σορὸν
793 3243 977 3313 ἔθαψε.
1014 3245 1183 3298 Τοῦτο
1214 3245 1322 3317 γὰρ
1350 3245 1431 3298 ἔτι
1464 3246 1783 3317 περιούσαις
1808 3246 1905 3298 αὺ-

322 3336 443 3396 ταῖς
479 3331 775 3399 συνέδοξεν,
825 3334 1122 3405 ὑπερφυῶς
1164 3336 1592 3407 κεχαρισμέναις
1624 3336 1902 3408 ἀλλήλαις,

325 3425 419 3479 καὶ
449 3424 576 3495 περὶ
600 3424 660 3478 τὸ
687 3418 863 3496 δόγμα
886 3427 981 3480 καὶ
1003 3427 1100 3498 τὴν
1124 3426 1422 3499 θρησκείαν
1451 3429 1902 3499 ὁμοφρονούσαις.

340 3513 617 3567 Ἐντεῦθεν
667 3516 939 3586 πρόφασις
987 3517 1204 3584 ἐγένετο
1266 3518 1554 3588 Καισαρίῳ
1603 3520 1906 3590 κτήσασθαι

328 3605 520 3659 τοῦτον
549 3603 640 3658 τὸν
671 3606 856 3670 τόπον,
897 3608 974 3669 ὼς
1001 3608 1067 3660 ἂν
1100 3609 1194 3660 καὶ
1228 3609 1392 3672 αὐτὸς
1426 3609 1651 3680 πλησίον
1681 3613 1780 3679 τῆς
1809 3627 1908 3678 γα-

335 3694 502 3764 μετῆς
527 3692 746 3764 ταφείη.
796 3695 860 3747 Οἱ
906 3694 964 3748 δὲ
993 3695 1380 3767 προειρημένοι
1425 3698 1668 3768 μοναχοὶ,
1701 3698 1905 3769 ἀλλαχῆ

336 3784 769 3856 μετῳκίσθησαν,
817 3786 982 3857 μηδὲν
1015 3788 1141 3858 περὶ
1171 3788 1280 3842 τῶν
1315 3789 1607 3860 μαρτύρων
1638 3790 1907 3862 ὁμολογή-

1994 1782 2213 1836 illorum
2235 1819 2248 1846 ,
2276 1781 2369 1852 qui
2426 1781 2580 1847 olim,
2645 1789 2906 1851 regnante
2961 1781 3168 1835 Licinio
3195 1822 3209 1847 ,
3240 1782 3568 1852 martyrium

1994 1871 2245 1941 perpessi
2293 1879 2452 1925 erant
2493 1868 2776 1924 Scbastiae.
2824 1868 2954 1936 Quae
2991 1885 3114 1924 cum
3159 1871 3424 1924 moritura
3453 1870 3569 1940 jam

1994 1970 2160 2026 esset,
2191 1961 2568 2030 supradictum
2606 1961 2786 2014 locum
2823 1961 3106 2015 monachis
3126 1961 3372 2029 ejusdem
3409 1971 3572 2015 sectae

1995 2051 2254 2120 reliquit‘,
2309 2058 2366 2104 et
2408 2051 2773 2121 jurejurando
2813 2066 2914 2104 eos
2943 2051 3272 2117 obstrinxit,
3304 2059 3365 2104 ut
3396 2051 3572 2120 ipsam

1995 2140 2108 2195 illic
2140 2141 2470 2211 sepelirent,
2522 2156 2586 2195 ac
2629 2155 2798 2211 supra
2851 2149 3013 2210 caput
3056 2141 3111 2194 in
3152 2155 3367 2195 summa
3419 2149 3574 2209 parte

1996 2231 2237 2286 loculum
2269 2232 2443 2302 ipsius
2469 2233 2764 2302 separatim
2804 2233 3143 2298 inciderent,
3185 2242 3242 2288 et
3267 2241 3570 2304 martyrum

1997 2326 2259 2395 reliquias
2292 2341 2400 2379 una
2449 2341 2572 2380 cum
2611 2325 2729 2396 ipsa
2769 2325 3146 2396 deponerent,
3185 2341 3287 2381 nec
3321 2327 3416 2380 ulli
3457 2339 3572 2380 rem

2000 2417 2324 2472 indicarent.
2363 2416 2441 2469 Ac
2466 2416 2720 2470 monachi
2750 2416 2966 2484 quidem
2999 2417 3049 2470 id
3079 2417 3223 2486 quod
3257 2417 3572 2470 mandatum

1998 2518 2120 2563 erat
2171 2506 2441 2562 fecerunt.
2495 2507 2698 2563 Verum
2751 2518 2806 2562 ut
2857 2518 3130 2578 martyres
3187 2508 3373 2561 debito
3421 2510 3575 2560 cultu

2001 2601 2388 2663 adicerentur,
2439 2608 2493 2654 et
2546 2615 2634 2655 res
2678 2599 3071 2664 nihilominus,
3124 2600 3290 2654 sicuti
3330 2598 3578 2652 Eusebia:

2002 2693 2232 2762 polliciti
2263 2693 2512 2757 fuerant,
2545 2701 2837 2748 extraneos
2878 2693 3103 2756 lateret,
3141 2695 3442 2748 oratorium
3474 2695 3579 2750 sub

2001 2792 2147 2838 terra
2175 2784 2320 2838 circa
2349 2781 2598 2837 mulieris
2621 2781 2892 2836 tumulum
2922 2782 3262 2836 :edilicarunt
3295 2801 3308 2836 :
3343 2799 3579 2852 superne

2001 2890 2134 2930 vero
2191 2875 2562 2930 habitaculum
2623 2885 3112 2940 construxerunt,
3181 2875 3344 2941 cujus
3400 2876 3575 2930 solum

2003 2967 2184 3023 coctis
2244 2967 2510 3023 lateribus
2568 2974 2911 3022 constratum
2964 2974 3128 3032 erat,
3185 2977 3348 3035 atque
3397 2982 3460 3020 ex
3512 2980 3580 3020 eo

2003 3059 2328 3114 descensum
2355 3060 2631 3115 occultum
2657 3058 2724 3112 ad
2759 3066 3045 3130 martyres.
3068 3058 3419 3112 Postmodum
3451 3071 3581 3112 vero

2003 3151 2296 3214 Caesarius,
2327 3152 2411 3206 vir
2434 3168 2494 3206 ea
2524 3159 2848 3221 tempestate
2883 3150 3302 3221 potentissimus
3325 3189 3338 3212 ,
3382 3149 3582 3218 quippe

2003 3243 2093 3313 qui
2151 3243 2220 3297 ad
2279 3243 2628 3298 consulatum
2681 3241 2857 3298 etad
2907 3241 3284 3313 pnel‘ecturam
3340 3239 3579 3309 prmtorii

2005 3342 2228 3390 evectus
2268 3334 2464 3401 fuerit,
2520 3350 2747 3390 uxorem
2795 3351 2952 3390 suam
2999 3334 3113 3388 l’ato
3153 3333 3398 3386 functam
3427 3332 3583 3401 juxta

2005 3424 2256 3482 Eusebiae
2279 3426 2520 3480 loculum
2546 3427 2818 3496 sepelivit.
2842 3426 2896 3479 ld
2927 3427 3070 3480 enim
3103 3425 3260 3492 ipsis,
3288 3423 3415 3476 dum
3443 3423 3585 3477 vive-

2005 3523 2167 3581 rent,
2218 3530 2283 3570 ex
2332 3525 2618 3584 compacto
2661 3515 2984 3584 placuerat;
3038 3513 3241 3582 quippe
3289 3527 3410 3580 quae
3463 3527 3586 3566 sese

2007 3607 2240 3661 invicem
2292 3606 2530 3659 maxime
2576 3605 2899 3674 diligerent,
2955 3614 3007 3658 et
3061 3605 3114 3658 in
3167 3603 3288 3657 ﬁdei
3333 3603 3583 3656 doctrina

2008 3697 2152 3752 inter
2177 3713 2238 3753 se
2268 3698 2669 3754 consentirent.
2706 3695 2844 3750 Hinc
2875 3697 3002 3751 data
3035 3705 3120 3751 est
3157 3696 3377 3750 occasio
3409 3697 3587 3748 (laesa-

2009 3790 2114 3854 rio,
2147 3790 2328 3846 locum
2353 3791 2503 3845 illutn
2537 3790 2644 3846 sibi
2674 3789 2913 3853 emendi,
2947 3798 3005 3842 ut
3043 3797 3094 3843 et
3123 3789 3244 3859 ipse
3272 3789 3428 3858 juxta
3457 3801 3588 3840 con-

335 3889 544 3934 σαντες.
577 3875 992 3938 Καταπεσόντος
1027 3876 1084 3928 δὲ
1109 3875 1202 3929 τοῦ
1233 3878 1380 3931 οἴκου
1413 3877 1552 3948 μετά
1576 3879 1768 3944 ταῦτα,
1803 3881 1901 3950 γῆς

2005 3882 2190 3952 jugem
2233 3897 2390 3938 suam
2433 3883 2777 3954 sepeliretur.
2820 3881 3135 3953 Supradicti
3165 3897 3294 3936 vero
3329 3877 3584 3933 monachi

332 3984 392 4020 τε
435 3967 530 4020 καὶ
576 3967 810 4039 φορυτοῦ
867 3967 1288 4039 ἐπιϐληθέντος,
1343 3974 1450 4034 πᾶς
1501 3973 1530 4024 ό
1573 3973 1701 4044 τῇδε
1744 3975 1901 4037 τόπος

2009 3977 2176 4031 alium
2231 3977 2284 4030 iu
2327 3975 2508 4031 locum
2552 3976 2899 4044 migrarunt,
2955 3975 3090 4029 nihil
3137 3973 3205 4026 de
3249 3973 3588 4042 martyribus

334 4057 717 4129 ἐξωμαλίσθη·
784 4059 973 4112 καθότι
1033 4058 1195 4123 αὐτὸς
1257 4061 1558 4135 Καισάριος
1607 4066 1687 4129 εἰς
1743 4066 1901 4138 τιμὴν

2010 4069 2340 4126 indicantes.
2388 4069 2636 4126 Posthmc
2691 4071 2936 4136 collapso
2991 4064 3252 4125 aediﬁcio,
3314 4063 3590 4131 humoque

333 4151 545 4221 Θύρσου
587 4150 679 4204 τοῦ
719 4149 1016 4222 μάρτυρος,
1067 4151 1457 4224 μεγαλοπρεπῆ
1505 4155 1633 4208 ναὸν
1669 4154 1748 4226 τῷ
1789 4155 1901 4227 Θεῷ

2010 4176 2074 4214 ac
2101 4160 2393 4217 ruderibus
2423 4161 2775 4230 superjectis,
2809 4160 3105 4213 universus
3133 4157 3222 4210 ille
3250 4155 3405 4210 locus
3438 4170 3591 4210 com-

336 4242 523 4297 ὲνθάδε
551 4242 970 4312 άνέστησεν.Ὧς
1002 4241 1145 4296 ἔοικε
1178 4243 1256 4306 δὲ,
1290 4245 1565 4315 ἐπιμελῶς
1588 4239 1694 4302 ὦδε
1722 4248 1901 4317 άφανι·

2010 4255 2266 4325 planatus
2312 4261 2416 4310 est.
2464 4253 2600 4308 Nam
2650 4252 2931 4310 Caesarius
2975 4251 3032 4306 in
3086 4250 3347 4304 honorem
3393 4247 3588 4320 'l‘hyrsi

337 4332 534 4404 σθῆναι
586 4333 676 4388 τὸν
713 4333 1109 4406 προειρημένον
1141 4333 1326 4400 τόπον,
1361 4337 1455 4390 καὶ
1492 4339 1746 4394 τοσοῦτον
1777 4359 1901 4413 προ·

2017 4347 2299 4419 martyris,
2318 4346 2664 4418 magniﬁcam
2709 4346 2822 4402 illic
2841 4343 3128 4400 ecclesiam
3154 4341 3262 4397 Deo
3284 4341 3590 4396 aediﬁcavit.

1547 4514 1817 4574 VALESII
1851 4520 2397 4579 ANNOTATIONES.

415 4646 490 4718 (9)
531 4648 592 4699 Ὃ
620 4646 688 4729 δέ
713 4665 816 4717 μοι
840 4648 936 4702 καί
969 4649 1096 4729 κατ’
1121 4647 1629 4729 aotdr._lienricus
1672 4651 1901 4710 Savilius

2018 4657 2227 4712 talione
2248 4673 2367 4714 mea
2398 4665 2645 4729 apparet.
2685 4657 2881 4729 Posset
2910 4656 3078 4729 etiam
3100 4651 3596 4729 ‘non_incommod_e

341 4717 478 4773 duas
512 4727 819 4792 postremas
846 4733 1008 4792 voces
1045 4718 1244 4792 lineola
1271 4719 1612 4792 subnotavit,
1647 4729 1901 4790 tanquam

2021 4729 2347 4783 scribiacati
2373 4717 2592 4792 τᾰύῖιόν,
2624 4728 2706 4782 vel
2756 4726 2898 4780 κατὰ
2948 4725 3134 4790 ταύτό,
3190 4724 3242 4780 id
3282 4731 3367 4780 est
3411 4721 3592 4777 simul.

343 4796 628 4868 suspectas
673 4795 738 4868 Aet
782 4788 1065 4868 intellectu
1090 4857 1104 4868 ι
1140 4787 1402 4868 dilliciles.
1465 4790 1673 4868 Sensus
1729 4787 1910 4847 tamen
2018 4797 2192 4864 Quam
2229 4799 2522 4855 lectionem
2553 4787 2728 4868 magis
2759 4797 2957 4868 probo.

341 4867 566 4929 apertus
603 4866 710 4924 est,
750 4858 798 4915 si
831 4859 950 4912 κατ’
984 4857 1118 4912 αὐτὸ
1151 4859 1418 4930 legamus,
1453 4869 1512 4914 ut
1541 4861 1597 4917 in
1642 4863 1914 4934 interpre-

1799 5033 2180 5093 VARIORUM.

420 5157 447 5184 ἰ
485 5145 1006 5214 Μαρτυρησάντων
1038 5146 1493 5214 τεσσαράκοντα
1524 5147 1920 5214 στρατιωτῶν.

350 5213 554 5286 lloruln
577 5213 890 5286 martyrum
927 5218 1146 5270 nomina
1188 5213 1376 5272 videre
1409 5225 1494 5272 est
1535 5213 1672 5285 apud
1712 5217 1920 5274 Theud.

353 5285 606 5356 l_tuinart,
640 5285 758 5340 Act.
807 5296 992 5347 mart.,
1046 5303 1097 5356 p.
1138 5286 1263 5348 581,
1312 5295 1366 5340 ct
1396 5287 1540 5356 apud
1574 5287 1916 5342 Bollandum.

350 5353 504 5413 PaSSi
537 5364 664 5409 sunt
695 5359 778 5422 (ut
811 5373 1005 5411 omnes
1042 5353 1416 5424 consentiunt)
1435 5353 1546 5411 sub
1575 5357 1788 5411 Licinio
1821 5358 1922 5410 iut-

2029 5151 2350 5225 eorumdem
2377 5152 2645 5223 reliquiae,
2681 5167 2826 5225 quze,
2863 5157 3003 5206 teste
3032 5147 3296 5225 Gregorio
3328 5146 3589 5225 Nysseno,

2027 5224 2082 5275 in
2114 5219 2292 5296 orbem
2318 5215 2578 5296 terrarum
2600 5215 2678 5278 ita
2701 5215 2889 5296 divisae
2912 5232 3056 5296 sunt,
3079 5215 3333 5296 Autvferme
3353 5215 3592 5296 q'ufelibet

2024 5293 2294 5369 provincia
2320 5291 2728 5369 benedictionem
2751 5287 3195 5369 indepm'ticipet.
3221 5287 3590 5369 Beliquiar‘l‘ttlt

2024 5353 2393 5418 inventionem
2430 5353 2942 5432 ConstantinOpoli,
2974 5363 3041 5432 de
3093 5353 3200 5432 qua
3233 5358 3321 5432 hic
3354 5353 3462 5432 agit
3490 5353 3592 5432 $.0-

351 5432 624 5493 poratore,
657 5424 901 5481 Sebastze
924 5426 976 5479 in
1007 5427 1284 5490 Armenia,
1309 5427 1458 5480 circa
1484 5441 1688 5480 annum
1720 5441 1912 5490 cccxx,

351 5509 464 5563 quo
492 5503 733 5565 tempore
760 5494 956 5551 Licinii
988 5497 1297 5564 persecutio
1329 5494 1602 5557 ell‘erbuit,
1633 5504 1690 5548 ut
1723 5496 1918 5564 probat

352 5564 625 5636 Antonius
655 5564 806 5636 l’agi.
845 5565 999 5620 Brevi
1035 5575 1156 5635 post
1201 5566 1394 5620 horum
1432 5580 1641 5628 necem,
1671 5566 1922 5620 ecclesia:

354 5634 525 5688 variis
563 5635 615 5687 in
644 5634 946 5704 provinciis
977 5634 1247 5688 ineorum
1287 5637 1549 5689 honorem
1585 5645 1921 5690 constructm

357 5713 509 5759 sunt.
538 5704 747 5770 Quibus
770 5705 1158 5763 construendis
1184 5705 1533 5761 occaskinem
1565 5704 1919 5777 praebuerunt

2023 5447 2304 5505 zomeuus,
2351 5445 2742 5505 commemorat
2774 5422 3246 5505 a'ut'tormChronicj
3293 5422 3588 5505 paschalis,

2021 5501 2088 5576 ad
2122 5493 2324 5556 annum
2354 5504 2478 5558 451.
2527 5493 2600 5559 Ex
2627 5505 2796 5559 variis
2833 5503 2930 5556 SS.
2966 5499 3184 5576 Patrum
3214 5495 3450 5576 homiliis
3473 5506 3594 5576 quae

2021 5571 2090 5626 de
2124 5587 2190 5626 χι,
2223 5575 2560 5646 martyribus
2591 5576 2892 5646 habentur,
2935 5567 3152 5646 caeteris
3185 5564 3403 5619 videtur
3436 5568 3595 5646 3'11“?-

2021 5644 2271 5712 poncnda
2301 5629 2420 5718 quia
2445 5645 2645 5718 Basilio
2669 5629 3226 5718 Magnoconscripta,
3261 5645 3427 5707 quam
3455 5629 3589 5685 Rui-

2017 5722 2213 5770 nartus
2250 5714 2472 5770 exhibet
2518 5715 2637 5769 loco
2677 5727 2839 5783 supra
2877 5713 3062 5765 citato.
