4050 6218
506 268 646 331 i603

1049 378 1214 454 339
1250 378 1403 437 CAP.
1444 378 1535 436 ιιι.

596 476 799 532 Iterum
832 481 897 530 de
920 484 1113 529 virtute
1157 474 1458 528 Pulcheriw
1485 489 1547 528 ac
1575 487 1818 528 sororum
1851 470 1998 543 ejus:

872 555 923 600 et
949 561 1108 615 quam
1140 544 1249 599 Deo
1279 544 1456 598 charte
1485 544 1710 613 fuerint.

577 639 682 695 Sed
727 646 784 695 et
835 638 958 694 aliis
1007 638 1062 691 in
1106 637 1272 693 rebus
1317 636 1461 691 Deus
1509 637 1560 690 id
1602 636 1748 706 quod
1794 643 2086 690 venturum

504 736 645 793 erat,
677 731 942 799 Augustae
972 728 1174 796 saepius
1201 727 1605 797 praenuntiasse
1646 726 1889 780 dicitur:
1946 726 2089 779 mul-

504 826 672 889 itaque
703 830 818 873 tum
872 819 971 882 illi,
1019 829 1134 873 tum
1171 817 1456 872 sororibus
1487 816 1758 873 accidisse
1802 816 1946 871 tanta
1978 823 2085 881 est,

504 926 629 981 quas
677 909 772 965 Dei
821 924 953 980 erga
1009 909 1134 962 illas
1172 922 1418 962 amorem
1454 915 1813 962 testarentur.
1848 904 1982 959 Nam
2033 913 2090 960 et

505 1006 613 1060 illae
645 1005 788 1060 idem
822 1002 1040 1059 vivendi
1088 1016 1262 1073 genus
1314 1001 1737 1070 institutumque
1780 1007 2084 1057 sectantur.

505 1097 649 1162 Erga
684 1095 1004 1149 sacerdotes
1053 1106 1119 1146 ac
1167 1105 1357 1147 sacras
1390 1090 1537 1146 sedes
1584 1098 1850 1161 promptae
1894 1105 1958 1144 ac
1998 1104 2087 1144 se-

505 1186 684 1241 dule:
730 1185 785 1238 in
832 1184 1178 1254 peregrinos,
1208 1188 1435 1252 egentes
1465 1195 1531 1235 ac
1562 1196 1829 1251 pauperes
1866 1180 2089 1234 muniﬁ-

505 1291 606 1332 cae.
633 1275 818 1330 Mensa
850 1282 911 1329 ut
938 1274 1229 1343 plurimum
1261 1271 1454 1326 eadem
1490 1280 1579 1326 est
1607 1272 1889 1335 omnibus,
1920 1271 2091 1326 idem-

507 1381 613 1435 que
641 1378 952 1434 processus.
989 1360 1159 1416 Noctu
1196 1366 1361 1429 atque
1412 1359 1651 1416 interdiu
1682 1359 1931 1429 hymnos
1978 1358 2087 1413 Deo

506 1456 670 1512 simul
699 1462 928 1509 canunt.
956 1452 1021 1506 Et
1048 1459 1212 1521 prout
1232 1452 1590 1506 honestarum
1623 1451 1919 1504 mulierum
1954 1464 2088 1504 con-

508 1547 741 1604 suetudo
773 1553 880 1611 est,
913 1544 1134 1601 texendi
1165 1553 1221 1598 et
1270 1541 1656 1612 hujuscemodi
1703 1556 1929 1610 operum
1963 1548 2086 1596 stu-

507 1640 677 1696 diosa
706 1647 855 1696 sunt.
885 1636 1067 1691 Otium
1105 1650 1172 1690 ac
1202 1634 1496 1697 desidiam,
1526 1634 1776 1704 quamvis
1804 1635 2084 1703 Augustae,

1960 259 2303 320 SOZOMENI

2118 390 2168 447 A

3628 256 3783 317 tW

2788 375 3038 431 ΚΕΦΛΛ.
3075 375 3151 431 Γ⁴.

2196 473 2321 528 Ἔτι
2343 470 2475 542 περὶ
2506 469 2724 543 ἀρετῆς
2745 469 2841 543 καί
2868 466 3216 543 θεοξιλείᾳς.
3230 462 3340 543 τῆς
3364 464 3783 534 Πουλχερὶας,

2576 536 2682 593 καί
2708 539 2827 592 τῶν
2856 536 3046 605 αὐτῆς
3072 536 3373 603 ἀδελφῶν.

2261 632 2434 699 Λόγος
2456 630 2514 683 δὲ
2544 631 2640 684 καὶ
2682 629 2778 682 ἐπὶ
2806 627 2987 690 ἄλλοις
3039 625 3330 696 πράγμασι
3377 623 3650 687 πολλάκις
3685 624 3785 677 τὸν

2176 722 2323 776 ιΘεὸν
2373 721 2822 791 προαναφανῆναι
2872 717 2935 771 τὸ
2985 716 3179 789 μέλλον
3226 718 3294 787 τῇ
3348 714 3583 785 βασιλίδι
3604 757 3623 781 ,
3683 716 3789 768 καὶ

2192 816 2418 869 πλεῖστα
2475 814 2783 883 θεοφίλειαν
2848 812 3229 884 μαρτυροῦντα
3290 811 3566 881 συμϐῆναι
3643 813 3787 882 περὶ

2191 907 2360 979 αὑτὴν
2386 908 2481 960 καὶ
2514 907 2614 971 τὰς
2639 906 2813 976 αὑτῆς
2857 904 3091 975 ἀδελφάς
3119 920 3133 934 ·
3170 904 3294 958 ἐπεὶ
3341 903 3439 957 καὶ
3467 898 3637 958 αὗται
3686 905 3788 957 τὸν

2191 992 2311 1053 ῐσον
2338 998 2709 1053 πολιτεύονται
2732 998 2952 1070 τρόπον,
2977 997 3107 1067 περὶ⁵
3130 998 3257 1059 τοὺς
3283 997 3462 1067 ἱερέας
3480 1037 3497 1060 ,
3518 996 3618 1050 καὶ
3650 997 3785 1059 τοὺς

2191 1089 2515 1161 εὑκτηρίους
2538 1089 2721 1152 οἴκους
2750 1088 3174 1152 σπουδάζουσαι,
3206 1088 3300 1140 καὶ
3332 1088 3462 1158 περὶ
3500 1089 3636 1150 τοὺς
3666 1088 3789 1140 δεο-

2195 1179 2388 1250 μένους
2411 1178 2593 1244 ξένους
2615 1178 2711 1234 καῖ⁸
2736 1179 2985 1248 πτωχοὺς
3014 1177 3483 1251 φιλοτιμούμεναι.
3503 1178 3786 1249 Τράττεζα

2192 1269 2287 1323 καὶ⁵
2330 1270 2556 1341 πρόοδος
2593 1269 2670 1333 ὡς
2714 1270 2915 1325 ἐπίπαν
2962 1272 2997 1340 ἡ
3048 1270 3187 1339 αὑτὴ
3229 1269 3463 1333 πάσαις·
3517 1271 3686 1339 κοινῇ
3720 1286 3785 1346 τε

2190 1359 2408 1432 νύκτωρ
2432 1361 2528 1414 καὶ
2556 1360 2673 1431 μεθ’
2693 1361 2905 1431 ἡμέραν
2938 1362 3030 1415 τὸν
3054 1361 3187 1415 Θεδν
3221 1361 3485 1431 ὑμνοῦσι·
3519 1362 3618 1414 καὶ
3662 1355 3786 1424 οἷος

2191 1450 2535 1520 ἀξιαγάστων
2587 1451 2861 1520 γυναικῶν
2898 1453 3062 1522 νόμος
3084 1492 3100 1516 ,
3144 1451 3480 1521 ὑφασμάτων
3532 1452 3631 1505 καὶ
3668 1450 3784 1504 τῶν

2190 1545 2449 1596 τοιούτων
2501 1542 2681 1613 ἔργων
2730 1542 3133 1613 ἐπιμελοῦνται.
3177 1542 3486 1613 Ῥᾳστὼνην
3525 1543 3639 1612 γὰρ
3683 1542 3786 1595 καὶ

2193 1637 2415 1707 ἀργίαν,
2444 1636 2648 1707 καίπερ
2674 1635 3074 1706 βασιλεύουσαι,
3116 1637 3210 1689 καὶ
3234 1636 3295 1688 ὲν
3335 1639 3450 1699 τοῖς
3477 1635 3785 1706 βασιλείοις

506 1740 564 1788 et
604 1734 657 1786 in
691 1730 921 1801 imperio
966 1734 1105 1782 nata:
1137 1734 1303 1797 atque
1337 1726 1607 1789 educatae,
1654 1741 1812 1781 sacra
1856 1726 2086 1796 virgini-

2193 1728 2463 1799 τεχθεῑσαι
2500 1728 2595 1781 καὶ
2622 1731 2910 1800 τραφεῖσαι
2930 1771 2943 1792 ,
2981 1727 3276 1800 παρθενίας
3309 1728 3461 1798 ἱερᾶς
3482 1729 3549 1798 ἣν
3578 1730 3782 1798 μετιᾶ-

508 1829 620 1877 tate
650 1836 818 1891 quam
870 1818 1197 1890 proﬁtentur
1242 1816 1519 1889 indignam
1565 1831 1686 1873 esse
1729 1826 2084 1882 censuerunt,

508 1920 564 1967 et
603 1926 635 1965 a
668 1912 782 1966 vita
817 1926 917 1966 sua
964 1908 1156 1978 procul
1191 1907 1584 1962 amandarunt.
1618 1905 1736 1972 Qua
1789 1906 1859 1961 de
1913 1919 2085 1961 causa

509 2017 639 2066 cum
691 2001 835 2057 Deus
882 1998 1171 2054 manifeste
1227 1999 1503 2068 propitius
1549 2005 1733 2063 esset,
1784 2011 2088 2067 earumque

507 2094 731 2149 domum
764 2090 1022 2162 przesidio
1059 2103 1161 2144 suo
1189 2096 1457 2154 tueretur,
1485 2088 1836 2158 imperatoris
1861 2087 2085 2157 quidem

507 2191 566 2238 et
610 2191 745 2237 aetas
782 2187 838 2236 et
880 2178 1173 2250 imperium
1224 2178 1283 2233 in
1332 2177 1455 2235 dies
1503 2176 1812 2233 crescebat.
1866 2174 2087 2232 Insidiae

507 2289 642 2330 vero
678 2281 734 2329 et
774 2272 937 2336 bella,
970 2283 1313 2342 quaecumque
1360 2269 1628 2325 adversus
1661 2269 1818 2325 illum
1845 2268 2081 2325 conﬂata

507 2375 690 2432 erant,
718 2379 819 2422 sua
847 2367 1043 2435 sponte
1068 2362 1531 2419 discutiebantur.

1026 2505 1033 2512 .
1138 2453 1293 2510 CAP.
1342 2452 1434 2511 IV.

509 2552 589 2607 De
615 2549 807 2621 findere
836 2548 1146 2621 Per_saru_m,
1174 2546 1300 2599 item
1338 2544 1403 2621 de
1426 2543 1674 2621 ﬂonorip
1705 2555 1755 2600 et
1789 2543 2084 2621 Stilicouc:

696 2630 748 2676 et
774 2620 840 2675 de
866 2618 1020 2673 rebus
1047 2616 1229 2671 Roma:
1253 2624 1304 2670 et
1334 2615 1388 2669 in
1416 2614 1686 2669 Dalmatia
1709 2617 1892 2687 gestis.

581 2775 793 2832 Etenim
842 2788 939 2846 per
991 2771 1047 2827 id
1083 2779 1320 2843 tempus,
1361 2768 1545 2826 Persas
1583 2769 1807 2840 quidem
1838 2786 1966 2827 cum
2015 2772 2083 2829 ad

507 2867 711 2925 bellum
752 2864 1181 2936 prorupissent,
1238 2869 1460 2917 centum
1511 2876 1783 2918 annorum
1830 2862 2086 2920 inducias

508 2975 634 3016 cum
653 2957 918 3012 Romanis
958 2955 1231 3028 pepigere.
1264 2951 1458 3009 Stilico
1493 2968 1645 3017 vero,
1687 2954 1950 3025 magister
1980 2955 2085 3009 ini-

510 3051 668 3104 litum
692 3047 939 3112 Honorii,
971 3061 1095 3101 cum
1137 3046 1193 3099 in
1237 3045 1607 3114 suspicionem
1652 3055 1898 3101 venisset
1935 3045 2083 3116 quod

507 3140 686 3196 ﬁlium
729 3154 890 3194 suum
925 3135 1258 3190 Eucherium
1299 3132 1543 3190 Orientis
1574 3135 1962 3204 imperatorem
1995 3151 2084 3191 re-

508 3232 764 3289 nuntiare
813 3228 1015 3293 vellet,
1065 3241 1094 3280 a
1144 3225 1416 3280 militibus
1463 3226 1558 3296 qui
1592 3224 1870 3280 Ravennae
1902 3236 2087 3293 erant,

508 3317 807 3375 occiditur.
860 3315 958 3371 Hic
1000 3329 1167 3387 porro
1192 3314 1305 3384 jam
1337 3321 1519 3380 antea,
1561 3315 1858 3385 superstite
1906 3316 2090 3372 adhuc

509 3409 773 3476 Arcadio,
828 3423 955 3464 cum
1009 3405 1278 3462 adversus
1333 3403 1504 3461 duces
1557 3404 1710 3460 illius
1766 3403 2089 3465 inimicitias

509 3504 867 3575 suscepisset,
897 3510 1192 3573 utrumque
1227 3500 1521 3571 imperium
1566 3500 1713 3556 inter
1741 3516 1800 3557 se
1832 3503 2090 3557 commit-

510 3606 628 3655 tere
677 3598 987 3654 studueral.
1030 3595 1281 3666 Cumque
1334 3594 1556 3649 Alarico
1608 3592 1912 3648 Gothorum
1959 3592 2090 3651 duci

510 3690 833 3760 dignitatem
872 3688 1123 3760 magistri
1166 3686 1405 3741 militum
1440 3685 1510 3740 ab
1538 3683 1783 3740 Honorio
1828 3685 2092 3757 impetra-

509 3781 703 3847 visset,
729 3780 981 3834 hortatus
1010 3793 1133 3833 eum
1166 3777 1347 3833 fuerat
1374 3784 1433 3830 ut
1469 3776 1751 3848 Illyricum
1775 3786 2088 3849 occuparet.

508 3871 580 3928 Et
626 3871 910 3941 praemisso
953 3866 1135 3933 Jovio,
1189 3867 1284 3937 qui
1336 3866 1633 3938 praefectus
1685 3868 1944 3936 praetorio
1993 3883 2092 3939 per

512 3963 787 4037 Illyricum
838 3971 958 4017 erat
995 3960 1358 4026 constitutus,
1395 3974 1456 4015 se
1494 3973 1715 4030 quoque
1746 3974 1876 4014 cum
1920 3960 2092 4031 legio-

510 4058 679 4113 nibus
723 4056 961 4111 militum
997 4053 1370 4109 Romanorum
1399 4052 1529 4107 illuc
1561 4067 1922 4108 accursuruni
1960 4069 2092 4124 pro-

512 4149 662 4204 misit
717 4158 777 4203 ut
833 4162 955 4203 eam
1016 4145 1353 4218 provinciam
1399 4143 1504 4199 sub
1551 4142 1776 4198 Honorii
1824 4143 2092 4201 ditionem

509 4239 805 4310 redigeret.
855 4239 921 4293 Et
968 4237 1220 4293 Alaricus
1251 4233 1469 4306 quidem
1514 4250 1582 4289 ex
1633 4235 1856 4306 regione
1894 4235 2094 4291 barba-

513 4331 631 4386 rica
668 4330 826 4401 juxta
868 4327 1195 4383 Dalmatiam
1231 4334 1286 4383 et
1314 4326 1678 4392 Pannoniam,
1715 4327 1804 4382 ubi
1835 4326 2087 4399 degebat,

2191 1841 2277 1878 σιν
2345 1822 2570 1887 ἀναξίαν
2600 1824 2897 1894 ἡγήσαντο.
2945 1823 3038 1877 καὶ
3060 1821 3154 1875 τοῦ
3175 1823 3376 1877 οἰκείου
3413 1823 3525 1892 βίου
3554 1821 3782 1892 ἀφώρι-

2189 1932 2311 1973 σαν.
2340 1915 2438 1969 Διὰ
2474 1916 2646 1993 ταῦτα
2682 1916 2741 1969 δὲ
2789 1915 3082 1987 προφανῶς
3128 1912 3258 1968 ἵλεω
3297 1916 3448 1977 ὄντος
3484 1913 3580 1969 τοῦ
3607 1915 3781 1979 Θεοῦ,

2187 2005 2282 2057 καὶ
2326 2004 2420 2058 τοῦ
2453 2004 2636 2059 αὐτῶν
2682 2005 2833 2058 οἴκου
2865 2004 3345 2076 ὑπερμαχοῦντος,
3381 2003 3458 2075 τῷ
3495 2006 3599 2075 μὲν
3629 2022 3785 2076 κρα-

2185 2093 2365 2148 τοῦντι
2410 2094 2481 2148 τὰ
2516 2080 2643 2165 ’τῆς
2691 2094 2908 2166 ἡλικίας
2970 2092 3066 2147 καὶ
3110 2094 3208 2164 τῆς
3255 2095 3421 2167 ἀρχῆς
3474 2095 3779 2148 ἐπεδίδου·

2186 2185 2336 2238 πᾶσα
2367 2182 2424 2237 δὲ
2453 2183 2714 2255 ἐπιϐουλὴ
2736 2224 2751 2246 ,
2781 2183 2875 2237 καὶ
2910 2183 3148 2254 πόλεμος
3170 2187 3291 2237 κατ’
3317 2183 3470 2239 αὑτοῦ
3499 2184 3779 2238 συνιστά-

2190 2291 2384 2347 μενος,
2414 2275 2738 2346 αὐτομάτως
2768 2273 3031 2329 διελύετο.
3059 2320 3066 2326 .

2796 2450 3051 2504 ΚΕΦΔΛ.
3082 2451 3159 2506 Δ’.

2186 2537 2326 2611 Περί
2359 2536 2479 2592 τῶν
2508 2538 2795 2611 σπονδῶν
2819 2539 2938 2594 τῶν
2966 2539 3234 2611 Περσῶν,
3274 2540 3374 2595 καί
3425 2542 3557 2611 περὶ
3594 2544 3781 2597 Ὀγω-

2248 2607 2389 2683 glas)
2414 2649 2430 2673 ,
2461 2608 2560 2683 καί
2585 2611 2990 2683 Στελίχῳνος,
3025 2607 3126 2665 καὶ
3166 2609 3283 2665 τῶν
3306 2612 3382 2665 ἐν
3423 2607 3621 2683 Ῥὦμῃ
3668 2616 3777 2669 καὶ

2256 2680 2560 2748 Δαλματίᾳ
2596 2678 3004 2748 πραχθέντων.

2257 2768 2391 2822 Τότε
2446 2768 2576 2837 γοῦν
2616 2769 2822 2841 Πέρσαι
2877 2771 2976 2841 μὲν
3028 2772 3112 2835 εἰς
3165 2771 3344 2844 μάχην
3391 2775 3774 2844 κεκινημένοι,

2187 2861 2594 2925 έκατοντούτεις
2630 2860 2861 2926 σπονδὰς
2894 2861 3031 2933 πρὸς
3071 2862 3374 2936 Ῥωμαίους
3406 2864 3613 2920 ἔθεντο.
3644 2866 3775 2920 Στε-

2185 2952 2349 3025 λοῗχων
2385 2961 2410 2991 ν
2453 2953 2510 3007 δὲ
2570 2953 2599 3005 ό
2645 2953 2747 3022 τῆς
2805 2953 3059 3026 Ὀνωρίου
3115 2959 3374 3028 στρατιᾶς
3444 2957 3774 3029 ἡγούμενος,

2188 3044 2428 3107 ὕποπτος
2459 3044 2534 3098 ὢν
2572 3043 2646 3109 ὡς
2678 3044 2937 3117 Εὑχέριον
2970 3047 3062 3101 τὸν
3101 3047 3222 3125 υἱέα
3247 3048 3337 3101 τδν
3383 3048 3579 3102 ἑαυτοῦ
3612 3066 3777 3102 στω-,ιο

2187 3134 2364 3199 δάζων
2397 3135 2761 3208 ἀναγορεῦσαι
2793 3136 3017 3208 βασιλέα
3042 3139 3183 3193 κατὰ
3201 3139 3299 3211 τὴν
3337 3140 3474 3207 Ἕω,
3495 3142 3774 3196 κτίννυται

2188 3228 2339 3300 παρὰ
2367 3229 2475 3281 τῶν
2505 3230 2562 3284 ὲν
2595 3228 2853 3301 Ῥαϐέννῃ
2885 3231 3250 3301 στρατιωτῶν.
3286 3225 3452 3295 Οὗτος
3480 3231 3538 3285 δὲ
3570 3233 3776 3303 πρότε-

2191 3339 2282 3394 ρον
2303 3363 2320 3389 ,
2351 3320 2430 3376 ἔτι
2456 3324 2741 3394 περιόντος
2778 3324 3065 3396 ’Δρκαδίου
3085 3365 3101 3392 ,
3144 3325 3422 3388 καταστὰς
3456 3326 3537 3389 εἰς
3564 3324 3774 3396 ἔχθραν

2185 3417 2300 3478 τοῖς
2350 3414 2514 3469 αὑτοῦ
2545 3415 2805 3489 ἄρχουσιν
2832 3456 2848 3482 ,
2884 3415 3238 3470 ἐϐεϐούλευτο
3279 3418 3411 3488 παρ’
3438 3416 3603 3470 ἑαυτὰ
3638 3433 3777 3486 συγ-

2188 3508 2417 3579 κροῦσαι
2441 3508 2509 3563 τά
2544 3509 2788 3580 βασίλεια
2822 3507 2954 3578 (l5).
2990 3508 3100 3562 Καὶ
3136 3508 3442 3580 στρατηγοῦ
3483 3508 3774 3578 Ῥωμαίων

2188 3599 2347 3664 ἀξίαν
2376 3600 2713 3671 προξενήσας
2753 3599 3025 3671 Ἀλαρίχῳ
3056 3598 3134 3671 τῷ
3175 3599 3463 3670 ἡγουμένῳ
3496 3599 3609 3653 τῶν
3641 3600 3773 3652 Γότ-

2189 3689 2297 3743 θων
2318 3732 2334 3758 ,
2370 3690 2747 3761 προὺτρέψατο
2779 3686 3110 3742 καταλαϐεῖν
3143 3689 3269 3752 τοὺς
3315 3686 3631 3759 Ἰλλυριούς.
3664 3688 3775 3740 Καὶ

2190 3783 2435 3854 ὕπαρχον
2481 3783 2641 3836 αὑτὸν
2691 3779 2806 3854 (ιϐ)
2846 3781 3194 3837 καταστάντα
3246 3781 3337 3836 τὸν
3388 3782 3577 3835 Ἰόϐιον
3635 3799 3772 3855 προ-

2191 3874 2445 3947 πέμψας,
2500 3873 2750 3928 συνέθετο
2789 3875 2884 3929 καὶ
2939 3874 3104 3938 αὑτὸς
3161 3874 3592 3946 συνδραμεῖσθαι
3637 3876 3774 3946 μετὰ

2188 3967 2296 4020 τῶν
2346 3966 2634 4036 Ῥωμαίων
2688 3966 3070 4039 στρατιωτῶν,
3121 3965 3263 4019 ὥστε
3315 3966 3407 4020 καὶ
3458 3968 3589 4030 τοὺς
3646 3966 3773 4038 τῇδε

2191 4058 2465 4130 ὑπηκόους
2509 4056 2615 4111 ὑπὸ
2643 4057 2742 4128 τὴν
2777 4056 3039 4128 Ὀνωρίου
3083 4056 3245 4126 δῆθεν
3282 4057 3585 4128 ἠγεμονίαν
3614 4058 3775 4129 ποιῆ-

2192 4165 2302 4202 σαι.
2337 4147 2447 4200 Καὶ
2472 4146 2498 4199 ὁ
2533 4146 2632 4218 μὲν
2673 4145 2954 4219 ’Δλάριχος
2983 4148 3048 4199 ὲκ
3082 4147 3181 4218 τῆς
3214 4146 3350 4218 πρὸς
3379 4149 3449 4219 τῇ
3484 4147 3775 4219 Δαλματία

2190 4238 2285 4292 καί
2308 4236 2573 4310 Παννονίᾳ
2606 4237 2712 4309 γῆς
2766 4238 3046 4310 βαρϐάρου
3072 4278 3088 4304 ,
3118 4231 3181 4291 οὗ
3213 4238 3400 4308 διῆγε,
3435 4238 3773 4310 παραλαϐὼν

2190 4332 2315 4394 τοὺς
2350 4330 2442 4383 ὑπ’
2477 4330 2669 4394 αὑτὸν,
2715 4326 2863 4402 ἦγεν³
2893 4332 2975 4395 είς
3023 4331 3121 4394 τὰς
3169 4332 3460 4404 Ἦπείρους
3491 4332 3641 4402 (17)·
3676 4332 3776 4387 καὶ

510 4423 677 4495 37o
721 4422 1023 4493 assumptis
1051 4419 1251 4477 Gothis
1282 4420 1377 4490 qui
1411 4419 1514 4491 ipsi
1548 4420 1837 4490 parebant,
1870 4419 1925 4473 in
1961 4418 2086 4489 Epi-

2193 4420 2382 4494 συχνὸν
2413 4419 2646 4475 ἐνταῦθα
2669 4422 3007 4494 προσμείνας
3033 4423 3225 4495 χρόνον
3249 4462 3265 4490 ,
3292 4424 3578 4496 ἄπρακτος
3602 4424 3773 4481 ἐπαν-

1716 4553 1987 4610 VALESII
2024 4548 2577 4612 ANNOTATIONES.

460 4618 469 4623 θ
519 4718 547 4722 __
582 4649 695 4722 (li)
752 4651 895 4722 Hap’
947 4650 1129 4707 ἑαυτὰ
1188 4648 1563 4722 συγκροῦσαι
1624 4647 1696 4722 τὰ
1757 4649 2069 4722 βασίλεια.

514 4718 874 4791 scribendum
905 4731 988 4776 est
1019 4723 1211 4789 procul
1246 4718 1412 4791 dubio
1454 4720 1601 4791 acpbe
1630 4719 1831 4783 ἑαυτά,
1881 4734 2075 4791 quem-

2213 4659 2328 4705 tum
2364 4653 2565 4707 habere
2606 4651 2856 4724 ὕπαρχον
2890 4653 3077 4724 αὐτόν,
3118 4652 3586 4724 quemadmodum
3626 4655 3775 4710 scri-

2219 4724 2488 4793 itanhoc
2527 4725 2669 4777 loco.
2722 4723 2918 4779 Verum
2971 4723 3308 4793 Epiphanius
3368 4723 3773 4792 Srholasticus,

513 4789 803 4864 admodum
837 4792 1036 4864 legitur
1082 4794 1135 4846 in
1160 4806 1283 4861 cap.
1317 4789 1388 4845 23
1432 4789 1524 4843 lih.
1560 4805 1688 4864 vni,
1723 4804 1946 4864 ex“un
1966 4790 2081 4864 haec
2183 4793 2277 4864 qui
2311 4790 2604 4864 Historiam
2642 4795 2968 4864 tripertitam
3020 4789 3215 4850 Latine
3246 4794 3403 4848 vertit
3430 4822 3465 4859 ,ι
3500 4806 3560 4851 et
3610 4789 3777 4853 Nice;

511 4873 651 4934 pene
676 4859 741 4913 ad
766 4858 1010 4934 νει-υἱωιῄ
1027 4858 1383 4934 transcripta
1406 4868 1559 4934 sunt.
1589 4859 1646 4914 lu
1700 4858 1888 4934 codice
1907 4858 2083 4915 Fuke-
2185 4858 2629 4934 pliorns,_abubv
2663 4858 2930 4934 legerunt.

510 4929 964 5002 tiauqscriptum
998 4930 1179 4985 inveni
1210 4929 1339 5002 παρ’
1366 4929 1583 5002 ἑαυτοῦ,
1618 4929 1776 5002 male.

506 5020 513 5025 ·
584 4997 694 5069 (i6)
732 4999 844 5069 Καί
871 5000 1145 5068 ὕπαρχον
1175 4997 1383 5054 αὐτὸν.
1416 5001 1611 5055 Scribe
1646 4999 1847 5066 αὐτῶν,
1890 5015 1956 5054 ex
1996 5014 2085 5053 ca-

513 5068 626 5140 pite
681 5069 754 5124 ‘25
827 5068 927 5123 lib.
987 5084 1106 5140 νιιι.
1161 5069 1296 5126 Vide
1345 5071 1733 5140 Cassiodorum
1788 5071 1843 5124 in
1904 5070 1997 5125 lib.
2052 5084 2088 5123 ιι

516 5138 772 5195 Historita
828 5139 1151 5209 tripertitus,
1211 5155 1331 5209 cap.
1391 5141 1482 5194 24.
1548 5138 1669 5193 Νυιι
1706 5140 2089 5209 μάίεείιιιιιΙιιιιο

513 5218 694 5266 tamen
717 5250 732 5277 ,
771 5210 825 5265 in
865 5206 986 5281 cap.
1021 5206 1093 5262 25
1125 5209 1220 5265 lib.
1256 5206 1375 5276 ιῖιιι,
1410 5209 1656 5265 codicem
1690 5207 1901 5265 Fuketii
1953 5211 2090 5265 scri-

2263 4932 2373 5001 (l?)
2416 4929 2604 5002 Ἦγεν
2634 4929 2740 5000 ειςῗ
2759 4934 2865 4999 τὰς
2908 4934 3245 5003 Ἠπείρους.
3277 4931 3411 4988 Post
3447 4935 3563 4989 haec
3606 4936 3776 4989 verba

2192 5000 2561 5072 Nicephorius,
2598 5004 2652 5058 in
2692 5005 2869 5074 capite
2900 5003 2971 5058 ‘25
2996 5000 3091 5058 lib.
3127 5020 3259 5067 xm,
3293 5006 3543 5071 quaedam
3580 5007 3776 5070 adjicit

2195 5088 2317 5140 qum
2347 5089 2414 5128 ex
2439 5074 2802 5143 l’hilostorgio
2841 5083 3123 5129 mutuatus
3151 5084 3255 5130 est.
3297 5076 3586 5130 Habentur
3622 5078 3775 5130 enim

2197 5144 2253 5195 in
2292 5142 2565 5215 excerptis
2590 5161 2655 5198 ex
2684 5142 2779 5199 lib.
2809 5161 2883 5199 xu
2917 5143 3289 5215 Philostorgii,
3321 5161 3445 5215 cap.
3470 5146 3525 5200 2,
3569 5145 3774 5199 Verum

2199 5228 2431 5282 prorsus
2482 5213 2661 5269 alieno
2709 5216 2833 5270 loco
2885 5215 3001 5270 hmc
3060 5213 3407 5286 Niceplwrus‘
3456 5215 3643 5272 retulit
3706 5216 3775 5271 de

1918 5371 2311 5449 wuuonuu.

582 5479 613 5509 ν
651 5470 972 5541 Στελιχων.
1002 5467 1255 5541 Stilicho,
1290 5465 1755 5541 gallusnatione,
1796 5473 2091 5541 tutorﬁerat

514 5540 730 5610 imperii
760 5533 1135 5596 occidentalis
1166 5539 1269 5595 sub
1295 5536 1539 5593 Honorio
1565 5537 1913 5610 imperatore.
1941 5533 2089 5600 Quo-

514 5607 678 5681 modo
702 5610 904 5665 Ruﬁno
944 5627 1040 5681 per
1084 5610 1343 5681 insidias
1371 5623 1564 5681 necem
1622 5607 1842 5681 intulit,
1896 5613 2088 5658 narrat

515 5679 808 5748 Zesimus,
857 5676 958 5735 lib."
988 5698 1043 5747 ν,
1079 5696 1201 5753 pag.
1243 5680 1370 5736 785.
1422 5679 1511 5735 Bis
1538 5677 1734 5735 consul
1770 5676 1893 5742 fuit,
1936 5689 2084 5729 anno

2192 5465 2298 5520 4ου
2343 5474 2399 5521 et
2420 5466 2544 5521 405.
2577 5464 2804 5522 llonorii
2825 5467 2986 5536 jussu
3017 5466 3341 5523 interfectus
3363 5476 3449 5522 est
3471 5481 3620 5521 anno
3641 5465 3772 5531 408,

2191 5537 2263 5608 ob
2296 5536 2602 5592 aﬁ‘ectatam
2631 5539 2995 5608 tyrannidem.
3043 5538 3274 5593 Decreto
3302 5545 3530 5593 senatus
3568 5552 3770 5594 nomen

2190 5606 2315 5676 ejus
2344 5608 2549 5678 ubique
2577 5606 2840 5675 deletum,
2873 5615 3178 5680 statuaeque
3216 5608 3462 5681 deiectae.

2515 5797 2576 5805 -_—-
3582 5795 3713 5805 ‘—~...
