4050 6218
290 297 434 354 1ιξῐὶ5

1195 269 1200 271 ’
1283 291 1615 348 HISTORIA
1653 291 2200 349 ECCLESIASTICA.
2243 323 2312 331 -
2350 292 2477 347 LIB.
2520 291 2611 347 ιχ.

3387 296 3408 351 Ι
3420 295 3524 354 606

290 414 456 480 ἦλθεν
483 412 564 474 είς
616 411 861 464 Ἰταλίαν.
900 409 1122 463 Μέλλων
1163 409 1272 479 γάρ
1310 409 1567 480 ἐκδημεῖν
1617 409 1758 464 κατὰ
1800 410 1851 463 τὸ

1965 427 2085 467 rum
2126 410 2408 481 profectus
2433 417 2540 464 est.
2571 408 2819 481 Cumque
2854 410 3016 482 longo
3045 411 3309 483 temporis
3349 413 3528 482 spatio

301 502 679 569 συντεθειμένα
706 499 857 568 (18),
915 497 1169 569 Ὀνωρίου
1222 498 1544 570 γράμμασιν
1571 500 1860 570 ἐπεσχέθη.

311 590 465 643 Ἐπεὶ
494 590 549 642 δὲ
577 589 920 658 ἐτελεύτησεν
961 588 1240 658 Ἀρκάδιος
1263 629 1278 653 ,
1308 588 1534 660 ὥρμησε
1569 590 1667 660 μὲν
1703 591 1865 644 Ὀνῶ-

301 696 415 748 ριος
457 679 625 747 φειδοῖ
661 679 726 748 τῇ
769 676 896 747 περὶ
941 677 1030 730 τὸν
1079 676 1391 747 ἀδελφιδοῦν
1443 680 1757 733 ἐπανελθεῖν
1787 681 1865 744 είς

297 765 882 830 Κωνσταντινούπολιν,
896 767 992 819 καὶ
1011 769 1232 832 πιστοὺς
1252 769 1514 840 ἄρχοντας
1532 774 1864 841 καταστῆσαι

296 859 396 928 τῆς
444 857 604 910 αὑτοῦ
641 856 912 928 σωτηρίας
960 859 1055 910 καὶ
1086 858 1383 929 βασιλείας.
1445 861 1532 913 Ἑν
1570 861 1720 925 τάξει
1757 863 1863 932 γάρ

293 951 440 1013 ,υἱέος
471 949 632 1004 αὑτὸν
667 948 836 1019 ἔχων,
876 949 1063 1003 ἐδεδίει
1103 951 1234 1022 μήτι
1287 952 1446 1006 πάθοι
1495 952 1582 1006 διὰ
1612 953 1673 1006 τὸ
1723 954 1862 1018 νέον,

291 1041 512 1110 ἕτοιμος
535 1039 609 1092 ῶν
639 1039 773 1110 πρὸς
793 1040 1255 1112 ἐπιϐουλήν.Ἤδη
1281 1042 1337 1094 δὲ
1369 1043 1626 1112 μέλλοντα
1648 1043 1865 1115 ἔχεσθαι

295 1131 393 1201 τῆς
425 1129 543 1183 ὁδοῦ
563 1171 579 1192 ,
613 1130 788 1184 πείθει
817 1131 1080 1202 Στελίχων
1113 1134 1170 1185 ἐν
1216 1135 1282 1203 τῇ
1330 1132 1524 1205 Ἰταλίᾳ
1570 1133 1748 1205 μένειν
1774 1135 1865 1190 τὸν

311 1222 564 1292 Ὀνὼριον
587 1262 602 1284 ,
658 1223 952 1290 ἀναγκαῖον
1005 1219 1144 1277 εἶναι
1209 1223 1365 1278 τοῦτο
1419 1225 1585 1279 εἰπὼν
1608 1266 1622 1290 ,
1677 1226 1864 1281 καθότι

294 1313 701 1378 Κωνσταντῖνός
727 1332 812 1378 τις
868 1315 1162 1384 ἐτύγχανεν
1207 1315 1436 1386 ἔναγχος
1491 1318 1549 1371 ἐν
1586 1318 1865 1390 Ἀρηλάτῳ

294 1401 654 1471 τυραννήσας.
689 1400 928 1473 Θάτερον
955 1402 1012 1454 δὲ
1049 1403 1156 1456 τῶν
1203 1403 1496 1474 σκήπτρων
1544 1403 1572 1456 δ
1604 1404 1865 1475 Λάϐωρον

307 1491 566 1561 Ῥωμαῖοι
613 1491 870 1554 καλοῦσι,
906 1492 1001 1544 καὶ
1030 1493 1332 1564 γράμματα
1371 1492 1633 1562 βασιλέως
1662 1493 1862 1558 λαϐὼν,

294 1583 659 1653 ἐπιτρέποντα
712 1581 862 1653 αὐτῷ
893 1583 992 1653 τὴν
1043 1583 1123 1645 είς
1155 1583 1253 1654 τὴν
1321 1583 1607 1655 Ἀνατολὴν
1660 1584 1861 1653 ἄφιξιν,

297 1673 521 1744 ἔμελλεν
569 1673 823 1744 ἐκδημεῖν
849 1711 864 1737 ,
897 1673 1168 1744 τέσσαρας
1201 1673 1467 1744 ἀριθμοὺς
1516 1674 1862 1745 στρατιωτῶν

1939 483 2075 558 ’ὶιιίο
2102 503 2459 568 substitisset,
2498 517 2556 557 re
2591 502 2814 566 infecta,
2849 504 2903 558 in
2931 503 3135 558 Italiam
3179 506 3357 561 rediit.
3390 497 3525 560 Nam

1963 609 2087 649 cum
2115 609 2180 648 ex
2216 600 2503 662 compacto
2532 592 2634 647 iter
2663 593 2912 648 facturus
2959 601 3103 648 esset
3137 594 3191 648 in
3225 595 3524 666 lllyricum,

1964 681 2190 737 Honorii
2219 683 2415 736 litteris
2441 689 2524 736 est
2550 691 2812 737 retentus.
2842 682 2973 738 Post
2999 684 3207 737 obitum
3243 700 3373 738 vero
3421 686 3525 738 Ar-

1963 772 2130 839 cadii,
2157 771 2433 828 Honorius
2463 771 2706 842 quidem,
2735 782 2795 827 ut
2822 772 3008 829 fratris
3043 775 3153 828 ﬁlio
3193 775 3524 838 consuleret,

1964 864 2488 932 Constantinopolim
2526 865 2799 934 proﬁcisci
2833 865 3172 928 decreverat,
3211 873 3265 920 et
3299 864 3435 919 (idos
3467 866 3530 918 il-

1965 951 2037 1006 lic
2069 954 2296 1008 comites
2338 955 2697 1016 constituere,
2747 953 2838 1022 qui
2887 953 3113 1009 salutem
3153 961 3204 1008 et
3238 953 3527 1022 imperium

1965 1045 2156 1116 pupilli
2190 1054 2604 1101 conservarent.
2637 1046 2770 1099 Nam
2806 1062 2928 1100 cum
2974 1047 3124 1099 illum
3157 1045 3248 1098 ﬁlii
3279 1047 3400 1100 loco
3438 1047 3531 1100 ha-

1966 1137 2138 1201 beret,
2167 1138 2456 1193 verebatur
2486 1153 2555 1193 ne
2600 1136 2730 1207 quid
2764 1136 2814 1191 ei
2869 1137 3162 1200 accideret,
3205 1138 3404 1206 quippe
3433 1135 3530 1207 qui

1965 1224 2035 1279 ob
2068 1232 2312 1280 teneram
2340 1234 2553 1280 aetatem
2579 1223 2800 1280 insidiis
2826 1226 3096 1281 obnoxius
3134 1233 3296 1280 esset.
3327 1224 3529 1279 Verum

1965 1315 2219 1385 cumjam
2246 1316 2349 1370 iter
2377 1323 2698 1386 arrepturns
2726 1324 2888 1380 esset,
2920 1316 3198 1386 persuasit
3243 1315 3293 1369 ei
3341 1314 3532 1369 Stilico

1966 1414 2027 1460 ut
2073 1407 2128 1460 in
2173 1405 2324 1460 Italia
2355 1415 2695 1460 remaneret:
2743 1391 3118 1461 neocssarium
3150 1406 3203 1460 id
3232 1421 3355 1461 esse
3384 1405 3532 1460 afﬁr-

1966 1509 2145 1560 mans,
2184 1501 2468 1564 propterea
2509 1492 2652 1562 quod
2687 1493 3088 1547 Constantinus
3131 1491 3352 1561 quidam
3392 1490 3528 1545 Are-

1967 1584 2074 1638 late
2121 1583 2465 1654 tyrannidem
2496 1585 2658 1653 paulo
2707 1592 2865 1637 antea
2904 1585 3212 1638 invasisset.
3251 1583 3368 1652 Ipse
3398 1598 3533 1637 vero

1969 1671 2140 1726 altero
2169 1687 2234 1726 ex
2287 1662 2521 1740 sceptris
2551 1673 2695 1742 quod
2732 1670 2966 1725 Romani
2998 1671 3273 1725 Labarum
3302 1678 3527 1733 vocant,

295 1764 647 1836 παραλαϐών.
691 1765 780 1818 Ἐν
829 1748 1001 1834 τούτῷ
1024 1765 1081 1817 δὲ
1133 1765 1319 1835 φήμης
1363 1763 1764 1835 διαδραμούσης
1789 1765 1851 1828 ὡς

1971 1769 2244 1832 accepto,
2304 1777 2411 1816 una
2458 1779 2580 1816 cum
2638 1764 2988 1834 imperatoris
3032 1763 3270 1825 litteris,
3331 1764 3534 1832 quibus

295 1853 635 1908 ἐπιϐουλεύει
692 1853 769 1924 τῷ
821 1853 1070 1924 βασιλεῖ,
1139 1853 1231 1906 καὶ
1283 1855 1376 1906 ἐπὶ
1428 1854 1716 1926 τυραννίδα
1766 1854 1860 1907 τοῦ

296 1946 456 2008 υξέως
508 1944 617 2015 (19)
671 1944 1174 2016 παρασκευάζεται,
1219 1945 1668 2016 συμπράττοντας
1723 1945 1862 2015 ἔχων

292 2037 417 2098 τοὺς
448 2036 504 2088 ἐν
530 2033 782 2104 δυνάμει,
840 2035 1230 2098 στασιάσαντες
1258 2037 1308 2088 οἱ
1353 2035 1679 2105 στρατιῶται
1713 2036 1860 2088 κτεί-

292 2141 441 2176 νουσι
466 2124 555 2178 τὸν
590 2125 817 2187 Ἰταλίας
855 2123 1105 2197 ὕπαρχον
1135 2125 1245 2196 (20)
1266 2165 1280 2190 ,
1314 2126 1409 2178 καὶ
1447 2126 1533 2180 τὸν
1560 2125 1668 2179 τῶν
1695 2126 1865 2180 Γαλα-

290 2215 432 2278 τῶν,
481 2215 574 2267 καὶ
623 2216 750 2278 τοὺς
790 2216 1129 2286 στρατηγοὺς
1153 2255 1168 2280 ,
1202 2216 1298 2271 καὶ
1341 2217 1468 2279 τοὺς
1517 2215 1708 2280 ἄλλους
1740 2217 1866 2281 τοὺς

290 2305 571 2367 διέποντας
606 2303 705 2368 τὰς
735 2304 792 2356 ἐν
820 2306 932 2368 τοῖς
971 2304 1260 2374 βασιλείοις
1302 2304 1495 2374 ἀρχάς.
1539 2305 1862 2374 Ἀναιρεῖται

289 2396 345 2448 δὲ
375 2398 468 2450 καὶ
523 2397 685 2459 αὑτὸς
722 2396 872 2466 παρὰ
921 2397 1029 2449 τῶν
1081 2398 1138 2449 ἐν
1183 2395 1442 2468 Ῥαϐέννῃ
1476 2393 1821 2464 στρατιωτῶν
1846 2409 1863 2426 ⁶

290 2485 426 2556 ἀνὴρ
460 2487 620 2556 εἰπερ
675 2503 760 2548 τις
808 2485 964 2549 ἄλλος
1015 2484 1263 2546 πώποτε,
1305 2487 1362 2538 ἐν
1419 2484 1584 2556 πολλῇ
1637 2485 1862 2554 δυνάμει

291 2577 578 2646 γενόμενος
600 2617 615 2639 ,
649 2577 741 2630 καὶ
795 2578 1035 2641 πάντας,
1086 2578 1160 2641 ὼς
1212 2578 1384 2630 εἰπεῖν
1409 2618 1424 2643 ,
1457 2576 1774 2648 Βαρϐάρους
1803 2593 1862 2629 τε

285 2669 382 2721 ,καὶ
423 2668 725 2738 Ῥωμαίους
772 2669 1124 2739 πειθομένους
1153 2667 1310 2738 ἔχων.
1347 2666 1610 2738 Στελίχων
1641 2669 1738 2738 μὲν
1769 2663 1861 2722 οὖν

286 2759 602 2829 ὑπονοηθεὶς
628 2759 890 2823 κακόνους
918 2755 1056 2813 εῖναι
1084 2761 1196 2823 τοῖς
1247 2759 1539 2830 βασιλείοις
1562 2797 1578 2822 ,
1625 2753 1728 2812 ὦδε
1759 2759 1864 2812 ἀπο

283 2848 453 2902 ,ώλετο
477 2867 488 2879 ·
523 2851 800 2903 κτίννυται
828 2849 883 2903 δὲ
918 2850 1010 2903 καὶ
1041 2849 1301 2920 Εύχέριος
1333 2851 1360 2903 ὁ
1401 2849 1592 2903 τούτου
1623 2849 1758 2913 υἱός.

1969 1851 2265 1908 Orientalis
2303 1853 2574 1922 expeditio
2607 1855 2712 1923 ipsi
2755 1853 3220 1916 committebatur,
3255 1853 3533 1923 proﬁcisci

1962 1943 2075 2012 jam
2111 1943 2363 2014 parabat,
2411 1944 2648 2014 sumptis
2695 1959 2879 1999 secum
2919 1953 3155 2014 quatuor
3199 1945 3531 2014 legionibus.

1968 2033 2118 2085 Inter
2165 2032 2280 2086 haec
2329 2045 2483 2093 vero,
2515 2047 2637 2086 cum
2686 2048 2878 2086 rumor
2920 2048 3147 2104 sparsus
3187 2041 3332 2088 esset
3379 2034 3532 2088 illum

1965 2121 2284 2190 imperatori
2321 2121 2554 2177 insidias
2577 2129 2811 2184 struere,
2835 2129 2888 2176 et
2918 2121 3104 2176 ascitis
3132 2120 3188 2174 in
3217 2121 3533 2177 societatem

1963 2211 2300 2280 potentibus,
2331 2212 2444 2266 ﬁlio
2488 2226 2589 2266 suo
2623 2211 2912 2280 imperium
2943 2226 3157 2281 parare,
3182 2213 3405 2277 milites,
3445 2227 3534 2268 se-

1963 2297 2170 2352 ditione
2208 2298 2368 2363 facta,
2400 2297 2715 2368 praefectum
2748 2299 2999 2368 praetorio
3029 2299 3214 2366 Italiae,
3256 2310 3310 2355 et
3342 2302 3534 2371 praafe-

1962 2396 2109 2443 ctutn
2146 2391 2397 2460 praetorio
2419 2388 2738 2452 Galliarum,
2761 2391 2922 2444 simul
2953 2392 3249 2462 magistros
3269 2394 3530 2460 militum,

1962 2487 2014 2533 et
2054 2479 2296 2548 reliquos
2328 2481 2420 2549 qui
2463 2480 2517 2533 in
2550 2481 2752 2550 palatio
2779 2481 3083 2553 praecipuas
3116 2483 3412 2553 dignitates
3441 2503 3533 2557 ge-

1959 2569 2176 2636 rebant,
2208 2570 2572 2625 interﬁciunt.
2599 2571 2720 2642 Ipse
2747 2581 2963 2642 queque
2990 2573 3184 2627 Stilico
3206 2589 3237 2628 a
3265 2576 3532 2634 militibus

1957 2664 2180 2719 occisus
2223 2671 2307 2719 est
2349 2663 2659 2719 Ravenna:
2715 2665 2819 2729 vir,
2858 2667 2902 2719 si
2951 2666 3076 2734 quis
3126 2683 3412 2736 unquam,
3460 2668 3529 2723 ad

1955 2770 2208 2826 magnam
2244 2755 2543 2825 potentiam
2595 2762 2838 2818 evectus,
2885 2764 2938 2810 et
2974 2756 3065 2825 qui
3117 2760 3423 2821 universos,
3472 2769 3533 2815 ut

1952 2846 2029 2901 ita
2058 2847 2259 2912 dicam,
2293 2845 2572 2900 Romanos
2620 2861 2683 2900 ac
2717 2847 2982 2902 barbaros
3011 2847 3115 2904 sibi
3152 2856 3407 2920 parentes
3435 2850 3532 2903 ha-

238 2931 240 2934 ’
289 2939 421 2993 tmit.
471 2941 547 2994 Ac
603 2940 794 2995 Stilico
835 2940 1074 3010 quidem,
1131 2957 1254 2995 cum
1299 2942 1354 2994 in
1398 2941 1772 3010 suspicionem
1833 2937 2071 2995 venisset
2113 2937 2271 3008 quasi
2315 2935 2544 3007 imperio
2584 2937 2961 3004 insidiaretur,
3027 2939 3133 2994 hoc
3167 2939 3324 2995 modo
3353 2940 3530 2996 inter-

295 3027 382 3080 iit.
441 3026 550 3084 Sed
587 3040 641 3085 et
675 3029 980 3086 Eucherius
1023 3029 1143 3099 ejus
1189 3031 1333 3087 ﬁlius
1370 3047 1477 3086 una
1510 3031 1835 3088 interfectus
1873 3041 1978 3087 est.

889 3119 1139 3172 ΚΕΦΑΛ.
1178 3120 1254 3173 E'.

285 3204 423 3274 Περὶ
447 3277 457 3289 Ι
478 3206 784 3289 διαφόρῳζ
819 3208 1007 3289 ἑφθῶν
1055 3210 1684 3289 ἐπιστρατεμᾳάντωη
1706 3213 1854 3289 ΔῬω-

347 3277 547 3348 μαίοις
571 3317 586 3340 ,
614 3278 714 3330 καὶ
744 3278 892 3348 Θεοῦ
931 3281 1183 3347 προνοίᾳ
1212 3277 1585 3348 ἡττηθέντων
1603 3299 1616 3311 ·
1646 3281 1854 3336 ἄλλων

351 3345 420 3397 δὲ
446 3347 544 3399 καὶ
584 3345 987 3401 ὑποσπόνδωνῖ
1010 3345 1363 3418 γενομέ-ιλωνζ

352 3438 509 3492 Κατὰ
538 3440 732 3493 ταυτὸν
785 3439 841 3492 δὲ
889 3440 1087 3511 συνέϐη
1135 3443 1229 3495 καὶ
1278 3441 1509 3506 Οὑννους
1554 3459 1852 3513 στρατοπε-

279 3529 595 3600 δευομένους
619 3533 676 3586 ἐν
705 3530 915 3604 Θρᾴκῃ,
943 3533 1079 3603 μήτε
1110 3532 1470 3602 πολεμοῦντος
1497 3533 1682 3595 αὑτοῦ,
1712 3534 1850 3604 μήτε

275 3620 562 3691 διώκοντος
582 3663 597 3686 ,
629 3623 869 3694 αἰσχρῶς
896 3625 1263 3695 ὑποστρέψαι,
1302 3625 1428 3688 τοὺς
1466 3624 1679 3686 πλείους
1712 3624 1848 3676 ἀπο·

279 3711 560 3776 ϐαλόντας.
598 3714 753 3767 Ἐπεὶ
800 3715 908 3786 γὰρ
939 3714 1129 3780 υὺλδις
1167 3718 1194 3769 ό
1235 3716 1534 3788 ἡγούμενος
1567 3716 1675 3770 τῶν
1721 3716 1850 3780 περὶ

276 3801 370 3856 τὸν
420 3805 632 3874 Ἴστρον
702 3804 1031 3877 βαρϐάρων,
1090 3808 1348 3881 πλείστην
1400 3809 1538 3879 ἔχων
1591 3809 1847 3880 στρατιάν

236 3895 586 3968 ’ἐπεραιώθη
637 3897 727 3951 τὸν
787 3899 1069 3969 ποταμὸν,
1125 3901 1184 3954 ἐν
1248 3904 1363 3964 τοῖς
1419 3902 1651 3972 Θρᾳκῶν
1699 3903 1847 3973 ὅροις

275 3986 785 4057 ἐστρατοπεδεύετο.
823 3990 929 4043 Καὶ
961 3990 1390 4062 Καστράμαρτις
1437 3993 1589 4046 πόλιν
1607 3993 1704 4063 τῆς
1729 3994 1847 4045 Μυ-

275 4076 400 4140 σίας
455 4077 716 4150 προδοσίᾳ
764 4079 936 4148 ἐλὼν,
979 4081 1224 4135 ἐντεῦθεν
1270 4082 1372 4151 τὴν
1415 4082 1581 4152 ἄλλην
1624 4082 1844 4155 Θρᾴκην

277 4166 591 4238 κατέτρεχε,
624 4169 718 4222 καὶ
748 4170 981 4235 σπονδὰς
1015 4171 1200 4225 θέσθαι
1239 4172 1374 4242 πρὸς
1413 4173 1718 4244 Ῥωμαίους
1752 4175 1842 4226 ὑπ’
1865 4209 1874 4226 ι.

271 4257 591 4322 ἀλαζονείας
617 4259 717 4313 οὑκ
741 4260 1004 4331 ἠνείχετο.
1035 4261 1425 4333 Διαλεγομένου
1453 4263 1508 4316 δὲ
1539 4264 1686 4334 αὑτῷ
1717 4265 1843 4338 περὶ

267 4351 494 4420 εἰρήνης
523 4350 616 4403 τοῦ
651 4351 896 4424 ὑπάρχου
943 4351 1052 4404 τῶν
1095 4351 1347 4424 Θρᾳκίων
1396 4355 1838 4425 στρατευμάτων,

2608 3117 2761 3174 CAP.
2805 3117 2871 3175 V.

1955 3206 2035 3263 De
2069 3207 2289 3262 diversis
2337 3207 2577 3279 gentibus
2615 3225 2732 3279 quin
2783 3209 2982 3263 bellant
3012 3211 3302 3265 intulerunt
3332 3210 3530 3268 Roma-

1986 3279 2128 3350 .nis,
2161 3289 2211 3332 et
2251 3294 2368 3346 qua:
2384 3279 2585 3350 ‘divina
2627 3280 2958 3346 providentia
3001 3279 3220 3336 devicta:
3249 3293 3393 3350 sunt,
3430 3293 3526 3339 aut

2022 3347 2193 3416 fwdus
2226 3363 2343 3401 cum
2374 3347 2626 3404 Romanis
2657 3352 2980 3420 pepigerunt.

2018 3437 2238 3491 Accidit
2263 3445 2525 3507 praeterea
2564 3439 2758 3493 eodem
2795 3448 3042 3510 tempore
3074 3447 3133 3494 ut
3165 3439 3374 3504 Hunni,
3429 3440 3524 3511 qui

1951 3529 2008 3582 in
2036 3529 2268 3582 Thracia
2299 3539 2479 3583 castra
2501 3529 2798 3593 habebant,
2820 3533 3036 3586 nemine
3052 3546 3146 3585 eos
3171 3531 3526 3602 aggrediente

1951 3635 2014 3673 ac
2046 3627 2430 3689 persequente,
2465 3620 2715 3690 pluribus
2744 3635 2972 3674 suorum
3004 3621 3243 3690 amissis,
3274 3637 3401 3677 cum
3428 3623 3524 3678 de-

1950 3708 2150 3764 decore
2196 3717 2348 3778 terga
2389 3711 2602 3765 darent.
2659 3709 2872 3782 Quippe
2928 3710 3106 3778 Uldis,
3155 3714 3520 3769 barbarorum

1947 3803 2040 3872 qui
2092 3802 2242 3858 circa
2279 3801 2587 3857 Danubium
2638 3811 2816 3866 erant,
2867 3805 3111 3875 regulus,
3150 3821 3273 3861 cum
3309 3806 3518 3878 ingenti

1946 3896 2190 3952 exercitu
2243 3911 2458 3951 amnem
2509 3905 2908 3968 transgressus,
2953 3898 3008 3954 in
3045 3897 3242 3954 ﬁnibus
3273 3897 3519 3954 Thraciae

1945 3995 2367 4044 castrametatus
2397 3987 2596 4043 fuerat.
2645 3991 2889 4060 Cumque
2922 3990 3110 4045 urbem
3143 3990 3362 4053 Moesiae,
3395 4006 3517 4060 quae

1944 4076 2140 4133 Castra
2180 4078 2370 4134 Martis
2411 4081 2632 4143 dicitur,
2661 4082 2972 4150 proditione
3000 4081 3261 4150 cepisset,
3293 4081 3419 4136 inde
3457 4082 3514 4136 in

1944 4169 2209 4238 reliquam
2263 4171 2553 4226 Thraciam
2600 4172 2964 4226 excursiones
3003 4171 3257 4235 faciebat,
3288 4184 3389 4226 nec
3411 4171 3513 4228 fm-

1941 4259 2045 4315 dus
2096 4276 2218 4316 cum
2250 4259 2513 4317 Romanis
2547 4263 2728 4318 facere
2777 4279 2887 4333 prae
2935 4263 3193 4333 superbia
3245 4263 3511 4334 dignaba-

1944 4363 2053 4408 tur.
2106 4355 2172 4408 Et
2217 4371 2341 4408 cum
2393 4355 2687 4425 aliquando
2735 4359 2993 4436 magister
3048 4356 3205 4425 371
3274 4356 3509 4410 militum

271 4440 558 4510 ἀνίσχοντα
605 4443 696 4496 τὸν
749 4444 900 4515 ἥλιον
942 4443 1252 4512 ἐπιδείξας,
1300 4444 1361 4498 οὐ
1412 4446 1643 4516 χαλεπὸν
1689 4448 1836 4518 αὑτῷ

1954 4445 2196 4502 Thraciae
2228 4463 2354 4502 cum
2393 4447 2487 4502 illo
2512 4447 2676 4502 verba
2719 4447 2920 4502 faceret
2949 4439 3016 4502 de
3039 4462 3191 4516 pace,
3215 4447 3307 4502 ille
3338 4447 3507 4502 solem

263 4530 409 4600 ἔφη.
443 4533 818 4603 ἢν.βούλοιτο,
855 4537 1038 4590 πᾶσαν
1083 4537 1150 4606 ῆν
1194 4536 1364 4607 ἐφορᾷ
1397 4535 1500 4606 γῆν
1535 4537 1836 4608 καταστρέ·

1954 4540 2213 4595 orientem
2247 4540 2665 4604 demonstrans,
2698 4538 2861 4595 facile
2889 4540 2994 4594 sibi
3029 4555 3151 4596 esse
3190 4539 3351 4604 dixit,
3385 4540 3508 4594 uni-

263 4621 492 4690 ψασθαι.
525 4624 957 4696 Τερατευομένου
991 4627 1048 4680 δὲ
1093 4627 1304 4691 τοιάδε,
1347 4627 1442 4680 καὶ
1473 4627 1678 4697 δασμὸν
1712 4631 1836 4683 ὅσον

1954 4647 2159 4688 versam
2193 4647 2355 4704 quam
2407 4633 2500 4688 ille
2541 4633 2708 4688 radiis
2751 4631 2869 4688 suis
2901 4633 3276 4698 colluStraret,
3300 4641 3503 4688 terram

1465 4802 1729 4860 VALESII
1767 4805 2315 4880 ANNOTATION‘ES.

1937 4923 2255 4990 supradicto
2286 4921 2462 4991 capite
2505 4935 2599 4991 eas
2624 4934 2785 4991 voces
2817 4935 2927 4974 non
2959 4921 3175 4991 legisse.
3229 4924 3320 4982 Sic
3355 4932 3502 4986 enim

263 4916 486 4973 Gracche
516 4920 818 4990 vastatione
854 4918 1000 4973 etde
1043 4919 1454 4990 oppugnatione
1483 4918 1636 4990 urbis
1662 4919 1830 4973 Athe-

1936 4992 2100 5045 vertit
2140 5011 2151 5047 :
2191 4993 2332 5058 Quia
2358 4990 2492 5044 rum
2534 4990 2796 5044 discedere
2826 4990 3103 5055 voluisset,
3151 4994 3380 5053 Honorii
3412 5003 3502 5055 tit-

263 5004 481 5042 narum.
526 4986 628 5042 Ista
660 4989 804 5042 enim
836 4990 937 5058 diu
963 4986 1487 5058 ante'rcoutigeraut,
1527 4989 1630 5043 sub
1671 5005 1830 5043 exor-

263 5059 410 5112 diqu
436 5059 647 5128 imperii
673 5057 914 5120 Arcadii,
942 5059 1070 5113 dum
1090 5057 1324 5114 Ruﬁnus
1348 5061 1526 5113 adhuc
1551 5067 1830 5128 superstes

261 5136 433 5198 esset,
462 5144 491 5179 a
527 5145 636 5198 quo
665 5139 925 5184 evocatus
970 5128 1146 5183 fuerat
1176 5130 1450 5194 Alaricus,
1490 5130 1630 5184 sicut
1665 5135 1829 5198 testa-

265 5208 354 5252 tur
382 5197 634 5252 Zosimus
668 5200 718 5251 in
753 5199 846 5252 lib.
881 5215 932 5257 ν.
964 5199 1093 5266 Qua:
1125 5215 1254 5253 vero
1285 5199 1372 5252 hic
1410 5209 1461 5253 et
1491 5199 1544 5252 in
1588 5213 1709 5266 cap.
1758 5197 1828 5252 25

261 5269 359 5323 lib.
390 5283 510 5333 vin,
546 5283 574 5320 a
609 5267 912 5325 Sozomeno
955 5270 1291 5335 referuntur,
1325 5277 1476 5339 gesta
1505 5275 1634 5322 sunt
1667 5268 1829 5337 paulo

261 5347 386 5392 ante
419 5346 645 5391 mortem
675 5339 916 5392 Arcadii.
1443 5374 1448 5378 ι

333 5408 446 5476 (18)
485 5406 739 5461 Μέλλων
783 5407 890 5477 γὰρ
918 5405 1208 5477 ἐκδημεῖν,
1237 5405 1396 5477 κατὰ,
1423 5405 1496 5477 τὰ
1526 5409 1830 5477 συντεθει-

252 5475 437 5546 μένα,
463 5478 584 5529 11ωο
613 5493 717 5532 non
752 5475 819 5533 de
853 5475 1091 5541 Alarico,
1119 5476 1216 5531 sed
1265 5478 1333 5530 de
1370 5476 1634 5530 Stilicone
1665 5476 1826 5530 intel-

261 5545 476 5614 ligenda
505 5558 654 5600 sunt.
695 5552 872 5614 Quare
918 5548 1230 5602 necessario
1267 5545 1527 5599 addendae
1569 5553 1694 5598 sunt
1748 5548 1828 5600 ha:

258 5629 444 5687 seces,
491 5616 518 5667 ὁ
559 5617 840 5687 Στελὶχων,
892 5626 949 5670 ut
995 5618 1190 5687 legitur
1221 5617 1272 5669 in
1301 5631 1402 5684 cap
1455 5615 1526 5687 25
1577 5615 1671 5687 lib.
1706 5632 1823 5670 vm.

259 5685 454 5740 Mirum
507 5695 588 5742 est
655 5685 834 5741 tamen
902 5685 1256 5757 I'Ipiplianium
1314 5685 1716 5740 Scholaslit'um
1768 5687 1820 5739 in

1937 5061 2059 5115 teris
2097 5072 2175 5115 est
2200 5064 2468 5126 detentus,
2511 5061 2646 5114 sicut
2684 5062 2793 5130 ipse
2821 5063 3088 5130 confessus
3119 5075 3218 5119 est.

2007 5131 2115 5200 (l9)
2162 5131 2290 5184 Ἐπὶ
2325 5130 2651 5198 τυραννίδα
2685 5129 2791 5184 τοῦ
2835 5129 3024 5196 υίέως.
3065 5133 3365 5192 AcCusatns
3415 5146 3499 5190 est

1937 5197 2166 5254 Stilicho
2238 5197 2758 5270 quod’Euchcrium
2811 5201 2977 5255 ﬁlium
3033 5218 3192 5257 suum
3257 5206 3500 5261 Orientis

1933 5270 2314 5338 imperatorem
2338 5286 2525 5326 creare
2546 5270 2827 5333 voluisset,
2856 5271 3070 5326 sublato
3088 5272 3309 5328 Juniore
3327 5274 3499 5328 Theo-

1934 5339 2121 5412 dosio,
2177 5348 2234 5394 ut
2271 5341 2460 5395 scribit
2504 5339 2838 5412 So_zomenus
2873 5343 3044 5412 initio
3085 5344 3244 5411 hujus
3278 5345 3493 5412 capitis.

1932 5409 2077 5481 Idem
2109 5413 2272 5464 etiam
2306 5417 2537 5466 testatur
2566 5409 2821 5465 Zosimu-s
2869 5411 2921 5464 in
2969 5411 3061 5464 lib.
3105 5409 3167 5475 ν,
3207 5427 3326 5481 pag.
3347 5409 3492 5480 ⁷808,

1933 5492 1964 5532 a
1997 5477 2311 5536 Stilichonis
2345 5481 2830 5535 calumniatoribus
2862 5477 3420 5548 divulgatum—fuisse.

2004 5548 2113 5619 (2t!)
2175 5551 2288 5603 Τὸν
2341 5553 2594 5616 Ἰταλίας
2634 5551 2922 5618 ὕπαρχον.
2966 5548 3351 5619 iLonginiauus
3403 5553 3492 5607 hic

1931 5618 2250 5683 vocabatur,
2287 5631 2341 5674 ut
2387 5622 2580 5692 scribit
2606 5620 2856 5692 Zosimus
2885 5618 3060 5692 in‘lih.
3104 5636 3170 5687 v;
3203 5622 3494 5692 praefectus

1931 5699 2108 5741 autem
2137 5693 2391 5759 pra-torio
2417 5691 2712 5744 Galliarum
2751 5687 3049 5742 Limenius.
