4050 6218
453 306 598 373 1⁷809

1445 300 1772 365 HISTORIA
1809 298 2360 366 ECCLESIAS'I‘ICA.
2403 339 2472 348 --
2510 308 2637 364 LIB.
2681 308 2771 364 IX.

3569 308 3703 368 Ibl')

453 443 544 490 νος
577 424 706 494 περὶ
736 423 959 495 είρῆνης
992 421 1126 490 πρὸς
1160 420 1415 491 Ὀνώριον
1441 464 1455 487 ,
1483 421 1721 491 ἀπέτυχε
1747 439 1761 452 ’
1799 423 1891 476 καὶ
1924 439 2021 475 και·

2146 423 2250 480 lcm
2286 424 2592 490 Stiliconis,
2628 438 2755 478 cum
2792 422 3047 479 Alaricus
3082 421 3382 479 Gothorum
3416 424 3549 493 dux,
3583 427 3709 483 mis-

452 513 704 572 ταλαϐὼν
721 513 821 586 τὴν
849 512 1089 583 Ῥώμην,
1111 512 1439 584 ἐπολιόρκει,
1466 512 1692 577 πολλοὺς
1718 513 2024 584 βαρϐάρους

454 607 756 676 ἐπιστήσας
777 602 1048 674 Θύμϐριδι
1076 602 1155 674 τῷ
1188 602 1448 673 ποταμῷ’
1478 602 1618 656 ὥστε
1667 604 1742 673 μὴ
1792 602 2033 673 είσκομί·

456 694 644 761 ζεσθαι
662 694 732 747 τά
756 694 1035 764 ἐπιτήδεια
1058 696 1170 758 τοῖς
1189 696 1246 748 ἐν
1273 698 1340 765 τῇ
1366 694 1518 749 πόλει
1539 695 1646 748 ἀπὸ
1671 694 1765 747 τοῦ
1792 694 2029 766 r16me-

453 781 555 841 ὧδε
594 786 702 858 γὰρ
734 785 1152 861 ὀνομάζουσιητδ
1208 786 1475 856 Ῥωμαῖον
1508 778 2034 856 ὲπίνειονίΧρονίας

454 879 511 932 δὲ
542 878 842 950 γενομένης
878 879 979 949 τῆς
1026 878 1377 949 πολιορκίας,
1425 877 1587 949 λιμοῦ
1622 894 1681 930 τε
1720 879 1812 933 καὶ
1843 877 2033 949 λοιμοῦ

454 969 552 1040 τὴν
578 969 733 1024 πόλιν
759 966 1037 1035 πιέζοντος
1060 1012 1074 1035 ,
1101 968 1301 1023 δούλων
1328 986 1388 1022 τε
1419 967 1651 1029 πολλῶν,
1677 969 1772 1023 καὶ
1802 968 2034 1039 μάλιστα

459 1059 750 1131 βαρϐάρων
806 1059 886 1131 τῷ
935 1059 1117 1128 γένει,
1153 1060 1289 1129 πρὸς
1325 1058 1417 1112 τὸν
1472 1058 1754 1129 Ἀλάριχον
1805 1059 2037 1128 αὐτομο-

457 1150 713 1217 λούντων,
770 1152 1065 1219 ἀναγκαῖον
1088 1150 1287 1216 ,ἐδόκει
1337 1151 1452 1213 τοῖς
1514 1150 1879 1221 Ἐλληνίζουσι
1937 1149 2039 1221 τῆς

460 1242 765 1314 συγκλήτου
790 1284 805 1305 ,
838 1240 991 1295 θύειν
1018 1242 1077 1295 ὲν
1117 1240 1196 1310 τῷ
1225 1240 1555 1320 Κάπιτωλίῳ
1587 1242 1682 1294 καὶ
1720 1245 1829 1305 τοῖς
1857 1240 2038 1306 ἄλλοις

459 1337 627 1398 ναοῖς.
663 1334 894 1387 Θοῦσκοι
941 1333 1052 1404 γάρ
1082 1349 1227 1397 τινες
1275 1334 1366 1386 ἐπὶ
1415 1332 1575 1388 τοῦτο
1610 1333 2038 1405 μετακληθέντες

463 1426 614 1497 παρὰ
664 1426 762 1487 τοῦ
794 1426 1041 1496 ὑπάρχου
1086 1425 1187 1495 τῆς
1235 1425 1445 1489 πόλεως
1467 1468 1481 1493 ,
1517 1425 1875 1496 ὑπισχνοῦντο
1904 1442 2039 1497 σκη-

465 1519 617 1581 πτοῖς
673 1518 769 1571 καὶ
832 1517 1082 1588 βρονταῖς
1145 1516 1440 1570 ἀπελάσειν
1504 1516 1630 1581 τοὺς
1704 1502 2034 1589 βαρϐάρους.

466 1607 677 1678 Ηῦχουν
707 1607 763 1661 δὲ
791 1608 1032 1662 τοιοῦτον
1064 1608 1249 1669 αὐτοῖς
1287 1606 1576 1678 είργᾶσθαι
1600 1606 1699 1660 καὶ
1729 1608 1855 1678 περὶ
1888 1608 2039 1679 Λαρ-

463 1699 584 1753 νίαν
617 1700 728 1771 (24)
762 1700 917 1754 πόλιν
943 1700 1042 1769 τῆς
1065 1699 1334 1761 Θουσκίας
1361 1739 1377 1763 ,
1405 1701 1471 1768 ἢν
1498 1697 1714 1769 παριὼν
1757 1696 2073 1769 Ἀλάριχος,

2135 521 2213 573 sis
2252 517 2321 571 ad
2353 515 2654 571 Honorium
2690 515 2887 585 legatis
2921 513 2990 569 de
3025 528 3182 584 pace,
3218 514 3381 586 372
3428 515 3708 587 repulsam

2137 610 2373 672 tulisset,
2411 606 2638 662 Romam
2696 605 2954 661 obsidere
3002 620 3297 676 aggressus
3344 613 3454 673 est,
3499 608 3711 677 ingenti

2136 702 2355 773 agmine
2403 700 2768 755 barbarorum
2818 698 2886 755 ad
2918 697 3067 769 ripas
3100 695 3312 753 Tiberis
3334 700 3616 769 apposito.
3644 717 3713 756 ne

2136 793 2395 847 alimenta
2425 790 2644 846 civibus
2675 790 3106 860 importarentur
3128 803 3196 845 ex
3217 786 3408 844 Portu.
3443 788 3534 844 Sic
3566 789 3713 844 enim

2135 891 2335 938 vocant
2385 883 2581 938 navale
2616 882 2772 939 urbis
2833 879 3041 936 Romae.
3090 878 3265 936 Porro
3320 895 3447 935 cum
3499 880 3716 936 obsidio

2135 974 2347 1031 diutius
2396 975 2833 1047 protraherctur,
2870 983 2925 1029 et
2973 970 3148 1028 fames
3197 970 3364 1029 simul
3419 986 3485 1028 ac
3546 973 3717 1042 pestis

2136 1066 2326 1122 urbem
2363 1073 2662 1137 premeret,
2695 1064 2993 1135 pluresque
3026 1079 3057 1119 e
3096 1062 3297 1127 servis,
3334 1076 3399 1116 ac
3439 1062 3718 1132 praecipue

2138 1158 2177 1213 ii
2216 1156 2309 1228 qui
2358 1156 2586 1211 natione
2621 1154 2843 1210 barbari
2890 1161 3073 1218 erant,
3118 1152 3186 1207 ad
3218 1152 3496 1207 Alaricum
3528 1161 3718 1207 trans-

2140 1248 2436 1320 fugerent:
2487 1247 2543 1302 hi
2587 1247 2681 1318 qui
2731 1246 2786 1300 in
2826 1252 3023 1301 senatu
3050 1244 3248 1315 pagani
3278 1251 3456 1309 erant,
3494 1258 3719 1298 necesse

2136 1358 2256 1398 esse
2293 1342 2569 1405 dicebant,
2605 1350 2667 1396 ut
2721 1341 2778 1396 in
2825 1338 3099 1411 Capitolio
3137 1345 3191 1392 et
3238 1338 3295 1392 in
3341 1336 3468 1392 aliis
3499 1337 3719 1407 templis

2138 1434 2569 1489 sacrificaretur.
2602 1432 2818 1487 Etenim
2856 1428 3076 1485 Etrusci
3111 1428 3362 1500 quidam,
3393 1442 3423 1482 a
3450 1427 3719 1499 praefecto

2138 1524 2295 1581 urbis
2334 1524 2401 1579 ad
2451 1525 2558 1579 hoc
2601 1524 2783 1587 acciti,
2820 1521 3148 1577 fulminibus
3197 1535 3261 1576 ac
3302 1519 3567 1581 tonitruis
3595 1520 3721 1573 bar-

2139 1613 2331 1670 barum
2362 1614 2576 1671 hostem
2626 1629 2751 1671 sese
2783 1613 3085 1668 abactnros
3133 1611 3499 1684 spondebant.
3551 1611 3721 1683 quue

2141 1719 2172 1761 a
2217 1722 2278 1763 se
2322 1706 2528 1762 factum
2558 1720 2675 1762 esse
2697 1706 2985 1778 jactabant
3023 1704 3276 1770 Narniae,
3308 1719 3432 1776 qum
3467 1705 3601 1761 urbs
3632 1710 3720 1759 est

464 1790 556 1842 ἐπὶ
593 1790 692 1861 τὴν
727 1790 944 1863 Ῥώμην
983 1792 1083 1863 οὐχ
1130 1788 1297 1846 εἶλεν.
1334 1790 1494 1845 Ἀλλά
1523 1790 1729 1844 τούτων
1773 1791 1870 1861 μὲν
1898 1789 2047 1844 οὐδὲν

2150 1796 2401 1865 Tusciae;
2444 1812 2607 1869 quam
2648 1797 3106 1867 praetergrediens
3134 1796 3392 1852 Alaricus
3421 1803 3558 1851 tunc
3594 1811 3718 1851 cum

463 1881 655 1951 ὄφελος
683 1882 900 1938 ἔσεσθαι
946 1886 1013 1956 τῇ
1068 1884 1254 1949 πόλει,
1299 1884 1330 1954 ἡ
1372 1882 1638 1945 ἀπόϐασις
1684 1880 1876 1947 ἔδειξε.
1918 1879 2043 1946 Τοῖς

464 1972 576 2044 γὰρ
612 1969 671 2028 εὖ
703 1974 991 2046 φρονοῦσιν
1027 1974 1133 2028 ὑπὸ
1166 1973 1458 2045 θεομηνίας
1487 1972 1842 2041 κατεφαίνετο
1869 1970 2044 2025 ταῦτα

468 2061 787 2132 συμϐαίνειν
821 2061 1116 2133 Ῥωμαίοις
1138 2100 1152 2124 ,
1198 2061 1339 2115 κατά
1383 2059 1574 2142 ποινὴν
1601 2053 1676 2115 ὧν
1702 2058 1907 2131 προτοῦ
1938 2058 2044 2111 ὑπὸ

467 2152 667 2221 πολλῆς
724 2153 1010 2223 ῥᾳστώνης
1058 2153 1151 2206 καὶ
1203 2151 1499 2215 ἀκολασίας
1566 2153 1645 2216 εἰς
1691 2152 1888 2213 αὐτοὺς
1949 2148 2044 2203 καὶ⁵

464 2240 650 2305 ξένους
677 2241 788 2312 (25)
836 2241 1036 2305 ἀδίκως
1082 2242 1355 2313 ἥμαρτον.
1388 2241 1621 2310 Λέγεται
1663 2240 1793 2309 γοῦν
1840 2238 2043 2308 ἀγαθός

466 2346 549 2394 τις
580 2329 690 2382 τῶν
724 2332 780 2382 ἐν
816 2329 1020 2401 Ἰταλίᾳ
1056 2330 1325 2399 μοναχῶν,
1362 2329 1646 2384 σπεύδοντι
1681 2330 1772 2382 ἐπὶ
1824 2328 2043 2398 Ῥώμην

478 2421 749 2492 ’Λλαρίχῳ
779 2422 1106 2490 παραινέσαι
1133 2460 1149 2481 ,
1189 2419 1480 2488 φείσασθαι
1502 2421 1601 2488 τῆς
1641 2419 1846 2482 πόλεως
1865 2458 1878 2482 ,
1909 2419 2043 2487 μηδὲ

467 2512 797 2583 τηλικούτων
818 2512 991 2564 αἴτιον
1017 2509 1267 2579 γενέσθαι
1294 2510 1501 2565 κακῶν.
1543 2510 1646 2564 Τὸν
1670 2510 1725 2563 δὲ
1755 2509 1940 2580 φάναι,
1968 2510 2044 2575 ὡς

465 2605 566 2674 οὐχ
589 2604 729 2657 ἑκὼν
760 2604 882 2657 τάδε
915 2604 1186 2674 ἐπιχειρεῖ
1208 2619 1222 2633 ’
1254 2602 1390 2655 ἀλλά
1428 2617 1513 2664 τις
1552 2601 1789 2671 συνεχῶς
1814 2600 2044 2670 ἐνοχλῶν

469 2696 630 2748 αὐτὸν
662 2693 929 2758 βιάζεται,
959 2695 1050 2747 καὶ
1092 2693 1370 2747 ἐπιτάττει
1396 2692 1493 2763 τὴν
1533 2692 1749 2763 Ῥώμην
1780 2692 1997 2763 πορθεῖν
2026 2708 2039 2721 ·

466 2786 498 2843 ὃ
523 2789 587 2862 δὴ
612 2786 878 2842 τελευτῶν
908 2784 1183 2858 ἐποίησεν.
1202 2786 1290 2837 Ἑν
1313 2775 1357 2852 ᾧ
1382 2784 1438 2838 δὲ
1464 2784 1792 2856 ἐπολιόρκει,
1817 2782 2045 2837 πλεῖστα

466 2878 617 2949 δῶρα
646 2877 848 2939 λαϐὼν,
873 2878 965 2931 ἐπὶ
994 2877 1187 2948 χρόνον
1217 2874 1338 2928 τινὰ
1364 2873 1685 2946 πολιορκίαν
1707 2873 1886 2938 ἔλυσε,
1924 2890 2047 2928 συν-

470 2970 712 3041 θεμένων
748 2970 1033 3039 Ῥωμαίων
1076 2967 1416 3037 τὸνβασιλέα
1439 2964 1647 3020 πείσειν
1693 2968 1773 3029 είς
1826 2966 2046 3038 εἰρήνην

468 3060 631 3116 αὐτὸν
662 3059 934 3130 δέχεσθαι.

2144 1889 2377 1945 Romam
2396 1889 2776 1954 contenderet,
2796 1888 3222 1959 haudquaquam
3248 1896 3491 1958 ceperat.
3517 1886 3720 1944 Verum

2145 1978 2285 2036 istos
2322 1981 2457 2034 nihil
2510 1981 2632 2035 urbi
2674 1980 2994 2049 profuturos
3031 1979 3222 2043 fuisse,
3253 1979 3371 2049 ipse
3403 1979 3591 2033 exitus
3624 1976 3722 2033 de-

2144 2070 2394 2125 claravit.
2433 2070 2598 2126 Certe
2622 2071 2715 2140 qui
2753 2079 2936 2126 mente
2982 2070 3267 2138 valebant,
3298 2069 3416 2125 hrec
3456 2068 3725 2125 Romanis

2143 2176 2210 2215 ex
2242 2159 2333 2216 Dei
2364 2160 2739 2233 indignatione
2764 2162 3015 2218 evenisse
3044 2160 3480 2233 perspiciebant,
3509 2163 3582 2217 ob
3611 2163 3727 2216 viu-

2145 2252 2347 2306 dictam
2378 2267 2576 2308 corum
2616 2268 2737 2323 qua:
2770 2268 2881 2324 ιιι-αι
2911 2255 3042 2308 luxu
3080 2260 3251 2324 atque
3298 2252 3725 2323 intemperantia

2145 2354 2274 2409 erga
2320 2340 2468 2395 cives
2513 2342 2680 2396 simul
2733 2355 2797 2396 ac
2840 2343 3168 2413 peregrinos
3218 2342 3426 2411 injuste
3477 2350 3721 2413 egerant.

2147 2428 2335 2499 Itaque
2365 2431 2520 2485 aiunt
2550 2432 2781 2502 probum
2811 2433 3111 2501 quemdam
3163 2433 3498 2489 monachum
3529 2449 3595 2488 ex
3636 2431 3725 2486 his

2145 2518 2240 2590 qui
2282 2519 2337 2574 in
2396 2521 2549 2575 Italia
2608 2532 2789 2589 erant,
2847 2520 3351 2590 AlaricoRomam
3404 2523 3724 2593 properanti

2146 2608 2411 2677 suasisse,
2441 2618 2501 2664 ut
2527 2610 2650 2665 urbi
2681 2617 2956 2682 parceret,
2996 2625 3102 2665 nec
3130 2617 3413 2665 tantorum
3449 2609 3722 2663 malorum

2146 2708 2345 2757 auctor
2366 2702 2683 2759 exsisteret.
2714 2702 2817 2759 Cui
2840 2701 3094 2758 Alaricus
3118 2699 3471 2772 respondisse
3494 2698 3723 2761 dicitur.

2148 2806 2209 2847 se
2234 2806 2347 2848 non
2382 2808 2480 2849 sua
2508 2802 2705 2864 sponte
2738 2794 2855 2851 haec
2876 2792 3134 2866 aggredi:
3162 2792 3259 2849 sed
3292 2789 3588 2863 quemdam
3618 2789 3727 2846 sibi

2149 2883 2368 2939 assidue
2400 2885 2692 2942 molestum
2720 2900 2860 2952 esse,
2886 2885 2980 2956 qui
3015 2885 3191 2955 ipsum
3222 2892 3436 2954 urgeat,
3474 2880 3731 2939 Romam-

2149 2987 2258 3041 que
2284 2989 2602 3047 expugnare
2626 2976 2857 3044 iubeat:
2895 2975 3042 3046 quod
3071 2982 3125 3029 et
3170 2973 3263 3028 ille
3309 2972 3528 3028 tandem
3576 2969 3725 3026 fecit.

2150 3061 2323 3117 Porro
2371 3080 2495 3119 cum
2531 3066 2723 3122 urbem
2764 3065 3066 3131 obsideret,
3100 3063 3355 3135 plurimis
3401 3062 3726 3118 muneribus

471 3154 748 3224 acceptis,
809 3155 1091 3223 aliquanto
1140 3152 1406 3222 temporis
1465 3153 1641 3224 spatio
1697 3152 2043 3209 obsidionem
2118 3158 2304 3225 solvit,
2356 3175 2478 3214 cum
2528 3160 2761 3216 Romani
2806 3161 2954 3232 pacti
3023 3165 3232 3225 essent,
3294 3174 3353 3214 se
3406 3155 3732 3228 imperatori

471 3259 832 3316 persuasuros
858 3253 915 3299 ut
943 3246 1094 3298 illum
1125 3244 1178 3297 in
1208 3244 1504 3305 amicitiam
1538 3243 1833 3313 reciperet.

1077 3334 1327 3388 ΚΕΦΑΛ.
1360 3336 1435 3389 Z’.

472 3428 611 3495 Περὶ
649 3426 1009 3481 ἰνοκεντίου
1053 3422 1167 3494 τῆς
1214 3424 1620 3495 πρεσϐυτέρας
1662 3424 1891 3495 Ῥώμης
1928 3426 2052 3479 ἐπι-

543 3494 800 3558 σκόπου,
836 3497 923 3559 ,ὡς
970 3496 1476 3564 διεπρεσϐεύσατο
1513 3494 1663 3561 πρὸς
1697 3494 2009 3564 ῘΑλὰριχον
2034 3511 2048 3524 ·

542 3568 643 3621 καὶ
698 3566 828 3633 περὶ
872 3561 1115 3619 Ἰοϐιόιί
1144 3565 1252 3617 τοῦ
1299 3564 1556 3627 Ἰταλίας
1588 3561 1865 3633 ὑπάρχου
1890 3561 1928 3625 ζ
1952 3564 2051 3617 καὶ

540 3637 677 3705 ,περὶ
720 3631 831 3704 τῆς
858 3638 944 3701 εἰς
970 3634 1240 3705 βασιλέα
1287 3633 1636 3702 πρεσϐείας,
1677 3632 1777 3685 καὶ
1821 3631 2052 3701 ὅσαπερ

557 3703 840 3775 Ἇααρίχῳ
863 3703 1112 3771 συνέϐη.

546 3798 850 3868 Γενομένης
887 3797 943 3850 δὲ
982 3797 1111 3867 περὶ
1142 3792 1332 3848 τοῦτου
1365 3792 1657 3864 πρεσϐείας
1681 3833 1695 3857 ,
1722 3792 1773 3846 οἱ
1801 3792 1870 3846 τὰ
1893 3793 2049 3846 ἐναν-

473 3878 564 3944 τία
592 3891 921 3962 πράττοντες
966 3889 1236 3958 Ἀλαρὶχῳ
1265 3886 1322 3937 ὲν
1350 3886 1463 3948 τοῖς
1506 3883 1829 3962 βασιλείοις,
1859 3882 2049 3936 ἐνεπό-

474 3983 620 4048 διζον
667 3985 730 4054 τῇ
780 3982 989 4053 εἰρήνῃ.
1041 3980 1196 4034 Μετὰ
1245 3978 1303 4031 δὲ
1349 3976 1518 4032 ταῦτα
1570 3976 2050 4050 πρεσϐευσαμένου

488 4073 802 4129 Ἰνοκεντίου
833 4081 863 4121 1’
885 4072 978 4125 τοῦ
1019 4070 1304 4142 Ῥωμαίων
1339 4068 1661 4131 ἐπισκόπου,
1690 4066 2053 4138 μετακληθεὶς

488 4165 770 4237 Ἀλάριχος
797 4165 1089 4243 γρᾴμμασι
1121 4163 1213 4216 τοῦ
1266 4161 1530 4232 βασιλέως
1556 4201 1570 4224 ,
1616 4153 1749 4233 ἦκεν
1795 4162 1873 4223 εἰς
1916 4158 2057 4231 Ἀρί-

479 4274 649 4329 μηνον
671 4257 854 4320 πόλιν,
884 4255 1018 4310 δέκα
1057 4255 1149 4309 καὶ
1189 4254 1482 4316 διακοσίοις
1517 4251 1750 4316 σταδίοις
1796 4251 1894 4322 τῆς
1931 4250 2058 4304 Ῥα-

476 4343 671 4420 ϐἐννης
716 4346 1057 4418 ἀφεστῶσαν.
1106 4345 1369 4400 Ἐνταῦθα
1398 4345 1455 4398 δὲ
1489 4343 1697 4413 σκηνὰς
1745 4342 1918 4413 ἔχοντι
1952 4339 2059 4413 πρὸ

477 4442 585 4497 τῶν
608 4441 802 4513 τειχῶν
826 4482 841 4506 ,
874 4442 955 4505 εἰς
995 4440 1186 4509 λόγους
1237 4437 1403 4493 ἐλθὼν
1448 4438 1635 4501 ἰὁϐιος
1689 4436 1786 4507 τῆς
1833 4435 2060 4498 Ἰταλίας

2781 3335 2937 3391 CAP.
2978 3333 3093 3390 VII.

2161 3426 2435 3495 Quomodo
2485 3428 2822 3482 Innocentius
2865 3426 3116 3495 Romana:
3160 3424 3626 3495 urbisiepiscopus
3656 3432 3731 3488 ιε-

2226 3508 2377 3567 gatos
2416 3499 2558 3572 misit
2599 3497 2668 3572 ad
2707 3496 3003 3572 Alaricum.
3038 3494 3170 3572 II_em
3201 3495 3266 3547 de
3290 3494 3451 3572 Jovio
3484 3503 3731 3572 prefecto

2224 3564 2474 3633 praetorio
2511 3565 2686 3619 Italia:
2712 3580 2731 3619 :
2765 3574 2816 3618 et
2844 3564 2906 3618 de
2936 3565 3194 3634 legatione
3231 3566 3300 3618 ad
3332 3564 3728 3634 imperatorem,

2225 3632 2274 3690 et
2309 3636 2375 3689 de
2401 3635 2481 3689 his
2508 3652 2625 3705 qua:
2655 3634 2876 3688 Alarico
2906 3632 3261 3705 contigerunt.
3356 3632 3369 3655 '

2227 3790 2477 3862 Cumque
2514 3789 2621 3846 hac
2646 3790 2715 3846 de
2746 3806 2805 3846 re
2835 3791 3041 3863 legatio
3064 3791 3232 3847 missa
3259 3800 3427 3862 esset,
3461 3793 3515 3847 hi
3551 3793 3647 3865 qui
3675 3794 3734 3850 in

2154 3883 2360 3955 palatio
2379 3882 2645 3954 principis
2673 3883 2895 3939 Alarico
2918 3883 3381 3951 adversabantur,
3402 3887 3522 3956 paci
3550 3887 3736 3943 obsta-

2153 3973 2306 4029 bant.
2351 3971 2545 4029 Postea
2575 3987 2704 4028 vero
2741 3987 2865 4027 cum
2899 3972 3255 4029 Innocentius
3289 3973 3550 4031 Romanae
3577 3960 3734 4031 urbis

2153 4066 2449 4136 episcopus
2496 4064 2704 4136 legatos
2753 4064 3012 4127 misisset,
3065 4063 3323 4120 Alaricus
3378 4065 3735 4136 imperatoris

2152 4150 2353 4211 litteris
2384 4164 2667 4217 evocatus,
2701 4154 3006 4209 Ariminum
3053 4155 3241 4221 venit,
3294 4169 3417 4225 quae
3452 4157 3584 4211 urbs
3632 4156 3737 4213 du-

2154 4246 2330 4302 centis
2357 4259 2421 4299 ac
2458 4230 2643 4300 decem
2679 4242 2873 4298 stadiis
2905 4242 3069 4298 distat
3118 4243 3403 4300 Ravenna.
3444 4246 3606 4317 373
3649 4245 3735 4301 lbi
3840 4297 3849 4305 .

2155 4338 2285 4394 dum
2334 4345 2461 4393 ante
2518 4351 2706 4392 muros
2761 4336 2916 4391 urbis
2964 4344 3153 4392 castra
3191 4338 3505 4409 posuisset,
3541 4337 3735 4395 Jovius

2160 4431 2451 4503 pnefcctus
2497 4430 2752 4503 praetorio
2796 4427 2969 4485 Italiae
3006 4445 3226 4486 eumeo
3249 4431 3581 4495 collocutus,
3614 4432 3737 4485 Ala-

1675 4614 1944 4670 VALESII
1982 4611 2535 4674 ANNOTATIONES.

548 4725 662 4799 (24)
682 4726 794 4799 Kal
821 4724 955 4792 περὶ
988 4724 1277 4799 ᾼαρνίιζν.
1309 4721 1597 4799 Αεξςιιιξοτ
1626 4717 1822 4799 ,ιοιιιιιιί
1847 4716 2047 4799 Lanch1

2166 4722 2532 4799 urbis__Roma:
2551 4730 2776 4799 vocatur
2800 4721 3193 4799 Pompeianus.

475 4787 568 4867 qui
596 4787 1220 4867 inAdnotal'tonibusad
1247 4790 1475 4867 cap_55._
1493 4787 2056 4867 IIII._§III,‘NI(‘ellIIOI‘I

473 4856 708 4929 Callisti,
736 4866 930 4939 scribit
956 4864 1241 4939 legendum
1265 4856 1367 4939 sibi
1391 4860 1562 4939 videri
1588 4856 2056 4939 Ναρνέαξθ..ρυ“οιη

476 4927 703 4999 quidem
761 4927 1136 5004 conjecturam
1178 4932 1484 5004 placuisse
1514 4927 1689 4983 video
1725 4927 2055 5004 Ortelin__in

481 4996 749 5062 Thesauro
772 4996 1138 5075 geographica.
1171 4996 1324 5075 pud
1352 4999 1641 5075 Zosimum
1668 5007 1850 5053 tamen
1880 4998 1935 5075 i_n
1955 4996 2052 5051 lib.

479 5093 532 5144 ν,
559 5092 684 5151 pag.
718 5067 844 5142 δι’δ,
866 5067 989 5131 haec
1018 5073 1150 5130 urbs
1173 5067 1402 5127 Nerveia
1422 5070 1648 5136 dicitur,
1682 5079 1738 5125 et
1765 5067 2055 5140 praefectus

2238 4794 2350 4865 (35)
2393 4796 2492 4859 Εἰς
2536 4792 2759 4865 admito:
2802 4792 2901 4865 καὶ
2941 4790 3179 4865 ξέζους,
3208 4790 3402 4865 Scribe
3433 4804 3558 4847 meo
3612 4795 3738 4865 peri-

2167 4860 2295 4919 culo
2317 4860 2397 4927 εἰς
2448 4860 2664 4925 ἀστούς.
2716 4860 2987 4916 Henricus
3012 4860 3255 4918 Savilius
3312 4863 3366 4916 in
3398 4876 3499 4916 suo
3552 4860 3742 4918 codice-

2204 4936 2256 4989 ui
2284 4949 2451 5005 penes
2480 4949 2566 4986 me
2591 4940 2699 5005 est,
2732 4946 2916 4987 vocem
2931 4932 3130 5005 αὐτούς
3162 4933 3363 4988 lineola
3393 4932 3741 4989 subnotarat.

2204 4951 2256 4989 III
2284 4951 2451 5005 penes
2480 4951 2566 4986 IIII}
2591 4951 2699 4993 εει,
2732 4951 2916 4987 νοουιιι
2931 4951 3130 4994 αυτους
3162 4951 3255 4988 ιιηε

2163 4951 2273 5061 ged
2300 5017 2481 5060 veram
2518 5001 2850 5072 scripturam
2884 5016 2993 5057 non
3023 5002 3255 5058 viderat.

1923 5249 2311 5309 VARIORIJM.

480 5369 625 5412 mam
650 5355 736 5413 bis
767 5356 1052 5414 obsidebat
1085 5356 1356 5418 Alaricus,
1422 5367 1566 5407 anno
1589 5350 1693 5407 408
1726 5359 1779 5406 et
1805 5349 1932 5413 409,
1963 5363 2057 5403 va-

481 5428 663 5483 stabat
685 5444 830 5484 anno
866 5428 992 5490 409,
1033 5428 1335 5497 eodemque
1369 5439 1512 5497 anno
1544 5423 1785 5478 Attalum
1823 5421 2058 5497 impera-

478 5502 659 5567 toretn
675 5498 907 5563 dixit,ct
928 5498 1157 5567 imperio
1179 5489 1348 5551 exuit.
1379 5493 1723 5549 Mortunsest
1756 5505 1900 5545 anno
1931 5489 2054 5544 III.
2088 5551 2095 5557 α

2089 5551 2114 5605 ίὲ
2157 5557 2439 5613 Posterior
2459 5558 2523 5613 ad
2548 5576 2751 5614 annum
2785 5559 2888 5614 409
2910 5557 3405 5625 pertinet,camque
3432 5551 3577 5625 inter
3603 5552 3743 5609 alios

479 5566 606 5622 Ant.
636 5566 770 5625 Paci
806 5568 874 5622 ad
893 5585 977 5622 eos
1014 5566 1204 5620 annos.

552 5636 1125 5708 ’llpwé’evaapérov
1176 5633 1552 5708 Ἰνοκετςτίου.
1601 5629 1901 5708 Pacchcum
1932 5628 2060 5682 Ala-

480 5704 597 5764 rico
621 5700 860 5765 nondum
894 5700 1214 5760 confirmata
1262 5704 1463 5773 duplex
1512 5703 1709 5773 legatio
1742 5700 2057 5755 Ravennam

806 5800 1077 5861 Parnoc.
1126 5798 1243 5858 Gn.
1294 5794 1521 5856 LXVII

2158 5346 2561 5419 adllonorium
2602 5348 2733 5419 imp.
2795 5363 2825 5403 a
2863 5356 3054 5405 senatu
3116 5346 3363 5401 Romano
3414 5341 3582 5397 missa
3635 5349 3738 5397 est.

2158 5416 2317 5473 Prior
2346 5433 2452 5488 qua
2494 5418 2631 5473 nihil
2665 5416 2828 5491 legati
2859 5419 3027 5491 abeo
3059 5419 3367 5491 obtinuere,
3408 5427 3582 5480 eaque
3616 5428 3735 5491 pcr-

2156 5498 2280 5543 acta
2319 5482 2403 5543 est
2437 5498 2671 5544 exeunte
2709 5482 2856 5543 anno
2902 5490 3026 5551 408,
3061 5495 3154 5539 aut
3187 5486 3408 5538 ineunte
3446 5497 3590 5535 anno
3611 5482 3735 5536 409.

2156 5628 2289 5683 obiit
2315 5627 2661 5685 Innocentius
2687 5645 2844 5700 papa.
2868 5620 2995 5681 Αἰιι.
3028 5624 3181 5689 Pam,
3208 5624 3274 5676 ad
3301 5620 3424 5678 ann.
3449 5620 3573 5684 “0.
3598 5638 3654 5682 ιι.
3681 5638 3739 5681 ’.

3188 5784 3257 5848 51
