4050 6218
400 279 528 333 1611

393 387 494 442 rici
554 384 831 456 postulata
886 385 1202 454 imperatori
1265 390 1644 461 signiﬁcavit,

393 476 660 533 codicillis
691 475 993 547 magisterii
1027 479 1321 550 utriusque
1345 483 1552 536 militiae
1577 481 1963 536 honorandum

393 583 536 624 esse.
569 566 772 622 Verum
799 567 1116 638 imperator,
1149 572 1297 642 quod
1322 573 1542 642 quidem
1576 572 1642 628 ad
1677 572 1966 644 pecuniam

392 671 447 718 et
477 676 727 718 annonas
764 663 1004 732 pertinet
1027 679 1164 734 quas
1201 667 1464 734 poscebat
1495 666 1782 730 Alaricus,
1811 664 1968 719 Jovio

393 763 584 824 utpote
625 754 890 825 praefecto
927 763 1260 826 potestatem
1300 759 1606 822 concessit,
1643 758 1966 828 dignitatem

392 861 522 900 vero
559 859 619 901 se
646 861 928 918 nunquam
955 845 1210 901 daturum
1245 849 1550 919 respondit.
1581 848 1752 903 Porro
1778 847 1968 903 Jovius

394 937 632 1007 legatum
695 951 762 990 ex
816 937 1021 1006 palatio
1069 940 1300 996 missum
1347 939 1403 994 in
1458 940 1712 995 tentoriis
1759 939 1967 994 Alarici

393 1029 744 1099 prmstolatus
767 1068 782 1094 ,
813 1029 948 1084 satis
972 1031 1288 1086 inconsulte
1316 1046 1500 1086 coram
1527 1031 1808 1085 universis
1843 1031 1969 1085 bar-

393 1121 544 1176 baris
607 1121 955 1190 imperatoris
1017 1121 1272 1176 mandata
1321 1123 1553 1178 recitare
1603 1138 1725 1177 eum
1779 1122 1963 1192 jussit.

395 1210 533 1265 Tum
572 1212 827 1266 Alaricus
859 1211 929 1266 ob
956 1220 1211 1283 negatam
1249 1212 1578 1284 dignitatem
1617 1213 1967 1284 indignatus.

393 1304 619 1373 perinde
665 1316 735 1357 ac
770 1302 817 1357 si
871 1304 1211 1358 contumelia
1265 1304 1494 1360 allectus
1543 1304 1769 1368 luisset,
1821 1304 1971 1359 illico

395 1396 552 1464 signo
599 1395 744 1450 tuba:
793 1391 924 1448 dato
956 1434 970 1459 ,
1020 1391 1248 1450 Romam
1299 1411 1493 1451 versus
1545 1394 1848 1451 contendit.
1902 1395 1973 1447 At

391 1484 604 1552 Jovius,
635 1493 889 1542 metuens
912 1500 982 1540 ne
1005 1485 1301 1555 imperator
1328 1485 1508 1555 ipsum
1539 1484 1759 1539 Alarico
1787 1485 1971 1538 favere

397 1577 795 1645 suspicaretur,
849 1574 1221 1630 inconsultius
1252 1574 1430 1630 adhuc
1461 1589 1625 1644 quam
1658 1582 1841 1640 antea,
1873 1588 1971 1644 per

395 1668 628 1722 salutem
665 1665 931 1736 principis
960 1674 1015 1722 et
1047 1666 1164 1736 ipse
1192 1665 1422 1737 juravit,
1454 1675 1506 1722 et
1539 1667 1679 1722 alios
1713 1681 1970 1736 proceres

1844 266 2190 336 sozonnxt

1728 407 1964 461 eumque
1997 399 2040 454 Α
2069 391 2314 462 ὕπαρχος
2339 390 2434 453 ὢν,
2457 390 2604 460 δηλοῖ
2630 391 2705 462 τῷ
2731 390 2942 460 βασιλεῖ
2961 389 3057 463 τὴν
3091 380 3379 461 Ἀλαρίχου
3404 394 3647 463 αἴτησιν,

3505 266 3650 339 ista

2069 484 2161 536 καὶ
2187 481 2262 544 ὡς
2293 481 2399 534 δέοι
2440 481 2641 546 δέλτοις
2683 482 2841 536 αὑτὸν
2881 483 3112 553 τιμῆσαι
3147 483 3454 555 στρατηγοῦ
3486 483 3651 537 δυνά-

2073 588 2217 641 μεως
2261 571 2546 643 ἑκατέρας.
2591 572 2649 625 '0
2697 573 2754 625 δὲ
2793 572 3042 642 βασιλεὺς
3089 574 3390 644 χρημάτων
3424 575 3522 646 μὲν
3551 578 3650 630 καὶ

2071 663 2393 733 σιτηρεσίων
2429 656 2503 720 ὧν
2525 663 2664 734 ⁴ᾔτει.
2691 663 2764 727 ὡς
2797 664 3026 735 ὑπάρχῳ
3075 664 3248 735 Ἰοϐίῳ
3275 665 3372 736 τὴν
3399 665 3650 732 ἐξουσίαν

2067 754 2329 809 δέδωκεν⁸
2365 755 2520 820 ἀξίας
2547 755 2603 808 δὲ
2650 755 2710 809 οὒ
2769 773 2897 809 ποτε
2936 755 3264 826 μεταδώσειν
3309 758 3453 829 αὐτῷ
3519 761 3649 812 ἀντι

2070 845 2358 917 εδή).ωσεν.
2403 846 2679 911 ’Ᾱϐούλως
2699 847 2754 901 δὲ
2771 847 2955 911 Ίόϐιος
2987 849 3045 900 ὲν
3075 851 3141 919 τῇ
3171 849 3449 921 ’Δλαρὶχου
3474 853 3648 920 σκηνῇ

2071 938 2393 1008 περιμείνας
2446 938 2538 992 τὸν
2593 941 2656 992 ὲκ
2712 941 2819 994 τῶν
2874 940 3160 1012 βασιλείων
3216 944 3648 1014 ἀπεσταλμένον.

2071 1029 2464 1098 ἀναγινώσκειν
2503 1033 2741 1095 ἐκέλευε,
2769 1033 3056 1104 παρόντων
3085 1034 3195 1087 τῶν
3233 1033 3521 1107 βαρϐάρων
3539 1077 3554 1102 ,
3574 1037 3653 1088 τὰ

2069 1119 2296 1184 δόξαντα
2323 1121 2398 1192 τῷ
2424 1121 2647 1192 βασιλεῖ.
2691 1123 2814 1180 Ἐπὶ
2838 1123 2894 1176 δὲ
2927 1127 2992 1194 τῇ
3025 1126 3251 1196 ἀρνήσει
3280 1125 3374 1178 τοῦ
3406 1125 3651 1196 ἀξιώμα-

2070 1227 2160 1274 τος
2207 1211 2482 1282 ὀργισθεὶς
2535 1213 2815 1282 Ἀλάριχος
2861 1213 2936 1277 ὡς
2993 1215 3351 1286 ὑϐρισμένος,
3399 1217 3653 1287 αὐθωρδν

2071 1305 2136 1371 τῇ
2196 1301 2456 1371 σάλπιγγι
2519 1305 2802 1374 σημήνας,
2863 1305 2954 1358 ἐπὶ
3018 1307 3116 1376 τὴν
3164 1307 3381 1378 Ῥώμην
3428 1310 3649 1380 ἡλαυνε.

2072 1394 2264 1457 Δείσας
2287 1395 2343 1447 δὲ
2366 1396 2394 1448 ὁ
2428 1394 2610 1458 Ίόϐιος
2639 1397 2713 1466 μὴ
2739 1397 3009 1470 ὑπονοηθῇ
3036 1398 3114 1469 τῷ
3142 1399 3353 1470 βασιλεῖ
3383 1401 3656 1472 Ἀλαρίχῳ

2075 1482 2414 1548 σπουδάζειν,
2437 1484 2775 1556 ἀϐουλοτέρῳ
2799 1485 2831 1556 ἢ
2862 1488 3122 1558 πρότερον
3150 1489 3480 1560 περιπεσὼν,
3513 1493 3659 1562 πρὸς

2073 1576 2170 1646 τῆς
2206 1577 2478 1648 σωτηρίας
2502 1577 2595 1632 τοῦ
2643 1576 2904 1647 βασιλέως
2955 1580 3116 1644 αὐτὸς
3157 1579 3358 1650 ὤμοσε,
3403 1584 3494 1635 καὶ
3525 1584 3658 1645 τοὺς

2073 1667 2266 1732 ἄλλους
2322 1668 2587 1739 ἄρχοντας
2640 1672 3016 1740 παρεσκεύασε
3044 1711 3058 1735 ,
3116 1675 3188 1744 μή
3243 1691 3373 1727 ποτε
3426 1677 3658 1746 εἰρήνην

390 1761 582 1829 jurare
613 1757 918 1828 compulit,
958 1773 1238 1828 nunquam
1273 1773 1330 1813 se
1373 1774 1496 1812 cum
1529 1759 1752 1813 Alarico
1783 1773 1972 1829 pacem

2076 1756 2264 1811 Θέσθαι
2474 1731 2774 1831 Ἀλὰριχον.
2810 1763 2924 1815 Οὐκ
2957 1731 3285 1836 είς-μακρὰν
3320 1765 3378 1818 δὲ
3410 1731 3657 1836 μεταμέ-

396 1854 659 1908 i‘acturos.
706 1850 984 1906 Barbarus
1023 1866 1154 1906 vero
1205 1865 1312 1905 non
1343 1851 1420 1904 ita
1451 1852 1624 1905 multo
1649 1850 1972 1921 prenitentia

396 1945 616 2008 ductus,
651 1941 878 2013 scripsit
930 1941 1036 1996 sihi
1076 1941 1212 1995 nihil
1242 1956 1382 2012 opus
1411 1955 1535 1996 esse
1568 1940 1926 2010 dignitatibus
1957 1951 1972 1992 :

395 2046 654 2094 caeterum
693 2051 752 2091 se
780 2034 1046 2091 Romanis
1075 2035 1282 2090 socium
1313 2034 1451 2097 l'ore,
1479 2033 1775 2088 dummodo
1801 2031 1977 2086 modi-

396 2146 520 2186 cum
549 2129 652 2199 ipsi
695 2128 1028 2183 frumentum
1065 2127 1434 2196 prmbcretur,
1471 2136 1523 2181 et
1561 2127 1678 2183 loca
1710 2125 1777 2180 ad
1817 2123 1975 2180 habi-

397 2222 661 2288 tandum,
705 2236 826 2290 quae
865 2219 1132 2276 Romanis
1173 2220 1596 2291 haudquaquam
1639 2218 1821 2289 magni
1860 2231 1974 2272 ιιιοο

400 2317 564 2371 menti
595 2329 719 2370 esse
743 2315 1083 2370 viderentur.

1004 2402 1158 2458 CAP.
1224 2401 1361 2458 γιιι.

401 2498 475 2552 De
509 2497 786 2552 rebellione
814 2496 1006 2560 Attali,
1041 2504 1090 2550 et
1142 2497 1332 2549 comite
1383 2493 1977 2564 Heracliano,ctqtto-

470 2568 620 2620 modo
652 2567 865 2619 Attalus
913 2565 1128 2634 pedibus
1175 2565 1402 2619 Honorii
1452 2574 1634 2634 postea
1672 2563 1973 2630 advolutus,

471 2640 673 2690 veniam
709 2638 1030 2704 impetrarit.

469 2727 573 2783 Ubi
602 2743 736 2782 vero
802 2727 973 2782 missa
1007 2725 1394 2796 episcoporum
1445 2725 1717 2794 legatione
1767 2724 1854 2780 bis
1887 2738 1976 2778 re-

399 2817 614 2888 pulsam
650 2815 817 2886 hujus
877 2815 957 2870 rei
1016 2827 1216 2885 passus
1268 2821 1389 2880 est,
1421 2811 1648 2868 Romam
1695 2826 1973 2877 reversus,

397 2922 518 2962 eam
555 2908 752 2961 iterum
780 2904 1010 2960 obsedit.
1051 2903 1115 2956 Et
1142 2918 1208 2958 ex
1246 2916 1353 2956 una
1397 2909 1550 2972 parte
1582 2909 1745 2972 capto
1783 2901 1974 2965 Portu,

400 2998 677 3053 Romanos
709 2996 760 3051 vi
814 2995 1079 3066 compulit
1122 3001 1182 3048 ut
1229 2993 1475 3048 Attalum
1522 2993 1616 3064 qui
1667 3002 1782 3047 tum
1839 3007 1977 3062 prae-

2080 1850 2264 1922 ληθεὶς
2289 1853 2318 1905 ὁ
2365 1851 2671 1923 βάρϐαρος,
2707 1852 2941 1923 ἐδήλωσε
2978 1853 3141 1925 μηδὲν
3179 1855 3504 1926 ἀξιωμάτων
3540 1857 3650 1910 δείο

2079 1940 2203 1995 σθαι
2224 1957 2237 1971 ·
2271 1940 2558 2012 σύμμαχον
2585 1941 2642 1996 δὲ
2668 1940 2922 2012 παρέξειν
2949 1942 3138 1996 ἑαυτὸν
3160 1943 3253 1996 ἐπὶ
3276 1944 3472 2015 μετρίᾳ
3502 1945 3660 1998 σίτου

2075 2029 2240 2096 δόσει,
2271 2031 2364 2086 καὶ
2388 2031 2596 2101 οἰκήσει
2620 2030 2818 2096 τόπων,
2847 2030 2910 2082 οὐ
2941 2030 3082 2085 πάνυ
3133 2030 3424 2103 Ῥωμαίοις
3451 2035 3658 2085 ﬁmo-

2075 2120 2376 2190 ὃασμένων.

2685 2391 2932 2449 ΚΕΦΑΛ.
2971 2395 3052 2450 H'.

2077 2487 2216 2556 Περὶ
2252 2485 2362 2554 τῆς
2403 2487 2782 2552 ἀποστασίας
2821 2485 3096 2540 Ἀττάλου
3119 2529 3133 2550 ,
3170 2487 3267 2539 καὶ
3313 2486 3420 2541 τοῦ
3470 2499 3660 2556 στρα-

2147 2559 2334 2626 τηγοῦ
2375 2557 2824 2626 Ἠρακλειανοῦί·
2853 2557 2949 2609 καὶ
2980 2558 3059 2620 ὡς
3089 2556 3346 2624 ὕστερον
3382 2574 3654 2626 προσπε-

2147 2625 2276 2681 σὼν
2308 2628 2553 2694 Ὁνωρίῳ
2581 2625 2938 2697 συγγνώμης
2959 2627 3154 2695 ἔτυχε.

2161 2716 2315 2774 Ἐπεὶ
2343 2716 2400 2770 δὲ
2429 2717 2509 2781 δὶς
2531 2718 2766 2787 ἀπέτυχε
2813 2716 2938 2785 περὶ
2970 2717 3156 2772 τούτου
3184 2717 3659 2789 πρεσϐευσάμενος

2076 2808 2165 2861 διά
2189 2825 2349 2861 τινων
2390 2807 2721 2866 ἐπισκόπων,
2749 2805 2918 2860 ἐλθὼν
2951 2809 3029 2870 είς
3063 2806 3278 2878 Ῥώμην
3301 2848 3313 2871 ,
3347 2807 3656 2878 ἐπολιόρκει

2074 2899 2178 2972 τὴν
2209 2899 2398 2953 πόλινο
2436 2898 2530 2953 καὶ
2587 2899 2643 2964 ἐξ
2694 2898 2810 2961 ἐνὸς
2867 2897 3066 2968 μέρους
3115 2898 3205 2950 τὸν
3242 2899 3447 2972 Πόρτον
3495 2897 3654 2960 ἐλὼν,

2079 2992 2327 3064 βιάζεται
2361 2989 2662 3062 Ῥωμαίους
2696 2989 2918 3060 βασιλέα
2945 2989 3287 3059 ψηφίσασθαι
3335 2990 3423 3042 τὸν
3452 2991 3654 3042 Ἀττα-

399 3087 580 3144 fectus
608 3087 761 3143 urbis
783 3094 921 3151 erat,
956 3085 1341 3155 imperatorem
1378 3093 1632 3140 crearent
1659 3086 1696 3137 ¹.
1725 3083 1972 3153 Cumque

2076 3084 2204 3148 λον,
2242 3084 2484 3155 ὕπαρχον
2534 3082 2662 3134 ὅντα
2708 3079 2828 3135 τότε
2871 3082 2969 3152 τῆς
3012 3081 3234 3145 πόλεως.
3283 3081 3567 3152 Ῥωμαίων
3599 3082 3658 3135 δὲ

399 3179 636 3238 Romani
701 3179 768 3233 ad
822 3179 1069 3248 reliquas
1121 3179 1418 3249 dignitates
1467 3177 1703 3248 promoti
1767 3185 1973 3242 essent,

398 3271 656 3328 Alaricus
707 3271 968 3340 magister
999 3268 1290 3339 utriusque
1334 3269 1541 3324 militiae
1593 3269 1974 3334 constituitur,

395 3363 654 3422 Atauli‘us
687 3376 819 3418 vero
850 3361 1020 3417 frater
1048 3362 1238 3416 uxoris
1259 3365 1403 3433 ejus,
1437 3377 1622 3418 comes
1644 3361 1975 3416 domestico-

397 3471 519 3511 rum
571 3455 838 3527 equitum.
888 3453 1062 3511 Porro
1116 3454 1331 3512 Attalus
1393 3462 1694 3511 convocato
1758 3462 1975 3518 senatu,

2079 3173 2492 3247 προϐληθέντων
2525 3171 2617 3224 ἐπὶ
2669 3170 2768 3234 τὰς
2816 3169 2981 3233 ἄλλας
3010 3171 3183 3242 ἀρχὰς
3211 3211 3226 3235 ,
3272 3171 3652 3241 χειροτονεῖται

2092 3267 2374 3334 Ἀλάριχος
2420 3261 2720 3332 στρατηγὸς
2762 3261 3021 3332 ἑκατέρας
3054 3260 3358 3329 δυνάμεως,
3403 3259 3656 3313 Ἀδάουλ-

2080 3377 2178 3429 φος
2220 3358 2276 3410 δὲ
2328 3357 2357 3408 ὁ
2392 3356 2492 3426 τῆς
2522 3354 2688 3408 αὑτοῦ
2724 3353 2968 3424 γαμετῆς
3001 3352 3257 3421 ἀδελφὸς,
3301 3351 3516 3422 ἡγεμὼν
3541 3351 3655 3402 τῶν

2083 3449 2293 3504 ἱππέων
2317 3445 2651 3518 δομεστίκων
2681 3444 3046 3515 καλουμένων.
3073 3443 3417 3512 Συγκαλέσας
3463 3441 3515 3493 δὲ
3544 3439 3650 3512 τὴν

397 3548 706 3604 orationem
743 3546 938 3603 habuit
984 3547 1251 3618 prolixam
1285 3554 1340 3602 et
1371 3546 1664 3603 admodum
1694 3546 1972 3617 splendide

2079 3540 2368 3614 γερουσίαν
2412 3538 2674 3600 Ἄτταλος
2694 3577 2708 3600 ,
2739 3536 2894 3605 λόγον
2925 3535 3104 3607 διῆλθε
3145 3537 3354 3605 μακρὸν
3397 3534 3489 3587 καὶ
3512 3532 3656 3602 λαμ-

397 3639 736 3693 elaboratam
768 3655 781 3693 :
819 3638 1099 3707 pollicitus
1131 3651 1191 3692 se
1229 3637 1354 3706 jura
1385 3637 1565 3707 patria
1601 3638 1814 3693 senatui
1857 3653 1972 3692 ser-

2081 3633 2234 3705 πρῶς
2285 3630 2428 3702 μάλα
2461 3627 2833 3698 πεπονημένον
2852 3667 2866 3688 ,
2899 3624 3327 3696 ὑπισχνούμενος
3357 3625 3424 3678 τὰ
3450 3625 3655 3696 πάτρια

398 3739 679 3792 vaturum,
709 3735 764 3782 et
793 3726 1091 3798 Egyptum
1123 3741 1187 3781 ac
1216 3727 1460 3796 reliquas
1485 3727 1732 3784 Orientis
1765 3731 1972 3800 provin-

2079 3728 2144 3795 τῇ
2177 3722 2464 3792 συγκλήτῳ
2494 3719 2748 3790 φυλάξειν
2777 3717 2888 3787 (26)
2916 3757 2930 3781 ,
2965 3716 3059 3770 καὶ
3105 3715 3202 3786 τὴν
3241 3717 3518 3785 Αἴγυπτον
3561 3717 3656 3768 καὶ

399 3819 518 3872 cias
559 3817 664 3871 sub
709 3815 968 3869 Italorum
1015 3815 1280 3871 ditionem
1333 3817 1687 3874 redacturum
1731 3835 1870 3876 esse.
1915 3819 1972 3873 Et

2081 3822 2262 3874 πᾶσαν
2310 3817 2410 3887 τὴν
2443 3813 2578 3884 πρὸς
2612 3813 2727 3866 Ἕω
2761 3809 3072 3883 ἀρχομένην
3092 3851 3106 3874 ,
3151 3811 3392 3880 ὑπήκοον
3436 3809 3659 3874 Ἰταλοῖς

399 3909 490 3983 hic
523 3906 746 3977 quidem
784 3904 916 3958 talia
949 3903 1240 3974 magniﬁce
1267 3905 1515 3974 jactabat
1537 3946 1552 3971 ,
1583 3909 1676 3979 qui
1711 3924 1778 3964 ne
1810 3911 1972 3964 unius

2082 3912 2324 3980 ποιῆσαι.
2357 3908 2467 3962 Καὶ
2507 3907 2536 3959 ὁ
2574 3905 2672 3976 μὲν
2717 3897 2818 3958 ὧδε
2868 3903 3360 3973 ἀλαζονευόμενος,
3406 3901 3524 3956 οὐδὲ
3577 3904 3658 3964 εἰς

399 3998 619 4068 quidem
653 3997 781 4050 anni
819 3994 999 4064 spatio
1027 3995 1378 4064 imperatoris
1403 4010 1604 4052 nomen
1640 4007 1762 4054 erat
1799 4009 1972 4054 reten-

2081 4002 2324 4056 ἐνιαυτὸν
2381 3998 2674 4069 ὁλόκληρον
2740 3996 2940 4067 ἧμελλε
3008 3995 3257 4066 βασιλεὺς
3321 3993 3604 4048 καλεῖσθαι
3641 4011 3655 4026 ο

402 4103 580 4146 turus.
640 4088 845 4145 Verum
903 4086 1162 4142 inductus
1224 4102 1254 4141 a
1315 4088 1649 4159 quibusdam
1709 4092 1975 4155 vatibus,

398 4185 578 4254 ipsum
621 4181 759 4236 citra
811 4194 1048 4252 pugnam
1092 4177 1277 4236 Africa
1316 4181 1620 4252 potiturum
1661 4197 1784 4238 esse
1816 4184 1979 4254 pollio

399 4275 675 4339 rentibus,
705 4287 807 4327 nec
839 4272 1063 4328 Alarico
1095 4271 1369 4339 credidit,
1399 4274 1491 4344 qui
1527 4275 1792 4330 modicam
1833 4277 1978 4331 mili-

401 4376 516 4421 tum
541 4379 763 4420 manum
785 4362 1180 4434 Carthaginem
1215 4364 1536 4421 mittendam
1565 4383 1688 4424 esse
1709 4367 1976 4424 suadebat

401 4456 466 4511 ad
518 4455 872 4526 perimendos
919 4455 1147 4530 Honorii
1190 4456 1401 4526 duces,
1446 4459 1490 4515 si
1529 4459 1704 4529 ipsius
1742 4461 1973 4531 imperio

400 4541 724 4596 resisterent
770 4559 784 4596 :
831 4555 936 4596 nec
985 4539 1185 4597 Joanni
1214 4580 1230 4606 ,
1277 4558 1438 4613 quem
1488 4546 1602 4615 ipse
1646 4549 1969 4617 magistrum

401 4629 708 4684 nliiciorum
759 4639 1074 4696 creaverat,
1127 4630 1240 4702 qui,
1287 4633 1542 4688 monebat
1598 4643 1856 4703 oportere
1912 4645 1972 4689 ut

401 4717 680 4774 Constans
702 4756 719 4784 ,
749 4735 910 4789 quem
939 4721 1056 4790 ipse
1096 4722 1152 4776 in
1190 4721 1436 4778 Africam
1467 4725 1686 4780 mittere
1712 4725 1971 4780 decreve-

403 4820 528 4873 rat,
572 4814 833 4879 tanquam
861 4811 932 4866 ab
965 4809 1213 4869 Honorio
1249 4813 1416 4886 375
1460 4816 1664 4871 missus
1691 4857 1704 4881 ,
1741 4816 1974 4886 epistola

479 4922 492 4952 ⁸
520 4918 678 4976 Socr.
705 4919 799 4974 lib.
826 4935 924 4987 vn,
958 4936 1008 4978 c.
1035 4924 1124 4978 10.

2083 4095 2308 4165 μάντεσι
2339 4093 2394 4146 δέ
2439 4107 2580 4144 τισιν
2626 4088 2907 4160 ὑπαχθεὶς,
2941 4088 3389 4158 ὑπισχνουμένοις
3414 4087 3659 4156 ἀμαχητὶ

2079 4186 2178 4256 τὴν
2220 4181 2480 4254 Ἀφρικὴν
2510 4176 2931 4243 καθέξειν,ὀΰτε
2964 4177 3232 4248 Ἀλαρίχῳ
3255 4175 3479 4246 ἐπείσθη
3506 4215 3520 4235 ,
3558 4193 3660 4244 με-

2079 4276 2235 4345 τρίαν
2267 4272 2493 4342 δύναμιν
2532 4268 2952 4341 εἰσηγησαμένῳ
2983 4266 3196 4336 πέμψαι
3227 4269 3307 4330 εἰς
3334 4265 3657 4337 Καρχηδόνα

2078 4367 2170 4420 ἐπὶ
2189 4365 2465 4435 ἀναιρέσει
2489 4362 2599 4415 τῶν
2638 4361 2892 4430 Ὀνωρίου
2920 4359 3193 4430 ἀρχόντων
3217 4399 3231 4421 ,
3273 4361 3322 4411 εί
3351 4359 3654 4427 ἀντιπαραο

2078 4455 2287 4520 τάξοιεν
2335 4450 2481 4521 αὐτῷ
2506 4467 2518 4481 ·
2565 4449 2688 4502 οὔτε
2745 4447 3002 4520 Ἰωάννῃ,
3033 4446 3091 4500 ὃν
3134 4447 3506 4517 προεστήσατο
3547 4444 3659 4496 τῶν

2078 4546 2214 4615 ἀμφ’
2262 4541 2422 4595 αὑτὸν
2491 4538 2784 4610 βασιλικῶν
2838 4536 3042 4604 τάξεων
3081 4576 3095 4599 ,
3145 4536 3406 4605 φάσκοντι
3457 4533 3657 4605 χρῆναι

2079 4635 2409 4691 Κώνσταντα
2464 4630 2556 4685 τὸν
2614 4630 2871 4701 ἐκδημεῖν
2920 4629 2996 4691 είς
3053 4627 3259 4698 Λιϐύην
3307 4625 3436 4698 παρ’
3489 4625 3658 4680 αὑτοῦ

2078 4723 2432 4794 τεταγμένον,
2460 4719 2535 4784 ὡς
2557 4720 2708 4790 παρὰ
2742 4717 3000 4790 Ὀνωρίου
3019 4716 3447 4786 ἀπεσταλμένον,
3473 4715 3657 4784 γράμο

2086 4834 2215 4887 ματι
2245 4814 2462 4886 συνήθει
2510 4813 2540 4866 δ
2581 4811 2855 4881 διάταγμα
2903 4807 3124 4864 καλοῦσι
3149 4807 3290 4879 (27),
3323 4807 3528 4861 παῦσαι
3559 4804 3660 4875 τῆς

1605 5077 1870 5132 VALESII
1908 5075 2457 5134 ANNOTATIONES.

478 5168 588 5239 (26)
622 5167 698 5221 Τὰ
726 5163 941 5239 πάτρια
963 5165 1036 5233 τῇ
1066 5169 1392 5236 συγκλήτῳ
1414 5169 1728 5237 φυλάξειν.
1761 5169 1978 5239 Langus

406 5249 459 5291 et
490 5238 767 5310 Musculus
787 5236 916 5304 jura
947 5236 1620 5310 plttria_interpretz_uitur.
1675 5240 1786 5310 Ego
1837 5236 1978 5296 ritus

407 5311 613 5377 patrios
650 5307 829 5360 malim
863 5315 1096 5361 vertere.
1129 5304 1218 5360 Sic
1239 5304 1383 5360 enim
1424 5308 1596 5362 Graeci
1642 5304 1836 5365 vocare
1886 5325 1979 5365 so-

409 5384 520 5431 lent
550 5377 902 5447 caeremonias
947 5377 1211 5447 majorum
1259 5377 1313 5430 in
1343 5379 1586 5434 colendis
1612 5380 1737 5434 diis.
1775 5379 1848 5433 Ita
1876 5379 1978 5434 Zo-

408 5450 581 5517 simns
608 5446 846 5517 loquitur
875 5446 1078 5517 passim
1116 5447 1173 5500 in
1200 5446 1338 5517 libro
1367 5463 1420 5517 v,
1455 5463 1574 5517 pag.
1608 5449 1712 5503 816
1746 5459 1799 5504 et
1847 5449 1971 5504 817.

476 5516 590 5588 (Ἦ)
644 5518 712 5568 '0
742 5515 1031 5588 διάταγμα
1053 5515 1327 5588 καλοῦιῃ.
1362 5515 1603 5570 Edictum
1639 5521 1798 5574 vertit
1821 5519 1975 5574 Chri-

407 5586 808 5658 stophorsonus
838 5596 892 5642 et
926 5586 1219 5643 Masculus.
1264 5586 1374 5658 Ego
1406 5599 1733 5658 przeceptum
1782 5591 1965 5643 malim

405 5665 634 5711 terter».
671 5655 927 5711 Solebant
981 5661 1108 5713 olim
1143 5655 1505 5728 imperato—res
1541 5655 1796 5725 Romani,
1828 5675 1968 5729 quu-

2083 5172 2184 5225 ties
2212 5171 2592 5239 magistratum
2621 5169 2706 5240 vel
2740 5169 3076 5240 provinciam
3105 5170 3271 5225 alicui
3309 5168 3662 5240 mandarent,

2081 5242 2129 5295 ei
2161 5238 2441 5296 codicillos
2470 5240 2621 5295 dare.
2642 5238 2880 5295 Litteras
2906 5250 3066 5296 vocat
3093 5241 3417 5294 Ammianus
3440 5238 3662 5292 Marcel-

2081 5311 2228 5366 linus
2261 5312 2314 5364 in
2340 5310 2465 5382 libr.
2509 5325 2700 5382 XXVI_I_I,
2725 5309 2991 5382 Libanins
3018 5325 3146 5367 vero
3168 5312 3547 5382 γραμματεῖα,
3599 5317 3661 5361 ιιι

2081 5381 2263 5435 notavi
2296 5380 2361 5433 ad
2389 5380 2592 5436 dictum
2625 5379 2924 5435 Marcellini
2975 5379 3311 5436 librumilta
3339 5395 3470 5450 ergo
3520 5393 3662 5450 quo-

2081 5451 2182 5505 ties
2229 5451 2389 5505 alicu:
2441 5450 2818 5520 magistratum
2893 5451 3132 5506 adimere
3174 5451 3396 5516 vellent,
3445 5450 3498 5503 id
3561 5463 3664 5518 per

2081 5521 2296 5576 litteras
2324 5521 2620 5576 faciebant.
2646 5524 2736 5574 Sic
2755 5520 3173 5576 Valentinianus
3197 5521 3392 5576 Junior
3411 5536 3537 5575 cum
3563 5522 3662 5573 An-

2077 5589 2354 5661 bogastem
2376 5593 2695 5661 magistrum
2718 5591 2955 5645 militum
2974 5601 3333 5647 cxauctorare
3354 5588 3661 5661 vellet,ipsi

2077 5660 2288 5718 litteras
2330 5659 2577 5729 tradidit,
2606 5661 2911 5734 γράμματα
2944 5662 3043 5733 τῆς
3077 5663 3249 5734 ἀρχῆς
3283 5659 3668 5733 παραλυόντα,
