4050 6218
376 343 513 410 ius

1349 337 1679 404 HISTORIA
1720 337 2273 402 ECCLESIASTICA.
2316 379 2382 388 —
2413 349 2540 406 LIB.
2586 349 2679 407 Ix.

3473 353 3616 412 ιδιι

361 468 537 540 ἀρχῆς
577 463 982 538 ’Μ’ρακλειανὸν,
1018 451 1106 516 τὸν
1146 462 1395 534 τηνικάδε
1443 463 1551 516 τῶν
1606 465 1666 516 ἐν
1706 463 1925 533 Ἀφρικῗ

2042 461 2274 516 solemni
2313 479 2475 532 quam
2522 463 2687 536 vulgo
2724 464 2964 520 edictum
3001 475 3237 534 vocant,
3290 465 3619 524 lleracliano

360 559 712 630 στρατιωτῶν
761 556 1229 627 ἐπιτετραμμένον
1287 557 1386 628 τὴν
1429 556 1744 627 ἡγεμονίαν.
1780 557 1938 620 Ἴσως

350 654 398 704 δ’
439 649 506 703 ἂν
549 649 640 702 καὶ
667 647 824 702 τοῦτο
853 637 1244 720 προύχώρησεν
1267 663 1280 678 °
1315 647 1468 701 οῦπω
1496 647 1605 718 γὰρ
1651 649 1784 718 δῆλα
1813 651 1937 716 ἐγε-

354 741 506 803 τόνει
541 741 653 802 τοῖς
699 740 755 792 ἐν
795 739 969 812 Λιϐύῃ
1013 741 1084 794 τὰ
1132 741 1275 795 κατά
1332 741 1616 795 Ἄτταλον.
1678 741 1830 794 Ἐπεὶ
1877 741 1936 794 δὲ

357 829 651 891 Κώνστας,
690 828 846 880 τοῦτο
885 831 996 893 τοῖς
1049 828 1274 900 μάντεσι
1317 829 1504 894 δόξαν,
1554 829 1812 883 ἔπλευσεν
1857 831 1935 894 εἰς

359 918 685 989 Καρχηδόνα
708 961 722 983 ,
763 917 1024 985 ’Ἄτταλος
1060 921 1117 974 δέ
1160 921 1256 975 ἐπὶ
1303 921 1555 975 τοσοῦτον
1610 921 1810 992 ἐϐλάϐη
1845 919 1936 974 τὸν

360 1010 505 1073 νοῦν,
542 1009 616 1073 ὤς
661 1010 796 1081 μηδέ
834 1011 1197 1081 ἀμφιϐάλλειν
1227 1012 1429 1080 ἀξιοῦν,
1460 1012 1596 1067 ἀλλὰ
1643 1012 1934 1066 πεπεῖσθαι

357 1101 483 1166 τοὺς
507 1101 749 1170 ’Λφρους
787 1102 1062 1173 ὑπηκόους
1101 1102 1246 1172 ἔχειν
1295 1104 1436 1158 κατὰ
1487 1103 1587 1176 τὴν
1631 1105 1934 1176 πρόρρησιν

358 1188 466 1240 τῶν
516 1188 794 1258 μάντεων,
829 1189 1211 1261 ἐπιστρατεύει
1253 1193 1320 1262 τῇ
1364 1191 1642 1264 Ῥαϐέννῃ.
1680 1194 1831 1262 Ἀμα
1877 1193 1936 1247 δέ

359 1279 600 1351 ἠγγέλθη
639 1282 723 1343 εἰς
765 1281 1040 1352 Ἀρίμινον
1085 1281 1313 1351 ἀφίχθαι
1352 1283 1491 1352 μετά
1511 1283 1610 1354 τῆς
1648 1284 1935 1354 Ῥωμαίων

365 1373 624 1440 στρατιᾶς
652 1374 746 1424 καὶ
773 1371 881 1424 τῶν
910 1371 1204 1443 βαρϐάρων
1223 1412 1238 1437 ,
1268 1373 1468 1444 γράφει
1493 1372 1643 1443 αὐτῷ
1677 1373 1934 1446 Ὀνώριος

354 1463 432 1524 ὡς
461 1463 688 1532 βασιλεῖ,
720 1465 813 1517 καὶ
839 1464 1198 1535 πρεσϐεύεται
1226 1465 1313 1518 διὰ
1342 1464 1448 1517 τῶν
1471 1465 1608 1534 ἀμφ’
1646 1465 1808 1518 αὑτὸν
1838 1465 1934 1529 τὰς

361 1555 622 1623 μεγίστας
663 1555 838 1626 ἀρχὰς
871 1556 1143 1627 λαχόντων
1164 1597 1178 1621 ,
1233 1558 1487 1611 κοινωνὸν
1521 1556 1750 1626 ἀγαπῶν
1788 1557 1932 1628 ἔχειν

356 1648 452 1714 τῆς
493 1643 788 1714 βασιλείας.
827 1647 1085 1711 Ἄτταλος
1109 1648 1164 1701 δὲ
1211 1652 1311 1718 τὴν
1365 1647 1463 1718 μὲν
1506 1647 1790 1702 κοινωνίαν
1838 1648 1932 1702 τοῦ

358 1734 592 1804 κράτους
635 1737 996 1807 ἀπαρνεῖται,
1045 1737 1193 1824 δηλοῖ
1240 1738 1298 1792 δὲ
1350 1738 1834 1824 Ὀνωρίῳηνῆσον
1896 1739 1930 1809 ἢ

2046 555 2139 624 qui
2173 563 2285 608 tum
2327 570 2514 612 comes
2545 557 2623 611 rei
2654 555 2909 611 militaris
2949 571 3048 627 per
3071 556 3312 612 Africam
3346 565 3464 613 erat
3487 572 3620 614 con-

2045 648 2309 710 stitutus,
2354 656 2682 716 potestatem
2721 647 3036 714 abrogaret.
3069 647 3249 718 Atque
3285 649 3339 703 id
3381 647 3618 704 forsitan

2043 737 2447 792 successisset:
2478 736 2723 791 nondum
2757 737 2904 793 enim
2938 736 3089 793 Afris
3118 738 3418 808 quidquam
3462 740 3618 795 iuno-

2043 834 2225 882 tuerat
2251 828 2318 884 de
2346 828 2579 900 imperio
2608 827 2799 882 Attali.
2841 827 3018 882 Porro
3041 826 3135 882 ubi
3167 827 3442 882 Constans
3463 827 3618 897 juxta

2043 929 2228 976 vatum
2264 937 2535 992 responsa
2571 920 2964 990 Carthaginem
3004 919 3367 991 navigasset,
3400 919 3620 974 Attalus

2041 1013 2136 1084 qui
2171 1027 2349 1083 usque
2383 1013 2520 1068 adeo
2555 1022 2738 1068 mente
2767 1019 2964 1084 captus
2993 1019 3114 1068 erat
3134 1051 3150 1077 ,
3180 1017 3241 1066 ut
3271 1027 3339 1066 ne
3365 1011 3622 1067 dubitare

2041 1102 2258 1173 quidem
2287 1103 2443 1158 vellet
2471 1141 2488 1168 ,
2523 1103 2622 1160 sed
2647 1119 2748 1172 pro
2791 1111 2946 1159 certo
2974 1103 3223 1168 haberet,
3255 1102 3436 1168 Afros,
3471 1105 3620 1160 sicut

2042 1194 2146 1265 ipsi
2175 1209 2204 1248 a
2241 1193 2457 1250 vatibus
2488 1193 2812 1264 praedictum
2845 1193 3058 1258 fuerat,
3089 1194 3322 1264 imperio
3350 1209 3452 1250 suo
3485 1195 3619 1250 sub-

2034 1284 2218 1354 jectos
2260 1301 2422 1353 esse,
2467 1283 2787 1340 Ravennam
2828 1300 3023 1342 versus
3062 1285 3366 1341 exercitum
3422 1288 3613 1342 movit.

2040 1371 2402 1442 Posteaquam
2448 1389 2579 1429 vero
2611 1375 2927 1430 nuntiatum
2968 1382 3090 1442 est,
3124 1375 3276 1429 illum
3325 1374 3436 1444 jam
3491 1375 3616 1430 Ari-

2041 1466 2249 1518 minum
2290 1467 2614 1535 pervenisse
2653 1483 2780 1521 cum
2817 1467 2996 1536 00piis
3024 1465 3404 1521 Romanorum
3449 1467 3616 1522 simul

2040 1565 2093 1612 et
2127 1557 2525 1621 barbarorum,
2566 1557 2855 1612 confestim
2891 1559 3166 1614 Honorius
3213 1559 3280 1613 ad
3329 1573 3455 1613 eum
3490 1568 3613 1612 tan-

2038 1663 2200 1717 quam
2231 1648 2617 1719 imperatorem
2649 1650 2862 1704 litteras
2892 1649 3066 1716 dedit,
3091 1650 3390 1719 missisque
3419 1649 3615 1719 legatis

2040 1738 2109 1794 iis
2139 1738 2236 1808 qui
2267 1739 2323 1792 in
2355 1740 2532 1810 ipsius
2567 1740 2771 1818 palatio
2801 1738 3110 1810 praecipuas
3140 1738 3438 1810 dignitates
3465 1753 3615 1808 gere-

355 1802 520 1878 τόπον
559 1802 773 1880 ἐλέσθαι
804 1827 863 1880 ὃν
907 1802 1176 1897 βούλεται,
1218 1828 1312 1880 καὶ
1342 1827 1466 1882 καθ’
1487 1802 1677 1882 ἐαυτὸν
1703 1802 1925 1897 διάγειν,

2038 1802 2200 1893 bant,
2245 1802 2397 1884 illum
2432 1802 2650 1900 imperii
2685 1802 3008 1886 consortem
3050 1802 3284 1884 libenier
3317 1844 3377 1884 se
3410 1802 3612 1888 habere

356 1917 539 1988 πάσης
582 1918 868 1990 βασιλικῆς
921 1920 1215 1991 θεραπείας
1259 1919 1598 1990 ἀξιούμενον.
1633 1919 1728 1983 Εἰς
1776 1919 1934 1973 τοῦτο

353 2007 410 2059 δὲ
437 2010 808 2079 περιστάντων
831 2011 939 2064 τῶν
969 2010 1328 2080 πραγμάτων,
1351 2009 1427 2072 ὡς
1454 2010 1748 2080 εὐπρεπεῖς
1769 2009 1932 2062 αὐτὸν

353 2097 497 2168 ἔχειν
544 2100 708 2164 ναῦς,
761 2103 848 2166 ἶν’,
891 2103 1242 2172 είδεήσειεν,
1280 2102 1602 2175 ἀποπλεύσῃ
1651 2103 1786 2174 πρὸς
1842 2103 1931 2155 τὸν

354 2189 688 2258 ἀδελφιδοῦν,
723 2192 994 2262 ἀδοκήτων
1036 2193 1094 2244 ὲν
1149 2191 1208 2258 ἓξ
1261 2192 1517 2264 ἀριθμοῖς
1554 2194 1696 2263 ἀμφὶ
1737 2209 1931 2266 τετρα-

353 2281 607 2352 κισχίλιοι
656 2283 980 2354 στρατιῶται
1043 2283 1260 2355 νύκτωρ
1317 2287 1383 2356 τῇ
1442 2283 1702 2356 Ῥαϐέννῃ
1761 2301 1930 2355 προσ-

353 2374 624 2428 έπλευσαν
657 2375 720 2428 ἐκ
767 2375 865 2444 τῆς
902 2375 1192 2444 ’Δνατολῆς
1219 2393 1232 2406 ο
1277 2373 1359 2440 οἷς
1383 2376 1481 2446 τὴν
1535 2375 1778 2447 φυλακὴν
1823 2376 1929 2429 τῶν

352 2464 546 2533 τειχῶν
581 2464 869 2535 ἐπέτρεψε,
897 2464 1084 2528 δεδιὼς
1112 2465 1220 2518 τῶν
1244 2465 1553 2536 ἐπιχωρίων
1583 2465 1930 2536 στρατιωτῶν

351 2553 412 2606 τὸ
438 2553 654 2623 ἕτοιμον
689 2555 767 2617 είς
792 2554 1100 2625 προδοσίαν.
1137 2557 1224 2608 Ἐν
1254 2555 1427 2626 τούτῳ
1452 2556 1508 2609 δὲ
1539 2556 1928 2625 Ἠρακλειανδς

353 2643 558 2696 ἀνελὼν
583 2643 674 2697 τὸν
699 2643 1030 2697 Κώνσταντα
1057 2686 1071 2710 ,
1121 2645 1367 2713 φύλακας
1397 2646 1694 2716 ἐπέστησεν
1731 2647 1788 2698 ἐν
1817 2649 1930 2710 τοῖς

351 2735 536 2804 λιμέσι
565 2737 660 2790 καὶ
696 2738 816 2799 ταῖς
852 2737 1046 2801 ἀκταῖς
1078 2737 1180 2808 τῆς
1220 2738 1514 2810 Ἀφρικῆς,
1546 2739 1640 2792 καὶ
1665 2737 1734 2791 τὰ
1771 2738 1929 2792 πλοῖα

313 2825 315 2828 ’
349 2830 457 2884 τῶν
485 2831 740 2900 ἐμπόρων
767 2827 1038 2884 ἐκώλυσεν
1068 2833 1146 2892 εἰς
1183 2830 1398 2902 Ῥώμην
1417 2830 1729 2900 ἀνάγεσθαι.
1753 2831 1924 2902 Λιμοῦ

350 2921 406 2974 δὲ
463 2922 710 2976 ἐντεῦθεν
757 2923 1149 2988 καταλαϐόντος
1206 2925 1331 2988 τοὺς
1388 2923 1691 2994 Ῥωμαίους
1719 2965 1734 2988 ,
1795 2943 1928 2997 πρε-

352 3013 634 3070 σϐεύονται
691 3016 818 3086 περ)⁸
849 3016 1039 3070 τούτου
1095 3019 1230 3089 πρὸς
1272 3017 1550 3070 Ἄτταλον.
1603 3017 1659 3069 Ὁ
1700 3017 1756 3070 δὲ
1792 3016 1928 3088 πρὸς

2035 1920 2382 1990 significavit.
2435 1919 2632 1977 Verum
2701 1919 2925 1974 Attalus
2990 1919 3337 1974 consortium
3388 1917 3610 1987 quidem

2034 2011 2248 2080 imperii
2307 2012 2588 2066 recusavit
2639 2029 2652 2065 :
2703 2009 2950 2065 Honorio
3002 2018 3187 2064 autem
3237 2007 3502 2078 scripsit,
3553 2015 3612 2060 ut

2033 2103 2270 2156 insulam
2312 2109 2410 2154 aut
2449 2101 2618 2156 alium
2656 2117 2816 2172 quem
2858 2100 3022 2155 vellet
3055 2101 3234 2154 locum
3276 2099 3381 2154 sibi
3409 2097 3610 2166 deligeo

2030 2199 2148 2253 ret,
2193 2190 2248 2243 in
2303 2203 2414 2258 quo
2461 2190 2710 2258 privatus
2740 2190 2998 2259 degeret,
3050 2188 3202 2250 omni
3251 2188 3610 2258 imperatorio

2029 2280 2181 2336 cultu
2229 2281 2592 2337 nihilominus
2638 2289 2872 2337 retento.
2922 2279 3063 2336 Dum
3109 2281 3167 2335 in
3219 2295 3287 2337 eo
3326 2288 3476 2335 statu
3518 2295 3611 2335 res

2029 2382 2216 2428 essent
2249 2371 2502 2439 Honorii,
2555 2380 2612 2426 ut
2642 2379 2866 2441 paratas
2897 2372 3126 2427 haberet
3166 2387 3333 2429 naves
3355 2411 3371 2437 ,
3405 2372 3611 2441 quibus

2031 2463 2099 2517 ad
2136 2463 2322 2518 fratris
2359 2462 2529 2518 ﬁlium
2565 2464 2850 2533 navigaret
2885 2464 2930 2520 si
2968 2465 3276 2521 necessitas
3310 2465 3606 2534 coegisset.

2031 2567 2192 2611 noctu
2257 2570 2354 2611 sex
2402 2556 2655 2622 numeri,
2698 2563 2940 2625 quatuor
2999 2555 3226 2610 circiter
3270 2562 3606 2609 armatorum

2030 2648 2200 2704 millia
2233 2646 2602 2712 continentes,
2634 2662 2701 2702 ex
2733 2645 2978 2704 Orientis
3004 2647 3258 2716 partibus
3289 2645 3605 2700 Ravennam

2030 2737 2315 2806 insperato
2363 2737 2650 2808 appulere.
2702 2735 2914 2802 Quibus
2957 2736 3048 2798 ille
3084 2751 3369 2796 murorum
3420 2743 3608 2791 custoo

2029 2827 2174 2882 diam
2208 2828 2520 2892 commisit.
2559 2826 2821 2884 Italorum
2854 2827 3093 2887 militum
3119 2826 3335 2882 animos
3374 2825 3442 2878 ad
3477 2841 3607 2895 pro-

2029 2918 2293 2974 ditionem
2319 2933 2628 2990 propensos
2651 2917 3044 2979 reformidans.
3070 2916 3284 2972 lnterea
3319 2915 3604 2970 Heraclia-

2029 3024 2155 3076 nus,
2192 3009 2377 3066 occiso
2402 3009 2740 3076 Constante,
2796 3009 2851 3062 in
2895 3008 3164 3078 portubus
3208 3022 3274 3062 ac
3323 3007 3606 3061 littoribus

349 3104 410 3157 τὺ
444 3101 718 3176 πρακτέὸν
752 3109 1050 3179 ἀμηχανῶν
1073 3150 1087 3174 ,
1123 3109 1422 3179 ἐπανῆλθεν
1447 3110 1526 3172 εἰς
1578 3106 1816 3179 Ῥώμην,
1848 3107 1922 3172 ὼς

2030 3100 2230 3172 Africa:
2277 3101 2536 3157 custodes
2583 3103 2870 3170 apposuit,
2925 3107 2979 3157 et
3033 3107 3400 3160 mercatorum
3434 3113 3606 3153 naves

351 3200 491 3268 μετὰ
523 3203 620 3270 τῆς
651 3201 952 3272 συγκλήτου
998 3201 1551 3272 συμϐουλευσόμενος.
1602 3203 1925 3272 Ἐπικρατή·

350 3307 539 3353 σαντος
588 3291 646 3344 δέ
678 3293 772 3345 τοῦ
819 3293 979 3363 λιμοῦ
1031 3293 1124 3346 ἐπὶ
1172 3292 1465 3358 τοσοῦτον,
1514 3292 1590 3356 ὡς
1637 3293 1926 3357 καστάνοις

348 3383 468 3436 ἀντὶ
509 3383 656 3437 σίτου
713 3385 1056 3455 κεχρῆσθαι,
1107 3385 1472 3456 ὑπονοηθῆναι
1517 3384 1575 3440 δέ
1622 3402 1774 3448 τινας
1831 3385 1926 3438 καί⁹

346 3473 704 3544 ἀνθρωπίνων
749 3476 1160 3543 ἀπογεύσασθαι
1215 3475 1394 3545 κρεῶν
1425 3493 1441 3507 ο
1502 3475 1784 3546 Ἀλάριχος
1828 3476 1926 3546 μὲν

349 3563 698 3616 συνεϐούλευε
763 3566 1150 3629 πεντακοσίους
1209 3564 1517 3636 βαρϐάρους
1569 3566 1707 3618 κατά
1759 3566 1925 3637 Ἦρα-

347 3654 597 3710 κλειανοῦ
648 3655 884 3727 πέμπειν
910 3674 922 3687 ·
973 3659 1038 3728 τῇ
1088 3657 1145 3712 δὲ
1201 3653 1489 3727 συγκλήτῳ
1535 3656 1629 3710 καὶ
1687 3657 1927 3728 ’Δττάλῳ

347 3749 535 3814 ἐδόκει,
564 3749 638 3820 μὴ
661 3749 767 3804 δεῖν
797 3749 1150 3820 πιστευθῆναι
1193 3749 1488 3822 βαρϐάροις
1515 3748 1612 3820 τὴν
1641 3751 1922 3820 Ἀφρικὴν.

359 3841 514 3894 Ἐπεὶ
534 3840 593 3894 δὲ
619 3840 777 3911 δῆλον
801 3836 870 3912 ἦν
897 3841 987 3896 τὸν
1007 3842 1139 3894 Θεὸν
1163 3840 1546 3912 ἀντιπράττειν
1572 3843 1637 3912 τῇ
1667 3841 1922 3895 Ἀττάλου

347 3929 622 4002 βασιλείᾳ,
653 3929 879 3985 συνιδὼν
911 3929 1190 4002 Ἀλάριχος
1221 3929 1397 4000 μάτην
1430 3932 1612 3983 πονεῖν
1642 3931 1732 3983 ἐπί⁸
1750 3930 1926 4001 πράγ-

349 4038 478 4092 ματι
509 4024 608 4077 οὐκ
644 4026 701 4076 ἐν
747 4022 895 4094 αύτῷ
923 4024 1191 4093 κειμένῳ,
1253 4023 1556 4077 συντίθεται
1589 4024 1718 4094 περὶ
1752 4039 1921 4076 κατα-

345 4113 550 4178 λύσεως
575 4115 674 4185 τῆς
703 4113 866 4168 αὐτοῦ
891 4115 1065 4186 ἀρχῆς
1108 4114 1245 4184 πρὸς
1278 4114 1532 4184 ὐνώριον
1553 4155 1568 4178 ,
1597 4114 1919 4184 ὑποσχέσεις

344 4203 540 4258 λαϐὼν.
583 4205 808 4259 Πάντων
856 4205 1031 4258 τοίνυν
1086 4205 1446 4260 συνελθόντων
1512 4205 1620 4275 πρὸ
1667 4207 1767 4276 τῆς
1821 4207 1921 4258 πό-

343 4295 480 4359 λεως
508 4295 618 4366 (28)
637 4335 653 4361 ,
678 4295 996 4352 ἀποτίθεται
1027 4295 1286 4362 Ἄτταλος
1323 4296 1391 4349 τὰ
1423 4295 1664 4367 σύμϐολα
1696 4295 1796 4367 τῆς
1823 4297 1922 4367 βα-

347 4386 550 4450 σιλείας
572 4403 586 4418 ·
643 4387 1085 4442 συναποτίθενται
1130 4387 1186 4441 δέ
1215 4385 1312 4451 τὰς
1346 4385 1521 4452 ζώνας
1553 4387 1647 4440 καὶ
1673 4388 1722 4440 οἱ
1755 4388 1918 4442 αὑτοῦ

2027 3196 2255 3250 Romam
2286 3195 2542 3264 navigare
2571 3195 2763 3250 vetuit.
2803 3194 2920 3260 Qua
2957 3193 3025 3252 de
3062 3208 3234 3248 causa
3269 3207 3396 3247 cum
3435 3191 3605 3247 fames

2025 3289 2215 3344 urbem
2245 3302 2498 3358 premere
2523 3287 2810 3357 cmpisset,
2848 3285 3083 3340 Romani
3122 3285 3331 3356 legatos
3359 3283 3426 3337 ad
3460 3285 3608 3338 Atta-

2024 3381 2138 3440 lum
2191 3381 2413 3440 misere.
2461 3377 2560 3434 llle
2594 3379 2728 3449 quid
2760 3379 3034 3448 agendum
3082 3384 3230 3432 esset
3271 3376 3554 3446 ambigens
3586 3413 3602 3439 ,

2023 3473 2254 3531 Romam
2279 3473 2475 3536 rediit,
2509 3483 2766 3542 tanquam
2794 3488 2857 3528 ea
2885 3471 2956 3526 de
2986 3486 3047 3526 re
3076 3487 3203 3526 cum
3237 3479 3436 3527 senatu
3465 3486 3606 3525 con-

2024 3569 2294 3628 sulturus.
2327 3564 2504 3620 Porro
2526 3579 2652 3618 cum
2683 3564 2858 3620 fames
2889 3574 3177 3633 tantopere
3211 3562 3512 3628 crevisset,
3545 3574 3606 3616 ut

2025 3661 2174 3714 cives
2213 3658 2384 3712 tritici
2425 3657 2550 3732 loco
2573 3655 2854 3712 castaneis
2887 3661 3178 3712 uterentur
3199 3693 3214 3718 ,
3242 3659 3300 3708 et
3331 3651 3601 3722 quosdam

2023 3751 2294 3812 humanas
2325 3763 2522 3806 carnes
2551 3747 2864 3805 comedisse
2897 3745 3150 3817 suspicio
3175 3754 3326 3802 esset
3363 3763 3376 3800 :
3423 3743 3605 3799 Alari-

2023 3858 2123 3898 eus
2144 3842 2367 3912 quidem
2389 3839 2656 3898 suadebat
2679 3846 2740 3894 ut
2762 3839 3047 3911 quingenti
3076 3837 3299 3896 barbari
3333 3838 3602 3893 adversus

2023 3933 2410 3994 Heraclianum
2455 3933 2854 3992 mitterentur:
2896 3929 3114 3990 senatui
3157 3944 3286 3988 vero
3328 3937 3384 3983 et
3419 3928 3604 3983 Attalo

2022 4027 2202 4082 visum
2239 4035 2363 4090 est,
2404 4023 2648 4080 Africam
2691 4019 2947 4078 barbaris
2979 4019 3252 4075 committi
3287 4033 3394 4082 non
3439 4031 3604 4087 opor-

2021 4124 2159 4173 tere.
2194 4115 2330 4172 Cum
2368 4116 2537 4186 igitur
2585 4113 2936 4168 manifestum
2978 4117 3126 4166 esset
3162 4109 3335 4165 Deum
3367 4109 3602 4179 imperio

2023 4209 2189 4263 Attali
2227 4207 2532 4274 adversari,
2573 4204 3024 4270 animadvertens
3056 4201 3314 4257 Alaricus
3338 4239 3354 4264 ,
3389 4200 3602 4256 frustra

2021 4319 2084 4359 se
2112 4301 2362 4357 laborare
2391 4300 2448 4356 in
2489 4297 2710 4368 negotio
2738 4295 2888 4366 quod
2919 4295 2974 4351 in
2999 4310 3098 4352 sua
3127 4301 3398 4364 poteState
3431 4294 3598 4350 situm

2025 4410 2135 4450 non
2159 4403 2330 4456 esset,
2357 4392 2426 4446 de
2451 4388 2725 4445 abolendo
2749 4389 2868 4458 ejus
2890 4387 3127 4457 imperio
3157 4386 3459 4456 paciscitur
3475 4401 3599 4442 cum

342 4475 632 4545 ἄρχοντες,
696 4475 790 4526 καὶ
837 4474 1164 4546 συγγνώμην
1219 4477 1310 4528 ἐπὶ
1371 4478 1484 4540 τοῖς
1546 4476 1917 4548 συμϐεϐηκόσι

2030 4485 2296 4549 Honorio,
2352 4482 2457 4537 ﬁde
2504 4482 2574 4535 ab
2609 4481 2704 4536 illo
2735 4479 2894 4550 prius
2925 4486 3173 4548 accepta.
3204 4476 3446 4534 Proinde
3474 4492 3597 4531 cum

343 4565 495 4636 νέμει
525 4568 691 4618 πᾶσιν
734 4565 991 4638 Ὀνὼριος
1012 4606 1029 4632 ,
1064 4567 1294 4620 ἕκαστον
1323 4566 1465 4637 ἔχειν
1492 4567 1591 4637 τὴν
1618 4569 1783 4639 τιμὴν
1802 4569 1914 4640 (29)

337 4659 432 4712 καὶ
462 4655 562 4728 τὴν
590 4657 747 4721 ἀξίαν
769 4653 838 4730 ἦς
869 4659 1070 4729 προτοῦ
1114 4658 1533 4730 μετελάγχανεν.
1571 4662 1833 4727 Ἄτταλος
1861 4665 1918 4719 δὲ

337 4751 452 4818 ἅμα
486 4748 563 4818 τῷ
605 4749 760 4804 παιδὶ
806 4750 1074 4822 Ἀλαρίχῳ
1108 4754 1290 4822 συνῆν,
1343 4751 1442 4806 οὐκ
1485 4753 1550 4805 ἂν
1604 4753 1701 4806 οὐκ
1738 4755 1916 4823 ἀσφα-

337 4841 427 4904 λὲς
449 4840 561 4910 (30)
593 4839 729 4904 τέως
757 4841 1058 4913 ἡγούμενος
1079 4844 1136 4896 ἐν
1186 4842 1476 4912 Ῥωμαίοις
1504 4841 1729 4910 διάγειν.

2019 4575 2264 4632 universi
2297 4585 2446 4630 extra
2486 4573 2678 4628 urbem
2714 4569 3140 4634 convenissent,
3194 4567 3410 4624 Attalus
3460 4568 3598 4623 insi-

2021 4670 2146 4739 gnia
2181 4665 2392 4737 imperii
2441 4663 2742 4734 deposuit:
2787 4661 2955 4716 simul
3000 4660 3167 4716 etiam
3211 4659 3442 4714 comites
3478 4658 3600 4728 ejus

2022 4759 2238 4829 cingula
2275 4757 2674 4827 deposuerunt.
2747 4752 2812 4807 Et
2852 4751 3134 4808 Honorius
3194 4750 3598 4822 praeteritorum

2031 4853 2245 4908 veniam
2299 4848 2560 4903 omnibus
2611 4844 2918 4909 concessit,
2959 4845 3034 4900 ita
3086 4854 3147 4898 ut
3199 4857 3326 4900 eum
3371 4842 3600 4898 honoris

335 4935 565 5007 gradum
594 4937 1163 5009 eamquedignitatem
1189 4937 1352 5009 375
1374 4939 1912 5011 singuliretinerent,
1955 4966 2119 5021 quam
2168 4946 2320 5016 prius
2365 4944 2656 4999 habebant.
2697 4941 2916 4997 Attalus
2943 4955 3076 4996 vero
3115 4954 3225 4994 una
3298 4955 3422 4995 cum
3487 4939 3600 4995 filio

1511 5053 1776 5111 VALESH
1832 5058 2387 5121 ANNOTATIONES.

341 5195 622 5271 ut_sc_rjbit_
643 5192 896 5271 Zosimus
930 5196 982 5271 in
1022 5195 1116 5250 lib.
1146 5212 1218 5251 tv.
1248 5195 1507 5271 Syuesiiis
1551 5200 1603 5255 in
1636 5201 1796 5271 epist.
1822 5202 1914 5270 73,

341 5265 410 5339 ad
474 5263 748 5339 troitum,
805 5265 1158 5339 διατάγματα
1202 5263 1364 5322 vocat
1423 5269 1612 5324 Edicta
1657 5263 1917 5339 imperia;

343 5335 436 5406 tia.
478 5333 576 5388 Ubi
645 5339 784 5390 inter
849 5333 1094 5406 leges'et
1147 5337 1456 5406 imperiales
1497 5333 1917 5397 constitutiones

341 5403 444 5479 hoc
476 5405 680 5460 discrin
706 5423 770 5459 cu
813 5403 1071 5479 observat,
1087 5403 1238 5479 quod
1265 5409 1470 5479 legibus
1493 5410 1709 5479 quidem
1729 5422 1918 5466 aucto-

343 5475 477 5529 ritas
509 5491 572 5530 cx
599 5486 867 5531 vetustate
899 5475 1182 5531 conciliari
1212 5475 1350 5531 solet
1377 5496 1390 5543 ;
1421 5475 1916 5536 constitutionibus

340 5559 554 5620 veroex
577 5549 854 5620 novitate,
895 5549 1098 5620 quippe
1121 5562 1240 5617 qua:
1289 5548 1676 5620 imperatorem
1728 5552 1904 5620 ipsum

340 5614 520 5686 adhuc
541 5615 807 5672 viventem
837 5614 1146 5686 praafe'rant.

345 5749 359 5762 .
413 5682 524 5754 (28)
550 5682 972 5762 {ursgomztwr
996 5685 1110 5762 πρὸ
1136 5684 1256 5762 ςῆς
1273 5688 1908 5762 Δπόλεως..Νἱίξεξιδιιοιηιε

343 5755 395 5805 in
425 5767 544 5825 cap.
580 5755 650 5809 35
689 5758 762 5812 lib
813 5772 931 5823 xm,
962 5756 1071 5826 πρὸ
1103 5755 1200 5828 τῆς
1233 5756 1454 5830 ΙἌφρων
1482 5760 1684 5824 πόλεως
1707 5755 1904 5828 Ἰιτιὺοι,

2023 5211 2306 5278 corrupte_
2343 5202 2534 5272 procul
2575 5202 2768 5278 dubio.
2805 5200 3026 5272 Langus
3064 5197 3312 5278 quideq_
3335 5198 3500 5252 vertit
3528 5197 3594 5250 ait

2024 5267 2215 5332 urbem
2273 5267 2610 5328 Ravennam.
2646 5271 2902 5328 Zosimus
2927 5267 3111 5328 tamen
3155 5269 3211 5326 in
3258 5267 3399 5328 libro
3437 5280 3596 5322 sexto

2022 5344 2507 5416 Ariminumdicit,
2537 5345 2628 5416 cui
2654 5343 2836 5413 potius
2860 5342 3046 5416 credo.
3114 5411 3124 5416 _
3243 5407 3272 5416 _
3345 5406 3355 5416 .

2094 5416 2206 5484 (‘29)
2269 5403 2576 5467 "Exaaror
2609 5403 2772 5481 ἔχειν
2822 5411 2940 5484 τὴν
2991 5411 3189 5484 τιιιήρς.
3241 5404 3430 5484 scribe
3462 5403 3574 5484 ὦσθ

2022 5476 2249 5540 ἕκαστον
2278 5483 2444 5553 ἔχειν,
2479 5491 2611 5546 etc.,
2643 5476 2707 5538 ut
2731 5476 2924 5553 legitur
2952 5476 3096 5550 apud
3129 5477 3502 5546 Nicephorum
3535 5476 3592 5530 in

2015 5570 2138 5609 can.
2167 5553 2236 5607 55
2264 5554 2359 5606 lin.
2392 5568 2508 5606 χιιι.

2392 5571 2636 5677 χάιιῖὀὺκ
2687 5618 2982 5693 ἀσφαίλές.
3023 5614 3273 5674 Delendae
3319 5623 3446 5672 sunt
3473 5614 3598 5670 dra:

2017 5689 2309 5752 vocesvot‘ax
2344 5693 2428 5751 ἄν.
2468 5701 2653 5762 utpote
2678 5689 2987 5762 Superﬂuaz.
3059 5734 3068 5745 .
