4050 6218
430 204 565 260 1619

1912 202 2258 261 SOZOM‘TZN!‘

3557 199 3712 270 esse
3735 213 3738 218 -

426 319 580 389 perio
623 332 726 374 suo
767 319 1042 390 adiunxit,
1070 336 1247 392 usque
1292 321 1365 377 ad
1405 330 1620 379 montes
1648 321 1740 393 qui
1775 322 2004 379 Galliam

2138 323 2316 391 ιεταξὺ
2357 322 2582 386 Ἰταλίας
2631 321 2726 376 καὶ
2776 319 3046 384 Γαλατίας
3079 320 3222 390 ὅρων
3278 331 3326 384 ι,
3372 318 3441 382 ἃς
3469 317 3707 380 Κοττίας

427 411 497 463 ab
528 409 682 462 italia
722 408 999 473 dividunt,
1027 427 1166 480 quas
1195 412 1427 467 Romani
1472 412 1682 470 Cottias
1704 413 1870 484 Alpes
1913 428 2009 469 no-

353 568 358 574 _
432 502 663 555 minant.
699 499 908 557 Deinde
945 501 1304 559 Constantem
1339 501 1508 575 tilium
1541 521 1701 560 suum
1747 506 2009 576 majorem

350 585 357 617 ί
433 604 588 653 natu.
609 608 768 662 quem
800 603 984 663 postea
1015 593 1322 665 Augustum
1359 595 1588 660 ereavit,
1622 605 1755 651 tunc
1783 596 2012 652 Caesaris

381 667 391 679 ’
431 683 698 755 dignitate
747 695 1028 752 ornatum,
1068 687 1221 742 misit
1271 687 1325 742 in
1373 684 1713 757 Hispaniam.
1739 685 1845 753 Qui
1886 701 2013 742 cum

432 776 927 851 eamprovinciam
961 784 1313 847 occupasset,
1348 785 1592 834 rectores
1629 777 1740 832 illic
1783 791 2011 832 suarum

433 867 672 934 partium
725 865 1024 920 constituit
1059 885 1072 921 :
1111 873 1166 920 et
1208 865 1496 937 Didymum
1551 881 1615 922 ac
1654 865 2013 921 Verinianum

436 953 660 1009 Honorii
688 955 1050 1026 propinquos,
1069 958 1286 1012 vinctos
1317 957 1386 1012 ad
1415 972 1474 1012 se
1503 957 1705 1011 adduci
1736 957 2011 1026 praecepit.

437 1046 500 1101 lli
535 1063 659 1102 cum
701 1056 862 1103 antea
891 1047 1036 1101 inter
1070 1063 1130 1103 se
1179 1047 1541 1112 «lissiderent,
1593 1048 1923 1117 simulatque
1958 1047 2012 1100 in

435 1140 742 1208 periculum
778 1150 1070 1207 venerunt,
1107 1140 1174 1195 ad
1225 1140 1517 1211 pristinam
1563 1139 1843 1194 redierunt
1882 1153 2016 1192 cou-

436 1228 681 1284 cordiam
733 1247 745 1282 :
795 1237 850 1284 et
902 1229 1126 1285 collecta
1197 1231 1532 1284 rusticorum
1602 1243 1666 1282 ac
1728 1241 2014 1284 servorum

435 1333 774 1385 manu,cum
814 1319 1004 1389 copias
1048 1334 1179 1376 snas
1226 1318 1564 1389 iunxissent,
1605 1333 1846 1390 pugnam
1893 1328 2019 1371 con-

437 1419 732 1465 seruerunt
757 1411 812 1464 in
839 1409 1148 1474 Lusitania,
1186 1411 1502 1482 multosque
1533 1425 1602 1465 ex
1638 1409 1904 1464 militibus
1925 1408 2016 1478 qui

439 1500 506 1555 ad
539 1501 691 1570 ipsos
723 1501 1022 1572 capiendos
1057 1516 1086 1556 a
1121 1510 1361 1574 tyranno
1397 1501 1556 1558 missi
1591 1498 1830 1564 fuerant,
1859 1499 2018 1554 inter-

439 1591 712 1648 fecerunt.

1075 1703 1227 1760 CAP.
1269 1703 1386 1762 XII.

441 1817 532 1891 οε,
559 1817 911 1891 Τιιοοιιοειοιο
942 1828 994 1874 et
1026 1817 1263 1891 Laquio
1289 1833 1307 1870 .-
1335 1826 1390 1891 ρι
1423 1817 1487 1870 de
1517 1789 1760 1891 gentibus
1791 1816 2022 1891 γαιιάᾳ-

513 1889 686 1944 lorum
719 1899 766 1944 et
801 1886 1125 1944 Snevorumf
1147 1888 1282 1942 Item
1310 1886 1374 1941 de
1404 1886 1568 1942 morte
1603 1886 1809 1940 Atarici
1831 1926 1845 1950 ,
1880 1898 1928 1940 et
1962 1886 2024 1940 de

513 1959 641 2029 fuga
669 1960 1009 2013 Constantini
1040 1970 1088 2011 et
1128 1956 1438 2012 Constantis
1473 1966 1844 2025 tyrannorum.

513 2111 713 2166 Postea
750 2128 881 2168 vero
919 2127 1042 2166 cum
1081 2111 1388 2168 adversarii
1428 2112 1800 2168 auxiliaribus
1842 2114 2024 2184 copiis

444 2205 595 2260 aucti
627 2212 844 2269 essent,
877 2204 1145 2276 Didymus
1178 2214 1232 2260 et
1247 2203 1583 2260 Verinianus
1611 2206 1796 2275 capti,
1830 2213 1887 2262 et
1917 2221 2026 2261 una

444 2312 570 2353 cum
606 2298 878 2352 uxoribus
915 2295 1037 2353 suis
1073 2297 1336 2363 abducti,
1371 2314 1474 2353 nec
1507 2299 1682 2354 multo
1710 2308 1832 2370 post
1850 2300 2026 2356 inter-

444 2388 614 2459 empti
644 2397 796 2444 sunt.
855 2386 1260 2444 Tlteodosiolus
1288 2403 1419 2444 vero
1443 2397 1498 2445 et
1530 2388 1806 2461 Lagodius
1837 2407 2028 2446 eorum

444 2477 648 2536 fratres
670 2522 684 2544 ,
717 2479 813 2550 qui
854 2481 910 2534 in
944 2479 1067 2536 aliis
1099 2481 1408 2551 provinciis
1443 2479 1749 2552 degebant,
1789 2483 2030 2551 patriam

448 2585 609 2625 suam
651 2571 949 2640 reliquere.
999 2573 1079 2626 Ac
1122 2571 1532 2629 Theodosiolus
1570 2573 1794 2644 quidem
1835 2575 1892 2629 in
1929 2574 2037 2628 Ita-

448 2662 580 2716 liam
642 2662 896 2733 confugit
955 2663 1025 2718 ad
1073 2661 1379 2719 Honorium
1439 2665 1872 2733 imperatorem:
1926 2663 2032 2719 La-

447 2754 648 2823 godins
678 2769 812 2810 vero
849 2754 905 2808 in
930 2753 1176 2810 Orientis
1214 2762 1404 2825 partes
1427 2770 1488 2811 se
1513 2756 1724 2826 recepit
1754 2754 1824 2809 ad
1857 2755 2036 2812 Theo-

449 2843 688 2899 dosium.
736 2843 834 2899 His
880 2843 1052 2900 rebus
1101 2846 1312 2916 gestis,
1363 2844 1643 2901 Constans
1696 2845 1766 2902 ad
1815 2856 2031 2918 patrem

451 2951 710 2992 reversus
744 2943 871 3003 est,
907 2937 1142 2994 militum
1179 2953 1407 2994 suorum
1445 2938 1705 3008 praesidio
1739 2940 1804 2995 ad
1841 2949 2035 2996 custo-

451 3027 691 3084 diendos
736 3027 1131 3098 Hispaniarum
1179 3029 1366 3084 aditus
1417 3029 1749 3094 constituto;
1800 3030 2037 3100 petenti-

451 3118 674 3187 busque
705 3117 970 3186 Hispanis
1003 3126 1062 3171 ut
1087 3117 1211 3187 ejus
1244 3118 1431 3173 aditus
1460 3118 1715 3174 custodia
1744 3119 1900 3184 juxta
1934 3134 2034 3173 an-

453 3207 662 3279 tiquam
696 3206 1160 3262 consuetudinem
1199 3207 1338 3278 ipsis
1377 3209 1796 3276 concederetur,
1834 3225 2038 3280 nequa-

454 3314 620 3372 quam
660 3299 716 3354 id
758 3297 1030 3370 permisit.
1071 3297 1206 3365 Qum
1239 3298 1464 3370 quidem
1499 3315 1590 3356 res
1627 3315 1817 3356 earum
1860 3303 2038 3372 regio-

455 3405 590 3445 num
627 3387 830 3444 incolis
863 3402 1035 3444 causa
1067 3388 1224 3444 exitii
1262 3388 1621 3459 postmodum
1659 3389 1785 3444 fuit.
1821 3387 2036 3446 Fractis

457 3484 604 3536 enim
647 3481 1001 3537 Constantini
1044 3480 1293 3545 viribus,
1337 3488 1534 3552 gentes
1568 3481 1852 3546 barbarae,
1891 3481 2035 3536 Van-

460 3573 569 3630 dali
609 3575 866 3641 scilicet,
906 3572 1074 3630 Suevi
1115 3581 1174 3631 et
1223 3574 1426 3640 Alani,
1467 3584 1754 3646 resumpta
1795 3575 1993 3631 fiducia
2021 3612 2039 3641 ,

461 3665 753 3736 angustias
792 3665 916 3720 illas
954 3673 1343 3736 occuparunt:
1401 3669 1719 3739 multasque
1772 3668 1941 3724 urbes
1985 3677 2043 3723 et

461 3756 690 3811 castella
719 3754 1000 3826 Hispanias
1029 3768 1086 3812 et
1124 3757 1428 3813 Galliarum
1455 3799 1472 3824 ,
1511 3767 1566 3815 et
1605 3761 1826 3831 tyranni
1869 3759 2042 3814 duces

462 3861 530 3902 ac
565 3844 799 3905 comites
837 3863 1049 3919 cepere.
1100 3847 1502 3907 Constantinus
1551 3866 1717 3916 vero,
1766 3866 1896 3906 cum
1950 3866 2041 3907 res

462 3939 571 4010 ipsi
601 3955 668 3995 ex
701 3941 872 3996 animi
906 3943 1177 3998 sententia
1215 3943 1514 3998 succedere
1542 3941 1889 4006 viderentur,
1929 3941 2046 3999 ﬁlio

459 4028 766 4086 Constante
795 4045 863 4086 ex
893 4028 1129 4088 Caesaris
1159 4031 1429 4104 dignitate
1467 4031 1537 4087 ad
1560 4041 1861 4103 augustum
1899 4033 2019 4088 cul-

2117 415 2340 479 ¹¹Αλπεις
2387 415 2645 485 Ῥωμαῖοι
2678 411 2922 467 καλοῦσι.
2971 410 3308 466 Κώνσταντα
3334 410 3392 464 δὲ
3438 409 3531 464 τδν
3565 427 3707 483 πρε-

2115 507 2374 579 σϐύτερον
2429 507 2536 560 τῶν
2587 504 2753 560 αὑτοῦ
2811 505 2994 571 υἱέων,
3049 505 3110 559 ὃν
3158 503 3386 574 ὕστερον
3439 501 3710 572 βασιλέως

2115 596 2299 666 σχῆμα
2335 595 2569 658 ἐνέδυσε,
2602 594 2856 666 Καίσαρα
2882 592 3007 647 τότε
3057 594 3454 664 ἀναγορεύσας,
3488 591 3712 661 πέπομ-

2115 705 2214 758 φεν
2241 689 2320 751 είς
2347 687 2617 749 Σπανίας’
2653 687 2682 739 ὁ
2713 685 2793 752 δὲ,
2819 685 2882 739 τὸ
2927 683 3077 747 ἔθνος
3129 683 3478 749 καταλαϐὼν,
3509 684 3712 754 ἄρχον-

2113 795 2211 840 τας
2244 777 2407 840 ἰδίους
2439 775 2763 845 κατέστησε.
2811 773 2921 827 Καὶ
2967 773 3222 843 δεσμίους
3265 771 3414 843 αὐτῷ
3468 772 3711 843 ἀχθῆναι

2115 869 2411 942 προσέταξε
2457 869 2686 939 Δίδυμον
2736 866 2832 921 καὶ
2879 866 3218 938 Βερενιανὸν,
3263 865 3394 928 τοὺς
3439 864 3710 934 Ὀνωρίου

2119 949 2399 1032 συγγενεῖς
2417 978 2430 992 ·
2456 961 2504 1015 οἳ
2542 960 2610 1014 τά
2640 960 2836 1032 πρῶτα
2867 957 3247 1030 διαφερόμενοι
3287 956 3425 1028 πρὸς
3454 956 3714 1020 ἑαυτοὺς,

2117 1056 2198 1118 εἰς
2251 1054 2492 1109 κίνδυνον
2539 1052 2904 1116 καταστάντες
2953 1051 3306 1122 ὡμονόησαν·
3363 1049 3458 1102 καὶ
3499 1046 3714 1116 πλῆθος
3764 1095 3772 1100 ,

2117 1146 2387 1218 ἀγροίκων
2417 1147 2512 1200 καλ⁸
2546 1144 2772 1199 οἰκετῶν
2818 1143 3190 1208 συλλέξαντες,
3236 1142 3392 1210 κοινῇ
3437 1138 3581 1193 κατά
3608 1137 3714 1207 τὴν

2117 1237 2442 1291 Λυσιτανίαν
2485 1235 2876 1308 παρετάξαντο,
2923 1235 3020 1289 καὶ
3069 1233 3298 1296 πολλοὺς
3343 1230 3555 1286 ἀνεῖλον
3600 1227 3715 1282 τῶν

2118 1330 2197 1392 εἰς
2231 1327 2488 1399 σύλληψιν
2522 1327 2702 1382 αὐτῶν
2737 1325 3150 1381 ἀποσταλέντων
3181 1323 3332 1395 παρά
3369 1319 3467 1375 τοῦ
3502 1319 3716 1392 τυράν-

2120 1438 2210 1475 νου
2243 1419 2608 1494 στρατιωτῶν.

2717 1701 2970 1761 ΚΕΦΑΔ.
3010 1700 3104 1759 IB'.

2124 1812 2261 1884 Περὶ
2280 1812 2687 1884 ,Θεοδοσιὼγοη
2714 1811 2813 1884 καὶ
2831 1810 3138 1884 Λαγωδίου
3153 1825 3169 1842 ο
3190 1810 3322 1884 περὶ

2196 1878 2294 1938 ἆται
2352 1878 2612 1937 Σουΐϐωὑ·
2659 1881 2881 1936 ἐθνῶν·
2933 1881 3034 1935 καὶ
3094 1881 3228 1938 περὶ
3262 1878 3398 1934 ἢτοῦ
3451 1878 3726 1933 θανάτου

2209 1955 2539 2040 micat/toti.
2558 1952 2692 2040 Ital.
2706 1949 2981 2040 περὶτῆς
3013 1949 3211 2020 φυγῆς
3247 1949 3720 2005 [iuraras-tiret)

2196 2022 2295 2077 καὶ
2332 2019 2583 2076 Κώπστα
2621 2019 2739 2075 τῶν
2767 2019 3094 2090 τυράννων.

2202 2114 2357 2168 Μετά
2383 2113 2440 2167 δὲ
2480 2113 2653 2166 ταῦτα
2697 2113 3010 2184 συμμαχίας
3059 2111 3449 2183 προστεθείσης
3477 2113 3592 2174 τοῖς
3630 2111 3720 2162 tv-

2128 2206 2349 2270 αντίοις,
2377 2205 2788 2276 ἐζωγρήθησαν,
2819 2205 2913 2258 καὶ
2944 2204 3060 2275 ἅμα
3083 2206 3204 2268 ταῖς
3237 2203 3417 2258 αὐτῶν
3447 2205 3718 2272 γαμεταῖς

2130 2293 2474 2367 ἀπήχθησαν,
2501 2297 2595 2348 καὶ
2618 2295 2842 2366 ὕστερον
2872 2293 3237 2366 ἀνῃρέθησαν.
3287 2293 3376 2348 Ἐν
3420 2293 3641 2362 ἑτέραις
3665 2292 3718 2344 δὲ

2131 2387 2421 2458 ἐπαρχίαις
2449 2385 2815 2456 διατρίϐοντες
2839 2385 3194 2449 Θεοδοσίωλος
3217 2385 3316 2438 καὶ
3338 2384 3642 2453 Λαγώδιος,
3671 2383 3719 2434 οἱ

2133 2479 2310 2532 αὐτῶν
2357 2477 2613 2546 ἀδελφοὶ,
2659 2476 2918 2546 φεύγουσι
2967 2476 3064 2549 τὴν
3120 2477 3352 2546 πατρίδα
3377 2514 3390 2538 ,
3453 2475 3550 2528 καὶ
3603 2474 3721 2526 διαο

2136 2569 2417 2635 σώζονται,
2449 2568 2805 2633 Θεοδοσίωλος
2847 2569 2966 2640 μὲν,
3011 2570 3090 2633 είς
3131 2568 3359 2623 Ἰταλίαν
3387 2567 3523 2640 πρὸς
3555 2567 3723 2619 ’0νὼ-

2136 2679 2251 2734 ριον
2291 2663 2382 2716 τὸν
2428 2660 2670 2732 βασιλέα·
2708 2659 2988 2730 Λαγώδιος
3037 2661 3116 2726 δὲ,
3148 2660 3283 2731 πρὸς
3329 2659 3611 2714 Θεοδόσιον
3645 2659 3724 2723 εἰς

2148 2753 2457 2824 Ἀνατολήν.
2485 2754 2597 2808 Καὶ
2625 2753 2654 2806 ὁ
2693 2752 2791 2824 μὲν
2833 2750 3096 2815 Κώνστας
3139 2750 3310 2806 ταῦτα
3342 2748 3727 2820 διαπραξάμε-

2136 2863 2246 2912 νος,
2297 2844 2567 2916 ἐπανῆλθε
2612 2843 2750 2917 πρὺς
2769 2843 2860 2897 τὸν
2903 2843 3136 2915 πατέρα,
3173 2841 3416 2914 φρουρὰν
3447 2840 3726 2910 καταστή-

2140 2957 2237 3004 σας
2264 2939 2374 3009 (55)
2397 2939 2505 2998 ἀπὸ
2541 2937 2651 2992 τῶν
2693 2937 3037 3009 στρατιωτῶν
3080 2937 3176 3008 τῆς
3216 2937 3308 2990 ἐπὶ
3355 2936 3454 2998 τὰς
3483 2934 3728 2995 Σπανίας

2141 3031 2406 3103 παρόδου·
2463 3031 2529 3102 ἢν
2581 3029 2857 3100 δεομένοις
2903 3028 3134 3092 Σπάνοις
3195 3026 3338 3082 κατὰ
3383 3026 3443 3080 τὸ
3496 3026 3726 3097 ἀρχαῖον

2142 3122 2261 3186 ἐθος
2288 3121 2596 3190 φυλάττειν,
2627 3122 2726 3174 οὐκ
2760 3120 3077 3192 ἐπέτρεψεν.
3113 3122 3180 3174 ⁸⁸0
3213 3120 3308 3173 καὶ
3337 3119 3512 3172 αἴτιον
3534 3118 3723 3185 γέγονε

2144 3212 2282 3281 μετὰ
2330 3211 2501 3266 ταῦτα
2527 3212 2626 3282 τῆς
2663 3211 2932 3276 ἀπωλείας
2972 3210 3082 3265 τῶν
3110 3211 3258 3284 τῇδε.
3294 3209 3726 3277 Καταπεσούσης

2141 3301 2250 3373 γὰρ
2279 3302 2378 3372 τῆς
2410 3301 2820 3356 Κωνσταντίνου
2859 3301 3160 3372 δυνάμεως,
3195 3298 3552 3361 ἀναλαϐόντες
3595 3299 3723 3350 ἑαυ-

2141 3394 2267 3457 τοὺς
2307 3392 2601 3448 Οὺανδαλοί
2653 3411 2713 3446 τε
2764 3394 2856 3446 καὶ
2914 3391 3127 3446 Σούῖϐοι
3176 3391 3270 3446 καὶ
3307 3390 3546 3452 ’Δλανοὶ,
3593 3387 3722 3458 ἔθνη

2145 3485 2420 3556 βάρϐαρα,
2451 3484 2553 3555 τῆς
2586 3484 2820 3556 παρόδου
2863 3483 3195 3556 ἐκράτησαν,
3227 3483 3320 3536 καὶ
3353 3480 3524 3535 πολλά
3560 3477 3726 3548 φρούο

2146 3595 2236 3648 ρια
2281 3577 2376 3631 καὶ
2430 3577 2614 3641 πόλεις
2653 3577 2761 3631 τῶν
2801 3576 3067 3631 Ἱσπανῶν
3116 3575 3210 3630 καὶΙ
3260 3572 3518 3628 Γαλατῶν
3562 3567 3722 3636 εἷλον,

2142 3671 2390 3734 καὶτοὺς
2417 3671 2682 3742 ἄρχοντας
2732 3670 2825 3726 τοῦ
2871 3671 3136 3742 τυράννου
3158 3710 3171 3724 .
3223 3669 3632 3729 Κωνσταντῖνος
3673 3665 3728 3719 δὲ

2140 3761 2280 3826 τέως
2307 3761 2450 3816 κατὰ
2478 3761 2703 3832 γνώμην
2741 3761 3000 3835 πράττειν
3027 3760 3230 3826 δοκῶν,
3278 3760 3610 3815 Κώνσταντα
3638 3757 3729 3809 τὸν

2143 3854 2258 3910 υἱὸν
2284 3852 2407 3908 ἀντὶ
2450 3852 2728 3925 Καίσαρος
2761 3852 2987 3921 βασιλέα
3023 3852 3392 3922 καταστήσας,
3416 3848 3730 3903 ἐϐουλεύετο

2142 3943 2242 4015 τὴν
2282 3944 2509 3999 Ἰταλίαν
2542 3943 2899 3998 καταλαϐεῖν⁹
2937 3946 3031 3999 καὶ
3067 3942 3557 4016 παραμείψαςτάς
3596 3942 3732 3994 Κοτ-

2137 4036 2257 4100 τίας
2289 4036 2555 4102 Ἄλπεις,
2603 4031 2739 4108 ἦκεν
2791 4037 2872 4100 εἰς
2935 4035 3219 4107 Λιϐερῶνα
3281 4036 3433 4089 πόλιν
3479 4033 3592 4105 (56)
3633 4032 3733 4100 τῆς

1667 4169 1938 4226 VALESII
1979 4168 2533 4231 ANNOTATIONES.

535 4280 648 4404 $3.3)
683 4282 951 4350 Φρουρόν
983 4281 1396 4364 σιιιιτιιιιστήρνας.⁴
1437 4279 1800 4363 Scribendum
1850 4282 2030 4351 procul

535 4374 536 4401 ξ
563 4367 633 4404 uo
660 4360 745 4404 est
771 4354 1035 4404 ωοουοάν.
1077 4363 1135 4404 ut
1160 4355 1361 4404 lemtur
1394 4353 1534 4404 apud
1573 4351 1960 4404 Nicephorum.

2146 4282 2240 4338 lib.
2279 4299 2316 4338 ll
2360 4283 2435 4337 De
2478 4284 2698 4351 imperio
2735 4281 3089 4346 Occidentali,
3113 4282 3217 4338 ubi
3248 4295 3338 4336 res
3363 4289 3547 4350 gestas
3585 4276 3733 4334 Con-

2146 4354 2379 4404 stantini
2403 4371 2470 4404 ex
2500 4353 2808 4404 Sozomeno
2841 4361 3034 4404 nostro
3065 4351 3412 4404 describens.
3447 4350 3521 4403 ita
3548 4347 3692 4403 dicit
3719 4363 3732 4400 :

463 4350 638 4423 dubio
660 4360 745 4406 est
771 4354 1035 4423 φρουράν,
1077 4363 1135 4408 ut
1160 4355 1361 4422 legitur
1394 4353 1534 4423 apud
1573 4350 1960 4423 Nicephgrum.

535 4421 647 4491 (56)
684 4424 789 4488 Εἰς
810 4421 1109 4491 Αιϐερῶνα
1149 4423 1350 4491 πόλιν.
1397 4422 1640 4476 Orteiius
1678 4422 1732 4474 in
1767 4421 2037 4476 Thesauro

464 4490 810 4563 geographica
856 4490 1010 4563 putat
1043 4509 1164 4548 esse
1198 4490 1436 4563 Libarﬁna
1473 4491 1706 4560 Liguriae
1751 4492 2035 4563 oppidum,

466 4562 628 4630 cuius
677 4561 927 4617 meminit
976 4563 1186 4618 Plinius
1235 4577 1300 4616 ac
1352 4562 1700 4618 Ptolemaeus.
1753 4561 1862 4630 Ego
1906 4577 2038 4617 vero

465 4627 956 4703 veronampotius
989 4633 1216 4703 intelligi
1253 4631 1577 4703 crediderim
1601 4673 1617 4697 ,
1657 4627 2040 4703 quati—esthe-

466 4699 874 4774 netize‘civitas.
910 4702 1042 4757 Nam
1077 4699 1316 4757 Libarna
1361 4699 1622 4774 oppidum
1665 4699 1752 4774 est
1777 4702 2037 4772 ignobile,

467 4769 679 4843 nec_ab
731 4771 869 4843 ullis
912 4774 1058 4843 quod
1115 4774 1288 4843 sciam
1342 4769 1625 4843 historicis
1675 4769 2038 4843 celebratum,

468 4845 563 4893 aut
597 4838 740 4892 inter
768 4838 1020 4898 civitates
1058 4842 1411 4898 recensitum.
1444 4841 1664 4897 Verona
1695 4849 1876 4896 autem
1903 4841 2041 4895 civi-

467 4917 553 4964 tas
584 4907 987 4982 cst_admodutn
1012 4921 1327 4982 opportuna
1357 4912 1423 4982 ad
1457 4912 1658 4967 bellum
1690 4910 1990 4982 gerendum
2021 4927 2034 4963 :

469 4994 633 5047 qnam
664 4977 1239 5051 Constantinns'frcum
1275 4983 1328 5035 in
1356 4981 1565 5036 Italiam
1603 4997 1669 5037 ex
1693 4977 1870 5036 Gallia
1915 4995 2041 5051 pro-

473 5051 834 5123 ti‘i-isceretur,
866 5050 1068 5123 bellum
1101 5050 1373 5123 Maxentio
1409 5052 1681 5123 illaturus,
1722 5050 2042 5123 occupavit.

469 5119 582 5175 Nec
613 5120 797 5176 obstat
828 5121 976 5188 quod
1002 5120 1236 5190 Liguria:
1268 5122 1402 5176 urbs
1423 5121 1628 5176 dicitur
1653 5138 1682 5175 a
1715 5119 2045 5176 Sozm'neno.

472 5191 661 5246 Solent
689 5191 836 5244 enim
869 5191 1042 5246 Graeci
1077 5205 1204 5244 cum
1237 5191 1305 5246 de
1340 5191 1502 5246 rebus
1536 5190 1908 5246 Occidentalis
1941 5191 2044 5245 im-

469 5261 610 5329 perii
644 5261 964 5331 loquuntur,
997 5275 1190 5331 parum
1221 5268 1479 5331 accurate
1506 5263 1819 5330 provincias
1845 5262 2046 5317 distin-

469 5346 660 5399 gnere.
714 5329 1229 5403 Opinioni‘nostra:
1286 5329 1621 5400 suffragatur
1683 5331 1940 5401 Sigonius
1990 5332 2046 5384 in

2146 4354 2380 4408 stantini
2403 4371 2470 4409 ex
2500 4347 2808 4408 sozomeno
2841 4361 3034 4408 nostro
3065 4347 3412 4413 describens,
3447 4350 3521 4403 ita
3548 4347 3692 4403 dicit
3719 4363 3732 4400 :

2145 4422 2277 4478 Hos:
2310 4439 2400 4491 spe
2435 4425 2583 4478 inani
2624 4424 2796 4478 elatus
2817 4439 2971 4492 posse
3012 4438 3066 4477 se
3106 4421 3329 4476 Italiam
3359 4434 3640 4492 occupare,
3671 4418 3734 4472 ab

2148 4489 2428 4548 Etlobicho
2467 4494 2691 4548 Honorii
2724 4489 2973 4563 praifecto
3019 4494 3178 4563 tacite
3230 4491 3541 4552 accersitus,
3573 4489 3734 4558 Alpes

2147 4565 2436 4634 superavit.
2479 4563 2673 4620 Verum
2722 4560 2791 4617 ad
2837 4560 3021 4618 urbem
3085 4560 3732 4634 Veronamiprogrcssus.

2149 4651 2267 4688 cum
2302 4634 2511 4688 Padum
2564 4635 2979 4688 transmissurus
3025 4642 3180 4696 esset,
3233 4633 3512 4700 inopinata
3566 4640 3738 4682 morte

2151 4704 2416 4759 Eltobichi
2436 4705 2640 4767 audita,
2672 4705 2857 4758 statim
2885 4719 3133 4773 converso
3155 4704 3363 4773 agmine
3397 4700 3730 4773 retrocessit.

2149 4778 2220 4828 At
2251 4775 2538 4831 Cluverius
2583 4775 2638 4828 in
2692 4775 2834 4829 libro
2881 4789 2898 4828 ι
2943 4772 3123 4828 Italia:
3161 4770 3430 4843 antiquae,
3477 4785 3609 4843 _cap.
3637 4770 3731 4830 25.

2150 4845 2476 4902 Liberonem
2511 4845 2771 4915 oppidum
2796 4884 2810 4908 ,
2853 4843 3016 4915 cujus
3052 4844 3140 4915 hic
3177 4840 3428 4915 meminit
3471 4840 3736 4915 Sozome-

2151 4932 2290 4979 ntts,
2325 4909 2566 4984 aitiesse'
2587 4909 2738 4969 "illud
2789 4909 2941 4984 quod
2989 4914 3172 4984 hodie
3202 4911 3414 4984 vulgari
3466 4909 3736 4984 vocabulo

2151 4985 2354 5041 dicitur
2415 4983 2692 5051 Yiverone,
2743 4979 2906 5040 sit'um
2955 4985 3098 5039 inter
3130 4979 3496 5051 Vercellasiet
3527 4979 3736 5048 Epoce-

2150 5057 2320 5111 diam.
2356 5055 2562 5110 Eorum
2613 5050 2796 5110 autem
2846 5053 3214 5118 sententiam,
3261 5052 3358 5121 qui
3413 5050 3732 5121 Libarnam.

2144 5126 2346 5198 veteris
2400 5125 2663 5198 Liguriae
2695 5123 2967 5198 oppidum
3025 5139 3056 5178 a
3113 5117 3478 5198 Sozomenolh
3504 5117 3733 5198 intelligi

2144 5189 2569 5320 existiggadrunt,
2632 5189 2793 5251 docte
2858 5193 3061 5258 ibidem
3149 5192 3358 5250 refutat
3418 5189 3730 5251 Cluverius.

2148 5281 2266 5320 ηας.
2425 5306 2436 5318 .

2146 5281 2266 5338 pag.
2311 5281 2436 5320 nos.

1931 5465 2316 5523 VARIORUM.

557 5579 573 5602 ‘
626 5582 720 5642 Sic
765 5597 818 5646 et
872 5585 1219 5660 Stephanus,
1282 5600 1596 5660 quanquam
1649 5583 1902 5642 Valesius
1963 5584 2044 5642 sic
2085 5585 2478 5658 interpretatur
2510 5585 2666 5656 quasi
2699 5584 2925 5658 leg-isset
2950 5582 3114 5654 ὀρῶν.
