4050 6218
473 233 608 294 1621

1457 233 1778 290 HISTORIA
1815 229 2437 289 ECCLESIASTICA.—
2462 230 2590 286 LIB.
2622 232 2712 287 IX.

3596 235 3739 292 {6‘22

471 353 791 427 Λιγουριαςο
826 351 1031 424 μέλλων
1084 351 1140 405 δὲ
1194 351 1546 423 περαιοῦσθαι
1604 353 1696 405 τὸν
1751 349 2047 422 Ἠριδανὸν¹

2160 364 2283 404 men
2312 356 2503 404 evecto
2523 389 2537 412 ,
2572 349 2781 404 Italiam
2811 365 3084 420 occupare
3111 367 3405 424 aggressus
3433 359 3539 409 est.
3570 351 3735 409 Cum-

472 451 573 520 τὴν
629 447 798 517 αὐτὴν
850 444 968 499 ὁδὸν
1015 443 1343 515 ἀνέστρεψε,
1396 443 1581 512 μαθὼν
1622 443 1713 496 τὸν
1770 443 2053 513 Ἀλαϐίχου

473 539 702 596 θάνατον
727 537 875 607 (57)·
911 535 970 589 ὃν
1019 535 1084 606 δὴ
1129 535 1431 607 στρατηγδν
1472 536 1728 606 Ὀνωρίου
1779 534 1926 599 ὄντα,
1961 536 2056 588 καὶ

474 629 713 682 ὕποπτον
767 627 843 691 ὡς
883 625 1276 697 Κωνσταντίνῳ
1313 626 1834 697 πραγματευόμενον
1876 627 2055 678 πᾶσαν

471 721 572 790 τὴν
605 719 740 790 πρὸς
783 718 882 788 τὴν
913 717 1072 770 Δύσιν
1117 717 1432 788 ἡγεμονίαν,
1458 717 1809 788 ἀναιρεθῆναι
1858 716 2054 787 συνέϐη

469 810 614 876 τότε,
655 809 1066 880 προηγούμενον
1109 807 1186 871 ὡς
1225 807 1345 872 ἔθος
1374 808 1685 871 ἐπανιόντος
1717 810 1782 862 ἐκ
1831 807 2054 880 προόδου

467 901 613 964 τινὸς
638 900 732 954 τοῦ
763 898 1111 970 κρατοῦντος.
1155 898 1347 953 Ἠνίκα
1375 897 1440 968 δὴ
1473 898 1565 952 καὶ
1607 901 1636 952 ὁ
1671 899 1923 969 βασιλεὺς
1959 899 2056 952 αὺ-

469 991 598 1045 τίκα
649 989 744 1044 τοῦ
795 991 961 1045 ἵππου
1014 989 1247 1054 ἀποϐὰς,
1294 988 1532 1060 δημοσίᾳ
1556 989 1949 1060 εὐχαριστήρια
1977 987 2056 1058 τῷ

469 1082 590 1152 Θεῷ
617 1081 840 1154 ηὔξατο,
885 1083 962 1146 ὡς
1013 1080 1324 1153 προφανοῦς
1370 1080 1658 1134 ἐπιϐούλου
1701 1078 2052 1148 ἀπαλλαγείς.

423 1237 432 1252 π
470 1175 876 1238 Κωνσταντῖνος
917 1174 974 1227 δὲ
1007 1172 1253 1241 φεύγων,
1297 1174 1398 1244 τὴν
1425 1171 1723 1244 Ἀρήλατον
1767 1170 2052 1236 κατέλαϐε,

470 1265 612 1320 κατὰ
661 1265 853 1320 ταυτὸν
889 1265 946 1319 δὲ
988 1267 1082 1320 καὶ
1119 1263 1380 1328 Κώνστας
1417 1266 1446 1317 ὁ
1482 1262 1647 1316 αὐτοῦ
1679 1264 1806 1326 παῖς
1840 1261 2056 1332 φεύγων

471 1358 535 1411 ὲκ
561 1360 658 1428 τῆς
693 1357 986 1421 Ἱσπανίας.
1030 1355 1463 1428 Καταπεσούσης
1495 1355 1604 1426 γὰρ
1637 1354 1736 1426 τῆς
1769 1355 2058 1408 Κωνσταν-

469 1448 614 1502 τίνου
647 1448 948 1518 δυνάμεως,
1007 1447 1361 1510 ἀναλαϐόντες
1395 1447 1618 1510 ἑαυτοὺς
1664 1445 1954 1500 Ούανδαλοί
1995 1463 2054 1499 τε

471 1539 566 1593 καὶ
594 1538 824 1604 Σούῖϐοι,
855 1539 949 1592 καὶ
981 1539 1210 1603 Ἀλανοὶ,
1243 1537 1446 1609 σπουδῇ
1489 1537 1552 1591 τὸ
1588 1538 1890 1608 Πυρηναῖον
1931 1537 2056 1608 ὅρος

2157 456 2263 511 que
2294 441 2460 510 Alpes
2488 441 2701 496 Cottias
2731 451 3083 510 superasset,
3116 439 3395 498 Veronam
3426 443 3604 508 venit,
3641 459 3736 497 ur-

2155 530 2278 585 bem
2331 529 2592 600 Liguriae.
2623 531 2789 601 378
2823 529 3043 586 Etcum
3097 529 3306 586 Padum
3352 547 3571 587 amnem
3621 532 3733 601 jam

2135 621 2494 691 'trajecturus
2522 618 2700 686 esset,
2737 622 2926 677 eadem
2961 639 3070 693 qua
3103 632 3326 678 venerat
3356 623 3443 677 via
3479 637 3736 678 reversus

2155 721 2272 780 est,
2303 723 2587 784 comperta
2622 724 2796 771 morte
2825 716 3049 771 Alarici.
3081 715 3184 783 Qui
3216 731 3344 770 cum
3387 724 3535 772 esset
3565 717 3738 786 magi-

2157 814 2270 862 ster
2324 807 2563 862 militum
2618 807 2886 874 Honorii,
2949 823 3124 879 eoque
3177 807 3398 864 nomine
3447 815 3738 877 su5pectus

2156 899 2302 969 quod
2330 901 2648 956 universum
2673 898 2992 957 Occidentis
3013 900 3303 971 imperium
3339 900 3394 954 in
3420 899 3741 955 Constanti-

2155 1006 2288 1044 num
2326 991 2637 1048 transferre
2667 993 2868 1058 vellet,
2908 999 3041 1047 tunc
3074 991 3221 1046 forte
3252 990 3478 1046 occisus
3522 990 3701 1045 fuerat
3737 1032 3751 1053 ,

2155 1096 2279 1135 cum
2306 1081 2692 1152 imperatorem
2716 1099 2783 1138 ex
2812 1098 3075 1154 processu
3099 1083 3419 1138 redeuntem
3442 1122 3456 1148 ,
3482 1089 3543 1137 ut
3570 1082 3741 1136 moris

2156 1182 2277 1237 est,
2312 1173 2692 1229 antecederet.
2731 1175 2853 1241 Quo
2883 1175 3101 1246 quidem
3132 1183 3383 1245 tempore
3418 1175 3740 1244 imperator,

2156 1265 2413 1334 protinus
2439 1281 2506 1319 ex
2533 1281 2675 1335 equo
2704 1265 2998 1330 desiliens,
3027 1267 3210 1336 palam
3243 1267 3451 1335 gratias
3475 1265 3586 1336 egit
3609 1265 3739 1332 Deo,

2157 1354 2303 1423 quod
2337 1355 2631 1411 manifesto
2665 1356 2995 1412 insidiatore
3027 1367 3177 1412 esset
3225 1356 3514 1412 liberatus.
3567 1357 3742 1412 Porro

2154 1446 2564 1504 Constantinus
2616 1446 2840 1519 fugiens
2905 1448 3190 1503 Arelatum
3244 1462 3303 1502 se
3366 1447 3607 1518 recepit;
3650 1461 3742 1501 eo—

2156 1538 2394 1609 demque
2432 1549 2683 1610 tempore
2718 1541 2868 1598 filius
2899 1541 3020 1612 ejus
3051 1541 3348 1604 Constans,
3368 1556 3436 1596 ex
3470 1539 3738 1610 [Iispania

471 1630 789 1696 κατέλαϐον,
819 1630 1111 1701 εὐδαίμονα
1157 1631 1250 1688 καὶ
1302 1629 1709 1701 πλουσιωτάτην
1743 1631 1844 1700 τὴν
1871 1628 2047 1702 χώραν

2159 1631 2410 1701 fugiens,
2445 1631 2577 1687 illuc
2615 1634 2786 1688 venit.
2829 1631 2966 1686 Nam
3015 1648 3140 1688 cum
3187 1631 3541 1688 Constantini
3597 1631 3743 1686 vir-es

362 1736 365 1739 '
470 1721 779 1785 ἀκούοντεςο
832 1698 1304 1793 παρήμεληκότων
1360 1738 1418 1775 τε
1476 1721 1584 1776 τῶν
1641 1698 2047 1793 ἐνπιτρ-απέντων

2160 1698 2416 1776 ἰηινωίηυί
2450 1724 2794 1794 coepissent,
2829 1722 3098 1790 Vandali,
3131 1723 3295 1780 Suevi
3328 1732 3382 1778 et
3414 1721 3578 1776 Alani
3601 1760 3615 1783 ,
3652 1735 3742 1774 re-

470 1813 622 1884 παρὰ
674 1811 1028 1874 Κώνσταντος
1069 1811 1166 1883 τὴν
1219 1813 1460 1884 φρουρὰν
1489 1812 1586 1883 τῆς
1625 1813 1882 1884 παρόδου,
1911 1831 2047 1886 παρ-

2158 1813 2398 1884 sumptis
2428 1814 2630 1869 animis
2659 1815 2986 1886 Pyrenaeum
3028 1822 3270 1870 montem
3310 1828 3547 1885 propere
3573 1826 3743 1867 occu-

467 1901 628 1971 ῆλθον
661 1902 742 1963 εἰς
781 1901 1079 1955 Ἱσπανίαν.

2157 1915 2462 1976 paverant,
2497 1923 2624 1963 cum
2656 1923 2778 1964 eam
2817 1908 3102 1978 regionem
3140 1905 3374 1961 fertilem
3403 1913 3571 1975 atque
3603 1917 3744 1972 opu-

469 1993 838 2048 lentissimam
866 2009 991 2049 esse
1019 1993 1374 2061 didicissent,
1406 2001 1463 2049 et
1505 1995 1731 2064 segnius
1758 1995 2054 2066 agentibus
2091 1998 2161 2054 iis
2187 2002 2393 2071 quibus
2418 2001 2697 2058 Constans
2765 2002 3040 2058 transitus
3102 2000 3412 2058 custodiam
3445 1995 3738 2054 commise-

467 2095 584 2153 rat,
617 2089 674 2142 in
707 2087 1030 2158 Hispaniam
1069 2089 1413 2159 irruperunt.

1060 2203 1310 2258 ΚΕΦΑΛ.
1342 2203 1442 2257 ῙΡ.

469 2270 956 2366 Περὶ-Γεροντίου
989 2274 1088 2345 καὶ
1113 2293 1542 2366 Μαξίμουζκαζ
1576 2295 1710 2366 περὶ
1743 2295 1852 2366 τῆς
1878 2313 2052 2365 στρα-

536 2359 666 2440 τιᾶς
707 2361 1002 2440 Ὀτςωρέου,
1043 2361 1142 2414 καὶ
1179 2359 1312 2440 ,περὶ
1350 2362 1479 2440 ,τῆς
1510 2359 2053 2440 ἀλῴὰε-ωςἈΓε-ρρνρ

535 2432 685 2555 ἓιόυ,
711 2430 809 2483 καὶ
839 2430 951 2498 τῆς
979 2434 1262 2499 γυναικός
1296 2430 1502 2500 αὐτοῦ,
1537 2433 1636 2486 καὶ
1683 2435 1763 2500 ὡς
1801 2430 2048 2504 ἐῖφοίοεύ-

573 2515 756 2567 ησαν.

535 2593 626 2644 Ἐν
657 2591 830 2662 τούτῳ
855 2592 911 2646 δὲ
936 2592 1240 2664 Γερόντιος,
1257 2594 1286 2646 ὁ
1311 2593 1420 2648 τῶν
1450 2595 1860 2649 Κωνσταντίνου
1885 2612 2049 2666 στρα⁶

473 2681 647 2751 εηγῶν
671 2682 908 2752 ἄριστος,
955 2682 1224 2755 δυσμενὴς
1259 2683 1407 2755 αύτῷ
1450 2686 1704 2754 γέγονεν·
1748 2686 2048 2756 ἐπιτήδειόν

473 2790 524 2827 τε
555 2774 633 2835 εἰς
664 2773 954 2843 τυραννίδα
984 2773 1234 2844 Μάξιμον
1278 2776 1369 2828 τὸν
1401 2775 1565 2829 αὑτοῦ
1594 2777 1790 2829 οἰκεῖον
1813 2776 1920 2846 (58)
1961 2793 2048 2830 νο-

470 2864 652 2936 μίσας,
687 2863 965 2936 βασιλικὴν
988 2866 1235 2920 ἐνέδυσεν
1262 2867 1484 2938 ἐσθῆτα,
1513 2869 1606 2922 καὶ
1637 2869 1694 2921 ὲν
1725 2868 2046 2939 Ταρῤακόνῃ

466 2955 674 3024 διάγειν
709 2955 912 3010 εἴασεν.
940 2957 1112 3021 Αὐτὸς
1155 2958 1211 3012 δὲ
1249 2960 1643 3030 Κωνσταντίνῳ
1684 2960 2045 3030 ἐπεστράτευ-

468 3064 579 3108 σεν,
604 3050 662 3100 ὲν
687 3047 903 3118 παρόδῳ
935 3047 1266 3102 Κώνσταντα
1293 3050 1384 3103 τὸν
1411 3049 1524 3104 υἱὸν
1552 3050 1734 3114 αὑτοῦ,
1765 3052 1820 3102 ὲν
1857 3050 2046 3122 Βιέννῃ

467 3138 596 3192 ϐντα
649 3139 1001 3210 ἀναιρεθῆναι
1068 3142 1512 3210 παρασκευάσας.
1573 3141 1724 3194 Ἐπεὶ
1770 3142 1827 3194 δὲ
1876 3142 2046 3212 ἔμαθε

2753 2208 2909 2266 CAP.
2959 2205 3100 2264 XIII.

2155 2302 2236 2358 De
2264 2303 2511 2359 Gerontio
2548 2312 2597 2357 et
2655 2300 2930 2367 Maximo,
2981 2310 3033 2354 et
3070 2298 3136 2353 de
3185 2299 3418 2354 exercitu
3473 2295 3739 2352 Honorii:

2227 2383 2276 2426 et
2305 2372 2567 2442 quomodo
2596 2369 2880 2426 Gerontius
2912 2373 3034 2424 cum
3079 2383 3245 2422 uxore
3290 2377 3479 2437 captus
3516 2367 3736 2436 interfe-

2227 2452 2444 2512 ctusque
2475 2452 2572 2496 est.

2225 2597 2374 2655 lntcr
2405 2601 2520 2654 haec
2543 2598 2840 2654 Gerontius
2869 2594 3118 2653 omnium
3145 2595 3497 2652 Constantini
3529 2595 3734 2651 ducum

2154 2689 2531 2757 fortissimus,
2570 2690 2746 2745 hostis
2783 2689 2860 2744 illi
2896 2687 3114 2752 factus,
3152 2685 3450 2741 Maximum
3493 2685 3735 2741 familia-

2155 2797 2269 2836 rem
2303 2796 2463 2836 sunm
2497 2795 2660 2850 quem
2699 2779 2934 2848 imperio
2966 2777 3206 2847 gerendo
3241 2775 3499 2832 idoneum
3547 2777 3736 2832 existi-

2154 2873 2358 2935 mabat,
2380 2870 2648 2939 imperiali
2681 2878 2836 2925 veste
2872 2868 3072 2932 induit,
3093 2876 3148 2922 et
3178 2866 3492 2922 Tarracone
3527 2869 3734 2922 morari

2149 2963 2341 3033 jussit.
2363 2961 2484 3032 Ipse
2509 2960 2860 3031 expeditione
2876 2959 3140 3015 adversus
3165 2958 3585 3014 Constantinum
3603 2974 3733 3015 sus-

2154 3064 2312 3125 cepta
2335 3096 2348 3120 ,
2393 3054 2570 3109 obiter
2616 3053 2794 3107 filium
2825 3051 2945 3120 ejus
2981 3052 3337 3106 Constantem
3383 3050 3476 3119 qui
3506 3048 3735 3105 Vienna

2156 3145 2384 3216 agebat,
2416 3143 2654 3200 interﬁci
2701 3142 2937 3197 curavit.
2987 3139 3390 3198 Constantinus
3437 3155 3568 3194 vero
3602 3155 3730 3194 cum

469 3230 870 3292 Κωνσταντῖνος
885 3229 952 3282 τὰ
967 3229 1106 3283 κατὰ
1122 3229 1392 3301 Μάξιμον,
1433 3231 1702 3302 Ἐδόϐιχον
1729 3232 1828 3302 μὲν
1850 3232 1942 3286 τὸν
1955 3233 2047 3286 αύ-

2155 3236 2518 3291 defectionetn
2559 3233 2780 3288 Maximi
2827 3232 3231 3303 comperisset,
3274 3231 3576 3287 Edobieum
3623 3232 3730 3287 du-

466 3321 560 3375 τοῧ
593 3321 895 3392 στρατηγὸν
914 3320 1028 3391 (59)
1050 3320 1221 3392 πέραν
1245 3321 1339 3375 τοῦ
1356 3323 1544 3394 Ῥήνου
1559 3324 1865 3393 πέπομφεν,
1885 3311 2059 3394 Φράγ-

466 3429 578 3465 κων
621 3427 681 3464 τε
736 3413 830 3464 καὶ
861 3411 1180 3482 Ἀλαμανῶν
1220 3415 1536 3484 συμμαχίαν
1587 3416 2052 3486 προτρεψάμενον.

467 3501 784 3555 Κώνσταντι
829 3501 886 3555 δὲ
936 3501 1017 3572 τῷ
1077 3502 1238 3554 αὐτοῦ
1302 3504 1454 3556 παιδὶ
1521 3504 1744 3572 Βιέννης
1795 3505 1886 3557 καὶ
1941 3504 2052 3557 τῶν

467 3592 594 3663 τῇδε
637 3591 842 3646 πόλεων
883 3592 982 3664 τὴν
1023 3593 1268 3663 φυλακὴν
1303 3593 1587 3665 ἐπέτρεψε.
1623 3596 1732 3648 Καὶ
1772 3594 2051 3663 Γερόντιος

471 3683 568 3756 μὲν
611 3685 704 3737 ἐπὶ
756 3684 853 3756 τὴν
890 3686 1182 3756 Ἀρήλατον
1215 3686 1434 3749 ἐλάσας,
1466 3686 1769 3755 ἐπολιόρκει
1807 3685 1904 3758 τὴν
1956 3686 2050 3740 πό-

468 3775 569 3828 λιν.
598 3775 808 3828 Μετόύ
838 3775 972 3829 πολὺ
1003 3776 1056 3830 δὲ
1081 3778 1339 3848 στρατιᾶς
1373 3776 1629 3848 ὀνωρίου
1660 3776 1802 3829 κατὰ
1830 3775 1922 3829 τοῦ
1956 3795 2049 3830 τυ-

473 3866 663 3936 ράννου
692 3867 1165 3938 παραγενομένης,
1186 3863 1253 3940 ἦς
1281 3870 1468 3938 ἡγεῖτο
1497 3867 1876 3930 Κωνστάντιος
1900 3870 1927 3921 ό
1951 3867 2044 3921 τοῦ

469 3957 910 4012 Ούαλεντινιανοῦ
947 3957 1043 4012 τοῦ
1085 3959 1346 4028 βασιλέως
1382 3958 1585 4032 πατὴρ,
1640 3957 1833 4028 φεύγει
1872 3975 2048 4031 παρα-

469 4049 659 4119 ΧΡῆμα
713 4049 828 4118 μετ’
891 4048 1086 4116 ὀλίγων
1143 4048 1510 4118 στρατιωτῶν.
1559 4049 1622 4102 Οἱ
1668 4049 1777 4117 γὰρ
1826 4045 2045 4112 πλείους

471 4141 581 4202 τοῖς
612 4139 755 4208 ἀμφὶ
783 4137 874 4192 τὸν
914 4139 1289 4192 Κωνστάντιον
1316 4139 1744 4212 προσεχώρησαν
1774 4156 1788 4170 ·
1816 4142 1864 4196 oi
1894 4142 1951 4195 δὲ
1986 4142 2043 4193 ὲν

481 4231 726 4300 Ἱσπανία
763 4230 1090 4302 στρατιῶται
1115 4231 1586 4302 εὐκαταφρόνητον
1610 4233 1718 4287 ἀπὸ
1741 4234 1841 4304 τῆς
1870 4233 2046 4303 φυγῆς

469 4320 695 4386 δόξαντα
745 4321 838 4376 τὸν
868 4320 1151 4392 Γερόντιον
1204 4321 1592 4378 ἐϐουλεύσαντο
1649 4325 1859 4378 ἀνελεῖν
1887 4342 1901 4356 ·
1955 4324 2047 4376 καὶ

2157 3342 2274 3382 cem
2309 3341 2474 3383 suum
2507 3336 2662 3380 trans
2700 3322 2954 3380 Rhenum
3004 3321 3240 3386 direxit,
3288 3329 3346 3375 ut
3385 3320 3730 3377 Francorum

2155 3427 2210 3474 et
2244 3418 2676 3472 Alamannorum
2708 3414 2912 3469 auxilia
2947 3413 3286 3482 impetraret.
3317 3411 3603 3467 Constanti
3634 3429 3732 3468 au-

2155 3520 2261 3563 tem
2297 3508 2412 3562 filio
2461 3521 2564 3562 suo
2603 3506 2831 3562 Vienna:
2869 3511 2924 3560 et
2969 3503 3309 3573 reliquarum
3359 3503 3473 3558 illic
3511 3503 3729 3559 urbium

2151 3598 2462 3654 custodiam
2498 3596 2799 3652 commisit.
2855 3595 2928 3648 At
2954 3591 3252 3649 Gerontius
3284 3593 3566 3648 Arelatum
3597 3609 3729 3663 pro-

2151 3688 2350 3748 fectus.
2379 3702 2500 3743 eam
2527 3683 2786 3742 obsidere
2813 3699 3114 3756 aggressus
3143 3697 3245 3745 est.
3275 3681 3384 3741 Sed
3416 3700 3524 3739 non
3553 3686 3728 3740 multo

2151 3783 2297 3846 post,
2329 3790 2455 3830 cum
2487 3776 2765 3830 exercitus
2791 3771 3019 3828 Honorii
3040 3783 3231 3830 contra
3265 3781 3562 3844 tyrannum
3593 3775 3728 3831 miso

2149 3880 2248 3920 sus
2295 3865 2634 3929 advenisset,
2661 3863 2807 3919 duce
2841 3862 3190 3929 Constantio,
3236 3864 3331 3930 qui
3370 3863 3536 3933 379
3570 3872 3727 3934 pater

2148 3958 2252 4012 fuit
2291 3955 2659 4013 Valentiniani
2712 3954 2976 4025 Augusti,
3020 3951 3319 4008 Gerontius
3371 3968 3496 4006 cum
3534 3955 3726 4022 paucis

2147 4048 2417 4103 militibus
2443 4048 2632 4102 statim
2677 4045 2860 4113 fugam
2890 4042 3147 4112 arripuit.
3193 4040 3370 4111 Major
3413 4042 3562 4096 enim
3595 4057 3725 4112 pars

2147 4154 2339 4194 eorum
2369 4138 2434 4192 ad
2465 4137 2851 4195 Constantium
2881 4133 3279 4205 transfugerat.
3314 4130 3488 4186 Porro
3525 4132 3723 4204 Hispa-

2151 4230 2371 4285 nienses
2401 4228 2631 4290 milites,
2659 4225 2985 4281 Gerontium
3013 4225 3084 4280 ob
3110 4239 3229 4280 eam
3259 4221 3442 4292 fugam
3470 4235 3717 4278 conteru-

2152 4321 2392 4376 nendum
2430 4319 2568 4383 rati,
2606 4318 2904 4374 consilium
2941 4316 3010 4372 de
3042 4331 3110 4373 eo
3145 4313 3532 4370 interficiendo
3561 4329 3722 4384 cepe-

1672 4501 1942 4558 VALESII
1976 4498 2526 4557 ANNOTATIONES.

543 4636 653 4706 (37)
687 4637 906 4716 ρξαβῲν
947 4639 1055 4691 τὸν
1096 4639 1413 4716 Ἀλαϐίχρρ
1449 4637 1727 4716 Maeror.
1771 4633 2042 4716 Olympio-

2149 4653 2239 4716 αρε
2279 4637 2544 4716 militasse
2569 4635 2701 4716 dicit
2729 4651 2741 4687 :
2775 4633 3026 4716 Μάξιμον
3055 4633 3145 4716 τὸν
3171 4630 3368 4712 ἑαυτοῦ
3401 4632 3602 4716 Erotion,
3639 4635 3718 4695 εἰς

473 4703 646 4761 dorus
675 4707 966 4777 Alobicuni
999 4718 1178 4773 vocat,
1235 4703 1567 4764 et"Honorii
1603 4707 1761 4777 jussu
1812 4703 2039 4777 interfe-

473 4784 620 4830 ctum
651 4791 775 4848 esse
803 4776 1020 4848 scribit,
1046 4792 1113 4848 eo
1145 4778 1292 4848 quod
1337 4774 1634 4848 Eusebium
1674 4774 2040 4848 praepositum

473 4846 769 4915 iniperialis
818 4847 1054 4901 cubiculi
1090 4845 1404 4902 occidisset.
1457 4845 1618 4916 Apud
1674 4845 1951 4898 Zosimum
1984 4845 2040 4899 in

471 4915 566 4969 lib.
590 4932 644 4978 ν,
676 4916 994 4971 Allobichus
1017 4917 1181 4972 etiam
1207 4918 1427 4972 dicitur.
1455 4915 1656 4970 FUerat
1679 4915 1766 4968 hic
1803 4916 2039 4983 primum

471 4999 656 5056 comes
688 4985 1109 5056 domesticorum
1142 4989 1408 5056 equitum.
1444 4988 1635 5041 Postea
1669 4999 1804 5056 vero
1837 4984 2038 5056 occisis

471 5053 788 5124 Turpilione
811 5070 882 5127 ac
915 5052 1228 5127 Vigilantio,
1260 5057 1531 5127 magister_
1553 5053 1802 5127 equitum
1837 5052 2038 5127 factus

470 5121 673 5196 est,r'ut
715 5125 907 5179 scribit
942 5121 1221 5189 zosimus,
1267 5121 1390 5196 pag'.
1437 5125 1563 5196 822.
1601 5121 1704 5180 Sed
1737 5123 1899 5196 verba
1933 5121 2038 5178 Zo-

472 5195 594 5265 sinii
637 5195 892 5265 incinlosa
941 5203 1106 5256 sunt,
1146 5193 1284 5265 qua!
1308 5193 1394 5249 hic
1432 5195 1611 5265 obiter
1650 5193 2030 5262 corrigemus:

471 5264 564 5316 καὶ
624 5263 760 5334 μετὰ
803 5263 1179 5332 Βιγελάντιονξ
1234 5265 1537 5334 Ἀλλόϐιχον
1578 5263 1841 5334 ὕπαρχον-
1869 5278 2037 5316 κατα-

473 5331 676 5404 στήσας
703 5351 717 5385 :
747 5331 924 5390 scribe
962 5350 1080 5389 meo
1105 5335 1349 5403 periculo
1371 5331 1662 5456 ἵππαρχον.
1687 5331 1844 5398 Quod
1869 5333 2034 5387 miror

473 5403 540 5456 ab
574 5404 870 5456 internrete
898 5405 1335 5456 animadversum
1368 5418 1477 5456 non
1527 5403 1701 5456 'uisse.

472 5403 540 5457 ab
562 5403 870 5472 interprete
898 5405 1335 5459 animadversum
1368 5418 1477 5458 non
1509 5403 1701 5458 fuisse.

3064 4685 3344 4774 τελοῦντα.
3398 4701 3517 4774 ISisi
3579 4685 3720 4774 [0.15.

2143 4769 2564 4846 Olympiodoru's
2596 4774 2761 4827 παῖδα
2793 4775 3109 4846 posuitUprq
3134 4772 3362 4826 famulo.
3393 4772 3557 4826 Certe
3582 4769 3719 4846 Pro-

2143 4841 2269 4915 sper
2304 4841 2362 4898 in
2403 4845 2677 4899 Chronico
2733 4841 2924 4915 scribit
2973 4843 3208 4915 Maximo
3263 4851 3495 4914 tyranno
3544 4841 3714 4895 vitam

2145 4913 2467 4970 concessam
2503 4914 2671 4969 fuisse
2702 4913 2770 4969 ob
2806 4913 3300 4981 vilitatem‘ipsius.

2217 4984 2330 5053 (39)
2401 4984 2709 5054 Ἐδόχιμον
2766 4984 2884 5054 pter
2946 4984 3051 5054 τὸν
3110 4979 3296 5054 αὐτοῦ
3352 4979 3711 5054 στρατη-τόν.

2141 5048 2673 5123 Christopltorsonus
2707 5048 2780 5106 ρι’
2808 5052 3045 5123 savilius
3091 5053 3276 5123 nescio
3318 5064 3461 5120 quos
3487 5048 3710 5123 codices

2143 5125 2344 5185 secuti,
2365 5117 2656 5189 ’Ἑϐὁδιχον
2685 5121 3063 5178 emendarunt.
3097 5121 3208 5189 Ego
3242 5117 3371 5174 vero
3413 5133 3497 5189 ex_
3523 5117 3714 5189 codice

2143 5143 2344 5185 ερευιι,
2403 5143 2560 5176 ιιοοοι
2601 5143 2656 5175 ον
2685 5143 3063 5178 ειιιωιιιίιτιιηι.
3097 5143 3208 5189 ngu
3243 5143 3371 5174 V'CI'U
3413 5143 3479 5173 ex
3523 5143 3712 5171 UUtIIL'L‘

2140 5143 2726 5266 FuketianoiEadétxov
2755 5193 2992 5266 restitui.
3025 5193 3181 5248 Certe
3206 5189 3461 5266 Z_osimus
3486 5185 3712 5266 inlibrn

2140 5273 2296 5334 sexto
2329 5255 2838 5332 Ἐδόϐινχον”νοοοι
2897 5263 3061 5334 hunc
3095 5261 3417 5334 magistrum
3475 5255 3709 5334 militum

2139 5333 2486 5406 Constantini
2510 5325 2794 5406 jyranni,
2851 5341 2904 5388 et
2953 5325 3710 5406 natione'Francumnfuisse

2140 5412 2394 5475 testatur.
2434 5405 2480 5458 Α
2510 5395 2797 5475 Frigerido
2828 5416 3047 5472 quoque
3104 5398 3442 5475 Edobeccus_
3480 5395 3704 5475 dicitur.

543 5473 655 5541 ('58)
696 5464 1030 5545 Τόνῌαύτοῦ
1080 5473 1320 5545 σίκεῖον.
1375 5473 1690 5545 Frigeridus
1741 5471 2032 5545 Maximum

2149 5474 2243 5528 Sed
2283 5475 2448 5530 verba
2496 5464 2909 5545 ipsa'P't-igeri'di
2945 5464 3122 5545 omam
3149 5468 3383 5537 pretium
3401 5464 3584 5545 fuerit
3618 5464 3705 5516 hic

471 5557 640 5614 unum
671 5557 735 5597 ex
771 5543 1063 5614 clientibus
1091 5544 1336 5598 Gerontii
1373 5541 1543 5597 fuisse
1576 5543 1732 5596 dicit.
1763 5541 2036 5614 Olympio-

470 5611 638 5670 dorus
671 5627 797 5670 vero
823 5613 1064 5670 Gerontii
1105 5614 1272 5668 tilium
1305 5621 1484 5678 vocat,
1516 5622 1569 5669 et
1609 5614 1752 5670 inter
1773 5611 2034 5668 domesti-

2138 5559 2434 5613 apponere,
2471 5535 2613 5601 sicut
2644 5563 2672 5597 a
2706 5535 3508 5615 Gregorio"Turonenserelata
3538 5547 3700 5615 stant:

2139 5607 2245 5682 Qui
2276 5617 2363 5670 ubi
2387 5607 2441 5671 fit
2477 5632 2636 5670 unum
2677 5607 2872 5679 t'ener'e,
2907 5609 3192 5676 interjectis
3223 5607 3404 5661 diebus
3439 5607 3704 5675 plurimis,
