4050 6218
358 275 495 330 1613
1829 271 2172 328 SOZOMENI
3487 279 3508 332 i
3524 276 3632 333 (62$
3652 299 3661 309 ι

356 403 520 459 iant;
554 401 830 462 noctuque
860 393 1092 448 obsessa
1139 393 1261 464 ejus
1298 394 1497 458 domo,
1552 395 1822 465 impetum
1875 395 1930 448 in

2035 395 2390 464 φραξάμενοι,
2423 395 2636 466 νύκτωρ
2680 396 2844 449 αὐτοῦ
2886 397 2987 468 τὴν
3035 397 3216 450 οἰκίαν
3267 397 3634 470 κατέδραμον.

347 499 474 536 eum
523 481 794 538 fecerunt.
828 483 1028 538 Verum
1076 483 1374 542 Gerontius
1421 499 1547 540 eum
1597 501 1707 540 uno
1755 486 1931 541 Alano

2049 486 2107 538 '0
2141 486 2215 550 δὲ,
2253 486 2371 556 μεθ]
2403 488 2521 552 ἑνὸς
2563 487 2787 542 Ἀλανοῦ
2841 489 3148 560 ἐπιτηδείου
3189 492 3289 545 καὶ
3325 493 3523 561 ὀλίγων
3555 498 3636 548 οξ-

349 575 614 632 familiari
647 591 752 631 suo
795 577 1103 647 paucisque
1154 578 1448 632 admodum
1500 579 1773 646 servulis,
1825 580 1931 634 tela

344 685 411 722 ex
445 669 720 738 superiori
751 669 947 724 domus
1000 678 1157 740 parte
1199 671 1542 740 conjiciens,
1597 687 1771 741 supra
1818 680 1930 726 tre-

346 768 540 815 wntos
577 761 781 816 milites
817 762 1117 816 interemit.
1153 760 1259 817 Sed
1289 779 1414 818 cum
1449 764 1665 835 sagittm
1697 763 1932 819 defecis-

345 863 503 919 τητιιι,
548 856 695 909 servi
733 855 955 925 quidem
987 855 1362 926 aufugerunt,
1407 858 1550 912 clam
1601 860 1932 929 semetipsos

344 948 701 1002 demittentes
737 963 800 1003 ex
834 948 1022 1003 domo.
1054 946 1357 1004 Gerontius
1386 964 1548 1013 vero,
1579 965 1703 1004 cum
1735 960 1787 1005 et
1816 950 1932 1020 ipse

345 1037 464 1104 pari
519 1040 684 1094 modo
735 1048 924 1109 posset
997 1040 1268 1104 evadere,
1324 1039 1623 1094 Nnnechia:
1677 1040 1930 1110 conjugis

345 1144 532 1184 amore
557 1130 814 1186 detentus
841 1171 854 1196 ,
906 1131 960 1186 id
1010 1130 1190 1186 facere
1244 1132 1544 1187 recusavit.
1581 1130 1730 1185 Lnee
1766 1143 1889 1184 orta
1912 1172 1925 1195 ,

347 1236 472 1274 cum
501 1221 707 1277 milites
734 1222 914 1293 ignem
946 1223 1000 1277 in
1025 1224 1246 1277 tlmnum
1278 1223 1601 1292 injecissent
1621 1263 1636 1286 ,
1663 1223 1783 1293 ipse
1807 1223 1932 1276 nul-

346 1313 455 1366 lam
491 1313 735 1384 amplius
771 1331 924 1385 spem
962 1315 1160 1370 salutis
1201 1315 1455 1369 relictam
1491 1314 1684 1370 videns
1709 1353 1724 1378 ,
1756 1315 1931 1368 Alano

345 1405 534 1458 comiti
593 1420 731 1468 suo,
775 1405 830 1460 id
861 1405 1097 1470 volenti,
1154 1411 1322 1476 caput
1371 1404 1633 1460 abscidit.
1685 1405 1932 1461 Postbmc

344 1509 456 1547 sua:
486 1510 710 1564 quoque
763 1495 922 1548 uxori
976 1493 1337 1558 lamentanti,
1393 1501 1447 1548 et
1497 1507 1623 1547 cum
1673 1492 1933 1561 lacrymis

344 1587 701 1656 selnetipsam
729 1586 915 1656 gladio
947 1585 1299 1649 admoventi,
1335 1585 1695 1655 poscentique
1727 1595 1788 1637 ut
1818 1584 1933 1654 pri-
1979 1633 1988 1640 .

345 1694 584 1748 usquam
624 1679 680 1732 in
731 1679 966 1732 aliorum
1013 1686 1340 1747 potestatem
1379 1682 1633 1741 veniret,
1685 1676 1788 1731 viri
1844 1676 1928 1732 sui

343 1773 537 1826 dextra
570 1779 884 1828 moreretur
912 1814 926 1837 ,
959 1781 1128 1842 utque
1155 1771 1258 1827 hoc
1287 1779 1596 1826 extremum
1631 1786 1832 1825 munus
1860 1769 1931 1824 ab
1965 1745 2005 1802 Β

343 1864 469 1932 ipso
500 1866 777 1934 acciperet
806 1863 988 1918 oranti
1014 1903 1028 1927 ,
1071 1862 1265 1918 itidem
1303 1872 1467 1932 caput
1496 1861 1823 1932 amputavit.
1855 1859 1931 1914 Ita

342 1955 526 2008 virilis
561 1955 733 2007 animi
781 1954 981 2008 mulier
1037 1953 1266 2023 dignum
1351 1954 1622 2024 religione
1667 1968 1768 2008 sua
1817 1953 1933 2007 exi-

343 2054 459 2098 tum
510 2044 712 2098 sortita
737 2085 754 2108 ,
797 2051 919 2098 erat
949 2043 1098 2098 enim
1129 2043 1448 2098 Christiana
1477 2085 1492 2110 ,
1544 2044 1930 2111 sempiternam

342 2137 429 2191 sui
464 2135 790 2189 memoriam
821 2133 1060 2204 posteris
1091 2133 1408 2203 dereliquit.
1441 2133 1742 2188 Gerontius
1777 2148 1929 2198 vero,

344 2242 470 2282 cum
506 2242 566 2282 se
601 2227 767 2282 tertio
797 2227 1210 2298 percussisset,
1257 2241 1361 2280 nec
1389 2234 1573 2280 tamen
1615 2225 1776 2280 letale
1813 2225 1931 2279 vnl-

343 2335 452 2375 nus
502 2319 790 2388 accepisse
833 2320 1097 2386 sentiret,
1153 2319 1350 2374 stricto
1383 2318 1620 2388 pugione
1657 2335 1816 2386 quem
1865 2317 1932 2371 ad

343 2413 524 2467 femur
557 2411 830 2478 habebat,
867 2427 963 2466 cor
992 2427 1152 2467 suum
1191 2411 1493 2465 transfixit.

984 2499 1134 2554 CAP.
1170 2498 1310 2552 XIV.

344 2591 424 2647 De
454 2591 837 2653 Constantino,
863 2593 994 2648 etde
1017 2594 1250 2647 exercitu
1272 2593 1533 2647 Honorii:
1552 2592 1678 2647 etde
1699 2591 1932 2646 Edobico

416 2665 674 2733 magistro
714 2664 986 2717 militum:
1029 2664 1291 2732 quomodo
1328 2664 1392 2716 ab
1425 2662 1640 2730 Ulphita
1681 2664 1811 2716 duce
1843 2663 1932 2732 qui

402 2749 530 2787 cum
572 2733 884 2870 ([Ionstantio
929 2735 1123 2788 missus
1167 2733 1341 2802 fuerat
1367 2773 1381 2799 ,
1429 2733 1594 2787 victus
1630 2749 1692 2786 ac
1730 2748 1931 2800 perem-

414 2815 536 2870 ptus
601 2816 758 2858 uerit.

414 2815 536 2870 ptus
575 2815 758 2870 tuerit.

417 2892 642 2949 Interim
691 2895 1126 2952 circumsidente
1168 2895 1448 2952 Arelatum
1492 2895 1722 2952 llonorii
1772 2910 1929 2950 exer-

341 2986 456 3038 citu
479 3023 494 3047 ,
527 2984 935 3041 Constantinus
985 2985 1168 3040 adhuc
1209 2985 1561 3041 obsidionem
1593 2985 1928 3051 sustinebat,

2036 578 2229 643 κετών,
2274 578 2479 633 ἄνωθεν
2533 579 2785 645 τοξεύων,
2830 581 2969 651 ὑπὲρ
3003 583 3130 645 τοὺς
3163 585 3508 653 τριακοσίους
3540 588 3638 639 ἀν-

2035 669 2182 737 αιρεῖ
2216 667 2570 738 στρατιώτας,
2614 669 3036 739 Ἐπιλειψάντων
3060 671 3116 724 δὲ
3141 673 3250 725 τῶν
3285 673 3474 742 βελῶν,
3504 677 3636 744 φεύ-

2034 774 2220 826 γουσιν
2270 761 2318 812 οἱ
2371 760 2597 823 οἰκέται,
2648 761 2906 826 καθέντες
2951 763 3147 826 αὐτοὺς
3198 762 3294 817 τοῦ
3332 767 3642 836 οἰκήματος

2033 848 2228 919 λάθρα.
2286 850 2565 920 Γερόντιος
2614 850 2670 902 δέ
2732 850 2824 902 τὸν
2879 851 2993 904 ἴσον
3049 851 3254 922 τρόπον
3303 853 3633 926 διασωθῆναι

2033 937 2348 1007 δυνάμενος,
2371 941 2469 1008 οὐχ
2495 939 2690 1003 εἵλετο,
2728 939 3085 1010 κατασχεθεὶς
3127 943 3292 1012 ἔρωτι
3340 943 3637 1015 Νοννιχίας

2033 1034 2132 1101 τῆς
2165 1031 2330 1083 αὑτοῦ
2362 1033 2608 1102 γαμετῆς
2640 1033 2773 1102 (40).
2804 1033 2940 1102 Περὶ
2981 1033 3039 1086 δὲ
3074 1033 3176 1102 τὴν
3211 1035 3286 1088 ἔω
3323 1035 3435 1106 πῦρ
3457 1037 3632 1106 ἐμϐα-

2033 1123 2232 1175 λόντων
2268 1125 2332 1193 τῇ
2373 1125 2521 1194 οἰκίᾳ
2559 1124 2666 1176 τῶν
2703 1124 3070 1195 στρατιωτῶν,
3114 1126 3214 1178 οὐκ
3249 1132 3394 1199 ἔχων
3441 1128 3632 1182 λοιπὸν

2035 1215 2308 1288 σωτηρίας
2337 1215 2546 1276 ἐλπίδα,
2577 1215 2794 1278 ἑκόντος
2839 1215 2936 1268 τοῦ
2987 1217 3240 1280 συνόντος
3276 1219 3426 1290 αὐτῷ
3462 1221 3626 1274 Ἀλα-

2035 1305 2131 1358 νοῦ
2160 1307 2457 1376 ἀποτέμνει
2486 1307 2584 1376 τὴν
2629 1306 2894 1377 κεφαλήν·
2946 1308 3084 1378 μετά
3111 1308 3169 1362 δὲ
3193 1308 3365 1363 ταῦτα
3402 1312 3495 1363 καὶ
3524 1316 3629 1383 τῆς

2039 1396 2172 1460 ίδίας
2222 1397 2469 1466 γαμετῆς
2531 1397 2976 1469 ὀλοφυρομένης,
3025 1401 3121 1452 καὶ
3180 1401 3319 1470 μετά
3371 1401 3636 1476 δακρύων

2037 1489 2428 1561 προσωθούσης
2456 1490 2653 1561 ἑαυτὴν
2698 1491 2776 1561 τῷ
2818 1489 2982 1560 ξίφει,
3015 1491 3111 1544 καὶ
3139 1492 3268 1563 πρὶν
3297 1493 3386 1562 ὑφ’
3417 1495 3634 1564 ἑτέροις

2035 1579 2305 1646 γενέσθαι,
2344 1579 2495 1649 παρά
2538 1579 2630 1632 τοῦ
2671 1581 2864 1652 ἀνδρὸς
2903 1580 3194 1635 ἀποθανεῖν
3222 1583 3496 1653 αἰτούσης,
3527 1587 3630 1638 καὶ

2034 1671 2192 1724 τοῦτο
2219 1672 2280 1724 τὸ
2299 1670 2469 1742 δῶρον
2492 1672 2722 1725 ὕστατον
2749 1673 2877 1742 παρ’
2901 1672 3065 1726 αὑτοῦ
3094 1673 3275 1727 λαϐεῖν
3305 1676 3621 1729 ἀντιϐολού-

2035 1775 2153 1830 σης.
2179 1761 2286 1814 Καὶ
2313 1763 2345 1831 ἡ
2373 1761 2469 1831 μὲν
2504 1761 2656 1833 γυνὴ,
2693 1761 2910 1834 ἀνδρείᾳ
2937 1762 3039 1831 τῆς
3064 1763 3359 1832 θρησκείας
3383 1763 3624 1828 ἐπαξίως

2036 1855 2266 1920 φανεῖσα
2298 1848 2386 1922 (ἦν
2419 1853 2527 1925 γὰρ
2560 1855 2902 1926 Χριστιανὴ),
2922 1849 3024 1909 ὧδε
3055 1855 3304 1926 τέθνηκε,
3334 1856 3625 1927 κρείττονα

2035 1942 2203 2012 λήθης
2232 1943 2331 2013 τὴν
2362 1944 2490 2014 περὶ
2512 1943 2678 2013 αὐτῆς
2717 1945 2939 2014 μνήμην
2975 1943 3053 2014 τῷ
3082 1945 3258 2014 χρόνῳ
3281 1945 3618 2015 παραδοῦσα.

2035 2031 2314 2102 Γερόντιος
2346 2033 2401 2086 δὲ
2445 2033 2627 2104 τρίτον
2660 2035 2854 2087 ἐαυτὸν
2896 2034 2975 2105 τῷ
3013 2035 3155 2105 ξίφει
3201 2036 3421 2100 παίσας,
3451 2037 3526 2100 ώς
3555 2038 3621 2090 οὑ

2034 2123 2253 2192 καιρίαν
2305 2123 2483 2177 λαϐὼν
2538 2125 2766 2196 ᾔσθετο,
2823 2127 3171 2197 σπασάμενος
3223 2127 3284 2180 τὸ
3336 2129 3484 2199 παρὰ
3526 2127 3624 2181 τὸν

2038 2215 2212 2284 μηρὸν
2238 2215 2464 2284 ξιφίδιον
2481 2257 2493 2280 ,
2528 2217 2667 2270 κατά
2693 2217 2794 2288 τῆς
2823 2218 3049 2288 καρδίας
3076 2219 3262 2287 ἤλασε.

2632 2497 2861 2550 ΚΕΦΑΛ
2873 2540 2884 2551 .
2928 2499 3020 2550 ΙΔ’.

2035 2585 2674 2657 ΠερὶᾼΚωγξσταντίνου
2706 2589 2800 2640 καί
2842 2586 2950 2654 τῆς
2993 2589 3274 2655 στρατιᾶς
3299 2590 3617 2657 νὈνωριόυ,

2107 2655 2203 2729 καὶ
2256 2656 2562 2729 Ἐδοὸίχου
2595 2657 2699 2710 τοῦ
2727 2659 3064 2729 cepam-3oz”)
3094 2676 3106 2690 ’
3156 2662 3252 2713 καὶ
3283 2656 3429 2729 ἧττα
3459 2655 3622 2714 Ἔδο-

2106 2726 2276 2793 ΰίχου
2310 2726 2446 2798 rimo
2503 2729 2778 2798 Οὺλφίλα
2825 2726 2931 2783 τοῦ
2967 2726 3404 2798 συστρατηγοῦ
3461 2734 3622 2784 Κων-

2103 2797 2449 2858 σταντίνου.
2481 2797 2580 2850 καὶ
2625 2797 2813 2866 φόνος
2840 2799 3047 2853 αὑτοῦ.

2108 2887 2513 2952 Κωνσταντῖνος
2561 2887 2642 2952 δὲ,
2682 2887 3129 2960 περικαθημένης
3191 2889 3292 2958 τῆς
3359 2890 3622 2962 Ὀνωρίου.

2038 2980 2318 3051 στρατιᾶς,
2357 2977 2436 3032 ἔτι
2477 2979 2612 3050 πρὸς
2640 2979 2738 3050 τὴν
2769 2980 3083 3052 πολιορκίαν
3119 2981 3384 3051 ἀντεῖχεν,
3419 2981 3620 3049 ἀγγελ-

341 3091 468 3130 cum
501 3076 549 3128 ei
591 3077 908 3130 nuntiatum
942 3086 1126 3142 esset,
1177 3076 1479 3132 Edobicum
1524 3093 1649 3133 cum
1687 3078 1925 3147 ingenti-

2034 3071 2216 3134 θέντος
2259 3070 2528 3141 Ἑδοὸίχου
2583 3071 2722 3140 μετά
2778 3073 3035 3143 πλείστης
3083 3074 3400 3145 συμμαχίας
3447 3074 3618 3144 ἥξειν.

341 3168 446 3221 bus
469 3167 690 3221 auxiliis
717 3169 1035 3222 adventare.
1067 3168 1224 3234 Quod
1251 3168 1476 3238 quidem
1502 3169 1668 3224 etiam
1701 3169 1925 3224 Honorii

341 3262 512 3315 duces
555 3273 886 3328 magnopere
917 3260 1161 3314 terrebat
1191 3279 1203 3313 :
1253 3260 1390 3316 adeo
1421 3271 1480 3314 ut
1513 3262 1567 3314 in
1601 3261 1807 3315 italiam
1843 3277 1926 3316 rc-

341 3350 521 3415 verti,
579 3357 752 3420 atque
805 3349 920 3405 illic
970 3350 1176 3405 bellum
1229 3365 1422 3422 gerere
1468 3350 1584 3421 jam
1639 3362 1924 3422 pararent.

339 3441 590 3510 Cumque
633 3441 686 3495 id
712 3441 1012 3497 consilium
1066 3441 1404 3513 placuisset,
1455 3442 1710 3497 nuntiato
1756 3445 1927 3513 proti-

341 3547 448 3587 nus
476 3531 701 3588 Edobici
728 3533 964 3588 adventu
985 3573 1000 3598 ,
1029 3541 1083 3588 et
1110 3531 1259 3604 quod
1291 3533 1340 3589 is
1368 3535 1423 3588 in
1457 3534 1712 3605 proximo
1741 3543 1928 3588 castra

343 3625 602 3689 haberet,
667 3624 774 3694 ipsi
834 3622 1162 3679 Rhodanum
1216 3639 1435 3680 amnem
1498 3625 1801 3696 trajiciunt.
1864 3623 1930 3678 Et

340 3717 702 3772 Constantius
732 3715 956 3785 quidem
984 3717 1079 3788 qui
1113 3716 1400 3786 pedestres
1428 3716 1618 3786 copias
1645 3716 1928 3780 ductabat,

342 3809 638 3864 adventum
671 3807 911 3862 hostium
944 3809 1362 3878 opperiebatur.
1397 3809 1561 3865 Ullila
1608 3825 1738 3866 vero
1781 3810 1929 3864 Con-

343 3897 536 3954 stantii
572 3896 811 3967 collega,
846 3896 994 3951 haud
1029 3897 1225 3976 procul
1259 3897 1481 3954 abditus
1514 3913 1641 3954 cum
1677 3901 1926 3971 equitatu

343 3987 687 4045 subsidebat.
714 3986 1011 4060 Postquam
1041 3987 1230 4044 hostes
1257 3988 1556 4044 exercitum
1591 3989 1766 4045 Ulﬁlm
1790 4006 1928 4061 prae-

342 4079 638 4151 tergressi,
681 4077 797 4148 jam
842 4093 965 4133 eum
1017 4073 1306 4134 militibus'
1333 4077 1646 4135 Constantii
1689 4096 1924 4151 pugnam

343 4171 534 4226 inituri
577 4180 738 4226 erant
760 4211 774 4235 ,
815 4178 1042 4240 repente
1073 4171 1237 4240 signo
1265 4169 1399 4226 dato
1429 4186 1799 4243 prorumpens
1828 4171 1926 4228 Ul-

344 4253 488 4325 ﬁla,’
517 4262 705 4318 hostes
751 4278 781 4316 a
839 4270 994 4334 tergo
1041 4261 1274 4317 invadit.
1321 4261 1629 4336 Statimque
1676 4265 1926 4335 disjectis

343 4369 532 4407 eorum
588 4355 806 4426 copiis,
865 4353 958 4408 alii
1009 4355 1064 4408 in
1112 4352 1295 4425 fugam
1335 4355 1522 4423 versi,
1569 4357 1664 4411 alii
1711 4358 1921 4426 occisi,

2043 3161 2212 3214 Τοῦτο
2252 3161 2306 3214 δὲ
2336 3162 2429 3215 καὶ
2458 3164 2583 3226 τοὺς
2623 3163 2878 3235 Ὀνωρίου
2912 3167 3249 3235 στρατηγοὺς
3289 3167 3349 3219 οὐ
3383 3170 3620 3240 μετρίως

2043 3253 2248 3320 ἐφόϐει.
2285 3253 2740 3327 Βουλευσαμένων
2797 3272 2854 3310 τε
2901 3257 3079 3312 αὐτῶν
3128 3258 3483 3329 ἀναστρέφειν
3535 3263 3618 3324 είς

2053 3348 2303 3416 Ἰταλίαν,
2339 3348 2499 3401 κάκεῖ
2527 3349 2866 3419 πειραθῆναι
2896 3347 2989 3402 τοῦ
3021 3349 3285 3421 πολέμου,
3314 3351 3402 3403 καὶ
3427 3352 3615 3421 ἐπειδὴ

2035 3439 2192 3493 τοῦτο
2249 3441 2554 3504 συνεδόκει,
2605 3440 2832 3511 πλησίον
2889 3439 3246 3508 ἀγγελθέντος
3320 3439 3612 3511 Ἐδοϐίχου,

2038 3530 2247 3602 περῶσι
2285 3530 2533 3586 Ῥοδανὸν
2562 3531 2650 3583 τὸν
2685 3529 2946 3598 ποταμόν.
2976 3530 3084 3584 Καὶ
3110 3529 3484 3590 Κωνστὰντιος
3515 3528 3615 3599 μὲν

2034 3621 2172 3693 ἔχων
2221 3621 2348 3686 τοὺς
2399 3621 2616 3686 πεζοὺς,
2670 3623 2919 3686 ἐπιόντας
2957 3621 3240 3692 περιμένει
3285 3622 3414 3685 τοὺς
3458 3621 3614 3673 πολε-

2037 3715 2191 3783 μίους
2220 3730 2232 3742 ·
2279 3713 2549 3782 Οὐλφίλας
2573 3713 2630 3775 δέ
2660 3715 2688 3767 ὀ
2715 3714 3094 3770 Κωνσταντίου
3132 3716 3525 3785 συστρατηγὸς,
3551 3717 3611 3768 οὔ

2034 3806 2316 3876 πόρρωθεν
2353 3805 2684 3876 ἀποκρυὸεὶς
2720 3806 2858 3876 μετά
2901 3805 3009 3859 τῶν
3043 3808 3251 3860 ἱππέων
3304 3807 3610 3861 ἐλάνθανεν.

2045 3899 2198 3951 Ἐπεὶ
2228 3897 2284 3950 δὲ
2313 3896 2761 3968 παραμείψαντες
2798 3899 2848 3950 οἱ
2879 3897 3126 3967 πολέμιοι
3158 3897 3252 3951 τοῦ
3282 3898 3524 3968 Οὐλφίλα
3547 3902 3612 3970 τῇ

2036 3992 2296 4061 στρατιᾷ,
2339 3989 2560 4060 ἔμελλον
2610 3991 2688 4052 είς
2740 3992 2926 4062 χεῖρας
2982 3990 3119 4044 ίέναι
3171 3989 3278 4042 τῶν
3331 3990 3476 4060 ἀμφὶ
3522 3988 3614 4047 τὸν

2033 4081 2432 4144 Κωνστάντιον,
2465 4079 2690 4151 σημείου
2721 4079 2985 4146 δοθέντος,
3017 4081 3277 4152 ἐξαπίνης
3322 4081 3613 4149 ἀναφανεὶς

2033 4171 2331 4242 Οὐλφίλας,
2383 4171 2528 4226 κατά
2573 4171 2744 4226 νώτου
2769 4171 2877 4225 τῶν
2903 4173 3177 4243 πολεμίων
3200 4171 3430 4243 ήλαυνεν
3456 4188 3470 4202 ·
3516 4171 3614 4224 αὖε

2031 4265 2157 4318 τίκα
2198 4281 2256 4316 τε
2292 4261 2503 4334 τροπῆς
2531 4264 2848 4334 γενομένης,
2899 4265 2948 4316 οί
2995 4263 3092 4333 μὲν
3126 4263 3428 4332 φεύγουσι,
3480 4264 3528 4316 οί
3565 4261 3612 4315 δ’

2033 4356 2422 4428 ἀναιροῦνται,
2475 4357 2524 4409 οἱ
2577 4357 2632 4409 δὲ
2687 4356 2904 4420 πλείους
2953 4357 3212 4411 τὰ’δπλα
3263 4356 3608 4428 ἀποθέμενοι,

345 4447 593 4516 plurimi,
624 4447 796 4502 armis
827 4445 1083 4516 abiectis,
1111 4447 1326 4502 veniam
1356 4456 1663 4517 poscentes,
1687 4450 1917 4505 salutem

2034 4449 2360 4519 συγγνώμην
2388 4449 2619 4520 ᾔτησαν,
2651 4449 2745 4501 καὶ
2784 4447 2994 4517 φειδοῦς
3025 4448 3355 4520 ἠξιώθησαν.
3414 4451 3614 4504 Ἐδόὸιο

345 4531 629 4594 consecuti
661 4547 810 4596 sunt.
838 4537 1115 4594 Edovicus
1141 4546 1322 4595 autem
1352 4554 1661 4596 conscenso
1688 4557 1851 4610 equo.
1877 4543 1931 4598 in

2034 4557 2123 4611 χος
2154 4539 2208 4592 δὲ
2240 4539 2407 4591 ἵππου
2442 4537 2659 4599 ὲπιὸἀς,
2709 4537 2908 4607 ἔφυγεν
2963 4541 3043 4600 εἰς
3095 4539 3264 4610 ἀγρόν
3309 4557 3430 4593 τινα
3477 4543 3612 4610 πρὸς

344 4645 534 4700 agrum
554 4632 842 4700 quemdam
861 4630 1122 4702 profugit,
1145 4631 1212 4685 ad
1245 4629 1529 4686 Ecdicium
1562 4633 1684 4702 ejus
1713 4647 1931 4703 posses-

2043 4629 2308 4684 Ἐκδίκιον
2337 4628 2430 4682 τὸν
2465 4627 2820 4698 κεκτημένον,
2853 4628 3078 4683 πλεῖστα
3111 4631 3237 4700 παρ’
3263 4631 3428 4685 αὑτοῦ
3473 4631 3611 4685 Ἐδοο

344 4735 558 4786 sorem,
589 4721 681 4791 qui
707 4723 907 4777 multis
951 4723 1086 4778 olim
1115 4721 1398 4778 beneﬁciis
1428 4723 1496 4778 ab
1530 4722 1771 4778 Edobieo
1801 4723 1931 4780 all‘e-

2034 4723 2182 4793 6ίχου
2233 4721 2496 4792 πρότερον
2541 4721 3011 4794 εὐηργετημένον,
3062 4723 3153 4774 καὶ
3201 4723 3352 4791 φίλον
3393 4723 3610 4794 νομιζό-

343 4821 468 4869 ctus
492 4852 506 4876 ,
538 4813 748 4868 amicus
780 4815 862 4868 illi
891 4829 1017 4870 esse
1058 4814 1376 4885 putabatur.
1423 4814 1624 4870 Verum
1667 4815 1927 4872 Ecdicius

344 4912 507 4975 caput
532 4901 755 4958 Edobici
799 4913 1146 4976 amputatum
1182 4905 1251 4960 ad
1288 4905 1517 4962 Honorii
1559 4907 1728 4963 duces
1770 4908 1927 4964 detu-

2035 4831 2215 4885 μενον.
2279 4814 2336 4866 Ὀ
2362 4813 2438 4879 δὲ,
2473 4813 2572 4884 τὴν
2607 4812 2772 4866 αὑτοῦ
2807 4813 3046 4886 κεφαλὴν
3080 4812 3391 4884 ἀποτεμὼν,
3441 4831 3610 4886 προσ-

2031 4905 2188 4976 φέρει
2215 4906 2327 4988 τοῖς
2367 4903 2623 4976 ὐνωρίου
2653 4907 2997 4977 στρατηγοῖς,
3037 4905 3122 4956 ἐπ’
3153 4905 3327 4959 ἐλπίδι
3361 4905 3612 4976 μεγάλων

1561 5079 1826 5136 VALESH
1865 5078 2414 5136 ANNOTATIONES.

343 5219 494 5274 nullo
534 5216 598 5271 ab
645 5214 812 5272 Italia
863 5223 1024 5287 metu,
1071 5213 1452 5272 Constantinus
1491 5218 1629 5287 gula:
1659 5235 1721 5272 ac
1756 5219 1923 5272 ventri

342 5291 576 5351 deditus,
609 5287 781 5341 redire
803 5286 872 5339 ad
903 5288 1196 5358 Hispanias
1228 5289 1396 5358 ﬁlium
1429 5286 1624 5346 monet.
1659 5289 1762 5353 Qui
1785 5304 1923 5356 pra:-

344 5361 522 5414 missis
558 5358 879 5428 agminibus,
923 5355 1049 5408 dum
1108 5355 1236 5411 cum
1309 5366 1460 5428 patre
1524 5355 1794 5424 resideret,
1857 5359 1922 5411 ab

345 5427 611 5496 Hispania
653 5429 824 5481 nuntii
873 5433 1189 5495 commeant,
1227 5447 1256 5481 ιι
1303 5427 1551 5482 Gerontio
1598 5429 1921 5492 Maximum,
1970 5445 1976 5450 ·

344 5515 507 5552 unum
529 5515 593 5552 e1:
625 5499 900 5552 clientibus
931 5499 1062 5564 suis,
1093 5500 1310 5568 imperio
1344 5502 1647 5567 prwditum,
1677 5509 1834 5568 atque
1869 5500 1923 5551 in

343 5584 399 5622 se
424 5570 676 5622 comitatu
718 5571 949 5636 gentium
997 5569 1346 5624 barbararum
1391 5571 1684 5623 accinctum
1714 5570 1920 5636 parari.

345 5637 464 5710 Quo
509 5639 771 5704 exterriti,
822 5636 1090 5694 Edobecco
1133 5643 1201 5694 ad
1245 5641 1535 5697 Germanas
1577 5651 1921 5710 gentes‘prw-

344 5709 529 5780 misso,
562 5710 849 5782 Constans,
881 5720 930 5766 et
956 5711 1244 5786 prw/‘ectus
1288 5715 1405 5783 jam
1438 5707 1700 5768 Decimius
1735 5707 1916 5766 Rustio

2006 5224 2122 5276 'cus
2175 5231 2240 5269 ex
2286 5215 2588 5285 ofﬁciorum
2629 5217 2918 5286 magistro,
2960 5228 3142 5286 petunt
3195 5219 3436 5279 Gallias.
3492 5237 3610 5274 cum

2035 5286 2262 5360 (fruticis
2306 5297 2357 5360 et
2387 5286 2702 5360 Alamannis
2732 5326 2746 5348 ,
2793 5290 3038 5360 omnique
3072 5292 3301 5346 militum
3334 5307 3492 5344 manu
3541 5290 3610 5344 ad

2032 5355 2444 5413 Constantinum
2468 5355 2811 5428 jamjamque'
2842 5355 3088 5413 redituri.

2104 5428 2217 5497 (40)
2253 5429 2576 5496 Νοννιχίας
2597 5426 2925 5496 τῆς⁷αὺτοῦ
2948 5429 3230 5499 γαμετῆς.
3263 5431 3416 5498 Apud
3445 5430 3610 5486 Nice-

2031 5497 2265 5571 phorum
2299 5499 2367 5571 ⁸ἰιι
2415 5499 2522 5571 lib._
2550 5514 2661 5571 xiv,
2695 5514 2815 5568 cap.
2858 5500 2910 5565 6,
2959 5497 3232 5571 scriptum
3266 5497 3350 5556 est
3400 5502 3610 5555 Νουνυ-

2030 5566 2175 5638 χίας.
2208 5566 2314 5638 §ed
2354 5583 2463 5623 non
2494 5568 2687 5622 dubito
2721 5566 2855 5638 quin
2910 5566 3267 5636 scribendum
3303 5574 3373 5624 sit
3410 5571 3608 5632 Νουνε-

2028 5638 2170 5764 ἔξαὲ.
2207 5637 2303 5699 Est
2362 5639 2508 5703 enim
2550 5637 2750 5696 nomen
2794 5641 3083 5718 proprium.
3143 5641 3391 5723 mulieris
3433 5641 3621 5710 Nune-

2082 5725 2115 5763 n
2159 5748 2172 5764 .

2026 5722 2172 5764 cma.
