4050 6218
362 324 499 380 ίίὶὶό

1303 326 1621 383 HISTORIA
1662 325 2205 383 ECCLESIASTICA.
2238 358 2307 367 —
2342 327 2468 382 LIB.
2501 327 2593 382 IX.

3473 333 3615 392 i626

358 449 545 519 δώρων
578 448 670 503 καὶ
700 449 884 519 τιμῆς.
921 448 1291 513 Κωνστάντιος
1329 450 1384 503 δὲ
1417 450 1512 520 τὴν
1547 450 1644 519 μὲν
1688 448 1929 520 κεφαλὴν

2038 450 2126 516 lit,
2161 450 2327 521 380
2356 449 2593 504 maxima
2622 446 2692 502 ab
2726 446 2838 504 illis
2878 463 3109 506 munera
3147 456 3202 505 et
3251 449 3516 509 honorem
3544 469 3611 510 se

358 539 617 609 δεχθῆναι
668 540 984 610 προσέταξε,
1035 540 1195 611 χάριν
1245 540 1387 611 ἔχειν
1439 540 1691 612 Ἐκδικίῳ
1733 541 1794 594 τὸ
1837 542 1929 610 δη-

363 630 552 698 μόσιον
592 630 758 683 εἰπὼν
790 631 888 699 τῆς
931 631 1167 701 Ούλφίλα
1201 632 1451 703 πράξεως
1498 633 1608 703 tu)
1636 650 1647 663 ·
1696 634 1932 686 συνεῖναι

359 723 417 775 δὲ
474 721 839 784 σπουδάζοντα
888 723 1048 776 αὑτὸν
1106 725 1411 795 ἀναχωρεῖν
1460 724 1744 777 ἐκέλευσεν
1769 763 1783 788 ,
1833 725 1934 778 οὐκ

358 816 569 885 ἀγαθὴν
613 814 957 885 ἡγησάμενος
992 814 1164 870 κακοῦ
1213 815 1484 885 ξενοδόχου
1518 815 1614 886 τὴν
1649 816 1934 869 συνουσίαν

360 905 572 958 ἔσεσθαι
600 905 749 976 αὐτῷ
780 906 813 977 ἢ
845 908 912 977 τῇ
946 907 1194 977 στρατιᾷ.
1222 907 1333 960 Καὶ
1359 908 1387 959 ὁ
1414 905 1533 976 μὲν,
1567 906 1721 975 φίλου
1747 905 1938 975 ἀνδρὸς

360 997 453 1048 καὶ
503 995 651 1060 ξένου
709 999 767 1051 ὲν
820 997 1133 1068 δυσπραγίᾳ
1185 997 1528 1068 διακειμένου
1575 996 1936 1051 ἀνοσιώτατον

361 1089 517 1154 φόνον
548 1090 846 1161 τολμήσας,
891 1090 1035 1145 κατὰ
1082 1091 1275 1163 κενῆς,
1322 1088 1480 1145 τοῦτο
1514 1090 1579 1163 δὴ
1618 1090 1710 1145 τοῦ
1752 1090 1932 1160 λόγου,

360 1178 537 1249 χανὼν
568 1180 797 1252 ἀπῆλθε.
1330 1169 1337 1175 ’

948 1449 1198 1505 ΚΕΦΑΛ.
1238 1451 1339 1504 ΙΕ’.

361 1537 500 1605 Περὶ
554 1536 666 1605 τῆς
722 1538 1065 1610 ἀποθέσεως
1121 1539 1242 1593 τῶν
1285 1540 1629 1604 βασιλικῶν
1670 1542 1936 1610 σημείων

436 1609 896 1690 Κωνσταντζνςιί
914 1648 929 1670 ,
970 1608 1067 1663 καὶ
1103 1610 1189 1690 ὡς
1211 1609 1628 1690 ἐχειροτονήθη
1676 1608 1933 1690 πρεσόξύο
1999 1637 2005 1643 ο

430 1693 636 1747 {spor
687 1676 1073 1747 καὶλθάνατος
1123 1676 1308 1732 aurei)
1331 1676 1635 1747 ὕστερον,
1675 1676 1773 1733 καὶ
1813 1678 1932 1733 τῶν

430 1734 635 1800 ἄλλων
670 1745 980 1814 τυράννων
1003 1734 1122 1802 τῶν
1151 1734 1634 1802 ἐπαναστάντων
1659 1749 1930 1817 Ὀνιιερίῳ.
1968 1734 2008 1786 Β

431 1836 587 1891 Μετὰ
617 1838 673 1890 δὲ
702 1838 801 1909 τὴν
829 1839 985 1909 νίκην
1028 1839 1553 1909 ἀντιπεραιωθείσης
1596 1837 1753 1903 αὖθις
1799 1838 1936 1911 πρὸς

359 1928 459 1997 τὴν
489 1927 642 1981 πόλιν
671 1928 767 1997 τῆς
810 1928 1065 1998 Ὀνωρίου
1095 1931 1374 2000 στρατιᾶς,
1425 1929 1613 1999 μαθὼν
1646 1931 1931 1983 Κωνσταν-

358 2018 503 2078 τίνος
552 2016 889 2087 ἀναιρεῖσθαι
949 2017 1216 2087 Ἐδόόιχον
1248 2019 1383 2088 (42),
1436 2018 1598 2082 αὐτὸς
1642 2019 1702 2082 ἐξ
1740 2019 1934 2072 ἑαυτοῦ

358 2106 458 2176 τὴν
490 2105 780 2176 ἁλουργίδα
828 2108 923 2162 καὶ
952 2108 1021 2161 τὰ
1061 2108 1305 2179 σύμϐολα
1345 2109 1444 2178 τῆς
1511 2109 1788 2179 βασιλείας
1832 2110 1938 2162 ἀπ-

361 2196 514 2250 ἔθετο
540 2212 553 2227 ο
579 2199 673 2252 καὶ
704 2198 1025 2251 καταλαϐὼν
1070 2199 1169 2270 τὴν
1207 2199 1522 2270 ἐκκλησίαν,
1555 2204 1937 2272 χειροτονεῖται

361 2288 752 2360 πρεσϐύτερος.
787 2290 1024 2361 Ὄρκους
1058 2306 1119 2344 τε
1152 2292 1416 2363 πρότερον
1446 2292 1701 2357 λαϐόντες
1746 2293 1796 2346 οἱ
1829 2292 1937 2347 ἔσω

358 2377 574 2447 τειχῶν,
622 2378 894 2448 ἀνοίγουσι
923 2379 1022 2444 τάς
1051 2379 1245 2446 πύλας,
1289 2383 1383 2435 καὶ
1415 2381 1629 2451 φειδοῦς
1661 2383 1936 2450 ἀξιοῦνται

358 2468 579 2531 πάντες.
616 2468 725 2522 Καὶ
771 2469 832 2522 τὸ
877 2469 938 2534 ἐξ
977 2470 1189 2524 ἐκείνου
1236 2470 1398 2525 πάλιν
1426 2471 1488 2525 τὸ
1519 2472 1645 2543 τῇδε
1693 2473 1937 2543 ὑπήκοον

359 2561 442 2622 είς
462 2560 562 2631 τὴν
596 2559 855 2631 Ὃνωρίου
880 2560 1177 2631 ἠγεμονίαν
1217 2562 1488 2631 ἐπανῆλθε
1513 2601 1528 2625 ,
1581 2564 1674 2616 καὶ
1701 2566 1815 2627 τοῖς
1844 2564 1935 2617 ὑπ’

358 2649 520 2702 αὑτὸν
577 2648 834 2720 ἄρχουσιν
897 2649 1163 2703 ἐπείθετο.
1236 2652 1644 2714 Κωνσταντῖνος
1710 2651 1769 2704 δὲ
1820 2651 1937 2722 ἅμα

371 2740 640 2811 Ἰουλιανῷ
668 2740 746 2811 τῷ
784 2741 933 2795 παιδὶ¹
962 2741 1385 2812 παραπεμφθεὶς
1408 2743 1486 2806 εἰς
1530 2740 1777 2809 Ἰταλίαν,
1808 2745 1937 2814 πρὶν

354 2831 595 2900 φθάσαι,
660 2834 802 2887 κατά
854 2832 953 2904 τὴν
1007 2834 1126 2888 ὁδὸν
1173 2833 1474 2889 κτίννυται.
1531 2835 1605 2888 Ού
1650 2835 1828 2905 πολλῷ
1879 2837 1937 2890 δὲ

359 2923 587 2993 ὕστερον
613 2906 892 2996 ἀδοκήτως
913 2923 1257 2996 ἀναιροῦνται
1293 2925 1545 2989 ’ῐοϐιανός
1571 2943 1627 2980 τε
1650 2927 1746 2980 καὶ⁸
1769 2926 1937 2990 Μάξι-

362 3032 464 3086 μος
484 3016 595 3086 (45)
614 3016 644 3055 ιι
666 3018 715 3068 οί
745 3014 1136 3087 προειρημένοι
1161 3015 1436 3086 τύραννοι,
1467 3016 1563 3070 καὶ
1594 3017 1767 3088 Σάρος
1790 3016 1930 3088 (44),

360 3108 454 3161 καὶ
482 3105 630 3160 ἀλλοι
668 3106 911 3160 πλεῖστοι
946 3107 1054 3161 ’ἐπὶ
1096 3106 1324 3173 τούτοις,
1358 3106 1840 3173 ἐπιϐουλεύσαντες
1863 3112 1929 3180 τῇ

369 3197 627 3269 ὐνωρίου
662 3197 927 3270 βασιλείᾳ.

2036 542 2366 612 adepturum
2404 556 2657 611 sperans.
2707 541 3070 598 Constantius
3113 556 3248 597 vero
3282 552 3448 613 caput
3486 545 3615 615 qui-

2036 632 2157 687 dem
2172 632 2344 704 accipi
2371 633 2565 703 jussit,
2590 633 2784 691 dicens
2802 632 3199 703 rempublicam
3214 635 3420 704 gratias
3452 649 3612 705 agere

2044 721 2216 778 ωηιξη
2265 724 2335 778 ob
2387 723 2598 779 facinus
2626 724 2864 791 Ecdicii,
2896 726 2989 781 sed
3022 740 3148 779 cum
3178 724 3434 780 Ecdicius
3468 729 3610 796 apud

2041 812 2223 882 ipsum
2263 826 2487 869 manere
2516 815 2715 879 vellet,
2756 815 3053 872 abscedere
3091 832 3217 873 eum
3253 818 3468 888 jussit:
3512 837 3613 877 nec

2040 903 2144 957 sibi
2167 943 2182 964 ,
2217 919 2317 960 nec
2346 904 2614 961 exercitui
2643 908 2987 963 commodam
3042 906 3159 963 fore
3190 918 3345 965 ratus
3380 926 3613 964 consue-

2040 993 2287 1049 tudinem
2319 995 2439 1064 ejus
2469 995 2573 1049 viri
2599 1036 2613 1060 ,
2644 996 2737 1066 qui
2766 1004 2876 1050 tam
2907 997 3048 1051 male
3081 998 3325 1069 hospites
3354 1014 3486 1054 suos
3518 1015 3614 1053 ex-

2041 1085 2269 1155 ciperet.
2308 1084 2385 1139 Ita
2431 1084 2722 1151 Ecdicius,
2767 1102 2893 1142 cum
2943 1087 3188 1144 hominis
3235 1090 3399 1144 amici
3450 1098 3615 1161 atque

2041 1176 2278 1246 hospitis
2306 1177 2537 1234 adversa
2570 1175 2793 1232 fortuna
2822 1177 2908 1234 usi
2948 1178 3217 1235 nefariam
3251 1180 3455 1237 caedem
3491 1198 3615 1252 per-

2039 1274 2257 1335 petrare
2296 1282 2464 1324 ausus
2514 1269 2749 1336 fuisset,
2797 1269 3079 1327 incassum
3114 1272 3276 1328 hians
3302 1312 3317 1339 ,
3352 1282 3413 1328 ut
3453 1276 3615 1347 vulgo

2040 1357 2148 1413 dici
2176 1358 2341 1423 solet,
2378 1360 2667 1419 abscessit.

2665 1451 2820 1508 CAP.
2863 1452 2978 1508 XV.

2042 1535 2331 1616 Quomodo.
2359 1537 2743 1616 Constantinus
2770 1543 3003 1616 insignia
3039 1546 3245 1616 imperii
3276 1546 3608 1616 deposuerit,

2108 1617 2157 1661 et
2189 1608 2461 1681 presbyter
2486 1611 2659 1678 [actus
2683 1608 3142 1681 fuerithjusdeni
3166 1608 3373 1679 ra’des',
3397 1626 3446 1671 et
3474 1608 3617 1671 alio;

2107 1692 2223 1731 rum
2256 1678 2359 1747 qui
2380 1678 2628 1734 adversus
2662 1678 2953 1736 Honorium
2982 1684 3386 1741 rebellaverant.

2111 1829 2244 1885 Post
2302 1831 2449 1887 hanc
2505 1835 2830 1902 victoriam,
2887 1850 3011 1891 cum
3057 1838 3334 1894 exercitus
3380 1838 3611 1894 Honorii

2037 1922 2267 1988 traiecto
2296 1925 2496 1977 iterum
2532 1939 2697 1980 amne
2730 1924 2797 1979 ad
2832 1926 3174 1981 obsidionem
3209 1928 3367 1983 urbis
3424 1944 3613 1983 rever-

2038 2007 2217 2072 tisset,
2245 2009 2668 2076 Constantinus,
2698 2014 2917 2083 cognita
2950 2014 3172 2070 Edobici
3203 2018 3349 2071 caede
3371 2057 3388 2081 ,
3414 2033 3617 2087 purpu-

2038 2114 2156 2153 ram
2186 2108 2244 2155 et
2277 2103 2490 2173 reliqua
2529 2104 2749 2174 imperii
2780 2105 3019 2176 insignia
3066 2116 3262 2176 sponte
3315 2110 3613 2180 deposuit;

2037 2204 2272 2261 cinoque
2315 2193 2385 2248 ad
2421 2195 2714 2250 ecclesiam
2748 2197 3027 2264 venisset,
3062 2199 3176 2254 illic
3217 2200 3498 2273 presbyter
3525 2218 3617 2257 or-

2037 2284 2261 2341 dinatus
2292 2294 2398 2342 est.
2435 2286 2660 2344 Obsessi
2704 2305 2869 2354 vero,
2917 2301 3143 2362 accepta
3189 2294 3343 2362 prius
3383 2295 3617 2365 jurisju—

2038 2376 2200 2430 randi
2251 2377 2392 2442 fide,
2449 2386 2643 2447 portas
2689 2381 2980 2448 aperiunt,
3032 2390 3089 2436 et
3118 2384 3363 2440 universi
3398 2386 3616 2441 veniam

2037 2466 2321 2521 consecuti
2371 2475 2522 2521 sunt.
2576 2466 2758 2537 Atque
2807 2483 2875 2523 ex
2920 2482 2986 2523 eo
3017 2477 3264 2539 tempore
3309 2472 3393 2526 ha:
3423 2486 3618 2527 omnes

2038 2556 2341 2627 provinciae
2373 2557 2478 2612 sub
2510 2566 2839 2626 potestatem
2874 2559 3106 2614 Honorii
3147 2562 3358 2617 rediere
3384 2601 3398 2625 ,
3431 2571 3486 2616 et
3514 2564 3619 2617 du-

2039 2649 2201 2705 cibus
2252 2663 2317 2703 ac
2361 2649 2675 2706 rectoribus
2710 2649 2860 2706 illius
2892 2649 3155 2722 deinceps
3188 2667 3439 2721 paruere.
3467 2653 3614 2707 Con-

2039 2741 2321 2797 stantinus
2350 2755 2517 2810 porro
2545 2755 2651 2795 una
2694 2755 2819 2795 cum
2866 2739 3086 2796 Juliano
3135 2742 3246 2797 filio
3292 2741 3345 2795 in
3399 2740 3613 2796 Italiam

2038 2833 2276 2896 missus,
2312 2842 2607 2902 antequam
2641 2847 2706 2887 eo
2738 2834 3124 2902 pervenisset,
3174 2836 3233 2887 in
3283 2833 3489 2889 itinere
3528 2841 3617 2889 est

2028 2925 2281 2982 occisus.
2330 2921 2443 2978 Nec
2475 2923 2652 2978 multo
2680 2932 2805 2994 post
2851 2922 3082 2979 Jovinus
3123 2931 3179 2979 et
3213 2924 3481 2981 Maximus
3529 2933 3617 2997 ty-

2038 3012 2504 3082 rauni;quorum
2561 3012 2817 3082 superius
2860 3004 3199 3069 mentionem
3250 3011 3518 3079 fecimus,
3547 3029 3616 3070 ex

2035 3105 2343 3174 improviso
2373 3104 2653 3161 interfecti
2683 3111 2814 3160 sunt
2840 3123 2855 3161 :
2894 3104 3066 3161 Sarus
3097 3104 3229 3161 item
3263 3113 3319 3161 et
3348 3106 3440 3160 alii
3473 3122 3614 3177 pra:-

2039 3186 2184 3252 terea
2216 3197 2565 3268 complures,
2602 3196 2699 3266 qui
2738 3194 2969 3252 Honorii
3016 3195 3247 3267 imperio
3288 3195 3503 3253 fuerant
3532 3198 3618 3252 in-

2039 3286 2248 3342 sidiati.

1551 3462 1821 3518 VALESII
1855 3463 2408 3521 ANNOTATIONES.

427 3616 540 3689 (Η)
578 3617 693 3686 Τῆς
733 3616 1009 3689 ρρλφίλα
1061 3615 1348 3689 πράξεως.
1382 3614 1542 3670 Hunc
1592 3618 1770 3689 lo_cum
1811 3632 1934 3689 pes-

358 3685 500 3742 sime
530 3685 694 3742 vertit
748 3685 1050 3741 Mus'culus.
1090 3685 1362 3741 Sull‘ridus
1416 3692 1595 3740 autem
1627 3685 1826 3741 Petrus
1858 3687 1932 3740 ita

361 3757 758 3824 interpretatus
786 3763 869 3811 est
891 3770 905 3809 :
927 3755 1315 3826 Constantinus
1341 3765 1517 3809 autent
1541 3764 1699 3826 caput
1724 3755 1930 3825 quidem

357 3827 524 3894 accipi
545 3826 846 3895 jussit,rac
875 3828 1079 3894 gratias
1114 3825 1328 3879 Ecdicio
1368 3827 1453 3895 agi
1501 3826 1799 3893 reipublicae
1844 3842 1933 3879 no-

350 3894 656 3965 mine,’qui
724 3894 953 3966 Ulphila:
1002 3897 1166 3965 ofﬁcio
1214 3894 1427 3966 [igtctus
1484 3906 1653 3960 esset;
1709 3910 1931 3966 sensum

362 3975 538 4036 tamen
562 3964 890 4021 minime'est
908 3964 1220 4036 assecutus.
1247 3964 1342 4021 Est
1364 3979 1495 4036 sane
1525 3966 1744 4036 elegans
1770 3964 1931 4036 locus

356 4033 450 4091 ille
470 4032 786 4090 Constantii
817 4036 1084 4091 adversus
1118 4034 1423 4089 Ecdicium.
1444 4032 1578 4088 Nam
1607 4032 1734 4089 eum
1769 4032 1931 4088 Ecdi-

356 4104 478 4175 cius
514 4105 804 4175 maximam
850 4108 1153 4175 mercedem
1183 4120 1242 4160 se
1287 4114 1642 4175 accepturum
1683 4111 1930 4175 speraret

356 4174 429 4229 ob
483 4181 650 4244 caput
719 4173 1028 4238 Edobichi,
1086 4174 1451 4229 Constantius
1514 4173 1729 4243 praeter‘
1781 4175 1929 4229 illius

355 4243 825 4313 exspectationem
889 4243 1214 4313 respondit,
1281 4244 1679 4313 rempublicam
1721 4245 1929 4313 gratias

356 4311 521 4384 agere
553 4312 789 4383 Ulphilae
820 4316 890 4368 ob
926 4311 1130 4384 factum
1158 4311 1483 4368 Ecdicii.‘Si
1526 4314 1672 4369 enim
1708 4311 1929 4384 Ulphila

350 4382 468 4437 nun
499 4382 731 4439 fudisset
766 4386 954 4454 copias
1006 4383 1301 4454 Edobicbi,
1355 4399 1634 4453 nunquam
1664 4385 1716 4440 ei
1764 4382 1932 4454 caput

355 4462 700 4524 amputasset
728 4452 1004 4509 Ecdicius.
1026 4452 1201 4524 Verba
1226 4455 1410 4523 itaque
1442 4452 1778 4524 transposita
1804 4452 1934 4524 sunt

355 4522 412 4576 in
443 4522 652 4588 Caeco,
690 4533 743 4579 et
776 4523 1117 4580 restituenda
1174 4522 1636 4593 quemadmodum
1683 4523 1817 4577 dixi.
1850 4522 1938 4575 Ni-

355 4594 629 4663 cephorus
652 4609 784 4647 vero
811 4609 937 4649 cum
996 4594 1145 4648 hunc
1202 4595 1385 4649 locum
1421 4607 1534 4648 non
1581 4593 1934 4663 intelligeret,

356 4677 550 4733 vocem
590 4663 828 4731 Οὑλφίλα
854 4667 1141 4733 expunxit.

428 4732 541 4801 (42)
602 4732 822 4787 Μαθὼν
866 4731 1322 4802 Κώνσταντῒνος
1357 4733 1726 4802 ἀναιρεῖσθαι
1778 4731 1937 4788 Ἐδό-

354 4804 545 4872 ϐιχον.
580 4802 945 4857 Scribendum
969 4811 1055 4859 est
1085 4801 1410 4873 ἀνῃρῆσθαι.

429 4873 541 4941 (45)
587 4872 871 4939 Ἰοϐιανός
904 4889 968 4926 τε
990 4872 1087 4931 καί
1125 4871 1412 4941 Μάξιμος.
1457 4872 1820 4927 Scribendum
1852 4879 1938 4927 est

366 4940 607 5006 'Ioﬁivoc.
639 4940 740 4997 Hic
768 4953 855 4997 est
886 4941 1141 5007 Iovinus,
1170 4940 1428 5011 quicum
1462 4942 1789 4998 Sebastiano
1823 4942 1936 4997 fra-

355 5022 435 5082 tre
462 5012 805 5082 tyrannidem
837 5013 892 5067 in
949 5011 1143 5072 Galliis
1186 5012 1444 5082 arripuit,
1484 5011 1727 5067 Ilonorio
1782 5028 1836 5065 ix
1882 5019 1938 5067 et

353 5080 673 5155 'l‘beodosio
702 5098 754 5137 tv
766 5082 1123 5155 consulibus,
1152 5090 1213 5155 ut
1232 5098 1295 5136 ex
1310 5080 1612 5155 Frigerido
1634 5082 1936 5153 colligitur.

356 5155 412 5203 ὃ(
433 5154 559 5224 ribit
590 5153 735 5224 enim
766 5150 1106 5224 Frigeridus,
1144 5151 1285 5224 dum
1305 5150 1705 5224 Constantinus
1737 5150 1927 5224 ty'ran-

356 5169 412 5203 δε
433 5169 559 5205 runt
590 5169 735 5207 enim
766 5169 856 5207 ιιι-ι
898 5169 1106 5216 ertuus,
1144 5169 1274 5207 uum
1305 5169 1705 5209 Constantinus
1737 5169 1927 5224 tyran-

355 5237 459 5298 nus
497 5222 564 5274 ab
594 5222 819 5298 Honorii
859 5169 1093 5298 ﬁlicibus
1123 5221 1479 5298 obsideretur
1520 5222 1762 5289 Arelate,
1792 5237 1933 5298 nun-

355 5296 490 5344 tium
526 5307 593 5347 ex
620 5291 815 5350 Galliis
854 5293 1081 5349 allatum
1116 5291 1315 5359 fuisse,
1340 5291 1594 5349 Jovinum
1628 5293 1935 5364 sumpsisse

2039 3625 2269 3688 ornatus
2302 3615 2823 3688 regios._Sequenti
2889 3630 3019 3688 vero
3062 3631 3206 3688 anno
3264 3631 3385 3688 quo_
3428 3615 3611 3688 [Iono-

2038 3686 2155 3740 rius
2181 3701 2231 3738 Ix
2263 3694 2320 3740 et
2351 3684 2700 3740 Theodosius
2754 3701 2789 3735 v
2824 3687 3090 3751 consules
3140 3684 3311 3748 fuere,
3357 3684 3611 3741 Jovinum

2037 3770 2163 3809 cum
2193 3754 2362 3809 fratre
2394 3756 2450 3809 in
2476 3754 2669 3809 Galliis
2716 3754 2961 3809 occisum
3003 3770 3126 3811 esse
3156 3755 3351 3811 scribit
3384 3755 3612 3810 Marcel-

2037 3824 2222 3890 linus;
2281 3823 2518 3890 Prosper
2562 3839 2692 3879 vero
2729 3830 2783 3879 et
2835 3823 3041 3881 ldatius
3072 3826 3127 3880 id
3190 3826 3435 3881 referunt
3465 3840 3612 3880 anno

2037 3896 2381 3963 insequente,
2416 3894 2585 3950 Lucio
2636 3895 2755 3950 solo
2786 3910 2903 3950 eos.
2937 3894 3173 3949 Maximo
3229 3905 3407 3949 autem
3443 3899 3611 3948 vitam

2036 3979 2357 4019 concessam
2390 3965 2583 4021 scribit
2647 3963 2908 4035 Prosper,
2941 3980 3006 4035 eo
3043 3964 3187 4035 quod
3224 3963 3512 4035 modestia
3548 3980 3613 4018 ac

2036 4036 2222 4090 vilitas
2289 4035 2529 4091 hominis
2601 4033 2860 4089 invidiam
2925 4033 3160 4088 affectati
3220 4033 3434 4101 imperii
3497 4049 3609 4087 non

2037 4105 2373 4159 merebatur.
2422 4107 2523 4160 Diu
2559 4113 2742 4158 tamen
2792 4112 2983 4173 postea
3038 4103 3180 4158 idem
3234 4101 3609 4173 Maximusin

2037 4175 2437 4231 tricennalibus
2471 4174 2696 4228 Honorii
2753 4172 3075 4227 interfectus
3125 4179 3233 4234 est,
3291 4181 3348 4225 ut
3412 4172 3612 4226 scribit

2036 4242 2388 4300 Marcellinus
2428 4246 2483 4299 in
2520 4243 2800 4305 Chronico,
2835 4235 3080 4296 Honorio
3123 4257 3221 4295 sm
3274 4250 3328 4295 et
3358 4240 3612 4294 Theodo-

2038 4317 2124 4369 sio
2173 4329 2203 4367 x
2234 4314 2558 4368 consulibus
2603 4330 2615 4366 :
2666 4310 2938 4383 Maximus
2993 4321 3248 4383 tyrannus
3288 4307 3610 4383 et‘Jovi‘nus

2039 4385 2182 4454 ferro
2221 4384 2407 4454 pineti,
2461 4382 2679 4437 adducti
2733 4382 2797 4435 de
2852 4378 3135 4454 Hispaniis
3158 4378 3612 4454 atque_inter[ecti

2039 4450 2180 4508 sunt.
2220 4451 2323 4508 Ubi
2367 4455 2612 4523 ignotum
2644 4460 2729 4523 est
2784 4452 3039 4523 quisnam
3092 4451 3164 4523 sit
3216 4450 3448 4523 Jovinus
3486 4451 3608 4523 iste.

2036 4522 2156 4577 Non
2178 4523 2325 4577 enim
2354 4518 2536 4593 potest
2558 4538 2679 4578 esse
2696 4518 2927 4593 lo_vinus
2954 4522 3112 4593 isqui
3134 4535 3260 4593 cum
3286 4518 3614 4593 Sebastiano

2037 4588 2629 4663 purpuram—sumpsit
2659 4595 2714 4645 in
2746 4588 3320 4663 Qalliis;fjamdudum
3354 4589 3501 4643 enim
3525 4588 3612 4643 in-

2038 4656 2305 4718 ierl’ectus
2338 4656 2541 4726 fuerat,
2577 4672 2715 4717 teSte
2747 4656 3066 4716 Marcellino
3099 4666 3154 4713 et
3187 4656 3485 4730 Prospero.

2111 4733 2222 4816 ψη)
2266 4732 2638 4816 Κιξιράρος-
2696 4731 2868 4816 suum
2918 4727 3412 4816 εονεγεηβοιίιξιλει
3443 4728 3615 4816 Prius

2079 4796 2259 4859 uide'm
2292 4806 2361 4859 ab
2394 4796 2624 4857 Honorii
2654 4796 2945 4871 partibus'
2968 4808 3215 4863 steterat,
3264 4808 3320 4854 et
3350 4796 3616 4853 adversus

2038 4818 2259 4927 quidem
2292 4818 2361 4859 at)
2394 4818 2624 4857 nonum
2654 4818 2908 4871 partibus
2968 4818 3215 4863 steterat,
3264 4818 3320 4854 et
3350 4818 3611 4853 auversus

2090 4874 2355 4929 Iaricbum
2386 4874 2686 4928 Gothorum
2726 4886 2905 4941 regem
2951 4879 3174 4927 strenue
3220 4877 3557 4941 pugnaverat
3594 4887 3611 4922 :

2040 4944 2242 4999 deinde
2266 4952 2457 5012 contra
2481 4939 2910 5012 Constantinum
2944 4939 3237 5012 tyrannum
3299 4939 3504 5012 missus
3558 4941 3613 4991 in

2039 5013 2265 5075 Gallias.
2296 5011 2663 5083 Nebogastum
2713 5008 3034 5083 magistrum
3086 5011 3327 5083 militum,
3355 5008 3615 5083 Constan-

2039 5086 2140 5138 tini
2175 5083 2368 5153 proelio
2392 5076 2695 5153 superarat.
2714 5076 2924 5153 Postea
2942 5095 3072 5153 vero
3095 5079 3344 5153 infensus
3369 5076 3616 5153 Honorio

2039 5155 2110 5209 ob
2162 5148 2365 5207 eadem
2400 5148 2654 5207 Bélleridi
2695 5151 2982 5207 domestici
3029 5150 3116 5204 sui
3175 5149 3401 5205 minime
3438 5148 3616 5198 vindi-

2036 5234 2238 5289 catam,
2275 5221 2539 5292 Honoriig
2558 5231 2741 5292 partes
2792 5222 3108 5291 reliquerat.
3139 5226 3193 5274 et
3230 5219 3310 5292 ad_
3357 5215 3611 5292 Jovimuu

2036 5284 2380 5364 tyrannidem
2412 5294 2469 5348 in
2504 5284 2698 5349 Galliis
2722 5284 2998 5365 gerentem
3030 5305 3089 5346 se
3130 5289 3461 5345 contulerat.
3495 5284 3613 5350 Qua

1770 5468 2159 5527 VARIORUM.

428 5585 458 5627 ιι
497 5584 591 5642 Bis
636 5585 888 5640 meminit
935 5582 1190 5639 Valesius
1247 5582 1378 5637 noni
1424 5583 1752 5653 consulatus
1799 5583 1930 5653 imp.

357 5655 616 5724 Honorii,
647 5655 811 5724 idque
839 5657 894 5709 in
917 5654 1158 5709 diversis
1193 5654 1375 5724 annis.
1408 5652 1565 5724 Quod
1594 5653 1675 5707 sic
1692 5652 1932 5721 explicat

355 5724 488 5807 .Ant.
518 5723 768 5803 Pagius’:
805 5724 1068 5803 Quartum
1103 5723 1441 5797 consulatum
1493 5723 1685 5803 absque
1732 5723 1932 5796 collcgq

2039 5586 2198 5657 gessit
2257 5584 2618 5657 Theodosius;
2666 5583 2935 5640 [lanarius
2987 5596 3180 5635 nonum
3220 5579 3273 5634 in
3324 5585 3616 5648 sequentem

2040 5653 2238 5710 annum
2269 5653 2500 5719 distulit.
