4050 6218
411 235 432 288 I
445 234 546 292 ΟΥ)

1352 241 1684 301 HISTORIA
1730 243 2292 302 ECCLESIASTICA.
2329 281 2397 291 —
2435 250 2564 306 LIB.
2607 251 2695 307 IX.

3542 259 3678 315 I630

407 353 508 442 τήν
555 353 673 407 ὁδὸν
714 352 812 426 τὴν
840 354 930 408 ἐπὶ
957 355 1270 428 Βιθθερέσιν
1299 359 1412 431 (50)
1436 363 1535 432 τὴν
1556 363 1710 417 πόλιν
1732 364 1982 432 ἄγουσαν.

2098 365 2326 421 hortum
2348 411 2362 434 ,
2398 385 2561 426 secus
2593 370 2736 425 viam
2767 387 2888 442 qua:
2935 371 3092 429 ducit
3125 374 3193 430 ad
3236 375 3426 432 urbem
3464 375 3678 434 Bitthe—

409 441 679 513 Εὑρήσεις
703 444 760 497 δὲ
788 444 1031 514 λάρνακα
1061 446 1276 516 διπλῆν,
1327 451 1546 523 ξυλίνην
1593 453 1690 525 τὴν
1732 454 1902 520 ἔνδον,
1941 457 2000 508 ἐν

411 533 696 606 μολυὸδίνῃ
775 539 842 606 τῇ
921 537 1122 602 ἔξωθεν
1151 557 1163 572 ·
1235 542 1378 613 ἀμφὶ
1429 543 1486 597 δὲ
1549 546 1647 616 τὴν
1713 545 1956 618 λάρνακα
1981 591 1996 614 ,

407 624 612 678 ὑέλινον
654 626 845 692 σκεῦος
889 629 1091 702 πλῆρες
1129 633 1356 698 ὑδάτων,
1384 637 1475 689 καὶ
1500 637 1592 690 δύο
1635 637 1786 708 ὄφεις
1839 639 2000 708 μεγέ-

405 715 486 768 θει
528 716 800 787 μετρίους,
854 723 946 774 καὶ
981 723 1193 795 πράους
1230 729 1324 780 καὶ
1353 728 1631 793 ἀϐλαϐεῖς,
1685 730 1762 793 ὡς
1815 730 1995 786 δοκεῖν

403 803 708 875 χειροήθεις
765 804 926 864 εῖναι.
975 811 1132 867 Κατὰ
1171 815 1230 869 δὲ
1275 815 1371 887 τὴν
1421 817 1668 884 σύνταξιν
1716 819 1811 873 τοῦ
1867 837 1997 892 προ-

403 894 574 984 φήτου
625 901 1068 970 παραγενόμενος
1132 904 1460 976 Καλήμερος
1525 908 1622 962 ἐπὶ
1685 909 1790 984 τὸν.
1824 910 1996 981 δηλω-

403 983 564 1041 θέντα
587 989 773 1055 τόπον,
817 994 1018 1065 σπουδῇ
1050 995 1141 1048 τοῦ
1172 996 1334 1067 ἔργου
1364 999 1558 1068 εἴχετο.
1598 1001 1737 1055 Ὑπὸ
1771 983 1833 1056 δὲ
1880 1003 1997 1066 τοῖς

401 1081 823 1152 προειρημένοις
869 1086 1157 1157 συμϐόλοις
1188 1087 1664 1163 ἀνακαλυφθείσης
1705 1093 1804 1163 τῆς
1835 1095 1985 1163 ἱερᾶς

403 1168 612 1241 θήκης.
665 1176 908 1248 ἀνεφάνη
957 1181 986 1232 ὁ
1019 1179 1162 1243 θεῖος
1205 1182 1514 1254 προφήτης,
1570 1184 1770 1256 λευκὴν
1801 1186 1994 1256 στολὴν

402 1262 793 1334 ἠμφιεσμένος,
844 1261 934 1321 οἶά
958 1285 1042 1338 γε,
1074 1265 1248 1340 οἶμαι,
1284 1273 1380 1326 καὶ
1404 1275 1585 1345 ἱερεὺς
1629 1275 1704 1329 ὥν
1735 1293 1748 1308 ο
1800 1277 1904 1330 ὑπὸ
1935 1278 1993 1332 δὲ

400 1351 528 1416 τοὺς
577 1353 743 1418 πόδας
785 1357 951 1411 αὐτοῦ
1011 1359 1214 1426 ἔξωθεν
1266 1362 1366 1434 τῆς
1414 1363 1723 1436 λάρνακος,
1777 1367 1991 1422 παιδίον

400 1440 577 1498 ἔκειτο
599 1445 889 1518 βασιλικῆς
911 1447 1215 1522 ἠξιωμένον
1240 1454 1434 1524 ταφῆς.
1464 1449 1590 1527 Εἶχε
1623 1456 1724 1528 μὲν
1741 1459 1868 1529 γάρ,
1895 1459 1989 1513 ἐπὶ

402 1533 500 1603 μὲν
527 1535 625 1607 τῆς
660 1537 928 1608 κεφαλῆς,
975 1541 1212 1612 χρυσοῦν
1261 1545 1525 1615 στέφανον
1555 1565 1569 1579 ·
1627 1552 1806 1622 χρυσᾶ
1835 1551 1892 1605 δὲ
1918 1552 1988 1607 τὰ

399 1623 740 1696 ὑποδήματα,
774 1629 869 1681 καὶ
902 1630 998 1702 τὴν
1030 1633 1236 1704 ὲσθῆτα
1262 1637 1472 1707 τιμίαν.
1527 1639 1904 1712 Ἀπορούντων
1928 1643 1985 1696 δὲ

2105 470 2317 510 reman.
2357 457 2620 529 Reperies
2653 471 2834 516 autem
2873 476 3057 518 arcam
3092 463 3364 533 duplicem
3394 485 3408 521 :
3445 465 3680 522 interio-

2102 564 2218 604 rem
2251 549 2472 620 quidem
2513 551 2774 623 ligneam,
2810 554 3126 624 plumbeam
3157 572 3288 611 vero
3305 561 3626 614 exteriorem
3661 581 3676 618 :

2101 649 2154 695 et
2204 640 2354 696 circa
2399 635 2585 697 arcam
2626 659 2728 698 .vas
2775 645 3012 699 vitreum
3055 661 3200 715 aqua
3233 647 3458 716 plenum
3491 667 3504 703 :
3538 649 3680 706 duos

2102 733 2235 788 item
2278 748 2490 805 angues
2521 736 2784 792 mediocri
2833 739 3252 808 magnitudine,
3307 741 3470 796 mites
3514 751 3681 810 atque

2100 825 2402 891 innoxios,
2435 825 2513 881 ita
2546 833 2606 881 ut
2651 829 2929 884 mansueti
2975 845 3100 886 esse
3148 831 3462 887 videantur.
3509 831 3679 902 Igitur

2097 916 2419 974 Calemerus
2459 935 2528 975 ex
2570 922 2851 992 prophetae
2885 924 3145 978 mandato
3177 924 3244 978 ad
3293 925 3473 980 locum
3521 940 3678 978 mon.

2097 1017 2334 1064 stratum
2379 1010 2658 1081 profectus
2681 1053 2694 1077 ,
2723 1028 2946 1068 manum
2981 1015 3136 1084 operi
3170 1014 3462 1070 admovere
3488 1015 3674 1084 coepit.

2095 1101 2346 1173 Cumque
2374 1103 2535 1172 juxta
2565 1105 2723 1176 signa
2748 1121 2870 1176 quae
2917 1123 3088 1178 supra
3134 1108 3461 1168 retulimus,
3516 1121 3676 1161 sacra

2094 1209 2261 1266 capsa
2291 1205 2481 1266 aperta
2519 1195 2756 1262 fuisset,
2795 1199 3057 1268 apparuit
3102 1199 3326 1253 divinus
3373 1198 3673 1268 propheta,

2093 1285 2217 1340 alba
2245 1294 2398 1343 veste
2425 1287 2651 1343 indutus
2672 1329 2687 1352 ,
2724 1289 2928 1359 quippe
2959 1292 3052 1359 qui
3085 1288 3344 1344 sacerdos
3376 1289 3540 1342 etiam
3565 1329 3578 1350 .
3615 1297 3678 1342 ut

2093 1375 2312 1445 opinor,
2364 1375 2584 1433 fuisset.
2617 1377 2793 1432 Porro
2845 1379 2949 1433 sub
2994 1376 3229 1448 pedibus
3281 1377 3470 1440 illius,
3523 1387 3676 1432 extra

2091 1481 2276 1521 arcam
2305 1475 2490 1523 tamen
2509 1510 2523 1532 ,
2554 1467 2738 1525 infans
2762 1467 2983 1538 jacebat
3011 1469 3158 1540 regia
3186 1469 3468 1538 sepultura
3501 1468 3680 1523 hono-

2091 1573 2264 1614 ratus.
2282 1557 2527 1614 Ilabebat
2545 1560 2692 1614 enim
2711 1574 2932 1614 auream
2951 1574 3215 1614 coronam
3244 1561 3301 1614 in
3325 1561 3509 1630 capite
3535 1580 3548 1615 :
3580 1576 3678 1614 an-

2090 1663 2178 1703 rea
2206 1647 2337 1702 item
2371 1645 2745 1703 calceamenta
2769 1655 2822 1702 et
2847 1656 3049 1702 vestem
3078 1648 3399 1717 pretiosam.
3427 1645 3680 1716 Cumque

397 1712 507 1768 τῶν
533 1715 652 1770 τότε
689 1717 872 1786 σοφῶν
907 1721 1000 1775 καὶ
1034 1722 1223 1793 ἱερέων
1249 1727 1377 1796 περὶ
1404 1728 1595 1783 τούτου
1619 1730 1714 1784 τοῦ
1747 1732 1982 1800 παιδίου,

2093 1740 2373 1810 sapientes
2401 1747 2457 1795 et
2482 1739 2852 1795 sacerdotalis
2887 1712 3103 1794 ordinis
3133 1740 3236 1794 viri
3272 1741 3338 1794 de
3369 1739 3477 1794 hoc
3509 1712 3680 1808 puero

395 1806 480 1870 τίς
506 1823 566 1860 τε
590 1807 675 1879 εἴη
706 1809 800 1862 καὶ
834 1810 1015 1874 πόθεν,
1047 1813 1140 1866 κα)⁸
1160 1807 1222 1869 οὗ
1250 1815 1410 1888 χάριν
1450 1818 1630 1874 τοιάδε
1681 1822 1980 1892 ἠμφίεστο,

395 1896 612 1967 λέγεται
656 1901 935 1973 Ζαχαρίαν
977 1904 1069 1960 τὸν
1123 1907 1428 1978 ἡγούμενον
1477 1912 1578 1981 τῆς
1621 1912 1679 1967 ὲν
1721 1914 1984 1985 Γεράροις

397 1993 695 2064 μοναχικῆς
724 1995 1019 2063 συνοικίας,
1056 1997 1287 2068 Ἐϐραία
1311 2002 1406 2055 καὶ
1433 2002 1641 2074 παλαιᾷ
1669 2009 1982 2076 περιτυχεῖν

393 2087 598 2155 γραφῇ,
620 2085 682 2138 οὐ
706 2085 814 2139 τῶν
837 2087 1376 2160 ἐκκλησιαζομένων.
1407 2092 1630 2164 Ἐδήλου
1653 2095 1708 2148 δὲ
1728 2095 1805 2160 ὡς
1820 2097 1982 2168 ἠνίκα

391 2173 664 2245 Ζαχαρίαν
693 2175 782 2228 τὸν
798 2179 1082 2252 προφήτην
1099 2181 1309 2234 ἀνεῖλεν
1361 2182 1516 2248 ’Ῑωάς
1535 2187 1563 2239 ὀ
1593 2186 1694 2255 τῆς
1721 2187 1983 2253 Ἰουδαίας

392 2263 662 2334 βασιλεὺς,
675 2265 774 2318 οὐκ
793 2267 873 2330 εἰς
893 2267 1112 2338 μακρὰν
1142 2271 1269 2342 περὶ
1290 2271 1383 2324 τὸν
1405 2268 1553 2326 οἶκον
1571 2275 1781 2347 χαλεπῇ
1818 2279 1983 2348 ἐχρή-

392 2369 522 2408 σατο
552 2358 827 2428 συμφορᾷ.
866 2357 1100 2432 Ἐσδόμῃ
1157 2359 1267 2431 γάρ
1299 2363 1483 2434 ἡμέρᾳ
1514 2364 1614 2434 τῆς
1639 2365 1980 2437 ἀναιρέσεως

389 2442 484 2498 τοῦ
513 2448 818 2518 προφήτου,
864 2448 1124 2520 ἐξαπίνης
1155 2451 1302 2523 αὐτῷ
1337 2453 1483 2524 μάλα
1525 2457 1922 2528 κεχαρισμένος
1952 2459 1982 2510 ὁ

389 2539 521 2601 παῖς
571 2537 859 2592 ἀπολώλει.
920 2539 1221 2611 Συμϐαλὼν
1267 2541 1325 2595 δὲ
1375 2543 1516 2597 κατά
1561 2545 1854 2618 θεομηνίαν
1903 2548 1981 2620 ἰῷ

388 2627 617 2700 τοιούτῳ
644 2629 929 2701 παθήματι
956 2634 1296 2704 περιπεσεῖν,
1329 2633 1433 2686 ὑπὸ
1462 2635 1589 2699 τοὺς
1618 2636 1786 2702 πόδας
1811 2638 1976 2693 αὐτοῦ

386 2717 450 2772 τὸ
475 2719 756 2791 μειράκιον
788 2721 1004 2791 ἔθαψεν,
1035 2723 1472 2795 ἀπολογούμενος
1512 2725 1683 2802 ταύτῃ
1735 2729 1874 2797 ὑπὲρ
1903 2725 1980 2786 ὧν

388 2813 469 2875 εἰς
519 2813 682 2868 αὑτὸν
731 2814 970 2884 ἥμαρτε.
1023 2815 1135 2870 Καὶ
1163 2816 1232 2870 τὰ
1267 2817 1366 2887 μὲν
1407 2810 1510 2871 ὧδε
1559 2819 1751 2889 ἔγνων.
1813 2822 1872 2876 Ὀ
1921 2823 1978 2877 δὲ

388 2905 699 2975 προφήτης,
731 2905 940 2976 καίπερ
997 2905 1102 2978 πρὸ
1152 2907 1423 2962 πλείστων
1467 2911 1670 2979 γενεῶν
1721 2912 1824 2967 ὑπὸ
1876 2915 1977 2986 γῆν

387 2994 659 3065 κείμενος,
688 2995 825 3059 σῶος
853 2996 1116 3069 ἀνεφάνη,
1157 2997 1217 3051 ὲν
1245 2997 1362 3070 χρῷ
1387 3003 1750 3073 κεκαρμένος,
1782 3004 1978 3078 εὐθυρ-

391 3087 495 3156 ῥις,
526 3086 776 3154 γενειάδα
808 3087 1043 3157 μετρίως
1074 3087 1408 3161 καθειμένην
1446 3091 1605 3162 ἔχων,
1653 3092 1752 3164 τὴν
1796 3093 1853 3147 δὲ
1887 3111 1979 3147 κε-

387 3175 562 3248 φαλὴν
612 3177 976 3249 βραχυτέραν,
1024 3180 1119 3232 καὶ
1160 3180 1285 3242 τοὺς
1325 3181 1642 3254 ὀφθαλμοὺς
1687 3183 1867 3255 ὀλίγον
1916 3186 1974 3238 ἐν

387 3267 539 3340 βάθει
567 3272 686 3334 ταῖς
717 3269 914 3344 ὀφρύσι
948 3271 1414 3344 καλυπτομένους.

2091 1831 2468 1901 ambigerem,
2507 1831 2764 1901 quisnam
2796 1837 2850 1886 et
2879 1831 3026 1886 unde
3056 1838 3238 1894 esset,
3291 1838 3346 1887 et
3395 1846 3559 1900 quam
3606 1830 3680 1884 ob

2090 1936 2313 1977 causam
2344 1921 2622 1991 ejusmodi
2646 1929 2798 1977 veste
2819 1922 3059 1977 amictus
3079 1929 3264 1984 esset,
3290 1922 3446 1976 aiunt
3469 1921 3679 1976 Zacha-

2090 2013 2228 2066 riam
2258 2012 2353 2090 qui
2389 2020 2504 2066 tum
2542 2013 2887 2067 monasterio
2919 2013 2974 2066 in
3008 2013 3234 2068 Geraris
3278 2020 3543 2083 praeerat,
3587 2028 3682 2067 ve-

2089 2109 2297 2159 tustum
2330 2102 2622 2173 quemdam
2657 2100 3016 2158 Hebrzeorum
3055 2103 3256 2159 librum
3281 2144 3296 2169 ,
3341 2120 3451 2160 non
3495 2113 3678 2158 tamen

2088 2195 2421 2249 canonicum
2443 2233 2459 2258 ,
2493 2191 2640 2249 forte
2675 2201 2901 2248 nactum
2931 2209 3078 2250 esse.
3116 2194 3400 2266 Scriptum
3447 2205 3568 2251 erat
3621 2197 3680 2250 in

2087 2302 2152 2342 eo
2181 2286 2326 2340 libro
2347 2323 2361 2349 ,
2400 2283 2530 2341 Joas
2559 2299 2742 2354 regem
2773 2285 3089 2340 Judaeorum
3114 2326 3129 2351 ,
3177 2302 3306 2342 cum
3351 2287 3678 2342 Zachariam

2085 2375 2407 2447 prophetam
2462 2375 2885 2443 interfecisset,
2939 2392 3052 2430 non
3110 2379 3292 2431 multo
3346 2386 3471 2447 post
3527 2378 3680 2433 domi

2087 2466 2444 2523 acerbissima
2470 2465 2788 2520 calamitate
2814 2465 3140 2535 perculsum
3188 2465 3385 2520 fuisse.
3433 2465 3680 2535 Septimo

2085 2561 2231 2617 enim
2264 2559 2355 2615 die
2396 2567 2524 2630 post
2570 2575 2759 2615 necem
2790 2559 3106 2630 prophetae,
3139 2558 3285 2614 filius
3317 2559 3421 2630 ipsi
3467 2559 3680 2628 jucun-

2085 2652 2348 2708 dissimus
2406 2652 2696 2722 repentina
2751 2659 2929 2707 morte
2983 2651 3213 2707 interiit.
3241 2651 3496 2721 Cumque
3547 2666 3677 2708 eam

2084 2745 2454 2802 calamitatem
2507 2744 2602 2802 Dei
2651 2745 3028 2818 indignatione
3074 2745 3183 2801 sibi
3232 2745 3506 2800 invectam
3554 2759 3679 2800 esse

2085 2838 2422 2907 conjiceret,
2450 2853 2684 2908 puerum
2712 2839 2817 2895 sub
2860 2838 3092 2910 pedibus
3138 2839 3416 2909 prophetae
3458 2837 3678 2892 humari

2082 2931 2384 3001 praecepit:
2423 2930 2526 2984 hoc
2578 2931 2744 2986 modo
2793 2931 3146 2987 satisfaciens
3177 2946 3277 3000 pro
3313 2930 3398 2986 his
3429 2946 3552 3001 quae
3581 2929 3680 2986 ad-

2083 3037 2282 3078 versus
2316 3022 2642 3093 prophetam
2678 3024 3056 3079 commiserat.
3091 3023 3270 3094 Atque
3299 3023 3417 3078 haec
3451 3023 3678 3092 quidem

2085 3116 2160 3170 ita
2190 3116 2401 3186 accepi.
2436 3116 2713 3171 Caeterum
2763 3118 3061 3187 pr0phetes
3089 3159 3105 3185 ,
3137 3119 3266 3174 licet
3315 3116 3509 3171 multis
3551 3120 3680 3170 ante

2081 3209 2334 3264 mtatibus
2363 3209 2466 3264 sub
2496 3217 2644 3263 terra
2675 3208 2934 3264 conditus
2963 3208 3186 3277 fuisset,
3228 3209 3444 3279 integer
3475 3207 3680 3260 nihilo-

2078 3301 2264 3354 minus
2317 3299 2606 3369 apparuit,
2658 3299 2728 3354 ad
2770 3307 2952 3355 cutem
3018 3308 3246 3364 tonsus,
3312 3313 3452 3352 naso
3486 3305 3675 3363 recto,

387 3377 562 3436 barba
633 3380 849 3437 modice
891 3383 1198 3452 promissa,
1245 3384 1425 3453 capite
1467 3385 1738 3452 breviore,
1791 3388 1982 3444 oculos
2038 3388 2248 3444 habens
2303 3388 2587 3458 paululum
2644 3402 2814 3443 cavos
2856 3396 2911 3442 et
2963 3387 3284 3456 superciliis
3312 3387 3584 3441 obtectos.

743 3501 923 3569 Τέλος
952 3502 1077 3557 σὺν
1107 3501 1183 3571 τῇ
1217 3503 1355 3574 ἁγίᾳ
1397 3503 1611 3572 Τριάδι.

2153 3506 2311 3562 Finis
2349 3523 2442 3577 ope
2475 3515 2633 3578 atque
2670 3507 2877 3563 auxilio
2921 3507 3281 3562 sanctissima:
3319 3505 3624 3559 Trinitatis.

1584 3678 1855 3736 VALESII
1889 3680 2443 3738 ANNO'I‘ATIONES.

389 3771 678 3847 Sozomeni
708 3774 914 3847 verbis,
941 3774 1181 3847 άγρρτην
1211 3776 1522 3847 substituit,
1548 3776 1601 3831 id
1631 3786 1716 3832 est
1747 3776 1966 3847 agrico-

384 3843 531 3918 Iam._
553 3844 823 3918 Adguem
849 3843 1030 3899 locum
1056 3843 1296 3918 Joannes
1321 3845 1541 3918 Langus
1581 3848 1748 3918 verba
1785 3843 1964 3901 Βοῖο-

387 3913 534 3988 {ueni
586 3914 883 3988 adducens,
935 3917 1160 3988 exponit
1213 3913 1466 3988 servum'
1488 3917 1680 3988 glebae.
1713 3917 1875 3988 Certe
1915 3919 1967 3971 in

391 3981 514 4052 I‘ege
548 3983 735 4051 unica,
757 3985 947 4039 codice
974 3981 1041 4039 de
1068 3986 1282 4040 colonis
1308 3981 1739 4054 Thracénsibus,
1777 3987 1970 4042 dicun-

388 4057 481 4124 tur
511 4055 655 4124 servi
690 4065 847 4110 terra:
876 4055 964 4108 cui
1001 4057 1116 4109 nati
1148 4064 1299 4119 sunt,
1326 4057 1456 4111 licet
1483 4059 1800 4113 conditione
1821 4059 1972 4124 inge-

388 4121 482 4194 nui
517 4123 844 4179 habeantur.
879 4125 1069 4194 Itaque
1126 4126 1319 4180 horum
1371 4135 1550 4184 status
1599 4129 1816 4183 medius
1853 4121 1973 4182 erat

389 4189 529 4265 inter
554 4195 902 4265 ingenuoset
937 4189 1161 4260 servos,
1197 4205 1256 4251 ut
1301 4205 1534 4252 testatur
1566 4199 1650 4253 lex
1701 4198 1969 4264 secunda,

387 4261 577 4320 codice
616 4261 700 4319 ’1η
723 4264 913 4338 quibus
971 4267 1148 4321 causis
1205 4267 1399 4322 coloni.
1435 4267 1642 4324 Horum
1691 4268 1784 4323 alii
1818 4261 1979 4325 erant

2073 3778 2396 3861 griginarii,
2427 3777 2517 3861 alii
2561 3778 2838 3861 inquilini,
2880 3779 3132 3861 ut_tIoc_et
3182 3779 3290 3861 lex.
3323 3780 3498 3850 prima
3531 3775 3670 3861 (Ind:

2076 3847 2285 3903 Tliéod.
2327 3849 2403 3902 De
2432 3847 2652 3903 colonis.
2686 3847 2982 3920 Originarii
3017 3852 3176 3906 aliter
3221 3847 3386 3904 etiam
3441 3849 3669 3916 ascripti

2076 3922 2360 3979 dicuntur.
2386 3935 2450 3975 eo
2483 3920 2628 3990 quod
2688 3923 2951 3976 censibus
3001 3922 3229 3989 ascripti
3308 3931 3498 3974 essent
3557 3933 3666 3970 una

2077 4006 2200 4044 cum
2237 3990 2386 4060 agris
2412 4007 2552 4060 quos
2577 3991 2851 4046 colebant.
2879 3991 3235 4046 I‘osscssores
3261 3997 3664 4060 autetneorum

2081 4077 2229 4114 nunc
2257 4059 2490 4120 domini,
2526 4076 2673 4114 nunc
2710 4065 2923 4130 patroni
2961 4069 3230 4115 vocantur
3266 4063 3317 4112 in
3347 4059 3556 4130 codice.

2153 4131 2263 4201 (50)
2299 4130 2536 4198 Thr-ent
2575 4128 2939 4201 Βιθθερέϐιν.
2984 4132 3040 4186 In
3097 4130 3292 4186 codice
3356 4128 3670 4188 Fuketiano

2082 4204 2350 4271 scriptum
2382 4210 2467 4256 est
2496 4200 2845 4273 Βιθθερέμιν.
