4050 6218
435 215 577 272 1645

439 325 730 384 Baronium
770 323 824 377 in
867 337 1108 378 errorem
1157 321 1393 376 induxit.
1443 321 1629 392 Neque
1655 324 1802 377 enim
1834 323 2010 379 Julius

437 397 571 452 dicit
618 393 938 464 Gregorium
987 408 1018 446 a
1077 393 1302 460 triginta
1343 398 1688 464 sex_tantum
1732 395 2011 464 episcopis

440 469 495 522 in
534 464 670 519 urbe
720 461 1010 516 Antiochia
1062 463 1381 531 episcopum
1441 461 1615 531 fuisse
1666 461 2006 528 salutatum,

436 537 531 592 sed
569 547 693 588 cum
733 533 1038 586 Antiochiae
1067 530 1409 602 designatus
1461 530 1660 602 fuisset
1717 533 2010 602 episcopus

434 602 858 666 Alexandrinus,
891 616 921 654 a
954 601 1177 670 triginta
1219 616 1315 670 sex
1349 601 1730 656 mansionibus
1779 601 2009 657 missum

435 690 558 730 cum
589 671 760 726 fuisse
789 669 1200 726 Alexandriam.
1232 669 1336 724 Tot
1367 671 1512 724 enim
1537 679 1667 726 sunt
1695 673 2008 726 mansiones

437 747 505 798 ab
535 741 825 796 Antiochia
873 739 1259 794 Alexandriam
1293 754 1486 808 usque,
1517 750 1574 794 ut
1608 756 1670 794 ex
1715 741 2035 800 Itinerario.

436 811 696 868 Antonini
722 810 1018 880 colligitur.
1060 809 1261 880 Eodem
1297 809 1458 863 modo
1496 811 1738 879 loquitur
1763 811 2008 864 Ammia-

437 898 542 938 nus
587 879 938 936 Marcellinus
994 879 1047 932 in
1088 879 1226 933 libro
1253 893 1366 943 rm,
1396 881 1488 934 ubi
1532 881 1824 934 vanitatem
1870 881 2009 936 Con-

435 952 624 1020 stantii
646 951 878 1018 Augusti
915 950 1312 1020 perstringens,
1343 950 1435 1019 qui
1467 965 1556 1005 res
1584 966 1613 1004 a
1641 948 1862 1004 Juliano
1890 950 2008 1006 Cte-

434 1037 558 1078 sare
588 1019 803 1073 fortiter
851 1019 927 1073 in
955 1019 1130 1074 Gallia
1172 1028 1356 1089 gestas
1397 1019 1499 1073 sibi
1560 1020 1887 1085 ascribebat,
1931 1023 2007 1078 ait

433 1107 556 1146 eum
586 1091 641 1144 in
673 1089 908 1157 epistola
951 1089 1185 1158 quadam
1223 1089 1540 1159 scripsisse,
1574 1104 1634 1142 se
1672 1089 2006 1159 Argentora-

434 1161 575 1216 tensi
609 1160 801 1228 prtelio
831 1159 1153 1212 interfuisse
1173 1167 1227 1211 et
1253 1159 1308 1212 in
1350 1158 1526 1228 prima
1555 1160 1676 1213 acie
1707 1158 2002 1228 pugnasse.

434 1245 559 1284 cum
597 1237 776 1299 tamen
804 1229 970 1299 illius
1017 1228 1194 1297 praelii
1239 1236 1486 1299 tempore
1519 1228 1814 1299 mansione
1843 1231 2006 1299 quin-

433 1298 754 1377 quagesima
785 1297 1104 1377 disparatus
1128 1309 1275 1352 esset
1303 1299 1372 1352 ab
1408 1298 1477 1351 iis
1502 1298 1681 1377 locis.
1727 1297 1822 1377 _S_ic
1854 1297 2001 1354 enim

433 1366 683 1438 loquitur
711 1366 1057 1438 Ammianus,
1095 1381 1196 1438 pro
1247 1382 1312 1422 eo
1368 1366 1519 1438 quod
1563 1368 1658 1421 alii
1691 1367 1961 1438 dicerent
1987 1411 2000 1435 ,

433 1435 853 1525 Sl‘li'lﬂ“,“$i“lfi
868 1436 1086 1525 ἐίειξεφ
1101 1435 1352 1525 altera;
1367 1437 1478 1525 κίεις
1503 1437 1662 1525 aliis
1678 1437 1841 1525 ἐοσιξιί
1867 1441 2004 1495 solet

431 1505 660 1564 Cosmus
693 1507 749 1561 in
783 1506 945 1577 libris
977 1506 1353 1574 Topographiw
1390 1505 1729 1570 Christiana,
1762 1505 2000 1577 quorum

431 1585 691 1645 excerpta
722 1576 858 1630 mihi
903 1577 1298 1630 humanissime
1329 1578 1761 1631 communicavit
1785 1576 2006 1633 Emeri-

431 1663 532 1703 cus
570 1646 840 1713 Bigotius,
867 1647 952 1698 vir
979 1646 1339 1700 doctissimus
1363 1660 1427 1699 ac
1453 1645 1520 1700 de
1548 1661 1633 1702 me
1662 1648 1866 1713 optime
1893 1665 2008 1704 me-

431 1719 596 1771 ritus.
631 1715 887 1770 Deleatur
925 1730 1058 1785 ergo
1089 1717 1180 1769 hic
1211 1729 1370 1769 error
1408 1730 1474 1770 ex
1511 1715 1805 1770 Annalibus
1844 1719 2010 1772 eccle-

422 1785 681 1848 siasticis,
721 1795 780 1840 ut
813 1802 879 1840 ex
911 1784 1109 1841 animis
1142 1799 1333 1840 eorum
1360 1786 1477 1854 qui,
1508 1784 1728 1840 Baronii
1767 1789 2011 1842 auctori-

429 1865 545 1911 tate
566 1856 798 1918 inducti,
819 1854 871 1908 id
902 1869 1004 1923 pro
1031 1862 1186 1909 certo
1210 1863 1380 1924 atque
1402 1856 1717 1924 indubitato
1744 1855 2009 1915 hactenus

433 1932 749 1988 tenuerunt,
784 1940 877 1977 sex
907 1931 960 1976 et
981 1924 1206 1991 triginta
1239 1923 1457 1978 Arianae
1485 1923 1748 1979 factionis
1777 1934 1832 1979 et
1854 1941 2009 1981 com-

431 1994 710 2062 munionis
737 1994 1034 2061 episc0pos
1073 1993 1128 2046 in
1170 1993 1515 2046 Antiochena
1558 1995 1772 2062 synodo
1813 2010 2009 2052 conse-

413 2063 602 2119 disse.
635 2061 763 2116 Scio
811 2062 1016 2116 multos
1045 2075 1113 2116 ex
1156 2062 1434 2116 veteribus
1483 2063 1539 2115 in
1585 2061 1647 2115 ea
1675 2062 1849 2119 fuisse
1883 2081 2008 2120 sen-

432 2133 624 2196 tentia,
659 2138 718 2186 ut
759 2133 1045 2202 crederent
1090 2130 1510 2202 Antiochenam
1538 2133 1810 2202 synodum
1843 2135 2005 2201 hanc,

431 2203 498 2257 de
530 2216 637 2272 qua
673 2215 822 2256 nunc
852 2201 1196 2272 agimus._ab_
1233 2200 1458 2272 Arianis
1489 2199 1665 2272 fuisse
1694 2199 2004 2257 collectam.

431 2272 511 2342 Ita
550 2268 770 2342 praeter
807 2279 1055 2342 caeteros
1083 2268 1383 2342 Palladius
1412 2271 1470 2342 in
1486 2269 1748 2342 *Dialogo
1795 2273 1862 2328 de
1897 2275 2010 2329 vita

409 2338 656 2421 Joannis
679 2338 1083 2421 Chrysostomi,
1115 2340 1220 2421 ubi
1257 2339 1451 2421 scribit
1483 2338 2009 2421 Elpidium_episco-

430 2427 560 2482 pum
599 2409 1026 2483 juriscanonici
1061 2410 1483 2483 peritissimum,
1536 2409 1723 2483 coram
1766 2409 2008 2483 impera-

428 2479 549 2538 tore
583 2479 822 2535 Arcadio
858 2479 1394 2549 palamallirmasse,
1415 2495 1657 2536 canones
1680 2479 2009 2538 Antiocheui

431 2551 652 2607 concilii
690 2551 759 2604 ab
787 2548 1004 2604 Arianis
1037 2548 1213 2605 fuisse
1243 2551 1604 2619 compositos.
1649 2549 1784 2605 Nam
1817 2553 2012 2608 adver-

431 2622 571 2692 sarii
622 2619 854 2675 Joannis
921 2619 1690 2692 Cbrgysostomiinitebantur
1740 2624 2011 2692 pra-cipue

473 2691 672 2746 uodam
714 2704 928 2744 canone
965 2689 1116 2745 illius
1148 2689 1396 2744 concilii.
1449 2690 1605 2756 Quod
1636 2689 1760 2746 cum
1797 2689 2009 2749 videret

473 2708 672 2746 nouam
714 2708 928 2744 canone
965 2708 1116 2745 unus
1148 2708 1396 2744 concun.
1449 2708 1605 2756 quoa
1636 2708 1760 2746 cum
1797 2708 2009 2749 vrueret

430 2708 710 2831 glpidius,
738 2759 1056 2831 severiano,
1089 2759 1181 2831 qui
1216 2758 1631 2831 infensissimus
1668 2771 1786 2816 erat
1831 2763 2009 2820 hostis

428 2829 829 2902 Chrysostomi,
860 2831 1002 2884 hanc
1016 2829 1404 2902 conditionem
1428 2829 1645 2894 detulit,
1678 2839 1737 2885 ut
1768 2833 2004 2888 subscri-

428 2900 586 2972 beret
613 2900 862 2972 ejusdem
905 2913 966 2954 se
1006 2900 1129 2972 fidei
1171 2914 1296 2955 esse
1327 2914 1463 2972 cum
1495 2902 1773 2972 episcopis
1810 2904 2002 2958 Antio-

428 2971 590 3024 cheni
642 2969 860 3023 concilii
909 2969 1019 3037 qui
1080 2984 1348 3024 cauonem
1409 2969 1564 3024 illum
1618 2969 2000 3031 condiderant.

432 3039 586 3108 Quod
624 3039 845 3108 quidem
899 3036 1236 3094 Séverianus
1267 3049 1399 3093 tunc
1436 3039 1613 3094 facere
1654 3041 1999 3099 detreCtavit.

431 3107 768 3182 Yerum’hoc
799 3108 1212 3182 intelligendum
1236 3117 1349 3182 est,
1399 3123 1506 3162 non
1554 3112 1716 3182 quasi
1755 3113 2000 3182 episcopi

430 3177 629 3249 illigqui
673 3175 801 3231 huic
841 3175 1050 3249 synodo
1085 3177 1480 3249 interfuerunt,
1521 3175 1700 3246 palam
1731 3175 2009 3249 etiaper'te

435 3246 1082 3316 Arianam_opinionem
1157 3247 1392 3316 professi
1458 3247 1684 3303 fuerint.
1763 3246 2008 3306 Fuerunt

427 3317 576 3372 enim
611 3314 954 3386 profesSione
992 3314 1271 3378 catholici.
1315 3325 1375 3371 ut
1416 3326 1635 3372 constat
1671 3327 1786 3373 tum
1828 3337 1893 3376 ex
1927 3330 2005 3378 te-

431 3385 911 3462 stimonio‘llilarii
952 3387 1017 3462 in_
1056 3387 1200 3462 libro
1235 3386 1313 3442 De
1346 3387 1587 3462 synodis,
1622 3398 1735 3442 tum
1771 3406 1839 3444 ex
1882 3393 2002 3462 epi-

431 3457 570 3532 §_tol_a
601 3455 731 3532 Julii
763 3472 917 3532 papae
955 3457 1022 3510 ad
1067 3458 1218 3527 ipsos
1251 3455 1474 3532 scripta.
1519 3461 1676 3514 Certe
1723 3455 2004 3532 nunquam

428 3524 674 3582 Ecclesia
720 3524 989 3583 catholica
1031 3524 1219 3582 eorum
1253 3524 1412 3582 fidem
1444 3537 1498 3584 et
1537 3543 1778 3585 canones
1811 3524 2002 3588 susce-

431 3598 622 3669 pisset,
645 3597 702 3669 si
737 3597 1042 3669 ab‘Arianis
1068 3598 1299 3669 fuissent
1333 3600 1681 3669 promulgati.
1714 3599 1997 3665 Quomodo

429 3667 600 3735 igitur
643 3667 1035 3736 intelligendus
1079 3675 1166 3723 est
1211 3665 1439 3721 Palladii
1491 3665 1680 3724 locus?
1726 3671 1993 3726 Nimirum

426 3736 888 3806 episc0posillos,
914 3737 1022 3806 etsi
1049 3739 1224 3806 palam
1263 3737 1516 3792 catholici
1545 3750 1750 3802 essent,
1779 3743 1993 3798 occulte

429 3815 612 3858 tamen
646 3805 864 3876 Arianis
902 3805 1122 3860 favisae.
1157 3806 1428 3876 Atqueita
1457 3809 1842 3875 Athanasium,
1871 3812 1994 3868 Ilie-

428 3890 735 3945 ronymutn,
769 3873 1163 3941 Theodoritum
1200 3873 1257 3930 et
1282 3875 1420 3932 alios
1450 3877 1801 3947 interpretari
1830 3873 1993 3937 debe-

499 4055 516 4073 ⁶
556 4051 990 4124 Undcalterum
1028 4053 1224 4108 horum
1271 4055 1588 4110 necessario
1623 4057 1998 4124 statuendum,

428 4131 520 4178 aut
551 4123 841 4177 Eusebium
875 4138 1060 4178 revera
1106 4126 1369 4181 Arianum
1404 4141 1512 4180 non
1550 4126 1755 4194 fuisse,
1801 4128 1898 4181 sed
1932 4144 2000 4183 ex

426 4195 593 4267 nitnia
637 4201 844 4267 tanttun
881 4195 1238 4267 credulitate,
1276 4211 1383 4266 qua
1422 4195 1750 4250 Arianorum
1785 4198 1995 4267 profes-

425 4263 675 4337 sionibus
709 4263 890 4337 fidem
918 4264 1200 4331 habuerat,
1241 4263 1309 4337 se
1351 4267 1596 4337 partibus
1637 4267 1760 4321 istis
1785 4263 2004 4337 'adjun-

425 4335 573 4388 xisse
612 4351 624 4386 :
677 4344 769 4387 aut
799 4334 1041 4390 Arianus
1075 4351 1198 4388 cum
1233 4334 1419 4400 fuerit,
1463 4335 1757 4391 Ecclesium
1799 4334 2002 4392 Roma-

420 4418 552 4457 nam
584 4402 850 4458 fefellisse
880 4403 1074 4460 iisdem
1130 4406 1342 4462 artibus
1383 4407 1585 4476 quibus
1619 4407 1704 4461 usi
1735 4415 1864 4461 sunt
1899 4422 2006 4462 ca:-

406 4590 412 4598 .
431 4592 1035 4620 ._____________

1501 211 1568 266 IN
1611 212 1986 269 SOCRATEM
2030 211 2119 267 ET
2156 213 2582 273 SOZOMENUM

3552 213 3690 277 56“

2121 339 2266 388 mus.
2301 328 2394 398 qui
2427 327 2722 383 Eusebium
2759 323 3232 398 Nicomediensem
3260 329 3318 379 et
3349 320 3694 398 Eusebianos

2155 393 2334 453 assim'
2356 413 2455 453 bro
2491 397 2709 452 Arianis
2738 396 3042 451 nominant.
3084 393 3316 448 Constat
3344 394 3491 448 enim
3521 393 3696 450 Euse-

2117 409 2323 518 Basstm
2396 413 2455 453 ro
2491 409 2709 452 Artams
2738 409 3042 451 nonunant.
3084 409 3316 448 b00813!
3344 409 3491 448 erunt
3521 409 3696 450 buse-

2157 465 2269 520 ium
2325 413 2828 526 l‘iicomediensem.
2890 464 3018 518 licet
3077 477 3293 532 semper
3358 463 3696 532 Arianorum

2117 543 2302 603 partes
2335 536 2550 600 foverit,
2588 536 2949 590 nihilominus
2983 546 3172 602 pacem
3225 547 3351 586 cum
3395 531 3542 588 Julio
3586 532 3699 588 Bo-

2114 618 2290 677 mana:
2339 607 2492 661 urbis
2529 607 2812 677 episc_0p0_
2837 612 2893 658 et
2943 603 3385 677 communionem
3420 604 3696 677 cum__Ec-

2115 674 2282 729 clesia
2313 671 2586 732 catholica
2620 675 2686 728 ad
2721 671 2937 729 obitum
2970 686 3142 742 usque
3180 674 3497 728 retinuisse.
3552 671 3694 728 Nam

2114 752 2168 797 et
2213 743 2280 816 ad
2323 745 2524 800 Julium
2574 761 2770 816 papam
2805 744 2989 816 paulo‘
3018 753 3144 796 ante
3184 753 3420 816 mortem
3475 743 3696 816 litteras

2113 813 2371 880 pacificas
2427 811 2608 878 misit",
2648 811 2718 869 ἐι
2773 811 2842 868 ab
2891 811 3080 868 eodem
3147 811 3405 882 vicissim;
3453 815 3692 882 accepit,

2116 889 2176 934 ut
2265 893 2494 939 testatur
2547 884 2726 938 Julius
2799 885 2854 937 in
2923 881 3166 950 Epistola
3235 882 3306 934 ad
3371 880 3691 937 Orientales.

2111 951 2288 1008 Julius
2319 964 2469 1009 certe
2494 956 2546 1008 in
2575 953 2889 1022 supradicta
2916 954 3004 1006 illa
3039 951 3271 1019 epistola
3303 966 3425 1020 qua:
3451 953 3578 1005 data
3605 960 3696 1007 est

2113 1023 2180 1094 ad
2211 1024 2500 1094 episcopos
2534 1039 2724 1094 omnes
2761 1025 2852 1092 qui
2891 1022 3245 1094 Antiochense
3284 1023 3493 1094 synodo
3518 1022 3695 1075 inter-

2113 1091 2350 1158 fuerant,
2385 1091 2497 1147 titm
2544 1093 2840 1148 Eusebium
2888 1093 3093 1161 ipsum.
3132 1099 3247 1144 tum
3294 1092 3535 1160 reliquos
3593 1106 3695 1160 ap—

2111 1163 2274 1231 pellat
2329 1164 2524 1218 fratres
2576 1159 2988 1218 dilectissimos.
3043 1159 3136 1215 Sic
3193 1160 3340 1213 enim
3386 1159 3691 1231 conceptus

2111 1230 2196 1286 est
2255 1234 2449 1287 titulus
2510 1233 2757 1301 epistolae
2819 1231 2963 1299 apud
3015 1232 3420 1301 Athanasium;
3470 1230 3691 1301 Ἰφύλςος

2109 1302 2306 1372 ᾼιανίῳ
2335 1303 2426 1355 καὶ
2455 1299 2749 1372 Φλὰκίλλῳ,
2797 1301 3064 1372 Εὑσεδὶῳ,
3111 1299 3309 1372 Μάρεξ,
3348 1299 3690 1372 Μακεδονξῳ,

2109 1369 2388 1442 Θεοδώρῳ,
2425 1373 2520 1426 καὶ
2561 1374 2672 1434 τοῖς
2703 1369 2802 1423 cev
2834 1371 3016 1442 αὐτοῖς
3053 1371 3167 1442 τοῖς
3197 1369 3305 1442 ἀπὸ
3348 1369 3691 1442 ’-Αντιοχείας

2109 1438 2380 1512 γράψαὰίν
2407 1444 2540 1512 ἡμῖν
2570 1442 2871 1512 ἁγαπητοζς
2893 1441 3139 1510 ἀδελφοῖς
3154 1441 3212 1512 ἐν
3233 1438 3422 1512 Κυρίῳ
3453 1438 3685 1508 χαίρειν.

2112 1507 2238 1564 Sed
2272 1521 2326 1565 et
2366 1507 2696 1580 in'corpOre
2720 1579 2723 1580 ν
2746 1507 3215 1580 ipsiuscpistolaa
3295 1507 3513 1562 eosdem
3551 1507 3686 1580 non

2111 1581 2277 1634 semel
2320 1580 2548 1649 dilectos
2568 1577 2850 1634 'nominat.
2909 1577 3028 1633 Non
3070 1579 3236 1649 igitur
3271 1591 3370 1649 pro
3413 1577 3689 1649 haereticis

2109 1664 2204 1702 eos
2241 1649 2429 1703 habuit
2460 1647 2660 1714 Julius,
2691 1665 2830 1718 quos
2857 1647 3216 1703 charissiinos
3264 1647 3461 1718 fr'atres
3491 1647 3689 1718 appel-

2110 1719 2206 1783 lat,
2241 1727 2295 1773 et
2333 1735 2472 1789 quos
2525 1715 2736 1773 salvere
2769 1726 2922 1787 optat
2965 1721 3019 1772 in
3066 1718 3319 1789 Domino.
3353 1715 3540 1789 Porro
3568 1715 3690 1772 hac

2108 1786 2399 1858 epistola’a
2442 1787 2588 1844 Julio
2618 1786 2822 1858 scripta
2855 1797 2940 1858 est
2967 1803 3112 1842 anno
3162 1786 3366 1842 Christi
3394 1786 3519 1850 342,
3573 1801 3690 1856 quo

2111 1857 2255 1912 anno
2322 1860 2614 1914 Eusebium
2685 1857 3155 1913 Nicomediensem
3227 1865 3504 1909 mortuum
3562 1871 3691 1911 esse

2109 1937 2348 1991 constat,
2380 1929 2540 1998 paulo
2572 1936 2862 1996 antequam
2898 1928 2979 1981 ha:
3013 1927 3143 1982 Julii
3197 1926 3388 1980 littera:
3414 1927 3467 1998 in
3493 1923 3691 1998 Orien-

2110 2005 2219 2051 tem
2272 1995 2492 2067 perl'atze
2539 1995 2745 2052 essent.
2803 1998 2884 2051 Ex
2918 2013 3028 2066 quo
3060 2007 3304 2067 apparet,
3338 1995 3689 2067 verissimum

2108 2081 2232 2121 esse
2257 2065 2305 2120 iil
2339 2067 2486 2137 quod
2516 2080 2674 2121 antea
2715 2068 2850 2130 dixi,
2894 2065 3184 2122 Eusebium
3213 2065 3690 2137 Nicomediensem

2110 2137 2165 2190 in
2196 2135 2585 2192 communione
2618 2138 2878 2192 Ecclesia:
2927 2137 3180 2191 Romana:
3211 2135 3279 2189 ad
3327 2135 3538 2189 obitum
3585 2149 3691 2188 us-

2109 2221 2216 2275 que
2249 2222 2635 2275 perseverasse
2662 2212 2698 2260 ‘.
2722 2206 2992 2263 Craterum
3026 2208 3213 2268 miror,
3250 2220 3411 2275 quam
3452 2203 3525 2258 ob
3545 2208 3703 2276 caui

2111 2273 2228 2347 sam
2251 2273 2444 2332 Julius
2471 2280 2525 2330 in
2565 2277 2728 2331 titulo
2753 2279 2999 2347 epistolae
3040 2291 3206 2347 supra
3235 2273 3690 2347 memorataeAEu-J

2111 2345 2323 2418 sebium
2358 2347 2552 2418 Dianio
2576 2342 2945 2418 postposuerit
2981 2356 3030 2401 el
3077 2342 3364 2418 Flaccillo;
3404 2343 3519 2418 nisi
3545 2342 3691 2418 forte

2112 2414 2632 2488 DianiusCmsareae
2668 2414 3028 2488 Cappadociae
3057 2417 3374 2486 episcopus,
3408 2414 3691 2488 antiquior

2113 2485 2278 2540 fuerit
2317 2487 2553 2542 Eusebio
2586 2483 3011 2551 Nicomediensi,
3043 2483 3137 2555 qui
3169 2483 3360 2555 recens
3392 2483 3688 2539 admodum

2111 2555 2738 2627 Constantinopolitanae
2787 2554 3072 2627 Ecclesia
3103 2554 3472 2627 sacerdotium
3512 2569 3691 2627 rege-

2110 2626 2222 2680 bat.
2265 2626 2348 2681 0b
2393 2623 2639 2682 eamdem
2687 2642 2908 2681 causam
2961 2625 3255 2681 Flaccillus
3312 2623 3688 2679 Antiochenus

2110 2697 2407 2767 episcopus
2434 2698 2620 2767 eidem
2661 2697 2896 2752 Eusebio
2926 2697 3286 2767 praeponitur,
3331 2709 3442 2767 non
3475 2695 3689 2748 ratione

2112 2765 2319 2820 habita
2346 2766 2783 2822 Nicomediensis
2824 2765 3294 2837 aut‘Berytiensis
3337 2765 3688 2837 episcopatus

2110 2851 2270 2906 quem
2319 2839 2469 2906 prius
2503 2847 2752 2905 gesserat
2798 2837 2938 2891 idem
2994 2835 3287 2901 Eusebius,
3333 2836 3429 2890 sed
3475 2835 3687 2888 ratione

2109 2907 2461 2976 episcopatus
2513 2907 3308 2976 Constantinopolitaniquem
3354 2906 3516 2975 paulo
3561 2912 3688 2976 ante

2111 2973 2380 3030 Eusebius
2412 2986 2734 3046 occuparat.
2767 2973 3051 3032 Posir'emo
3099 2973 3236 3029 illud
3278 2973 3688 3046 observandum

2110 3057 2213 3111 est,
2242 3047 2446 3115 legatos
2473 3044 2604 3100 Julii
2635 3062 2786 3116 papae
2817 3047 3089 3116 Elpidium
3114 3054 3278 3116 atque
3301 3044 3682 3104 Philoxcnum,

2113 3116 2240 3171 licet
2274 3117 2580 3170 Antiochia:
2625 3115 2827 3172 fuerint
2865 3115 2988 3171 cum
3016 3115 3262 3186 synodus
3295 3115 3606 3178 haberetur,
3630 3123 3683 3167 et

2108 3186 2387 3256 episcopis
2425 3188 2516 3256 qui
2559 3187 2669 3241 illic
2716 3187 2944 3241 aderant
2975 3183 3190 3241 litteras
3215 3183 3341 3240 Julii
3376 3200 3527 3256 papa:
3560 3185 3684 3240 red-

2109 3255 2384 3328 diderint,
2438 3255 2505 3312 ab
2556 3257 2734 3328 iisque
2792 3256 3424 3328 fraudulenteridetenti
3478 3255 3684 3309 fuerint

2108 3341 2285 3394 usque
2323 3326 2386 3380 ad
2422 3325 2662 3381 mensem
2696 3325 3042 3390 Januarium,
3082 3327 3402 3395 tandemque
3425 3340 3551 3379 cum
3583 3339 3683 3378 va-

2106 3397 2197 3450 nis
2221 3397 2670 3452 excusationibus
2695 3397 2764 3451 ab
2808 3397 3000 3452 iisdem
3042 3396 3278 3458 dimissi,
3313 3397 3522 3449 litteras
3559 3395 3682 3464 epi-

2108 3481 2401 3535 scoporum
2431 3468 2496 3520 ad
2526 3465 2730 3521 Julium
2769 3466 3084 3530 detulerint,
3119 3467 3331 3537 synodo
3356 3473 3539 3520 tamen
3572 3464 3686 3518 An-

2110 3539 2378 3590 tiochcna:
2412 3551 2758 3606 nequaquam
2799 3538 3074 3603 adfuisse,
3111 3536 3313 3606 quippe
3343 3537 3437 3606 qui
3482 3536 3582 3590 hoc
3627 3539 3681 3588 in

2112 3606 2387 3661 mandatis
2424 3622 2530 3661 non
2580 3609 2865 3667 haberent,
2912 3606 3006 3662 sed
3052 3617 3266 3662 tantum
3313 3607 3454 3675 jussi
3503 3614 3686 3660 essent

2112 3677 2324 3732 litteras
2360 3676 2589 3729 Romani
2621 3680 2897 3746 pontificis
2941 3677 3184 3731 Eusebio
3213 3685 3268 3732 et
3301 3679 3425 3730 aliis
3453 3676 3684 3746 quibus-

2111 3745 2235 3800 dam
2265 3747 2536 3817 episcopis
2565 3743 2718 3811 dare,
2751 3749 2950 3817 quibus
2973 3747 3150 3804 Julius
3177 3747 3248 3802 ad
3271 3743 3539 3817 synodum
3569 3743 3682 3802 Ro-

2112 3831 2327 3872 manam
2361 3832 2455 3872 eos
2490 3817 2774 3872 invitabat.

2103 4059 2444 4134 teriAriani.
2482 4061 2636 4134 Quod
2668 4060 2944 4134 posterius
2973 4061 3140 4132 longe
3170 4061 3510 4134 probabilius
3531 4061 3677 4134 judi-

2106 4132 2273 4202 cabit,
2297 4133 2557 4202 quisquis
2603 4132 2721 4186 Arii
2768 4133 2833 4202 ad
2890 4132 3187 4187 Eusebium
3215 4133 3390 4196 illum,
3423 4141 3477 4202 et
3509 4133 3682 4202 ipsius

2107 4201 2328 4256 Eusebii
2365 4202 2430 4254 ad
2461 4203 2746 4256 Paulinum
2780 4200 2910 4272 Tyri
2959 4204 3221 4272 epistolas
3249 4203 3404 4272 apud
3437 4200 3683 4272 Theodo-

2104 4272 2274 4343 ritum
2306 4279 2518 4343 attente
2543 4273 2751 4342 legerit.
2791 4270 3122 4343 (ξεΒωῷιυε,
3155 4274 3208 4328 in
3236 4270 3458 4343 Epilogo
3487 4270 3685 4340 Defen-

2109 4341 2273 4396 sionis
2306 4341 2430 4412 ﬁdei
2469 4341 2615 4408 Nic.,
2645 4359 2767 4412 pag.
2811 4341 2939 4397 294.

1377 4773 1788 4886 LIBER
1923 4770 2711 4890 SECUNDUS.

919 5143 1148 5201 CAPUT
1202 5146 1496 5202 PRIMUM.

477 5303 483 5309 .
526 5260 753 5327 Quando
782 5261 1010 5329 primum
1044 5260 1316 5331 episcopus
1344 5261 1519 5331 [actus
1555 5264 1622 5317 sit
1658 5264 1880 5320 Paulus.
1921 5251 1972 5259 Ἢ

493 5353 785 5422 Superiore
813 5353 953 5407 lihro
971 5367 1060 5407 res
1094 5350 1153 5405 Β.
1188 5353 1494 5416 Athanasii,
1523 5370 1645 5419 mne
1675 5363 1836 5409 antea
1860 5369 1992 5409 con-

419 5425 554 5478 fusa:
579 5438 641 5477 ac
666 5424 995 5492 perturbata!
1038 5425 1090 5478 iu
1122 5423 1417 5477 Annalibus
1448 5425 1819 5478 ecclesiasticis
1852 5426 1994 5493 lege-

417 5495 642 5557 bantur,
675 5507 878 5562 quanla
909 5495 1023 5550 fieri
1049 5495 1224 5564 potuit
1258 5508 1392 5547 cura
1426 5508 1490 5546 ac
1520 5493 1800 5563 diligentia
1821 5495 1994 5562 diges-

418 5566 611 5620 simus.
636 5565 798 5633 Idem
851 5582 996 5620 nunc
1055 5575 1312 5633 praestare
1351 5565 1674 5618 conabimur
1719 5565 1771 5618 in
1829 5567 1991 5620 rebus

415 5633 568 5690 Pauli
618 5631 1232 5705 Constaulitiopolitani,
1297 5636 1348 5690 iu
1396 5650 1629 5705 quarum
1678 5636 1990 5692 narratione

2107 5145 2388 5201 Socratem
2448 5159 2510 5198 ac
2552 5142 2919 5197 Sozontenum
2969 5139 3138 5194 multa
3183 5151 3445 5208 peccasse
3490 5138 3682 5206 depre-

2100 5217 2415 5272 hendimus.
2449 5217 2732 5269 Socratem
2776 5210 2977 5267 deinde
3030 5219 3256 5265 secutus
3308 5217 3392 5264 est
3434 5209 3681 5263 incertus

2102 5297 2296 5341 auctor
2350 5287 2474 5338 vita:
2496 5295 2551 5338 et
2575 5281 3013 5338 conversationis
3043 5280 3187 5334 beati
3218 5278 3371 5332 Pauli
3402 5277 3682 5332 Constano

2099 5355 2446 5424 tinopolitani
2486 5351 2966 5424 episcOpi‘,_cuju_s
3011 5357 3270 5424 excerpta
3325 5350 3681 5424 leguntur_in

2105 5415 2428 5480 Bibliotheca
2482 5415 2694 5478 ΡῙιοιὶἱ.’
2727 5422 2824 5476 llic
2859 5415 3109 5490 quisquis
3143 5415 3361 5474 tandem
3384 5415 3535 5490 'fuit,
3581 5415 3684 5490 So-

2101 5496 2274 5550 cratis
2300 5510 2519 5549 errores
2568 5494 2725 5548 novis
2773 5489 3000 5560 insuper
3038 5491 3323 5545 erroribus
3345 5489 3677 5560 cumulavit.

2099 5567 2262 5620 Certe
2297 5565 2382 5619 his
2417 5566 2554 5619 actis
2603 5563 2780 5628 Pauli,
2829 5570 2882 5618 et
2908 5557 3060 5616 'actis
3091 5559 3380 5614 Athanasii
3411 5557 3678 5628 quasillis

2100 5636 2358 5706 adjuncta
2394 5635 2650 5706 leguntur
2704 5635 2760 5690 in
2809 5632 3138 5689 Bibliotheca
3179 5629 3383 5696 Photii,
3424 5627 3562 5684 nihil
3588 5637 3680 5686 est
