4050 6218
329 291 469 350 1649

328 413 689 487 Athanasium
723 417 980 485 relegavit
1001 458 1015 478 ,
1047 424 1170 487 post
1201 415 1466 487 prolatam
1501 415 1764 487 adversus
1794 429 1891 467 eos

330 484 714 551 episcoporum
750 484 1100 540 sententiain.
1144 484 1448 541 Acettsatus
1488 492 1667 538 autem
1719 484 1895 536 fuerat

329 551 532 625 Paulus
573 567 604 604 a
655 552 997 625 Macedonio,
1044 557 1118 619 ὡς
1146 557 1245 608 οὐκ
1273 552 1330 608 εὖ
1365 551 1676 625 βεϐιωκώς,
1710 560 1769 606 ut
1809 554 1896 625 ait

332 620 670 694 Soz_ont_enus
697 623 750 694 in
785 623 922 678 libro
952 627 1246 694 ttl,cap.5.
1282 626 1334 678 id
1365 620 1449 678 est
1469 664 1484 685 ,
1510 622 1646 694 quod
1675 624 1897 694 turpiter

329 702 378 744 et
405 690 672 764 flagitiose
700 693 934 764 vixisset.
970 690 1210 764 Denique
1235 694 1540 764 Orientales
1563 693 1808 764 episcopi
1839 696 1894 745 in

328 761 558 836 epistola
586 763 848 836 synodica
879 761 1284 836 pseudosynodi
1311 762 1676 836 Serdieensis,
1695 761 1895 816 diserte

331 835 604 905 testantur
635 830 893 905 Paulum'
915 830 1232 905 episcopali
1268 832 1538 905 sententia
1563 832 1893 905 damnatum

328 896 521 951 finisse.
547 896 639 969 Sic
660 902 806 955 enim
831 896 986 957 aiutit
1010 905 1075 958 de
1098 896 1392 957 Maximino
1414 900 1766 955 Trevirorum
1789 901 1898 969 epi-

329 981 497 1041 scopp
515 986 527 1020 :
548 966 726 1025 Causa
750 971 910 1041 igitur
929 973 1329 1027 homicidiorum
1353 980 1618 1024 tantorum
1637 971 1746 1038 ipse
1769 966 1893 1040 fuit,

327 1038 418 1104 qui
439 1035 671 1108 Paulum
691 1035 818 1095 olim
847 1043 1156 1097 damnatum
1181 1041 1250 1094 ad
1277 1035 1789 1108 Constantinopolim
1814 1057 1898 1094 re-

329 1109 550 1160 vocavit.
584 1107 686 1165 Ubi
710 1113 919 1168 notabit
937 1115 1116 1168 obiter
1139 1113 1422 1166 studiosus
1446 1107 1638 1171 lector,
1663 1110 1893 1164 Paulum

329 1189 442 1230 non
473 1191 500 1229 a
525 1175 672 1232 Julio
704 1195 843 1252 papa
865 1193 889 1249 ,·
913 1183 1014 1238 sed
1057 1198 1089 1236 a
1130 1181 1428 1236 Maximino
1478 1181 1738 1251 episcopo
1784 1179 1893 1234 diei

328 1256 669 1304 revocatum.

962 1342 1115 1399 CAP.
1176 1342 1266 1398 IV.

678 1433 758 1488 De
792 1436 965 1504 prima
1001 1438 1332 1492 restitutione
1368 1435 1544 1489 Pauli.
1618 1491 1622 1495 ,

398 1519 616 1595 Mortuo
647 1519 1012 1595 Constantino
1052 1526 1318 1585 Maximo.
1354 1534 1466 1579 tres
1497 1527 1621 1591 ejus
1658 1525 1750 1579 ﬁlii
1784 1527 1896 1595 epi-

324 1605 530 1671 scopos
553 1591 868 1671 palliolicos
889 1611 1026 1663 quos
1049 1596 1454 1671 Qunstantinus
1476 1595 1544 1671 ab
1573 1591 1899 1671 Eusebianis

325 1661 396 1734 in_
417 1661 664 1716 fraudem
699 1661 969 1734 impulsus
1003 1666 1372 1734 relegaverat,
1408 1664 1633 1719 sedibus
1666 1667 1782 1720 suis
1814 1681 1900 1720 re-

327 1729 829 1810 stit_uerunt__,dat_is
854 1734 1064 1810 tum__ad
1101 1729 1279 1810 ipsos,
1315 1747 1425 1789 tum
1454 1734 1525 1810 ad
1555 1735 1898 1810 singulorum

324 1801 583 1878 civitates
603 1801 856 1878 litteris,
882 1803 1084 1872 quibus
1105 1801 1371 1878 j’uhebant
1400 1814 1459 1857 ut
1483 1801 1684 1878 si_nguli
1720 1819 1748 1856 a
1783 1805 1900 1878 suis

323 1869 542 1942 civibus
565 1876 618 1942 et
640 1871 859 1942 clericis
882 1869 1074 1942 pacate
1099 1869 1496 1940 reciperentur.
1513 1869 1776 1928 Testatur
1798 1875 1901 1928 hoc

323 1935 666 2012 Athanasius
693 1941 746 1994 in
773 1935 1016 2010 Epiitola
1045 1943 1113 1996 ad
1143 1935 1436 2008 solitarius,
1474 1944 1568 1998 ubi
1606 1952 1728 2012 post
1759 1944 1902 1996 indi-

320 2021 446 2081 cent
479 2008 695 2081 illorum
727 2008 869 2078 quos
907 2011 1017 2064 dixi
1074 2014 1453 2081 episcopormn
1475 2052 1490 2075 ,
1541 2008 1676 2081 quos
1711 2013 1901 2066 Ariani

319 2075 693 2156 C_onstantin_o
731 2075 994 2156 regnante
1031 2075 1172 2156 suis
1213 2075 1462 2156 ecclesiis
1494 2075 1901 2156 a_c'civitatibus

319 2148 627 2220 eiecerant.
652 2148 768 2202 haec
788 2148 1068 2220 subjungit
1093 2168 1105 2202 :
1130 2151 1316 2203 Ταῦτα
1336 2149 1734 2220 συνορῶντεςοἱ
1753 2153 1901 2220 τρεῖς

319 2213 547 2286 ᾁδελφοὶ
570 2213 976 2282 Κωνσταντϊῦος
993 2213 1019 2280 ξ
1039 2220 1414 2284 Κωνστάντιος
1434 2259 1448 2282 ,
1467 2213 1574 2272 ’καὶ
1606 2213 1899 2286 Κώνσὲαςζ

321 2283 853 2359 ξηοέηᾳαν-πάνταςέ
879 2289 1022 2359 μετὰ
1045 2289 1272 2359 οάλνατον
1298 2289 1391 2342 τοῦ
1421 2289 1646 2359 πατρὸς,
1677 2283 1901 2359 ξπανελξ-

320 2352 544 2428 θεῖν-εἱς
566 2352 914 2428 τὴν-πατρζδὰ
942 2357 1037 2409 καὶ
1069 2357 1167 2426 τὴν
1205 2352 1566 2428 Ἐκκλησίανό
1597 2352 1904 2428 γράψᾳντες

319 2423 591 2498 respirasti
617 2423 736 2498 :‘FEN
773 2423 948 2498 ἄλλων
986 2423 1213 2498 τῇηὶδεᾳ
1253 2423 1734 2498 ’Exxlqcid1etm
1756 2425 1901 2479 Idem

322 2493 498 2546 tradit
533 2493 934 2564 Philostorgius
972 2493 1209 2550 tulibro
1240 2493 1484 2550 secundo
1524 2493 1785 2549 Historia:
1825 2512 1902 2548 ec-

321 2564 668 2617 .‘tesiastica'.
694 2564 805 2619 Sed
857 2565 909 2617 in
954 2564 1257 2620 Athanasio
1315 2567 1554 2619 notanda
1608 2573 1736 2619 sunt
1790 2565 1903 2620 hate

318 2633 494 2704 verba
513 2672 526 2695 ,
551 2633 818 2704 ἐποίησαν
849 2635 1057 2704 τεάντας
1086 2635 1398 2688 ἐπανελθεῖν
1417 2676 1430 2697 .
1458 2650 1652 2695 omnes,
1687 2635 1900 2704 inquit,

319 2701 501 2755 redire
532 2701 825 2770 jusserunt.
869 2702 1012 2772 Ergo
1051 2713 1107 2757 et
1154 2705 1474 2758 Eustathius
1523 2701 1902 2760 Antiochenus

317 2778 376 2842 et
407 2772 607 2840 reliqui
642 2773 886 2842 episcopi
919 2773 986 2826 ad
1024 2777 1182 2828 sedes
1222 2789 1351 2828 suas
1386 2773 1594 2828 reversi
1631 2781 1780 2828 sunt.
1825 2775 1899 2830 De

320 2840 621 2912 Eustathio
658 2840 849 2895 tamen
881 2859 1150 2910 nusquam
1184 2844 1236 2898 id
1271 2845 1520 2912 legimus.
1556 2843 1634 2896 Ac
1665 2843 1905 2899 fortasse

319 2911 419 2964 ille
454 2911 632 2964 delata
673 2912 778 2965 sibi
822 2912 1042 2966 licentia
1083 2928 1147 2966 ac
1196 2911 1455 2967 facultate
1504 2913 1768 2967 redeundi
1821 2914 1904 2968 uti

317 2981 510 3034 nol’uit
531 3019 544 3036 .
576 2987 863 3050 propterea
891 2981 1037 3050 quod
1065 2983 1353 3038 ecclesiam
1395 2997 1550 3038 suam
1582 2982 1651 3035 ab
1683 2983 1908 3039 Ariauis

317 3051 614 3121 obsessam
651 3059 816 3118 atque
842 3063 1165 3121 occupatam
1197 3052 1426 3106 videret.
1460 3051 1617 3106 Certe
1640 3050 1904 3109 Flaeillus

316 3119 422 3189 qui
455 3117 772 3186 Euphronio
801 3117 1183 3182 successerat,
1213 3121 1570 3192 Antiochensi
1604 3123 1758 3177 urbis
1787 3125 1906 3192 epi-

318 3197 622 3262 §_copatttm
654 3199 922 3262 perpetuo
960 3191 1383 3262 retinuit,ijam
1436 3191 1562 3262 inde
1611 3205 1641 3262 a
1690 3191 1906 3262 synodo

316 3256 563 3328 Tyr’ensi
618 3256 686 3314 ad
727 3256 998 3330 svnodum
1043 3256 1462 3330 Antiochenam.
1509 3256 1906 3330 Paulus’igitur

316 3343 436 3380 una
473 3343 597 3380 cum
627 3330 840 3384 caeteris
871 3344 938 3384 ex
970 3329 1201 3383 Pontico
1231 3329 1422 3384 exsilio
1454 3344 1735 3394 reversus,
1767 3329 1906 3386 Con-

316 3397 1100 3469 stantinopolitanamjedem
1147 3400 1499 3469 postliminio
1529 3402 1902 3469 recuperavit.

312 3465 500 3532 Quem
556 3465 835 3522 reversum
888 3465 1164 3522 Eusebius
1209 3465 1904 3525 Nicomediensis'iterum

310 3536 580 3605 pristinis
607 3535 750 3590 dolis
782 3537 1187 3605 atqueartibus
1215 3536 1585 3605 oppugnavit,
1611 3547 1901 3592 accusato-

311 3603 438 3660 rem
490 3605 568 3657 illi
597 3603 930 3661 submittens
951 3603 1346 3660 Macedoniam.
1372 3605 1427 3660 ld
1450 3612 1599 3659 certe
1621 3605 1906 3662 insinuare

307 3675 454 3729 inihi
485 3673 706 3730 videtur
729 3674 1066 3729 Athanasius
1097 3675 1150 3728 in
1183 3677 1305 3729 loco
1337 3676 1431 3729 illo
1463 3689 1530 3729 ex
1555 3673 1798 3744 Epistola
1831 3675 1906 3730 ad‘

308 3745 634 3808 solitarios,
672 3758 833 3812 quem
876 3745 1136 3812 superius
1184 3745 1420 3804 adduxi.
1474 3759 1596 3797 cum
1644 3745 1762 3808 ait,
1807 3747 1903 3800 καὶ

305 3814 472 3896 diem;
534 3813 746 3896 Euetvsv
761 3813 827 3896 ’ἢ
855 3815 1322 3896 πρόφαςεςμςτὰ
1365 3813 1576 3896 Παύλρυ
1596 3816 1770 3896 "uitat
1801 3817 1904 3872 οὐκ

305 3883 610 3954 ᾑμέλησᾳν
662 3883 953 3954 ξπισουλῆς
979 3923 993 3947 ,
1051 3883 1163 3937 ἀλλ’
1225 3883 1446 3954 ἔμειναν
1501 3884 1899 3948 διαϐάλλοντες.

307 3951 458 4024 Vult
478 3951 626 4024 enim
656 3951 843 4024 dicere
866 3951 1205 4008 Athanasius
1226 3993 1240 4017 ,
1267 3953 1604 4024 Eusebianos
1627 3955 1720 4024 qtti
1750 3959 1902 4024 prius

304 4022 476 4093 apud
511 4023 964 4093 Constantinum
995 4023 1314 4093 calumniati
1364 4023 1588 4077 fuerant
1631 4022 1856 4078 Paulum
1883 4067 1898 4093 ,

302 4091 575 4147 eumdem
608 4099 797 4162 postea
829 4092 1388 4162 apud'imperatorem
1421 4093 1803 4150 Constantium
1832 4091 1902 4151 si-

302 4162 532 4232 rniliter
563 4163 938 4232 calumniatos
968 4177 1090 4217 esse
1112 4202 1127 4226 ,
1159 4170 1213 4217 et
1247 4162 1549 4232 perfecisse
1581 4165 1802 4220 tandem
1841 4174 1901 4220 ut

301 4229 531 4302 Paulus
578 4245 606 4282 a
645 4230 972 4286 Constantio
1009 4229 1324 4302 quoque—in
1358 4234 1612 4288 exsilium
1650 4236 1900 4290 mittere-

304 4310 425 4372 tur.
463 4301 832 4372 Constantius
863 4317 994 4372 ergo
1033 4301 1324 4357 calumniis
1367 4302 1800 4358 Eusebianorum
1833 4305 1897 4358 li-

301 4371 443 4424 dem
486 4370 956 4442 aecommodans}
989 4373 1284 4427 concilium
1322 4374 1713 4442 episcoporum
1754 4374 1898 4428 Con-

300 4438 684 4511 stantinopoli
714 4439 833 4511 fieri
869 4441 1080 4510 jussit:
1121 4438 1386 4511 aquibus
1427 4438 1631 4499 Paulus
1668 4444 1898 4498 damna-

301 4517 402 4564 tus
448 4525 526 4578 ac
577 4509 880 4578 depositus
898 4522 1014 4576 est,
1055 4521 1111 4568 et
1147 4509 1588 4568 Nicomediensis
1628 4513 1898 4570 Eusebius

299 4581 360 4634 in
405 4577 544 4649 ejus
586 4577 765 4649 locum
795 4580 1159 4636 substitutus.
1192 4582 1266 4636 Ita
1309 4581 1574 4637 Socrates
1603 4584 1658 4636 in
1693 4584 1790 4636 lib.
1829 4599 1894 4647 tt,

299 4647 540 4722 (δειρῇ-6.
604 4647 876 4722 Quicum
915 4653 1207 4722 episcopos
1261 4653 1390 4707 illos
1455 4653 1548 4720 qui
1613 4655 1740 4707 huic
1771 4669 1892 4722 syn-

305 4720 426 4791 udo
458 4719 887 4791 interfuerunt,
941 4719 1164 4776 Arian'a:
1197 4723 1442 4791 perfidiae
1473 4723 1718 4777 fatuores
1751 4719 1898 4777 dicat

294 4787 494 4843 fuisse
517 4829 531 4851 ,
565 4789 706 4842 satis
733 4787 941 4843 indicat
965 4807 1031 4846 ex
1059 4787 1246 4846 eorum
1275 4807 1503 4847 numero
1528 4794 1698 4847 fuisse
1727 4793 1898 4848 Theo-

295 4860 515 4913 dorum
556 4856 939 4925 Heracleotem
961 4900 975 4924 ,
1012 4860 1183 4914 Marin
1217 4861 1686 4925 Chalcedoniutn‘,
1719 4862 1899 4918 Theo-

296 4924 875 5003 gnium_Nic_:enum,
915 4938 969 4983 et
1011 4929 1302 5003 Ursaeium
1347 4946 1419 5003 ac
1450 4931 1771 5003 Valentem,
1803 4934 1899 5003 qui

295 4995 850 5074 i]tter_Eusebianos
885 5013 1080 5068 agmen
1116 5001 1360 5074 duxere.
1383 5001 1446 5055 Et
1483 5001 1738 5058 Socrates
1759 4995 1892 5074 qui-

294 5069 431 5141 dem
469 5064 708 5141 Paulum
745 5064 1300 5141 tunc‘t'antumntodo
1329 5070 1640 5141 depositum
1671 5064 1921 5130 esse-dit

295 5139 422 5209 _cit,
465 5151 585 5190 non
617 5135 788 5209 etiam
827 5137 1146 5209 relegatum.
1183 5141 1365 5206 Quare
1402 5135 1528 5195 cum
1581 5141 1784 5197 Paulus
1833 5145 1899 5197 li-

294 5207 503 5262 beram
537 5205 1187 5280 tune_baberet'vagandi
1209 5205 1541 5280 facultatem
1561 5251 1575 5276 ,
1601 5213 1900 5280 conjunxit

294 5293 362 5350 se
390 5291 529 5330 cum
567 5275 831 5350 Asclepa,
867 5275 1050 5334 Lucio
1070 5287 1238 5350 atque
1272 5275 1569 5344 Marcello,
1606 5275 1745 5350 quos
1782 5283 1899 5336 vix-.-

292 5347 438 5401 dum
474 5345 775 5401 restitutos
816 5349 1016 5401 iterum
1068 5345 1256 5403 Ariani
1293 5351 1410 5404 suis
1450 5345 1778 5406 civitaiibus
1808 5359 1895 5404 at-

290 5432 410 5491 que
439 5415 721 5491 ecclesiis
747 5419 1092 5491 expulerant.
1128 5417 1222 5491 llis
1247 5420 1477 5491 junctus
1508 5419 1712 5474 Paulus
1736 5461 1750 5484 ,
1782 5424 1896 5491 plu-

291 5483 680 5560 rimas_urhes
703 5500 771 5560 ac
799 5483 1114 5560 provincias
1137 5483 1516 5545 Occidentalis
1537 5483 1750 5560 intlJerii
1780 5483 1896 5559 Pe"

288 5554 566 5629 agravit,
625 5554 943 5629 suffragium
1005 5572 1068 5612 ac
1129 5559 1440 5613 subsidium
1501 5554 1892 5629 episeoporum

287 5626 516 5693 ubique
548 5628 848 5693 exquirens
868 5668 882 5692 ,
913 5634 972 5679 ut
1002 5629 1057 5680 in
1092 5629 1274 5683 sedem
1306 5644 1458 5682 suam
1484 5626 1886 5687 restitueretur.

288 5691 472 5752 Docet
508 5691 568 5748 id
606 5693 849 5765 Epistola
871 5691 874 5692 ⁷
900 5698 1161 5768 synodica
1188 5697 1550 5756 Orientalium
1582 5701 1722 5771 apud
1755 5701 1886 5758 Sar-

1905 5768 1972 5788 λ..

1657 293 2136 352 OBSERVATION
2144 299 2242 354 ES.

3431 309 3452 360 1
3465 309 3566 363 630

1997 415 2176 489 dicam
2233 420 2620 489 episcoporum
2674 417 2761 476 his
2794 423 2978 477 verbis
3005 440 3038 478 :.
3071 425 3268 478 Deinde
3317 423 3486 480 Paulo
3516 442 3563 482 et

1995 483 2159 540 Lucio
2209 483 2552 560 etiquotquot
2591 491 2784 544 talibus
2836 492 3098 560 conjuncti
3149 505 3301 555 sunt,
3341 497 3566 550 circum-

1995 566 2173 633 euntes
2238 558 2399 612 simul
2433 558 2649 633 exteras
2693 558 2960 633 regiones,
2994 563 3376 629 persuadebunt
3399 567 3564 633 judi-

1997 624 2179 688 cibus,
2211 644 2332 704 non
2373 645 2484 682 esse
2525 624 2842 704 credendum
2888 624 3002 704 illis
3044 633 3134 704 qui
3178 633 3243 704 in
3278 649 3364 686 eos
3399 624 3567 704 'digne

1998 697 2313 771 sententiam
2358 700 2727 771 _protulerunt_.
2790 701 2861 752 De
2920 697 3173 754 Marcello
3235 697 3554 771 loquuntur,

1997 764 2231 834 Asclepa
2265 774 2319 821 et
2341 764 2666 839 Athanasio.
2696 767 2922 839 Romani
2953 784 3114 839 porro
3147 764 3328 825 utrum
3359 764 3558 829 Paulus

1998 841 2130 905 tunc
2165 837 2412 901 venerit,
2445 839 2652 893 nescio.
2695 838 2800 893 Sed
2847 841 2891 894 si
2942 837 3129 893 verum
3177 849 3295 905 est,
3343 839 3568 898 Paulum

1997 903 2298 984 aliquando
2336 906 2564 984 Romam
2599 909 2851 984 venisse,
2903 909 3008 984 hoc
3039 903 3436 984 temporecum
3474 928 3566 964 vc—

2000 976 2150 1046 nisse
2187 983 2426 1044 oportet.
2465 976 2660 1046 Neque
2695 978 2838 1032 enim
2890 979 2995 1031 alio
3044 976 3290 1044 tempore
3336 979 3562 1033 Romam

1997 1042 2184 1116 venire
2214 1042 2431 1116 potuit,
2465 1055 2523 1099 ut
2547 1042 2738 1116 postea
2770 1047 3100 1102 videbimus.
3136 1042 3351 1103 Primus
3379 1058 3561 1102 autem

1997 1110 2839 1185 exOccidentalibus-episcopis
2866 1117 3192 1170 Maximinus
3213 1117 3568 1172 Trevirorum

1999 1182 2293 1252 episcopus
2313 1223 2348 1256 ,Δ
2372 1182 2615 1256 Paulum
2645 1186 2699 1238 in
2737 1182 3186 1256 contuitunionem
3231 1188 3438 1256 recepit
3465 1231 3477 1250 ,
3513 1198 3572 1238 ut

2001 1251 2274 1326 testantur
2314 1251 2627 1326 Orientales
2673 1255 2820 1323 apud
2869 1254 3153 1310 Serdicam
3210 1251 3455 1326 episcopi
3516 1260 3568 1309 in

2000 1320 2272 1391 Synodica
2307 1339 2471 1395 supra
2500 1324 2688 1380 citata.

2655 1413 2806 1469 CAP.
2851 1411 2915 1466 V.

2004 1500 2121 1566 Quo
2166 1511 2392 1568 tempore
2433 1501 2688 1556 Eusebius
2730 1501 3150 1556 Nicomediensis
3192 1501 3262 1554 ad
3301 1503 3572 1570 episcopa-

2120 1581 2230 1625 tum
2264 1572 2911 1639 Constantinopolitanunt
2946 1572 3240 1625 translatus
3279 1572 3460 1640 fuerit.

2070 1663 2470 1736 Philostorgius
2516 1665 2733 1735 quidem
2781 1679 2845 1736 ac
2874 1663 3246 1736 Theodoritus
3267 1663 3571 1736 Eusebium

2001 1734 2477 1790 Nicomediettsem
2537 1734 2758 1789 mortuo
2815 1735 3128 1789 Alexandro
3193 1735 3567 1802 episcopatum

2001 1805 2157 1880 urbis
2181 1804 2808 1880 Constantinopolitanae
2836 1805 3153 1880 suscepisse
3179 1803 3401 1866 dicunt,
3427 1803 3575 1880 prin-

2003 1875 2191 1944 cipatu
2249 1871 2598 1944 Constantini
2657 1873 2899 1927 Maximi.
2959 1871 3166 1944 Verum
3219 1888 3327 1944 etis
3373 1871 3576 1944 refellit

2003 1940 2378 2004 Athanasius,
2424 1945 2517 2012 qui
2571 1943 2778 2012 diserte
2825 1951 3059 1996 testatur
3118 1942 3172 1993 in
3231 1941 3470 2012 Epistola
3507 1940 3574 1991 ad

2002 2014 2307 2076 solitarios,
2340 2011 2638 2066 Eusebium
2683 2011 3158 2065 Nicomediensem
3195 2027 3301 2063 non
3335 2011 3576 2062 Alexan—

2003 2083 2104 2138 dro
2140 2090 2357 2135 mortuo
2391 2082 2763 2141 successisse,
2795 2081 2891 2134 sed
2928 2082 2983 2133 in
3028 2079 3181 2132 Pauli
3215 2080 3448 2132 viventis
3495 2079 3574 2130 lo-

2003 2167 2128 2207 cum
2158 2165 2254 2219 per
2295 2151 2403 2204 vim
2454 2158 2616 2221 atque
2656 2151 2917 2204 ambitum
2964 2149 3256 2221 invasisse.
3305 2148 3576 2221 Prazterea

2004 2221 2377 2291 Hieronymus
2433 2221 2486 2273 in
2529 2219 2800 2291 Chronico
2862 2219 3576 2291 scribit,_Constantinum

2042 2291 2169 2343 aulo
2198 2287 2328 2343 ante
2356 2297 2588 2354 mortem
2623 2289 2951 2342 Nicomedia:
2983 2289 3322 2354 baptizatum
3357 2303 3481 2342 esse
3512 2287 3582 2339 ab

2042 2305 2169 2343 auto
2198 2305 2328 2343 ante
2356 2305 2588 2342 mortem
2623 2305 2951 2342 meomemm
2984 2305 3322 2354 baptizatum
3357 2305 3481 2342 esse
3512 2305 3581 2339 an

2002 2305 2246 2413 Eusebio
2289 2359 2396 2411 loci
2438 2353 2589 2412 illius
2633 2359 2915 2425 episc0po.
2964 2356 3210 2423 Denique
3253 2358 3581 2410 Ammianus

2005 2428 2362 2482 Marcellinus
2392 2436 2590 2480 auctor
2621 2434 2737 2489 est,
2767 2425 3046 2479 lulianum
3079 2425 3379 2494 principem
3413 2425 3580 2477 Nico-

2005 2498 2199 2552 mediae
2254 2497 2546 2552 educatum
2611 2495 2782 2549 fuisse
2843 2496 2911 2546 ah
2975 2494 3214 2548 Eusebio
3271 2494 3580 2563 episcopo,

2006 2582 2170 2636 quem
2220 2565 2690 2636 genereﬂlongius
2738 2565 3090 2632 contingebat
3112 2579 3136 2636 ;_
3169 2564 3249 2636 sic
3302 2564 3448 2636 enim
3504 2564 3580 2615 lo-

2005 2632 2196 2704 quitur
2225 2632 2602 2691 Marcellinus.
2648 2633 2819 2687 Porro
2849 2637 3069 2704 quando
3109 2632 3364 2686 Julianus
3407 2632 3582 2704 Euse-

2006 2701 2098 2761 bio
2124 2706 2386 2775 episcopo
2419 2705 2657 2775 traditus
2687 2713 2772 2757 est
2809 2701 3130 2775 educandus
3154 2741 3168 2765 ,
3207 2703 3485 2775 septennis
3520 2711 3583 2755 ut

2006 2771 2519 2830 min-initum—fuerit
2568 2787 2795 2828 necesse
2850 2781 2955 2826 est.
3014 2771 3200 2841 Neque
3258 2772 3403 2826 enim
3453 2779 3580 2825 ante

2007 2846 2153 2900 hunc
2197 2859 2400 2898 annum
2453 2845 2609 2911 pueri
2659 2843 3038 2896 commendari
3087 2844 3265 2896 solent
3297 2843 3581 2895 instituto-

2005 2917 2182 2970 ribus.
2215 2915 2378 2983 Atqui
2411 2911 2665 2966 Julianus
2691 2913 2790 2983 vix
2808 2922 3014 2982 septem
3049 2926 3223 2983 annos
3254 2912 3581 2983 impleverat

2005 2993 2122 3040 tum
2156 3000 2280 3038 cum
2306 2981 2712 3039 Constantinus
2749 2981 3018 3035 Maximus
3059 2996 3126 3034 ex
3160 2981 3263 3034 hac
3302 2981 3422 3034 luce
3473 2983 3579 3032 nti-

2005 3055 2203 3125 gravit.
2231 3052 2469 3125 Proinde
2499 3051 2774 3125 Eusebius
2800 3049 3277 3125 Nicomediensem
3304 3051 3582 3125 episcopa-

2005 3117 2120 3178 ium
2154 3138 2328 3192 usque
2356 3121 2425 3175 'ad
2460 3123 2673 3192 obitqu
2718 3120 3075 3192 Constantini
3123 3117 3370 3192 retinuit.
3421 3117 3580 3192 Certe

2005 3188 2402 3249 Constantinus
2439 3190 2752 3259 hujusmodi
2781 3192 3162 3259 episcoporum
3191 3188 3581 3244 translationes

2004 3264 2159 3318 valde
2186 3261 2550 3332 improbabat,
2579 3259 3046 3332 quemadmodum
3072 3259 3348 3332 discimus
3374 3275 3438 3313 ex
3459 3260 3581 3332 ejus

2003 3333 2236 3402 epistola
2265 3328 2328 3384 ad
2355 3328 2654 3402 Eusebium
2679 3329 3087 3402 Caesariensem
3103 3328 3424 3402 episcopum
3444 3367 3458 3391 ,
3485 3331 3576 3398 qui

2003 3396 2360 3457 A'ntiocltenae
2401 3401 2558 3455 urbis
2597 3399 2969 3453 sacerdotium
3023 3396 3126 3450 sibi
3173 3397 3416 3450 delatum
3457 3396 3580 3450 con-

2003 3479 2214 3527 stanter
2285 3476 2659 3524 recusaverat.
2695 3466 2889 3520 Verior
2937 3467 3124 3534 itaque
3172 3473 3256 3520 est
3299 3470 3577 3520 sententia

2002 3555 2196 3596 eorum
2219 3580 2235 3603 ,
2272 3539 2364 3609 qui
2395 3537 2690 3592 Eusebium
2735 3535 3209 3609 Nicomediensem
3245 3534 3572 3609 Constantio

2003 3604 2304 3679 regnante,
2333 3609 2406 3679 ad
2451 3611 2826 3679 episcopatum
2875 3604 3028 3679 urbis
3070 3605 3578 3679 Constantinopoli-

2003 3673 2143 3744 tanae
2175 3673 2506 3733 transiliisse
2534 3673 2746 3730 dicunt.
2774 3673 2848 3727 ita
2876 3674 3134 3744 Socrates
3155 3713 3168 3735 ,
3195 3673 3534 3728 Sozomenus
3560 3714 3576 3738 ,

2001 3743 2281 3803 Cedrenus
2308 3761 2372 3801 ac
2395 3745 2778 3816 Theophanes.
2806 3744 2870 3816 Et
2893 3743 3176 3816 Cedrenus
3207 3744 3430 3816 quidem
3457 3745 3579 3812 epi-

2001 3827 2288 3888 scopatum
2341 3816 2494 3888 urbis
2529 3814 3158 3888 Constantinopolitanae
3195 3829 3223 3866 a
3254 3814 3579 3888 Constantio

2003 3883 2280 3944 mercedis
2308 3888 2431 3941 loco
2457 3887 2699 3941 delatum
2735 3901 2859 3940 esse
2893 3884 3085 3937 scribit
3119 3883 3354 3953 Eusebio
3375 3923 3388 3944 ,
3418 3898 3578 3953 prep-

2005 3968 2148 4012 terea
2180 3957 2326 4027 quod
2360 3956 2628 4027 Eusebius
2671 3963 3064 4027 testamentum
3110 3952 3253 4027 quod
3306 3952 3580 4027 Cottstan~

2004 4028 2152 4082 tinus
2182 4023 2421 4081 moriens
2451 4025 2550 4092 ipsi
2581 4024 3094 4085 commendaverat,
3129 4023 3303 4092 primo
3333 4024 3574 4092 muniunt

2002 4097 2332 4153 Constantio
2379 4091 2721 4149 tradidisset.
2759 4095 3020 4146 Socrates
3063 4107 3194 4145 vero
3229 4091 3371 4144 hanc
3404 4091 3577 4146 Euse-

2002 4167 2078 4220 bii
2121 4165 2533 4222 translationem
2577 4164 2744 4218 refert
2786 4162 2948 4231 paulo
2990 4171 3112 4231 post
3155 4171 3396 4231 mortem
3435 4160 3576 4214 Cou-

2004 4237 2235 4291 stantini
2274 4233 2560 4298 Junioris,
2617 4232 2669 4286 id
2727 4228 2810 4286 est
2860 4228 3006 4285 anno
3053 4231 3261 4284 Christi
3302 4228 3440 4293 540,
3488 4233 3576 4284 cui

2003 4305 2282 4362 consentit
2360 4305 2524 4359 etiam
2598 4301 2886 4356 Baronius.
2945 4299 3144 4355 Verum
3205 4299 3474 4354 Baronius
3546 4316 3576 4351 a

2006 4377 2190 4446 seipse
2241 4374 2536 4446 dissentit,
2574 4382 2629 4426 et
2672 4370 2976 4446 pugnantia
3034 4370 3284 4446 inte_r_se
3312 4369 3579 4446 _l0quilur

2002 4438 2166 4514 atque
2193 4445 2491 4499 contraria.
2511 4447 2645 4496 Cum
2672 4438 2818 4514 e_ni'nt
2847 4440 3100 4514 fateatur,
3121 4438 3416 4514 Epistulam
3451 4454 3579 4509 syn-

2002 4509 2216 4570 odicam
2241 4515 2630 4582 episcoporum
2667 4510 2888 4580 Egypti
2917 4509 2983 4563 ad
3020 4525 3209 4563 omnes
3239 4510 3442 4582 ubique
3472 4518 3572 4562 ler-

2001 4600 2187 4638 rarum
2219 4579 2556 4637 orthodoxos
2602 4579 2928 4650 episcopos,
2963 4579 3438 4650 quarespundent
3480 4595 3571 4632 ea.

2000 4655 2225 4709 lumniis
2247 4649 2680 4708 Eusebianorunt
2708 4652 2978 4704 adversus
3009 4649 3403 4713 Athanasium,
3433 4650 3574 4704 seri-

1999 4734 2146 4796 ptam
2178 4741 2299 4780 esse
2348 4737 2491 4796 anno
2541 4719 2753 4796 Domini
2787 4719 2982 4796 “559_:_
3015 4726 3230 4796 constet
3272 4728 3455 4796 autem
3509 4735 3573 4774 ex

1998 4787 2187 4849 eadem
2213 4793 2479 4865 synodica
2507 4791 2763 4860 epistola,
2785 4788 3081 4865 Eusebium
3104 4787 3574 4865 Nicomediensem

1993 4865 2107 4932 jam
2134 4857 2336 4918 tum'ad
2358 4857 2734 4932 episcopatum
2766 4859 2920 4932 urbis
2942 4857 3577 4932 Constantinopolitante

2000 4880 2107 4932 tam
2134 4878 2246 4916 tum
2271 4878 2336 4918 au
2358 4879 2388 4917 e
2432 4878 2734 4930 Iscopatunt
2766 4878 2920 4914 UI'DIS
2942 4878 3575 4929 uonsmnunopontanm

2000 4935 2333 4987 translatum
2381 4878 2604 4986 ﬁnisse:
2661 4929 2964 4984 absurdum
3013 4931 3239 4984 omnino
3290 4941 3374 4985 est
3430 4931 3575 4982 hanc

1997 5003 2224 5058 Eusebii
2269 5001 2686 5056 translationem
2726 5000 2798 5069 in,
2829 5014 3035 5069 annum
3074 5007 3396 5069 sequentem
3443 5014 3578 5052 con-

1999 5075 2170 5128 ferre.
2207 5072 2361 5139 Quod
2395 5086 2528 5126 vero
2559 5068 2803 5139 episcopi
2828 5067 3044 5138 ngypti
3071 5070 3127 5124 in
3155 5067 3252 5124 sua
3287 5070 3379 5122 illa
3409 5083 3576 5139 syno-

1998 5144 2120 5198 dica
2143 5137 2355 5198 diserte.
2379 5137 2651 5196 testentur
2674 5139 2729 5192 id
2752 5137 2899 5208 quod
2912 5137 3062 5202 dixi,
3085 5156 3151 5194 ex
3177 5154 3365 5192 eorum
3390 5137 3574 5208 verbis

1998 5225 2266 5283 apparet,
2293 5227 2416 5334 (ἲιξε
2447 5210 2537 5264 hic
2564 5207 2834 5279 apponam
2868 5225 2882 5263 :
2917 5209 3234 5278 Quanquam
3266 5207 3396 5261 nihil
3424 5223 3486 5258 ea
3518 5223 3572 5258 re

1998 5283 2277 5334 impeditus
2335 5281 2580 5334 ‘usebius.
2611 5279 2893 5334 Athanasii
2928 5281 3243 5333 creationem
3273 5282 3529 5334 vituperat
3556 5289 3572 5327 .'

1998 5279 2277 5352 impeditus
2306 5279 2580 5344 Eusebius,
2611 5279 2893 5352 Athanasii
2928 5281 3243 5333 creationem
3273 5282 3529 5343 vituperat
3556 5289 3574 5327 .'

1997 5351 2151 5406 homo
2179 5352 2268 5422 qui
2297 5352 2404 5416 ipse
2432 5365 2648 5420 prorsus
2672 5351 2944 5422 episcopus
2971 5358 3178 5422 creatus
3207 5363 3308 5398 non
3333 5355 3409 5398 est
3436 5383 3449 5422 τ
3479 5353 3574 5422 aut

1995 5423 2045 5476 si
2085 5416 2317 5492 unquam
2357 5416 2451 5491 jus
2489 5416 2718 5492 episcopi
2763 5416 3263 5492 habuit,_idipsum
3316 5416 3569 5492 rescidit,

1997 5484 2180 5560 utpote
2201 5492 2291 5560 qui
2320 5484 2576 5560 principio
2607 5484 2787 5560 Beryti
2812 5506 2906 5558 pro
2933 5489 3359 5607 episcolioegerit
3388 5525 3403 5550 ,
3448 5484 3574 5564 reli-

1997 5573 2182 5607 ntnrme
2208 5561 2396 5607 Rerum
2424 5560 2787 5607 Nicomediam
2811 5575 2866 5607 se
2887 5565 3094 5607 transtu
3119 5566 3256 5607 erit:
3281 5555 3431 5607 tllattt
3456 5570 3573 5607 (lut-

1997 5555 2182 5634 ctaque
2203 5555 2396 5632 Beryto
2421 5555 2787 5634 Nicomediam
2811 5555 2866 5613 se
2887 5555 3220 5634 transtulerit
3239 5571 3256 5609 :
3273 5555 3431 5634 illam
3456 5555 3573 5622 qui-

1996 5625 2110 5689 dem
2140 5625 2445 5688 cathedram
2478 5639 2674 5700 prwter
2721 5630 2854 5700 leges
2893 5626 3181 5700 destitueris
3202 5625 3423 5700 ,“istam
3447 5639 3571 5700 pera

2001 5703 2150 5759 nulla
2175 5704 2280 5775 lege
2303 5694 2548 5757 invadens
2569 5715 2586 5753 :
2610 5694 2812 5769 proprii
2841 5697 3009 5768 gregis
3036 5695 3148 5750 sine
3172 5695 3285 5750 ulla
3314 5694 3581 5750 charitatc.
