4050 6218
365 225 507 286 C655

366 339 709 414 Impositum.
744 340 798 394 in
829 339 1084 414 exsilium
1123 341 1273 396 tuisit
1300 341 1580 414 Cucusum
1605 383 1620 407 ,
1658 344 1944 414 Cappado—

367 411 467 467 ciae
498 411 794 482 oppidum,
819 411 982 482 quod
1033 419 1224 482 postea
1266 413 1462 468 minori
1497 411 1789 468 Armenia!
1813 431 1944 470 con-

365 479 634 537 tributum
674 488 780 534 est.
818 479 898 532 Ihi
942 479 1066 534 eum
1103 480 1397 536 Eusebiani
1438 482 1499 537 in
1539 484 1852 539 arctissimo
1890 493 1946 541 et

363 550 762 608 obscurissimo
797 548 1034 616 quodam
1071 551 1192 605 loco
1233 553 1582 606 recluserunt
1609 592 1624 617 ,
1660 556 1945 610 subtracto

365 623 414 692 ei
449 622 666 692 penitus
693 618 977 680 alimento,
999 629 1067 692 _ut
1095 621 1366 692 hominem
1403 622 1586 678 inedia
1614 633 1928 681 enecarent.

365 688 497 745 Post
529 695 742 743 sextum
774 697 956 760 autem
981 688 1123 742 diem
1157 691 1414 760 ingressi,
1449 707 1574 745 cum
1609 707 1736 748 eum
1762 695 1944 749 adhuc

364 761 665 830 spirantem
692 759 1040 830 reperissent,
1059 761 1330 815 contortis
1351 762 1498 830 pallii
1519 762 1736 816 laciniis
1760 775 1945 819 stran-

366 827 663 899 gularent,
709 827 1176 899 quemadmodum
1241 827 1442 885 scribit
1495 832 1832 890 Athanasius
1888 836 1941 888 in

371 896 612 970 It‘pittola
648 896 720 970 ad
777 898 1071 952 solitariae.
1122 899 1185 954 Et
1214 899 1548 956 Athanasius
1581 900 1802 970 quidem
1839 903 1944 959 hoc

365 968 518 1022 Pauli
567 969 820 1022 exsilium
861 975 1117 1036 quartum
1161 979 1343 1024 vocat.
1380 970 1488 1036 Ego
1536 968 1667 1026 vern
1717 975 1941 1027 tertium

366 1039 584 1094 mallem
609 1036 811 1092 dicere.
837 1037 972 1107 ham
1003 1036 1364 1107 Singarenum
1381 1048 1432 1095 et
1453 1039 1792 1106 Emisenutn,
1819 1043 1943 1097 licet

367 1109 507 1163 locis
546 1107 763 1177 diversa
812 1106 958 1168 sint,
1008 1106 1122 1177 pro
1147 1109 1309 1162 unico
1352 1117 1535 1165 tamen
1575 1111 1774 1165 exsilio
1812 1119 1944 1167 sunt

366 1175 687 1250 accipienda
723 1194 735 1230 :
784 1192 907 1230 cum
957 1175 1160 1234 Paulus
1201 1193 1231 1232 a
1276 1177 1530 1249 Singaris
1559 1196 1669 1248 quo
1706 1183 1942 1250 primum

368 1247 547 1302 funerat
585 1248 897 1316 relegatus,
948 1255 1134 1315 postea
1185 1247 1485 1305 translatus
1541 1247 1613 1305 sit
1666 1247 1940 1306 Eincsam.

366 1317 524 1383 Quod
564 1315 746 1370 autem
789 1315 1047 1372 Socrates
1088 1328 1250 1384 atque
1283 1318 1620 1376 Snzomenus
1649 1321 1940 1385 scribunt,

365 1387 595 1442 Paulum
641 1401 673 1440 a
721 1385 970 1457 Philippo
1019 1389 1278 1457 praelecto
1323 1388 1774 1446 Thessalonicam
1815 1407 1944 1447 esse

367 1459 705 1526 relegatum,
753 1456 1043 1526 dupliciter
1089 1457 1390 1521 falluntur,
1437 1470 1492 1516 et
1532 1461 1588 1514 in
1622 1462 1761 1523 loci,
1802 1472 1856 1516 et
1887 1463 1944 1516 in

366 1525 630 1586 temporis
660 1525 959 1581 notatione.
999 1525 1054 1580 Id
1094 1529 1240 1582 enim
1282 1528 1488 1583 factum
1533 1546 1658 1586 esse
1687 1531 1944 1586 scribunt

364 1595 532 1668 paulo
567 1604 690 1664 post
721 1611 908 1668 necem
942 1595 1332 1668 Hermogenis,
1371 1601 1422 1653 id
1452 1609 1536 1654 est
1562 1616 1707 1655 anno
1733 1601 1940 1656 Christi

363 1666 494 1740 $42,
517 1682 632 1736 quo
668 1666 891 1740 quidem
902 1675 1166 1740 _tempore
1202 1667 1488 1740 Philippus
1523 1685 1630 1724 non
1661 1681 1778 1724 erat
1809 1687 1944 1740 pra:-

366 1734 548 1810 fccttts
571 1734 834 1810 praetorii.
875 1734 1058 1810 N_eque
1102 1751 1230 1810 vero
1268 1734 1554 1809 Philippus
1592 1750 1726 1795 tunc
1765 1734 1942 1810 potuit

363 1803 598 1880 Paulum
630 1808 874 1880 relegare
895 1803 1368 1880 Thessalonicam,
1395 1803 1518 1879 quae
1547 1812 1678 1866 urbs
1705 1803 1816 1864 tuin
1850 1827 1942 1880 pa-

363 1880 523 1930 rebat
551 1875 837 1931 Constanti
881 1875 1129 1943 Augusto
1154 1915 1168 1937 ,
1216 1893 1322 1931 non
1360 1875 1540 1932 autem
1581 1875 1940 1942 Constantio,

365 1947 476 2018 sub
538 1961 647 2015 quo
705 1944 1364 2018 prtefectnratngerehat
1407 1949 1715 2018 Philippus.
1761 1949 1944 2015 Quare

363 2013 569 2072 verius
593 2023 678 2070 est
708 2013 868 2082 quod
922 2013 1192 2069 Baronius
1234 2017 1468 2079 scribit,
1516 2013 1628 2072 liie'c
1675 2013 1941 2076 adversus

362 2084 596 2144 Pan!qu
645 2100 674 2136 a
718 2084 970 2152 Philippo
1017 2095 1166 2148 gesta
1205 2100 1329 2140 esse
1368 2102 1512 2139 mino
1545 2087 1756 2141 Domini
1789 2089 1886 2141 55f
1925 2105 1938 2142 :

362 2168 476 2224 quo
525 2169 682 2226 anno
712 2154 1022 2226 Philippum
1071 2153 1390 2226 praefectum
1435 2157 1938 2226 pt'tetoriowfuisse,

361 2233 563 2296 praeter
601 2224 963 2296 Athanasium
1005 2225 1207 2296 dcccnt
1255 2224 1662 2296 leges__'codicis
1692 2225 1944 2280 Theodo-

360 2291 546 2358 tiam,
584 2302 641 2347 ut
681 2292 865 2347 notavi
898 2291 966 2344 ad
1008 2291 1356 2348 Atnmiannm
1399 2293 1797 2350 Marcellinum.
1833 2296 1942 2350 Sed

360 2374 518 2427 tunc,
537 2371 593 2417 ut
618 2363 755 2426 dixi,
789 2360 845 2414 id
873 2368 956 2414 est
979 2376 1121 2414 anno
1146 2363 1269 2426 551,
1299 2363 1502 2418 Paulus
1533 2380 1639 2418 non
1675 2367 1727 2418 in
1752 2366 1941 2420 urbetn

361 2433 813 2490 Thessalonicam
855 2431 1128 2498 relegatus
1181 2442 1300 2494 cst,
1355 2433 1452 2486 sed
1501 2434 1786 2488 Cucusnm
1818 2474 1833 2497 ,
1885 2443 1944 2489 ut

360 2513 598 2560 testatur
616 2502 972 2556 Athanasius.
1005 2500 1295 2565 Quomodo
1319 2505 1463 2556 enim
1491 2503 1940 2559 Thessalonicam

361 2575 594 2644 relegari
643 2572 956 2644 potuisset,
1007 2586 1130 2644 quae
1163 2581 1281 2626 erat
1313 2574 1489 2644 ipsius
1519 2576 1750 2644 patria.
1795 2575 1944 2629 sicut

364 2641 611 2699 fatentur
640 2641 979 2697 Sozomenus
1010 2649 1065 2694 et
1101 2641 1393 2697 Socrates?
1427 2641 1570 2707 Quid
1611 2646 1783 2708 magis
1809 2660 1940 2698 con-

361 2714 624 2784 trarium,
661 2727 824 2782 quam
855 2711 1032 2780 patria
1077 2721 1131 2764 et
1177 2714 1475 2767 exsilium?
1507 2713 1750 2784 Benigne
1777 2715 1944 2784 igitur

361 2800 487 2838 cum
519 2783 687 2838 Paulo
713 2790 896 2836 actum
925 2794 1047 2834 esse
1075 2792 1288 2848 oportet
1317 2794 1447 2836 tunc
1475 2799 1599 2836 cum
1627 2783 1829 2839 missus
1859 2794 1938 2838 est

359 2850 994 2924 Thessalonicam._Qnid
1012 2866 1142 2924 ergo
1156 2852 1178 2903 ’ἰ
1193 2851 1339 2907 dicet
1365 2853 1600 2924 aliquis;
1626 2867 1693 2906 an
1715 2868 1941 2924 prorsus

361 2925 562 2978 falsum
577 2923 683 2977 erit
703 2921 849 2990 quod
870 2922 1022 2972 aiunt
1056 2919 1394 2977 Sozomenus
1419 2919 1473 2977 et
1501 2919 1778 2984 Socrates,
1799 2923 1940 2976 Pau-

361 2993 476 3048 Iutn
507 2991 956 3047 Thessalonicam
985 2991 1220 3062 venisse,
1252 3001 1416 3062 atque
1455 2992 1580 3046 inde
1609 2994 1936 3047 Corinthum

360 3062 636 3134 proﬁcisci
659 3060 1272 3134 simulantem,_Romam
1293 3060 1614 3130 navigasse?
1636 3064 1688 3117 Id
1715 3067 1940 3118 omnino

361 3129 550 3202 verum
579 3139 729 3202 puto,
762 3130 855 3202 sed
881 3129 987 3183 alio
1016 3129 1219 3185 factum
1249 3129 1493 3202 tempore
1525 3151 1538 3185 :
1572 3141 1700 3202 tunc
1728 3134 1942 3189 scilicet

362 3218 490 3258 cum
522 3200 726 3258 Paulus
770 3201 1006 3270 primum
1047 3202 1328 3270 depositus
1362 3200 1450 3256 est
1491 3217 1556 3256 ac
1603 3201 1897 3258 damnatus
1923 3242 1938 3266 ,

362 3218 490 3258 cum
523 3218 726 3258 ramus
770 3218 1006 3270 primum
1047 3218 1113 3255 ae
1153 3218 1328 3256 OSltllS
1363 3218 1450 3256 est
1491 3218 1556 3256 ac
1603 3218 1897 3258 damnatus
1923 3242 1938 3266 ,

361 3271 594 3328 suﬂecto
623 3272 676 3324 in
710 3272 830 3340 ejus
866 3267 1046 3340 logum
1110 3218 1348 3326 Eusebio
1393 3272 1817 3327 Nicomediensi.
1863 3272 1942 3325 Eo

359 3341 632 3412 siquidem
658 3336 902 3410 tempore
923 3336 1148 3412 Paulus,
1179 3355 1302 3412 cum
1336 3343 1560 3412 liberam
1594 3341 1818 3397 haberet
1848 3356 1940 3412 va-

357 3406 524 3484 gandi
556 3406 922 3484 potestatem,
954 3406 1404 3484 Thessalonicam
1433 3421 1489 3465 et
1519 3410 1748 3484 Romam
1797 3419 1852 3466 et
1887 3411 1943 3464 in

358 3476 503 3538 alias
555 3476 717 3536 urbes
758 3476 1127 3534 Occidentalis
1164 3481 1376 3548 imperii
1418 3495 1517 3548 pro
1563 3481 1792 3534 arbitrio
1840 3495 1944 3534 suo

358 3551 639 3624 proﬁcisci
661 3552 855 3622 potuit,
877 3549 1338 3618 quemadmodum
1365 3550 1622 3620 superius
1637 3551 1947 3604 observavi.

1675 229 2266 292 OBSERVATIONES.

2921 315 2924 317 _
3482 253 3622 312 1654

2681 354 2831 408 CAP.
2893 355 2984 410 IX.
3569 361 3577 374 ‘

2048 439 2158 496 Cur
2189 441 2516 515 Athanasius
2549 443 2686 515 inter
2721 445 3041 500 orthodoxa:
3086 450 3352 515 episcopos
3388 449 3618 507 Paulum

2199 511 2844 582 Constantinopolitanunt
2874 517 3087 570 minime
3113 511 3451 576 recensum-it.

2115 614 2303 690 Mirari
2333 617 2463 690 quis
2485 632 2594 690 non
2628 617 2902 690 immerito
2939 629 3117 689 potest
3137 660 3152 683 .
3183 624 3312 690 quid
3345 639 3527 680 causae
3550 627 3621 680 sit

2046 698 2149 758 cur
2203 686 2540 758 Athanasius
2571 688 2626 741 in
2662 686 2913 744 Oratione
2939 686 3114 758 prima
3149 686 3335 746 contra
3363 692 3614 756 Arianos,

2045 755 2477 835 orthodoxornm
2527 757 2911 828 episc0porum
2941 755 3199 815 'indicem
3256 771 3478 835 texens,
3525 755 3618 835 qui

2042 823 2322 881 Nicaenam
2345 826 2505 880 fidem
2527 823 2845 882 constanter
2869 841 3245 895 asseruerant,
3265 832 3414 887 Pauli
3441 823 3612 890 nostri

2045 910 2246 975 nomen
2293 896 2756 975 praetermi_serit_:
2805 909 3202 975 quem_tatnen
3255 913 3471 958 constat
3520 921 3620 975 pro

2043 963 2248 1020 Nicmni
2293 963 2513 1020 concilii
2539 965 2792 1022 doctrina
2822 963 2896 1024 'ac
2929 970 3032 1024 ﬁde
3081 971 3346 1028 adversus
3383 963 3618 1030 Arianos
3677 1021 3679 1023 .

2045 1036 2260 1091 fortiter
2306 1034 2637 1091 decertasse.
2689 1038 2850 1093 Certe
2899 1041 3233 1096 Athanasius
3272 1043 3326 1095 in
3370 1046 3620 1100 oratione
3667 1074 3676 1094 .

2045 1119 2209 1183 supra
2226 1115 2560 1183 _memorata
2593 1110 2934 1183 mentionem
2989 1110 3116 1164 facit
3143 1111 3450 1183 Alexandri
3500 1117 3615 1183 cpi-

2045 1175 2196 1268 seopi
2220 1175 3111 1268 constantinopolitani._Curergo
3143 1175 3619 1268 Paulumouoque

2042 1245 2339 1319 Alexandri
2392 1261 2767 1319 successorem
2808 1248 2858 1302 ei
2900 1245 3125 1305 minime
3171 1245 3466 1319 adjunxit'?
3512 1245 3618 1308 Nec

2043 1323 2130 1370 est
2174 1315 2322 1385 quod
2375 1316 2501 1384 quis
2539 1317 2766 1385 objiciat
2810 1319 3168 1374 Athanasium
3214 1315 3278 1375 c'o
3335 1323 3455 1378 loco
3497 1325 3618 1378 illos

2044 1385 2312 1460 duntaxat
2341 1388 2635 1456 episcopos
2668 1403 3131 1460 commemorasse
3154 1429 3168 1454 ,
3214 1391 3307 1460 qui
3344 1392 3456 1459 jam
3509 1394 3618 1447 fato

2045 1455 2219 1532 functi
2255 1465 2472 1520 essent,
2519 1472 2584 1510 ac
2625 1457 2853 1532 proinde
2906 1457 3134 1514 Paulum
3170 1455 3363 1515 abillo
3394 1471 3617 1532 pra-ter-

2046 1525 2183 1581 itum
2238 1541 2395 1598 esse,
2431 1541 2518 1598 _eoj
2549 1526 2695 1598 quod
2738 1527 2940 1598 adhuc.
2965 1540 3248 1598 superstes
3294 1525 3459 1586 esset.
3494 1531 3619 1588 Hzcc

2045 1597 2334 1664 responsio
2380 1595 2594 1650 admitti
2631 1595 2862 1650 forsitan
2901 1595 3086 1666 posset
3110 1640 3125 1665 ,
3174 1601 3219 1654 si
3253 1599 3454 1657 Paulus
3477 1603 3619 1657 Con-

2046 1666 2566 1735 stantinopolitanus
2613 1674 2894 1735 superstes
2932 1669 3112 1723 adhuc
3143 1669 3336 1725 fuisset
3377 1687 3442 1726 eo
3478 1681 3614 1727 tem-

2047 1750 2215 1804 pore,
2271 1750 2382 1806 quo
2434 1737 2609 1805 prima
2665 1737 2789 1806 haec
2829 1739 3005 1806 oratio
3063 1741 3327 1794 adversus
3379 1742 3616 1796 Arianos

2044 1807 2252 1876 scripta
2294 1805 2380 1862 est
2420 1807 2488 1859 ab
2531 1805 2852 1877 Athanasio.
2903 1805 3102 1862 Verum
3153 1818 3446 1877 antequam
3495 1828 3614 1866 eam

2044 1879 2350 1946 orationem
2370 1916 2385 1937 ,
2419 1889 2514 1946 seu
2548 1876 3047 1946 potiusepistolam
3079 1876 3346 1934 scriberet
3377 1881 3615 1935 Athana-

2044 1946 2196 2011 sius,
2240 1945 2455 2012 Paulus
2478 1944 2589 2012 jam
2629 1959 2660 1999 e
2700 1944 2837 2000 vivis
2879 1957 3212 2001 excesserat.
3247 1948 3494 2004 Mortuus
3531 1959 3616 2005 est

2043 2015 2190 2082 enim
2243 2029 2388 2068 anno
2414 2011 2620 2067 Natalis
2665 2012 2931 2069 Dominici
2973 2016 3072 2070 ’551
3123 2027 3217 2071 aut
3272 2018 3408 2082 552,
3453 2029 3510 2074 ut
3548 2021 3614 2075 ad

2046 2081 2345 2136 Historiam
2401 2084 2648 2138 Socratis
2682 2084 2992 2138 observavi.
3041 2084 3168 2140 Ilaec
3208 2097 3386 2142 autern
3433 2091 3616 2143 Oratio

2045 2153 2313 2229 adversus
2365 2151 2600 2229 Arian_os
2642 2152 2849 2229 scripta
2911 2155 3120 2229 est__ab
3158 2156 3460 2229 Athanasio
3498 2171 3620 2229 post

2041 2223 2482 2278 enthrouismum
2513 2222 2770 2292 Georgii,
2802 2240 2948 2277 anno
2975 2223 3180 2280 Christi
3212 2228 3351 2290 556.
3385 2222 3532 2284 sicut
3561 2231 3614 2284 in

2043 2293 2492 2367 superiore-libro
2517 2293 2795 2367 adnotari.
2816 2294 2936 2367 Alia
2963 2295 3129 2367 igitur
3158 2297 3321 2367 hujus
3350 2300 3426 2354 rei
3450 2315 3616 2354 causa

2044 2360 2378 2438 inquirenda
2428 2370 2531 2438 est.
2569 2360 2755 2438 Reque
2793 2364 2940 2438 enim
2980 2360 3104 2438 sine
3141 2360 3306 2421 causa
3333 2408 3346 2432 ,
3391 2378 3488 2438 aut
3523 2385 3619 2438 per

2043 2430 2430 2501 negligentiam
2462 2431 2512 2483 id
2543 2431 2610 2483 ab
2643 2430 2944 2501 Athanasio
2975 2431 3180 2486 factum
3214 2430 3340 2490 esse
3368 2430 3618 2491 credide-

2042 2500 2168 2555 rim.
2207 2500 2474 2555 Existimo
2505 2501 2669 2570 igitur
2699 2500 3060 2555 Athanasium
3099 2518 3166 2557 eo
3201 2506 3321 2559 loco
3357 2506 3424 2561 de
3454 2506 3617 2560 indu-

2044 2571 2180 2644 stria
2204 2571 2364 2644 Pauli
2403 2585 2601 2644 nomen
2624 2573 3056 2644 praetermisisse
3077 2612 3093 2636 ,
3120 2588 3186 2628 eo
3215 2577 3360 2644 quod
3396 2578 3450 2630 in
3481 2592 3616 2630 con-

2043 2641 2176 2694 cilio
2202 2640 2328 2710 Tyri
2378 2656 2501 2694 cum
2542 2641 2762 2694 Arianis
2805 2647 3140 2710 permixtus,
3177 2640 3618 2702 condemnationi

2043 2711 2217 2780 ipsius
2242 2711 2665 2778 subscripserat,
2694 2718 2750 2763 ιιι
2773 2725 2941 2778 supra
2969 2712 3226 2770 vidimus.
3257 2715 3517 2770 Eamdem
3547 2718 3618 2772 ob

2043 2781 2523 2856 causatn__hlaxitni
2571 2795 2789 2856 qu0que
2809 2781 3336 2856 __IIierosolyn_torunt
3373 2787 3616 2856 episcopi

2042 2866 2242 2928 nomen
2274 2850 2477 2928 ibidem
2515 2851 2779 2928 reticuit,
2809 2849 2937 2928 lieet
2965 2849 3188 2928 Macarii
3225 2849 3618 2928 Hierosolymi-

2043 2921 2158 2974 tani
2194 2921 2524 2992 mentionem
2570 2919 3011 2992 iecisseteQuod
3059 2923 3280 2992 quidem
3327 2941 3433 2978 non
3478 2919 3621 2982 ulci-

2045 2989 2233 3048 scendi
2265 2991 2448 3044 animo
2476 2989 2544 3043 ab
2564 2989 2871 3044 Athanasio
2902 2989 3107 3046 factum
3133 3008 3256 3048 esse
3288 2994 3618 3050 credendum

2045 3068 2150 3116 est.
2176 3060 2375 3114 Procul
2408 3061 2554 3113 enim
2587 3061 2778 3114 aberat
2800 3061 2868 3114 ab
2901 3061 3007 3116 hoc
3038 3062 3234 3116 all‘cctu
3263 3063 3618 3120 Athanasius.

2047 3131 2154 3186 Sed
2194 3130 2454 3200 quoniam
2509 3130 2847 3200 Athanasius
2887 3146 2952 3186 eo
3003 3133 3124 3186 loco
3181 3133 3304 3187 illos
3355 3133 3620 3189 duntaxat

2046 3199 2335 3275 episcopos
2361 3213 2791 3275 commemorare
2819 3199 3173 3275 decreverat,
3194 3203 3300 3275 qui
3332 3206 3521 3275 procul
3552 3205 3621 3259 al‘.

2047 3269 2196 3325 omni
2225 3270 2475 3330 crimine,
2502 3277 2558 3322 et
2593 3270 2660 3322 ab
2687 3269 2834 3324 omni
2867 3272 3081 3325 macula
3112 3269 3347 3327 Arianas'
3379 3290 3622 3328 commu-

2049 3340 2234 3395 nionis
2288 3347 2550 3409 perpetuo
2599 3337 2947 3402 abfuissent,
3013 3342 3219 3394 idcirco
3283 3341 3513 3398 Paulum
3564 3353 3620 3399 et

2049 3409 2343 3480 Maximum
2386 3412 2450 3480 in
2499 3423 2565 3461 eo
2609 3422 2838 3480 num_ero
2879 3409 3056 3462 noluit
3110 3425 3432 3477 recensere,
3484 3428 3624 3480 quos

2053 3479 2259 3533 sciebat
2296 3478 2351 3530 in
2398 3477 2491 3547 illa
2536 3478 2678 3546 apud
2723 3474 2929 3546 Tyrum
2983 3484 3191 3547 synodo
3236 3474 3620 3538 communione

2053 3550 2386 3602 Arianorum
2419 3544 2588 3601 fuisse
2625 3544 2884 3615 pollutos.

1394 3913 1816 4028 LIBER
1914 3908 2580 4027 TERTIUS.

881 4220 1111 4280 CAPUT
1151 4219 1446 4276 PRIMUM.

370 4301 397 4330 ’
431 4314 575 4368 Ante
619 4325 792 4367 annos
847 4314 973 4382 plus
1013 4313 1200 4368 minus
1233 4311 1596 4381 quadraginta
1639 4310 1937 4379 gravis-in—

358 4394 445 4440 ter
471 4383 716 4438 eruditos
747 4391 864 4437 orta
904 4391 987 4438 est
1014 4383 1392 4438 controversia
1423 4384 1490 4436 de
1522 4389 1678 4435 sexto
1727 4396 1940 4437 canone

358 4455 582 4508 concilii
606 4451 833 4510 Nicazni.
875 4454 956 4508 Ad
985 4455 1148 4523 cujus
1175 4453 1570 4522 expositionem
1604 4451 1772 4504 multa
1808 4459 1940 4523 tunc

359 4525 530 4578 allata
564 4531 693 4577 sunt
735 4538 764 4576 a
805 4525 1027 4586 multis,
1060 4522 1197 4577 dum
1233 4523 1434 4592 singuli
1475 4536 1756 4592 canonem
1786 4522 1938 4575 illum

359 4595 428 4649 ad
463 4609 597 4649 suas
628 4601 810 4662 partes
854 4595 1072 4647 trahere
1102 4591 1395 4648 conantur.
1430 4591 1536 4644 Sed
1572 4607 1696 4645 cum
1727 4591 1939 4646 doctis-

359 4665 487 4718 simi
523 4661 773 4717 homines
804 4665 869 4718 de
900 4663 1164 4718 Ecclesiis
1215 4678 1280 4716 ac
1321 4662 1643 4732 regionibus
1680 4661 1944 4732 suburbi-

357 4735 532 4788 eat'iis
573 4735 757 4787 acrius
795 4734 938 4788 inter
971 4749 1031 4789 se
1062 4730 1488 4796 contenderent,
1535 4730 1714 4784 Rulini
1767 4733 1940 4785 inter-

357 4805 728 4873 pretationem
775 4805 997 4873 potius,
1047 4819 1213 4872 quarti
1264 4802 1495 4873 canonis
1545 4803 1719 4873 ipsius
1771 4804 1939 4873 verba

357 4871 1034 4942 exposuerunt.'Exstitit
1070 4871 1274 4942 postea
1321 4871 1561 4927 Joannes
1614 4871 1893 4942 Launoius
1923 4913 1940 4935 ,

359 4941 549 5011 magni
605 4943 843 4998 nominis
895 4941 1216 5012 theologus,
1265 4945 1356 5012 qui
1407 4943 1551 4996 haud
1602 4942 1676 4996 ita
1729 4941 1936 4995 dudum

359 5012 564 5066 librum
593 5013 766 5068 edidit
796 5013 874 5067 De
905 5023 1048 5068 recta
1088 5014 1520 5080 interpretatione
1551 5013 1686 5066 sexti
1719 5013 1940 5066 canonis

359 5080 595 5138 Nica'ni.
653 5081 852 5138 Verum
913 5084 1002 5139 hie
1054 5098 1272 5152 Quoque
1339 5082 1408 5136 ad
1455 5083 1709 5137 eumdem
1776 5097 1940 5150 quem

358 5154 576 5222 priores
626 5153 702 5206 illi
760 5153 993 5222 lapidem
1045 5153 1320 5222 impegit:
1379 5160 1433 5207 et
1483 5153 1625 5220 quod
1682 5154 1734 5205 in
1780 5153 1944 5205 titulo

359 5225 546 5292 operis
586 5225 669 5278 sui
704 5225 1064 5292 promiserat,
1105 5225 1156 5277 id
1191 5222 1408 5278 duabus
1459 5222 1796 5276 editionibns
1839 5223 1940 5276 im-

360 5296 515 5362 plere
547 5308 654 5347 non
690 5295 878 5347 valuit.
907 5293 1128 5348 Erroris
1156 5301 1336 5348 autem
1369 5307 1593 5346 causam
1623 5292 1671 5345 ei
1710 5292 1941 5361 praebuit

360 5377 532 5432 prava
568 5365 650 5417 via
683 5379 747 5418 ac
781 5364 1094 5426 tnethodus,
1127 5379 1234 5432 qua
1275 5364 1328 5416 in
1359 5363 1739 5432 ejusicanonis
1770 5378 1941 5432 expog

360 5429 568 5488 sitione
611 5449 743 5488 usus
781 5442 887 5489 est.
925 5433 1061 5488 Nam
1109 5429 1234 5487 cum
1271 5429 1445 5486 canon
1482 5429 1688 5484 Nicami
1719 5429 1940 5486 concilii

360 5503 720 5571 exponendas
751 5512 897 5559 esset
929 5507 1071 5559 sicut
1095 5519 1124 5556 a
1155 5501 1390 5556 Nicamis
1416 5501 1673 5555 Patribus
1701 5509 1788 5555 cst
1815 5503 1935 5556 edi-

361 5580 491 5630 tus.
533 5582 587 5627 et
647 5583 771 5642 post
818 5573 1131 5628 Graecorum
1170 5572 1463 5642 verborum
1497 5571 1934 5642 explicationem

360 5643 560 5697 ordine
597 5641 1052 5714 progrediendum
1083 5651 1232 5700 essm
1283 5641 1350 5696 ad
1385 5641 1807 5714 explicationem
1852 5644 1936 5698 in-

2043 4219 2454 4291 terpretationis
2474 4217 2816 4275 Rufinianzez
2851 4230 3043 4291 contra
3061 4221 3299 4278 Joannes
3314 4221 3615 4288 Launoius,

2041 4290 2218 4363 primo
2246 4291 2467 4363 quidem
2517 4305 2740 4344 sensnrn
2775 4290 2966 4363 Rufini
3009 4291 3384 4363 investigarit,
3423 4294 3621 4352 deinde

2041 4358 2207 4416 verba
2237 4358 2351 4432 ipsa
2385 4358 2762 4432 Nicaeum-nun
2775 4359 2994 4414 Patrum
3010 4403 3025 4427 ,
3043 4362 3198 4432 juxta
3213 4358 3377 4418 'eum’
3393 4382 3620 4421 sensum

2041 4448 2201 4502 quem
2247 4429 2431 4502 Rufini
2463 4430 2642 4502 verbis
2676 4429 2974 4502 tribuerat,
3017 4429 3289 4502 exposuit.
3339 4433 3448 4489 Nos
3490 4451 3620 4490 vero

2041 4499 2554 4572 interpretationem
2596 4499 2778 4554 Rulini
2846 4499 3340 4572 imprazsentiarum
3394 4504 3616 4572 quidem

2040 4573 2350 4628 omittimus
2368 4611 2384 4635 ,
2416 4571 2615 4641 quippe
2635 4586 2757 4638 qua!
2775 4571 2956 4626 verius
2977 4574 3326 4642 paraphrasis
3358 4571 3429 4629 sit
3455 4591 3618 4642 quam

2041 4642 2245 4713 versio.
2284 4643 2464 4712 Ipsum
2492 4655 2621 4713 vero
2649 4653 2936 4705 canonem,
2967 4653 3130 4713 prout
3155 4659 3182 4696 a
3218 4645 3477 4698 trecentis
3513 4645 3619 4700 illis

2041 4712 2314 4836 episclqpis
2355 4712 2728 4782 promulgatas
2756 4718 2875 4778 est,
2904 4712 3272 4783 preponeutes
3293 4755 3308 4780 ,
3341 4715 3620 4784 explicare

2042 4798 2180 4836 cona
2225 4799 2387 4836 nnnr.

2042 4798 2387 4837 COIIRDIIIIIII‘.

2115 4874 2231 4946 Sie
2257 4874 2422 4946 igitur
2469 4875 2633 4930 habet
2663 4892 2838 4930 canon
2869 4884 3057 4931 sextus
3092 4895 3103 4928 :
3135 4875 3216 4929 Τὰ
3263 4876 3467 4946 ἀρχαῖα
3521 4875 3615 4944 ἔοη

2043 4944 2506 5019 {pentametri}:
2533 4947 2792 5019 ᾼὶγρπτῳ
2821 4949 2914 5019 καὶ
2946 4947 3118 5019 Λιϐύῃ
3143 4948 3236 4999 καὶ
3263 4944 3624 5019 natumst,

2044 5013 2185 5086 ᾤστε
2217 5013 2308 5086 sev
2330 5016 2387 5086 su
2423 5013 2799 5086 ’Δλεξανδρείᾲ
2826 5013 3123 5070 satiatem-toi}
3165 5018 3381 5086 πάντων
3414 5016 3620 5069 τούτων

2041 5083 2185 5157 ἔχε-ιν
2206 5073 2600 5157 τὴν-ἐξουσίαῦς
2623 5073 2823 5157 timuit?)
2866 5089 2958 5140 καὶ
2987 5087 3066 5156 τῷ
3099 5090 3155 5139 ὲν
3179 5089 3245 5156 τῇ
3286 5085 3477 5157 Ῥώμῃ
3502 5087 3619 5157 ἐπει

2044 5153 2231 5227 ᾳξίόπῳ
2251 5153 2406 5207 τοῦτο
2436 5155 2666 5227 σύνηθές
2701 5153 2867 5210 ἐστίν·
2899 5153 3098 5227 ὀμοξὼς
3125 5157 3181 5208 δὲ
3217 5153 3313 5227 ita!
3351 5153 3493 5227 mea
3520 5155 3618 5223 τὴν

2043 5223 2374 5294 ’ᾼντιόχεγιᾳν
2413 5225 2508 5279 καὶ
2550 5223 2608 5278 ἑν
2642 5229 2764 5290 ταῖς
2811 5223 3000 5290 ait}.qu
3045 5224 3356 5294 ἐπαρχίαις·
3385 5225 3454 5277 τὰ
3485 5239 3618 5294 πρε·

2044 5292 2198 5373 ρϐεῖᾳ
2228 5293 2494 5373 σῴζεσο-αι
2523 5298 2642 5373 τρεῖς
2663 5297 3048 5373 Ἐκκλησίαιςχ
3074 5292 3298 5349 καθόλου
3332 5295 3388 5347 δὲ
3417 5293 3618 5373 πρρδη-

2041 5363 2133 5438 lay
2179 5364 2384 5438 ἐκεῖνοι
2424 5367 2506 5419 ὅτι
2539 5366 2590 5418 εἴ
2623 5384 2707 5430 τις
2730 5362 2899 5438 χωρὶς
2929 5367 3174 5438 γνώμης
3219 5362 3616 5438 μῃςτροπᾳλίῖου

2044 5433 2252 5518 ἷένοιτο
2287 5435 2609 5518 ῥπέσμοπρς,
2660 5431 2764 5518 τὸέξ
2805 5431 3356 5518 ἑοιοῦὲογςὴμεγάζή
3403 5431 3617 5518 ςένοδος

2043 5502 2313 5574 ὦρισξίμὴ
2353 5505 2462 5559 δεῖν
2495 5503 2635 5558 εἶναι
2671 5507 2989 5560 ἐπίσκοπον.
3026 5504 3158 5568 Qua:
3197 5502 3360 5558 verba
3413 5502 3618 5572 Diony-

2041 5573 2161 5630 sius
2188 5573 2439 5646 Exiguus
2468 5577 2540 5628 ita
2582 5576 2776 5646 Latine
2805 5575 2978 5628 vertit
3007 5590 3022 5628 :
3055 5574 3346 5646 {Antiqua
3381 5587 3616 5646 consue—

2049 5664 2068 5698 ι
2103 5645 2239 5701 tudo
2292 5641 2536 5703 servetur
2573 5661 2670 5716 per
2700 5645 3014 5716 (Egyptian,
3054 5641 3278 5717 Libyam
3331 5653 3384 5697 et
3427 5641 3619 5694 Penta-
