4012 6356
2685 339 3326 350 πω

1544 428 1711 474 ANNO
1743 426 1974 474 υοωω
2019 427 2171 472 DXL.

478 547 3193 816 DIONYSIU_S__EXIGUU8.

1549 863 1833 922 ΝΟἸῚΤΙΑ
1861 867 1953 937 (ex
1979 865 2170 936 Cave).

254 1025 549 1099 Dionysius
598 1025 860 1096 Exiguus,
910 1025 1131 1083 natione
1182 1025 1382 1099 Scytha
1403 1066 1421 1093 ,
1449 1026 1789 1096 professione
1818 1038 1871 1092 Α
1965 1025 2207 1099 Epistola
2235 1023 2488 1096 synodica
2515 1021 2580 1078 S.
2612 1012 2873 1092 Cyrilliet
2897 1020 3106 1076 concilii
3120 1020 3490 1089 Alexandrini,

191 1119 509 1183 monachus,
552 1125 612 1173 et
635 1118 804 1174 abbas
844 1117 1150 1184 Romanus,
1177 1118 1485 1175 Cassiodori
1513 1118 1793 1176 familiaris
1899 1120 2145 1173 adversus
2186 1113 2515 1183 Nestorium,
2544 1112 2737 1169 Latine
2756 1126 2934 1167 versa.
2964 1109 3154 1167 Exstat
3198 1118 3312 1167 tum
3340 1110 3490 1177 alibi,

189 1207 414 1279 ejusque
435 1209 492 1264 in
515 1208 798 1264 dialectica
820 1207 1144 1264 addiscenda
1158 1208 1573 1278 condiscipulus.
1591 1209 1798 1265 Claruit
1897 1218 2013 1265 tmn
2040 1224 2073 1263 a
2097 1205 2325 1262 Justello
2356 1203 2502 1261 edita
2529 1218 2652 1259 cum
2676 1202 2947 1272 prioribus
2974 1200 3275 1270 Opusculis.

188 1312 332 1353 anno
359 1299 395 1353 5
442 1300 497 1353 5.
546 1297 695 1354 Obiit
733 1309 859 1354 ante
900 1314 1101 1354 annum
1131 1297 1269 1367 556,
1299 1315 1408 1369 quo
1437 1298 1795 1357 Cassiodorus

1967 1299 2214 1372 Epistola
2266 1295 2546 1353 Paschalis
2590 1294 2820 1349 Proterii
2864 1293 2934 1347 ad
2989 1292 3251 1358 Leonem,
3296 1290 3492 1347 Latine

189 1386 385 1441 librum
413 1386 485 1443 de
505 1387 716 1442 Divinis
740 1387 1086 1443 Lectionibus
1113 1389 1333 1458 scripsit
1360 1405 1374 1441 :
1406 1404 1472 1445 ac
1491 1389 1544 1444 in
1574 1404 1641 1444 eo
1670 1389 1795 1445 Dio-
1898 1408 2079 1457 versa,
2101 1409 2207 1448 una
2230 1407 2352 1447 cum
2376 1390 2628 1461 Epistolis
2642 1390 2841 1444 duabus
2867 1389 3035 1460 ipsius
3055 1388 3245 1457 Exigui
3274 1386 3496 1458 pascha-

187 1480 400 1551 nysium
426 1480 676 1549 iamiam,
698 1481 779 1535 uti
809 1480 906 1548 ait,
937 1479 1254 1537 defunctum
1306 1482 1550 1551 impense
1590 1482 1797 1539 laudat.

188 1572 419 1628 Generat
452 1574 730 1640 hodieque,
754 1573 928 1643 inquit
950 1572 1101 1644 (Cap.
1126 1573 1240 1643 25),
1264 1571 1502 1627 Ecclesia
1529 1573 1791 1629 catholica

184 1665 324 1719 uiros
348 1664 588 1718 illustres
607 1664 955 1733 probabilium
977 1670 1284 1735 dogmatum
1308 1664 1492 1719 decore
1519 1666 1796 1737 fulgentes.
1839 1729 1843 1733 ~

186 1754 314 1808 Fuit
333 1756 481 1809 enim
506 1756 704 1810 nostris
743 1754 1061 1824 temporibus
1084 1762 1136 1809 et
1175 1753 1461 1827 Dionysius
1490 1754 1797 1819 monachus.

183 1878 257 1893 -—
273 1848 332 1901 in
352 1855 581 1915 utraque
605 1847 784 1918 lingua
813 1847 965 1901 valde
999 1823 1351 1914 doctissimus,
1379 1845 1603 1901 reddens
1623 1846 1795 1901 actio-

187 1937 339 1993 nibus
366 1938 503 2001 suis,
523 1953 682 2008 quinm
712 1938 767 1990 in
797 1937 945 1991 libris
977 1936 1189 1992 Domini
1215 1936 1434 2007 legerat,
1464 1937 1794 2008 (equitatem:

185 2028 275 2098 qui
304 2027 619 2097 Scripturas
638 2027 845 2081 diuinas
877 2035 1023 2080 tanta
1048 2027 1354 2082 curiositate
1378 2027 1694 2081 discusserat
1716 2034 1801 2081 at-

185 2135 283 2189 que
302 2118 657 2183 intellexerat,
688 2126 815 2171 ut...
840 2115 969 2171 Fuit
995 2118 1051 2171 in
1078 2116 1174 2171 illo
1194 2132 1309 2171 cum
1328 2116 1587 2187 sapientia
1606 2132 1800 2187 magna

185 2210 523 2280 simplicitas,
554 2223 671 2261 cum
692 2207 932 2262 doctrina
961 2206 1251 2271 humilitas,
1283 2223 1403 2261 cum
1443 2206 1695 2277 facundia
1718 2205 1797 2262 lo—

185 2299 382 2372 quandi
402 2299 652 2370 parcitas.
683 2298 845 2354 Totus
864 2298 1168 2365 catholicus,
1193 2307 1331 2355 totus
1357 2300 1588 2369 paternis
1609 2299 1799 2371 regulis

1902 1488 2035 1543 libus
2062 1488 2131 1541 ad
2154 1485 2459 1541 Petronium
2486 1492 2537 1539 et
2562 1484 2923 1554 Bonifacium;
2953 1482 3182 1538 habetur
3202 1483 3257 1536 in
3279 1480 3498 1551 Appen-

1903 1580 2024 1635 dice
2054 1578 2330 1635 Petaviani
2355 1576 2537 1646 operis
2555 1576 2624 1631 de
2655 1575 2898 1631 Doctrin.
2936 1573 3128 1644 Temp.

1983 1671 2106 1725 Vita
2144 1671 2207 1725 S.
2260 1668 2533 1724 Pachomii
2581 1666 2804 1731 abbatis,
2854 1666 3043 1722 Latine
3081 1683 3248 1733 uersa,
3275 1675 3333 1722 et
3358 1666 3501 1721 inter

1903 1762 2056 1817 Vitas
2082 1759 2303 1815 Patrum
2337 1759 2406 1814 ab
2435 1755 2722 1815 Heribcrto
2748 1755 3038 1830 Rosveydo
3059 1757 3204 1814 edita
3234 1756 3495 1827 Autverp.

1902 1851 2065 1917 1615,
2088 1849 2250 1916 1628,
2276 1849 2506 1906 in-lolio.

1977 1943 2164 2001 Oratio
2198 1942 2381 1998 Procli
2406 1941 2473 1998 de
2520 1939 2760 1997 laudibus
2798 1938 3046 2013 Deiparat
3074 1940 3272 2012 (quam
3312 1946 3499 1995 tamen

1902 2050 2011 2091 non
2041 2035 2111 2090 ab
2139 2031 2368 2102 Exiguo,
2398 2029 2497 2087 sed
2523 2044 2554 2086 a
2583 2014 2756 2086 Mario
2783 2029 3106 2095 Mercatore,
3134 2043 3346 2085 versam
3377 2042 3501 2083 esse

1900 2114 2180 2181 contendit
2232 2120 2569 2178 Carnarius:
2618 2133 2683 2174 ac
2738 2117 2970 2188 proinde
3012 2116 3313 2173 versionem
3360 2116 3501 2172 inter

1902 2216 2057 2273 istius
2078 2229 2244 2285 opera
2273 2212 2529 2284 adjuncto
2557 2218 2710 2267 textu
2727 2209 2918 2265 Graeco
2945 2208 3114 2265 edidit
3129 2216 3269 2279 part.
3297 2224 3355 2272 ιι,
3373 2220 3494 2277 pag.

1904 2307 2025 2379 19).
2057 2304 2299 2377 Epistola
2318 2303 2553 2376 ejusdem
2593 2302 2659 2357 de
2682 2299 2816 2356 Fide
2842 2299 2913 2353 ad
2940 2300 3217 2364 Armenes,
3246 2309 3297 2352 et
3327 2298 3499 2352 altera

186 2401 584 2463 perseveranter
615 2392 931 2463 adjunctus;
959 2402 1011 2447 et
1044 2393 1296 2465 quidquid
1334 2400 1551 2463 possunt
1571 2391 1800 2464 legentes
1832 2403 1876 2463 Β
1903 2402 1976 2457 ad
2016 2390 2280 2451 Domuum
2317 2410 2414 2465 pro
2461 2391 2750 2448 Athanasio
2805 2389 3192 2444 Perrhenorum
3236 2388 3498 2459 episcopo,

185 2500 280 2554 per
327 2483 565 2538 diversos
588 2500 821 2555 querere
842 2524 860 2552 ,
890 2486 948 2539 in
978 2485 1120 2545 illius
1148 2486 1366 2541 scientia
1394 2481 1797 2558 eognoscebatur

182 2591 343 2644 posse
372 2573 599 2646 fulgere.

866 2664 1119 2724 OPERA.

258 2756 517 2813 Collectio
566 2758 673 2813 sive
716 2758 893 2813 Codex
946 2774 1204 2814 canonum
1242 2758 1734 2825 ecclesiasticorunt,
1765 2771 1798 2813 a

188 2849 495 2921 Dionysio;
546 2860 776 2920 rogante
823 2851 1101 2921 Stephano
1154 2851 1413 2921 episcopo
1456 2848 1796 2913 Salonitano,

189 2939 389 2995 Latine
416 2957 609 2997 versus
635 2951 693 2997 et
732 2944 1146 3013 compaginatus
1165 2983 1181 3007 ,
1206 2948 1466 2997 constans
1499 2938 1800 2995 canonibus

188 3034 511 3105 apostolicis
530 3034 805 3103 prioribus
828 3032 895 3087 50
924 3042 978 3089 et
997 3033 1298 3090 canonibus
1317 3032 1674 3088 conciliorum
1701 3030 1798 3086 Ni-

188 3126 354 3193 caeni,
376 3124 989 3194 Consumtinopolitani,
1017 3123 1497 3187 Chalcedonensis,
1520 3122 1804 3179 Sardicen-

188 3215 287 3280 sis,
308 3223 365 3269 et
390 3213 773 3268 Africanorum
818 3214 1197 3284 quorumdam.
1232 3212 1423 3269 Exstat
1463 3214 1517 3267 in
1548 3212 1801 3269 omnibus

188 3308 555 3363 conciliorum
579 3306 1007 3371 collectionibus,
1030 3314 1088 3361 et
1107 3322 1137 3360 a
1161 3304 1389 3361 Justello
1415 3304 1593 3360 editus
1619 3304 1793 3361 Paris.

193 3395 363 3463 1628,
395 3395 574 3462 iii-8°,
617 3403 675 3450 et
716 3395 771 3450 in
799 3394 1132 3451 Bibliotheca
1160 3393 1305 3450 luris
1339 3394 1550 3450 Canon.
1590 3400 1722 3449 tom.
1756 3391 1797 3460 l,

194 3503 251 3559 ιι.
286 3488 380 3543 97.
1490 3498 1493 3501 '
1519 3479 1528 3488 ”

265 3576 522 3631 Collectio
544 3576 872 3634 decretorum
893 3578 1197 3648 pontiﬁcum
1223 3576 1575 3633 Romanorum
1595 3594 1629 3632 a
1659 3576 1800 3634 Siri-

192 3669 275 3722 cio
295 3667 370 3721 ad
394 3666 834 3734 Anastasiumll,
859 3676 1129 3738 quotquot
1158 3670 1670 3739 rcperiripoterant,
1694 3684 1801 3724 una

1901 2490 2095 2546 Latine
2118 2503 2315 2554 versm;
2352 2486 2623 2542 habentur
2650 2485 2705 2539 in
2744 2482 2984 2539 editione
3012 2481 3190 2538 Procli
3216 2496 3445 2552 operum
3464 2495 3499 2535 a

1902 2580 2057 2636 Vino.
2092 2576 2359 2634 Riccardo
2387 2575 2648 2631 adornata
2683 2574 2868 2629 Ruina:
2893 2571 3049 2634 1650,
3078 2570 3245 2627 ἰπὶ-4ο.

1978 2668 2220 2740 Gregorii
2246 2664 2478 2738 Nysseni
2506 2664 2570 2718 de
2616 2663 2842 2734 Opi/icio
2866 2662 3088 2715 hominis
3119 2658 3248 2715 liber
3276 2660 3329 2714 in
3371 2659 3505 2715 duas

1901 2763 2096 2818 diuisus
2145 2760 2387 2814 homilias
2407 2796 2422 2821 ,
2453 2756 2643 2811 Latine
2679 2771 2874 2811 uersus.
2917 2752 3106 2808 Exstat
3135 2752 3308 2807 versio
3336 2751 3500 2806 Basil.

1904 2851 2066 2922 1562,
2094 2851 2288 2907 Colon.
2318 2848 2478 2917 l575,
2511 2846 2607 2903 sed
2648 2846 2768 2902 sine
2813 2846 3041 2917 epistola
3094 2845 3330 2917 Dionysii
3363 2858 3502 2899 nun-

1908 2944 2191 3016 cupatoria
2221 2944 2289 2999 ad
2338 2942 2678 3014 Eugyppium
2714 2940 3111 3012 presbyterum,
3145 2946 3202 2991 et
3255 2938 3507 2993 VCI‘SlODO

1915 3036 2246 3108 praelationis
2273 3034 2502 3107 Nysseni
2539 3052 2553 3088 :
2585 3049 2721 3106 quas
2762 3032 2969 3104 primus
3019 3033 3073 3086 in
3126 3030 3297 3086 lucem
3338 3028 3507 3084 edidit

1904 3126 2245 3182 Mabillonius
2274 3125 2519 3181 Analect.
2561 3131 2693 3180 tom.
2718 3122 2784 3188 ll,
2806 3138 2859 3192 p.
2884 3123 2934 3176 l.

1978 3213 2221 3273 Historia
2247 3217 2558 3272 inventionis
2582 3217 2768 3286 capitis
2794 3214 2855 3270 S.
2898 3213 3127 3270 Joannis
3168 3213 3438 3285 Baptistae,
3469 3231 3506 3269 α

1907 3307 2161 3363 Marcello
2182 3307 2366 3362 abbate
2385 3305 2565 3361 Griece
2582 3306 2897 3377 conscripta,
2922 3305 3065 3361 etab
3082 3304 3288 3374 Exiguo
3314 3303 3506 3359 Latine

1906 3417 2090 3465 versa;
2113 3399 2255 3455 edita
2285 3407 2367 3455 est
2389 3413 2419 3453 a
2442 3395 2551 3453 CL.
2582 3396 2665 3452 Du
2687 3395 2893 3451 Frcsne
2934 3395 3001 3451 ad
3035 3395 3239 3451 calcem
3260 3394 3507 3450 historici

1909 3499 2173 3546 tractatus
2210 3489 2280 3545 de
2323 3487 2514 3558 Capite
2542 3486 2602 3543 S.
2641 3485 2869 3543 Joannis
2907 3484 3065 3558 Bapt.
3116 3482 3289 3542 Paris.
3342 3483 3504 3553 i665,

1910 3580 2085 3636 in—i”.

1967 3671 2154 3746 Cyr-lus
2178 3671 2454 3728 Paschalis
2495 3687 2749 3726 annorum
2798 3684 2959 3737 xcv",
2992 3669 3062 3725 ab
3089 3683 3233 3725 anno
3267 3668 3375 3724 527
3405 3669 3510 3724 ini-

188 3773 317 3814 cum
350 3758 1000 3828 epistolwnuncupatoria
1039 3758 1109 3811 ad
1144 3758 1415 3812 lulianum
1442 3759 1798 3829 presbyterum
1836 3796 1882 3859 Ο
1914 3764 2045 3819 tium
2073 3762 2316 3818 ducens:
2347 3761 2503 3832 cujus
2552 3759 2912 3830 fragmentum
2969 3759 3139 3815 babes
3179 3758 3259 3815 in
3281 3758 3510 3815 Mariam

195 3847 522 3915 Romanum,
544 3848 637 3917 qui
660 3846 893 3919 Synodis
916 3847 1102 3903 Roma:
1126 3864 1217 3903 an.
1249 3847 1357 3903 488
1389 3858 1445 3903 et
1466 3848 1572 3903 499
1609 3848 1810 3904 habitis
1841 3846 1882 3859 “’
1913 3854 2064 3909 Scoti
2088 3852 2359 3908 Chronico
2386 3852 2454 3906 ad
2482 3867 2609 3906 ann.
2658 3849 2784 3906 527.
2816 3849 2875 3905 in
2928 3849 3035 3905 hoc
3070 3849 3225 3922 cyclo
3273 3865 3447 3907 annos
3475 3864 3510 3904 a

189 3938 541 4008 subscripsit.
594 3936 789 3993 Exstat
828 3939 882 3993 in
930 3952 1253 4007 unaquaque
1295 3937 1663 3993 Conciliorum
1688 3937 1808 3993 edi-

1910 3946 2113 4001 Christi
2172 3945 2552 4001 Incarnatione
2597 3944 2904 3999 numeravit
2952 3943 3239 4015 Dionysius
3280 3959 3292 3995 :
3345 3949 3510 4011 atque

192 4032 372 4100 tione,
404 4039 461 4086 et
489 4046 521 4084 a
568 4028 798 4085 Justello
820 4046 924 4085 una
952 4046 1074 4085 cum
1121 4029 1321 4087 Codice
1349 4045 1619 4086 canonum
1663 4029 1808 4085 edita
1910 4039 2071 4093 istam
2099 4052 2263 4091 turam
2294 4037 2499 4105 primus
2546 4036 2788 4091 omnium
2820 4034 2976 4091 anuis
3021 4033 3378 4106 supputandis
3408 4033 3508 4089 ad-

194 4121 371 4178 Paris.
400 4119 563 4184 1028,
588 4118 754 4188 iii—8",
769 4128 825 4176 ct
850 4120 903 4175 in
917 4119 1249 4178 Bibliotheca
1268 4119 1414 4178 luris
1435 4119 1646 4176 Canon.
1671 4127 1802 4175 tom.

193 4211 240 4280 Ι,
268 4228 327 4283 p.
362 4211 487 4266 l81.

1912 4129 2107 4185 bibuit.

204 4314 3505 4361 Μ

932 4443 1336 4552 PARS
1466 4366 1965 4551 PRIMA
2096 4442 2790 4551 OPEnUM.

1621 4622 2093 4639 ὴ

493 4684 1014 4817 OPERA
1089 4685 2022 4817 DOGMATICA
2106 4691 2308 4813 ET
2375 4686 3217 4817 CANONICA.

1344 4865 2415 5048 summm

595 5109 708 5213 S.
767 5106 1285 5212 CYRILLI
1343 5104 1507 5207 ET
1584 5101 2146 5210 CONCILII
2221 5097 3122 5209 ALEXANDRINI

1303 5263 1737 5337 CONTRA
1801 5260 2438 5335 NESTORIUM

1175 5394 1210 5436 Δ
1252 5391 1547 5436 υιοκγδιυ
1587 5390 1826 5434 EXIGUO
1881 5390 2111 5432 LATINE
2159 5390 2549 5433 TRANSLATA.

1730 5477 1993 5493 ψ

612 5510 982 5569 ΡΒᾹΞΡΑἸἹΟ
1017 5512 1377 5569 EPISTULA}

510 5616 557 5659 8ο
598 5619 811 5660 εκιιιιιι
845 5622 1206 5663 Αιειλκυκιηι
1247 5623 1501 5664 ειιιεοοιιι.

1839 5522 1895 5585 D
1925 5536 1933 5541 '
1985 5515 2376 5576 Beneﬁciorum
2405 5525 2708 5571 vestrorum
2730 5531 2961 5587 memor,
2983 5519 3311 5576 venerabilis
3324 5518 3512 5590 Pater,

1910 5618 1969 5667 et
1993 5609 2294 5666 antistitum
2317 5606 2518 5662 Christi
2536 5605 2702 5662 decus
2721 5607 3016 5677 egregium,
3039 5624 3360 5680 semperque
3382 5618 3510 5666 ante

275 5695 512 5753 Domino
542 5694 862 5753 beatissimo
889 5696 1033 5751 Patri
1062 5695 1226 5754 Petro
1243 5698 1504 5773 episcopo
1522 5698 1808 5776 Dionysius
1913 5702 2104 5758 oculos
2131 5698 2330 5755 mentis
2356 5712 2639 5768 apponens
2684 5706 2875 5755 sancta
2906 5699 3361 5755 nutrimentorum
3383 5713 3512 5779 ves-

194 5786 452 5861 Exiguus
478 5787 539 5844 in
567 5784 802 5842 Domino
831 5787 1082 5843 salutem.

658 5880 935 5943 Psruon.
971 5881 1224 5949 LXVII.

304 6044 333 6119 Χ

332 6122 375 6199 \

1916 5800 2127 5852 trorum
2171 5788 2348 5847 studia
2375 5803 2409 5846 a
2437 5788 2664 5862 parvulo
2702 5789 2836 5846 mihi
2881 5790 3151 5863 depensa,
3187 5805 3310 5859 quae
3362 5788 3507 5844 nulla

3038 5883 3067 5941 1

1666 5976 2091 6083 11333.1
2119 5987 2201 6087 (3
