4012 6492
546 313 607 371 Η
1305 371 1309 375 .
1827 317 2186 378 DlONYSlUS
2222 318 2543 382 EXIGUUS.
3777 333 3835 386 l3

539 421 716 500 spatia
743 425 987 484 locorum
1017 435 1271 500 poterunt
1297 426 1632 497 oblitterare,
1666 429 1748 485 vel
1791 439 2134 504 temporum:
2165 437 2218 498 Δ
2244 439 2492 509 structio,
2522 452 2746 513 propter
2792 457 2889 498 eos
2923 440 3014 514 qui
3061 458 3171 500 non
3213 445 3581 502 contentionis
3631 463 3832 513 amor»,

540 536 724 591 qutcro
756 521 928 577 vicem
960 522 1162 600 referre
1190 522 1396 600 gratim,
1425 536 1590 591 quam
1620 538 1717 600 me
1746 524 1865 580 scio
1895 525 2139 596 reperire

541 626 649 665 non
675 625 856 680 posse.
882 609 987 666 Sed
1029 612 1157 682 quia
1189 599 1508 683 plerumque
1532 599 1816 692 perﬁcitur
1835 623 1964 688 voto
1993 617 2142 690 quod

541 703 730 759 deesse
757 704 970 780 videtur
998 704 1197 771 oificio,
1228 699 1558 774 (insiderium
1581 697 1730 778 quod
1747 723 1878 782 erga
1905 718 2140 768 vestram

539 798 918 868 paternitatem
945 798 1145 868 jugiter
1172 789 1327 868 gero,
1370 815 1479 869 quo
1529 798 1773 870 possum
1807 793 1988 858 studio
2014 818 2145 873 pan-

527 889 670 958 ,dere
700 905 807 946 non
831 890 1058 960 desisto,
1089 899 1254 962 atque
1285 890 1408 947 ideo
1437 892 1594 948 vobis
1617 892 1906 964 epistolam
1932 894 2144 966 synodi-

539 995 661 1036 cam
710 982 882 1038 sancti
926 981 1112 1054 Cyrilli
1166 981 1518 1038 Alexandrini
1565 984 1838 1054 pontificis
1887 984 2142 1041 Nestorio

535 1070 812 1140 quondam
857 1067 1473 1144 Constantinopolitatue
1519 1073 1669 1130 urbis
1695 1074 1958 1146 episcopo
1985 1075 2144 1131 desti-

539 1169 741 1230 natam,
772 1165 858 1220 cui
880 1162 1169 1221 duodecim
1199 1173 1329 1221 sunt
1361 1165 1601 1221 admixta
1629 1167 1866 1237 capitula
1895 1167 2144 1238 blasphe-

537 1253 658 1309 mia:
678 1253 928 1323 ejusdem
968 1255 1203 1312 Nestorii
1232 1258 1333 1313 sub
1363 1259 1728 1329 anathematis
1761 1260 2142 1317 obsecratione

535 1343 850 1401 damnantia
885 1364 899 1400 :
927 1361 1090 1416 quam
1133 1363 1308 1418 nuper
1333 1348 1402 1403 de
1427 1348 1620 1406 Grmco
1655 1350 1708 1404 in
1748 1349 1998 1406 Latinum
2027 1352 2145 1407 elo-

532 1436 721 1506 quium
750 1437 1036 1505 traustuli,
1085 1453 1185 1509 per
1227 1447 1606 1495 veneratorem
1640 1448 1882 1496 vestrum
1920 1439 2140 1498 fratrem

534 1527 851 1583 Sanctulum
877 1527 1142 1584 destinavi
1175 1547 1191 1583 :
1220 1540 1590 1600 opportunum
1610 1546 1833 1603 prorsus
1868 1531 1975 1588 hoc
2002 1539 2142 1588 temo

534 1633 669 1688 pore
699 1620 1039 1689 existumans,
1069 1635 1180 1691 quo
1226 1622 1362 1676 tanti
1405 1623 1648 1683 doctoris
1677 1624 1977 1694 apostolica
2007 1622 2140 1681 fides

531 1709 737 1766 (mucis
771 1710 1088 1780 januludmn
1118 1713 1258 1768 bene
1283 1721 1586 1783 comperta,
1615 1713 1718 1770 sed
1746 1712 1995 1783 ignorata
2031 1712 2140 1769 La-

2241 530 2340 610 sed
2360 533 2591 601 quadam
2613 533 2958 612 simplicitate
2987 535 3266 605 falluntur,
3289 539 3416 608 quia
3444 553 3588 609 saepe
3617 542 3834 609 contigit

2245 627 2305 680 ut
2334 622 2609 693 aspirante
2646 625 2759 684 Deo
2798 627 3018 686 veritati
3064 628 3414 684 commethnt
3454 619 3693 690 studium
3747 633 3832 702 qui

2243 716 2529 776 mendacio
2559 717 2843 795 prmbuere
2867 733 3215 782 consensum.
3233 719 3524 788 Memorati
3546 737 3678 792 ergo
3695 722 3835 779 beati

2243 802 2431 878 Cyrilli
2460 801 2976 880 scripta'pra'zsentia
3005 798 3573 868 eumdemNcstorium
3596 829 3837 870 commo-

2243 906 2395 966 nent,
2422 907 2484 956 ut
2505 901 2840 969 unigenitum
2872 902 2967 958 Dei
2995 902 3190 958 Filium
3213 902 3282 958 de
3309 901 3472 959 Patre
3500 913 3686 960 natum
3717 915 3838 962 ante

2248 990 2433 1045 omnia
2459 990 2674 1058 smcula,
2707 992 3058 1062 ejusdemque
3095 993 3250 1063 cujus
3271 1001 3357 1049 est
3379 992 3540 1050 Pater
3562 996 3835 1062 essentia,

2245 1080 2338 1150 qui
2361 1089 2585 1151 propter
2603 1087 2846 1137 nostram
2873 1081 3104 1136 salutem
3133 1082 3435 1148 descendit,
3451 1092 3511 1140 et
3535 1084 3840 1141 incarnatus

2245 1180 2330 1226 est
2348 1170 2419 1226 de
2434 1171 2640 1243 Spiritu
2663 1179 2876 1239 sancto,
2904 1187 2972 1228 ex
2988 1172 3156 1228 Maria
3177 1173 3544 1243 Virgine,non
3572 1175 3766 1232 audeat
3781 1177 3836 1231 in

2242 1263 2382 1320 duos
2421 1264 2692 1334 dividere,
2743 1280 2845 1321 nec
2883 1265 3048 1320 solita
3075 1265 3374 1322 calliditate
3401 1266 3838 1336 cortjunctionem

2243 1350 2553 1420 quamdam,
2581 1358 2637 1406 et
2660 1351 2980 1407 societatem
3007 1351 3104 1407 Dei
3153 1358 3211 1406 et
3247 1352 3484 1408 hominis
3528 1367 3840 1408 asseverare

2245 1442 2483 1496 nitatur:
2513 1457 2634 1512 quae
2660 1442 2924 1498 vocabula
2953 1443 3100 1498 nulla
3135 1443 3418 1514 utriusque
3469 1452 3678 1498 naturas
3705 1445 3841 1499 inse-

2243 1532 2537 1604 parabilem
2561 1533 2845 1600 unitatem,
2878 1548 2983 1589 nec
3004 1533 3434 1602 singularitatem
3461 1549 3728 1604 personae,
3753 1536 3837 1592 vel

2237 1632 2404 1680 certe
2447 1623 2810 1680 subsistentia:
2832 1623 2952 1678 Filii
2974 1623 3069 1679 Dei
3090 1624 3158 1680 ab
3177 1639 3246 1680 eo
3274 1625 3486 1695 prolata
3510 1624 3837 1694 signiﬁcant,

2241 1716 2340 1772 sed
2366 1715 2475 1772 duo
2522 1715 2770 1787 quaedam
2799 1714 2887 1770 vel
2916 1715 3071 1785 plura
3117 1716 3307 1786 potius3
3337 1707 3449 1770 sub
3478 1717 3583 1771 hac
3611 1716 3837 1772 istorum

535 1800 664 1857 tiuis
683 1801 1268 1864 hactenusinnoteseat
1293 1811 1386 1858 :nt
1404 1803 1723 1860 Nestorium
1745 1804 1894 1861 labes
1917 1804 2139 1861 eviden-
2170 1816 2218 1877 Β
2242 1807 2522 1864 hominum
2551 1807 2840 1877 occasione
2874 1807 3268 1875 demonstrant,
3299 1807 3729 1877 sceleratamque
3752 1809 3839 1864 di-

533 1903 620 1949 ter
639 1903 964 1964 agnoscatur
983 1895 1052 1950 ab
1081 1895 1406 1963 hominibus,
1439 1905 1496 1953 et
1527 1912 1626 1968 pro
1665 1912 1763 1952 sua
1789 1897 2132 1966 malignitate

534 1983 730 2040 merito
754 1993 1062 2056 respuatur,
1104 1999 1230 2056 quat
1257 1986 1360 2041 sub
1383 1993 1653 2058 prietequ
1680 1986 1805 2043 fidei
1847 1985 2132 2057 perfidiam

535 2077 813 2134 insinuare
851 2093 962 2134 non
1008 2077 1230 2146 desinit,
1274 2087 1332 2135 et
1374 2078 1560 2135 furore
1595 2078 1821 2136 iudaice
1849 2079 2052 2149 pariter
2079 2088 2136 2136 et

533 2183 722 2226 errore
745 2169 1194 2240 tranquillitatem
1223 2170 1508 2228 catholica:
1537 2170 1798 2228 Ecclesiae
1824 2179 1943 2227 toto
1965 2180 2140 2227 tum»

536 2274 661 2314 rum
675 2259 810 2317 orbe
847 2259 1056 2317 diffusa:
1085 2261 1306 2318 turbare
1334 2263 1637 2320 contendit.
1672 2261 1741 2319 Et
1781 2264 1907 2319 licet
1931 2265 2138 2334 optime

536 2350 777 2405 noverim
796 2350 942 2421 quod
968 2360 1240 2424 prtecepta
1271 2353 1508 2410 salubria
1540 2353 1852 2426 nequissimi
1890 2357 2137 2412 homines

535 2440 806 2499 hostiliter
824 2443 1075 2513 audiant,
1111 2459 1321 2514 suaque
1347 2445 1658 2516 dependere
1701 2447 1930 2502 consilia
1959 2462 2131 2516 prava

532 2534 857 2605 persistant;
900 2544 1080 2592 tamen
1113 2536 1412 2593 omittenda
1442 2553 1551 2594 non
1579 2547 1662 2594 est
1689 2539 2028 2608 quantalibet
2054 2539 2136 2592 in—

2239 1901 2508 1956 risionem
2558 1906 2668 1954 tam
2707 1873 2900 1954 nefarii
2953 1899 3221 1968 dogmatis
3255 1873 3550 1966 conditor,
3575 1873 3681 1969 qua
3721 1903 3841 1974 ejus

2241 1990 2542 2062 impiiseitni
2559 1997 2862 2046 sectatores
2879 1987 3145 2059 dignitate
3158 1988 3390 2058 quadam
3415 1997 3472 2044 et
3490 1990 3835 2056 auctoritate,

2237 2097 2344 2138 nec
2364 2096 2473 2138 non
2493 2088 2552 2136 et
2575 2079 2843 2136 relatione
2873 2079 2954 2136 sic
2976 2087 3039 2134 ut
3082 2079 3184 2150 ipsi
3213 2079 3490 2150 desipth
3511 2091 3838 2138 connectere

2238 2173 2558 2229 moliuntur.
2586 2171 2694 2229 Sed
2717 2171 2832 2242 jam
2860 2171 3056 2226 melius
3083 2171 3186 2226 ista
3210 2186 3355 2242 saepe
3383 2171 3514 2251 dicti
3544 2169 3721 2229 Patris
3746 2187 3835 2228 as.

2238 2266 2480 2322 sertione
2521 2264 2849 2336 pandantur,
2904 2262 3256 2320 beatitudinis
3307 2271 3504 2320 vestrm
3555 2263 3836 2320 cathon

2237 2370 2431 2426 pacem
2484 2354 2858 2425 redintegrare
2904 2354 3191 2426 propitius,
3242 2369 3452 2424 nosque
3497 2354 3551 2412 in
3580 2355 3836 2417 membris

2234 2451 2356 2519 ejus
2383 2449 2579 2507 vestris
2597 2446 2848 2518 precibus
2867 2445 3150 2506 custodire
3169 2446 3440 2516 dignetur.

1792 2665 3824 2692 ww

535 2827 538 2830 .
1235 2765 1618 2826 EPISTOLA
1656 2765 1718 2825 S.
1769 2765 2092 2826 CYRILLI
2137 2761 2698 2824 ALEXANDRINI
2739 2759 3120 2836 EPISCOPI,

565 2883 840 2928 DIBECTA
890 2882 1204 2927 NESTORIO
1248 2880 1554 2935 QL'ONDA.“
1611 2879 2397 2926 COASTANTINOPOLITANE
2455 2878 2641 2923 URBIS
2692 2872 3018 2938 EPISCOPO,
3074 2878 3407 2926 DUODEOlM
3451 2882 3802 2931 CONTINBNS

1727 2980 2258 3032 ΔΝΑΤΗΕΠΔΤΙδω
2298 2979 2634 3030 ΩΑΡιΤυιΑ.

2089 3089 2282 3108 ἡ

601 3169 832 3225 Domino
873 3175 1063 3222 saneto
1098 3163 1267 3220 fratri
1316 3165 1567 3224 Nestorio
1603 3166 1862 3238 episcopo
1889 3166 2122 3240 Cyrillus
2151 3172 2195 3234 C
2224 3175 2352 3239 gata
2375 3175 2483 3227 est.
2515 3166 2843 3236 praesidente
2868 3166 3215 3226 sanctissimo
3253 3166 3420 3224 fratre
3460 3176 3515 3225 et
3543 3185 3835 3229 consacer-

527 3261 837 3331 cpiscopus,
868 3266 924 3313 et
951 3272 1072 3328 qua!
1100 3268 1353 3313 convenit
1374 3259 1521 3328 apud
1551 3258 1933 3314 Alexandriam
1957 3275 2126 3330 syno-

529 3355 630 3408 dus
654 3369 722 3410 ex
747 3351 1000 3423 AZgyptia
1026 3349 1248 3407 dioecesi
1279 3351 1330 3406 in
1363 3349 1592 3407 Domino
1620 3351 1875 3407 salutem.

598 3447 735 3501 Cum
778 3444 1033 3500 Salvator
1079 3452 1266 3499 noster
1313 3454 1502 3514 aperte
1552 3445 1868 3514 pronuntiet
1903 3445 2122 3510 dicens,

526 3539 632 3604 Qui
652 3538 823 3610 diligit
864 3545 1066 3607 patrem
1090 3544 1179 3588 aut
1215 3545 1436 3589 matrem
1466 3551 1619 3606 super
1645 3551 1744 3602 me,
1797 3552 1902 3591 non
1927 3547 2004 3590 est
2031 3550 2114 3590 me

527 3632 753 3703 dignus;
783 3636 832 3682 et
861 3627 949 3699 qui
975 3626 1152 3696 diligit
1191 3626 1359 3696 ﬁlium
1390 3637 1479 3679 aut
1509 3627 1674 3696 [ilium
1705 3643 1860 3697 super
1883 3643 1984 3693 me,
2021 3643 2125 3682 non

525 3731 598 3778 pst
629 3738 710 3777 mc
736 3721 928 3792 dignus
960 3734 975 3772 :
1006 3718 1134 3788 quid
1168 3731 1267 3773 nos
1295 3718 1563 3788 patiemur
1589 3719 1680 3787 qui
1720 3718 2067 3787 deposcimus
2095 3734 2125 3773 a

521 3825 616 3869 tua
667 3813 930 3882 religione
959 3821 1019 3866 ut
1061 3820 1115 3867 te
1145 3825 1309 3882 super
1333 3810 1608 3867 Christum
1637 3809 1980 3865 Salvatorem
2011 3825 2130 3865 om-

523 3909 675 3962 nium
697 3905 1027 3974 diligamus?
1053 3901 1183 3970 Quis
1211 3903 1358 3958 enim
1408 3903 1561 3958 nobis
1590 3902 1647 3956 in
1673 3902 1762 3958 die
1779 3901 1966 3972 judicii
1996 3901 2126 3957 sub-

523 3999 711 4055 venire
733 3997 953 4068 poterit,
977 4004 1068 4051 aut
1096 4010 1258 4067 quam
1287 3995 1714 4051 satisfactionem
1742 3996 1988 4065 reperire
2029 4011 2128 4066 po-

526 4092 774 4156 terimus,
811 4089 885 4144 ita
941 4087 1257 4144 diuturnum
1305 4088 1580 4143 silentium
1628 4087 1695 4142 de
1740 4088 1968 4157 prolatis
2013 4095 2129 4143 ate

523 4193 715 4240 contra
742 4199 866 4239 eum
889 4182 1237 4252 blasphemiis
1259 4181 1636 4237 continentes?
1661 4179 1836 4235 Etiam
1860 4181 2126 4251 siquidem

525 4284 578 4330 te
613 4273 986 4330 tantummodo
1039 4273 1292 4338 laederes,
1335 4273 1538 4328 docens
1583 4272 1686 4327 ista
1732 4273 1817 4327 vel
1862 4274 2125 4340 sentiens,

523 4355 831 4422 Sollicitudo
855 4363 1014 4419 nobis
1055 4361 1234 4419 minor
1277 4364 1537 4419 existeret
1569 4380 1582 4416 :
1639 4379 1761 4419 cum
1793 4380 1921 4419 vero
1955 4371 2127 4419 totam

522 4455 976 4510 scandalizavcris
1017 4453 1353 4519 Ecclesium,
1393 4464 1449 4509 et
1513 4455 1840 4513 fermentum
1896 4455 2128 4512 insolitae

2229 3259 2365 3316 dote
2389 3267 2577 3314 nostro
2606 3257 2901 3314 Caelestino
2928 3259 3206 3329 episcopo,
3231 3258 3316 3315 his
3339 3261 3556 3330 scriptis
3582 3261 3695 3331 jam
3716 3272 3835 3318 ter-

2231 3353 2307 3407 tio
2331 3351 2704 3416 convenimus,
2729 3350 3016 3406 consilium
3060 3351 3252 3406 dantes
3282 3360 3340 3406 ut
3373 3361 3425 3407 te
3449 3368 3478 3408 a
3510 3361 3620 3408 tam
3650 3355 3836 3426 pravis

2227 3442 2503 3498 abstineas
2545 3441 2906 3512 distertisque
2946 3442 3308 3512 dogmatibus,
3355 3458 3474 3512 qua:
3517 3453 3577 3500 et
3627 3447 3836 3504 sentin:

2227 3535 2589 3601 cognosceris,
2622 3541 2679 3589 et
2705 3534 2921 3590 docere.
2957 3532 3209 3605 Rccipias
3241 3551 3367 3592 vero
3415 3535 3572 3592 fidem
3624 3551 3832 3598 rectam

2227 3621 2484 3679 Ecclesiis
2529 3638 2629 3693 per
2654 3622 2995 3678 beatissimos
3023 3623 3308 3692 apostolos
3362 3634 3418 3679 et
3465 3629 3834 3697 evangelistas

2225 3713 2296 3767 ab
2325 3713 2478 3768 initio
2501 3713 2778 3781 traditam,
2807 3713 2900 3782 qui
2929 3721 2987 3768 et
3031 3713 3204 3770 oculis
3232 3714 3611 3784 inspexerunt,
3641 3725 3697 3771 et
3724 3718 3835 3772 mi-

2230 3803 2384 3856 nistri
2413 3802 2566 3857 verbi
2594 3793 2758 3856 fuisse
2784 3809 3180 3858 monstrantur.
3213 3803 3370 3870 Quod
3415 3805 3460 3860 si
3508 3805 3614 3861 hoc
3638 3807 3836 3877 religio

2229 3901 2319 3948 tua
2349 3893 2529 3949 facere
2559 3893 2847 3960 distulerit,
2869 3893 3022 3962 juxta
3047 3895 3360 3952 dilationem
3384 3897 3577 3953 litteris
3591 3897 3837 3969 ρι’-«θηρία

2229 3995 2338 4040 tam
2383 3986 2706 4042 sanctissimi
2731 3996 2788 4041 et
2810 3987 3258 4043 venerandissimi
3297 3991 3705 4046 consacerdotis
3731 4008 3835 4048 no-

2225 4078 2324 4132 stri
2370 4077 2631 4132 Romanm
2671 4079 2916 4147 prtcsulis
2954 4078 3208 4134 Ecclesia:
3255 4078 3535 4136 Caelestini
3563 4100 3576 4135 :
3609 4084 3750 4140 scias
3776 4091 3836 4142 te

2223 4171 2430 4225 nullam
2457 4181 2661 4226 sortem
2695 4172 2897 4228 habere
2925 4173 3229 4239 nobiscum,
3263 4191 3362 4230 nec
3389 4175 3566 4232 locum
3597 4185 3690 4232 aut
3714 4179 3837 4234 col-

2229 4263 2468 4334 loquium
2493 4279 2674 4318 meum
2698 4264 2766 4320 de
2791 4264 3164 4320 sacerdotibus
3188 4273 3243 4320 et
3264 4268 3534 4337 episcopis
3555 4269 3834 4328 obtinere:

2229 4366 2334 4409 non
2365 4357 2508 4412 enim
2559 4357 2638 4410 fas
2667 4364 2751 4410 est
2778 4364 3130 4412 contemnere
3160 4371 3260 4411 nos
3298 4355 3569 4416 Eeciesias
3613 4360 3689 4414 ita
3719 4371 3839 4417 tur-

2227 4448 2402 4510 batas,
2452 4455 2506 4503 et
2529 4447 2930 4503 scandalizatos
2975 4448 3242 4520 populos,
3280 4449 3546 4518 fidemque
3591 4453 3838 4508 rectissi-

523 4546 806 4615 pravitatis
835 4553 890 4599 et
915 4561 1068 4600 nova:
1089 4546 1310 4601 haeresis
1339 4547 1624 4602 miscueris
1653 4550 1706 4602 in
1743 4548 1978 4618 popuiis,
2016 4561 2122 4604 non
2151 4551 2204 4610 Β
2227 4554 2372 4593 ﬁlim
2393 4538 2704 4607 Vitlhtamr
2739 4538 3055 4608 αἰδείβθῑυιη
3085 4541 3382 4608 quinetiam
3418 4556 3636 4611 ΕΓθὲοω
3665 4560 3836 4614 quem

527 4643 734 4688 ta;tuln
781 4634 982 4691 ibidem
1029 4636 1244 4705 positis,
1293 4635 1390 4690 sed
1431 4636 1628 4708 ubique
1679 4639 2118 4695 consistentibus.

525 4726 660 4778 Nam
691 4732 906 4779 tuarum
950 4726 1351 4796 expositionum
1382 4725 1503 4780 libri
1535 4742 1633 4796 per
1674 4733 1872 4784 cuncta
1918 4732 2124 4800 vu'gati

523 4825 650 4870 sunt
676 4831 797 4887 qua:
823 4821 991 4885 ‘super
1019 4828 1206 4872 nostro
1229 4817 1444 4872 silentio
1471 4817 1612 4871 ultra
1643 4818 1730 4873 vel
1757 4820 2125 4876 excusationis

525 4923 706 4963 sermo
736 4907 988 4974 sufficiat,
1021 4916 1111 4962 aut
1139 4908 1415 4978 quomodo
1446 4924 1554 4963 non
1585 4924 1808 4966 necesse
1835 4911 1905 4966 sit
1932 4911 2122 4966 memi-

527 5000 674 5055 nisse
699 4997 899 5055 Christi
927 4999 1138 5055 Domini
1176 5001 1255 5056 sic
1286 5001 1552 5056 dicentis:
1588 4999 1713 5058 Non
1750 5006 1942 5073 putetis
1983 5006 2120 5076 quod

523 5092 749 5146 venerim
777 5107 957 5162 pacem
996 5092 1199 5146 mittere
1237 5091 1292 5144 in
1337 5100 1524 5146 terram
1544 5133 1562 5161 ,
1591 5092 1684 5147 sed
1707 5094 1974 5164 gladium;
2006 5097 2122 5152 veni

523 5183 658 5235 enim
702 5199 948 5251 separare
985 5182 1244 5235 bernium
1269 5182 1515 5236 adversus
1545 5193 1746 5254 patrem
1783 5202 1953 5249 suum,
1976 5194 2028 5239 et
2051 5187 2120 5256 ρ-

523 5271 648 5326 liam
679 5273 923 5328 adversus
965 5281 1183 5327 matrem
1225 5289 1394 5327 suam.
1418 5273 1549 5328 Nam
1577 5290 1698 5330 cum
1725 5276 1941 5332 {aditur
1963 5275 2113 5342 ﬁdes,

527 5367 817 5434 parentum
855 5365 1160 5419 reverent'a
1187 5362 1336 5418 velut
1362 5364 1564 5420 inutilis
1587 5375 1642 5421 et
1668 5367 1971 5436 periculosa
2015 5368 2116 5424 de-

524 5457 780 5526 spicitur,
811 5465 869 5510 et
898 5471 1050 5510 amor
1083 5469 1210 5525 erga
1260 5454 1398 5512 ﬁlios
1434 5455 1734 5529 fratresque
1767 5459 1968 5512 vitatur
2001 5476 2014 5513 :
2048 5460 2116 5515 ad

525 5555 860 5618 postremum
880 5561 1044 5616 super
1064 5547 1234 5616 ipsam
1250 5548 1415 5604 vitam
1437 5563 1585 5604 mors
1606 5549 1786 5618 potius
1809 5565 1840 5604 a
1864 5550 1967 5620 piis
1989 5551 2117 5605 viris

521 5639 758 5707 eligitur,
787 5647 847 5693 ut
871 5638 1148 5694 meliorem
1181 5642 1654 5705 resurrectionem,
1687 5641 1828 5696 sicut
1855 5645 2116 5713 scriptum

523 5741 622 5796 est,
656 5739 1076 5800 consequantur.
1103 5731 1241 5787 Ecce
1287 5734 1469 5803 itaque
1495 5742 1548 5788 te
1585 5734 1745 5790 simul
1770 5749 1892 5790 cum
1922 5743 2116 5791 saneta

517 5821 780 5900 synodus,
809 5836 930 5894 qua:
955 5822 1097 5894 apud
1125 5823 1363 5894 amplam
1391 5824 1579 5882 urbem
1619 5823 1851 5883 Rectam
1882 5838 2118 5897 conm

2231 4630 2504 4686 custodire
2533 4630 2817 4694 debueras,
2845 4630 3069 4698 etjuxta
3102 4648 3201 4685 nos
3231 4642 3503 4688 amatores
3531 4637 3662 4689 recti
3692 4636 3838 4704 dog-

2230 4723 2391 4776 matis
2419 4723 2738 4788 exstitisses,
2771 4731 2827 4776 et
2875 4731 3186 4779 sanctorum
3235 4723 3453 4781 Patrum
3485 4729 3709 4796 vestigia
3741 4732 3840 4798 pia

2225 4823 2572 4870 consectans.
2601 4811 2803 4868 Omnes
2849 4815 3034 4884 itaque
3073 4829 3234 4884 quos,
3266 4827 3490 4887 propter
3516 4820 3702 4886 fidem,
3740 4831 3838 4878 tua

2230 4905 2421 4977 religio
2451 4921 2478 4959 a
2516 4907 2897 4961 communione
2927 4908 3175 4972 removit,
3209 4916 3302 4963 aut
3331 4924 3360 4963 a
3391 4925 3490 4965 suo
3514 4911 3704 4968 ordine
3736 4913 3841 4969 de.

2229 4997 2429 5067 posuit,
2463 4995 2630 5051 laicos
2651 5004 2707 5051 et
2734 4995 2978 5061 clericos,
3026 4997 3077 5050 in
3120 5006 3304 5054 nostra
3326 5002 3712 5058 communione
3740 5019 3837 5061 m-

2229 5087 2503 5157 cepimus,
2543 5102 2652 5141 non
2695 5085 2904 5156 justum
2932 5095 3016 5141 est
3041 5102 3138 5143 eos
3165 5088 3269 5142 tuis
3298 5089 3532 5146 decretis
3569 5094 3840 5163 opprimi,

2227 5180 2318 5248 qui
2347 5185 2617 5235 noverunt
2641 5183 2787 5234 recta
2817 5179 3042 5246 sentire,
3069 5178 3160 5248 qui
3190 5179 3354 5234 etiam
3396 5181 3535 5238 bene
3563 5184 3838 5244 facientes

2229 5270 2322 5324 tibi
2345 5267 2762 5338 prudentissime
2800 5269 3120 5324 restiterunt
3148 5287 3161 5321 :
3194 5269 3302 5325 hoc
3341 5270 3481 5326 idem
3506 5288 3742 5344 namque
3772 5277 3839 5332 in

2225 5358 2455 5430 epistola
2499 5373 2661 5429 quam
2711 5359 2904 5414 misisti
2951 5357 3018 5413 ad
3057 5358 3342 5428 prtesulem
3393 5363 3586 5433 amplae
3636 5363 3838 5423 Romae

2227 5463 2474 5509 sanctum
2501 5461 2556 5508 et
2577 5453 2961 5524 coepiscOpum
2998 5459 3243 5505 nostrum
3272 5452 3622 5512 Caelestinum
3649 5458 3836 5527 signi-

2231 5546 2390 5601 ficare
2417 5544 2616 5600 curasti
2653 5561 2665 5598 :
2699 5559 2807 5598 non
2853 5551 3036 5597 autem
3074 5539 3273 5600 sutile“
3301 5551 3404 5601 tua:
3449 5547 3696 5616 religioni
3727 5565 3837 5604 so-

2224 5636 2506 5704 lummodo
2533 5634 2657 5692 ﬁdei
2701 5633 3004 5707 symbolum
3039 5631 3312 5704 conﬁteri,
3342 5637 3488 5705 quod
3515 5640 3838 5708 expositum

2221 5741 2310 5789 est
2339 5746 2435 5804 per
2463 5731 2608 5792 idem
2639 5739 2879 5798 tempus,
2907 5725 3080 5783 sancti
3103 5725 3336 5800 Spiritus
3363 5728 3636 5800 largitate,
3661 5746 3691 5787 ι
3721 5745 3837 5787 ve—

2227 5823 2468 5881 nerando
2495 5831 2551 5879 et
2570 5833 2768 5893 magno
2789 5819 3024 5878 concilio
3039 5819 3186 5890 apud
3209 5819 3442 5878 Nicaeam
3465 5833 3834 5896 congregato;
