4012 6486
357 283 385 337 1
402 283 433 335 5
1638 276 1997 339 DIONYSIUS
2035 278 2185 339 EXIC
2197 280 2239 339 U
2247 279 2349 340 US.
3569 285 3638 345 16

357 400 611 466 viamque
636 392 836 451 faceret
854 392 1105 451 humum:
1128 398 1329 448 natura:
1351 389 1418 449 ad
1446 394 1810 464 corruptionis
1858 408 1947 449 re-
1978 399 2015 452 Α
2049 394 2239 465 dignos
2293 393 2661 452 exinanitione
2702 409 2983 453 sermones
3029 394 3311 466 eti‘ugcrit?
3348 394 3452 454 Uni
3474 398 3638 468 igitur

362 500 595 554 cursum,
626 487 798 554 gratia
829 486 947 557 Dei,
970 486 1109 541 sicut
1152 499 1315 555 supra
1345 483 1546 538 dictum
1577 492 1681 553 est,
1703 498 1802 555 pro
1830 498 1950 539 om-

363 577 520 633 nibus
556 576 790 646 gustavit
816 583 1067 639 mortem,
1097 582 1155 631 et
1182 573 1342 630 tertio
1363 574 1450 630 dic
1489 588 1774 644 resurgens
1821 588 1949 644 spo-

361 667 513 723 liavit
552 667 837 722 infernum.
881 664 1085 723 Idcirco
1136 665 1382 735 quamvis
1422 663 1634 720 dicatur
1678 661 1824 737 quod
1851 678 1951 736 per

363 760 635 815 hominem
663 756 802 813 facta
832 758 903 813 sit
931 758 1256 814 resurrectio
1278 766 1632 823 mortuorum,
1659 764 1836 813 tamen
1866 757 1950 813 in-

361 848 649 919 telligimus
677 847 950 903 hominem
978 846 1182 902 factum
1202 846 1439 903 Verbum
1464 846 1608 918 quod
1629 861 1697 901 ex
1718 846 1830 903 Deo
1842 853 1945 908 est.

358 947 421 995 et
445 954 540 1008 per
566 937 740 1009 ipsum
778 936 969 992 mortis
1020 936 1304 1007 imperium
1362 936 1525 993 fuisse
1567 933 1945 993 destructum:

358 1030 541 1087 veniet
567 1038 745 1085 autem
768 1028 1100 1100 temporibus
1117 1027 1417 1098 praeﬁnitis,
1442 1028 1583 1084 sicut
1599 1042 1736 1083 unus
1756 1035 1839 1082 est
1858 1025 1951 1083 Fi-

354 1123 463 1178 lius
510 1130 566 1178 et
595 1120 871 1185 Dominus,
930 1120 984 1174 in
1013 1118 1183 1189 gloria
1210 1117 1407 1186 Patris,
1442 1129 1503 1174 ut
1527 1117 1735 1189 judicet
1761 1117 1949 1173 orbem

353 1224 625 1269 terrarum
690 1212 744 1267 in
790 1210 1067 1281 aequitate,
1096 1211 1237 1266 sicut
1263 1209 1542 1280 Scriptura
1570 1217 1815 1265 testatur.
1846 1208 1952 1265 Ne-

357 1303 594 1359 cessario
634 1302 795 1372 igitur
821 1309 879 1357 et
919 1301 1025 1356 hoc
1053 1300 1365 1370 adjicimus;
1396 1301 1781 1355 annuntiantes
1807 1299 1950 1354 enim

358 1392 652 1449 secundum
674 1406 894 1448 carnem
922 1398 1150 1446 mortem
1177 1390 1436 1461 unigeniti
1462 1389 1582 1447 Filii
1602 1389 1719 1456 Dei,
1767 1390 1822 1445 id
1868 1395 1953 1445 est

358 1482 484 1539 .lesu
512 1484 732 1551 Christi,
761 1492 819 1539 et
858 1483 1313 1539 resurrectionem
1344 1481 1480 1551 ejus,
1513 1482 1646 1538 etin
1674 1483 1827 1539 caelis
1865 1497 1956 1539 as-

358 1575 668 1631 censionem
719 1574 923 1644 pariter
974 1570 1318 1638 conﬁtentes,
1347 1573 1682 1627 incruentam
1711 1572 1954 1629 celebra-

356 1681 480 1721 mus
504 1665 558 1721 in
587 1665 829 1722 ecclesiis
871 1663 1121 1721 sacriﬁcii
1163 1663 1517 1731 servitutem;
1547 1662 1626 1719 sic
1671 1663 1834 1718 etiam
1883 1661 1953 1718 ad

2049 499 2297 559 persona:
2318 494 2541 543 cunctas
2571 486 2686 556 ejus
2706 487 2760 543 in
2790 486 3082 556 Evangelia
3106 490 3273 546 voces
3290 491 3631 559 ascribimus,

2049 576 2140 631 uni
2193 576 2573 643 subsistentia,
2619 576 2783 633 Verbi
2836 578 3043 635 scilicet
3088 587 3145 637 et
3191 580 3475 648 iucarnati,
3506 588 3635 653 quia

2048 681 2186 721 unus
2206 675 2288 722 est
2314 666 2570 724 Dominus
2590 666 2745 726 Jesus
2794 667 3058 734 Christus,
3109 679 3171 730 ut
3220 671 3478 743 scriptum
3530 684 3634 730 est.

2049 753 2391 827 Appellatum
2414 772 2542 813 vero
2563 758 2881 832 Apostolum
2906 768 2959 818 et
2990 760 3307 818 Pontiﬁcem
3335 762 3637 820 confessio-

2049 846 2134 902 nis
2162 854 2357 903 nostra:
2389 855 2642 920 tauquam
2670 849 3004 907 sacriﬁcante
3047 851 3160 908 Deo
3205 860 3262 908 et
3310 850 3460 909 Patri
3509 853 3637 912 ﬁdei

2049 945 2247 992 nostra:
2275 935 2689 1006 confessionum,
2718 956 2880 1011 quam
2909 956 2942 996 a
2963 941 3119 998 nobis
3140 942 3316 1013 ipsiet
3341 958 3441 1015 per
3462 944 3639 1015 ipsum

2050 1024 2164 1082 Deo
2216 1034 2275 1083 et
2302 1027 2444 1083 Patri
2474 1028 2807 1087 incessanter
2834 1030 3059 1087 oﬁ'ertur
3180 1032 3382 1090 lterum
3404 1049 3529 1091 cum
3554 1034 3640 1092 di-

2048 1115 2243 1187 cimus,
2271 1117 2363 1191 qui
2391 1132 2459 1174 e:
2488 1118 2601 1175 Deo
2629 1127 2712 1177 est
2737 1121 3033 1179 secundum
3060 1130 3310 1181 naturam
3328 1124 3498 1182 Filius
3519 1128 3643 1184 uni-

2049 1208 2279 1278 genitus,
2332 1224 2432 1264 nec
2486 1209 2691 1266 homini
2729 1219 2926 1282 praeter
2968 1228 3092 1268 eum
3139 1214 3295 1271 alteri
3345 1218 3642 1275 sacerdotii

2051 1312 2249 1353 nomen
2287 1308 2344 1354 et
2372 1298 2607 1356 oliicium
2631 1301 2975 1372 deputamus.
3008 1302 3207 1362 Factus
3243 1315 3329 1362 est
3353 1309 3499 1364 enim
3524 1323 3645 1366 me-

2050 1389 2228 1446 diator
2285 1390 2381 1447 Dei
2445 1401 2504 1449 et
2559 1394 2861 1465 hominum,
2919 1406 2977 1452 et
3012 1398 3391 1457 reconciliator
3433 1400 3506 1457 ad
3542 1418 3642 1474 pa-

2050 1494 2209 1550 cem,
2265 1484 2614 1554 semetipsum
2669 1484 2782 1542 Deo
2845 1496 2904 1543 et
2965 1485 3113 1544 Patri
3164 1504 3264 1560 pro
3310 1491 3466 1551 nobis
3501 1492 3640 1550 οπε-

2050 1586 2177 1627 rens
2230 1571 2283 1627 in
2331 1573 2556 1630 odorem
2586 1577 2907 1633 suavitatis:
2962 1577 3192 1651 ideoque
3234 1583 3548 1653 sacriﬁcium
3588 1592 3642 1640 et

2051 1659 2365 1717 oblationem
2392 1663 2647 1733 noluisti;
2693 1667 2997 1723 holocausta
3024 1686 3119 1738 pro
3160 1679 3371 1739 peccato
3398 1688 3503 1727 non
3549 1674 3642 1729 tibi

352 1757 612 1831 mysticus
639 1755 1042 1812 bcnedietiones
1068 1753 1393 1821 accedimus,
1427 1762 1485 1810 et
1528 1753 1947 1822 sanctiﬁcamur,
1981 1769 2026 1832 Β
2052 1752 2374 1823 placuerunt,
2407 1772 2593 1827 corpus
2634 1766 2806 1812 autem
2840 1760 3101 1829 perfecisti
3134 1760 3288 1827 mihi;
3332 1771 3451 1817 tunc
3487 1763 3640 1821 dixi:

346 1848 650 1919 participes
671 1846 839 1903 sancti
859 1845 1104 1918 corporis
1132 1852 1188 1901 et
1214 1844 1439 1916 pretiosi
1464 1844 1739 1914 sanguinis
1786 1842 1947 1899 Chri-

357 1941 425 1993 sti
452 1938 691 1995 omnium
716 1946 959 1993 nostrum
997 1935 1356 2006 redemptoris
1381 1932 1580 2000 effecti,
1614 1934 1756 1990 sicut
1797 1948 1952 1989 com-

356 2040 576 2081 munem
605 2038 824 2080 carnem
852 2022 1235 2094 percipientes,
1266 2022 1413 2093 quod
1441 2020 1618 2077 absit:
1646 2034 1750 2077 nec
1770 2028 1829 2077 ut
1849 2021 1949 2077 viri

357 2115 676 2172 sanctiﬁcati
705 2122 762 2171 et
789 2113 966 2171 Verbo
1011 2113 1287 2185 conjuncti
1325 2112 1621 2170 secundum
1675 2112 1950 2181 dignitatis

358 2210 639 2279 unitatem,
659 2214 753 2262 aut
773 2206 914 2263 sicut
934 2204 1168 2262 divinam
1192 2205 1518 2278 possidentis
1538 2204 1947 2274 habitationem,

358 2290 451 2357 sed
480 2307 540 2354 ut
567 2312 694 2355 vere
722 2296 1146 2364 viviﬁcatricem,
1176 2306 1234 2354 et
1262 2299 1430 2370 ipsius
1457 2297 1619 2354 Verbi
1674 2299 1951 2371 propriam

350 2388 558 2446 factam
586 2407 601 2456 ;
634 2390 740 2445 vita
770 2390 913 2445 enim
940 2388 1257 2445 naturaliter
1278 2403 1336 2445 ut
1363 2388 1504 2445 Deus
1526 2389 1782 2457 existens,
1825 2388 1951 2458 quia

359 2483 591 2555 proprite
618 2483 767 2541 carni
791 2484 971 2540 unitus
990 2490 1093 2549 est,
1124 2480 1523 2539 viviﬁcatricem
1550 2497 1669 2538 eam
1694 2496 1814 2538 esse
1825 2496 1953 2553 pro-

359 2579 530 2633 fessus
556 2584 658 2633 est.
689 2574 758 2631 Et
786 2575 907 2632 ideo
933 2574 1180 2646 quamvis
1200 2572 1345 2630 dicat
1367 2574 1434 2629 ad
1456 2587 1575 2638 nos,
1592 2574 1776 2642 Amen,
1801 2587 1952 2627 amen

345 2668 475 2723 dico
502 2666 662 2735 vobis,
713 2668 815 2722 nisi
840 2666 1277 2721 manducareritic
1305 2679 1516 2719 carnem
1545 2662 1677 2717 Filii
1702 2663 1949 2728 hominis,

342 2766 407 2811 et
429 2757 654 2812 biberitic
682 2758 793 2829 ejus
822 2756 1147 2827 sanguinem,
1173 2753 1492 2810 non'tamen
1520 2767 1637 2809 eam
1669 2759 1729 2807 ut
1776 2753 1956 2808 homi-

359 2850 443 2904 nis
473 2848 629 2904 unius
655 2862 721 2903 ex
752 2847 907 2903 nobis
927 2846 1239 2902 existimare
1263 2843 1543 2909 debemus,
1576 2842 1850 2914 quomodo
1874 2842 1956 2897 ni—

358 2940 433 2995 hil
459 2940 614 3009 juxta
636 2945 880 2994 naturam
909 2950 1059 2991 suam
1080 2933 1397 2990 viviﬁcatrix
1420 2947 1542 2989 esse
1569 2946 1699 2988 caro
1721 2931 1955 2989 hominis

358 3029 562 3098 poterit
588 3044 602 3081 :
632 3024 731 3082 sed
760 3033 820 3079 ut
846 3038 974 3080 vere
997 3024 1272 3095 propriam
1317 3022 1435 3092 ejus
1464 3021 1683 3091 factam,
1707 3021 1801 3091 qui
1829 3035 1956 3092 pro-

2050 1843 2185 1898 Ecce
2206 1846 2372 1900 venio.
2397 1843 2462 1901 In
2484 1849 2650 1918 capite
2669 1849 2787 1903 libri
2806 1850 3054 1919 scriptum
3072 1860 3147 1905 est
3169 1850 3232 1906 de
3251 1868 3352 1918 me,
3372 1863 3428 1906 ut
3447 1855 3643 1925 faciam

2051 1935 2365 1991 voluntatem
2408 1946 2567 1993 tuam.
2610 1937 2814 1993 Obtulit
2856 1940 2998 1996 enim
3028 1940 3261 2012 primum
3296 1957 3493 2014 corpus
3530 1960 3642 2002 non

2050 2039 2150 2097 pro
2175 2038 2253 2091 se,
2284 2026 2378 2081 sed
2409 2042 2508 2096 pro
2536 2027 2691 2084 nobis
2718 2028 2772 2083 in
2801 2027 3025 2085 odorem
3049 2031 3348 2088 suavitatis.
3376 2032 3509 2090 Nam
3534 2049 3643 2105 qua

2052 2132 2150 2189 pro
2171 2132 2230 2174 se
2258 2119 2531 2177 oblatione
2550 2120 2637 2176 vel
2657 2121 2934 2178 sacrificiis
2954 2121 3219 2193 indigeret
3243 2124 3312 2179 ab
3338 2125 3486 2180 omni
3509 2140 3642 2197 pec-

2051 2217 2177 2264 cato
2204 2208 2338 2264 liber
2362 2217 2421 2264 ut
2444 2210 2584 2266 Deus
2611 2211 2884 2268 existens?
2911 2210 3066 2279 Quod
3092 2214 3138 2269 si
3166 2228 3354 2270 omnes
3377 2230 3641 2288 peccave-

2054 2307 2181 2354 runt
2206 2310 2260 2354 et
2287 2310 2446 2369 egent
2472 2302 2643 2370 gloria
2670 2302 2803 2370 Dei,
2832 2302 3130 2359 secundum
3158 2304 3263 2361 hoc
3287 2305 3431 2375 quod
3458 2320 3643 2363 sumus

2053 2389 2120 2445 ad
2142 2390 2514 2447 mutabilitatis
2533 2407 2811 2450 excessum
2833 2394 3193 2465 promptiores
3213 2393 3412 2461 effecti,
3436 2405 3492 2451 et
3511 2412 3644 2467 pec-

2052 2483 2190 2538 catis
2215 2482 2499 2553 aegrotavit
2527 2484 2757 2539 humana
2793 2494 2983 2540 natura
3007 2522 3025 2550 ,
3059 2485 3175 2556 ipse
3212 2501 3343 2543 vero
3381 2503 3488 2543 non
3519 2489 3638 2545 ita:

2055 2572 2285 2642 ideoque
2307 2588 2407 2629 nos
2435 2573 2607 2643 gloria
2635 2573 2752 2643 ejus
2779 2574 3092 2644 evineimur,
3118 2592 3213 2631 cur
3233 2578 3336 2633 erit
3362 2577 3500 2633 ultra
3527 2580 3643 2649 jam

2055 2664 2276 2720 dubium
2304 2665 2449 2734 quod
2477 2664 2661 2736 Agnus
2689 2681 2846 2723 verus
2873 2676 3098 2738 propter
3136 2684 3236 2725 nos
3278 2678 3335 2725 et
3363 2685 3460 2740 pro
3487 2671 3646 2727 nobis

2053 2756 2125 2814 sit
2149 2754 2493 2813 immolatus?
2519 2757 2622 2825 Qui
2641 2757 2771 2814 dicit
2797 2767 2977 2815 autem
3001 2760 3127 2828 quia
3154 2759 3501 2831 semetipsum
3530 2768 3644 2818 tam

2038 2861 2157 2919 .pro
2186 2862 2246 2904 se
2274 2862 2438 2917 quam
2466 2863 2566 2919 pro
2606 2848 2763 2905 nobis
2786 2848 3074 2916 obtulerit,
3105 2851 3411 2907 nullatenus
3449 2852 3643 2922 impie-

2058 2938 2181 2994 tatis
2204 2939 2411 2995 crimen
2439 2938 2676 3011 effugiet,
2724 2955 2846 2997 cum
2875 2941 3010 2998 nihil
3038 2956 3259 3013 prorsus
3285 2942 3385 2998 iste
3412 2941 3647 3013 delique-

2057 3034 2164 3100 rit,
2196 3047 2298 3090 nec
2325 3031 2492 3089 ullum
2521 3034 2710 3091 fecerit
2738 3035 2958 3091 omnino
2994 3043 3296 3105 peccatum.
3339 3033 3455 3102 Qua
3485 3035 3645 3104 igitur

358 3128 483 3189 pter
510 3132 609 3173 nos
639 3116 780 3171 ﬁlius
810 3115 1043 3172 hominis
1073 3122 1130 3170 et
1158 3113 1332 3169 factus
1359 3123 1442 3169 est
1468 3120 1524 3168 et
1551 3123 1795 3169 vocatus.
1848 3110 1953 3168 Eas
1982 3100 2028 3164 C
2058 3132 2245 3194 egere;
2273 3124 2553 3182 oblatione
2581 3125 2733 3182 ηυιιο
2774 3140 2873 3181 suo
2913 3100 3185 3181 ειέίιεηιθ
3234 3100 3471 3180 [δαείω-ο
3492 3100 3646 3195 [ιη-ο

347 3219 541 3264 autem
567 3222 732 3264 voces
760 3221 895 3277 quas
923 3205 1175 3261 Salvator
1203 3212 1387 3259 noster
1427 3202 1483 3258 in
1511 3200 1804 3272 Evangelia
1828 3217 1956 3274 pro-
2056 3230 2166 3287 quo
2193 3215 2238 3271 si
2267 3222 2413 3273 esse;
2448 3215 2579 3270 satis
2616 3214 2902 3272 admodum
2952 3215 3337 3272 conveniente,-
3383 3215 3645 3272 οπειτθιτ

350 3301 504 3366 ς-ιυιίι,
538 3314 646 3355 non
688 3298 744 3353 in
773 3297 983 3354 duabus
1026 3294 1390 3351 subsistentiis
1418 3302 1511 3349 aut
1564 3294 1809 3366 personis
1835 3309 1955 3350 om-
2055 3303 2134 3359 De
2153 3302 2354 3375 spiritu
2380 3319 2599 3376 quoque
2625 3318 2746 3360 cum
2772 3303 2920 3368 dicit,
2954 3303 3055 3359 lue
3080 3321 3161 3359 me
3184 3304 3516 3377 gloriﬁcavit,
3538 3304 3645 3363 hoc

361 3391 495 3448 Lino
522 3388 801 3459 partimur.
827 3387 944 3444 Non
969 3388 1114 3444 enim
1141 3386 1339 3458 duplex
1370 3394 1454 3442 est
1481 3402 1618 3443 unus
1636 3384 1881 3442 Christus
1901 3394 1959 3442 et
2058 3394 2359 3451 rectissime
2386 3395 2684 3450 sentientes
2711 3408 2874 3464 quam
2911 3393 3182 3451 Christum
3209 3402 3265 3451 et
3286 3393 3501 3462 Filium,
3534 3409 3647 3451 non

357 3482 527 3547 solus,
560 3480 806 3551 quamvis
836 3493 905 3534 ex
930 3478 1140 3533 duabus
1169 3477 1504 3547 diversisque
1551 3476 1714 3533 rebus
1742 3476 1810 3533 ad
1836 3477 1956 3532 uni-

361 3579 530 3627 tatem
543 3576 903 3638 cognoscatur
924 3566 1251 3622 individuam
1264 3566 1608 3623 convenisse:
1628 3566 1771 3623 sicut
1789 3566 1953 3622 homo

360 3677 580 3735 quoque
608 3676 677 3717 ex
700 3661 877 3716 anima
900 3667 1154 3716 constans
1183 3667 1239 3715 et
1253 3674 1485 3731 corpore
1513 3674 1620 3715 non
1632 3658 1829 3731 duplex
1858 3674 1956 3730 po-

360 3763 490 3827 tius,
538 3758 634 3819 sed
655 3772 794 3814 unus
822 3765 906 3813 est
934 3770 1001 3812 ex
1027 3764 1276 3826 utroque.
1301 3753 1579 3810 liumanas
1607 3768 1737 3825 ergo
1763 3762 1820 3810 et
1869 3753 1955 3808 di-

360 3852 515 3907 vinas
560 3850 780 3920 insuper
815 3862 981 3904 voces
1025 3849 1093 3903 ab
1136 3863 1244 3903 uno
1273 3846 1489 3903 Christo
1512 3846 1684 3902 dictas
1712 3846 1956 3926 animad-

363 3947 636 3996 vertentes
661 3947 811 3995 recte
837 3937 1119 3994 sentimus.
1149 3937 1284 3992 Cum
1307 3937 1450 3993 enim
1468 3936 1579 3993 Deo
1606 3935 1917 4004 dignissime
1935 3936 1953 3956 ⁹

360 4034 599 4103 loquitur
623 4030 691 4087 de
709 4030 887 4101 seipse
913 4048 925 4083 :
960 4028 1063 4095 Qui
1085 4045 1165 4083 me
1187 4030 1334 4098 vidit,
1363 4030 1490 4083 vidit
1527 4038 1577 4083 et
1605 4026 1853 4091 Patrem;
1875 4032 1954 4095 et,

365 4125 482 4197 Ego
519 4135 567 4178 et
589 4123 751 4179 Pater
779 4138 936 4177 unum
967 4138 1162 4188 sumus,
1196 4121 1435 4176 divinam
1465 4120 1580 4190 ejus
1609 4118 1957 4190 intelligimus

363 4216 795 4286 iucll'abilemque
822 4223 1088 4280 naturam,
1139 4212 1439 4271 secundum
1474 4225 1634 4282 quam
1663 4224 1828 4266 unum
1873 4217 1959 4265 est

366 4322 488 4362 trum
535 4306 693 4360 Patre
721 4321 842 4373 suo,
875 4313 1100 4376 propter
1129 4317 1291 4359 unam
1320 4301 1676 4372 eamdemque
1700 4301 1955 4357 substan-

364 4400 516 4465 tiam,
563 4398 742 4468 imago
770 4404 827 4453 et
851 4397 1149 4464 character,
1198 4395 1560 4469 splendorque
1606 4395 1791 4467 gloriae
1838 4393 1955 4464 ejus

2054 3483 2203 3540 velut
2231 3485 2451 3541 alterius
2488 3492 2735 3558 egentem
2780 3484 2952 3555 gloria
2974 3526 2989 3553 ,
3036 3483 3358 3541 conﬁtemur
3381 3481 3645 3555 a‘Spiritu

2057 3585 2247 3633 sancto
2276 3577 2501 3646 gloriam
2531 3585 2881 3634 consecutum
2908 3616 2925 3644 ,
2963 3578 3089 3649 quia
3136 3577 3357 3648 spiritus
3399 3575 3518 3647 ejus
3544 3590 3648 3634 nec

2056 3665 2248 3723 melior
2276 3684 2377 3725 nec
2422 3668 2671 3739 superior
2712 3667 2805 3723 illo
2850 3676 2934 3724 est
2964 3686 2976 3721 :
3006 3669 3101 3725 sed
3130 3670 3255 3738 quia
3300 3668 3436 3723 mira
3479 3682 3647 3739 opera

2055 3757 2257 3814 faciens
2286 3758 2352 3813 ad
2381 3758 2899 3814 demonstrationem
2928 3773 3037 3820 suae
3065 3757 3280 3813 deitatis
3303 3758 3502 3813 virtute
3528 3772 3650 3828 pro-

2056 3851 2161 3921 prii
2200 3849 2429 3919 spiritus
2476 3849 2766 3917 utebatur,
2814 3849 2884 3905 ab
2934 3850 3050 3921 ipsa
3096 3849 3384 3919 gloriﬁcari
3428 3850 3647 3908 dicitur.

2058 3937 2521 4006 Quemadmodum
2551 3938 2595 3993 si
2623 3938 2744 4009 quis
2771 3936 2841 3993 de
2867 3938 3173 3995 hominibus
3202 3946 3476 3995 asseveret
3503 3937 3650 4008 quod

2056 4032 2226 4088 virtus
2264 4046 2359 4086 sua
2398 4047 2496 4087 seu
2542 4030 2822 4101 disciplina
2872 4030 3167 4101 quemlibet
3214 4044 3650 4100 unumquemque

2057 4124 2317 4179 clariﬁcet
2342 4142 2353 4175 ε
2387 4123 2630 4194 quamvis
2656 4123 2801 4178 enim
2829 4123 2882 4178 in
2912 4138 3007 4178 sua
3034 4123 3106 4178 sit
3129 4123 3470 4179 subsistentia
3495 4123 3647 4193 spiri-

2056 4220 2167 4281 tus,
2193 4222 2248 4268 et
2268 4212 2726 4282 cjusintelligatur
2752 4213 2805 4269 in
2830 4229 3060 4284 persona
3090 4214 3389 4285 proprietas
3413 4213 3569 4283 juxta
3597 4213 3650 4269 id

2059 4303 2201 4374 quod
2246 4302 2463 4373 spiritus
2488 4312 2574 4360 est
2602 4311 2658 4360 et
2683 4320 2787 4359 non
2817 4304 2954 4360 ﬁlius
2976 4344 2991 4371 ,
3024 4313 3262 4360 attamen
3302 4305 3509 4361 alienus
3539 4320 3648 4361 non

2060 4403 2145 4450 est
2169 4411 2182 4448 :
2217 4394 2283 4449 ab
2308 4394 2401 4450 illo
2431 4395 2574 4450 enim
2603 4393 2833 4466 Spiritus
2862 4395 3161 4467 appellatus
3189 4406 3270 4453 est
3299 4396 3563 4464 veritatis,
3593 4402 3653 4451 et

365 4488 626 4545 existens.
659 4466 795 4545 Cum
817 4503 946 4545 vero
968 4466 1453 4544 humanae'natura:
1474 4466 1788 4543 mensuram
1836 4486 1956 4541 nul-
1989 4466 2037 4527 ί)
2064 4487 2259 4541 veritas
2286 4485 2530 4544 Christus
2556 4495 2643 4544 cst
2664 4530 2682 4557 ,
2713 4487 2853 4544 unde
2881 4466 2949 4543 et
2971 4489 3039 4544 ab
3082 4488 3187 4543 isto
3234 4488 3481 4545 similiter
3507 4487 3650 4543 sicut

368 4581 580 4635 latenus
607 4578 938 4635 inhonorans
961 4575 1176 4634 Judaeos
1198 4576 1506 4649 alloquitur,
1528 4574 1684 4631 Nunc
1709 4592 1790 4631 me
1810 4592 1953 4649 qutu-

328 4722 347 4756 ἱ
367 4671 482 4726 ritis
504 4669 736 4726 occidere
754 4669 1011 4725 hominem
1033 4672 1117 4743 qui
1144 4671 1407 4726 veritatem
1435 4669 1575 4724 vobis
1602 4668 1801 4722 locutus
1821 4683 1953 4731 cum,

372 4763 503 4816 item
534 4776 641 4815 non
671 4759 849 4815 minus
879 4774 1001 4815 eum
1031 4760 1123 4829 qui
1154 4760 1208 4814 in
1257 4757 1608 4814 similitudine
1656 4767 1709 4813 et
1739 4757 1961 4827 mquali-

371 4862 486 4907 tate
516 4851 686 4907 Patris
713 4859 813 4917 est,
842 4851 1009 4907 Deum
1039 4850 1274 4907 Verbum
1302 4852 1465 4906 etiam
1488 4851 1542 4905 in
1563 4853 1829 4905 mensuris
1857 4850 1959 4905 bu-

372 4946 790 5015 manitatis-ejus
807 4946 1167 5015 agnoscimus.
1200 4944 1257 5000 Si
1282 4952 1462 4999 autem
1505 4941 1814 4999 necessario
1842 4956 1961 4999 cre—

370 5036 513 5092 ditur
533 5036 677 5108 quod
704 5044 892 5091 natura
924 5035 1064 5091 Deus
1093 5036 1331 5091 existens
1375 5034 1547 5092 lactus
1575 5034 1645 5089 sit
1666 5047 1817 5104 caro,
1849 5033 1958 5090 imo

374 5128 555 5198 potius
607 5128 771 5184 homo
824 5128 1091 5183 animatus
1144 5127 1323 5181 anima
1354 5125 1624 5194 rationali,
1657 5138 1777 5195 qutc
1800 5139 1960 5180 causa

373 5227 455 5273 cst
488 5228 546 5272 ut
574 5217 627 5273 in
650 5217 768 5288 ejus
787 5218 1014 5287 quilibet
1042 5218 1264 5273 vocibus
1290 5218 1594 5283 erubescat,
1627 5216 1673 5271 si
1721 5230 1815 5271 eas
1862 5216 1961 5270 ho-

376 5311 521 5365 tnine
568 5310 758 5380 dignas
803 5309 995 5366 eti‘atus
1038 5311 1158 5365 est?
1192 5308 1350 5377 Quod
1376 5308 1420 5363 si
1449 5322 1729 5363 sermones
1754 5307 1961 5363 homini

2064 4591 2130 4633 ex
2144 4576 2256 4632 Deo
2267 4574 2425 4633 Patre
2445 4578 2708 4649 procedit.
2731 4576 2971 4648 Denique
2992 4577 3079 4633 hic
3101 4578 3215 4648 ipse
3235 4575 3464 4647 Spiritus
3484 4578 3650 4632 etiam

2063 4684 2161 4740 per
2187 4678 2496 4725 sanctorum
2518 4685 2710 4726 manus
2739 4667 3105 4740 apostolorum
3131 4667 3389 4724 miracula
3414 4666 3653 4737 gloriosa

2064 4760 2346 4832 perﬁciens
2366 4759 2648 4815 Dominum
2667 4759 2989 4830 gloriﬁcavit
3009 4756 3191 4814 Jesum
3212 4756 3484 4813 Christum
3507 4764 3657 4829 post-

2063 4867 2223 4922 quam
2251 4849 2493 4907 ascendit
2527 4850 2580 4906 in
2611 4851 2828 4907 coelum.
2870 4849 3003 4905 Nam
3028 4848 3267 4907 creditus
3296 4857 3380 4905 est
3406 4848 3656 4907 Christus

2062 4951 2255 4997 natura
2286 4941 2425 4997 Deus
2469 4942 2745 5010 existens,
2791 4955 2890 5011 per
2932 4956 3087 4996 suum
3135 4940 3381 5012 spiritum
3425 4940 3656 4997 virtutes

2063 5033 2322 5100 efllcieus,
2347 5033 2578 5104 ideoque
2604 5033 2815 5089 dicebat
2845 5052 2859 5087 :
2892 5032 2971 5087 De
2992 5050 3103 5089 meo
3132 5034 3351 5111 accipiet
3370 5042 3420 5087 et
3443 5048 3653 5086 annun-

2063 5126 2211 5181 tiain't
2241 5125 2398 5181 vobis.
2427 5125 2781 5196 Nequaquam
2808 5140 2938 5181 vero
2974 5125 3388 5196 participatione
3425 5122 3655 5178 alterius

2063 5217 2203 5271 idem
2232 5216 2466 5286 Spiritus
2493 5216 2706 5287 sapiens
2750 5225 2845 5270 aut
2889 5225 3083 5287 potens
3128 5215 3354 5282 dicitur,
3390 5213 3516 5283 quia
3561 5227 3658 5282 per

2064 5307 2245 5362 omnia
2274 5304 2543 5377 perfectus
2572 5316 2675 5371 est,
2707 5315 2762 5362 et
2789 5307 2939 5363 nullo
2964 5322 3186 5377 prorsus
3212 5305 3455 5373 indigens
3480 5305 3652 5360 bono.

374 5408 735 5468 congruentes
756 5399 958 5467 abjicit,
978 5401 1129 5470 juxta
1154 5415 1252 5455 nos
1272 5400 1543 5455 hominem
1567 5397 1681 5453 ﬁeri
1697 5398 1818 5467 quis
1839 5410 1968 5453 coe-
2065 5398 2200 5456 Nam
2229 5406 2466 5468 paternae
2492 5397 2708 5453 virtutis
2736 5406 2791 5453 et
2817 5397 3128 5468 sapientiae,
3154 5395 3207 5450 id
3235 5404 3318 5450 est
3353 5394 3472 5449 Filii
3500 5394 3656 5465 spiri-

375 5490 489 5556 git?
515 5489 649 5544 Cum
672 5504 802 5545 vero
822 5505 881 5545 se
910 5499 1133 5561 propter
1152 5504 1253 5546 nos
1276 5490 1344 5545 ad
1363 5489 1784 5544 exinanitionem
1802 5502 1967 5559 spon-
2068 5504 2154 5548 tus
2180 5490 2434 5557 creditur,
2464 5499 2518 5545 et
2546 5490 2668 5546 ideo
2700 5490 2815 5561 ipsa
2853 5504 2914 5545 re
2946 5497 3004 5545 et
3030 5488 3371 5544 subsistentia
3402 5487 3569 5543 virtus
3599 5492 3656 5540 et

378 5587 592 5634 taneam
639 5579 1065 5638 misericorditer
1111 5580 1422 5647 inclinaret,
1455 5593 1614 5650 quam
1644 5578 1715 5634 ob
1745 5592 1962 5635 causam

452 5694 471 5767 ξ
502 5694 813 5767 Dignissime
842 5694 968 5762 Deo,
999 5697 1049 5752 id
1078 5706 1179 5765 est,
1208 5707 1264 5750 ut
1286 5694 1448 5751 Deum
1478 5696 1637 5767 decet.
1667 5694 1819 5767 Enn.

453 5765 497 5788 "
528 5764 740 5823 l’t'trasis
762 5781 986 5839 prorsus
1015 5764 1230 5847 vitiosa,
1261 5781 1380 5837 quze
1416 5767 1492 5823 sic
1522 5764 1701 5822 forsan
1736 5764 1960 5835 legenda

2065 5582 2329 5653 sapientia
2360 5580 2764 5651 comprobatur.
2812 5578 2980 5649 igitur
3013 5578 3137 5649 quia
3168 5576 3335 5633 Deum
3362 5576 3511 5633 carni
3542 5576 3654 5631 uni-

2067 5700 2210 5746 esset
2243 5710 2254 5743 :
2298 5691 2569 5761 Apellatur
2607 5707 2724 5745 vero
2764 5689 3026 5761 apostolus
3057 5698 3107 5746 et
3144 5691 3653 5761 pontifex.....__t.-:u.

2068 5779 2220 5827 quam
2261 5757 2565 5817 sacriﬁcans
2706 5757 2822 5835 quae
2858 5777 2891 5814 a
2928 5757 3164 5819 nobis...)
3212 5757 3443 5833 olfertur.
3492 5757 3649 5813 Eutr.
