4012 6466
348 390 415 446 l7
1329 390 1665 450 EPISTOLA
1704 390 2043 450 SYNODICA
2086 392 2143 450 s.
2187 391 2485 465 cvnuu,
2525 388 2679 448 src.
3588 368 3656 448 ίείδ

344 517 460 562 tum
489 506 650 578 juxta
689 505 1094 565 subsistentiam
1144 517 1333 564 sancta
1382 508 1547 579 Virgo
1586 508 1953 580 corporaliter
1980 511 2029 569 Α
2131 508 2198 564 V.
2229 508 2287 565 Si
2316 508 2437 581 quis
2466 507 2625 564 audet
2656 505 3138 567 dicere'Christum
3170 496 3443 565 hominem
3475 493 3660 587 ἅνθξοω-

341 601 581 673 peperit,
610 601 814 657 idcirco
844 616 967 656 eam
998 600 1088 656 Dei
1120 602 1438 671 genitricem
1465 617 1584 659 esse
1611 599 1951 674 proﬁtemur,

340 711 451 749 Imn
476 694 626 765 quod
652 694 814 751 Verbi
846 703 1041 750 natura
1065 694 1331 751 existendi
1360 694 1684 765 principium
1704 694 1771 750 de
1792 708 1957 749 carne

337 787 541 842 simila
570 787 682 854 sit;
734 796 847 841 erat
874 786 1020 841 enim
1056 786 1111 840 in
1140 786 1398 858 principio
1442 785 1665 840 Verbum
1687 824 1703 849 ,
1736 794 1786 841 et
1812 784 1956 839 Deus

338 887 455 931 erat
493 876 739 943 Verbum,
770 886 822 931 et
861 875 1087 932 Verbum
1109 887 1224 931 erat
1246 877 1389 949 apud
1415 875 1614 946 Deum,
1641 884 1697 933 et
1728 878 1841 949 ipse
1873 885 1955 932 est

339 970 601 1026 conditor
624 970 969 1036 satculorum,
995 968 1141 1024 Patri
1164 980 1488 1036 cozeternns,
1510 978 1567 1025 et
1588 968 1955 1024 universitatis

338 1070 591 1129 creator;
622 1062 720 1118 sed
742 1061 891 1133 quod
919 1062 1169 1132 superius
1195 1061 1450 1128 diximus,
1477 1062 1633 1132 juxta
1662 1061 1958 1117 subsisten-

340 1154 477 1209 tiam
508 1153 729 1209 sibimet
755 1153 950 1208 unicus
978 1153 1270 1208 lmmanam
1299 1161 1584 1222 naturam,
1614 1152 1953 1208 nativitatem

336 1246 671 1302 sustinuerit
697 1261 766 1301 ex
794 1246 910 1315 ipsa
936 1245 1096 1300 vulva
1119 1260 1409 1314 corporea,
1441 1260 1549 1301 non
1572 1242 1718 1313 quod
1746 1244 1956 1313 eguerit

340 1339 659 1395 necessario
678 1346 774 1392 aut
796 1346 1022 1407 propter
1045 1352 1197 1393 suam
1226 1345 1497 1402 naturam,
1521 1335 1804 1391 nativitate
1827 1335 1952 1402 ista,

336 1444 467 1499 qua:
496 1439 582 1484 est
614 1430 669 1484 in
699 1429 958 1484 extremis
984 1428 1165 1483 surculi
1195 1426 1335 1484 facta
1368 1427 1726 1497 temporibus,
1768 1425 1863 1483 sed
1893 1434 1953 1480 ut

345 1522 500 1590 ipsas
546 1518 900 1575 benediceret
943 1518 1259 1575 substantiae
1307 1526 1508 1573 nostra:
1553 1518 1836 1588 primitias.
1885 1514 1953 1570 Et

337 1610 475 1666 dum
501 1626 627 1667 eum
650 1611 801 1667 carni
830 1610 1044 1665 unitum
1073 1610 1267 1665 mulier
1288 1608 1563 1672 edidisset,
1595 1608 1683 1663 illa
1712 1623 1833 1677 qua:
1860 1607 1953 1662 ad-

337 1718 537 1759 versus
564 1718 729 1759 omne
754 1716 928 1772 genus
955 1702 1254 1758 humanum
1285 1701 1593 1757 maledictio
1628 1701 1801 1755 fuerat
1832 1715 1953 1769 pro-

337 1795 454 1847 lata
484 1793 797 1860 desineret,
845 1808 951 1849 nec
973 1784 1088 1862 jam
1115 1793 1279 1847 morti
1307 1800 1492 1849 nostra
1522 1807 1750 1862 corpora
1779 1791 1950 1846 desti-

2055 624 2153 660 mu
2177 605 2427 680 0:0qv'ipov,
2448 603 2497 659 id
2520 612 2603 659 est
2623 603 2898 660 hominem
2916 602 3029 659 Deo
3044 610 3285 660 utentem
3302 619 3362 660 se
3381 613 3661 675 asportan-

2057 704 2164 751 tem
2180 694 2344 765 (Sic),
2357 708 2535 751 etnon
2552 695 2722 752 Deum
2740 711 2859 753 esse
2879 702 3149 752 veraciter
3168 696 3381 758 dixerit,
3401 705 3657 766 tanquam

2055 788 2273 843 unicum
2301 786 2469 843 ﬁlium
2498 802 2596 860 per
2624 796 2893 856 naturam,
2923 787 3219 844 secundum
3246 788 3394 859 quod
3416 789 3658 845 Verbum

2054 892 2183 935 caro
2213 879 2416 935 factum
2446 886 2561 944 est,
2591 878 2997 951 participaverit
3021 879 3181 937 nobis
3221 880 3469 936 similiter
3496 896 3661 938 carne

2053 976 2111 1027 et
2132 970 2422 1039 sanguine,
2454 970 2742 1026 anathema
2767 970 2862 1027 sit.

2142 1060 2227 1116 Vl.
2261 1062 2321 1117 Si
2350 1062 2469 1134 quis
2494 1062 2625 1119 dicit
2665 1062 2835 1118 Deum
2872 1062 2958 1119 vel
2996 1062 3284 1120 Dominum
3310 1078 3431 1120 esse
3459 1063 3659 1121 Christi

2055 1150 2153 1207 Dei
2200 1150 2378 1210 Patris
2409 1152 2645 1209 Verbum
2673 1195 2688 1221 ,
2721 1161 2778 1208 et
2817 1169 2925 1208 non
2974 1154 3144 1223 magis
3187 1153 3435 1209 eumdem
3486 1154 3658 1224 ipsum

2055 1239 2347 1297 conﬁtetur
2395 1241 2565 1298 Deum
2613 1251 2669 1298 et
2704 1242 2980 1299 hominem
3026 1243 3185 1299 simul
3213 1285 3227 1310 ,
3261 1253 3484 1314 propter
3513 1234 3658 1315 quod

2054 1331 2290 1388 Verbum
2317 1349 2445 1389 caro
2474 1332 2673 1390 factum
2699 1343 2805 1403 est,
2845 1338 3144 1392 secundum
3173 1334 3504 1407 Scripturas,
3536 1351 3660 1391 ana-

2055 1423 2235 1478 thema
2266 1425 2356 1479 sit.

2127 1516 2238 1572 Vll.
2262 1516 2320 1572 Si
2345 1518 2465 1588 quis
2488 1517 2619 1575 dicit
2639 1527 2892 1590 tanquam
2914 1520 2967 1575 in
2989 1518 3266 1577 hominem
3283 1517 3465 1576 Iesum
3489 1520 3657 1576 Deum

2054 1606 2293 1663 Verbum
2344 1607 2512 1664 fuisse
2559 1618 2842 1680 operatum
2869 1649 2884 1674 ,
2929 1620 2985 1667 et
3016 1608 3290 1680 Unigeniti
3318 1611 3655 1687 dignitatem,

2058 1708 2317 1770 tanquam
2348 1700 2504 1757 alteri
2535 1710 2731 1771 praeter
2761 1701 2934 1772 ipsum
2971 1701 3258 1772 existenti,
3289 1702 3505 1768 tribuit,
3535 1692 3673 1757 ana?

2051 1789 2235 1846 thema
2267 1791 2355 1848 sit.

334 1896 521 1941 nat-et.
549 1885 687 1941 Illud
707 1900 924 1955 quoque
943 1884 1090 1955 quod
1108 1884 1309 1941 dictum
1329 1892 1437 1955 est,
1455 1884 1522 1939 In
1540 1884 1751 1940 tristitia
1774 1884 1946 1955 paries
1976 1887 2025 1949 Β
2124 1880 2259 1937 Vlll.
2292 1880 2351 1939 Si
2395 1884 2517 1953 quis
2565 1882 2729 1938 audet
2774 1882 2957 1939 dicere
2997 1892 3335 1954 assumptum
3383 1884 3657 1940 hominem

331 1978 485 2050 ﬁlios
511 2019 529 2046 ,
559 1978 677 2049 ipse
705 1978 1008 2035 dissolvens
1029 2018 1047 2044 ,
1076 1992 1267 2034 verum
1294 1992 1416 2033 esse
1443 1985 1779 2034 monstraret
1802 1975 1950 2047 quod

333 2069 627 2140 propheta:
678 2084 814 2125 voce
858 2068 1184 2141 praedixerat
1224 2086 1240 2123 :
1276 2068 1539 2139 Absorpta
1581 2076 1657 2123 est
1705 2085 1845 2124 mors
1891 2069 1949 2125 in

333 2161 558 2217 victoria
578 2202 597 2227 ,
641 2170 699 2217 et
723 2162 924 2217 iterum
955 2178 971 2215 ι
1001 2160 1229 2216 Abstulit
1262 2159 1399 2215 Deus
1426 2177 1629 2216 omnem
1657 2160 1949 2232 lacrynuzm

335 2253 407 2307 ab
436 2254 579 2308 omni
608 2254 791 2325 facie,-
825 2258 1049 2323 propter
1075 2252 1218 2307 hanc
1244 2251 1447 2307 etenim
1473 2265 1692 2306 causam
1720 2249 1948 2307 dicimus

337 2359 470 2400 eum
498 2343 896 2414 dispensatoris
934 2350 992 2399 et
1020 2343 1153 2414 ipsis
1196 2342 1543 2399 benedixisse
1570 2351 1699 2399 tunc
1723 2343 1944 2414 nuptiis,

331 2453 462 2493 cum
493 2437 549 2493 in
573 2436 760 2493 Canan
788 2435 1012 2494 Galileze
1037 2453 1160 2494 cum
1190 2439 1392 2494 sanctis
1437 2446 1661 2494 vocatus
1686 2438 1948 2509 apostolis

331 2526 535 2584 adesse
557 2527 807 2598 dignatus
835 2536 941 2585 est.
971 2527 1100 2584 Haec
1127 2543 1322 2600 sapere
1345 2544 1531 2585 sumus
1554 2528 1734 2584 edOCti
1762 2543 1797 2585 ι
1818 2543 1948 2585 san-

328 2617 440 2674 ctis
469 2619 737 2689 apostolis
777 2626 836 2675 et
876 2618 1225 2689 evangelistis
1248 2660 1265 2688 ,
1294 2626 1352 2675 et
1377 2618 1445 2674 ab
1471 2618 1621 2674 omni
1663 2617 1945 2690 Scriptura

327 2708 595 2767 divinitus
632 2710 919 2781 inspirata,
946 2725 1051 2767 nec
1075 2726 1186 2768 non
1215 2719 1273 2766 et
1299 2725 1332 2766 a
1358 2710 1536 2766 beatis
1562 2707 1782 2765 Patrum
1811 2725 1943 2767 con-

328 2802 663 2861 fessionibus
711 2804 945 2861 veritate
990 2802 1256 2860 subnixis.
1328 2800 1427 2857 His
1469 2802 1721 2858 omnibus
1775 2801 1941 2858 etiam

326 2904 483 2951 tuam
504 2895 821 2965 religionem
842 2893 1197 2961 concordare,
1209 2900 1265 2948 et
1282 2900 1481 2963 praeter
1497 2891 1732 2963 aliquem
1753 2890 1941 2948 dolum

323 2988 420 3042 vel
446 2986 719 3044 ﬁctionem
749 2987 1061 3043 consentire
1088 2985 1385 3052 convenit;
1432 2998 1553 3055 quae
1581 2999 1711 3040 vero
1751 2984 1940 3053 religio

326 3087 425 3134 tua
450 3079 915 3135 anathematizare
942 3092 1167 3135 necesse
1192 3083 1295 3143 est,
1320 3076 1447 3132 huic
1473 3076 1718 3146 epistola:
1740 3083 1939 3131 nostra:

322 3168 581 3239 subjecta
632 3178 758 3225 sunt
787 3186 802 3223 :
836 3169 985 3239 quod
1032 3169 1079 3224 si
1121 3167 1384 3236 minime,
1430 3164 1638 3224 eisdem
1679 3166 1941 3237 subjectis

322 3258 664 3317 sententiam
691 3257 1065 3328 consequeris.

402 3345 446 3401 l.
480 3346 540 3403 Si
565 3347 687 3419 quis
715 3363 824 3403 non
853 3344 1142 3403 conﬁtetur
1168 3345 1340 3403 Deum
1367 3361 1489 3404 esse
1518 3345 1785 3404 veraciter
1810 3342 1937 3400 Em-

321 3439 548 3495 manuel
573 3478 590 3502 ,
618 3446 676 3494 et
715 3448 941 3510 propter
970 3438 1073 3493 hoc
1100 3438 1275 3508 ipsum
1317 3438 1416 3494 Dei
1443 3437 1775 3494 Genitrieem
1816 3452 1938 3493 san-

320 3538 474 3583 ctam
518 3526 800 3597 Virginem
851 3526 1104 3599 (peperit
1148 3526 1295 3582 enim
1337 3527 1629 3582 carnaliter
1678 3524 1932 3595 Verbum,

323 3618 476 3688 quod
500 3634 569 3674 ex
599 3618 713 3673 Deo
742 3626 868 3684 est,
894 3616 1192 3673 secundum
1240 3616 1385 3687 quod
1412 3616 1674 3687 scriptum
1702 3624 1786 3672 est
1818 3634 1830 3670 :
1861 3614 1935 3669 Et

334 3708 561 3765 Verbum
583 3725 708 3763 caro
734 3709 933 3780 factum
960 3707 1082 3778 est),
1100 3707 1387 3761 anathema
1409 3708 1498 3761 sit.

396 3800 465 3857 ll.
513 3800 573 3857 Si
621 3801 746 3873 quis
792 3815 902 3854 non
948 3799 1241 3855 conﬁtetur
1293 3813 1458 3854 carne
1508 3796 1934 3853 substantialiter

323 3908 496 3950 unum
526 3908 647 3949 esse
674 3892 916 3948 Verbum
947 3890 1125 3948 Patris
1148 3929 1164 3957 ,
1194 3907 1362 3947 unum
1392 3905 1608 3961 quoque
1636 3906 1756 3947 esse
1777 3890 1934 3947 Chri-

322 3995 471 4041 stum
496 4002 620 4043 cum
654 3986 877 4059 propria
906 4000 1092 4049 carne,
1125 3994 1182 4042 et
1208 3984 1458 4040 eumdem
1488 3984 1663 4054 ipsum
1691 3985 1809 4041 sine
1833 3984 1931 4040 du-

320 4078 419 4134 bio
445 4077 619 4134 Deum
647 4077 810 4133 simul
837 4085 896 4133 et
918 4077 1194 4133 hominem
1218 4118 1233 4146 ,
1265 4078 1554 4132 anathema
1583 4076 1674 4133 sit.

394 4169 486 4225 lli.
516 4170 577 4227 Si
604 4172 726 4241 quis
753 4171 806 4226 in
833 4187 942 4227 uno
968 4170 1185 4227 Christo
1227 4170 1416 4226 dividit
1455 4170 1784 4228 substantias
1809 4178 1934 4242 post

322 4264 628 4319 nnitionem
660 4264 775 4319 sola
805 4278 899 4319 eas
947 4263 1209 4319 societate
1252 4262 1587 4332 conjungens
1614 4277 1678 4317 ea
1707 4277 1826 4332 qua:
1853 4278 1935 4319 se-

318 4353 568 4411 cundum
598 4354 919 4423 dignitatem
947 4362 1059 4420 est,
1089 4354 1177 4409 vel
1204 4354 1370 4409 etiam
1400 4352 1805 4421 auctoritatem,
1839 4360 1933 4407 aut

318 4454 654 4517 potestatem
680 4487 697 4514 ,
748 4456 805 4502 et
856 4461 966 4501 non
1018 4445 1191 4516 magis
1245 4452 1516 4501 conventu
1553 4442 1621 4499 ad
1668 4444 1932 4500 unitatem

319 4537 656 4605 naturalem,
687 4538 981 4593 anathema
1002 4538 1093 4594 sit.

2053 1980 2339 2037 coadorari
2364 1996 2487 2037 cum
2512 1980 2625 2037 Deo
2647 1981 2828 2039 Verbo
2857 1990 3135 2053 oportere,
3165 1988 3221 2035 et
3249 1983 3661 2051 connuncupari

2049 2070 2246 2139 Deum,
2279 2082 2535 2143 tanquam
2565 2073 2798 2129 alterum
2828 2089 2953 2131 eum
2994 2072 3170 2127 altero
3222 2070 3480 2147 (adjectio
3509 2072 3653 2127 enim

2050 2164 2209 2221 unius
2233 2164 2453 2236 syllaba:
2493 2164 2599 2221 hoc
2642 2165 2789 2236 cogit
2817 2162 3090 2236 intelligi),
3126 2171 3181 2221 et
3209 2180 3318 2218 non
3344 2162 3516 2233 magis
3546 2179 3657 2219 una

2049 2257 2357 2312 reverentia
2387 2265 2677 2313 veneratur
2706 2255 3049 2319 Emmanuel,
3080 2270 3351 2325 unamque
3379 2254 3435 2310 ei
3457 2256 3655 2325 gloriﬁ-

2048 2350 2318 2406 eationem
2345 2349 2638 2421 dependit,
2670 2349 2825 2420 juxta
2853 2348 2999 2419 quod
3031 2347 3266 2404 Verbum
3296 2363 3424 2403 caro
3452 2345 3650 2404 factum

2048 2450 2150 2503 est,
2183 2442 2470 2497 anathema
2496 2441 2586 2497 sit.

2118 2532 2211 2588 ιΧ.
2245 2532 2301 2588 Si
2331 2534 2453 2603 quis
2482 2548 2648 2589 unum
2674 2532 2961 2588 Dominum
2987 2529 3169 2588 Jesum
3192 2531 3463 2588 Christum
3492 2530 3651 2600 glori.

2046 2622 2267 2680 ﬁcalum
2310 2622 2442 2679 dicit
2480 2639 2511 2678 a
2550 2620 2757 2694 Spiritu
2802 2630 2992 2679 sancto
3015 2663 3030 2689 ,
3065 2630 3321 2691 tanquam
3360 2622 3428 2676 ab
3469 2621 3647 2679 aliena

2045 2714 2286 2783 virtute,
2315 2729 2421 2785 qua
2461 2729 2561 2787 per
2597 2729 2722 2770 eum
2752 2721 3020 2781 uteretur,
3066 2722 3121 2769 et
3165 2715 3232 2770 ab
3272 2729 3338 2770 eo
3379 2716 3647 2785 acceperit

2044 2805 2342 2865 efﬁcaciam
2370 2814 2561 2864 contra
2591 2805 2897 2863 immundos
2922 2805 3162 2877 spiritus,
3191 2815 3249 2862 et
3277 2822 3375 2877 per
3395 2822 3520 2863 eum
3552 2807 3647 2861 im-

2042 2900 2222 2971 plesse
2247 2900 2427 2955 divina
2457 2899 2630 2970 signa,
2663 2907 2718 2955 et
2742 2914 2849 2954 non
2878 2898 3049 2969 magis
3077 2897 3194 2966 ejus
3219 2898 3494 2968 proprium
3524 2913 3644 2954 esse

2041 2993 2290 3063 spiritum
2319 2992 2467 3049 dicat
2494 2993 2633 3048 sicut
2660 3000 2718 3048 et
2746 2990 2941 3059 Patris,
2965 3006 3064 3063 per
3090 3006 3250 3061 quem
3279 2991 3429 3063 signa
3457 3008 3643 3064 opera-

2044 3091 2129 3141 tus
2148 3090 2250 3150 est,
2284 3083 2572 3139 anathema
2602 3084 2693 3141 sit.

2112 3172 2181 3231 Χ.
2224 3173 2541 3232 Pontiﬁcem
2587 3184 2645 3230 et
2694 3173 3012 3245 Apostolum
3055 3173 3410 3233 conlessro'nis
3441 3183 3645 3235 nostra:

1961 3262 2008 3326 C
2040 3266 2244 3323 factum
2274 3281 2396 3323 esse
2417 3263 2692 3329 Christum
2713 3264 2894 3320 divina
2921 3264 3201 3337 Scriptura
3224 3276 3659 3323 eommemorat..

2039 3358 2249 3416 Obtulit
2294 3358 2439 3415 enim
2487 3358 2841 3429 semetipsum
2887 3374 2985 3430 pro
3021 3358 3180 3415 nobis
3229 3357 3338 3413 Deo
3390 3356 3536 3413 Patri
3583 3358 3636 3413 in

2038 3451 2264 3508 odorem
2299 3450 2581 3507 suavitatis
2610 3469 2623 3504 :
2654 3450 2700 3505 si
2741 3450 2862 3520 quis
2901 3465 3030 3522 ergo
3060 3447 3376 3506 Pontiﬁcem
3418 3458 3473 3505 et
3502 3449 3657 3520 Ap0--

2036 3542 2238 3599 stolum
2280 3550 2524 3599 nostrum
2565 3542 2728 3597 alium
2772 3541 2971 3598 dixerit
3012 3556 3135 3598 esse
3174 3542 3393 3608 factum,
3425 3550 3639 3615 prauor-

2035 3649 2199 3705 quam
2224 3634 2403 3706 ipsum
2432 3632 2605 3689 Deum
2634 3632 2731 3688 Dei
2761 3632 2998 3689 Verbum
3025 3675 3042 3702 ,
3084 3632 3298 3703 quando
3328 3634 3526 3689 facttnn
3556 3642 3658 3690 est
3722 3642 3747 3661 λ

2036 3740 2201 3791 caro,
2248 3731 2305 3780 et
2346 3722 2639 3781 secundum
2684 3737 2785 3778 nos
2829 3717 3050 3789 homo,
3084 3722 3179 3777 sed
3211 3722 3365 3792 quasi
3407 3722 3635 3775 alterum

2035 3824 2236 3888 praeter
2260 3815 2438 3887 ipsum
2467 3813 2776 3886 specialiter
2802 3812 3076 3869 hominem
3108 3829 3177 3886 ex
3207 3814 3431 3869 muliere
3456 3832 3470 3881 ;
3511 3814 3637 3870 etsi

2036 3910 2159 3982 quis
2181 3907 2311 3964 dicit
2334 3907 2461 3978 quia
2488 3923 2587 3979 pro
2622 3922 2682 3962 se
2710 3905 2907 3964 obtulit
2934 3905 3172 3977 seipsum
3201 3904 3555 3973 oblationem,
3583 3914 3643 3963 et

2035 4016 2146 4056 non
2174 3999 2347 4069 magis
2386 4013 2487 4069 pro
2514 3997 2670 4053 nobis
2698 3996 2833 4053 solis
2879 3996 3026 4067 (non
3058 3995 3203 4052 enim
3236 3995 3463 4066 indiguit
3493 3996 3637 4050 obla-

2037 4092 2185 4148 tione
2204 4090 2297 4162 qui
2326 4099 2609 4162 peccatum
2632 4088 2905 4159 nescivit),
2934 4087 3223 4143 anathema
3248 4088 3338 4142 sit.

2109 4179 2196 4236 XI.
2224 4179 2279 4236 Si
2308 4181 2428 4252 quis
2454 4196 2563 4235 non
2593 4180 2884 4236 conﬁtetur
2912 4194 3133 4234 carnem
3166 4177 3377 4233 Domini
3408 4177 3639 4233 viviﬁca-

2036 4275 2228 4331 tricem
2260 4289 2380 4331 esse
2412 4282 2669 4344 tanquam
2700 4272 2975 4345 propriam
3006 4270 3174 4343 ipsius
3202 4269 3298 4327 Dei
3326 4270 3512 4338 Verbi,
3542 4272 3637 4326 sed

2036 4366 2192 4436 quasi
2240 4365 2466 4421 alterius
2515 4350 2816 4435 cujuSpiam
2859 4371 3057 4434 praeter
3104 4362 3315 4434 ipsum,
3362 4362 3637 4434 conjuncti

2037 4456 2255 4528 quidem
2285 4454 2581 4513 secundum
2622 4455 2938 4525 dignitatem
2965 4496 2982 4524 ,
3028 4463 3121 4509 aut
3166 4453 3461 4510 secundum
3492 4455 3638 4524 quod

2038 4547 2212 4605 solam
2243 4547 2478 4604 divinam
2518 4545 2967 4603 inhabitationem
2996 4545 3249 4601 habuerit
3281 4564 3294 4599 :
3325 4554 3381 4601 et
3408 4562 3514 4601 non
3547 4562 3640 4617 po.

393 4628 486 4684 lV.
518 4628 575 4685 Si
598 4631 721 4700 quis
745 4630 956 4686 duabus
980 4608 1229 4701 personis
1247 4629 1335 4686 vel
1357 4629 1722 4686 subsistentiis
1750 4630 1934 4687 decer~
1961 4650 2015 4714 Β
2037 4641 2145 4698 tius
2174 4648 2233 4695 ut
2260 4639 2556 4695 dixerimus
2586 4636 2987 4695 viviﬁcatricem
3017 4653 3138 4694 esse
3164 4678 3180 4705 ,
3221 4638 3345 4709 quia
3388 4637 3525 4693 facta
3550 4608 3640 4695 est

320 4731 421 4778 nat
440 4738 536 4779 eas
555 4738 722 4781 voces
741 4738 861 4794 quae
882 4733 995 4780 tam
1018 4724 1071 4780 in
1094 4724 1419 4795 evangelicis
1439 4740 1602 4795 quam
1624 4725 1940 4795 apostolicis

320 4800 942 4882 litterisﬁontinentur,
973 4816 1062 4871 vel
1091 4817 1257 4872 etiam
1287 4832 1381 4873 eas
1418 4831 1540 4887 qum
1566 4816 1635 4872 de
1661 4814 1877 4874 Christo
1906 4833 1939 4874 a

318 4906 532 4961 sanctis
572 4905 858 4973 dicuntur,
889 4908 974 4962 vel
1004 4908 1072 4964 ab
1115 4909 1233 4981 ipso
1267 4906 1485 4965 Christo
1510 4909 1579 4965 de
1606 4925 1666 4966 se
1694 4910 1811 4982 ipso
1835 4952 1852 4980 ,
1883 4919 1940 4967 et

319 4995 535 5065 aliquas
572 4995 795 5067 quidem
837 5011 908 5054 ex
934 4998 1020 5054 his
1066 5007 1323 5071 tanquam
1363 4999 1570 5056 homini
1613 5009 1810 5072 printer
1841 5002 1939 5060 Dei

318 5086 566 5143 Verbum
597 5089 907 5161 specialiter
937 5092 1220 5163 intelligat,
1254 5094 1602 5165 applicandas
1628 5095 1936 5165 crediderit,

320 5181 536 5251 aliquas
584 5197 719 5239 vero
768 5192 1026 5256 tanquam
1080 5185 1194 5245 Deo
1241 5187 1433 5258 dignas
1471 5188 1575 5245 soli
1614 5188 1794 5247 Verbo
1839 5190 1936 5246 Dei

328 5273 503 5330 Patris
532 5273 895 5348 deputaverit,
927 5279 1219 5337 anathema
1244 5281 1333 5337 sit.

2041 4732 2263 4805 propria
2289 4731 2453 4788 Verbi
2481 4730 2598 4797 Dei,
2624 4730 2713 4788 cui
2738 4729 2922 4789 omnia
2954 4728 3226 4787 viviﬁcare
3249 4732 3503 4802 possibile
3535 4741 3635 4797 est,

2043 4825 2331 4881 anathema
2360 4824 2449 4879 sit.

2115 4912 2230 4971 ΧΠ.
2262 4912 2320 4970 Si
2349 4914 2470 4985 quis
2500 4929 2607 4971 non
2646 4912 2936 4971 conﬁtetur
2972 4912 3143 4970 Deum
3194 4913 3429 4970 Verbum
3475 4898 3663 4970 came.

2042 5021 2262 5078 passum
2292 5020 2443 5076 esse,
2475 5014 2531 5062 et
2562 5021 2727 5063 carne
2750 5005 3103 5071 cruciﬁxum,
3134 5012 3187 5060 et
3216 5012 3446 5059 mortem
3475 5020 3639 5061 carne

2044 5105 2290 5166 gustasse
2311 5137 2327 5166 ,
2371 5096 2681 5167 factumque
2711 5097 3127 5168 primogenitum
3156 5110 3226 5151 ex
3255 5096 3485 5151 mortuis
3503 5135 3520 5164 ,
3560 5110 3637 5152 se-

2043 5192 2279 5247 cundum
2309 5190 2456 5261 quod
2485 5197 2571 5248 est
2595 5200 2651 5247 et
2677 5190 2816 5260 vita,
2838 5199 2894 5246 et
2915 5186 3215 5245 viviﬁcator
3246 5197 3304 5243 ut
3331 5186 3492 5257 Deus,
3520 5205 3637 5243 atu-

2048 5284 2225 5340 thema
2254 5285 2341 5343 sit.
