4012 6484
386 337 456 412 t’t
526 376 530 380 -
1769 361 2060 422 DlUNYSli
2099 362 2334 422 uxrem
3602 364 3674 419 20

1143 503 2086 746 “utorutor!
2139 583 2792 697 uxrem

768 789 1428 898 EPISTOLZE
1486 791 1779 898 DUAE
1841 795 1967 896 DI

2080 793 2652 900 ΗΑΤΙΟΝΕ
2732 792 3304 903 PASCH/E.

868 1056 1204 1121 EPISTULA
1244 1065 1274 1119 ι’
1287 1067 1454 1120 RIMA
1466 1108 1476 1119 ..

486 1189 704 1234 οειιιντι
757 1195 895 1237 Αρικο
943 1195 1151 1235 cunis-rt
1196 1179 1341 1248 3:25,,
1387 1194 1553 1237 φιλοιιο
1599 1189 1860 1248 Cossum,

969 1265 1276 1306 tnntcrmn
1312 1247 1367 1304 3.

448 1358 680 1415 Domino
734 1360 1079 1425 beatissimo,
1129 1365 1186 1415 et
1235 1360 1457 1415 nimium
1503 1360 1965 1417 desideratissimo

377 1444 526 1507 Patri
560 1450 817 1508 Petronio
846 1454 1120 1523 episcopo,
1153 1453 1436 1525 Dionysius
1460 1453 1714 1523 Exiguus.

453 1545 728 1602 Paschalis
755 1549 877 1602 testi
908 1549 1171 1604 ratio-tem
1192 1589 1205 1612 ,
1239 1563 1400 1618 quam
1429 1550 1722 1604 multorum
1752 1549 1842 1604 diu
1873 1549 1971 1604 fre-

366 1647 609 1708 quenter
633 1652 664 1693 a
695 1639 850 1694 nobis
878 1641 1122 1708 exposcit
1153 1640 1427 1706 instantia,
1477 1655 1618 1695 nunc
1647 1641 1816 1710 adjuti
1843 1657 1968 1711 pre-

372 1728 529 1784 cibus
576 1729 773 1784 vestris
813 1729 1082 1799 explicare
1128 1731 1484 1785 curavimus:
1535 1739 1826 1800 sequentes
1871 1748 1970 1804 per

372 1820 556 1874 omnia
585 1820 971 1874 venerabilium
1003 1828 1372 1876 trecentorum
1404 1830 1460 1876 et
1495 1823 1796 1878 octodecim
1826 1839 1966 1895 pon—

375 1909 614 1974 tiiicum,
643 1911 735 1980 qui
771 1912 911 1981 apud
956 1911 1190 1967 Nicaeam
1232 1913 1507 1968 civitatem
1537 1913 1800 1985 Bithynize
1830 1931 1966 1971 con-

372 2011 459 2058 tra
489 2003 766 2060 vesaniam
794 2005 906 2059 Arii
937 2013 1327 2070 convenerunt,
1363 2007 1530 2062 etiam
1569 2007 1649 2062 rei
1680 2007 1842 2078 hujus
1869 2008 1966 2063 ab-

371 2093 607 2148 solutam
635 2108 930 2166 veramque
968 2099 1294 2151 sententiam
1327 2115 1339 2150 :
1381 2097 1472 2166 qui
1502 2099 1964 2166 quartasdecimas

371 2185 532 2242 lunas
559 2187 828 2257 paschalis
856 2186 1213 2243 observantiae
1241 2201 1337 2259 per
1383 2190 1752 2245 novemdecim
1793 2205 1963 2246 anno-

370 2289 493 2331 rum
522 2277 838 2332 redeuntem
869 2292 1086 2350 semper
1131 2279 1186 2333 in
1216 2293 1274 2334 se
1317 2279 1576 2335 circulum
1607 2281 1828 2337 stabiles
1857 2281 1961 2335 im-

369 2373 658 2436 motasque
686 2365 954 2424 fixerunt:
1006 2385 1129 2440 qua:
1155 2371 1364 2427 cunctis
1392 2372 1602 2429 saeculis
1630 2374 1820 2429 eodem
1851 2389 1960 2446 quo

1999 1075 2050 1133 Α
2081 1067 2324 1139 ejusdem
2373 1071 2676 1140 pontiitets,
2725 1071 2834 1126 imo
2883 1072 3063 1142 potius
3110 1087 3253 1144 stupe
3297 1074 3427 1132 dicti
3473 1077 3666 1134 Μίνωιιί

2074 1161 2311 1223 concilii,
2340 1177 2440 1216 nos
2469 1163 2748 1218 ordinasse
2775 1164 3108 1232 profitemur.

2143 1271 2278 1339 Quia
2307 1287 2438 1328 vero
2468 1281 2684 1328 sanctus
2713 1273 2942 1344 Cyrillus
2970 1276 3201 1345 primum
3227 1278 3443 1351 cyeium
3477 1281 3549 1336 ab
3572 1297 3666 1336 an-

2069 1379 2143 1420 no
2172 1364 2490 1421 Diocletiani
2517 1366 2812 1422 centesimo
2838 1368 3282 1438 quinquagesimo
3301 1373 3459 1428 tertio
3480 1376 3662 1443 cmpit,

2071 1462 2127 1510 ct
2157 1455 2398 1510 ultimum
2450 1457 2503 1510 in
2551 1457 2923 1513 ducentesimo
2972 1461 3384 1530 quadragesimo
3431 1466 3662 1534 septimo

2071 1547 2418 1612 terminavit;
2450 1562 2551 1602 nos
2580 1562 2608 1601 a
2633 1548 3005 1604 ducentesimo
3026 1549 3437 1620 quadragesimo
3467 1562 3661 1610 octavo

2071 1651 2213 1692 anno
2233 1634 2470 1705 ejusdem
2493 1638 2704 1710 tyranni
2729 1639 2906 1708 potius
2926 1654 3087 1709 quam
3109 1643 3366 1712 principis
3390 1643 3660 1698 inchoan-

2071 1734 2174 1796 tes,
2229 1730 2498 1784 noluimus
2550 1730 2763 1786 circulis
2811 1732 3009 1786 nostris
3056 1735 3375 1789 memoriam
3425 1736 3574 1806 impii
3605 1746 3658 1792 et

2071 1820 2430 1889 persecutoris
2480 1821 2797 1887 innectere;
2852 1822 2946 1877 sed
2989 1824 3158 1892 magis
3187 1824 3447 1894 elegimus
3473 1828 3541 1881 ab
3571 1827 3658 1880 iu-

2068 1913 2386 1968 carnatioue
2416 1912 2626 1967 Domini
2649 1913 2818 1968 nostri
2848 1911 2974 1969 Iesu
3003 1914 3206 1970 Christi
3235 1931 3497 1972 annorum
3523 1929 3656 1973 tem-

2067 2019 2201 2074 pora
2249 2014 2600 2074 praenotare:
2652 2015 2919 2075 quatenus
2961 2007 3241 2063 exordium
3289 2011 3404 2079 spei
3460 2021 3655 2066 nostra:

2068 2097 2249 2150 nutius
2271 2097 2428 2150 nobis
2448 2095 2725 2158 existeret,
2753 2107 2807 2152 et
2824 2112 2983 2153 causa
3006 2101 3359 2168 reparationis
3386 2102 3653 2168 humanae,

2067 2185 2119 2240 id
2165 2194 2250 2241 est
2299 2186 2480 2257 passio
2531 2186 2906 2258 Redemptoris
2950 2191 3140 2256 nostri,
3185 2192 3488 2249 evidentius
3533 2195 3652 2250 eiu—

2065 2283 2234 2332 ουτοι.

2099 2365 2251 2421 ‘Huc
2277 2375 2538 2437 pmterca
2581 2369 2838 2425 lectorem
2880 2369 3185 2438 putavimus
3231 2373 3646 2443 admonendum,

368 2466 692 2528 repetuntur
720 2460 842 2532 (aL,
875 2461 1233 2534 reponuntur)
1265 2463 1489 2519 exordio
1536 2463 1652 2520 sine
1681 2465 1957 2521 varietatis
1989 2451 2035 2512 Β
2060 2458 2206 2528 (ιυοά
2243 2459 2475 2514 circulus
2523 2460 2625 2515 iste
2673 2462 2965 2530 nonaginta
3014 2469 3070 2516 et
3110 2464 3348 2532 quinque
3385 2481 3647 2524 annorum

366 2548 620 2605 labuntur
648 2566 898 2607 excursu.
939 2552 1090 2609 lianc
1117 2563 1296 2610 autem
1334 2556 1574 2624 regulam
1605 2558 1816 2628 praefati
1847 2559 1957 2614 cir-

365 2642 472 2696 culi
500 2659 607 2697 non
636 2652 745 2697 tam
773 2645 966 2714 peritia
994 2647 1251 2717 singulari
1289 2661 1451 2717 quam
1501 2649 1680 2704 sancti
1724 2649 1957 2720 Spiritus

365 2733 730 2791 iliustratione
771 2743 1086 2802 sanxerunt,
1136 2747 1192 2793 et
1233 2740 1382 2794 velut
1425 2741 1716 2796 anchoram
1747 2739 1955 2795 ﬁrmam

366 2835 422 2881 et
470 2827 718 2882 stabilem
749 2828 876 2884 huic
920 2826 1118 2885 rationi
1163 2830 1367 2886 lunaris
1407 2830 1758 2887 dimensionis
1787 2845 1956 2904 appo-

365 2921 542 2975 suisse
563 2929 856 2976 cernuntur
881 2939 893 2973 :
922 2935 1082 2990 quam
1112 2923 1454 2992 postmodum
1485 2924 1730 2979 nonnulli
1752 2925 1837 2981 vei
1867 2940 1954 2981 ar-

362 3013 613 3082 rogantia
641 3014 1020 3084 despicientes,
1048 3015 1134 3070 vel
1162 3016 1617 3086 transgredientes
1645 3018 1950 3088 inscientia,

361 3101 601 3159 Judaicis
625 3102 831 3159 inducti
861 3106 1073 3172 fabulis,
1123 3107 1387 3163 diversam
1417 3119 1580 3180 atque
1625 3112 1952 3166 contrariam

362 3194 592 3248 formam
631 3195 936 3252 festivitatis
975 3197 1146 3254 unica:
1176 3199 1528 3256 tradiderunt.
1577 3199 1646 3255 Et
1681 3203 1807 3271 quia
1836 3204 1954 3258 sine

362 3286 696 3343 fundamenti
726 3287 1002 3345 soliditate
1045 3307 1153 3345 non
1183 3300 1365 3362 potest
1391 3300 1660 3348 structura
1686 3291 1791 3348 ulla
1821 3309 1951 3350 con-

363 3378 578 3448 sistere,
623 3379 781 3448 longe
804 3381 960 3437 aliter
989 3382 1041 3437 in
1072 3383 1392 3454 quihusdam
1423 3387 1577 3441 annis
1617 3385 1949 3443 dominicum

363 3466 570 3525 Pascha
603 3478 659 3526 et
686 3470 827 3528 luna:
853 3481 1162 3544 computum
1191 3473 1469 3545 prmligere
1508 3478 1835 3548 maluerunt,
1868 3479 1951 3534 in-

361 3561 643 3618 ordinatos
692 3565 921 3621 circulos
968 3565 1279 3628 ordinantes
1320 3570 1438 3641 (aL,
1489 3571 1825 3644 ordientes):
1856 3572 1948 3643 qui

361 3667 473 3706 non
524 3653 698 3710 solum
745 3655 946 3710 nullam
1006 3672 1257 3716 recursus
1305 3661 1702 3730 stabilitatem,
1758 3676 1946 3720 verum

359 3742 524 3797 etiam
552 3760 767 3800 cursum
798 3745 1092 3816 praeferunt
1119 3763 1303 3806 errore
1331 3751 1648 3808 notabilem.

2066 2561 2228 2621 quem
2271 2551 2514 2618 iecimus,
2561 2567 2686 2608 cum
2733 2552 2886 2607 linito
2926 2556 3252 2623 temporein
3285 2557 3515 2628 idipsutn
3564 2575 3646 2616 re-

2059 2645 2198 2699 verti
2227 2643 2470 2714 eruperit,
2501 2659 2610 2699 non
2637 2658 2737 2714 per
2764 2644 2944 2700 omnia
2976 2647 3312 2716 propositam
3345 2657 3526 2705 teneat
3557 2652 3645 2706 tir-

2058 2735 2321 2790 niitatem.
2362 2732 2494 2789 Nam
2523 2735 2649 2791 licet
2687 2739 2814 2790 anni
2849 2735 3064 2791 Domini
3095 2739 3264 2794 nostri
3292 2737 3419 2796 Iesu
3445 2739 3645 2798 Christi

2059 2827 2308 2882 ordinem
2337 2841 2493 2881 suum
2525 2827 2838 2883 continuata
2885 2828 3026 2884 serie
3052 2829 3380 2898 custodiant,
3432 2841 3487 2887 et
3515 2834 3644 2888 indi-

2057 2921 2267 2976 ctiones
2309 2935 2408 2990 per
2436 2933 2608 2974 annos
2632 2919 2940 2990 quindecim
2986 2922 3143 2976 solita
3185 2924 3522 2980 revolutione
3546 2925 3643 2981 de-

2057 3019 2298 3076 currant,
2345 3017 2564 3081 epactas
2591 3009 2776 3075 etiam,
2829 3025 2963 3081 quas
2991 3011 3164 3067 Graeci
3192 3021 3411 3080 vocant,
3461 3015 3514 3068 id
3560 3023 3641 3071 est

2057 3101 2388 3172 adjectiones
2433 3117 2640 3157 annuas
2689 3103 2906 3158 lunares
2944 3104 3212 3171 undecim,
3260 3120 3381 3175 quae
3425 3107 3640 3176 triginta

2055 3193 2260 3249 dierum
2295 3191 2400 3248 line
2428 3192 2481 3247 in
2509 3207 2570 3248 se
2611 3192 2859 3263 redeunt,
2890 3194 3009 3249 lixis
3034 3196 3232 3265 regulis
3263 3198 3503 3253 invenias
3541 3199 3640 3254 ad-

2055 3291 2307 3350 notatas,
2353 3283 2899 3339 decemnovennalem
2949 3300 3166 3357 quoque
3222 3303 3500 3343 recursum
3527 3328 3542 3353 ,
3586 3299 3639 3345 et

2053 3375 2336 3447 paschales
2397 3372 2855 3444 quartasdecimas
2911 3375 3066 3432 lunas
3124 3377 3342 3433 easdem
3397 3379 3636 3434 omnium

2051 3481 2291 3524 :evorum
2323 3468 2662 3524 revolutione
2688 3467 2927 3538 reperias
2953 3485 2967 3522 :
3000 3477 3180 3524 tamen
3221 3480 3466 3525 tenorem
3491 3472 3634 3527 simi-

2050 3558 2160 3616 lem
2206 3557 2527 3616 constantia:
2590 3564 2868 3629 nequeunt
2929 3559 3203 3616 custodire
3253 3569 3638 3618 concurrentes

2051 3651 2167 3708 dies
2195 3650 2616 3718 hebdomadam,
2646 3658 2702 3706 et
2729 3650 2850 3707 dies
2878 3647 3102 3708 Pascha:
3139 3651 3376 3722 Domini,
3406 3653 3639 3725 lunaque

2051 3742 2220 3813 ipsius
2266 3741 2374 3796 diei
2405 3741 2688 3797 Dominici.
2741 3739 3192 3798 Concurrentium
3222 3752 3401 3798 autem
3435 3745 3632 3801 hebdoo

449 3832 559 3889 Sed
616 3833 992 3892 Alexandrinis
1050 3839 1197 3894 urbis
1251 3842 1691 3914 archiepiscopus
1753 3843 1946 3902 beatus
1971 3831 2019 3895 C
2050 3834 2266 3891 madum
2290 3833 2410 3908 (aL,
2432 3842 2639 3904 septem
2659 3832 2890 3905 dierum)
2913 3835 3074 3899 ratio,
3098 3849 3216 3904 qua:
3237 3836 3303 3889 de
3323 3836 3452 3891 solis
3477 3853 3635 3892 cursu

359 3923 707 3992 Athanasius,
726 3927 815 3996 qui
843 3929 1004 3984 etiam
1033 3929 1148 3999 ipse
1177 3931 1294 4000 (aL,
1330 3940 1387 3988 et
1415 3933 1551 4005 ipse)
1570 3931 1784 3991 Nicaeno
1814 3949 1946 3993 con—

356 4013 484 4069 cilio
512 4021 640 4070 tunc
665 4017 836 4073 sancti
865 4018 1156 4077 Alexandri
1182 4023 1452 4092 ponlilicis
1478 4025 1739 4082 diaconus
1757 4067 1771 4093 ,
1804 4037 1860 4083 et
1889 4027 1944 4084 in

355 4107 606 4164 omnibus
635 4108 851 4180 adjutor
887 4111 1166 4184 interfuit;
1217 4123 1273 4172 et
1319 4117 1575 4187 deinceps
1619 4121 1946 4179 venerabilis

355 4192 708 4270 Theophilus,
761 4210 817 4259 et
862 4201 1113 4276 Cyrillus,
1162 4207 1231 4263 ab
1272 4207 1373 4264 hac
1417 4209 1607 4281 synodi
1636 4212 1943 4268 veneranda

353 4292 744 4350 constitutione
782 4295 1004 4351 minime
1052 4297 1412 4355 descit'erunt.
1442 4299 1555 4356 imo
1585 4301 1763 4372 potius
1786 4318 1943 4358 eum-

355 4383 479 4438 dem
500 4384 1048 4444 decemnovennalem
1070 4391 1351 4460 circulum,
1377 4393 1468 4465 qui
1488 4393 1947 4452 Enneacaidecae-

352 4475 524 4530 terida
551 4474 739 4533 Graeco
764 4479 1413 4554 vocabulo'nuncupatur,
1447 4486 1676 4541 sollicite
1705 4488 1944 4544 retinen-

351 4574 457 4634 tes,
487 4569 795 4639 paschalem
825 4586 1042 4627 cursum
1082 4573 1242 4629 nullis
1269 4577 1668 4633 diversitatibns
1695 4579 1941 4649 interpo-

350 4659 494 4717 lasse
520 4671 909 4718 monstrantur.
939 4663 1080 4736 Papa
1112 4667 1343 4738 denique
1369 4667 1698 4740 Theophilus
1725 4679 1942 4728 centum

349 4766 618 4806 annorum
664 4768 879 4808 cursum
927 4740 1234 4812 'l‘heodOsio
1278 4758 1480 4814 seniori
1520 4760 1747 4832 principi
1792 4761 1942 4816 dedi-

348 4853 499 4906 cans,
526 4848 582 4895 et
605 4848 826 4897 sanctus
844 4841 1075 4914 Cyrillus
1093 4845 1301 4915 cyclum
1325 4854 1625 4917 temporum
1649 4849 1940 4920 nonaginta

347 4939 406 4987 et
434 4935 673 5005 quinque
702 4945 968 4990 annorum
1009 4949 1372 5008 componens,
1423 4939 1565 4995 hanc
1592 4942 1764 4996 sancti
1811 4955 1942 4997 con-

347 5024 456 5078 cilii
488 5025 832 5081 traditionem
862 5024 929 5080 ad
967 5025 1332 5084 observandas
1367 5031 1824 5101 quartasdccimas
1858 5032 1940 5088 iu-

347 5132 446 5171 nas
475 5117 757 5188 paschales
793 5133 891 5189 per
918 5118 1098 5174 omnia
1135 5130 1508 5177 servaverunt.
1560 5121 1627 5177 Et
1669 5123 1792 5193 quia
1823 5132 1940 5178 stu-

2047 3927 2314 3999 provenit,
2343 3932 2567 3995 septeno
2595 3923 2716 3997 (aL,
2739 3923 2966 3996 septem)
2990 3939 3252 3979 annorum
3270 3924 3381 3994 jugi
3411 3927 3636 3983 circuitu

2047 4018 2386 4074 terminatur.
2427 4015 2486 4071 ln
2527 4028 2634 4085 quo
2662 4029 2761 4085 per
2783 4029 2955 4070 annos
2983 4013 3221 4084 singulos
3248 4032 3412 4070 unum
3445 4033 3636 4073 nume-

2047 4123 2170 4164 rare
2217 4105 2469 4172 curabis;
2519 4106 2572 4160 in
2619 4119 2686 4161 eo
2716 4105 3090 4160 tantummodo
3128 4121 3273 4161 anno
3313 4106 3365 4160 in
3395 4123 3502 4177 quo
3533 4109 3632 4163 bis-

2047 4211 2231 4259 sextus
2255 4201 2437 4266 fherit,
2479 4199 2614 4254 duos
2643 4197 2899 4268 adjicies;
2948 4213 3068 4269 qum
3096 4211 3256 4254 causa
3296 4199 3461 4254 etiam
3508 4200 3633 4256 facit

2046 4303 2107 4351 ut
2134 4307 2242 4351 non
2281 4309 2378 4364 per
2408 4292 2590 4348 omnia
2633 4291 2864 4347 circulus
2910 4291 3012 4347 iste
3058 4293 3346 4360 nonaginta
3398 4293 3634 4364 quinque

2046 4401 2310 4442 annorum
2337 4399 2435 4440 suo
2464 4383 2703 4439 recursui
2724 4383 3042 4440 concordari
3063 4383 3326 4439 videatur.
3353 4383 3486 4440 Nam
3508 4399 3632 4442 cum

2047 4477 2102 4532 in
2132 4476 2343 4531 czeteris
2371 4475 2529 4530 annis
2553 4489 2659 4529 non
2689 4473 2996 4544 dissentiat,
3041 4475 3094 4530 in
3125 4474 3230 4531 illis
3259 4477 3388 4532 satis
3417 4477 3470 4532 in
3510 4479 3632 4548 qui-

2046 4571 2146 4626 bus
2168 4586 2227 4627 se
2253 4570 2522 4625 bissextus
2550 4568 2842 4635 interserit,
2886 4567 3088 4623 Pascha
3133 4568 3460 4624 dominicum
3509 4584 3632 4625 cum

2044 4678 2139 4718 sua
2170 4662 2294 4715 luna
2322 4661 2473 4716 vario
2519 4659 2682 4714 modo
2727 4658 2956 4715 rationis
2985 4661 3238 4714 occun'it.
3295 4658 3401 4715 Sed
3431 4660 3486 4716 hi
3540 4662 3631 4730 qui

2045 4753 2234 4808 ordine
2258 4751 2364 4808 iixo
2392 4766 2490 4822 per
2518 4751 2699 4807 omnia
2730 4749 3024 4806 decurrunt
3053 4756 3320 4821 tempora,
3353 4750 3632 4842 mobilium

2046 4857 2267 4902 casuum
2322 4857 2417 4898 sua
2475 4841 2656 4900 stabili
2707 4841 3028 4898 circuitione
3076 4841 3195 4896 sine
3247 4841 3354 4897 ulla
3404 4841 3631 4914 pessum

2043 4934 2360 4992 difﬁcultate
2388 4933 2643 5003 dirigere.
2675 4931 2743 4987 Et
2765 4933 2886 4989 ideo
2916 4941 3041 5003 post
3069 4933 3432 5004 expietionem
3467 4948 3631 4989 nona-

2044 5029 2192 5097 ginta
2219 5027 2457 5096 quinque
2483 5039 2766 5088 annorum,
2817 5039 2940 5079 cum
2971 5024 3161 5080 harum
3190 5039 3371 5080 rerum
3404 5026 3658 5094 dil‘igcns'

2045 5119 2111 5174 ad
2155 5117 2435 5174 exordium
2485 5115 2666 5171 redire
2701 5115 2952 5181 voluerit,
3001 5131 3107 5171 non
3158 5115 3227 5171 ad
3257 5117 3502 5185 quintum
3534 5134 3628 5187 cy-

348 5205 540 5272 diosis,
585 5214 642 5262 et
686 5205 1052 5277 qumrentibus
1081 5209 1221 5265 scire
1247 5211 1392 5280 quod
1427 5225 1608 5267 verum
1635 5223 1740 5280 est,
1777 5213 1940 5269 debet
1966 5209 2015 5270 D
2041 5209 2182 5264 cium
2213 5207 2385 5264 sancti
2415 5206 2618 5279 Cyrilli,
2652 5221 2812 5277 quem
2835 5205 2992 5261 nobis
3016 5209 3318 5262 necessario
3344 5209 3628 5278 proposui-

347 5295 588 5364 ejusdem
609 5297 794 5353 circuli
808 5299 994 5368 regula
1017 5298 1174 5356 ﬁxius
1193 5301 1483 5368 inhaerere,
1509 5304 1648 5359 hanc
1667 5313 1789 5374 post
1809 5320 1935 5374 pra:-

350 5389 606 5444 fationem
629 5397 866 5446 nostram
887 5391 1218 5449 credidimus
1243 5395 1636 5450 ascribendam.
1671 5397 1933 5466 Nonagin-

348 5491 399 5535 ta
429 5481 668 5554 quinque
699 5491 880 5538 autem
903 5499 1168 5540 annorum
1199 5487 1344 5542 hunc
1384 5487 1592 5558 cycium
1617 5488 1797 5542 studio
1825 5503 1933 5557 quo

349 5571 612 5629 valuimus
640 5572 896 5644 expedire
940 5577 1355 5634 contendimus:
1404 5578 1652 5633 ultimum
1689 5578 1930 5648 ejusdem

347 5664 490 5720 beati
517 5662 724 5736 Cyrilii,
760 5663 814 5719 id
841 5672 926 5721 est
951 5665 1198 5735 quintum
1228 5665 1511 5734 circulum,
1541 5669 1666 5739 quia
1692 5685 1788 5725 sex
1829 5673 1898 5724 ad
1925 5707 1930 5710 -

344 5755 450 5812 huc
473 5770 545 5812 ex
571 5770 642 5812 eo
669 5756 796 5811 anni
822 5766 1160 5828 supererant,
1191 5759 1246 5814 in
1274 5769 1461 5817 nostro
1481 5762 1584 5818 hoc
1605 5777 1770 5834 opere
1793 5778 1926 5832 prae-

347 5847 618 5905 ferentes:
668 5863 732 5905 ac
769 5847 966 5907 deinde
1010 5850 1247 5916 quinqne
1294 5852 1430 5911 alios
1481 5852 1624 5927 juxta
1679 5869 1924 5911 normam

2041 5317 2179 5366 mus,
2213 5299 2306 5356 sed
2327 5299 2395 5353 ad
2425 5305 2666 5354 nostrum
2689 5298 2919 5367 primum
2949 5298 3234 5366 vigilanter
3255 5308 3542 5364 excurrat;
3575 5310 3627 5354 ct

2043 5393 2255 5458 ordine,
2281 5408 2389 5463 quo
2418 5391 2670 5457 diximus,
2701 5406 2799 5461 per
2827 5407 2920 5447 eos
2949 5391 3039 5461 qui
3065 5391 3274 5444 firmum
3302 5408 3517 5447 cursum
3542 5411 3626 5448 rc-

2038 5486 2236 5552 tinent,
2283 5499 2471 5540 eorum
2515 5497 2882 5553 progressum,
2934 5483 3027 5551 qui
3075 5481 3325 5537 videntur
3369 5484 3622 5550 titubare,

2035 5585 2321 5634 sustentet.

2109 5668 2240 5723 illud
2271 5683 2487 5738 quoque
2511 5684 2618 5723 non
2647 5665 2842 5722 minori
2871 5680 2999 5720 cura
3022 5665 3314 5721 notandum
3345 5683 3462 5724 esse
3491 5684 3622 5723 cen-

2039 5762 2263 5823 suimus,
2295 5776 2363 5814 tte
2385 5760 2438 5814 in
2468 5759 2625 5830 primi
2657 5758 2852 5812 mensis
2881 5758 3154 5825 agnitione
3182 5758 3448 5814 fallamur.
3487 5759 3622 5815 Hinc

2037 5853 2180 5910 enim
2207 5865 2344 5916 pene
2373 5859 2595 5906 cunctus
2624 5863 2773 5905 error
2803 5846 3172 5918 discrepantia:
3200 5848 3464 5919 paschalis
3492 5865 3620 5905 exo-
