  <div class='ocr_page' id='page_1' title='image "/cluster/home/n/w/nwhite01/storage/ocr_20150623/67/umn.31951002477360y/024.png"; bbox 0 0 4012 6482; ppageno 0'>
   <div class='ocr_carea' id='block_1_1' title="bbox 246 318 3544 393">
    <p class='ocr_par' dir='ltr' id='par_1_1' title="bbox 246 318 3544 393">
     <span class='ocr_line' id='line_1_1' title="bbox 246 318 3544 393; baseline -0.001 0"><span class='ocrx_word' id='word_1_1' title='bbox 246 318 318 393; x_wconf 70' lang='lat' dir='ltr'><strong>si</strong></span> <span class='ocrx_word' id='word_1_2' title='bbox 1196 372 1209 379; x_wconf 83' lang='lat'><strong>-</strong></span> <span class='ocrx_word' id='word_1_3' title='bbox 1308 331 1647 393; x_wconf 68' lang='lat' dir='ltr'><strong>EPISTOLA</strong></span> <span class='ocrx_word' id='word_1_4' title='bbox 1682 330 1711 391; x_wconf 81' lang='lat' dir='ltr'><strong>t</strong></span> <span class='ocrx_word' id='word_1_5' title='bbox 1741 331 1828 390; x_wconf 85' lang='lat' dir='ltr'><strong>DE</strong></span> <span class='ocrx_word' id='word_1_6' title='bbox 1866 330 2161 391; x_wconf 70' lang='lat' dir='ltr'><strong>RATIONE</strong></span> <span class='ocrx_word' id='word_1_7' title='bbox 2199 330 2515 392; x_wconf 60' lang='lat' dir='ltr'><strong>pascua.</strong></span> <span class='ocrx_word' id='word_1_8' title='bbox 3480 335 3544 391; x_wconf 63' lang='grc' dir='ltr'>ξε</span> 
     </span>
    </p>
   </div>
   <div class='ocr_carea' id='block_1_2' title="bbox 250 416 3547 527">
    <p class='ocr_par' dir='ltr' id='par_1_2' title="bbox 250 416 3547 527">
     <span class='ocr_line' id='line_1_2' title="bbox 250 416 3547 527; baseline -0.001 -13"><span class='ocrx_word' id='word_1_9' title='bbox 250 455 415 522; x_wconf 76' lang='lat' dir='ltr'><strong>ritur,</strong></span> <span class='ocrx_word' id='word_1_10' title='bbox 460 453 597 519; x_wconf 72' lang='lat' dir='ltr'><strong>dum</strong></span> <span class='ocrx_word' id='word_1_11' title='bbox 639 452 902 527; x_wconf 82' lang='lat' dir='ltr'><strong>temporis</strong></span> <span class='ocrx_word' id='word_1_12' title='bbox 946 451 1161 510; x_wconf 85' lang='lat' dir='ltr'><strong>initium</strong></span> <span class='ocrx_word' id='word_1_13' title='bbox 1209 453 1507 525; x_wconf 75' lang='lat' dir='ltr'><strong>ignoratur.</strong></span> <span class='ocrx_word' id='word_1_14' title='bbox 1545 451 1682 510; x_wconf 84' lang='lat' dir='ltr'><strong>Nam</strong></span> <span class='ocrx_word' id='word_1_15' title='bbox 1729 466 1852 510; x_wconf 87' lang='lat' dir='ltr'><strong>cum</strong></span> <span class='ocrx_word' id='word_1_16' title='bbox 1881 452 1933 516; x_wconf 76' lang='grc' dir='ltr'>Α</span> <span class='ocrx_word' id='word_1_17' title='bbox 1959 452 2232 510; x_wconf 75' lang='lat' dir='ltr'><strong>sententia</strong></span> <span class='ocrx_word' id='word_1_18' title='bbox 2268 453 2694 526; x_wconf 78' lang='lat' dir='ltr'><strong>comprobatur:</strong></span> <span class='ocrx_word' id='word_1_19' title='bbox 2727 453 2841 526; x_wconf 85' lang='lat' dir='ltr'><strong>qui,</strong></span> <span class='ocrx_word' id='word_1_20' title='bbox 2879 451 3035 526; x_wconf 80' lang='lat' dir='ltr'><strong>juxta</strong></span> <span class='ocrx_word' id='word_1_21' title='bbox 3075 452 3220 511; x_wconf 82' lang='lat' dir='ltr'><strong>hanc</strong></span> <span class='ocrx_word' id='word_1_22' title='bbox 3262 451 3547 527; x_wconf 62' lang='lat' dir='ltr'><strong>Egyptio-</strong></span> 
     </span>
    </p>
   </div>
   <div class='ocr_carea' id='block_1_3' title="bbox 252 545 1863 625">
    <p class='ocr_par' dir='ltr' id='par_1_3' title="bbox 252 545 1863 625">
     <span class='ocr_line' id='line_1_3' title="bbox 252 545 1863 625; baseline -0.001 -23"><span class='ocrx_word' id='word_1_23' title='bbox 252 547 517 603; x_wconf 71' lang='lat' dir='ltr'><strong>heminas</strong></span> <span class='ocrx_word' id='word_1_24' title='bbox 545 548 893 625; x_wconf 83' lang='lat' dir='ltr'><strong>omnipotens</strong></span> <span class='ocrx_word' id='word_1_25' title='bbox 926 545 1070 603; x_wconf 87' lang='lat' dir='ltr'><strong>hanc</strong></span> <span class='ocrx_word' id='word_1_26' title='bbox 1102 547 1519 603; x_wconf 90' lang='lat' dir='ltr'><strong>sacratissimam</strong></span> <span class='ocrx_word' id='word_1_27' title='bbox 1546 546 1863 603; x_wconf 71' lang='lat' dir='ltr'><strong>solemnita~</strong></span> 
     </span>
    </p>
   </div>
   <div class='ocr_carea' id='block_1_4' title="bbox 248 638 1855 715">
    <p class='ocr_par' dir='ltr' id='par_1_4' title="bbox 248 638 1855 715">
     <span class='ocr_line' id='line_1_4' title="bbox 248 638 1855 715; baseline -0.001 -17"><span class='ocrx_word' id='word_1_28' title='bbox 248 647 361 699; x_wconf 85' lang='lat' dir='ltr'><strong>tem</strong></span> <span class='ocrx_word' id='word_1_29' title='bbox 391 641 779 700; x_wconf 67' lang='lat' dir='ltr'><strong>celebrandam</strong></span> <span class='ocrx_word' id='word_1_30' title='bbox 808 638 931 698; x_wconf 79' lang='lat' dir='ltr'><strong>ﬁliis</strong></span> <span class='ocrx_word' id='word_1_31' title='bbox 955 640 1142 710; x_wconf 85' lang='lat' dir='ltr'><strong>Israel,</strong></span> <span class='ocrx_word' id='word_1_32' title='bbox 1178 642 1269 713; x_wconf 90' lang='lat' dir='ltr'><strong>qui</strong></span> <span class='ocrx_word' id='word_1_33' title='bbox 1299 657 1367 698; x_wconf 85' lang='lat' dir='ltr'><strong>ex</strong></span> <span class='ocrx_word' id='word_1_34' title='bbox 1397 640 1652 715; x_wconf 69' lang='lat' dir='ltr'><strong>Egyptia</strong></span> <span class='ocrx_word' id='word_1_35' title='bbox 1683 640 1855 698; x_wconf 86' lang='lat' dir='ltr'><strong>servi-</strong></span> 
     </span>
    </p>
   </div>
   <div class='ocr_carea' id='block_1_5' title="bbox 246 732 1854 802">
    <p class='ocr_par' dir='ltr' id='par_1_5' title="bbox 246 732 1854 802">
     <span class='ocr_line' id='line_1_5' title="bbox 246 732 1854 802; baseline -0.001 -11"><span class='ocrx_word' id='word_1_36' title='bbox 246 744 367 791; x_wconf 80' lang='lat' dir='ltr'><strong>tute</strong></span> <span class='ocrx_word' id='word_1_37' title='bbox 411 733 821 802; x_wconf 76' lang='lat' dir='ltr'><strong>liberabantur,</strong></span> <span class='ocrx_word' id='word_1_38' title='bbox 857 732 1141 800; x_wconf 85' lang='lat' dir='ltr'><strong>indiceret,</strong></span> <span class='ocrx_word' id='word_1_39' title='bbox 1195 734 1272 789; x_wconf 88' lang='lat' dir='ltr'><strong>ait</strong></span> <span class='ocrx_word' id='word_1_40' title='bbox 1316 736 1370 790; x_wconf 89' lang='lat' dir='ltr'><strong>in</strong></span> <span class='ocrx_word' id='word_1_41' title='bbox 1413 734 1552 789; x_wconf 88' lang='lat' dir='ltr'><strong>libro</strong></span> <span class='ocrx_word' id='word_1_42' title='bbox 1582 732 1755 790; x_wconf 84' lang='lat' dir='ltr'><strong>Exodi</strong></span> <span class='ocrx_word' id='word_1_43' title='bbox 1785 733 1854 789; x_wconf 91' lang='lat' dir='ltr'><strong>ad</strong></span> 
     </span>
    </p>
   </div>
   <div class='ocr_carea' id='block_1_6' title="bbox 248 824 1854 899">
    <p class='ocr_par' dir='ltr' id='par_1_6' title="bbox 248 824 1854 899">
     <span class='ocr_line' id='line_1_6' title="bbox 248 824 1854 899; baseline -0.001 -17"><span class='ocrx_word' id='word_1_44' title='bbox 248 826 476 898; x_wconf 72' lang='lat' dir='ltr'><strong>Moysen</strong></span> <span class='ocrx_word' id='word_1_45' title='bbox 510 833 565 883; x_wconf 85' lang='lat' dir='ltr'><strong>et</strong></span> <span class='ocrx_word' id='word_1_46' title='bbox 596 826 779 882; x_wconf 83' lang='lat' dir='ltr'><strong>Aaron</strong></span> <span class='ocrx_word' id='word_1_47' title='bbox 806 828 859 882; x_wconf 87' lang='lat' dir='ltr'><strong>in</strong></span> <span class='ocrx_word' id='word_1_48' title='bbox 880 835 1026 883; x_wconf 87' lang='lat' dir='ltr'><strong>terra</strong></span> <span class='ocrx_word' id='word_1_49' title='bbox 1058 825 1276 899; x_wconf 58' lang='lat' dir='ltr'><strong>{Egypti</strong></span> <span class='ocrx_word' id='word_1_50' title='bbox 1302 844 1315 880; x_wconf 90' lang='lat'><strong>:</strong></span> <span class='ocrx_word' id='word_1_51' title='bbox 1347 824 1544 882; x_wconf 79' lang='lat' dir='ltr'><strong>Mensis</strong></span> <span class='ocrx_word' id='word_1_52' title='bbox 1580 827 1678 882; x_wconf 89' lang='lat' dir='ltr'><strong>iste</strong></span> <span class='ocrx_word' id='word_1_53' title='bbox 1706 828 1854 897; x_wconf 84' lang='lat' dir='ltr'><strong>prin-</strong></span> 
     </span>
    </p>
   </div>
   <div class='ocr_carea' id='block_1_7' title="bbox 248 917 1850 991">
    <p class='ocr_par' dir='ltr' id='par_1_7' title="bbox 248 917 1850 991">
     <span class='ocr_line' id='line_1_7' title="bbox 248 917 1850 991; baseline 0 -18"><span class='ocrx_word' id='word_1_54' title='bbox 248 920 442 991; x_wconf 77' lang='lat' dir='ltr'><strong>cipium</strong></span> <span class='ocrx_word' id='word_1_55' title='bbox 470 920 746 986; x_wconf 86' lang='lat' dir='ltr'><strong>mensium,</strong></span> <span class='ocrx_word' id='word_1_56' title='bbox 778 921 976 991; x_wconf 85' lang='lat' dir='ltr'><strong>primus</strong></span> <span class='ocrx_word' id='word_1_57' title='bbox 1001 920 1099 975; x_wconf 88' lang='lat' dir='ltr'><strong>erit</strong></span> <span class='ocrx_word' id='word_1_58' title='bbox 1127 922 1181 974; x_wconf 90' lang='lat' dir='ltr'><strong>in</strong></span> <span class='ocrx_word' id='word_1_59' title='bbox 1205 917 1467 974; x_wconf 76' lang='lat' dir='ltr'><strong>mensibus</strong></span> <span class='ocrx_word' id='word_1_60' title='bbox 1493 919 1620 973; x_wconf 89' lang='lat' dir='ltr'><strong>anni</strong></span> <span class='ocrx_word' id='word_1_61' title='bbox 1652 918 1850 989; x_wconf 74' lang='lat' dir='ltr'><strong>(Exod.</strong></span> 
     </span>
    </p>
   </div>
   <div class='ocr_carea' id='block_1_8' title="bbox 250 1009 1855 1081">
    <p class='ocr_par' dir='ltr' id='par_1_8' title="bbox 250 1009 1855 1081">
     <span class='ocr_line' id='line_1_8' title="bbox 250 1009 1855 1081; baseline 0.001 -15"><span class='ocrx_word' id='word_1_62' title='bbox 250 1026 343 1075; x_wconf 80' lang='lat' dir='ltr'><strong>xn,</strong></span> <span class='ocrx_word' id='word_1_63' title='bbox 366 1009 449 1081; x_wconf 72' lang='grc'><strong>2).</strong></span> <span class='ocrx_word' id='word_1_64' title='bbox 482 1011 727 1081; x_wconf 83' lang='lat' dir='ltr'><strong>Itemque</strong></span> <span class='ocrx_word' id='word_1_65' title='bbox 756 1011 957 1067; x_wconf 81' lang='lat' dir='ltr'><strong>ibidem</strong></span> <span class='ocrx_word' id='word_1_66' title='bbox 987 1032 998 1065; x_wconf 92' lang='lat'>:</span> <span class='ocrx_word' id='word_1_67' title='bbox 1027 1011 1226 1076; x_wconf 84' lang='lat' dir='ltr'><strong>Primo,</strong></span> <span class='ocrx_word' id='word_1_68' title='bbox 1260 1012 1454 1081; x_wconf 87' lang='lat' dir='ltr'><strong>inquit,</strong></span> <span class='ocrx_word' id='word_1_69' title='bbox 1481 1028 1674 1079; x_wconf 91' lang='lat' dir='ltr'><strong>mense,</strong></span> <span class='ocrx_word' id='word_1_70' title='bbox 1712 1012 1855 1067; x_wconf 84' lang='lat' dir='ltr'><strong>deci-</strong></span> 
     </span>
    </p>
   </div>
   <div class='ocr_carea' id='block_1_9' title="bbox 247 1101 1852 1173">
    <p class='ocr_par' dir='ltr' id='par_1_9' title="bbox 247 1101 1852 1173">
     <span class='ocr_line' id='line_1_9' title="bbox 247 1101 1852 1173; baseline -0.002 -15"><span class='ocrx_word' id='word_1_71' title='bbox 247 1117 331 1158; x_wconf 78' lang='lat' dir='ltr'><strong>mo</strong></span> <span class='ocrx_word' id='word_1_72' title='bbox 354 1111 549 1173; x_wconf 87' lang='lat' dir='ltr'><strong>quarto</strong></span> <span class='ocrx_word' id='word_1_73' title='bbox 572 1103 655 1158; x_wconf 87' lang='lat' dir='ltr'><strong>die</strong></span> <span class='ocrx_word' id='word_1_74' title='bbox 682 1105 875 1158; x_wconf 80' lang='lat' dir='ltr'><strong>mensis</strong></span> <span class='ocrx_word' id='word_1_75' title='bbox 905 1104 975 1157; x_wconf 87' lang='lat' dir='ltr'><strong>ad</strong></span> <span class='ocrx_word' id='word_1_76' title='bbox 1012 1120 1277 1167; x_wconf 83' lang='lat' dir='ltr'><strong>vesperum</strong></span> <span class='ocrx_word' id='word_1_77' title='bbox 1320 1101 1597 1157; x_wconf 78' lang='lat' dir='ltr'><strong>comedetis</strong></span> <span class='ocrx_word' id='word_1_78' title='bbox 1644 1118 1852 1173; x_wconf 81' lang='lat' dir='ltr'><strong>azyma,</strong></span> 
     </span>
    </p>
   </div>
   <div class='ocr_carea' id='block_1_10' title="bbox 244 1192 1857 1265">
    <p class='ocr_par' dir='ltr' id='par_1_10' title="bbox 244 1192 1857 1265">
     <span class='ocr_line' id='line_1_10' title="bbox 244 1192 1857 1265; baseline -0.001 -18"><span class='ocrx_word' id='word_1_79' title='bbox 244 1200 408 1263; x_wconf 73' lang='lat' dir='ltr'><strong>usque</strong></span> <span class='ocrx_word' id='word_1_80' title='bbox 453 1194 529 1247; x_wconf 86' lang='lat' dir='ltr'><strong>ad</strong></span> <span class='ocrx_word' id='word_1_81' title='bbox 575 1194 877 1264; x_wconf 70' lang='lat' dir='ltr'><strong>vigesimum</strong></span> <span class='ocrx_word' id='word_1_82' title='bbox 924 1195 1147 1264; x_wconf 80' lang='lat' dir='ltr'><strong>primunt</strong></span> <span class='ocrx_word' id='word_1_83' title='bbox 1194 1193 1427 1265; x_wconf 78' lang='lat' dir='ltr'><strong>ejusdem</strong></span> <span class='ocrx_word' id='word_1_84' title='bbox 1475 1192 1546 1247; x_wconf 89' lang='lat' dir='ltr'><strong>ad</strong></span> <span class='ocrx_word' id='word_1_85' title='bbox 1587 1208 1857 1264; x_wconf 80' lang='lat' dir='ltr'><strong>vesperum</strong></span> 
     </span>
    </p>
   </div>
   <div class='ocr_carea' id='block_1_11' title="bbox 246 1281 1857 1355">
    <p class='ocr_par' dir='ltr' id='par_1_11' title="bbox 246 1281 1857 1355">
     <span class='ocr_line' id='line_1_11' title="bbox 246 1281 1857 1355; baseline -0.002 -16"><span class='ocrx_word' id='word_1_86' title='bbox 246 1282 445 1355; x_wconf 81' lang='lat' dir='ltr'><strong>(lbid.,</strong></span> <span class='ocrx_word' id='word_1_87' title='bbox 479 1283 594 1354; x_wconf 72' lang='lat'><strong>18).</strong></span> <span class='ocrx_word' id='word_1_88' title='bbox 636 1284 692 1339; x_wconf 90' lang='lat' dir='ltr'><strong>ln</strong></span> <span class='ocrx_word' id='word_1_89' title='bbox 724 1284 1146 1339; x_wconf 89' lang='lat' dir='ltr'><strong>Deuteronomio</strong></span> <span class='ocrx_word' id='word_1_90' title='bbox 1175 1297 1391 1354; x_wconf 82' lang='lat' dir='ltr'><strong>quoque</strong></span> <span class='ocrx_word' id='word_1_91' title='bbox 1413 1282 1554 1338; x_wconf 88' lang='lat' dir='ltr'><strong>idem</strong></span> <span class='ocrx_word' id='word_1_92' title='bbox 1576 1281 1857 1353; x_wconf 82' lang='lat' dir='ltr'><strong>legislator</strong></span> 
     </span>
    </p>
   </div>
   <div class='ocr_carea' id='block_1_12' title="bbox 248 1377 1849 1450">
    <p class='ocr_par' dir='ltr' id='par_1_12' title="bbox 248 1377 1849 1450">
     <span class='ocr_line' id='line_1_12' title="bbox 248 1377 1849 1450; baseline -0.002 -17"><span class='ocrx_word' id='word_1_93' title='bbox 248 1378 468 1448; x_wconf 74' lang='lat' dir='ltr'><strong>Moyses</strong></span> <span class='ocrx_word' id='word_1_94' title='bbox 507 1378 584 1435; x_wconf 86' lang='lat' dir='ltr'><strong>ita</strong></span> <span class='ocrx_word' id='word_1_95' title='bbox 617 1380 870 1450; x_wconf 83' lang='lat' dir='ltr'><strong>populum</strong></span> <span class='ocrx_word' id='word_1_96' title='bbox 909 1379 977 1434; x_wconf 91' lang='lat' dir='ltr'><strong>de</strong></span> <span class='ocrx_word' id='word_1_97' title='bbox 1021 1379 1123 1435; x_wconf 85' lang='lat' dir='ltr'><strong>hac</strong></span> <span class='ocrx_word' id='word_1_98' title='bbox 1166 1393 1227 1434; x_wconf 91' lang='lat' dir='ltr'><strong>re</strong></span> <span class='ocrx_word' id='word_1_99' title='bbox 1272 1388 1585 1434; x_wconf 88' lang='lat' dir='ltr'><strong>commonet</strong></span> <span class='ocrx_word' id='word_1_100' title='bbox 1623 1377 1849 1433; x_wconf 85' lang='lat' dir='ltr'><strong>dicens:</strong></span> 
     </span>
    </p>
   </div>
   <div class='ocr_carea' id='block_1_13' title="bbox 248 1468 1854 1542">
    <p class='ocr_par' dir='ltr' id='par_1_13' title="bbox 248 1468 1854 1542">
     <span class='ocr_line' id='line_1_13' title="bbox 248 1468 1854 1542; baseline -0.001 -17"><span class='ocrx_word' id='word_1_101' title='bbox 248 1468 485 1526; x_wconf 77' lang='lat' dir='ltr'><strong>Observa</strong></span> <span class='ocrx_word' id='word_1_102' title='bbox 536 1487 763 1527; x_wconf 88' lang='lat' dir='ltr'><strong>mensem</strong></span> <span class='ocrx_word' id='word_1_103' title='bbox 810 1485 1063 1525; x_wconf 79' lang='lat' dir='ltr'><strong>novarum</strong></span> <span class='ocrx_word' id='word_1_104' title='bbox 1103 1472 1331 1542; x_wconf 76' lang='lat' dir='ltr'><strong>frugum,</strong></span> <span class='ocrx_word' id='word_1_105' title='bbox 1381 1478 1431 1525; x_wconf 90' lang='lat' dir='ltr'><strong>et</strong></span> <span class='ocrx_word' id='word_1_106' title='bbox 1460 1470 1604 1524; x_wconf 87' lang='lat' dir='ltr'><strong>verni</strong></span> <span class='ocrx_word' id='word_1_107' title='bbox 1631 1468 1854 1541; x_wconf 87' lang='lat' dir='ltr'><strong>primum</strong></span> 
     </span>
    </p>
   </div>
   <div class='ocr_carea' id='block_1_14' title="bbox 250 1561 1850 1635">
    <p class='ocr_par' dir='ltr' id='par_1_14' title="bbox 250 1561 1850 1635">
     <span class='ocr_line' id='line_1_14' title="bbox 250 1561 1850 1635; baseline 0 -19"><span class='ocrx_word' id='word_1_108' title='bbox 250 1564 520 1633; x_wconf 81' lang='lat' dir='ltr'><strong>temporis,</strong></span> <span class='ocrx_word' id='word_1_109' title='bbox 553 1574 611 1617; x_wconf 88' lang='lat' dir='ltr'><strong>ut</strong></span> <span class='ocrx_word' id='word_1_110' title='bbox 640 1563 808 1635; x_wconf 77' lang='lat' dir='ltr'><strong>facias</strong></span> <span class='ocrx_word' id='word_1_111' title='bbox 850 1562 1053 1617; x_wconf 73' lang='lat' dir='ltr'><strong>Pascha</strong></span> <span class='ocrx_word' id='word_1_112' title='bbox 1081 1561 1306 1617; x_wconf 85' lang='lat' dir='ltr'><strong>Domino</strong></span> <span class='ocrx_word' id='word_1_113' title='bbox 1327 1561 1437 1617; x_wconf 90' lang='lat' dir='ltr'><strong>Deo</strong></span> <span class='ocrx_word' id='word_1_114' title='bbox 1466 1571 1573 1629; x_wconf 87' lang='lat' dir='ltr'><strong>tuo,</strong></span> <span class='ocrx_word' id='word_1_115' title='bbox 1605 1562 1850 1634; x_wconf 88' lang='lat' dir='ltr'><strong>quoniam</strong></span> 
     </span>
    </p>
   </div>
   <div class='ocr_carea' id='block_1_15' title="bbox 246 1652 1853 1727">
    <p class='ocr_par' dir='ltr' id='par_1_15' title="bbox 246 1652 1853 1727">
     <span class='ocr_line' id='line_1_15' title="bbox 246 1652 1853 1727; baseline 0.001 -19"><span class='ocrx_word' id='word_1_116' title='bbox 246 1654 304 1708; x_wconf 77' lang='lat' dir='ltr'><strong>in</strong></span> <span class='ocrx_word' id='word_1_117' title='bbox 325 1656 429 1710; x_wconf 85' lang='lat' dir='ltr'><strong>isto</strong></span> <span class='ocrx_word' id='word_1_118' title='bbox 456 1671 638 1710; x_wconf 80' lang='lat' dir='ltr'><strong>mense</strong></span> <span class='ocrx_word' id='word_1_119' title='bbox 666 1655 844 1710; x_wconf 69' lang='lat' dir='ltr'><strong>eduxit</strong></span> <span class='ocrx_word' id='word_1_120' title='bbox 867 1664 915 1708; x_wconf 88' lang='lat' dir='ltr'><strong>te</strong></span> <span class='ocrx_word' id='word_1_121' title='bbox 937 1652 1192 1709; x_wconf 83' lang='lat' dir='ltr'><strong>Dominus</strong></span> <span class='ocrx_word' id='word_1_122' title='bbox 1225 1654 1365 1710; x_wconf 89' lang='lat' dir='ltr'><strong>Deus</strong></span> <span class='ocrx_word' id='word_1_123' title='bbox 1393 1665 1506 1709; x_wconf 87' lang='lat' dir='ltr'><strong>tuus</strong></span> <span class='ocrx_word' id='word_1_124' title='bbox 1536 1655 1598 1709; x_wconf 88' lang='lat' dir='ltr'><strong>de</strong></span> <span class='ocrx_word' id='word_1_125' title='bbox 1620 1655 1853 1727; x_wconf 51' lang='lat' dir='ltr'><strong>{Egypto</strong></span> 
     </span>
    </p>
   </div>
   <div class='ocr_carea' id='block_1_16' title="bbox 246 1738 1853 1815">
    <p class='ocr_par' dir='ltr' id='par_1_16' title="bbox 246 1738 1853 1815">
     <span class='ocr_line' id='line_1_16' title="bbox 246 1738 1853 1815; baseline -0.003 -14"><span class='ocrx_word' id='word_1_126' title='bbox 246 1753 404 1801; x_wconf 79' lang='lat' dir='ltr'><strong>nacta</strong></span> <span class='ocrx_word' id='word_1_127' title='bbox 437 1744 679 1814; x_wconf 81' lang='lat' dir='ltr'><strong>(Denter.</strong></span> <span class='ocrx_word' id='word_1_128' title='bbox 713 1760 828 1808; x_wconf 65' lang='grc' dir='ltr'><strong>ιη,</strong></span> <span class='ocrx_word' id='word_1_129' title='bbox 864 1744 887 1798; x_wconf 82' lang='lat' dir='ltr'><strong>i</strong></span> <span class='ocrx_word' id='word_1_130' title='bbox 918 1754 968 1799; x_wconf 87' lang='lat' dir='ltr'><strong>et</strong></span> <span class='ocrx_word' id='word_1_131' title='bbox 1002 1745 1161 1815; x_wconf 88' lang='lat' dir='ltr'><strong>seq.).</strong></span> <span class='ocrx_word' id='word_1_132' title='bbox 1185 1738 1357 1799; x_wconf 81' lang='lat' dir='ltr'><strong>Tanta</strong></span> <span class='ocrx_word' id='word_1_133' title='bbox 1390 1744 1493 1801; x_wconf 84' lang='lat' dir='ltr'><strong>hac</strong></span> <span class='ocrx_word' id='word_1_134' title='bbox 1529 1745 1853 1799; x_wconf 82' lang='lat' dir='ltr'><strong>auctoritate</strong></span> 
     </span>
    </p>
   </div>
   <div class='ocr_carea' id='block_1_17' title="bbox 1955 547 3547 619">
    <p class='ocr_par' dir='ltr' id='par_1_17' title="bbox 1955 547 3547 619">
     <span class='ocr_line' id='line_1_17' title="bbox 1955 547 3547 619; baseline -0.001 -15"><span class='ocrx_word' id='word_1_135' title='bbox 1955 563 2076 604; x_wconf 83' lang='lat' dir='ltr'><strong>rum</strong></span> <span class='ocrx_word' id='word_1_136' title='bbox 2105 547 2537 615; x_wconf 88' lang='lat' dir='ltr'><strong>calculationcm,</strong></span> <span class='ocrx_word' id='word_1_137' title='bbox 2567 557 2790 619; x_wconf 84' lang='lat' dir='ltr'><strong>quartas</strong></span> <span class='ocrx_word' id='word_1_138' title='bbox 2818 548 3055 603; x_wconf 87' lang='lat' dir='ltr'><strong>decimas</strong></span> <span class='ocrx_word' id='word_1_139' title='bbox 3084 547 3238 602; x_wconf 84' lang='lat' dir='ltr'><strong>lunas</strong></span> <span class='ocrx_word' id='word_1_140' title='bbox 3278 548 3547 619; x_wconf 72' lang='lat' dir='ltr'><strong>paschalis</strong></span> 
     </span>
    </p>
   </div>
   <div class='ocr_carea' id='block_1_18' title="bbox 1956 636 3548 695">
    <p class='ocr_par' dir='ltr' id='par_1_18' title="bbox 1956 636 3548 695">
     <span class='ocr_line' id='line_1_18' title="bbox 1956 636 3548 695; baseline -0.001 -2"><span class='ocrx_word' id='word_1_141' title='bbox 1956 637 2311 695; x_wconf 64' lang='lat' dir='ltr'><strong>observantia:</strong></span> <span class='ocrx_word' id='word_1_142' title='bbox 2337 637 2687 693; x_wconf 81' lang='lat' dir='ltr'><strong>tradiderunt.</strong></span> <span class='ocrx_word' id='word_1_143' title='bbox 2720 636 2827 694; x_wconf 84' lang='lat' dir='ltr'><strong>Sed</strong></span> <span class='ocrx_word' id='word_1_144' title='bbox 2871 636 3113 693; x_wconf 90' lang='lat' dir='ltr'><strong>nonnulli</strong></span> <span class='ocrx_word' id='word_1_145' title='bbox 3150 646 3313 693; x_wconf 70' lang='lat' dir='ltr'><strong>tantm</strong></span> <span class='ocrx_word' id='word_1_146' title='bbox 3340 637 3548 693; x_wconf 58' lang='lat' dir='ltr'><strong>subtilis</strong></span> 
     </span>
    </p>
   </div>
   <div class='ocr_carea' id='block_1_19' title="bbox 1957 728 3551 801">
    <p class='ocr_par' dir='ltr' id='par_1_19' title="bbox 1957 728 3551 801">
     <span class='ocr_line' id='line_1_19' title="bbox 1957 728 3551 801; baseline 0.001 -18"><span class='ocrx_word' id='word_1_147' title='bbox 1957 728 2103 796; x_wconf 88' lang='lat' dir='ltr'><strong>tatis,</strong></span> <span class='ocrx_word' id='word_1_148' title='bbox 2128 728 2243 786; x_wconf 90' lang='lat' dir='ltr'><strong>sive</strong></span> <span class='ocrx_word' id='word_1_149' title='bbox 2269 730 2452 800; x_wconf 85' lang='lat' dir='ltr'><strong>potius</strong></span> <span class='ocrx_word' id='word_1_150' title='bbox 2479 730 2775 785; x_wconf 87' lang='lat' dir='ltr'><strong>sanetionis</strong></span> <span class='ocrx_word' id='word_1_151' title='bbox 2797 730 2985 798; x_wconf 82' lang='lat' dir='ltr'><strong>ignari,</strong></span> <span class='ocrx_word' id='word_1_152' title='bbox 3019 729 3146 785; x_wconf 85' lang='lat' dir='ltr'><strong>dum</strong></span> <span class='ocrx_word' id='word_1_153' title='bbox 3168 728 3268 784; x_wconf 91' lang='lat' dir='ltr'><strong>alia</strong></span> <span class='ocrx_word' id='word_1_154' title='bbox 3294 739 3551 801; x_wconf 75' lang='lat' dir='ltr'><strong>supputa-</strong></span> 
     </span>
    </p>
   </div>
   <div class='ocr_carea' id='block_1_20' title="bbox 1956 819 3546 892">
    <p class='ocr_par' dir='ltr' id='par_1_20' title="bbox 1956 819 3546 892">
     <span class='ocr_line' id='line_1_20' title="bbox 1956 819 3546 892; baseline 0.003 -18"><span class='ocrx_word' id='word_1_155' title='bbox 1956 819 2121 876; x_wconf 88' lang='lat' dir='ltr'><strong>tionis</strong></span> <span class='ocrx_word' id='word_1_156' title='bbox 2151 827 2469 889; x_wconf 80' lang='lat' dir='ltr'><strong>argumenta</strong></span> <span class='ocrx_word' id='word_1_157' title='bbox 2503 820 2903 892; x_wconf 87' lang='lat' dir='ltr'><strong>perquirunt,-a</strong></span> <span class='ocrx_word' id='word_1_158' title='bbox 2932 820 3174 875; x_wconf 78' lang='lat' dir='ltr'><strong>veritatis</strong></span> <span class='ocrx_word' id='word_1_159' title='bbox 3214 822 3431 877; x_wconf 83' lang='lat' dir='ltr'><strong>tramite</strong></span> <span class='ocrx_word' id='word_1_160' title='bbox 3460 837 3546 878; x_wconf 82' lang='lat' dir='ltr'><strong>re-</strong></span> 
     </span>
    </p>
   </div>
   <div class='ocr_carea' id='block_1_21' title="bbox 1956 908 3547 983">
    <p class='ocr_par' dir='ltr' id='par_1_21' title="bbox 1956 908 3547 983">
     <span class='ocr_line' id='line_1_21' title="bbox 1956 908 3547 983; baseline 0.001 -17"><span class='ocrx_word' id='word_1_161' title='bbox 1956 909 2175 966; x_wconf 88' lang='lat' dir='ltr'><strong>cedunt.</strong></span> <span class='ocrx_word' id='word_1_162' title='bbox 2223 908 2377 966; x_wconf 89' lang='lat' dir='ltr'><strong>Unde</strong></span> <span class='ocrx_word' id='word_1_163' title='bbox 2405 910 2727 981; x_wconf 89' lang='lat' dir='ltr'><strong>plerumque</strong></span> <span class='ocrx_word' id='word_1_164' title='bbox 2757 910 3041 980; x_wconf 81' lang='lat' dir='ltr'><strong>contingit,</strong></span> <span class='ocrx_word' id='word_1_165' title='bbox 3072 916 3130 965; x_wconf 91' lang='lat' dir='ltr'><strong>ut</strong></span> <span class='ocrx_word' id='word_1_166' title='bbox 3157 910 3373 981; x_wconf 83' lang='lat' dir='ltr'><strong>quando</strong></span> <span class='ocrx_word' id='word_1_167' title='bbox 3403 926 3547 983; x_wconf 70' lang='lat' dir='ltr'><strong>swpc</strong></span> 
     </span>
    </p>
   </div>
   <div class='ocr_carea' id='block_1_22' title="bbox 1955 998 3546 1073">
    <p class='ocr_par' dir='ltr' id='par_1_22' title="bbox 1955 998 3546 1073">
     <span class='ocr_line' id='line_1_22' title="bbox 1955 998 3546 1073; baseline 0.002 -17"><span class='ocrx_word' id='word_1_168' title='bbox 1955 998 2087 1056; x_wconf 84' lang='lat' dir='ltr'><strong>dicti</strong></span> <span class='ocrx_word' id='word_1_169' title='bbox 2131 998 2319 1059; x_wconf 86' lang='lat' dir='ltr'><strong>Patres</strong></span> <span class='ocrx_word' id='word_1_170' title='bbox 2348 1000 2613 1059; x_wconf 89' lang='lat' dir='ltr'><strong>decimam</strong></span> <span class='ocrx_word' id='word_1_171' title='bbox 2654 1009 2898 1071; x_wconf 86' lang='lat' dir='ltr'><strong>quartam</strong></span> <span class='ocrx_word' id='word_1_172' title='bbox 2930 1002 3109 1057; x_wconf 88' lang='lat' dir='ltr'><strong>lunam</strong></span> <span class='ocrx_word' id='word_1_173' title='bbox 3156 1009 3384 1073; x_wconf 86' lang='lat' dir='ltr'><strong>ponunt,</strong></span> <span class='ocrx_word' id='word_1_174' title='bbox 3426 1017 3546 1059; x_wconf 89' lang='lat' dir='ltr'><strong>eam</strong></span> 
     </span>
    </p>
   </div>
   <div class='ocr_carea' id='block_1_23' title="bbox 1956 1086 3546 1164">
    <p class='ocr_par' dir='ltr' id='par_1_23' title="bbox 1956 1086 3546 1164">
     <span class='ocr_line' id='line_1_23' title="bbox 1956 1086 3546 1164; baseline 0.003 -17"><span class='ocrx_word' id='word_1_175' title='bbox 1956 1090 2044 1147; x_wconf 82' lang='lat' dir='ltr'><strong>isti</strong></span> <span class='ocrx_word' id='word_1_176' title='bbox 2073 1090 2337 1148; x_wconf 88' lang='lat' dir='ltr'><strong>decimam</strong></span> <span class='ocrx_word' id='word_1_177' title='bbox 2376 1093 2621 1163; x_wconf 84' lang='lat' dir='ltr'><strong>quintam</strong></span> <span class='ocrx_word' id='word_1_178' title='bbox 2652 1086 3028 1164; x_wconf 83' lang='lat' dir='ltr'><strong>suspicentur;</strong></span> <span class='ocrx_word' id='word_1_179' title='bbox 3060 1101 3115 1148; x_wconf 90' lang='lat' dir='ltr'><strong>et</strong></span> <span class='ocrx_word' id='word_1_180' title='bbox 3143 1109 3261 1163; x_wconf 70' lang='lat' dir='ltr'><strong>quae</strong></span> <span class='ocrx_word' id='word_1_181' title='bbox 3292 1094 3546 1164; x_wconf 78' lang='lat' dir='ltr'><strong>vigesima</strong></span> 
     </span>
    </p>
   </div>
   <div class='ocr_carea' id='block_1_24' title="bbox 1957 1186 3543 1257">
    <p class='ocr_par' dir='ltr' id='par_1_24' title="bbox 1957 1186 3543 1257">
     <span class='ocr_line' id='line_1_24' title="bbox 1957 1186 3543 1257; baseline 0.002 -17"><span class='ocrx_word' id='word_1_182' title='bbox 1957 1186 2132 1257; x_wconf 91' lang='lat' dir='ltr'><strong>prima</strong></span> <span class='ocrx_word' id='word_1_183' title='bbox 2171 1192 2275 1253; x_wconf 85' lang='lat' dir='ltr'><strong>est,</strong></span> <span class='ocrx_word' id='word_1_184' title='bbox 2324 1186 2640 1257; x_wconf 84' lang='lat' dir='ltr'><strong>vigesimam</strong></span> <span class='ocrx_word' id='word_1_185' title='bbox 2681 1187 2973 1243; x_wconf 87' lang='lat' dir='ltr'><strong>secundam</strong></span> <span class='ocrx_word' id='word_1_186' title='bbox 3014 1202 3134 1242; x_wconf 84' lang='lat' dir='ltr'><strong>esse</strong></span> <span class='ocrx_word' id='word_1_187' title='bbox 3171 1187 3543 1257; x_wconf 84' lang='lat' dir='ltr'><strong>pronuntient.</strong></span> 
     </span>
    </p>
   </div>
   <div class='ocr_carea' id='block_1_25' title="bbox 1956 1272 3546 1349">
    <p class='ocr_par' dir='ltr' id='par_1_25' title="bbox 1956 1272 3546 1349">
     <span class='ocr_line' id='line_1_25' title="bbox 1956 1272 3546 1349; baseline -0.002 -15"><span class='ocrx_word' id='word_1_188' title='bbox 1956 1272 2063 1334; x_wconf 90' lang='lat' dir='ltr'><strong>Sed</strong></span> <span class='ocrx_word' id='word_1_189' title='bbox 2094 1279 2272 1347; x_wconf 85' lang='lat' dir='ltr'><strong>nobis,</strong></span> <span class='ocrx_word' id='word_1_190' title='bbox 2304 1278 2497 1349; x_wconf 88' lang='lat' dir='ltr'><strong>quibus</strong></span> <span class='ocrx_word' id='word_1_191' title='bbox 2526 1294 2681 1334; x_wconf 84' lang='lat' dir='ltr'><strong>amor</strong></span> <span class='ocrx_word' id='word_1_192' title='bbox 2710 1286 2766 1334; x_wconf 91' lang='lat' dir='ltr'><strong>et</strong></span> <span class='ocrx_word' id='word_1_193' title='bbox 2791 1294 2917 1334; x_wconf 90' lang='lat' dir='ltr'><strong>cura</strong></span> <span class='ocrx_word' id='word_1_194' title='bbox 2949 1286 3031 1333; x_wconf 87' lang='lat' dir='ltr'><strong>est</strong></span> <span class='ocrx_word' id='word_1_195' title='bbox 3059 1276 3377 1333; x_wconf 73' lang='lat' dir='ltr'><strong>Christianae</strong></span> <span class='ocrx_word' id='word_1_196' title='bbox 3416 1277 3546 1333; x_wconf 80' lang='lat' dir='ltr'><strong>reli-</strong></span> 
     </span>
    </p>
   </div>
   <div class='ocr_carea' id='block_1_26' title="bbox 1954 1361 3545 1440">
    <p class='ocr_par' dir='ltr' id='par_1_26' title="bbox 1954 1361 3545 1440">
     <span class='ocr_line' id='line_1_26' title="bbox 1954 1361 3545 1440; baseline 0.001 -17"><span class='ocrx_word' id='word_1_197' title='bbox 1954 1368 2151 1438; x_wconf 85' lang='lat' dir='ltr'><strong>gionis,</strong></span> <span class='ocrx_word' id='word_1_198' title='bbox 2182 1367 2326 1424; x_wconf 88' lang='lat' dir='ltr'><strong>nulla</strong></span> <span class='ocrx_word' id='word_1_199' title='bbox 2358 1384 2581 1440; x_wconf 89' lang='lat' dir='ltr'><strong>prorsus</strong></span> <span class='ocrx_word' id='word_1_200' title='bbox 2608 1372 2827 1440; x_wconf 78' lang='lat' dir='ltr'><strong>oportet</strong></span> <span class='ocrx_word' id='word_1_201' title='bbox 2856 1368 3066 1424; x_wconf 88' lang='lat' dir='ltr'><strong>ratione</strong></span> <span class='ocrx_word' id='word_1_202' title='bbox 3096 1366 3409 1433; x_wconf 83' lang='lat' dir='ltr'><strong>discedere;</strong></span> <span class='ocrx_word' id='word_1_203' title='bbox 3447 1361 3545 1424; x_wconf 80' lang='lat' dir='ltr'><strong>sed</strong></span> 
     </span>
    </p>
   </div>
   <div class='ocr_carea' id='block_1_27' title="bbox 1954 1459 3542 1532">
    <p class='ocr_par' dir='ltr' id='par_1_27' title="bbox 1954 1459 3542 1532">
     <span class='ocr_line' id='line_1_27' title="bbox 1954 1459 3542 1532; baseline 0.001 -17"><span class='ocrx_word' id='word_1_204' title='bbox 1954 1459 2231 1531; x_wconf 81' lang='lat' dir='ltr'><strong>praetixam</strong></span> <span class='ocrx_word' id='word_1_205' title='bbox 2280 1460 2349 1516; x_wconf 85' lang='lat' dir='ltr'><strong>ab</strong></span> <span class='ocrx_word' id='word_1_206' title='bbox 2396 1460 2480 1517; x_wconf 85' lang='lat' dir='ltr'><strong>his</strong></span> <span class='ocrx_word' id='word_1_207' title='bbox 2528 1460 2841 1532; x_wconf 86' lang='lat' dir='ltr'><strong>paschalem</strong></span> <span class='ocrx_word' id='word_1_208' title='bbox 2891 1460 3134 1532; x_wconf 81' lang='lat' dir='ltr'><strong>regulam</strong></span> <span class='ocrx_word' id='word_1_209' title='bbox 3184 1461 3542 1517; x_wconf 83' lang='lat' dir='ltr'><strong>sincerissime</strong></span> 
     </span>
    </p>
   </div>
   <div class='ocr_carea' id='block_1_28' title="bbox 1955 1547 2887 1610">
    <p class='ocr_par' dir='ltr' id='par_1_28' title="bbox 1955 1547 2887 1610">
     <span class='ocr_line' id='line_1_28' title="bbox 1955 1547 2887 1610; baseline -0.001 -3"><span class='ocrx_word' id='word_1_210' title='bbox 1955 1551 2213 1607; x_wconf 80' lang='lat' dir='ltr'><strong>convenit</strong></span> <span class='ocrx_word' id='word_1_211' title='bbox 2243 1547 2623 1609; x_wconf 59' lang='lat' dir='ltr'><strong>observatione</strong></span> <span class='ocrx_word' id='word_1_212' title='bbox 2652 1567 2887 1610; x_wconf 84' lang='lat' dir='ltr'><strong>scrvare.</strong></span> 
     </span>
    </p>
   </div>
   <div class='ocr_carea' id='block_1_29' title="bbox 2027 1642 3548 1712">
    <p class='ocr_par' dir='ltr' id='par_1_29' title="bbox 2027 1642 3548 1712">
     <span class='ocr_line' id='line_1_29' title="bbox 2027 1642 3548 1712; baseline 0.001 -13"><span class='ocrx_word' id='word_1_213' title='bbox 2027 1644 2240 1712; x_wconf 89' lang='lat' dir='ltr'><strong>Quanta</strong></span> <span class='ocrx_word' id='word_1_214' title='bbox 2267 1660 2397 1703; x_wconf 87' lang='lat' dir='ltr'><strong>vero</strong></span> <span class='ocrx_word' id='word_1_215' title='bbox 2426 1647 2481 1700; x_wconf 90' lang='lat' dir='ltr'><strong>in</strong></span> <span class='ocrx_word' id='word_1_216' title='bbox 2508 1642 2764 1702; x_wconf 85' lang='lat' dir='ltr'><strong>Ecclesiis</strong></span> <span class='ocrx_word' id='word_1_217' title='bbox 2793 1652 2908 1702; x_wconf 92' lang='lat' dir='ltr'><strong>toto</strong></span> <span class='ocrx_word' id='word_1_218' title='bbox 2941 1652 3206 1700; x_wconf 87' lang='lat' dir='ltr'><strong>terrarum</strong></span> <span class='ocrx_word' id='word_1_219' title='bbox 3231 1644 3365 1701; x_wconf 84' lang='lat' dir='ltr'><strong>orbe</strong></span> <span class='ocrx_word' id='word_1_220' title='bbox 3393 1643 3548 1701; x_wconf 44' lang='lat' dir='ltr'><strong>ditius</strong></span> 
     </span>
    </p>
   </div>
   <div class='ocr_carea' id='block_1_30' title="bbox 1955 1734 3549 1806">
    <p class='ocr_par' dir='ltr' id='par_1_30' title="bbox 1955 1734 3549 1806">
     <span class='ocr_line' id='line_1_30' title="bbox 1955 1734 3549 1806; baseline 0.002 -16"><span class='ocrx_word' id='word_1_221' title='bbox 1955 1735 2032 1791; x_wconf 86' lang='lat' dir='ltr'><strong>sis</strong></span> <span class='ocrx_word' id='word_1_222' title='bbox 2061 1736 2254 1791; x_wconf 90' lang='lat' dir='ltr'><strong>horum</strong></span> <span class='ocrx_word' id='word_1_223' title='bbox 2302 1734 2523 1793; x_wconf 85' lang='lat' dir='ltr'><strong>Patrum</strong></span> <span class='ocrx_word' id='word_1_224' title='bbox 2567 1737 2802 1792; x_wconf 88' lang='lat' dir='ltr'><strong>nitamur</strong></span> <span class='ocrx_word' id='word_1_225' title='bbox 2844 1737 3190 1806; x_wconf 88' lang='lat' dir='ltr'><strong>auctoritate,</strong></span> <span class='ocrx_word' id='word_1_226' title='bbox 3239 1752 3348 1794; x_wconf 90' lang='lat' dir='ltr'><strong>non</strong></span> <span class='ocrx_word' id='word_1_227' title='bbox 3396 1737 3549 1794; x_wconf 86' lang='lat' dir='ltr'><strong>labor</strong></span> 
     </span>
    </p>
   </div>
   <div class='ocr_carea' id='block_1_31' title="bbox 247 1830 3548 1906">
    <p class='ocr_par' dir='ltr' id='par_1_31' title="bbox 247 1830 3548 1906">
     <span class='ocr_line' id='line_1_31' title="bbox 247 1830 3548 1906; baseline -0.001 -16"><span class='ocrx_word' id='word_1_228' title='bbox 247 1832 430 1890; x_wconf 80' lang='lat' dir='ltr'><strong>divina</strong></span> <span class='ocrx_word' id='word_1_229' title='bbox 460 1835 864 1906; x_wconf 86' lang='lat' dir='ltr'><strong>claruit,printo</strong></span> <span class='ocrx_word' id='word_1_230' title='bbox 886 1840 1089 1900; x_wconf 87' lang='lat' dir='ltr'><strong>mense,</strong></span> <span class='ocrx_word' id='word_1_231' title='bbox 1115 1834 1326 1889; x_wconf 86' lang='lat' dir='ltr'><strong>decimo</strong></span> <span class='ocrx_word' id='word_1_232' title='bbox 1346 1846 1540 1905; x_wconf 83' lang='lat' dir='ltr'><strong>quarto</strong></span> <span class='ocrx_word' id='word_1_233' title='bbox 1562 1834 1648 1888; x_wconf 90' lang='lat' dir='ltr'><strong>die</strong></span> <span class='ocrx_word' id='word_1_234' title='bbox 1672 1833 1736 1888; x_wconf 90' lang='lat' dir='ltr'><strong>ad</strong></span> <span class='ocrx_word' id='word_1_235' title='bbox 1765 1845 1846 1888; x_wconf 85' lang='lat' dir='ltr'><strong>ve-</strong></span> <span class='ocrx_word' id='word_1_236' title='bbox 1881 1833 1931 1897; x_wconf 86' lang='lat' dir='ltr'><strong>B</strong></span> <span class='ocrx_word' id='word_1_237' title='bbox 1956 1837 2039 1885; x_wconf 89' lang='lat' dir='ltr'><strong>est</strong></span> <span class='ocrx_word' id='word_1_238' title='bbox 2066 1830 2353 1889; x_wconf 84' lang='lat' dir='ltr'><strong>ostendere</strong></span> <span class='ocrx_word' id='word_1_239' title='bbox 2384 1850 2397 1885; x_wconf 91' lang='lat'>:</span> <span class='ocrx_word' id='word_1_240' title='bbox 2445 1848 2568 1888; x_wconf 89' lang='lat' dir='ltr'><strong>cum</strong></span> <span class='ocrx_word' id='word_1_241' title='bbox 2616 1834 2912 1889; x_wconf 88' lang='lat' dir='ltr'><strong>secundum</strong></span> <span class='ocrx_word' id='word_1_242' title='bbox 2961 1832 3249 1889; x_wconf 85' lang='lat' dir='ltr'><strong>concilium</strong></span> <span class='ocrx_word' id='word_1_243' title='bbox 3290 1830 3431 1903; x_wconf 90' lang='lat' dir='ltr'><strong>apud</strong></span> <span class='ocrx_word' id='word_1_244' title='bbox 3458 1830 3548 1887; x_wconf 49' lang='lat' dir='ltr'><strong>Ni.</strong></span> 
     </span>
    </p>
   </div>
   <div class='ocr_carea' id='block_1_32' title="bbox 247 1922 1846 1997">
    <p class='ocr_par' dir='ltr' id='par_1_32' title="bbox 247 1922 1846 1997">
     <span class='ocr_line' id='line_1_32' title="bbox 247 1922 1846 1997; baseline -0.002 -17"><span class='ocrx_word' id='word_1_245' title='bbox 247 1938 493 1997; x_wconf 76' lang='lat' dir='ltr'><strong>sperum,</strong></span> <span class='ocrx_word' id='word_1_246' title='bbox 542 1939 715 1995; x_wconf 90' lang='lat' dir='ltr'><strong>usque</strong></span> <span class='ocrx_word' id='word_1_247' title='bbox 751 1926 819 1980; x_wconf 89' lang='lat' dir='ltr'><strong>ad</strong></span> <span class='ocrx_word' id='word_1_248' title='bbox 846 1926 1165 1995; x_wconf 80' lang='lat' dir='ltr'><strong>vigesimum</strong></span> <span class='ocrx_word' id='word_1_249' title='bbox 1195 1924 1449 1995; x_wconf 86' lang='lat' dir='ltr'><strong>primum,</strong></span> <span class='ocrx_word' id='word_1_250' title='bbox 1498 1922 1846 1980; x_wconf 75' lang='lat' dir='ltr'><strong>festivitatem</strong></span> 
     </span>
    </p>
   </div>
   <div class='ocr_carea' id='block_1_33' title="bbox 246 2014 1852 2091">
    <p class='ocr_par' dir='ltr' id='par_1_33' title="bbox 246 2014 1852 2091">
     <span class='ocr_line' id='line_1_33' title="bbox 246 2014 1852 2091; baseline -0.001 -16"><span class='ocrx_word' id='word_1_251' title='bbox 246 2018 566 2091; x_wconf 84' lang='lat' dir='ltr'><strong>paschalem</strong></span> <span class='ocrx_word' id='word_1_252' title='bbox 619 2019 822 2075; x_wconf 88' lang='lat' dir='ltr'><strong>debere</strong></span> <span class='ocrx_word' id='word_1_253' title='bbox 863 2018 1147 2076; x_wconf 88' lang='lat' dir='ltr'><strong>celebrari.</strong></span> <span class='ocrx_word' id='word_1_254' title='bbox 1195 2017 1303 2073; x_wconf 89' lang='lat' dir='ltr'><strong>Sed</strong></span> <span class='ocrx_word' id='word_1_255' title='bbox 1350 2018 1474 2087; x_wconf 82' lang='lat' dir='ltr'><strong>quia</strong></span> <span class='ocrx_word' id='word_1_256' title='bbox 1520 2017 1722 2073; x_wconf 88' lang='lat' dir='ltr'><strong>mensis</strong></span> <span class='ocrx_word' id='word_1_257' title='bbox 1762 2014 1852 2073; x_wconf 86' lang='lat' dir='ltr'><strong>hic</strong></span> 
     </span>
    </p>
   </div>
   <div class='ocr_carea' id='block_1_34' title="bbox 249 2092 1856 2178">
    <p class='ocr_par' dir='ltr' id='par_1_34' title="bbox 249 2092 1856 2178">
     <span class='ocr_line' id='line_1_34' title="bbox 249 2092 1856 2178; baseline 0 -14"><span class='ocrx_word' id='word_1_258' title='bbox 249 2109 396 2165; x_wconf 87' lang='lat' dir='ltr'><strong>unde</strong></span> <span class='ocrx_word' id='word_1_259' title='bbox 423 2117 605 2166; x_wconf 78' lang='lat' dir='ltr'><strong>sumat</strong></span> <span class='ocrx_word' id='word_1_260' title='bbox 631 2108 1051 2178; x_wconf 84' lang='lat' dir='ltr'><strong>exordium,vel</strong></span> <span class='ocrx_word' id='word_1_261' title='bbox 1078 2109 1166 2165; x_wconf 91' lang='lat' dir='ltr'><strong>ubi</strong></span> <span class='ocrx_word' id='word_1_262' title='bbox 1200 2110 1541 2175; x_wconf 88' lang='lat' dir='ltr'><strong>terminetur,</strong></span> <span class='ocrx_word' id='word_1_263' title='bbox 1576 2092 1856 2164; x_wconf 67' lang='lat' dir='ltr'><strong>e&#39;v&#39;identer</strong></span> 
     </span>
    </p>
   </div>
   <div class='ocr_carea' id='block_1_35' title="bbox 249 2195 1857 2271">
    <p class='ocr_par' dir='ltr' id='par_1_35' title="bbox 249 2195 1857 2271">
     <span class='ocr_line' id='line_1_35' title="bbox 249 2195 1857 2271; baseline -0.004 -13"><span class='ocrx_word' id='word_1_264' title='bbox 249 2201 325 2258; x_wconf 79' lang='lat' dir='ltr'><strong>ibi</strong></span> <span class='ocrx_word' id='word_1_265' title='bbox 354 2216 467 2257; x_wconf 76' lang='lat' dir='ltr'><strong>non</strong></span> <span class='ocrx_word' id='word_1_266' title='bbox 488 2201 721 2270; x_wconf 82' lang='lat' dir='ltr'><strong>legitur,</strong></span> <span class='ocrx_word' id='word_1_267' title='bbox 742 2202 953 2271; x_wconf 59' lang='lat' dir='ltr'><strong>praefati</strong></span> <span class='ocrx_word' id='word_1_268' title='bbox 979 2200 1209 2256; x_wconf 85' lang='lat' dir='ltr'><strong>trecenti</strong></span> <span class='ocrx_word' id='word_1_269' title='bbox 1233 2207 1288 2255; x_wconf 90' lang='lat' dir='ltr'><strong>et</strong></span> <span class='ocrx_word' id='word_1_270' title='bbox 1311 2198 1617 2256; x_wconf 87' lang='lat' dir='ltr'><strong>octodecim</strong></span> <span class='ocrx_word' id='word_1_271' title='bbox 1645 2195 1857 2269; x_wconf 82' lang='lat' dir='ltr'><strong>pontiﬁ-</strong></span> 
     </span>
    </p>
   </div>
   <div class='ocr_carea' id='block_1_36' title="bbox 248 2291 1852 2362">
    <p class='ocr_par' dir='ltr' id='par_1_36' title="bbox 248 2291 1852 2362">
     <span class='ocr_line' id='line_1_36' title="bbox 248 2291 1852 2362; baseline -0.002 -13"><span class='ocrx_word' id='word_1_272' title='bbox 248 2306 367 2359; x_wconf 80' lang='lat' dir='ltr'><strong>ces,</strong></span> <span class='ocrx_word' id='word_1_273' title='bbox 404 2292 607 2362; x_wconf 86' lang='lat' dir='ltr'><strong>antiqui</strong></span> <span class='ocrx_word' id='word_1_274' title='bbox 633 2293 802 2348; x_wconf 89' lang='lat' dir='ltr'><strong>moris</strong></span> <span class='ocrx_word' id='word_1_275' title='bbox 832 2292 1251 2358; x_wconf 83' lang='lat' dir='ltr'><strong>observantiam,</strong></span> <span class='ocrx_word' id='word_1_276' title='bbox 1290 2299 1347 2347; x_wconf 80' lang='lat' dir='ltr'><strong>et</strong></span> <span class='ocrx_word' id='word_1_277' title='bbox 1374 2291 1571 2347; x_wconf 81' lang='lat' dir='ltr'><strong>exinde</strong></span> <span class='ocrx_word' id='word_1_278' title='bbox 1600 2306 1631 2346; x_wconf 92' lang='lat' dir='ltr'><strong>a</strong></span> <span class='ocrx_word' id='word_1_279' title='bbox 1662 2300 1852 2347; x_wconf 89' lang='lat' dir='ltr'><strong>sancto</strong></span> 
     </span>
    </p>
   </div>
   <div class='ocr_carea' id='block_1_37' title="bbox 246 2381 1855 2456">
    <p class='ocr_par' dir='ltr' id='par_1_37' title="bbox 246 2381 1855 2456">
     <span class='ocr_line' id='line_1_37' title="bbox 246 2381 1855 2456; baseline -0.002 -15"><span class='ocrx_word' id='word_1_280' title='bbox 246 2384 441 2456; x_wconf 71' lang='lat' dir='ltr'><strong>Moyse</strong></span> <span class='ocrx_word' id='word_1_281' title='bbox 470 2384 741 2451; x_wconf 84' lang='lat' dir='ltr'><strong>traditam,</strong></span> <span class='ocrx_word' id='word_1_282' title='bbox 772 2384 914 2440; x_wconf 88' lang='lat' dir='ltr'><strong>sicut</strong></span> <span class='ocrx_word' id='word_1_283' title='bbox 944 2383 995 2439; x_wconf 89' lang='lat' dir='ltr'><strong>in</strong></span> <span class='ocrx_word' id='word_1_284' title='bbox 1029 2383 1264 2453; x_wconf 88' lang='lat' dir='ltr'><strong>septimo</strong></span> <span class='ocrx_word' id='word_1_285' title='bbox 1294 2382 1433 2439; x_wconf 91' lang='lat' dir='ltr'><strong>libro</strong></span> <span class='ocrx_word' id='word_1_286' title='bbox 1462 2381 1855 2438; x_wconf 72' lang='lat' dir='ltr'><strong>Ecclesiasticze</strong></span> 
     </span>
    </p>
   </div>
   <div class='ocr_carea' id='block_1_38' title="bbox 246 2474 1853 2545">
    <p class='ocr_par' dir='ltr' id='par_1_38' title="bbox 246 2474 1853 2545">
     <span class='ocr_line' id='line_1_38' title="bbox 246 2474 1853 2545; baseline -0.001 -14"><span class='ocrx_word' id='word_1_287' title='bbox 246 2474 488 2532; x_wconf 76' lang='lat' dir='ltr'><strong>refertur</strong></span> <span class='ocrx_word' id='word_1_288' title='bbox 514 2474 783 2541; x_wconf 61' lang='lat' dir='ltr'><strong>Historias,</strong></span> <span class='ocrx_word' id='word_1_289' title='bbox 815 2475 1073 2531; x_wconf 87' lang='lat' dir='ltr'><strong>solertius</strong></span> <span class='ocrx_word' id='word_1_290' title='bbox 1123 2475 1530 2545; x_wconf 77' lang='lat' dir='ltr'><strong>inveStigantes,</strong></span> <span class='ocrx_word' id='word_1_291' title='bbox 1561 2474 1629 2529; x_wconf 90' lang='lat' dir='ltr'><strong>ab</strong></span> <span class='ocrx_word' id='word_1_292' title='bbox 1658 2480 1853 2530; x_wconf 87' lang='lat' dir='ltr'><strong>octavo</strong></span> 
     </span>
    </p>
   </div>
   <div class='ocr_carea' id='block_1_39' title="bbox 249 2564 1856 2638">
    <p class='ocr_par' dir='ltr' id='par_1_39' title="bbox 249 2564 1856 2638">
     <span class='ocr_line' id='line_1_39' title="bbox 249 2564 1856 2638; baseline -0.001 -15"><span class='ocrx_word' id='word_1_293' title='bbox 249 2566 379 2627; x_wconf 83' lang='lat' dir='ltr'><strong>idus</strong></span> <span class='ocrx_word' id='word_1_294' title='bbox 408 2567 609 2632; x_wconf 79' lang='lat' dir='ltr'><strong>Martii,</strong></span> <span class='ocrx_word' id='word_1_295' title='bbox 665 2579 838 2638; x_wconf 88' lang='lat' dir='ltr'><strong>usque</strong></span> <span class='ocrx_word' id='word_1_296' title='bbox 880 2568 935 2623; x_wconf 91' lang='lat' dir='ltr'><strong>in</strong></span> <span class='ocrx_word' id='word_1_297' title='bbox 962 2567 1106 2623; x_wconf 89' lang='lat' dir='ltr'><strong>diem</strong></span> <span class='ocrx_word' id='word_1_298' title='bbox 1136 2581 1403 2623; x_wconf 86' lang='lat' dir='ltr'><strong>nonarum</strong></span> <span class='ocrx_word' id='word_1_299' title='bbox 1428 2564 1712 2638; x_wconf 87' lang='lat' dir='ltr'><strong>Aprilium,</strong></span> <span class='ocrx_word' id='word_1_300' title='bbox 1764 2581 1856 2621; x_wconf 86' lang='lat' dir='ltr'><strong>na-</strong></span> 
     </span>
    </p>
   </div>
   <div class='ocr_carea' id='block_1_40' title="bbox 248 2654 1850 2729">
    <p class='ocr_par' dir='ltr' id='par_1_40' title="bbox 248 2654 1850 2729">
     <span class='ocr_line' id='line_1_40' title="bbox 248 2654 1850 2729; baseline -0.002 -17"><span class='ocrx_word' id='word_1_301' title='bbox 248 2666 362 2712; x_wconf 88' lang='lat' dir='ltr'><strong>tam</strong></span> <span class='ocrx_word' id='word_1_302' title='bbox 392 2656 579 2713; x_wconf 86' lang='lat' dir='ltr'><strong>lunam</strong></span> <span class='ocrx_word' id='word_1_303' title='bbox 602 2656 783 2714; x_wconf 83' lang='lat' dir='ltr'><strong>facere</strong></span> <span class='ocrx_word' id='word_1_304' title='bbox 808 2658 1062 2714; x_wconf 85' lang='lat' dir='ltr'><strong>dixerunt</strong></span> <span class='ocrx_word' id='word_1_305' title='bbox 1091 2656 1252 2729; x_wconf 86' lang='lat' dir='ltr'><strong>primi</strong></span> <span class='ocrx_word' id='word_1_306' title='bbox 1282 2656 1483 2712; x_wconf 88' lang='lat' dir='ltr'><strong>mensis</strong></span> <span class='ocrx_word' id='word_1_307' title='bbox 1524 2654 1808 2713; x_wconf 83' lang='lat' dir='ltr'><strong>exordium</strong></span> <span class='ocrx_word' id='word_1_308' title='bbox 1835 2673 1850 2709; x_wconf 88' lang='lat'><strong>:</strong></span> 
     </span>
    </p>
   </div>
   <div class='ocr_carea' id='block_1_41' title="bbox 246 2747 1860 2820">
    <p class='ocr_par' dir='ltr' id='par_1_41' title="bbox 246 2747 1860 2820">
     <span class='ocr_line' id='line_1_41' title="bbox 246 2747 1860 2820; baseline -0.001 -15"><span class='ocrx_word' id='word_1_309' title='bbox 246 2756 305 2805; x_wconf 80' lang='lat' dir='ltr'><strong>et</strong></span> <span class='ocrx_word' id='word_1_310' title='bbox 332 2764 366 2805; x_wconf 85' lang='lat' dir='ltr'><strong>a</strong></span> <span class='ocrx_word' id='word_1_311' title='bbox 381 2747 711 2806; x_wconf 88' lang='lat' dir='ltr'><strong>duodecimo</strong></span> <span class='ocrx_word' id='word_1_312' title='bbox 733 2750 820 2806; x_wconf 85' lang='lat' dir='ltr'><strong>die</strong></span> <span class='ocrx_word' id='word_1_313' title='bbox 843 2749 1189 2807; x_wconf 88' lang='lat' dir='ltr'><strong>calendarum</strong></span> <span class='ocrx_word' id='word_1_314' title='bbox 1209 2748 1474 2820; x_wconf 84' lang='lat' dir='ltr'><strong>Aprilium</strong></span> <span class='ocrx_word' id='word_1_315' title='bbox 1498 2762 1667 2819; x_wconf 90' lang='lat' dir='ltr'><strong>usque</strong></span> <span class='ocrx_word' id='word_1_316' title='bbox 1688 2748 1741 2803; x_wconf 91' lang='lat' dir='ltr'><strong>in</strong></span> <span class='ocrx_word' id='word_1_317' title='bbox 1762 2749 1860 2804; x_wconf 85' lang='lat' dir='ltr'><strong>de-</strong></span> 
     </span>
    </p>
   </div>
   <div class='ocr_carea' id='block_1_42' title="bbox 245 2840 1858 2912">
    <p class='ocr_par' dir='ltr' id='par_1_42' title="bbox 245 2840 1858 2912">
     <span class='ocr_line' id='line_1_42' title="bbox 245 2840 1858 2912; baseline -0.002 -14"><span class='ocrx_word' id='word_1_318' title='bbox 245 2842 453 2898; x_wconf 85' lang='lat' dir='ltr'><strong>cimum</strong></span> <span class='ocrx_word' id='word_1_319' title='bbox 475 2851 725 2912; x_wconf 87' lang='lat' dir='ltr'><strong>quartum</strong></span> <span class='ocrx_word' id='word_1_320' title='bbox 748 2842 999 2899; x_wconf 89' lang='lat' dir='ltr'><strong>calendas</strong></span> <span class='ocrx_word' id='word_1_321' title='bbox 1020 2840 1187 2898; x_wconf 83' lang='lat' dir='ltr'><strong>Maias</strong></span> <span class='ocrx_word' id='word_1_322' title='bbox 1212 2842 1391 2897; x_wconf 88' lang='lat' dir='ltr'><strong>lunam</strong></span> <span class='ocrx_word' id='word_1_323' title='bbox 1411 2840 1675 2898; x_wconf 87' lang='lat' dir='ltr'><strong>decimam</strong></span> <span class='ocrx_word' id='word_1_324' title='bbox 1695 2854 1858 2911; x_wconf 89' lang='lat' dir='ltr'><strong>quar-</strong></span> 
     </span>
    </p>
   </div>
   <div class='ocr_carea' id='block_1_43' title="bbox 248 2930 1857 3003">
    <p class='ocr_par' dir='ltr' id='par_1_43' title="bbox 248 2930 1857 3003">
     <span class='ocr_line' id='line_1_43' title="bbox 248 2930 1857 3003; baseline 0.002 -18"><span class='ocrx_word' id='word_1_325' title='bbox 248 2938 364 2987; x_wconf 84' lang='lat' dir='ltr'><strong>tam</strong></span> <span class='ocrx_word' id='word_1_326' title='bbox 385 2931 648 2988; x_wconf 85' lang='lat' dir='ltr'><strong>solertius</strong></span> <span class='ocrx_word' id='word_1_327' title='bbox 674 2932 1067 3003; x_wconf 87' lang='lat' dir='ltr'><strong>inquirendam.</strong></span> <span class='ocrx_word' id='word_1_328' title='bbox 1095 2932 1227 3000; x_wconf 72' lang='lat' dir='ltr'><strong>Qua:</strong></span> <span class='ocrx_word' id='word_1_329' title='bbox 1254 2931 1379 3003; x_wconf 90' lang='lat' dir='ltr'><strong>quia</strong></span> <span class='ocrx_word' id='word_1_330' title='bbox 1403 2946 1525 2988; x_wconf 91' lang='lat' dir='ltr'><strong>cum</strong></span> <span class='ocrx_word' id='word_1_331' title='bbox 1547 2930 1676 2989; x_wconf 90' lang='lat' dir='ltr'><strong>solis</strong></span> <span class='ocrx_word' id='word_1_332' title='bbox 1695 2943 1857 2988; x_wconf 90' lang='lat' dir='ltr'><strong>cursu</strong></span> 
     </span>
    </p>
   </div>
   <div class='ocr_carea' id='block_1_44' title="bbox 250 3019 1859 3094">
    <p class='ocr_par' dir='ltr' id='par_1_44' title="bbox 250 3019 1859 3094">
     <span class='ocr_line' id='line_1_44' title="bbox 250 3019 1859 3094; baseline -0.002 -14"><span class='ocrx_word' id='word_1_333' title='bbox 250 3039 365 3082; x_wconf 86' lang='lat' dir='ltr'><strong>non</strong></span> <span class='ocrx_word' id='word_1_334' title='bbox 388 3023 675 3094; x_wconf 66' lang='lat' dir='ltr'><strong>inqualiter</strong></span> <span class='ocrx_word' id='word_1_335' title='bbox 702 3024 963 3093; x_wconf 82' lang='lat' dir='ltr'><strong>volvitur,</strong></span> <span class='ocrx_word' id='word_1_336' title='bbox 997 3030 1271 3078; x_wconf 88' lang='lat' dir='ltr'><strong>tantorum</strong></span> <span class='ocrx_word' id='word_1_337' title='bbox 1301 3021 1510 3076; x_wconf 89' lang='lat' dir='ltr'><strong>dierum</strong></span> <span class='ocrx_word' id='word_1_338' title='bbox 1546 3019 1734 3092; x_wconf 84' lang='lat' dir='ltr'><strong>spatiis</strong></span> <span class='ocrx_word' id='word_1_339' title='bbox 1763 3036 1859 3077; x_wconf 90' lang='lat' dir='ltr'><strong>oc-</strong></span> 
     </span>
    </p>
   </div>
   <div class='ocr_carea' id='block_1_45' title="bbox 249 3112 1856 3187">
    <p class='ocr_par' dir='ltr' id='par_1_45' title="bbox 249 3112 1856 3187">
     <span class='ocr_line' id='line_1_45' title="bbox 249 3112 1856 3187; baseline -0.003 -13"><span class='ocrx_word' id='word_1_340' title='bbox 249 3133 476 3175; x_wconf 81' lang='lat' dir='ltr'><strong>cursum</strong></span> <span class='ocrx_word' id='word_1_341' title='bbox 504 3116 742 3172; x_wconf 80' lang='lat' dir='ltr'><strong>vernalis</strong></span> <span class='ocrx_word' id='word_1_342' title='bbox 770 3112 1083 3187; x_wconf 70' lang='lat' dir='ltr'><strong>mquinoctii</strong></span> <span class='ocrx_word' id='word_1_343' title='bbox 1105 3121 1472 3185; x_wconf 85' lang='lat' dir='ltr'><strong>consequatur</strong></span> <span class='ocrx_word' id='word_1_344' title='bbox 1497 3130 1510 3166; x_wconf 95' lang='lat'>:</span> <span class='ocrx_word' id='word_1_345' title='bbox 1544 3113 1636 3183; x_wconf 89' lang='lat' dir='ltr'><strong>qui</strong></span> <span class='ocrx_word' id='word_1_346' title='bbox 1666 3127 1696 3167; x_wconf 87' lang='lat' dir='ltr'><strong>a</strong></span> <span class='ocrx_word' id='word_1_347' title='bbox 1719 3112 1856 3170; x_wconf 89' lang='lat' dir='ltr'><strong>duo-</strong></span> 
     </span>
    </p>
   </div>
   <div class='ocr_carea' id='block_1_46' title="bbox 1959 1924 3551 1995">
    <p class='ocr_par' dir='ltr' id='par_1_46' title="bbox 1959 1924 3551 1995">
     <span class='ocr_line' id='line_1_46' title="bbox 1959 1924 3551 1995; baseline -0.001 -16"><span class='ocrx_word' id='word_1_348' title='bbox 1959 1936 2127 1979; x_wconf 76' lang='lat' dir='ltr'><strong>cmam</strong></span> <span class='ocrx_word' id='word_1_349' title='bbox 2157 1933 2283 1994; x_wconf 90' lang='lat' dir='ltr'><strong>post</strong></span> <span class='ocrx_word' id='word_1_350' title='bbox 2309 1932 2554 1994; x_wconf 87' lang='lat' dir='ltr'><strong>tempora</strong></span> <span class='ocrx_word' id='word_1_351' title='bbox 2583 1939 2691 1980; x_wconf 91' lang='lat' dir='ltr'><strong>non</strong></span> <span class='ocrx_word' id='word_1_352' title='bbox 2725 1924 2884 1995; x_wconf 83' lang='lat' dir='ltr'><strong>longa</strong></span> <span class='ocrx_word' id='word_1_353' title='bbox 2908 1924 3241 1980; x_wconf 87' lang='lat' dir='ltr'><strong>conveniens</strong></span> <span class='ocrx_word' id='word_1_354' title='bbox 3271 1934 3318 1991; x_wconf 75' lang='grc'><strong>⁸,</strong></span> <span class='ocrx_word' id='word_1_355' title='bbox 3360 1935 3551 1979; x_wconf 87' lang='lat' dir='ltr'><strong>eorum</strong></span> 
     </span>
    </p>
   </div>
   <div class='ocr_carea' id='block_1_47' title="bbox 1955 2012 3553 2086">
    <p class='ocr_par' dir='ltr' id='par_1_47' title="bbox 1955 2012 3553 2086">
     <span class='ocr_line' id='line_1_47' title="bbox 1955 2012 3553 2086; baseline 0.002 -18"><span class='ocrx_word' id='word_1_356' title='bbox 1955 2012 2205 2085; x_wconf 89' lang='lat' dir='ltr'><strong>primitus</strong></span> <span class='ocrx_word' id='word_1_357' title='bbox 2252 2014 2665 2081; x_wconf 84' lang='lat' dir='ltr'><strong>deﬁnitionem,</strong></span> <span class='ocrx_word' id='word_1_358' title='bbox 2719 2029 2883 2086; x_wconf 88' lang='lat' dir='ltr'><strong>quam</strong></span> <span class='ocrx_word' id='word_1_359' title='bbox 2931 2014 3001 2070; x_wconf 90' lang='lat' dir='ltr'><strong>dc</strong></span> <span class='ocrx_word' id='word_1_360' title='bbox 3056 2012 3297 2086; x_wconf 84' lang='lat' dir='ltr'><strong>paschali</strong></span> <span class='ocrx_word' id='word_1_361' title='bbox 3340 2013 3553 2071; x_wconf 78' lang='lat' dir='ltr'><strong>ratione</strong></span> 
     </span>
    </p>
   </div>
   <div class='ocr_carea' id='block_1_48' title="bbox 1960 2103 3571 2177">
    <p class='ocr_par' dir='ltr' id='par_1_48' title="bbox 1960 2103 3571 2177">
     <span class='ocr_line' id='line_1_48' title="bbox 1960 2103 3571 2177; baseline -0.001 -17"><span class='ocrx_word' id='word_1_362' title='bbox 1960 2105 2315 2177; x_wconf 89' lang='lat' dir='ltr'><strong>protulerant,</strong></span> <span class='ocrx_word' id='word_1_363' title='bbox 2356 2104 2507 2162; x_wconf 89' lang='lat' dir='ltr'><strong>nullo</strong></span> <span class='ocrx_word' id='word_1_364' title='bbox 2552 2103 2717 2165; x_wconf 89' lang='lat' dir='ltr'><strong>modo</strong></span> <span class='ocrx_word' id='word_1_365' title='bbox 2759 2104 3069 2163; x_wconf 84' lang='lat' dir='ltr'><strong>violandam</strong></span> <span class='ocrx_word' id='word_1_366' title='bbox 3109 2105 3571 2171; x_wconf 48' lang='lat' dir='ltr'><strong>esse&#39;censuerit,</strong></span> 
     </span>
    </p>
   </div>
   <div class='ocr_carea' id='block_1_49' title="bbox 1958 2188 3549 2269">
    <p class='ocr_par' dir='ltr' id='par_1_49' title="bbox 1958 2188 3549 2269">
     <span class='ocr_line' id='line_1_49' title="bbox 1958 2188 3549 2269; baseline 0 -18"><span class='ocrx_word' id='word_1_367' title='bbox 1958 2196 2204 2269; x_wconf 90' lang='lat' dir='ltr'><strong>Denique</strong></span> <span class='ocrx_word' id='word_1_368' title='bbox 2233 2199 2287 2253; x_wconf 93' lang='lat' dir='ltr'><strong>in</strong></span> <span class='ocrx_word' id='word_1_369' title='bbox 2316 2198 2521 2255; x_wconf 86' lang='lat' dir='ltr'><strong>sanctis</strong></span> <span class='ocrx_word' id='word_1_370' title='bbox 2543 2200 2863 2266; x_wconf 89' lang='lat' dir='ltr'><strong>canonibus,</strong></span> <span class='ocrx_word' id='word_1_371' title='bbox 2893 2201 2994 2255; x_wconf 89' lang='lat' dir='ltr'><strong>sub</strong></span> <span class='ocrx_word' id='word_1_372' title='bbox 3022 2198 3180 2254; x_wconf 89' lang='lat' dir='ltr'><strong>titulo</strong></span> <span class='ocrx_word' id='word_1_373' title='bbox 3214 2188 3549 2269; x_wconf 85' lang='lat' dir='ltr'><strong>septuagesi-</strong></span> 
     </span>
    </p>
   </div>
   <div class='ocr_carea' id='block_1_50' title="bbox 1956 2286 3572 2362">
    <p class='ocr_par' dir='ltr' id='par_1_50' title="bbox 1956 2286 3572 2362">
     <span class='ocr_line' id='line_1_50' title="bbox 1956 2286 3572 2362; baseline -0.002 -16"><span class='ocrx_word' id='word_1_374' title='bbox 1956 2305 2049 2346; x_wconf 93' lang='lat' dir='ltr'><strong>mo</strong></span> <span class='ocrx_word' id='word_1_375' title='bbox 2094 2305 2259 2359; x_wconf 92' lang='lat' dir='ltr'><strong>nono,</strong></span> <span class='ocrx_word' id='word_1_376' title='bbox 2301 2291 2395 2360; x_wconf 91' lang='lat' dir='ltr'><strong>qui</strong></span> <span class='ocrx_word' id='word_1_377' title='bbox 2418 2300 2503 2348; x_wconf 92' lang='lat' dir='ltr'><strong>est</strong></span> <span class='ocrx_word' id='word_1_378' title='bbox 2538 2292 2741 2362; x_wconf 88' lang='lat' dir='ltr'><strong>primus</strong></span> <span class='ocrx_word' id='word_1_379' title='bbox 2774 2286 2940 2362; x_wconf 86' lang='lat' dir='ltr'><strong>ipsius</strong></span> <span class='ocrx_word' id='word_1_380' title='bbox 2967 2291 3289 2347; x_wconf 83' lang='lat' dir='ltr'><strong>Antiocheni</strong></span> <span class='ocrx_word' id='word_1_381' title='bbox 3316 2289 3572 2356; x_wconf 79' lang='lat' dir='ltr'><strong>concilii...</strong></span> 
     </span>
    </p>
   </div>
   <div class='ocr_carea' id='block_1_51' title="bbox 1956 2381 3565 2455">
    <p class='ocr_par' dir='ltr' id='par_1_51' title="bbox 1956 2381 3565 2455">
     <span class='ocr_line' id='line_1_51' title="bbox 1956 2381 3565 2455; baseline -0.003 -16"><span class='ocrx_word' id='word_1_382' title='bbox 1956 2383 2042 2439; x_wconf 88' lang='lat' dir='ltr'><strong>bis</strong></span> <span class='ocrx_word' id='word_1_383' title='bbox 2068 2382 2245 2440; x_wconf 83' lang='lat' dir='ltr'><strong>verbis</strong></span> <span class='ocrx_word' id='word_1_384' title='bbox 2266 2383 2539 2445; x_wconf 80' lang='lat' dir='ltr'><strong>invenitur</strong></span> <span class='ocrx_word' id='word_1_385' title='bbox 2563 2399 2885 2454; x_wconf 72' lang='lat' dir='ltr'><strong>expressum</strong></span> <span class='ocrx_word' id='word_1_386' title='bbox 2911 2402 2925 2439; x_wconf 69' lang='grc' dir='ltr'><em>ε</em></span> <span class='ocrx_word' id='word_1_387' title='bbox 2957 2381 3155 2443; x_wconf 78' lang='lat' dir='ltr'><strong>0mm</strong></span> <span class='ocrx_word' id='word_1_388' title='bbox 3182 2382 3273 2455; x_wconf 69' lang='lat' dir='ltr'><strong>qui</strong></span> <span class='ocrx_word' id='word_1_389' title='bbox 3296 2382 3414 2442; x_wconf 83' lang='lat' dir='ltr'><strong>ausi</strong></span> <span class='ocrx_word' id='word_1_390' title='bbox 3436 2383 3565 2452; x_wconf 74' lang='lat' dir='ltr'><strong>{ue--</strong></span> 
     </span>
    </p>
   </div>
   <div class='ocr_carea' id='block_1_52' title="bbox 1957 2467 3565 2546">
    <p class='ocr_par' dir='ltr' id='par_1_52' title="bbox 1957 2467 3565 2546">
     <span class='ocr_line' id='line_1_52' title="bbox 1957 2467 3565 2546; baseline -0.004 -18"><span class='ocrx_word' id='word_1_391' title='bbox 1957 2474 2065 2529; x_wconf 85' lang='lat' dir='ltr'><strong>rint</strong></span> <span class='ocrx_word' id='word_1_392' title='bbox 2111 2474 2390 2531; x_wconf 86' lang='lat' dir='ltr'><strong>dissolvere</strong></span> <span class='ocrx_word' id='word_1_393' title='bbox 2434 2474 2791 2546; x_wconf 84' lang='lat' dir='ltr'><strong>deﬁnitionem</strong></span> <span class='ocrx_word' id='word_1_394' title='bbox 2832 2475 3002 2530; x_wconf 83' lang='lat' dir='ltr'><strong>sancti</strong></span> <span class='ocrx_word' id='word_1_395' title='bbox 3041 2483 3092 2531; x_wconf 91' lang='lat' dir='ltr'><strong>et</strong></span> <span class='ocrx_word' id='word_1_396' title='bbox 3133 2473 3311 2544; x_wconf 81' lang='lat' dir='ltr'><strong>magni</strong></span> <span class='ocrx_word' id='word_1_397' title='bbox 3351 2467 3565 2529; x_wconf 75' lang='lat' dir='ltr'><strong>concilii</strong></span> 
     </span>
    </p>
   </div>
   <div class='ocr_carea' id='block_1_53' title="bbox 1959 2562 3552 2641">
    <p class='ocr_par' dir='ltr' id='par_1_53' title="bbox 1959 2562 3552 2641">
     <span class='ocr_line' id='line_1_53' title="bbox 1959 2562 3552 2641; baseline 0.001 -23"><span class='ocrx_word' id='word_1_398' title='bbox 1959 2565 2098 2637; x_wconf 87' lang='lat' dir='ltr'><strong>quod</strong></span> <span class='ocrx_word' id='word_1_399' title='bbox 2144 2564 2283 2636; x_wconf 86' lang='lat' dir='ltr'><strong>apud</strong></span> <span class='ocrx_word' id='word_1_400' title='bbox 2312 2562 2555 2623; x_wconf 63' lang='lat' dir='ltr'><strong>Nicaeam</strong></span> <span class='ocrx_word' id='word_1_401' title='bbox 2580 2575 2949 2637; x_wconf 83' lang='lat' dir='ltr'><strong>congregatum</strong></span> <span class='ocrx_word' id='word_1_402' title='bbox 2993 2573 3094 2634; x_wconf 87' lang='lat' dir='ltr'><strong>est,</strong></span> <span class='ocrx_word' id='word_1_403' title='bbox 3137 2562 3231 2641; x_wconf 62' lang='lat' dir='ltr'><strong>sub</strong></span> <span class='ocrx_word' id='word_1_404' title='bbox 3276 2562 3552 2635; x_wconf 73' lang='lat' dir='ltr'><strong>pratsentia</strong></span> 
     </span>
    </p>
   </div>
   <div class='ocr_carea' id='block_1_54' title="bbox 1959 2656 3553 2730">
    <p class='ocr_par' dir='ltr' id='par_1_54' title="bbox 1959 2656 3553 2730">
     <span class='ocr_line' id='line_1_54' title="bbox 1959 2656 3553 2730; baseline -0.001 -19"><span class='ocrx_word' id='word_1_405' title='bbox 1959 2657 2183 2730; x_wconf 85' lang='lat' dir='ltr'><strong>piissimi</strong></span> <span class='ocrx_word' id='word_1_406' title='bbox 2204 2667 2255 2712; x_wconf 91' lang='lat' dir='ltr'><strong>et</strong></span> <span class='ocrx_word' id='word_1_407' title='bbox 2283 2658 2564 2717; x_wconf 85' lang='lat' dir='ltr'><strong>venerandi</strong></span> <span class='ocrx_word' id='word_1_408' title='bbox 2592 2659 2840 2729; x_wconf 84' lang='lat' dir='ltr'><strong>principis</strong></span> <span class='ocrx_word' id='word_1_409' title='bbox 2882 2658 3234 2721; x_wconf 81' lang='lat' dir='ltr'><strong>Constantini,</strong></span> <span class='ocrx_word' id='word_1_410' title='bbox 3279 2656 3343 2711; x_wconf 87' lang='lat' dir='ltr'><strong>de</strong></span> <span class='ocrx_word' id='word_1_411' title='bbox 3369 2656 3553 2712; x_wconf 60' lang='lat' dir='ltr'><strong>saluti.</strong></span> 
     </span>
    </p>
   </div>
   <div class='ocr_carea' id='block_1_55' title="bbox 1962 2744 3553 2821">
    <p class='ocr_par' dir='ltr' id='par_1_55' title="bbox 1962 2744 3553 2821">
     <span class='ocr_line' id='line_1_55' title="bbox 1962 2744 3553 2821; baseline -0.003 -18"><span class='ocrx_word' id='word_1_412' title='bbox 1962 2750 2079 2821; x_wconf 75' lang='lat' dir='ltr'><strong>{era</strong></span> <span class='ocrx_word' id='word_1_413' title='bbox 2121 2748 2449 2805; x_wconf 83' lang='lat' dir='ltr'><strong>solemnitate</strong></span> <span class='ocrx_word' id='word_1_414' title='bbox 2497 2747 2753 2820; x_wconf 82' lang='lat' dir='ltr'><strong>paschali,</strong></span> <span class='ocrx_word' id='word_1_415' title='bbox 2809 2746 3353 2813; x_wconf 68' lang='lat' dir='ltr'><strong>excommunicandos,</strong></span> <span class='ocrx_word' id='word_1_416' title='bbox 3402 2754 3453 2799; x_wconf 90' lang='lat' dir='ltr'><strong>et</strong></span> <span class='ocrx_word' id='word_1_417' title='bbox 3493 2744 3553 2799; x_wconf 83' lang='lat' dir='ltr'><strong>ds</strong></span> 
     </span>
    </p>
   </div>
   <div class='ocr_carea' id='block_1_56' title="bbox 1959 2835 3573 2911">
    <p class='ocr_par' dir='ltr' id='par_1_56' title="bbox 1959 2835 3573 2911">
     <span class='ocr_line' id='line_1_56' title="bbox 1959 2835 3573 2911; baseline -0.002 -18"><span class='ocrx_word' id='word_1_418' title='bbox 1959 2836 2201 2894; x_wconf 83' lang='lat' dir='ltr'><strong>Ecclesia</strong></span> <span class='ocrx_word' id='word_1_419' title='bbox 2222 2836 2491 2911; x_wconf 85' lang='lat' dir='ltr'><strong>pellendos</strong></span> <span class='ocrx_word' id='word_1_420' title='bbox 2512 2854 2623 2894; x_wconf 90' lang='lat' dir='ltr'><strong>esse</strong></span> <span class='ocrx_word' id='word_1_421' title='bbox 2643 2854 2941 2903; x_wconf 83' lang='lat' dir='ltr'><strong>censemus;</strong></span> <span class='ocrx_word' id='word_1_422' title='bbox 2966 2838 3011 2892; x_wconf 87' lang='lat' dir='ltr'><strong>si</strong></span> <span class='ocrx_word' id='word_1_423' title='bbox 3034 2846 3203 2893; x_wconf 86' lang='lat' dir='ltr'><strong>tamen</strong></span> <span class='ocrx_word' id='word_1_424' title='bbox 3223 2835 3573 2900; x_wconf 45' lang='lat' dir='ltr'><strong>contentiosa.</strong></span> 
     </span>
    </p>
   </div>
   <div class='ocr_carea' id='block_1_57' title="bbox 1961 2919 3552 3005">
    <p class='ocr_par' dir='ltr' id='par_1_57' title="bbox 1961 2919 3552 3005">
     <span class='ocr_line' id='line_1_57' title="bbox 1961 2919 3552 3005; baseline -0.004 -19"><span class='ocrx_word' id='word_1_425' title='bbox 1961 2931 2205 2987; x_wconf 86' lang='lat' dir='ltr'><strong>adversus</strong></span> <span class='ocrx_word' id='word_1_426' title='bbox 2234 2948 2295 2986; x_wconf 88' lang='lat' dir='ltr'><strong>ea</strong></span> <span class='ocrx_word' id='word_1_427' title='bbox 2321 2948 2437 3005; x_wconf 72' lang='lat' dir='ltr'><strong>qua:</strong></span> <span class='ocrx_word' id='word_1_428' title='bbox 2472 2930 2606 2986; x_wconf 85' lang='lat' dir='ltr'><strong>bene</strong></span> <span class='ocrx_word' id='word_1_429' title='bbox 2657 2939 2778 2986; x_wconf 89' lang='lat' dir='ltr'><strong>sunt</strong></span> <span class='ocrx_word' id='word_1_430' title='bbox 2822 2929 3051 2997; x_wconf 81' lang='lat' dir='ltr'><strong>decreta,</strong></span> <span class='ocrx_word' id='word_1_431' title='bbox 3095 2927 3435 2999; x_wconf 87' lang='lat' dir='ltr'><strong>perstiterint.</strong></span> <span class='ocrx_word' id='word_1_432' title='bbox 3486 2919 3552 2980; x_wconf 86' lang='lat' dir='ltr'><strong>Et</strong></span> 
     </span>
    </p>
   </div>
   <div class='ocr_carea' id='block_1_58' title="bbox 1963 3014 3557 3095">
    <p class='ocr_par' dir='ltr' id='par_1_58' title="bbox 1963 3014 3557 3095">
     <span class='ocr_line' id='line_1_58' title="bbox 1963 3014 3557 3095; baseline -0.004 -19"><span class='ocrx_word' id='word_1_433' title='bbox 1963 3022 2074 3078; x_wconf 62' lang='lat' dir='ltr'><strong>haec</strong></span> <span class='ocrx_word' id='word_1_434' title='bbox 2103 3020 2309 3095; x_wconf 81' lang='lat' dir='ltr'><strong>quidem</strong></span> <span class='ocrx_word' id='word_1_435' title='bbox 2334 3022 2399 3076; x_wconf 88' lang='lat' dir='ltr'><strong>de</strong></span> <span class='ocrx_word' id='word_1_436' title='bbox 2430 3021 2579 3076; x_wconf 88' lang='lat' dir='ltr'><strong>laicis</strong></span> <span class='ocrx_word' id='word_1_437' title='bbox 2608 3021 2747 3076; x_wconf 88' lang='lat' dir='ltr'><strong>dicta</strong></span> <span class='ocrx_word' id='word_1_438' title='bbox 2774 3022 2900 3076; x_wconf 89' lang='lat' dir='ltr'><strong>sint.</strong></span> <span class='ocrx_word' id='word_1_439' title='bbox 2950 3014 3014 3075; x_wconf 87' lang='lat' dir='ltr'><strong>Si</strong></span> <span class='ocrx_word' id='word_1_440' title='bbox 3039 3019 3153 3091; x_wconf 86' lang='lat' dir='ltr'><strong>quis</strong></span> <span class='ocrx_word' id='word_1_441' title='bbox 3183 3026 3353 3073; x_wconf 80' lang='lat' dir='ltr'><strong>autem</strong></span> <span class='ocrx_word' id='word_1_442' title='bbox 3381 3031 3557 3073; x_wconf 75' lang='lat' dir='ltr'><strong>eorum</strong></span> 
     </span>
    </p>
   </div>
   <div class='ocr_carea' id='block_1_59' title="bbox 1963 3110 3566 3191">
    <p class='ocr_par' dir='ltr' id='par_1_59' title="bbox 1963 3110 3566 3191">
     <span class='ocr_line' id='line_1_59' title="bbox 1963 3110 3566 3191; baseline -0.005 -20"><span class='ocrx_word' id='word_1_443' title='bbox 1963 3117 2051 3191; x_wconf 89' lang='lat' dir='ltr'><strong>qui</strong></span> <span class='ocrx_word' id='word_1_444' title='bbox 2074 3125 2309 3188; x_wconf 80' lang='lat' dir='ltr'><strong>prtesunt</strong></span> <span class='ocrx_word' id='word_1_445' title='bbox 2336 3113 2605 3184; x_wconf 59' lang='lat' dir='ltr'><strong>Ecclesia},</strong></span> <span class='ocrx_word' id='word_1_446' title='bbox 2624 3125 2713 3171; x_wconf 85' lang='lat' dir='ltr'><strong>aut</strong></span> <span class='ocrx_word' id='word_1_447' title='bbox 2736 3116 3031 3186; x_wconf 86' lang='lat' dir='ltr'><strong>episcopus,</strong></span> <span class='ocrx_word' id='word_1_448' title='bbox 3055 3121 3144 3167; x_wconf 89' lang='lat' dir='ltr'><strong>aut</strong></span> <span class='ocrx_word' id='word_1_449' title='bbox 3162 3110 3448 3183; x_wconf 77' lang='lat' dir='ltr'><strong>presbyter.</strong></span> <span class='ocrx_word' id='word_1_450' title='bbox 3471 3118 3566 3165; x_wconf 85' lang='lat' dir='ltr'><strong>aut</strong></span> 
     </span>
    </p>
   </div>
   <div class='ocr_carea' id='block_1_60' title="bbox 250 3200 3554 3279">
    <p class='ocr_par' dir='ltr' id='par_1_60' title="bbox 250 3200 3554 3279">
     <span class='ocr_line' id='line_1_60' title="bbox 250 3200 3554 3279; baseline -0.002 -16"><span class='ocrx_word' id='word_1_451' title='bbox 250 3208 472 3266; x_wconf 84' lang='lat' dir='ltr'><strong>decimo</strong></span> <span class='ocrx_word' id='word_1_452' title='bbox 498 3208 847 3264; x_wconf 81' lang='lat' dir='ltr'><strong>calendarum</strong></span> <span class='ocrx_word' id='word_1_453' title='bbox 874 3206 1139 3278; x_wconf 84' lang='lat' dir='ltr'><strong>Aprilium</strong></span> <span class='ocrx_word' id='word_1_454' title='bbox 1170 3206 1277 3271; x_wconf 88' lang='lat' dir='ltr'><strong>die,</strong></span> <span class='ocrx_word' id='word_1_455' title='bbox 1313 3212 1632 3262; x_wconf 88' lang='lat' dir='ltr'><strong>cunctorum</strong></span> <span class='ocrx_word' id='word_1_456' title='bbox 1661 3200 1853 3260; x_wconf 87' lang='lat' dir='ltr'><strong>Orien-</strong></span> <span class='ocrx_word' id='word_1_457' title='bbox 1881 3205 1930 3270; x_wconf 86' lang='lat' dir='ltr'>C</span> <span class='ocrx_word' id='word_1_458' title='bbox 1962 3208 2238 3274; x_wconf 86' lang='lat' dir='ltr'><strong>diaconus,</strong></span> <span class='ocrx_word' id='word_1_459' title='bbox 2264 3217 2380 3279; x_wconf 86' lang='lat' dir='ltr'><strong>post</strong></span> <span class='ocrx_word' id='word_1_460' title='bbox 2407 3206 2542 3262; x_wconf 84' lang='lat' dir='ltr'><strong>hanc</strong></span> <span class='ocrx_word' id='word_1_461' title='bbox 2569 3206 2925 3277; x_wconf 87' lang='lat' dir='ltr'><strong>deﬁnitionem</strong></span> <span class='ocrx_word' id='word_1_462' title='bbox 2952 3204 3221 3259; x_wconf 79' lang='lat' dir='ltr'><strong>tentaverit</strong></span> <span class='ocrx_word' id='word_1_463' title='bbox 3251 3202 3319 3257; x_wconf 91' lang='lat' dir='ltr'><strong>ad</strong></span> <span class='ocrx_word' id='word_1_464' title='bbox 3347 3201 3554 3256; x_wconf 81' lang='lat' dir='ltr'><strong>subver-</strong></span> 
     </span>
    </p>
   </div>
   <div class='ocr_carea' id='block_1_61' title="bbox 254 3298 1854 3372">
    <p class='ocr_par' dir='ltr' id='par_1_61' title="bbox 254 3298 1854 3372">
     <span class='ocr_line' id='line_1_61' title="bbox 254 3298 1854 3372; baseline -0.001 -15"><span class='ocrx_word' id='word_1_465' title='bbox 254 3301 448 3357; x_wconf 87' lang='lat' dir='ltr'><strong>talium</strong></span> <span class='ocrx_word' id='word_1_466' title='bbox 468 3301 773 3369; x_wconf 89' lang='lat' dir='ltr'><strong>sententiis,</strong></span> <span class='ocrx_word' id='word_1_467' title='bbox 797 3308 853 3356; x_wconf 92' lang='lat' dir='ltr'><strong>et</strong></span> <span class='ocrx_word' id='word_1_468' title='bbox 876 3302 1112 3356; x_wconf 82' lang='lat' dir='ltr'><strong>maxime</strong></span> <span class='ocrx_word' id='word_1_469' title='bbox 1134 3298 1535 3372; x_wconf 65' lang='lat' dir='ltr'><strong>tEgyptiorum,</strong></span> <span class='ocrx_word' id='word_1_470' title='bbox 1560 3298 1653 3369; x_wconf 91' lang='lat' dir='ltr'><strong>qui</strong></span> <span class='ocrx_word' id='word_1_471' title='bbox 1674 3299 1854 3355; x_wconf 82' lang='lat' dir='ltr'><strong>calcu—</strong></span> 
     </span>
    </p>
   </div>
   <div class='ocr_carea' id='block_1_62' title="bbox 252 3389 1855 3464">
    <p class='ocr_par' dir='ltr' id='par_1_62' title="bbox 252 3389 1855 3464">
     <span class='ocr_line' id='line_1_62' title="bbox 252 3389 1855 3464; baseline -0.001 -16"><span class='ocrx_word' id='word_1_472' title='bbox 252 3392 475 3450; x_wconf 87' lang='lat' dir='ltr'><strong>lationis</strong></span> <span class='ocrx_word' id='word_1_473' title='bbox 492 3407 604 3464; x_wconf 63' lang='lat' dir='ltr'><strong>prae</strong></span> <span class='ocrx_word' id='word_1_474' title='bbox 624 3392 877 3449; x_wconf 89' lang='lat' dir='ltr'><strong>omnibus</strong></span> <span class='ocrx_word' id='word_1_475' title='bbox 890 3393 1041 3462; x_wconf 88' lang='lat' dir='ltr'><strong>gnari</strong></span> <span class='ocrx_word' id='word_1_476' title='bbox 1057 3398 1201 3459; x_wconf 90' lang='lat' dir='ltr'><strong>sunt,</strong></span> <span class='ocrx_word' id='word_1_477' title='bbox 1221 3390 1529 3462; x_wconf 89' lang='lat' dir='ltr'><strong>specialiter</strong></span> <span class='ocrx_word' id='word_1_478' title='bbox 1544 3389 1855 3446; x_wconf 86' lang='lat' dir='ltr'><strong>adnotatur.</strong></span> 
     </span>
    </p>
   </div>
   <div class='ocr_carea' id='block_1_63' title="bbox 252 3481 1856 3555">
    <p class='ocr_par' dir='ltr' id='par_1_63' title="bbox 252 3481 1856 3555">
     <span class='ocr_line' id='line_1_63' title="bbox 252 3481 1856 3555; baseline -0.002 -16"><span class='ocrx_word' id='word_1_479' title='bbox 252 3482 313 3540; x_wconf 80' lang='lat' dir='ltr'><strong>In</strong></span> <span class='ocrx_word' id='word_1_480' title='bbox 341 3499 455 3555; x_wconf 89' lang='lat' dir='ltr'><strong>quo</strong></span> <span class='ocrx_word' id='word_1_481' title='bbox 479 3486 668 3554; x_wconf 85' lang='lat' dir='ltr'><strong>etiam,</strong></span> <span class='ocrx_word' id='word_1_482' title='bbox 717 3484 763 3541; x_wconf 87' lang='lat' dir='ltr'><strong>si</strong></span> <span class='ocrx_word' id='word_1_483' title='bbox 793 3484 921 3539; x_wconf 90' lang='lat' dir='ltr'><strong>luna</strong></span> <span class='ocrx_word' id='word_1_484' title='bbox 950 3482 1161 3540; x_wconf 90' lang='lat' dir='ltr'><strong>decima</strong></span> <span class='ocrx_word' id='word_1_485' title='bbox 1195 3492 1392 3552; x_wconf 86' lang='lat' dir='ltr'><strong>quarta</strong></span> <span class='ocrx_word' id='word_1_486' title='bbox 1415 3481 1641 3538; x_wconf 88' lang='lat' dir='ltr'><strong>sabbato</strong></span> <span class='ocrx_word' id='word_1_487' title='bbox 1679 3482 1856 3538; x_wconf 85' lang='lat' dir='ltr'><strong>conti-</strong></span> 
     </span>
    </p>
   </div>
   <div class='ocr_carea' id='block_1_64' title="bbox 254 3572 1861 3646">
    <p class='ocr_par' dir='ltr' id='par_1_64' title="bbox 254 3572 1861 3646">
     <span class='ocr_line' id='line_1_64' title="bbox 254 3572 1861 3646; baseline -0.002 -16"><span class='ocrx_word' id='word_1_488' title='bbox 254 3575 397 3643; x_wconf 77' lang='lat' dir='ltr'><strong>gerit</strong></span> <span class='ocrx_word' id='word_1_489' title='bbox 428 3574 597 3646; x_wconf 89' lang='lat' dir='ltr'><strong>(quod</strong></span> <span class='ocrx_word' id='word_1_490' title='bbox 635 3573 807 3631; x_wconf 88' lang='lat' dir='ltr'><strong>semel</strong></span> <span class='ocrx_word' id='word_1_491' title='bbox 850 3574 904 3629; x_wconf 93' lang='lat' dir='ltr'><strong>in</strong></span> <span class='ocrx_word' id='word_1_492' title='bbox 934 3573 1230 3643; x_wconf 81' lang='lat' dir='ltr'><strong>nonaginta</strong></span> <span class='ocrx_word' id='word_1_493' title='bbox 1259 3573 1499 3642; x_wconf 91' lang='lat' dir='ltr'><strong>quinque</strong></span> <span class='ocrx_word' id='word_1_494' title='bbox 1532 3572 1687 3627; x_wconf 91' lang='lat' dir='ltr'><strong>annis</strong></span> <span class='ocrx_word' id='word_1_495' title='bbox 1715 3572 1861 3628; x_wconf 90' lang='lat' dir='ltr'><strong>acci-</strong></span> 
     </span>
    </p>
   </div>
   <div class='ocr_carea' id='block_1_65' title="bbox 254 3664 1866 3738">
    <p class='ocr_par' dir='ltr' id='par_1_65' title="bbox 254 3664 1866 3738">
     <span class='ocr_line' id='line_1_65' title="bbox 254 3664 1866 3738; baseline 0 -16"><span class='ocrx_word' id='word_1_496' title='bbox 254 3666 387 3723; x_wconf 85' lang='lat' dir='ltr'><strong>dere</strong></span> <span class='ocrx_word' id='word_1_497' title='bbox 414 3667 762 3724; x_wconf 86' lang='lat' dir='ltr'><strong>manii&#39;estum</strong></span> <span class='ocrx_word' id='word_1_498' title='bbox 796 3666 901 3738; x_wconf 89' lang='lat' dir='ltr'><strong>est)</strong></span> <span class='ocrx_word' id='word_1_499' title='bbox 922 3709 936 3733; x_wconf 95' lang='lat'><strong>,</strong></span> <span class='ocrx_word' id='word_1_500' title='bbox 967 3667 1217 3737; x_wconf 86' lang='lat' dir='ltr'><strong>sequenti</strong></span> <span class='ocrx_word' id='word_1_501' title='bbox 1245 3665 1333 3722; x_wconf 91' lang='lat' dir='ltr'><strong>die</strong></span> <span class='ocrx_word' id='word_1_502' title='bbox 1372 3664 1667 3735; x_wconf 88' lang='lat' dir='ltr'><strong>dominico,</strong></span> <span class='ocrx_word' id='word_1_503' title='bbox 1696 3665 1748 3722; x_wconf 92' lang='lat' dir='ltr'><strong>id</strong></span> <span class='ocrx_word' id='word_1_504' title='bbox 1777 3674 1866 3723; x_wconf 88' lang='lat' dir='ltr'><strong>est</strong></span> 
     </span>
    </p>
   </div>
   <div class='ocr_carea' id='block_1_66' title="bbox 254 3755 1858 3828">
    <p class='ocr_par' dir='ltr' id='par_1_66' title="bbox 254 3755 1858 3828">
     <span class='ocr_line' id='line_1_66' title="bbox 254 3755 1858 3828; baseline -0.001 -14"><span class='ocrx_word' id='word_1_505' title='bbox 254 3757 545 3814; x_wconf 85' lang='lat' dir='ltr'><strong>undecimo</strong></span> <span class='ocrx_word' id='word_1_506' title='bbox 566 3756 819 3814; x_wconf 89' lang='lat' dir='ltr'><strong>calendas</strong></span> <span class='ocrx_word' id='word_1_507' title='bbox 847 3756 1067 3828; x_wconf 86' lang='lat' dir='ltr'><strong>Aprilis,</strong></span> <span class='ocrx_word' id='word_1_508' title='bbox 1091 3757 1217 3813; x_wconf 90' lang='lat' dir='ltr'><strong>luna</strong></span> <span class='ocrx_word' id='word_1_509' title='bbox 1239 3756 1446 3814; x_wconf 89' lang='lat' dir='ltr'><strong>decima</strong></span> <span class='ocrx_word' id='word_1_510' title='bbox 1471 3757 1681 3827; x_wconf 84' lang='lat' dir='ltr'><strong>quinta,</strong></span> <span class='ocrx_word' id='word_1_511' title='bbox 1713 3755 1858 3813; x_wconf 88' lang='lat' dir='ltr'><strong>cele-</strong></span> 
     </span>
    </p>
   </div>
   <div class='ocr_carea' id='block_1_67' title="bbox 255 3846 1856 3922">
    <p class='ocr_par' dir='ltr' id='par_1_67' title="bbox 255 3846 1856 3922">
     <span class='ocr_line' id='line_1_67' title="bbox 255 3846 1856 3922; baseline 0.001 -19"><span class='ocrx_word' id='word_1_512' title='bbox 255 3846 526 3904; x_wconf 84' lang='lat' dir='ltr'><strong>brandum</strong></span> <span class='ocrx_word' id='word_1_513' title='bbox 554 3846 788 3917; x_wconf 84' lang='lat' dir='ltr'><strong>Pascha,</strong></span> <span class='ocrx_word' id='word_1_514' title='bbox 819 3848 1009 3905; x_wconf 90' lang='lat' dir='ltr'><strong>eadem</strong></span> <span class='ocrx_word' id='word_1_515' title='bbox 1041 3856 1230 3905; x_wconf 91' lang='lat' dir='ltr'><strong>sancta</strong></span> <span class='ocrx_word' id='word_1_516' title='bbox 1261 3846 1499 3922; x_wconf 84' lang='lat' dir='ltr'><strong>synodus</strong></span> <span class='ocrx_word' id='word_1_517' title='bbox 1533 3847 1652 3903; x_wconf 88' lang='lat' dir='ltr'><strong>sine</strong></span> <span class='ocrx_word' id='word_1_518' title='bbox 1681 3848 1856 3904; x_wconf 87' lang='lat' dir='ltr'><strong>ambi-</strong></span> 
     </span>
    </p>
   </div>
   <div class='ocr_carea' id='block_1_68' title="bbox 254 3937 1861 4009">
    <p class='ocr_par' dir='ltr' id='par_1_68' title="bbox 254 3937 1861 4009">
     <span class='ocr_line' id='line_1_68' title="bbox 254 3937 1861 4009; baseline -0.001 -13"><span class='ocrx_word' id='word_1_519' title='bbox 254 3940 468 4009; x_wconf 84' lang='lat' dir='ltr'><strong>guitate</strong></span> <span class='ocrx_word' id='word_1_520' title='bbox 513 3938 770 3996; x_wconf 78' lang='lat' dir='ltr'><strong>ﬁrmavit.</strong></span> <span class='ocrx_word' id='word_1_521' title='bbox 819 3937 938 3996; x_wconf 81' lang='lat' dir='ltr'><strong>Hoc</strong></span> <span class='ocrx_word' id='word_1_522' title='bbox 966 3939 1141 3996; x_wconf 90' lang='lat' dir='ltr'><strong>modis</strong></span> <span class='ocrx_word' id='word_1_523' title='bbox 1169 3938 1420 3995; x_wconf 88' lang='lat' dir='ltr'><strong>omnibus</strong></span> <span class='ocrx_word' id='word_1_524' title='bbox 1448 3938 1766 4006; x_wconf 85' lang='lat' dir='ltr'><strong>admonens,</strong></span> <span class='ocrx_word' id='word_1_525' title='bbox 1799 3946 1861 3995; x_wconf 86' lang='lat' dir='ltr'><strong>ut</strong></span> 
     </span>
    </p>
   </div>
   <div class='ocr_carea' id='block_1_69' title="bbox 257 4034 1860 4107">
    <p class='ocr_par' dir='ltr' id='par_1_69' title="bbox 257 4034 1860 4107">
     <span class='ocr_line' id='line_1_69' title="bbox 257 4034 1860 4107; baseline 0.001 -17"><span class='ocrx_word' id='word_1_526' title='bbox 257 4043 387 4092; x_wconf 85' lang='lat' dir='ltr'><strong>ante</strong></span> <span class='ocrx_word' id='word_1_527' title='bbox 415 4034 799 4092; x_wconf 88' lang='lat' dir='ltr'><strong>duodecimum</strong></span> <span class='ocrx_word' id='word_1_528' title='bbox 834 4035 1087 4092; x_wconf 90' lang='lat' dir='ltr'><strong>calendas</strong></span> <span class='ocrx_word' id='word_1_529' title='bbox 1116 4034 1317 4107; x_wconf 83' lang='lat' dir='ltr'><strong>Aprilis</strong></span> <span class='ocrx_word' id='word_1_530' title='bbox 1355 4035 1539 4091; x_wconf 90' lang='lat' dir='ltr'><strong>lunam</strong></span> <span class='ocrx_word' id='word_1_531' title='bbox 1592 4034 1860 4092; x_wconf 90' lang='lat' dir='ltr'><strong>decimam</strong></span> 
     </span>
    </p>
   </div>
   <div class='ocr_carea' id='block_1_70' title="bbox 254 4131 1862 4205">
    <p class='ocr_par' dir='ltr' id='par_1_70' title="bbox 254 4131 1862 4205">
     <span class='ocr_line' id='line_1_70' title="bbox 254 4131 1862 4205; baseline 0.002 -16"><span class='ocrx_word' id='word_1_532' title='bbox 254 4142 513 4203; x_wconf 86' lang='lat' dir='ltr'><strong>quartam</strong></span> <span class='ocrx_word' id='word_1_533' title='bbox 541 4132 811 4205; x_wconf 88' lang='lat' dir='ltr'><strong>paschalis</strong></span> <span class='ocrx_word' id='word_1_534' title='bbox 836 4132 960 4189; x_wconf 90' lang='lat' dir='ltr'><strong>i&#39;esti</strong></span> <span class='ocrx_word' id='word_1_535' title='bbox 991 4131 1167 4188; x_wconf 90' lang='lat' dir='ltr'><strong>nullus</strong></span> <span class='ocrx_word' id='word_1_536' title='bbox 1194 4132 1493 4202; x_wconf 89' lang='lat' dir='ltr'><strong>inquireret</strong></span> <span class='ocrx_word' id='word_1_537' title='bbox 1520 4149 1536 4200; x_wconf 86' lang='lat'>;</span> <span class='ocrx_word' id='word_1_538' title='bbox 1569 4147 1728 4204; x_wconf 88' lang='lat' dir='ltr'><strong>quam</strong></span> <span class='ocrx_word' id='word_1_539' title='bbox 1750 4147 1862 4192; x_wconf 86' lang='lat' dir='ltr'><strong>non</strong></span> 
     </span>
    </p>
   </div>
   <div class='ocr_carea' id='block_1_71' title="bbox 258 4222 1479 4299">
    <p class='ocr_par' dir='ltr' id='par_1_71' title="bbox 258 4222 1479 4299">
     <span class='ocr_line' id='line_1_71' title="bbox 258 4222 1479 4299; baseline -0.002 -19"><span class='ocrx_word' id='word_1_540' title='bbox 258 4225 422 4299; x_wconf 87' lang='lat' dir='ltr'><strong>primi</strong></span> <span class='ocrx_word' id='word_1_541' title='bbox 450 4224 675 4290; x_wconf 89' lang='lat' dir='ltr'><strong>mensis,</strong></span> <span class='ocrx_word' id='word_1_542' title='bbox 702 4223 797 4281; x_wconf 85' lang='lat' dir='ltr'><strong>sed</strong></span> <span class='ocrx_word' id='word_1_543' title='bbox 826 4222 1002 4278; x_wconf 89' lang='lat' dir='ltr'><strong>ultimi</strong></span> <span class='ocrx_word' id='word_1_544' title='bbox 1031 4237 1151 4278; x_wconf 87' lang='lat' dir='ltr'><strong>esse</strong></span> <span class='ocrx_word' id='word_1_545' title='bbox 1180 4229 1479 4278; x_wconf 87' lang='lat' dir='ltr'><strong>constaret.</strong></span> 
     </span>
    </p>
   </div>
   <div class='ocr_carea' id='block_1_72' title="bbox 239 4308 1863 4393">
    <p class='ocr_par' dir='ltr' id='par_1_72' title="bbox 239 4308 1863 4393">
     <span class='ocr_line' id='line_1_72' title="bbox 239 4308 1863 4393; baseline -0.006 -18"><span class='ocrx_word' id='word_1_546' title='bbox 239 4330 246 4393; x_wconf 59' lang='grc' dir='ltr'><em>ι</em></span> <span class='ocrx_word' id='word_1_547' title='bbox 326 4316 444 4374; x_wconf 85' lang='lat' dir='ltr'><strong>Sed</strong></span> <span class='ocrx_word' id='word_1_548' title='bbox 469 4330 575 4373; x_wconf 90' lang='lat' dir='ltr'><strong>nec</strong></span> <span class='ocrx_word' id='word_1_549' title='bbox 603 4316 709 4373; x_wconf 88' lang='lat' dir='ltr'><strong>hoc</strong></span> <span class='ocrx_word' id='word_1_550' title='bbox 736 4308 1174 4387; x_wconf 75' lang='lat' dir='ltr'><strong>prmtereundum</strong></span> <span class='ocrx_word' id='word_1_551' title='bbox 1201 4327 1324 4369; x_wconf 88' lang='lat' dir='ltr'><strong>esse</strong></span> <span class='ocrx_word' id='word_1_552' title='bbox 1352 4311 1681 4382; x_wconf 85' lang='lat' dir='ltr'><strong>putavimus,</strong></span> <span class='ocrx_word' id='word_1_553' title='bbox 1711 4308 1863 4383; x_wconf 90' lang='lat' dir='ltr'><strong>quod</strong></span> 
     </span>
    </p>
   </div>
   <div class='ocr_carea' id='block_1_73' title="bbox 260 4400 1865 4477">
    <p class='ocr_par' dir='ltr' id='par_1_73' title="bbox 260 4400 1865 4477">
     <span class='ocr_line' id='line_1_73' title="bbox 260 4400 1865 4477; baseline -0.005 -13"><span class='ocrx_word' id='word_1_554' title='bbox 260 4408 422 4464; x_wconf 88' lang='lat' dir='ltr'><strong>nimis</strong></span> <span class='ocrx_word' id='word_1_555' title='bbox 449 4412 637 4465; x_wconf 85' lang='lat' dir='ltr'><strong>errant</strong></span> <span class='ocrx_word' id='word_1_556' title='bbox 664 4408 757 4477; x_wconf 89' lang='lat' dir='ltr'><strong>qui</strong></span> <span class='ocrx_word' id='word_1_557' title='bbox 800 4406 983 4462; x_wconf 91' lang='lat' dir='ltr'><strong>lunam</strong></span> <span class='ocrx_word' id='word_1_558' title='bbox 1012 4416 1273 4476; x_wconf 77' lang='lat' dir='ltr'><strong>peragere</strong></span> <span class='ocrx_word' id='word_1_559' title='bbox 1310 4418 1526 4461; x_wconf 89' lang='lat' dir='ltr'><strong>cursum</strong></span> <span class='ocrx_word' id='word_1_560' title='bbox 1558 4402 1641 4459; x_wconf 86' lang='lat' dir='ltr'><strong>sui</strong></span> <span class='ocrx_word' id='word_1_561' title='bbox 1674 4400 1865 4460; x_wconf 87' lang='lat' dir='ltr'><strong>circuli</strong></span> 
     </span>
    </p>
   </div>
   <div class='ocr_carea' id='block_1_74' title="bbox 258 4495 1862 4571">
    <p class='ocr_par' dir='ltr' id='par_1_74' title="bbox 258 4495 1862 4571">
     <span class='ocr_line' id='line_1_74' title="bbox 258 4495 1862 4571; baseline -0.001 -16"><span class='ocrx_word' id='word_1_562' title='bbox 258 4500 481 4571; x_wconf 86' lang='lat' dir='ltr'><strong>triginta</strong></span> <span class='ocrx_word' id='word_1_563' title='bbox 507 4500 719 4556; x_wconf 90' lang='lat' dir='ltr'><strong>dierum</strong></span> <span class='ocrx_word' id='word_1_564' title='bbox 740 4499 928 4571; x_wconf 88' lang='lat' dir='ltr'><strong>spatiis</strong></span> <span class='ocrx_word' id='word_1_565' title='bbox 947 4498 1300 4566; x_wconf 71' lang='lat' dir='ltr'><strong>aestimantes,</strong></span> <span class='ocrx_word' id='word_1_566' title='bbox 1329 4496 1616 4554; x_wconf 89' lang='lat' dir='ltr'><strong>duodecim</strong></span> <span class='ocrx_word' id='word_1_567' title='bbox 1642 4495 1862 4553; x_wconf 85' lang='lat' dir='ltr'><strong>lunares</strong></span> 
     </span>
    </p>
   </div>
   <div class='ocr_carea' id='block_1_75' title="bbox 1962 3292 3558 3371">
    <p class='ocr_par' dir='ltr' id='par_1_75' title="bbox 1962 3292 3558 3371">
     <span class='ocr_line' id='line_1_75' title="bbox 1962 3292 3558 3371; baseline -0.008 -13"><span class='ocrx_word' id='word_1_568' title='bbox 1962 3302 2161 3358; x_wconf 84' lang='lat' dir='ltr'><strong>sionem</strong></span> <span class='ocrx_word' id='word_1_569' title='bbox 2199 3300 2546 3371; x_wconf 87' lang='lat' dir='ltr'><strong>populorum,</strong></span> <span class='ocrx_word' id='word_1_570' title='bbox 2594 3308 2647 3354; x_wconf 89' lang='lat' dir='ltr'><strong>et</strong></span> <span class='ocrx_word' id='word_1_571' title='bbox 2692 3297 3051 3355; x_wconf 85' lang='lat' dir='ltr'><strong>Ecclesiarum</strong></span> <span class='ocrx_word' id='word_1_572' title='bbox 3097 3292 3558 3371; x_wconf 81' lang='lat' dir='ltr'><strong>perturbationem,</strong></span> 
     </span>
    </p>
   </div>
   <div class='ocr_carea' id='block_1_76' title="bbox 1962 3383 3565 3462">
    <p class='ocr_par' dir='ltr' id='par_1_76' title="bbox 1962 3383 3565 3462">
     <span class='ocr_line' id='line_1_76' title="bbox 1962 3383 3565 3462; baseline -0.007 -14"><span class='ocrx_word' id='word_1_573' title='bbox 1962 3391 2178 3449; x_wconf 88' lang='lat' dir='ltr'><strong>seorsim</strong></span> <span class='ocrx_word' id='word_1_574' title='bbox 2233 3390 2494 3462; x_wconf 79' lang='lat' dir='ltr'><strong>colligere,</strong></span> <span class='ocrx_word' id='word_1_575' title='bbox 2538 3400 2589 3445; x_wconf 89' lang='lat' dir='ltr'><strong>et</strong></span> <span class='ocrx_word' id='word_1_576' title='bbox 2615 3405 2734 3447; x_wconf 85' lang='lat' dir='ltr'><strong>cum</strong></span> <span class='ocrx_word' id='word_1_577' title='bbox 2769 3386 2969 3443; x_wconf 73' lang='lat' dir='ltr'><strong>Judwis</strong></span> <span class='ocrx_word' id='word_1_578' title='bbox 3016 3383 3227 3442; x_wconf 82' lang='lat' dir='ltr'><strong>Pascha</strong></span> <span class='ocrx_word' id='word_1_579' title='bbox 3253 3384 3513 3440; x_wconf 86' lang='lat' dir='ltr'><strong>celebrare</strong></span> <span class='ocrx_word' id='word_1_580' title='bbox 3535 3399 3565 3453; x_wconf 41' lang='grc' dir='ltr'><strong>ς,</strong></span> 
     </span>
    </p>
   </div>
   <div class='ocr_carea' id='block_1_77' title="bbox 1963 3472 3555 3553">
    <p class='ocr_par' dir='ltr' id='par_1_77' title="bbox 1963 3472 3555 3553">
     <span class='ocr_line' id='line_1_77' title="bbox 1963 3472 3555 3553; baseline -0.008 -14"><span class='ocrx_word' id='word_1_581' title='bbox 1963 3492 2147 3540; x_wconf 89' lang='lat' dir='ltr'><strong>sancta</strong></span> <span class='ocrx_word' id='word_1_582' title='bbox 2173 3481 2403 3553; x_wconf 84' lang='lat' dir='ltr'><strong>synodus</strong></span> <span class='ocrx_word' id='word_1_583' title='bbox 2430 3481 2569 3535; x_wconf 82' lang='lat' dir='ltr'><strong>hunc</strong></span> <span class='ocrx_word' id='word_1_584' title='bbox 2616 3479 2843 3535; x_wconf 86' lang='lat' dir='ltr'><strong>alienum</strong></span> <span class='ocrx_word' id='word_1_585' title='bbox 2874 3479 2991 3552; x_wconf 89' lang='lat' dir='ltr'><strong>jam</strong></span> <span class='ocrx_word' id='word_1_586' title='bbox 3043 3476 3166 3532; x_wconf 81' lang='lat' dir='ltr'><strong>hinc</strong></span> <span class='ocrx_word' id='word_1_587' title='bbox 3213 3473 3278 3529; x_wconf 92' lang='lat' dir='ltr'><strong>ab</strong></span> <span class='ocrx_word' id='word_1_588' title='bbox 3318 3472 3555 3529; x_wconf 84' lang='lat' dir='ltr'><strong>Ecclesia</strong></span> 
     </span>
    </p>
   </div>
   <div class='ocr_carea' id='block_1_78' title="bbox 1963 3567 3555 3644">
    <p class='ocr_par' dir='ltr' id='par_1_78' title="bbox 1963 3567 3555 3644">
     <span class='ocr_line' id='line_1_78' title="bbox 1963 3567 3555 3644; baseline -0.009 -13"><span class='ocrx_word' id='word_1_589' title='bbox 1963 3574 2236 3639; x_wconf 82' lang='lat' dir='ltr'><strong>indicauit,</strong></span> <span class='ocrx_word' id='word_1_590' title='bbox 2269 3572 2408 3644; x_wconf 88' lang='lat' dir='ltr'><strong>quod</strong></span> <span class='ocrx_word' id='word_1_591' title='bbox 2432 3588 2539 3629; x_wconf 89' lang='lat' dir='ltr'><strong>non</strong></span> <span class='ocrx_word' id='word_1_592' title='bbox 2562 3571 2732 3627; x_wconf 89' lang='lat' dir='ltr'><strong>solum</strong></span> <span class='ocrx_word' id='word_1_593' title='bbox 2758 3569 2878 3638; x_wconf 86' lang='lat' dir='ltr'><strong>sibi,</strong></span> <span class='ocrx_word' id='word_1_594' title='bbox 2900 3569 2992 3626; x_wconf 89' lang='lat' dir='ltr'><strong>sed</strong></span> <span class='ocrx_word' id='word_1_595' title='bbox 3011 3567 3251 3642; x_wconf 83' lang='lat' dir='ltr'><strong>plurimis</strong></span> <span class='ocrx_word' id='word_1_596' title='bbox 3273 3581 3432 3621; x_wconf 88' lang='lat' dir='ltr'><strong>causa</strong></span> <span class='ocrx_word' id='word_1_597' title='bbox 3454 3580 3555 3619; x_wconf 87' lang='lat' dir='ltr'><strong>cor-</strong></span> 
     </span>
    </p>
   </div>
   <div class='ocr_carea' id='block_1_79' title="bbox 1964 3652 3556 3736">
    <p class='ocr_par' dir='ltr' id='par_1_79' title="bbox 1964 3652 3556 3736">
     <span class='ocr_line' id='line_1_79' title="bbox 1964 3652 3556 3736; baseline -0.009 -16"><span class='ocrx_word' id='word_1_598' title='bbox 1964 3652 2221 3736; x_wconf 83' lang='lat' dir='ltr'><strong>ruptionis</strong></span> <span class='ocrx_word' id='word_1_599' title='bbox 2251 3680 2314 3717; x_wconf 87' lang='lat' dir='ltr'><strong>ac</strong></span> <span class='ocrx_word' id='word_1_600' title='bbox 2344 3660 2751 3735; x_wconf 82' lang='lat' dir='ltr'><strong>perturbationis</strong></span> <span class='ocrx_word' id='word_1_601' title='bbox 2780 3661 3056 3717; x_wconf 73' lang='lat' dir='ltr'><strong>exstiterit.</strong></span> <span class='ocrx_word' id='word_1_602' title='bbox 3082 3655 3197 3715; x_wconf 86' lang='lat' dir='ltr'><strong>Nec</strong></span> <span class='ocrx_word' id='word_1_603' title='bbox 3220 3656 3387 3712; x_wconf 85' lang='lat' dir='ltr'><strong>solum</strong></span> <span class='ocrx_word' id='word_1_604' title='bbox 3408 3672 3441 3709; x_wconf 92' lang='lat' dir='ltr'><strong>a</strong></span> <span class='ocrx_word' id='word_1_605' title='bbox 3463 3654 3556 3708; x_wconf 82' lang='lat' dir='ltr'><strong>mi-</strong></span> 
     </span>
    </p>
   </div>
   <div class='ocr_carea' id='block_1_80' title="bbox 1966 3746 3556 3821">
    <p class='ocr_par' dir='ltr' id='par_1_80' title="bbox 1966 3746 3556 3821">
     <span class='ocr_line' id='line_1_80' title="bbox 1966 3746 3556 3821; baseline -0.005 -11"><span class='ocrx_word' id='word_1_606' title='bbox 1966 3750 2180 3810; x_wconf 81' lang='lat' dir='ltr'><strong>nisterio</strong></span> <span class='ocrx_word' id='word_1_607' title='bbox 2207 3753 2336 3810; x_wconf 87' lang='lat' dir='ltr'><strong>tales</strong></span> <span class='ocrx_word' id='word_1_608' title='bbox 2365 3761 2617 3820; x_wconf 70' lang='lat' dir='ltr'><strong>removet,</strong></span> <span class='ocrx_word' id='word_1_609' title='bbox 2648 3751 2739 3809; x_wconf 85' lang='lat' dir='ltr'><strong>sed</strong></span> <span class='ocrx_word' id='word_1_610' title='bbox 2762 3752 2920 3807; x_wconf 89' lang='lat' dir='ltr'><strong>etiam</strong></span> <span class='ocrx_word' id='word_1_611' title='bbox 2962 3748 3043 3804; x_wconf 89' lang='lat' dir='ltr'><strong>illi</strong></span> <span class='ocrx_word' id='word_1_612' title='bbox 3071 3751 3158 3821; x_wconf 84' lang='lat' dir='ltr'><strong>qui</strong></span> <span class='ocrx_word' id='word_1_613' title='bbox 3183 3755 3301 3820; x_wconf 89' lang='lat' dir='ltr'><strong>post</strong></span> <span class='ocrx_word' id='word_1_614' title='bbox 3330 3746 3556 3803; x_wconf 86' lang='lat' dir='ltr'><strong>damna-</strong></span> 
     </span>
    </p>
   </div>
   <div class='ocr_carea' id='block_1_81' title="bbox 1966 3830 3557 3918">
    <p class='ocr_par' dir='ltr' id='par_1_81' title="bbox 1966 3830 3557 3918">
     <span class='ocr_line' id='line_1_81' title="bbox 1966 3830 3557 3918; baseline -0.006 -17"><span class='ocrx_word' id='word_1_615' title='bbox 1966 3830 2160 3901; x_wconf 87' lang='lat' dir='ltr'><strong>tionem</strong></span> <span class='ocrx_word' id='word_1_616' title='bbox 2189 3843 2486 3918; x_wconf 76' lang='lat' dir='ltr'><strong>hujusnwdi</strong></span> <span class='ocrx_word' id='word_1_617' title='bbox 2513 3843 2894 3899; x_wconf 82' lang='lat' dir='ltr'><strong>communicare</strong></span> <span class='ocrx_word' id='word_1_618' title='bbox 2940 3840 3273 3908; x_wconf 79' lang='lat' dir='ltr'><strong>tentaverint,</strong></span> <span class='ocrx_word' id='word_1_619' title='bbox 3318 3837 3557 3893; x_wconf 88' lang='lat' dir='ltr'><strong>damnati</strong></span> 
     </span>
    </p>
   </div>
   <div class='ocr_carea' id='block_1_82' title="bbox 1966 3932 3559 4010">
    <p class='ocr_par' dir='ltr' id='par_1_82' title="bbox 1966 3932 3559 4010">
     <span class='ocr_line' id='line_1_82' title="bbox 1966 3932 3559 4010; baseline -0.007 -14"><span class='ocrx_word' id='word_1_620' title='bbox 1966 3946 2106 4007; x_wconf 86' lang='lat' dir='ltr'><strong>sunt,</strong></span> <span class='ocrx_word' id='word_1_621' title='bbox 2154 3940 2296 3995; x_wconf 89' lang='lat' dir='ltr'><strong>omni</strong></span> <span class='ocrx_word' id='word_1_622' title='bbox 2324 3953 2521 4010; x_wconf 86' lang='lat' dir='ltr'><strong>quoque</strong></span> <span class='ocrx_word' id='word_1_623' title='bbox 2558 3936 2883 3991; x_wconf 73' lang='lat' dir='ltr'><strong>extrinsecus</strong></span> <span class='ocrx_word' id='word_1_624' title='bbox 2928 3934 3124 3990; x_wconf 78' lang='lat' dir='ltr'><strong>honore</strong></span> <span class='ocrx_word' id='word_1_625' title='bbox 3159 3932 3373 4007; x_wconf 73' lang='lat' dir='ltr'><strong>privati,</strong></span> <span class='ocrx_word' id='word_1_626' title='bbox 3412 3943 3559 4004; x_wconf 78' lang='lat' dir='ltr'><strong>quem</strong></span> 
     </span>
    </p>
   </div>
   <div class='ocr_carea' id='block_1_83' title="bbox 1968 4020 3559 4100">
    <p class='ocr_par' dir='ltr' id='par_1_83' title="bbox 1968 4020 3559 4100">
     <span class='ocr_line' id='line_1_83' title="bbox 1968 4020 3559 4100; baseline -0.006 -14"><span class='ocrx_word' id='word_1_627' title='bbox 1968 4039 2149 4087; x_wconf 89' lang='lat' dir='ltr'><strong>sancta</strong></span> <span class='ocrx_word' id='word_1_628' title='bbox 2180 4027 2382 4100; x_wconf 89' lang='lat' dir='ltr'><strong>regula,</strong></span> <span class='ocrx_word' id='word_1_629' title='bbox 2412 4039 2461 4083; x_wconf 89' lang='lat' dir='ltr'><strong>et</strong></span> <span class='ocrx_word' id='word_1_630' title='bbox 2487 4027 2834 4084; x_wconf 85' lang='lat' dir='ltr'><strong>sacerdotium</strong></span> <span class='ocrx_word' id='word_1_631' title='bbox 2858 4024 2955 4081; x_wconf 85' lang='lat' dir='ltr'><strong>Dei</strong></span> <span class='ocrx_word' id='word_1_632' title='bbox 2984 4024 3286 4097; x_wconf 84' lang='lat' dir='ltr'><strong>promeruit.</strong></span> <span class='ocrx_word' id='word_1_633' title='bbox 3327 4020 3423 4079; x_wconf 83' lang='lat' dir='ltr'><strong>His</strong></span> <span class='ocrx_word' id='word_1_634' title='bbox 3450 4035 3559 4079; x_wconf 87' lang='lat' dir='ltr'><strong>non</strong></span> 
     </span>
    </p>
   </div>
   <div class='ocr_carea' id='block_1_84' title="bbox 1964 4112 3558 4189">
    <p class='ocr_par' dir='ltr' id='par_1_84' title="bbox 1964 4112 3558 4189">
     <span class='ocr_line' id='line_1_84' title="bbox 1964 4112 3558 4189; baseline -0.006 -11"><span class='ocrx_word' id='word_1_635' title='bbox 1964 4120 2250 4179; x_wconf 88' lang='lat' dir='ltr'><strong>dissimilia</strong></span> <span class='ocrx_word' id='word_1_636' title='bbox 2280 4119 2605 4175; x_wconf 88' lang='lat' dir='ltr'><strong>venerabilis</strong></span> <span class='ocrx_word' id='word_1_637' title='bbox 2629 4132 2767 4189; x_wconf 86' lang='lat' dir='ltr'><strong>papa</strong></span> <span class='ocrx_word' id='word_1_638' title='bbox 2798 4114 2908 4172; x_wconf 90' lang='lat' dir='ltr'><strong>Leo</strong></span> <span class='ocrx_word' id='word_1_639' title='bbox 2928 4113 3073 4172; x_wconf 89' lang='lat' dir='ltr'><strong>sedis</strong></span> <span class='ocrx_word' id='word_1_640' title='bbox 3096 4112 3409 4185; x_wconf 64' lang='lat' dir='ltr'><strong>apostolica:</strong></span> <span class='ocrx_word' id='word_1_641' title='bbox 3431 4126 3558 4183; x_wconf 66' lang='lat' dir='ltr'><strong>prmo</strong></span> 
     </span>
    </p>
   </div>
   <div class='ocr_carea' id='block_1_85' title="bbox 1968 4204 3559 4282">
    <p class='ocr_par' dir='ltr' id='par_1_85' title="bbox 1968 4204 3559 4282">
     <span class='ocr_line' id='line_1_85' title="bbox 1968 4204 3559 4282; baseline -0.009 -12"><span class='ocrx_word' id='word_1_642' title='bbox 1968 4213 2052 4270; x_wconf 86' lang='lat' dir='ltr'><strong>sul</strong></span> <span class='ocrx_word' id='word_1_643' title='bbox 2083 4211 2416 4282; x_wconf 87' lang='lat' dir='ltr'><strong>pronuntiat,</strong></span> <span class='ocrx_word' id='word_1_644' title='bbox 2455 4209 2640 4267; x_wconf 80' lang='lat' dir='ltr'><strong>dicens</strong></span> <span class='ocrx_word' id='word_1_645' title='bbox 2668 4227 2681 4262; x_wconf 91' lang='lat'><strong>:</strong></span> <span class='ocrx_word' id='word_1_646' title='bbox 2725 4204 2921 4262; x_wconf 87' lang='lat' dir='ltr'><strong>Contra</strong></span> <span class='ocrx_word' id='word_1_647' title='bbox 2948 4214 3147 4261; x_wconf 87' lang='lat' dir='ltr'><strong>statuta</strong></span> <span class='ocrx_word' id='word_1_648' title='bbox 3176 4219 3437 4261; x_wconf 88' lang='lat' dir='ltr'><strong>canonum</strong></span> <span class='ocrx_word' id='word_1_649' title='bbox 3464 4218 3559 4273; x_wconf 80' lang='lat' dir='ltr'><strong>pa-</strong></span> 
     </span>
    </p>
   </div>
   <div class='ocr_carea' id='block_1_86' title="bbox 1972 4290 3558 4375">
    <p class='ocr_par' dir='ltr' id='par_1_86' title="bbox 1972 4290 3558 4375">
     <span class='ocr_line' id='line_1_86' title="bbox 1972 4290 3558 4375; baseline -0.004 -18"><span class='ocrx_word' id='word_1_650' title='bbox 1972 4306 2258 4368; x_wconf 84' lang='lat' dir='ltr'><strong>ternorum,</strong></span> <span class='ocrx_word' id='word_1_651' title='bbox 2302 4317 2418 4375; x_wconf 77' lang='lat' dir='ltr'><strong>quat</strong></span> <span class='ocrx_word' id='word_1_652' title='bbox 2458 4309 2578 4354; x_wconf 83' lang='lat' dir='ltr'><strong>ante</strong></span> <span class='ocrx_word' id='word_1_653' title='bbox 2606 4299 2924 4370; x_wconf 75' lang='lat' dir='ltr'><strong>longissima:</strong></span> <span class='ocrx_word' id='word_1_654' title='bbox 2952 4296 3124 4352; x_wconf 68' lang='lat' dir='ltr'><strong>(etatis</strong></span> <span class='ocrx_word' id='word_1_655' title='bbox 3162 4310 3329 4349; x_wconf 89' lang='lat' dir='ltr'><strong>annos</strong></span> <span class='ocrx_word' id='word_1_656' title='bbox 3354 4295 3411 4371; x_wconf 87' lang='lat' dir='ltr'><strong>in</strong></span> <span class='ocrx_word' id='word_1_657' title='bbox 3440 4290 3558 4350; x_wconf 80' lang='lat' dir='ltr'><strong>urbt</strong></span> 
     </span>
    </p>
   </div>
   <div class='ocr_carea' id='block_1_87' title="bbox 1972 4380 3561 4465">
    <p class='ocr_par' dir='ltr' id='par_1_87' title="bbox 1972 4380 3561 4465">
     <span class='ocr_line' id='line_1_87' title="bbox 1972 4380 3561 4465; baseline -0.006 -14"><span class='ocrx_word' id='word_1_658' title='bbox 1972 4394 2157 4451; x_wconf 77' lang='lat' dir='ltr'><strong>Nicwa</strong></span> <span class='ocrx_word' id='word_1_659' title='bbox 2180 4392 2502 4465; x_wconf 87' lang='lat' dir='ltr'><strong>spiritalibus</strong></span> <span class='ocrx_word' id='word_1_660' title='bbox 2522 4399 2642 4445; x_wconf 88' lang='lat' dir='ltr'><strong>sunt</strong></span> <span class='ocrx_word' id='word_1_661' title='bbox 2664 4389 2887 4464; x_wconf 75' lang='lat' dir='ltr'><strong>fundata</strong></span> <span class='ocrx_word' id='word_1_662' title='bbox 2915 4387 3152 4454; x_wconf 87' lang='lat' dir='ltr'><strong>decretis,</strong></span> <span class='ocrx_word' id='word_1_663' title='bbox 3175 4385 3306 4441; x_wconf 83' lang='lat' dir='ltr'><strong>nihil</strong></span> <span class='ocrx_word' id='word_1_664' title='bbox 3327 4380 3561 4458; x_wconf 87' lang='lat' dir='ltr'><strong>cuiquam</strong></span> 
     </span>
    </p>
   </div>
   <div class='ocr_carea' id='block_1_88' title="bbox 1971 4476 3562 4553">
    <p class='ocr_par' dir='ltr' id='par_1_88' title="bbox 1971 4476 3562 4553">
     <span class='ocr_line' id='line_1_88' title="bbox 1971 4476 3562 4553; baseline -0.006 -10"><span class='ocrx_word' id='word_1_665' title='bbox 1971 4488 2164 4543; x_wconf 88' lang='lat' dir='ltr'><strong>audere</strong></span> <span class='ocrx_word' id='word_1_666' title='bbox 2193 4484 2494 4542; x_wconf 88' lang='lat' dir='ltr'><strong>conceditur</strong></span> <span class='ocrx_word' id='word_1_667' title='bbox 2517 4500 2536 4539; x_wconf 91' lang='lat'><strong><em>:</em></strong></span> <span class='ocrx_word' id='word_1_668' title='bbox 2584 4483 2660 4537; x_wconf 89' lang='lat' dir='ltr'><strong>ita</strong></span> <span class='ocrx_word' id='word_1_669' title='bbox 2688 4490 2745 4536; x_wconf 88' lang='lat' dir='ltr'><strong>ut</strong></span> <span class='ocrx_word' id='word_1_670' title='bbox 2780 4481 2826 4537; x_wconf 90' lang='lat' dir='ltr'><strong>si</strong></span> <span class='ocrx_word' id='word_1_671' title='bbox 2855 4481 2966 4553; x_wconf 88' lang='lat' dir='ltr'><strong>quis</strong></span> <span class='ocrx_word' id='word_1_672' title='bbox 2997 4479 3256 4534; x_wconf 86' lang='lat' dir='ltr'><strong>diversum</strong></span> <span class='ocrx_word' id='word_1_673' title='bbox 3293 4477 3417 4549; x_wconf 86' lang='lat' dir='ltr'><strong>quid</strong></span> <span class='ocrx_word' id='word_1_674' title='bbox 3446 4476 3562 4533; x_wconf 77' lang='lat' dir='ltr'><strong>velit</strong></span> 
     </span>
    </p>
   </div>
   <div class='ocr_carea' id='block_1_89' title="bbox 258 4570 3563 4661">
    <p class='ocr_par' dir='ltr' id='par_1_89' title="bbox 258 4570 3563 4661">
     <span class='ocr_line' id='line_1_89' title="bbox 258 4570 3563 4661; baseline -0.007 -13"><span class='ocrx_word' id='word_1_675' title='bbox 258 4570 483 4649; x_wconf 84' lang='lat' dir='ltr'><strong>menses</strong></span> <span class='ocrx_word' id='word_1_676' title='bbox 529 4591 585 4647; x_wconf 92' lang='lat' dir='ltr'><strong>in</strong></span> <span class='ocrx_word' id='word_1_677' title='bbox 626 4570 889 4647; x_wconf 82' lang='lat' dir='ltr'><strong>trecentis</strong></span> <span class='ocrx_word' id='word_1_678' title='bbox 929 4589 1208 4661; x_wconf 82' lang='lat' dir='ltr'><strong>sexaginta</strong></span> <span class='ocrx_word' id='word_1_679' title='bbox 1235 4588 1425 4646; x_wconf 79' lang='lat' dir='ltr'><strong>diebus</strong></span> <span class='ocrx_word' id='word_1_680' title='bbox 1455 4595 1858 4656; x_wconf 85' lang='lat' dir='ltr'><strong>annumerant;</strong></span> <span class='ocrx_word' id='word_1_681' title='bbox 1892 4584 1943 4650; x_wconf 79' lang='grc' dir='ltr'>υ</span> <span class='ocrx_word' id='word_1_682' title='bbox 1968 4580 2261 4647; x_wconf 88' lang='lat' dir='ltr'><strong>decernere,</strong></span> <span class='ocrx_word' id='word_1_683' title='bbox 2312 4595 2367 4634; x_wconf 88' lang='lat' dir='ltr'><strong>se</strong></span> <span class='ocrx_word' id='word_1_684' title='bbox 2410 4578 2578 4650; x_wconf 86' lang='lat' dir='ltr'><strong>potius</strong></span> <span class='ocrx_word' id='word_1_685' title='bbox 2624 4574 2862 4641; x_wconf 86' lang='lat' dir='ltr'><strong>minuat,</strong></span> <span class='ocrx_word' id='word_1_686' title='bbox 2911 4588 3067 4661; x_wconf 85' lang='lat' dir='ltr'><strong>quam</strong></span> <span class='ocrx_word' id='word_1_687' title='bbox 3102 4570 3199 4625; x_wconf 86' lang='lat' dir='ltr'><strong>illa</strong></span> <span class='ocrx_word' id='word_1_688' title='bbox 3242 4579 3563 4641; x_wconf 86' lang='lat' dir='ltr'><strong>corrumpat.</strong></span> 
     </span>
    </p>
   </div>
   <div class='ocr_carea' id='block_1_90' title="bbox 258 4676 1858 4753">
    <p class='ocr_par' dir='ltr' id='par_1_90' title="bbox 258 4676 1858 4753">
     <span class='ocr_line' id='line_1_90' title="bbox 258 4676 1858 4753; baseline -0.003 -15"><span class='ocrx_word' id='word_1_689' title='bbox 258 4681 458 4753; x_wconf 88' lang='lat' dir='ltr'><strong>quibus</strong></span> <span class='ocrx_word' id='word_1_690' title='bbox 483 4681 649 4737; x_wconf 89' lang='lat' dir='ltr'><strong>etiam</strong></span> <span class='ocrx_word' id='word_1_691' title='bbox 678 4680 919 4751; x_wconf 86' lang='lat' dir='ltr'><strong>quinque</strong></span> <span class='ocrx_word' id='word_1_692' title='bbox 948 4679 1063 4735; x_wconf 91' lang='lat' dir='ltr'><strong>dies</strong></span> <span class='ocrx_word' id='word_1_693' title='bbox 1090 4677 1369 4749; x_wconf 86' lang='lat' dir='ltr'><strong>adjiciunt,</strong></span> <span class='ocrx_word' id='word_1_694' title='bbox 1404 4691 1541 4748; x_wconf 88' lang='lat' dir='ltr'><strong>quos</strong></span> <span class='ocrx_word' id='word_1_695' title='bbox 1569 4676 1858 4734; x_wconf 88' lang='lat' dir='ltr'><strong>intercala—</strong></span> 
     </span>
    </p>
   </div>
   <div class='ocr_carea' id='block_1_91' title="bbox 259 4769 1863 4848">
    <p class='ocr_par' dir='ltr' id='par_1_91' title="bbox 259 4769 1863 4848">
     <span class='ocr_line' id='line_1_91' title="bbox 259 4769 1863 4848; baseline -0.006 -15"><span class='ocrx_word' id='word_1_696' title='bbox 259 4791 353 4834; x_wconf 82' lang='lat' dir='ltr'><strong>res</strong></span> <span class='ocrx_word' id='word_1_697' title='bbox 381 4775 680 4848; x_wconf 87' lang='lat' dir='ltr'><strong>appellavit</strong></span> <span class='ocrx_word' id='word_1_698' title='bbox 726 4773 1039 4845; x_wconf 89' lang='lat' dir='ltr'><strong>antiquitas,</strong></span> <span class='ocrx_word' id='word_1_699' title='bbox 1086 4780 1148 4827; x_wconf 88' lang='lat' dir='ltr'><strong>ut</strong></span> <span class='ocrx_word' id='word_1_700' title='bbox 1200 4771 1433 4827; x_wconf 89' lang='lat' dir='ltr'><strong>solarem</strong></span> <span class='ocrx_word' id='word_1_701' title='bbox 1460 4785 1662 4825; x_wconf 88' lang='lat' dir='ltr'><strong>annum</strong></span> <span class='ocrx_word' id='word_1_702' title='bbox 1692 4769 1863 4825; x_wconf 88' lang='lat' dir='ltr'><strong>adim-</strong></span> 
     </span>
    </p>
   </div>
   <div class='ocr_carea' id='block_1_92' title="bbox 262 4858 1869 4940">
    <p class='ocr_par' dir='ltr' id='par_1_92' title="bbox 262 4858 1869 4940">
     <span class='ocr_line' id='line_1_92' title="bbox 262 4858 1869 4940; baseline -0.006 -15"><span class='ocrx_word' id='word_1_703' title='bbox 262 4867 416 4940; x_wconf 89' lang='lat' dir='ltr'><strong>plere</strong></span> <span class='ocrx_word' id='word_1_704' title='bbox 472 4866 785 4923; x_wconf 88' lang='lat' dir='ltr'><strong>videantur.</strong></span> <span class='ocrx_word' id='word_1_705' title='bbox 833 4864 968 4921; x_wconf 89' lang='lat' dir='ltr'><strong>Cum</strong></span> <span class='ocrx_word' id='word_1_706' title='bbox 1006 4862 1235 4933; x_wconf 78' lang='lat' dir='ltr'><strong>diligens</strong></span> <span class='ocrx_word' id='word_1_707' title='bbox 1286 4860 1567 4933; x_wconf 88' lang='lat' dir='ltr'><strong>inquisitio</strong></span> <span class='ocrx_word' id='word_1_708' title='bbox 1622 4858 1869 4916; x_wconf 84' lang='lat' dir='ltr'><strong>veritatis</strong></span> 
     </span>
    </p>
   </div>
   <div class='ocr_carea' id='block_1_93' title="bbox 259 4951 1865 5025">
    <p class='ocr_par' dir='ltr' id='par_1_93' title="bbox 259 4951 1865 5025">
     <span class='ocr_line' id='line_1_93' title="bbox 259 4951 1865 5025; baseline -0.006 -9"><span class='ocrx_word' id='word_1_709' title='bbox 259 4958 569 5016; x_wconf 87' lang='lat' dir='ltr'><strong>ostenderit</strong></span> <span class='ocrx_word' id='word_1_710' title='bbox 614 4957 669 5012; x_wconf 91' lang='lat' dir='ltr'><strong>in</strong></span> <span class='ocrx_word' id='word_1_711' title='bbox 718 4954 931 5012; x_wconf 90' lang='lat' dir='ltr'><strong>duobus</strong></span> <span class='ocrx_word' id='word_1_712' title='bbox 983 4955 1124 5010; x_wconf 83' lang='lat' dir='ltr'><strong>lunae</strong></span> <span class='ocrx_word' id='word_1_713' title='bbox 1162 4953 1381 5011; x_wconf 88' lang='lat' dir='ltr'><strong>circulis</strong></span> <span class='ocrx_word' id='word_1_714' title='bbox 1421 4966 1532 5008; x_wconf 93' lang='lat' dir='ltr'><strong>non</strong></span> <span class='ocrx_word' id='word_1_715' title='bbox 1580 4951 1865 5025; x_wconf 74' lang='lat' dir='ltr'><strong>sexaginta</strong></span> 
     </span>
    </p>
   </div>
   <div class='ocr_carea' id='block_1_94' title="bbox 259 5043 1865 5121">
    <p class='ocr_par' dir='ltr' id='par_1_94' title="bbox 259 5043 1865 5121">
     <span class='ocr_line' id='line_1_94' title="bbox 259 5043 1865 5121; baseline -0.005 -12"><span class='ocrx_word' id='word_1_716' title='bbox 259 5051 403 5119; x_wconf 84' lang='lat' dir='ltr'><strong>dies,</strong></span> <span class='ocrx_word' id='word_1_717' title='bbox 433 5051 531 5107; x_wconf 88' lang='lat' dir='ltr'><strong>sed</strong></span> <span class='ocrx_word' id='word_1_718' title='bbox 562 5049 951 5121; x_wconf 80' lang='lat' dir='ltr'><strong>quinquaginta</strong></span> <span class='ocrx_word' id='word_1_719' title='bbox 983 5063 1179 5105; x_wconf 88' lang='lat' dir='ltr'><strong>novem</strong></span> <span class='ocrx_word' id='word_1_720' title='bbox 1217 5047 1416 5104; x_wconf 89' lang='lat' dir='ltr'><strong>debere</strong></span> <span class='ocrx_word' id='word_1_721' title='bbox 1455 5045 1747 5103; x_wconf 89' lang='lat' dir='ltr'><strong>numerari.</strong></span> <span class='ocrx_word' id='word_1_722' title='bbox 1786 5043 1865 5101; x_wconf 84' lang='lat' dir='ltr'><strong>Ac</strong></span> 
     </span>
    </p>
   </div>
   <div class='ocr_carea' id='block_1_95' title="bbox 258 5137 1868 5215">
    <p class='ocr_par' dir='ltr' id='par_1_95' title="bbox 258 5137 1868 5215">
     <span class='ocr_line' id='line_1_95' title="bbox 258 5137 1868 5215; baseline -0.004 -16"><span class='ocrx_word' id='word_1_723' title='bbox 258 5160 357 5215; x_wconf 82' lang='lat' dir='ltr'><strong>per</strong></span> <span class='ocrx_word' id='word_1_724' title='bbox 395 5142 505 5199; x_wconf 87' lang='lat' dir='ltr'><strong>hoc</strong></span> <span class='ocrx_word' id='word_1_725' title='bbox 548 5144 602 5197; x_wconf 90' lang='lat' dir='ltr'><strong>in</strong></span> <span class='ocrx_word' id='word_1_726' title='bbox 641 5139 929 5197; x_wconf 88' lang='lat' dir='ltr'><strong>duodecim</strong></span> <span class='ocrx_word' id='word_1_727' title='bbox 971 5140 1249 5196; x_wconf 89' lang='lat' dir='ltr'><strong>lunaribus</strong></span> <span class='ocrx_word' id='word_1_728' title='bbox 1286 5137 1564 5195; x_wconf 86' lang='lat' dir='ltr'><strong>mensibus</strong></span> <span class='ocrx_word' id='word_1_729' title='bbox 1593 5143 1868 5193; x_wconf 81' lang='lat' dir='ltr'><strong>trecento-</strong></span> 
     </span>
    </p>
   </div>
   <div class='ocr_carea' id='block_1_96' title="bbox 260 5227 1865 5305">
    <p class='ocr_par' dir='ltr' id='par_1_96' title="bbox 260 5227 1865 5305">
     <span class='ocr_line' id='line_1_96' title="bbox 260 5227 1865 5305; baseline -0.006 -15"><span class='ocrx_word' id='word_1_730' title='bbox 260 5250 383 5290; x_wconf 81' lang='lat' dir='ltr'><strong>rum</strong></span> <span class='ocrx_word' id='word_1_731' title='bbox 409 5232 803 5305; x_wconf 84' lang='lat' dir='ltr'><strong>quinquaginta</strong></span> <span class='ocrx_word' id='word_1_732' title='bbox 832 5239 1070 5301; x_wconf 88' lang='lat' dir='ltr'><strong>quatuor</strong></span> <span class='ocrx_word' id='word_1_733' title='bbox 1105 5230 1313 5286; x_wconf 89' lang='lat' dir='ltr'><strong>dierum</strong></span> <span class='ocrx_word' id='word_1_734' title='bbox 1348 5243 1612 5284; x_wconf 89' lang='lat' dir='ltr'><strong>summam</strong></span> <span class='ocrx_word' id='word_1_735' title='bbox 1643 5227 1825 5298; x_wconf 81' lang='lat' dir='ltr'><strong>colligi</strong></span> <span class='ocrx_word' id='word_1_736' title='bbox 1850 5244 1865 5295; x_wconf 90' lang='lat'><strong>;</strong></span> 
     </span>
    </p>
   </div>
   <div class='ocr_carea' id='block_1_97' title="bbox 258 5319 1869 5396">
    <p class='ocr_par' dir='ltr' id='par_1_97' title="bbox 258 5319 1869 5396">
     <span class='ocr_line' id='line_1_97' title="bbox 258 5319 1869 5396; baseline -0.004 -15"><span class='ocrx_word' id='word_1_737' title='bbox 258 5326 349 5381; x_wconf 83' lang='lat' dir='ltr'><strong>cui</strong></span> <span class='ocrx_word' id='word_1_738' title='bbox 392 5333 616 5396; x_wconf 87' lang='lat' dir='ltr'><strong>epactas</strong></span> <span class='ocrx_word' id='word_1_739' title='bbox 662 5319 905 5396; x_wconf 66' lang='lat' dir='ltr'><strong>Egyptii</strong></span> <span class='ocrx_word' id='word_1_740' title='bbox 955 5338 1196 5388; x_wconf 90' lang='lat' dir='ltr'><strong>annuas,</strong></span> <span class='ocrx_word' id='word_1_741' title='bbox 1239 5321 1291 5377; x_wconf 93' lang='lat' dir='ltr'><strong>id</strong></span> <span class='ocrx_word' id='word_1_742' title='bbox 1330 5330 1413 5377; x_wconf 89' lang='lat' dir='ltr'><strong>est</strong></span> <span class='ocrx_word' id='word_1_743' title='bbox 1455 5319 1704 5376; x_wconf 65' lang='lat' dir='ltr'><strong>undecim</strong></span> <span class='ocrx_word' id='word_1_744' title='bbox 1732 5319 1869 5386; x_wconf 87' lang='lat' dir='ltr'><strong>dies,</strong></span> 
     </span>
    </p>
   </div>
   <div class='ocr_carea' id='block_1_98' title="bbox 258 5408 1868 5481">
    <p class='ocr_par' dir='ltr' id='par_1_98' title="bbox 258 5408 1868 5481">
     <span class='ocr_line' id='line_1_98' title="bbox 258 5408 1868 5481; baseline -0.006 -9"><span class='ocrx_word' id='word_1_745' title='bbox 258 5415 725 5474; x_wconf 83' lang='lat' dir='ltr'><strong>accommodant:</strong></span> <span class='ocrx_word' id='word_1_746' title='bbox 758 5423 818 5469; x_wconf 92' lang='lat' dir='ltr'><strong>ut</strong></span> <span class='ocrx_word' id='word_1_747' title='bbox 859 5414 936 5470; x_wconf 86' lang='lat' dir='ltr'><strong>ita</strong></span> <span class='ocrx_word' id='word_1_748' title='bbox 976 5413 1196 5470; x_wconf 88' lang='lat' dir='ltr'><strong>demum</strong></span> <span class='ocrx_word' id='word_1_749' title='bbox 1227 5412 1433 5468; x_wconf 85' lang='lat' dir='ltr'><strong>lunaris</strong></span> <span class='ocrx_word' id='word_1_750' title='bbox 1477 5409 1718 5466; x_wconf 90' lang='lat' dir='ltr'><strong>emensio</strong></span> <span class='ocrx_word' id='word_1_751' title='bbox 1745 5408 1868 5481; x_wconf 80' lang='lat' dir='ltr'><strong>(aL,</strong></span> 
     </span>
    </p>
   </div>
   <div class='ocr_carea' id='block_1_99' title="bbox 258 5499 1870 5581">
    <p class='ocr_par' dir='ltr' id='par_1_99' title="bbox 258 5499 1870 5581">
     <span class='ocr_line' id='line_1_99' title="bbox 258 5499 1870 5581; baseline -0.009 -14"><span class='ocrx_word' id='word_1_752' title='bbox 258 5510 560 5581; x_wconf 85' lang='lat' dir='ltr'><strong>dimensio)</strong></span> <span class='ocrx_word' id='word_1_753' title='bbox 589 5508 787 5564; x_wconf 86' lang='lat' dir='ltr'><strong>rationi</strong></span> <span class='ocrx_word' id='word_1_754' title='bbox 814 5507 947 5564; x_wconf 86' lang='lat' dir='ltr'><strong>solis</strong></span> <span class='ocrx_word' id='word_1_755' title='bbox 978 5503 1312 5575; x_wconf 64' lang='lat' dir='ltr'><strong>adaequetur.</strong></span> <span class='ocrx_word' id='word_1_756' title='bbox 1345 5501 1501 5571; x_wconf 87' lang='lat' dir='ltr'><strong>Quod</strong></span> <span class='ocrx_word' id='word_1_757' title='bbox 1532 5499 1870 5558; x_wconf 89' lang='lat' dir='ltr'><strong>verissimum</strong></span> 
     </span>
    </p>
   </div>
   <div class='ocr_carea' id='block_1_100' title="bbox 260 5588 1870 5670">
    <p class='ocr_par' dir='ltr' id='par_1_100' title="bbox 260 5588 1870 5670">
     <span class='ocr_line' id='line_1_100' title="bbox 260 5588 1870 5670; baseline -0.006 -13"><span class='ocrx_word' id='word_1_758' title='bbox 260 5616 387 5659; x_wconf 81' lang='lat' dir='ltr'><strong>esse</strong></span> <span class='ocrx_word' id='word_1_759' title='bbox 446 5608 615 5670; x_wconf 86' lang='lat' dir='ltr'><strong>atque</strong></span> <span class='ocrx_word' id='word_1_760' title='bbox 671 5600 1036 5656; x_wconf 88' lang='lat' dir='ltr'><strong>certissimum</strong></span> <span class='ocrx_word' id='word_1_761' title='bbox 1096 5594 1590 5668; x_wconf 86' lang='lat' dir='ltr'><strong>suprascriptorum</strong></span> <span class='ocrx_word' id='word_1_762' title='bbox 1648 5588 1870 5648; x_wconf 86' lang='lat' dir='ltr'><strong>Patrum</strong></span> 
     </span>
    </p>
   </div>
   <div class='ocr_carea' id='block_1_101' title="bbox 255 5874 449 5937">
    <p class='ocr_par' dir='ltr' id='par_1_101' title="bbox 255 5874 449 5937">
     <span class='ocr_line' id='line_1_101' title="bbox 255 5874 449 5937; baseline 0.01 -2"><span class='ocrx_word' id='word_1_763' title='bbox 255 5874 449 5937; x_wconf 76' lang='lat' dir='ltr'><strong>detur.</strong></span> 
     </span>
    </p>
   </div>
   <div class='ocr_carea' id='block_1_102' title="bbox 1977 4658 3563 4740">
    <p class='ocr_par' dir='ltr' id='par_1_102' title="bbox 1977 4658 3563 4740">
     <span class='ocr_line' id='line_1_102' title="bbox 1977 4658 3563 4740; baseline -0.008 -15"><span class='ocrx_word' id='word_1_764' title='bbox 1977 4671 2109 4738; x_wconf 70' lang='lat' dir='ltr'><strong>Quae</strong></span> <span class='ocrx_word' id='word_1_765' title='bbox 2134 4671 2203 4740; x_wconf 87' lang='lat' dir='ltr'><strong>si,</strong></span> <span class='ocrx_word' id='word_1_766' title='bbox 2240 4677 2296 4724; x_wconf 89' lang='lat' dir='ltr'><strong>ut</strong></span> <span class='ocrx_word' id='word_1_767' title='bbox 2326 4676 2548 4739; x_wconf 87' lang='lat' dir='ltr'><strong>oportet,</strong></span> <span class='ocrx_word' id='word_1_768' title='bbox 2596 4683 2628 4720; x_wconf 92' lang='lat' dir='ltr'><strong>a</strong></span> <span class='ocrx_word' id='word_1_769' title='bbox 2657 4665 2854 4720; x_wconf 84' lang='lat' dir='ltr'><strong>cunctis</strong></span> <span class='ocrx_word' id='word_1_770' title='bbox 2891 4658 3222 4734; x_wconf 85' lang='lat' dir='ltr'><strong>pontiﬁcibus</strong></span> <span class='ocrx_word' id='word_1_771' title='bbox 3254 4662 3563 4718; x_wconf 85' lang='lat' dir='ltr'><strong>intemerata</strong></span> 
     </span>
    </p>
   </div>
   <div class='ocr_carea' id='block_1_103' title="bbox 1964 4752 3563 4834">
    <p class='ocr_par' dir='ltr' id='par_1_103' title="bbox 1964 4752 3563 4834">
     <span class='ocr_line' id='line_1_103' title="bbox 1964 4752 3563 4834; baseline -0.009 -15"><span class='ocrx_word' id='word_1_772' title='bbox 1964 4771 2249 4829; x_wconf 80' lang='lat' dir='ltr'><strong>seruentur,</strong></span> <span class='ocrx_word' id='word_1_773' title='bbox 2290 4778 2382 4834; x_wconf 85' lang='lat' dir='ltr'><strong>per</strong></span> <span class='ocrx_word' id='word_1_774' title='bbox 2407 4761 2675 4816; x_wconf 84' lang='lat' dir='ltr'><strong>universas</strong></span> <span class='ocrx_word' id='word_1_775' title='bbox 2698 4755 2963 4812; x_wconf 83' lang='lat' dir='ltr'><strong>Ecclesias</strong></span> <span class='ocrx_word' id='word_1_776' title='bbox 3004 4770 3110 4826; x_wconf 76' lang='lat' dir='ltr'><strong>pax</strong></span> <span class='ocrx_word' id='word_1_777' title='bbox 3146 4755 3273 4820; x_wconf 88' lang='lat' dir='ltr'><strong>erit,</strong></span> <span class='ocrx_word' id='word_1_778' title='bbox 3320 4762 3371 4809; x_wconf 92' lang='lat' dir='ltr'><strong>et</strong></span> <span class='ocrx_word' id='word_1_779' title='bbox 3409 4752 3563 4823; x_wconf 86' lang='lat' dir='ltr'><strong>ﬁrma</strong></span> 
     </span>
    </p>
   </div>
   <div class='ocr_carea' id='block_1_104' title="bbox 1969 4841 3627 4918">
    <p class='ocr_par' dir='ltr' id='par_1_104' title="bbox 1969 4841 3627 4918">
     <span class='ocr_line' id='line_1_104' title="bbox 1969 4841 3627 4918; baseline -0.01 -9"><span class='ocrx_word' id='word_1_780' title='bbox 1969 4851 2269 4911; x_wconf 79' lang='lat' dir='ltr'><strong>concordia.</strong></span> <span class='ocrx_word' id='word_1_781' title='bbox 2300 4848 2371 4905; x_wconf 84' lang='lat' dir='ltr'><strong>Et</strong></span> <span class='ocrx_word' id='word_1_782' title='bbox 2397 4851 2589 4905; x_wconf 87' lang='lat' dir='ltr'><strong>iterum</strong></span> <span class='ocrx_word' id='word_1_783' title='bbox 2616 4867 2629 4902; x_wconf 90' lang='lat'><strong>:</strong></span> <span class='ocrx_word' id='word_1_784' title='bbox 2686 4844 2756 4903; x_wconf 82' lang='lat' dir='ltr'><strong>In</strong></span> <span class='ocrx_word' id='word_1_785' title='bbox 2789 4845 3061 4912; x_wconf 87' lang='lat' dir='ltr'><strong>omnibus,</strong></span> <span class='ocrx_word' id='word_1_786' title='bbox 3093 4842 3298 4916; x_wconf 83' lang='lat' dir='ltr'><strong>inquit,</strong></span> <span class='ocrx_word' id='word_1_787' title='bbox 3329 4841 3563 4897; x_wconf 83' lang='lat' dir='ltr'><strong>ecclesia-</strong></span> <span class='ocrx_word' id='word_1_788' title='bbox 3616 4894 3627 4918; x_wconf 40' lang='grc' dir='ltr'><strong><em>θ</em></strong></span> 
     </span>
    </p>
   </div>
   <div class='ocr_carea' id='block_1_105' title="bbox 1970 4924 3625 5015">
    <p class='ocr_par' dir='ltr' id='par_1_105' title="bbox 1970 4924 3625 5015">
     <span class='ocr_line' id='line_1_105' title="bbox 1970 4924 3625 5015; baseline -0.009 -15"><span class='ocrx_word' id='word_1_789' title='bbox 1970 4945 2113 5001; x_wconf 75' lang='lat' dir='ltr'><strong>sz&#39;icis</strong></span> <span class='ocrx_word' id='word_1_790' title='bbox 2137 4944 2330 5010; x_wconf 87' lang='lat' dir='ltr'><strong>causis,</strong></span> <span class='ocrx_word' id='word_1_791' title='bbox 2352 4944 2431 4998; x_wconf 82' lang='lat' dir='ltr'><strong>his</strong></span> <span class='ocrx_word' id='word_1_792' title='bbox 2458 4940 2654 5015; x_wconf 84' lang='lat' dir='ltr'><strong>legibus</strong></span> <span class='ocrx_word' id='word_1_793' title='bbox 2676 4937 3020 5010; x_wconf 87' lang='lat' dir='ltr'><strong>obsequimur,</strong></span> <span class='ocrx_word' id='word_1_794' title='bbox 3045 4953 3174 5008; x_wconf 89' lang='lat' dir='ltr'><strong>quas</strong></span> <span class='ocrx_word' id='word_1_795' title='bbox 3199 4935 3268 4990; x_wconf 92' lang='lat' dir='ltr'><strong>ad</strong></span> <span class='ocrx_word' id='word_1_796' title='bbox 3288 4933 3563 5007; x_wconf 82' lang='lat' dir='ltr'><strong>paciﬁcum</strong></span> <span class='ocrx_word' id='word_1_797' title='bbox 3620 4924 3625 4929; x_wconf 61' lang='grc'><em>”</em></span> 
     </span>
    </p>
   </div>
   <div class='ocr_carea' id='block_1_106' title="bbox 1969 5030 3556 5105">
    <p class='ocr_par' dir='ltr' id='par_1_106' title="bbox 1969 5030 3556 5105">
     <span class='ocr_line' id='line_1_106' title="bbox 1969 5030 3556 5105; baseline -0.011 -12"><span class='ocrx_word' id='word_1_798' title='bbox 1969 5034 2351 5093; x_wconf 84' lang='lat' dir='ltr'><strong>observantiam</strong></span> <span class='ocrx_word' id='word_1_799' title='bbox 2379 5036 2610 5091; x_wconf 88' lang='lat' dir='ltr'><strong>omnium</strong></span> <span class='ocrx_word' id='word_1_800' title='bbox 2642 5030 2969 5088; x_wconf 82' lang='lat' dir='ltr'><strong>sacerdotum</strong></span> <span class='ocrx_word' id='word_1_801' title='bbox 3008 5044 3099 5105; x_wconf 85' lang='lat' dir='ltr'><strong>per</strong></span> <span class='ocrx_word' id='word_1_802' title='bbox 3129 5035 3383 5082; x_wconf 88' lang='lat' dir='ltr'><strong>trecentos</strong></span> <span class='ocrx_word' id='word_1_803' title='bbox 3415 5034 3556 5079; x_wconf 77' lang='grc' dir='ltr'><strong>οσιο-</strong></span> 
     </span>
    </p>
   </div>
   <div class='ocr_carea' id='block_1_107' title="bbox 1972 5117 3566 5195">
    <p class='ocr_par' dir='ltr' id='par_1_107' title="bbox 1972 5117 3566 5195">
     <span class='ocr_line' id='line_1_107' title="bbox 1972 5117 3566 5195; baseline -0.009 -13"><span class='ocrx_word' id='word_1_804' title='bbox 1972 5129 2140 5183; x_wconf 87' lang='lat' dir='ltr'><strong>decim</strong></span> <span class='ocrx_word' id='word_1_805' title='bbox 2163 5127 2420 5182; x_wconf 87' lang='lat' dir='ltr'><strong>antistites</strong></span> <span class='ocrx_word' id='word_1_806' title='bbox 2444 5124 2674 5195; x_wconf 84' lang='lat' dir='ltr'><strong>Spiritus</strong></span> <span class='ocrx_word' id='word_1_807' title='bbox 2696 5130 2907 5178; x_wconf 88' lang='lat' dir='ltr'><strong>sanctus</strong></span> <span class='ocrx_word' id='word_1_808' title='bbox 2930 5119 3190 5177; x_wconf 87' lang='lat' dir='ltr'><strong>instituit:</strong></span> <span class='ocrx_word' id='word_1_809' title='bbox 3214 5117 3290 5173; x_wconf 88' lang='lat' dir='ltr'><strong>ita</strong></span> <span class='ocrx_word' id='word_1_810' title='bbox 3313 5126 3370 5171; x_wconf 89' lang='lat' dir='ltr'><strong>ut</strong></span> <span class='ocrx_word' id='word_1_811' title='bbox 3392 5118 3566 5171; x_wconf 63' lang='lat' dir='ltr'><strong>etiam</strong></span> 
     </span>
    </p>
   </div>
   <div class='ocr_carea' id='block_1_108' title="bbox 1971 5209 3565 5291">
    <p class='ocr_par' dir='ltr' id='par_1_108' title="bbox 1971 5209 3565 5291">
     <span class='ocr_line' id='line_1_108' title="bbox 1971 5209 3565 5291; baseline -0.011 -14"><span class='ocrx_word' id='word_1_812' title='bbox 1971 5222 2018 5277; x_wconf 89' lang='lat' dir='ltr'><strong>si</strong></span> <span class='ocrx_word' id='word_1_813' title='bbox 2047 5220 2209 5276; x_wconf 87' lang='lat' dir='ltr'><strong>multo</strong></span> <span class='ocrx_word' id='word_1_814' title='bbox 2233 5219 2405 5291; x_wconf 88' lang='lat' dir='ltr'><strong>plures</strong></span> <span class='ocrx_word' id='word_1_815' title='bbox 2428 5218 2593 5285; x_wconf 87' lang='lat' dir='ltr'><strong>aliud,</strong></span> <span class='ocrx_word' id='word_1_816' title='bbox 2644 5231 2799 5289; x_wconf 88' lang='lat' dir='ltr'><strong>quam</strong></span> <span class='ocrx_word' id='word_1_817' title='bbox 2842 5215 2923 5269; x_wconf 88' lang='lat' dir='ltr'><strong>illi</strong></span> <span class='ocrx_word' id='word_1_818' title='bbox 2968 5221 3219 5278; x_wconf 87' lang='lat' dir='ltr'><strong>statuere,</strong></span> <span class='ocrx_word' id='word_1_819' title='bbox 3263 5209 3565 5275; x_wconf 87' lang='lat' dir='ltr'><strong>decernant,</strong></span> 
     </span>
    </p>
   </div>
   <div class='ocr_carea' id='block_1_109' title="bbox 1972 5300 3567 5376">
    <p class='ocr_par' dir='ltr' id='par_1_109' title="bbox 1972 5300 3567 5376">
     <span class='ocr_line' id='line_1_109' title="bbox 1972 5300 3567 5376; baseline -0.008 -10"><span class='ocrx_word' id='word_1_820' title='bbox 1972 5313 2030 5366; x_wconf 88' lang='lat' dir='ltr'><strong>in</strong></span> <span class='ocrx_word' id='word_1_821' title='bbox 2076 5310 2225 5366; x_wconf 79' lang='lat' dir='ltr'><strong>trulla</strong></span> <span class='ocrx_word' id='word_1_822' title='bbox 2267 5314 2555 5365; x_wconf 72' lang='lat' dir='ltr'><strong>reverentia</strong></span> <span class='ocrx_word' id='word_1_823' title='bbox 2600 5308 2667 5363; x_wconf 85' lang='lat' dir='ltr'><strong>sit</strong></span> <span class='ocrx_word' id='word_1_824' title='bbox 2710 5304 3021 5373; x_wconf 84' lang='lat' dir='ltr'><strong>habendum,</strong></span> <span class='ocrx_word' id='word_1_825' title='bbox 3070 5300 3317 5376; x_wconf 82' lang='lat' dir='ltr'><strong>quidquid</strong></span> <span class='ocrx_word' id='word_1_826' title='bbox 3349 5301 3509 5375; x_wconf 72' lang='lat' dir='ltr'><strong>fuerit</strong></span> <span class='ocrx_word' id='word_1_827' title='bbox 3539 5315 3567 5353; x_wconf 81' lang='grc' dir='ltr'><em>α</em></span> 
     </span>
    </p>
   </div>
   <div class='ocr_carea' id='block_1_110' title="bbox 1976 5397 3043 5477">
    <p class='ocr_par' dir='ltr' id='par_1_110' title="bbox 1976 5397 3043 5477">
     <span class='ocr_line' id='line_1_110' title="bbox 1976 5397 3043 5477; baseline -0.008 -17"><span class='ocrx_word' id='word_1_828' title='bbox 1976 5403 2345 5477; x_wconf 70' lang='lat' dir='ltr'><strong>praedictorum</strong></span> <span class='ocrx_word' id='word_1_829' title='bbox 2368 5401 2737 5457; x_wconf 88' lang='lat' dir='ltr'><strong>constitutione</strong></span> <span class='ocrx_word' id='word_1_830' title='bbox 2763 5397 3043 5451; x_wconf 77' lang='lat' dir='ltr'><strong>diversum.</strong></span> 
     </span>
    </p>
   </div>
   <div class='ocr_carea' id='block_1_111' title="bbox 2045 5486 3564 5564">
    <p class='ocr_par' dir='ltr' id='par_1_111' title="bbox 2045 5486 3564 5564">
     <span class='ocr_line' id='line_1_111' title="bbox 2045 5486 3564 5564; baseline -0.007 -11"><span class='ocrx_word' id='word_1_831' title='bbox 2045 5495 2407 5563; x_wconf 78' lang='lat' dir='ltr'><strong>Sullicienter,</strong></span> <span class='ocrx_word' id='word_1_832' title='bbox 2461 5501 2519 5550; x_wconf 91' lang='lat' dir='ltr'><strong>ut</strong></span> <span class='ocrx_word' id='word_1_833' title='bbox 2568 5501 2841 5564; x_wconf 89' lang='lat' dir='ltr'><strong>putamus,</strong></span> <span class='ocrx_word' id='word_1_834' title='bbox 2893 5487 3104 5545; x_wconf 88' lang='lat' dir='ltr'><strong>cunctis</strong></span> <span class='ocrx_word' id='word_1_835' title='bbox 3158 5486 3447 5559; x_wconf 88' lang='lat' dir='ltr'><strong>indicitur,</strong></span> <span class='ocrx_word' id='word_1_836' title='bbox 3503 5498 3564 5542; x_wconf 77' lang='lat' dir='ltr'><strong>ne</strong></span> 
     </span>
    </p>
   </div>
   <div class='ocr_carea' id='block_1_112' title="bbox 1972 5577 3562 5661">
    <p class='ocr_par' dir='ltr' id='par_1_112' title="bbox 1972 5577 3562 5661">
     <span class='ocr_line' id='line_1_112' title="bbox 1972 5577 3562 5661; baseline -0.008 -14"><span class='ocrx_word' id='word_1_837' title='bbox 1972 5589 2231 5661; x_wconf 88' lang='lat' dir='ltr'><strong>deinceps</strong></span> <span class='ocrx_word' id='word_1_838' title='bbox 2259 5589 2417 5646; x_wconf 88' lang='lat' dir='ltr'><strong>aliter</strong></span> <span class='ocrx_word' id='word_1_839' title='bbox 2444 5601 2606 5659; x_wconf 87' lang='lat' dir='ltr'><strong>quam</strong></span> <span class='ocrx_word' id='word_1_840' title='bbox 2629 5599 2661 5639; x_wconf 90' lang='lat' dir='ltr'><strong>a</strong></span> <span class='ocrx_word' id='word_1_841' title='bbox 2686 5579 2891 5640; x_wconf 87' lang='lat' dir='ltr'><strong>sanctis</strong></span> <span class='ocrx_word' id='word_1_842' title='bbox 2916 5579 3269 5638; x_wconf 85' lang='lat' dir='ltr'><strong>constitutum</strong></span> <span class='ocrx_word' id='word_1_843' title='bbox 3290 5586 3375 5638; x_wconf 83' lang='lat' dir='ltr'><strong>est</strong></span> <span class='ocrx_word' id='word_1_844' title='bbox 3397 5577 3562 5641; x_wconf 80' lang='lat' dir='ltr'><strong>Patri-</strong></span> 
     </span>
    </p>
   </div>
   <div class='ocr_carea' id='block_1_113' title="bbox 365 5780 3563 5889">
    <p class='ocr_par' dir='ltr' id='par_1_113' title="bbox 365 5780 3563 5889">
     <span class='ocr_line' id='line_1_113' title="bbox 365 5780 3563 5889; baseline -0.009 -24"><span class='ocrx_word' id='word_1_845' title='bbox 365 5814 391 5846; x_wconf 75' lang='grc'><strong><em>⁸</em></strong></span> <span class='ocrx_word' id='word_1_846' title='bbox 429 5807 608 5876; x_wconf 80' lang='lat' dir='ltr'><strong>Alias,</strong></span> <span class='ocrx_word' id='word_1_847' title='bbox 660 5824 773 5866; x_wconf 84' lang='lat' dir='ltr'><strong>cum</strong></span> <span class='ocrx_word' id='word_1_848' title='bbox 805 5815 1045 5889; x_wconf 70' lang='lat' dir='ltr'><strong>sanctum</strong></span> <span class='ocrx_word' id='word_1_849' title='bbox 1084 5804 1361 5864; x_wconf 73' lang='lat' dir='ltr'><strong>concilium</strong></span> <span class='ocrx_word' id='word_1_850' title='bbox 1398 5801 1543 5873; x_wconf 84' lang='lat' dir='ltr'><strong>apud</strong></span> <span class='ocrx_word' id='word_1_851' title='bbox 1582 5798 1915 5856; x_wconf 77' lang='lat' dir='ltr'><strong>Antiochiam</strong></span> <span class='ocrx_word' id='word_1_852' title='bbox 1951 5805 2069 5868; x_wconf 82' lang='lat' dir='ltr'><strong>post</strong></span> <span class='ocrx_word' id='word_1_853' title='bbox 2108 5804 2369 5867; x_wconf 76' lang='lat' dir='ltr'><strong>tempore,</strong></span> <span class='ocrx_word' id='word_1_854' title='bbox 2414 5799 2563 5851; x_wconf 84' lang='lat' dir='ltr'><strong>etc.:</strong></span> <span class='ocrx_word' id='word_1_855' title='bbox 2606 5789 2845 5862; x_wconf 85' lang='lat' dir='ltr'><strong>rectius,</strong></span> <span class='ocrx_word' id='word_1_856' title='bbox 2886 5795 2948 5848; x_wconf 75' lang='lat' dir='ltr'><strong>ut</strong></span> <span class='ocrx_word' id='word_1_857' title='bbox 2985 5803 3057 5846; x_wconf 80' lang='lat' dir='ltr'><strong>ex</strong></span> <span class='ocrx_word' id='word_1_858' title='bbox 3094 5784 3447 5859; x_wconf 74' lang='lat' dir='ltr'><strong>sequentibus</strong></span> <span class='ocrx_word' id='word_1_859' title='bbox 3484 5780 3563 5841; x_wconf 76' lang='lat' dir='ltr'><strong>vi-</strong></span> 
     </span>
    </p>
   </div>
  </div>
