4012 6456
461 279 534 339 es
1332 340 1335 345 λ
1818 276 2109 337 excursu
2139 272 2375 335 EXIGUI
2788 340 2799 343 _
3668 258 3744 329 at

462 396 588 464 bus,
611 392 1029 453 sacratissimum
1054 391 1260 451 Pascha
1289 390 1609 450 celebretur.
1640 389 1795 460 Quod
1824 391 1868 448 si
1893 393 2047 447 testi-
2076 398 2121 455 Α
2154 390 2308 460 dum,
2336 402 2671 459 communes,
2700 387 2752 447 id
2777 395 2861 447 est
2880 387 3115 453 minores
3141 386 3360 460 habeat,
3392 389 3610 447 tertium
3634 402 3745 444 em-

461 487 644 543 monia
670 494 941 542 tantorum
972 486 1311 542 sacerdotum
1362 483 1585 539 forsitan
1629 482 1750 553 quis
1780 482 2048 540 obstinata

462 586 643 635 mente
666 576 988 648 despexerit,
1012 578 1175 632 etiam
1195 576 1249 631 in
1275 575 1495 631 historia
1516 573 1877 630 ecclesiastica
1898 573 2050 644 paria

461 668 700 728 breviter
745 668 985 725 intimata
1028 666 1291 738 reperiet;
1341 666 1740 736 multorumque
1787 664 2053 720 relatione

461 760 798 833 pontificum,
847 767 902 814 et
930 759 1164 813 maxime
1189 758 1334 813 beati
1365 756 1662 822 Athanasii,
1713 753 1865 826 cujus
1886 769 2051 825 supra

461 853 827 918 meminimus,
875 852 990 906 haec
1014 851 1201 906 eadem
1232 850 1447 920 vulgata
1472 857 1783 920 cognoscet.
1817 846 2052 919 ldipsum

460 959 596 999 vero
625 941 855 1012 epistola
895 941 1069 997 sancti
1097 937 1325 994 Protcrii
1353 939 1729 994 Alexandrinae
1761 938 1904 995 urbis
1933 937 2051 1008 epi-

459 1032 613 1103 scopi
658 1030 724 1085 ad
775 1029 1025 1086 eumdem
1072 1043 1265 1100 papam
1298 1028 1533 1083 Leonem
1573 1043 1674 1099 pro
1720 1027 1824 1083 hac
1863 1026 2052 1082 eadem

460 1122 702 1196 paschali
740 1123 1041 1193 qumstionc
1067 1122 1293 1187 directa,
1321 1128 1588 1175 testatur:
1614 1134 1775 1188 quam
1799 1126 1925 1173 ante
1954 1118 2055 1175 hos
2080 1120 2083 1125 λ

461 1228 635 1269 annos
660 1209 1048 1268 transferentes
1080 1225 1112 1266 e
1138 1210 1346 1276 Graeco,
1394 1210 1520 1266 huic
1560 1211 1714 1281 operi
1757 1210 2053 1265 adnecten-

460 1306 584 1364 dam
601 1320 725 1362 esse
742 1283 1114 1375 perspeximus
1136 1302 1228 1375 (al.
1243 1345 1258 1371 ,
1284 1301 1681 1373 prospeximus)
1708 1319 1720 1353 :
1748 1315 1847 1356 nec
1869 1314 1975 1355 non
1999 1306 2057 1355 et

462 1402 779 1462 argumenta
820 1392 1197 1464 Egyptiorum
1227 1392 1521 1461 sagacitate
1551 1391 1771 1461 qumsita
1812 1390 2054 1446 subdidi-

460 1503 614 1555 mus;
642 1487 854 1560 quibus,
888 1486 933 1541 si
977 1484 1202 1541 forsitan
1234 1484 1568 1554 ignorentur,
1600 1483 1885 1554 paschales
1912 1483 2055 1539 tituli

461 1578 675 1649 possint
717 1576 876 1632 facile
922 1573 1145 1645 reperiri
1174 1591 1187 1627 :
1220 1572 1273 1627 id
1302 1581 1404 1639 est,
1451 1581 1649 1642 quotus
1688 1573 1759 1627 sit
1787 1586 1960 1627 annus
1985 1573 2054 1629 ah

462 1667 840 1725 lncarnatione
863 1664 1097 1731 Domini,
1148 1669 1205 1720 et
1231 1670 1397 1733 quota
1437 1662 1509 1717 sit
1555 1662 1810 1729 indictio;
1857 1670 2055 1732 quotus

2151 485 2460 555 bolismum,
2484 482 2535 541 id
2557 492 2641 541 est
2661 483 2953 553 majorem;
2983 501 3185 543 annum
3210 493 3460 557 quartum
3490 494 3548 542 et
3575 486 3732 556 quin-

2153 583 2269 631 tum
2300 576 2429 632 item
2469 591 2807 640 communes,
2853 585 3063 633 sextum
3110 576 3519 646 embolismum;
3569 577 3737 650 septi-

2152 681 2301 721 mum
2329 681 2692 733 communem,
2718 673 2970 724 octavum
2996 668 3393 725 embolismum.
3424 669 3502 725 Ac
3522 684 3619 740 per
3638 670 3748 725 hoc.

2153 757 2415 827 ogdoadis
2442 774 2756 814 communes
2784 760 2911 815 anni
2937 760 3193 832 quinque,
3219 768 3275 816 et
3301 769 3411 818 tres
3439 760 3744 818 embolismi

2148 846 2350 916 jugiter
2376 848 2736 907 ascribuntur.
2768 849 3086 905 Communis
3130 858 3311 906 autem
3341 866 3514 907 annus
3540 851 3746 908 duode-

2153 938 2261 993 cim
2288 938 2503 994 lunares
2530 954 2743 995 menses
2770 940 2992 1009 colligit,
3022 940 3112 1011 qui
3142 940 3258 997 dies
3286 948 3562 996 trecentos
3586 941 3746 1012 quin-

2154 1029 2410 1098 quaginta
2429 1035 2662 1099 quatuor
2683 1028 2941 1085 efﬁciunt.
2970 1029 3328 1087 Emholismus
3356 1040 3534 1087 autem
3549 1046 3746 1102 annus,

2155 1130 2212 1176 et
2232 1121 2386 1177 lunas
2416 1121 2695 1189 tredecim,
2752 1131 2810 1178 et
2846 1123 2963 1179 dies
2992 1130 3271 1179 trecentos
3307 1124 3580 1193 octoginta
3607 1139 3747 1195 qua-

2158 1222 2283 1270 tuor
2324 1215 2524 1270 habere
2572 1222 2921 1271 monstratur.
2981 1214 3113 1271 item
3163 1215 3437 1271 hendecas
3481 1216 3583 1271 hac
3628 1217 3747 1284 lege

2159 1305 2433 1361 discurrit.
2464 1304 2659 1376 incipit
2701 1321 2846 1362 nono
2873 1321 3015 1360 anno
3044 1306 3183 1378 cycli
3213 1307 3743 1376 decemnovennalis,

2156 1398 2250 1469 qui
2295 1405 2379 1453 est
2424 1398 2629 1454 lunaris
2654 1406 2841 1455 sextus
2887 1416 2900 1451 :
2944 1397 3098 1468 cujus
3134 1398 3342 1469 primus
3388 1406 3446 1454 et
3480 1399 3748 1456 secundus

2157 1506 2332 1547 annus
2359 1492 2662 1547 communis
2685 1500 2789 1557 est,
2817 1491 3010 1547 tertius
3036 1491 3420 1559 embolismus;
3451 1499 3674 1560 quartus
3693 1499 3749 1548 et

2155 1582 2377 1652 quintus
2418 1581 2742 1647 communis,
2772 1589 2960 1638 sextus
2986 1582 3363 1649 embolismus;
3406 1581 3666 1652 septimus
3694 1590 3751 1642 et

2158 1680 2382 1729 octavus
2396 1673 2731 1741 communis;
2748 1687 2922 1729 nonus
2941 1672 3315 1740 embolismus;
3340 1673 3580 1728 decimus
3600 1687 3753 1728 com-

463 1761 630 1816 etiam
676 1758 879 1814 lunaris
924 1757 1176 1820 circulus,
1234 1756 1349 1810 sive
1375 1754 1886 1811 decemnovennalis
1934 1757 2049 1809 exi-
2088 1765 2129 1824 Β
2155 1764 2370 1830 munis,
2438 1763 2754 1821 undecimus
2794 1762 3147 1820 embolismus
3187 1780 3201 1817 ε
3251 1763 3437 1833 sicque
3484 1762 3753 1819 hendecas

462 1859 605 1919 stat;
633 1851 923 1922 ceterique
949 1849 1108 1906 simili
1137 1848 1258 1920 (aL,
1276 1855 1577 1918 ceteraque
1604 1847 1822 1917 similia)
1850 1864 2053 1918 suppu-

463 1944 690 2001 tationis
716 1942 1041 2015 compendio
1068 1941 1434 2014 requirantur.
1473 1938 1732 1996 Orantem
1770 1954 1871 2011 pro
1898 1939 2056 1997 nobis

462 2035 851 2093 beatitudinem
903 2040 1139 2092 vestram
1185 2032 1364 2089 divina
1412 2031 1584 2104 gratia
1638 2029 1914 2089 custodire
1972 2029 2059 2088 di-

463 2138 571 2201 gne
579 2135 688 2184 tur.

1047 2258 1382 2319 EPISTOLA
1418 2258 1484 2316 ll.

718 2386 939 2432 sca.va
974 2386 1116 2430 anno
1152 2388 1364 2429 cunts'n
1400 2385 1631 2428 VULGARI
1670 2369 1791 2427 526.

543 2483 787 2545 Dominis
814 2504 844 2544 a
872 2503 961 2544 me
984 2487 1273 2559 plurimum
1301 2485 1621 2542 venerandis
1650 2484 1923 2543 Bonifacio
1948 2485 2054 2557 prio

468 2582 693 2638 micerio
722 2582 1077 2647 notariorum,
1106 2587 1163 2636 et
1176 2579 1329 2637 Bono
1350 2579 1747 2646 sccundicerio,
1774 2578 2061 2652 Dionysius

467 2671 708 2742 Exiguus
736 2673 984 2728 salutem.

542 2766 908 2823 Observantize
941 2764 1059 2837 (al.,
1091 2761 1449 2831 Reverentia,
1480 2779 1585 2818 non
1615 2760 1764 2833 bene)
1792 2760 2064 2833 paschalis

467 2857 731 2926 regulam,
764 2855 855 2910 diu
884 2862 1074 2909 sancto
1103 2868 1167 2908 ac
1198 2852 1492 2909 venerabili
1523 2852 1778 2909 Petronio
1808 2853 2063 2925 episcopo

467 2956 870 3013 commonente,
906 2945 1120 3001 tandem
1150 2944 1292 3015 stylo
1321 2944 1703 3000 commendare
1728 2945 2057 3015 compulsus,

468 3052 687 3093 omnem
717 3036 972 3105 deinceps
1020 3034 1346 3090 diversitatis
1373 3035 1827 3106 oppugnationem
1876 3036 2060 3091 subla-

2158 1854 2537 1912 communibus
2564 1857 2722 1913 annis
2750 1863 2981 1927 septem,
3015 1854 3349 1912 embolismis
3381 1859 3615 1926 quatuor
3642 1861 3752 1911 ter-

2159 1946 2415 2001 minatur.
2466 1943 2921 2003 Embolismorum
2950 1953 3133 2001 autem
3174 1946 3277 2001 ista
3324 1945 3465 2002 ratio
3494 1945 3753 2016 probatur

2159 2036 2396 2092 existere
2414 2077 2430 2103 ,
2476 2036 2604 2107 quia
2633 2051 2899 2092 annorum
2926 2037 3291 2093 communium
3316 2036 3530 2092 videtur
3557 2037 3753 2097 damna

2158 2126 2412 2198 supplere
2446 2145 2459 2181 :
2490 2136 2758 2197 quatenus
2783 2126 2850 2181 ad
2878 2127 3056 2183 solare
3104 2135 3316 2198 tempus
3361 2126 3565 2183 lunaris
3608 2142 3753 2197 exm-

2159 2228 2356 2288 quetur
2380 2217 2651 2274 excursio.
2678 2214 2932 2285 Quamvis
2951 2217 3095 2273 enim
3126 2216 3254 2272 anni
3279 2214 3473 2272 solaris
3492 2216 3752 2272 circulum

2160 2324 2259 2381 per
2284 2308 2525 2379 singulos
2546 2323 2761 2365 menses
2789 2308 2916 2364 luna
2944 2309 3264 2376 circumeat,
3287 2315 3467 2363 tamen
3490 2307 3606 2377 ejus
3626 2322 3754 2377 per-

2158 2400 2451 2459 fectionem
2480 2399 2765 2456 duodecim
2793 2400 2906 2456 suis
2929 2400 3206 2456 mensibus
3232 2398 3457 2469 implere
3478 2414 3587 2453 non
3616 2414 3755 2469 prae-

2160 2492 2322 2548 valet.
2368 2490 2609 2562 Denique
2651 2490 2705 2546 in
2748 2490 2903 2545 annis
2947 2489 3325 2546 communibus
3371 2489 3443 2545 ad
3483 2490 3754 2545 rationem

2162 2580 2358 2637 solaris
2386 2580 2513 2635 anni
2567 2579 2819 2638 undecim
2851 2579 2967 2635 dies
3015 2579 3156 2636 luna:
3196 2580 3388 2637 deesse
3435 2588 3754 2637 cernuntur.

2162 2667 2221 2724 ln
2242 2668 2574 2725 embolismis
2600 2683 2731 2724 vero
2758 2666 3127 2725 novemdecim
3155 2668 3345 2727 diebus
3380 2670 3628 2725 eumdem
3653 2684 3753 2725 an-

2163 2776 2292 2815 num
2320 2760 2529 2815 videtur
2552 2760 2786 2817 solerem
2816 2760 2941 2816 luna
2982 2760 3380 2817 transcendere.
3415 2760 3757 2833 Quapropter

2163 2850 2422 2920 ogdoadis
2450 2858 2507 2905 et
2532 2850 2860 2906 hendecadis
2904 2865 3097 2918 annos,
3141 2849 3298 2921 juxta
3328 2850 3536 2922 praefati
3565 2853 3757 2909 circuli

2164 2942 2434 3010 ordinem,
2464 2942 2520 2997 in
2550 2941 2787 2998 medium
2815 2942 3179 3014 proferamus;
3211 2952 3267 2999 et
3288 2944 3490 3013 liquido
3510 2945 3759 3016 probabi-

2165 3049 2305 3101 mus,
2335 3049 2433 3106 per
2460 3041 2585 3091 octo
2610 3048 2782 3089 annos
2819 3040 2873 3089 et
2902 3033 3174 3103 undecim,
3216 3034 3358 3090 lunae
3386 3050 3601 3093 cursum
3630 3052 3757 3093 cum

467 3135 581 3182 tam
611 3124 727 3182 fore
765 3124 1132 3191 credideram;
1165 3125 1398 3181 maxime
1426 3125 1570 3196 quod
1611 3133 1923 3182 sanctorum
1953 3134 2061 3183 tre~
2088 3126 2136 3191 C
2165 3125 2281 3181 sole
2310 3122 2638 3183 contendere
2680 3142 2694 3179 :
2725 3124 2943 3196 quando
2974 3132 3058 3181 tot
3083 3125 3200 3181 dies
3241 3124 3331 3181 illa
3361 3126 3581 3198 colligat
3622 3136 3760 3198 quot

468 3225 753 3274 centorum
802 3216 1105 3272 octodecim
1156 3215 1455 3271 antistitum
1502 3216 1593 3287 qui
1638 3216 1779 3288 apud
1826 3217 2061 3274 Nicaeam

468 3313 878 3373 convenerant,
931 3306 1309 3362 auctoritatem
1357 3307 1484 3362 totis
1540 3306 1745 3363 nisibus
1790 3307 2062 3363 insinuare

468 3414 786 3457 curaveram
814 3416 828 3453 :
855 3399 948 3470 qui
995 3398 1048 3454 in
1092 3398 1209 3470 ipso
1251 3399 1481 3455 concilio
1508 3399 1817 3455 venerando
1847 3399 2063 3457 decem-

470 3490 834 3547 novennalem
864 3488 1074 3563 cyclum
1124 3488 1444 3560 regulariter
1488 3489 1797 3559 adigentes,
1843 3499 2063 3560 quartas

470 3581 711 3639 decimas
739 3583 893 3637 lunas
919 3580 1187 3653 paschalis
1212 3581 1566 3638 observantia:
1593 3597 1692 3654 per
1718 3583 1895 3639 omnia
1925 3592 2063 3640 tem-

474 3689 612 3743 pora
644 3674 749 3743 legi
787 3688 899 3729 sua:
926 3672 1282 3729 revolutionis
1311 3673 1617 3729 immobiles
1646 3673 2060 3731 adnotaverunt.

374 3834 379 3843 ι
471 3761 581 3819 Sed
621 3762 875 3834 quoniam
921 3763 1183 3819 sanctitas
1229 3770 1425 3829 vestra,
1470 3772 1589 3819 orta
1620 3764 1699 3819 rei
1725 3763 1884 3832 hujus
1911 3778 2063 3833 qua:-

472 3857 675 3923 stione,
713 3854 783 3911 de
820 3855 1041 3911 archivo
1071 3854 1328 3911 Romanae
1353 3853 1609 3911 Ecclesiae
1635 3856 1943 3912 Paschasini
1971 3872 2067 3913 ve-

472 3946 732 4003 nerabilis
760 3947 999 4018 episcopi
1027 3947 1249 4018 scripta,
1277 3964 1436 4019 quem
1466 3956 1680 4004 constat
1706 3966 1806 4021 pro
1832 3966 2065 4021 persona

472 4032 772 4096 beatissimi
795 4054 949 4112 papa:
977 4039 1174 4095 Leonis
1202 4048 1391 4096 sancto
1417 4039 1840 4097 Chalcedonensi
1868 4057 2067 4113 praese-

474 4128 621 4187 disse
649 4130 906 4200 concilio,
954 4130 1023 4185 ad
1056 4130 1305 4186 eumdem
1335 4145 1531 4202 papam
1561 4145 1659 4202 per
1687 4132 1827 4187 idem
1857 4140 2067 4203 tempus

473 4223 679 4280 directa
711 4238 852 4280 nunc
885 4221 1127 4294 protulit,
1176 4237 1296 4293 quae
1322 4224 1523 4280 sanctis
1550 4222 1799 4279 Patrihus
1826 4224 2066 4281 evidenti

474 4318 689 4372 ratione
715 4318 1081 4384 consentiunt,
1115 4318 1241 4374 huic
1269 4317 1520 4389 praesenti
1552 4317 1842 4374 indidimus
1871 4319 2021 4389 operi
2048 4336 2063 4373 :

478 4416 540 4462 ut
567 4407 725 4477 hujus
750 4409 913 4464 etiam
942 4409 1043 4463 viri
1072 4409 1383 4465 testimonio
1408 4410 1725 4477 niteremur,
1758 4409 1850 4480 qui
1893 4410 2066 4464 mani-

2165 3214 2259 3271 ille
2288 3216 2607 3271 cucurrerit.

2239 3305 2295 3362 ln
2314 3306 2559 3376 ogdoade
2582 3306 2813 3364 diximus
2832 3308 3069 3380 quinque
3088 3324 3260 3368 annos
3280 3324 3400 3367 esse
3418 3326 3760 3383 communes,

2166 3404 2277 3454 tres
2300 3397 2666 3454 embolismos.
2690 3397 2986 3468 Quinquies
3012 3415 3143 3471 ergo
3172 3404 3469 3459 trecenteni
3494 3405 3762 3475 quinqua-

2164 3487 2286 3558 geni
2316 3489 2586 3560 quaterni,
2635 3487 2771 3544 liunt
2817 3490 2965 3546 mille
3014 3493 3339 3562 septingenti
3382 3495 3757 3564 septuaginta;

2164 3588 2222 3636 et
2257 3587 2342 3637 ter
2384 3580 2686 3637 trecenteni
2726 3584 2978 3655 octogeni
3024 3586 3298 3655 quaterni,
3345 3585 3493 3642 mille
3541 3596 3758 3643 centum

2165 3669 2556 3740 quinquaginta
2602 3671 2730 3736 duo,
2780 3688 2846 3728 ac
2886 3688 2985 3743 per
3012 3675 3118 3731 hoc
3150 3676 3309 3732 simul
3343 3676 3477 3731 fiunt
3503 3677 3587 3733 bis
3616 3679 3762 3734 mille

2166 3764 2425 3831 nongenti
2455 3763 2637 3833 viginti
2681 3763 2812 3820 duo.
2863 3765 3125 3822 Similiter
3153 3775 3280 3823 octo
3305 3770 3433 3824 anni
3458 3770 3685 3836 salares,
3715 3772 3762 3827 si

2168 3853 2220 3908 in
2248 3869 2512 3909 summam
2539 3854 2875 3924 redigantur,
2930 3858 2983 3912 id
3016 3866 3100 3914 est
3128 3860 3301 3915 octies
3329 3862 3559 3917 trecenti
3599 3877 3760 3918 sexa-

2167 3944 2291 4014 geni
2313 3944 2485 4015 quini,
2513 3953 2570 4000 et
2598 3947 2890 4016 quadrans,
2923 3947 3127 4004 faciunt
3154 3950 3311 4005 simul
3346 3952 3430 4008 bis
3456 3952 3604 4008 mille
3626 3968 3763 4008 non-

2167 4045 2359 4104 gentos
2380 4036 2567 4105 viginti
2590 4036 2745 4093 duos.
2766 4036 2938 4093 Simili
2962 4040 3124 4095 modo
3145 4048 3201 4096 et
3223 4040 3549 4097 hendecadis
3566 4058 3755 4108 annos,

2169 4125 2260 4197 qui
2288 4134 2415 4181 sunt
2440 4141 2755 4182 communes
2803 4137 3034 4197 septem,
3078 4138 3134 4185 et
3162 4140 3395 4200 quatuor
3433 4130 3765 4199 embolismi,

2169 4219 2214 4274 si
2264 4218 2317 4272 in
2370 4232 2633 4272 summam
2681 4232 2745 4272 ea
2790 4232 2898 4288 qua
2946 4218 3181 4275 diximus
3215 4221 3601 4291 supputatione
3628 4235 3763 4275 con-

2169 4309 2422 4379 gesseris,
2453 4308 2785 4363 tantumdem
2815 4322 2955 4378 pene
2994 4310 3258 4380 reperies,
3299 4317 3559 4380 quantum
3591 4308 3764 4364 unde-

2172 4402 2277 4455 cim
2305 4400 2511 4456 solares
2538 4400 2665 4455 anni
2703 4399 3030 4469 coniiciunt;
3078 4400 3182 4457 hoc
3228 4409 3336 4467 est,
3382 4410 3575 4472 quater
3618 4400 3765 4455 mille

478 4495 620 4553 festo
661 4497 922 4553 miraculo
979 4498 1367 4554 venerabilium
1428 4498 1743 4569 pontificum
1789 4498 2066 4569 paschalia
2097 4508 2145 4568 ι)
2173 4491 2601 4561 quatuordecim.
2657 4489 2787 4547 "acc
2823 4500 2906 4547 est
2933 4506 3064 4561 ergo
3114 4491 3573 4561 embolismorum,
3624 4492 3768 4548 sicut

477 4590 698 4644 decreta
720 4588 1022 4645 confirmat.
1074 4587 1230 4656 Quod
1275 4603 1407 4644 vero
1434 4589 1487 4644 in
1517 4588 1729 4659 scriptis
1760 4589 1890 4659 ipsis
1918 4603 2071 4643 com-

480 4680 724 4736 munium
770 4694 1033 4736 annorum
1079 4687 1135 4736 et
1185 4680 1627 4736 embolismorum
1675 4680 1881 4735 mentio
1932 4677 2072 4736 facta

478 4781 582 4840 cst,
634 4782 690 4829 ct
716 4787 747 4827 a
781 4773 1051 4829 nonnullis
1079 4772 1193 4827 ham
1240 4773 1399 4836 ratio,
1450 4786 1573 4842 quae
1602 4786 1667 4826 ex
1698 4768 2072 4840 ﬂebrmorum,

480 4870 541 4916 ut
569 4861 758 4928 fertur,
810 4861 1099 4917 traditione
1144 4860 1447 4929 descendit,
1491 4875 1823 4933 magnopere
1871 4862 2071 4933 quaeri-

481 4962 591 5020 tur,
624 4954 766 5009 scire
784 4953 1112 5018 volentibus,
1131 4961 1307 5008 utrum
1338 4952 1463 5008 huic
1483 4961 1705 5023 paterna
1729 4952 1912 5020 regula
1944 4952 2066 5023 (aL,

481 5054 723 5115 paterna:
768 5044 987 5115 regulae)
1038 5059 1338 5100 consonare
1380 5042 1653 5105 videatur;
1704 5044 2069 5099 necessarium

482 5135 755 5203 duximus,
800 5143 858 5191 et
885 5135 1025 5190 hanc
1069 5134 1341 5203 notitiam,
1389 5150 1459 5190 ne
1506 5133 1764 5203 probetur
1806 5133 1861 5187 in
1891 5133 2071 5203 aliquo

483 5224 765 5292 dissidere,
795 5233 984 5281 coacta
1013 5224 1279 5281 brevitate
1306 5224 1572 5292 digerere.

415 5300 419 5307 ’
556 5314 877 5372 Noverimus
930 5317 1150 5386 itaque,
1207 5316 1333 5386 quia
1381 5316 1520 5371 idem
1567 5314 2072 5371 decemnovennalis

485 5407 670 5479 cyclus
693 5422 789 5477 per
804 5408 1102 5476 ogdoadem
1121 5418 1175 5463 et
1200 5406 1560 5463 hendecadem
1586 5421 1801 5478 semper
1828 5406 1879 5460 in
1910 5420 1969 5461 se
1986 5420 2071 5460 re-

486 5499 738 5553 volvitur.
764 5494 899 5553 Octo
925 5512 1155 5567 namque
1185 5503 1241 5553 et
1268 5498 1515 5553 undecim
1548 5497 1662 5568 ipse
1694 5511 1948 5551 numerus
1974 5509 2072 5550 ex—

486 5592 736 5662 plicatur.
767 5587 981 5659 Ogdoas
1006 5603 1164 5658 ergo,
1211 5604 1331 5660 quae
1374 5589 1560 5658 incipit
1587 5604 1615 5642 a
1645 5589 1821 5659 primo
1850 5586 2068 5642 decem-

486 5684 771 5739 novenuali
813 5682 987 5755 cyclo,
1036 5684 1128 5753 qui
1158 5692 1241 5740 est
1269 5683 1468 5739 lunaris
1511 5682 1750 5739 decimus
1784 5681 2068 5752 septimus,

486 5774 589 5832 hac
616 5774 828 5832 ratione
868 5774 1170 5847 peragitur,
1219 5782 1279 5831 ut
1320 5788 1491 5831 annos
1530 5774 1761 5846 primum
1792 5781 1846 5829 et
1871 5786 2066 5829 sccun-

2174 4581 2536 4652 praediximus,
2579 4582 2739 4648 ratio,
2773 4593 2833 4636 ut
2872 4582 3219 4637 incrementis
3258 4582 3370 4639 suis
3399 4583 3766 4640 communium

2174 4686 2439 4727 annorum
2462 4671 2787 4727 detrimenta
2812 4680 3187 4742 compensent.

2244 4764 2351 4820 Sed
2376 4763 2487 4834 jam
2514 4765 2931 4837 pulcherrimam
2960 4765 3113 4822 vobis
3134 4774 3296 4838 atque
3317 4767 3629 4839 praeclaram
3654 4766 3767 4824 col-

2174 4854 2465 4911 lectionem
2513 4856 2682 4928 ipsius
2729 4856 2867 4927 cycli
2910 4854 3417 4913 decemnovennalis
3458 4859 3763 4925 ostendam,

2173 4960 2273 5017 per
2317 4959 2479 5015 quam
2524 4960 2740 4999 ontnem
2791 4945 3045 5017 deinceps
3085 4947 3509 5019 ambiguitatem,
3564 4948 3608 5003 si
3659 4964 3764 5020 qua

2176 5044 2323 5091 mota
2350 5035 2530 5101 fuerit,
2561 5034 2849 5103 auferatis;
2877 5053 2981 5093 nec
3009 5038 3079 5093 sit
3108 5038 3179 5093 ita
3207 5039 3327 5110 quis
3357 5039 3522 5094 nimio
3543 5048 3767 5109 stupore

2173 5129 2472 5201 perculsus,
2520 5129 2611 5198 qui
2657 5129 3028 5185 demonstrata
3058 5131 3159 5185 sibi
3203 5131 3448 5185 veritatis
3488 5129 3609 5185 luce
3656 5144 3766 5184 non

2175 5222 2425 5290 gaudeat,
2459 5230 2513 5275 et
2543 5222 2857 5291 ignorantia:
2883 5223 3084 5278 relictis
3108 5223 3363 5288 tenebris,
3386 5229 3547 5275 tantae
3571 5221 3766 5277 rationi

2176 5314 2423 5386 protinus
2452 5328 2558 5367 non
2589 5314 2917 5382 acquiescat.
2956 5313 3001 5367 A
3028 5313 3233 5369 decima
3281 5313 3471 5382 quinta
3500 5312 3625 5367 luna
3670 5327 3769 5383 pa-

2176 5405 2372 5461 schalis
2416 5404 2557 5471 festi,
2604 5407 2749 5470 anni,
2773 5406 2921 5462 verbi
2951 5406 3138 5475 gratia,
3172 5404 3545 5477 prmccdcntis,
3597 5420 3768 5477 usque

2177 5495 2243 5550 ad
2273 5496 2536 5551 decimam
2582 5505 2826 5566 quartam
2857 5497 3156 5567 sequentis,
3188 5497 3333 5566 quod
3380 5497 3688 5567 qumrimus,
3719 5494 3767 5552 si

2176 5588 2478 5642 communis
2506 5601 2679 5642 annus
2700 5593 2801 5650 est,
2836 5593 3105 5640 trecentos
3125 5587 3510 5657 quinquaginta
3533 5595 3768 5657 quatuor

2177 5678 2292 5733 dies
2334 5679 2580 5743 habebit;
2630 5678 2674 5732 si
2727 5676 3109 5742 embolismus,
3173 5684 3445 5732 trecentos
3488 5676 3765 5745 octoginta

2178 5776 2423 5840 quatuor.
2458 5767 2612 5839 Quod
2648 5768 2692 5823 si
2722 5767 2838 5824 dies
2866 5781 3003 5823 unus
3030 5766 3152 5841 plus
3180 5767 3427 5825 minusve
3454 5766 3764 5843 contigerit,
