4012 6482
340 342 415 405 93
1387 341 1724 404 EPlSTOLA
1759 344 1806 403 η
1844 344 1933 403 DE
1972 344 2273 405 RATIONE
2298 342 2620 407 PASCIle.
3564 348 3642 406 ω

338 458 567 514 evidens
595 471 754 515 error
774 464 876 515 est.
897 456 1146 531 Excepto
1165 456 1421 517 videlicet
1442 475 1585 516 anno
1608 462 1783 531 primo
1803 474 1947 532 saepe
1978 465 2017 521 Α
2052 460 2135 524 lis,
2158 459 2281 531 quia
2310 459 2614 516 communis
2640 470 2813 516 annus
2842 462 2945 528 est,
2961 463 3090 514 sunt
3106 455 3224 516 dies
3240 457 3642 531 uecentiquiu-

336 548 471 607 dicti
499 549 1020 607 decemnovennalis
1046 551 1208 623 cycli,
1243 567 1406 621 quem
1435 568 1465 607 a
1496 551 1707 608 decima
1747 560 1940 626 quarta

334 637 467 694 luna
498 637 723 695 Paschte
751 640 949 707 ultimi,
999 640 1055 695 id
1083 647 1167 696 est
1195 643 1324 697 noni
1370 641 1564 697 decimi
1593 642 1740 707 anni,
1772 656 1943 713 usque

332 729 407 784 ad
429 730 698 785 decimam
728 737 977 802 quartam
1008 729 1252 800 ejusdem
1282 731 1441 801 primi
1473 746 1760 787 numerare
1786 748 1941 787 cura-

332 836 462 877 mus
490 822 612 892 (aL,
655 823 1040 887 causavimus).
1094 820 1325 893 Propter
1364 823 1504 895 quod
1555 824 1697 880 idem
1721 825 1942 881 ultimus

328 919 584 980 epactas,
626 912 678 966 id
712 921 797 967 est
825 911 1159 983 adjectiones
1205 913 1437 980 lunares,
1469 915 1766 971 octodenas
1814 923 1941 971 tunc

329 1003 601 1067 retinens,
632 1003 809 1075 primo
837 1019 1001 1067 anno,
1032 1019 1141 1059 non
1170 1004 1438 1068 undecim,
1467 1013 1527 1060 ut
1552 1006 1761 1061 caeteris
1787 1006 1943 1061 annis

328 1089 456 1146 ﬁeri
486 1092 646 1157 solet,
678 1092 777 1147 scd
806 1093 1092 1149 duodecim
1121 1092 1240 1149 dies
1283 1100 1677 1152 accommodat.
1717 1095 1786 1151 Et
1812 1096 1938 1167 quia

330 1182 561 1250 triginta
593 1182 802 1237 dierum
833 1182 938 1238 fine
964 1184 1275 1251 volvuntur,
1307 1184 1450 1239 nulla
1491 1192 1681 1254 epacta
1711 1186 1763 1240 in
1793 1187 1943 1255 prin-

330 1270 486 1342 cipio
530 1272 698 1342 ipsius
746 1274 884 1344 cycli
930 1273 1183 1343 ponitur;
1227 1274 1496 1330 secundus
1542 1283 1723 1329 autem
1768 1290 1942 1331 annus

330 1370 563 1429 epactas
588 1361 840 1417 undecim
882 1362 1108 1432 suscipit
1133 1379 1147 1415 :
1181 1370 1238 1418 et
1267 1363 1412 1431 ideo,
1460 1363 1601 1417 sicut
1623 1361 1879 1432 diximus,
1908 1377 1940 1419 a

329 1448 550 1504 decima
564 1451 753 1521 quinta
772 1451 897 1505 luna
919 1449 1141 1507 Pascha:
1157 1453 1316 1522 primi
1339 1452 1478 1524 cycli
1500 1466 1671 1522 usque
1695 1454 1762 1508 ad
1779 1453 1940 1510 finem

326 1538 477 1607 ejus,
526 1540 584 1594 in
626 1540 1009 1599 communibus
1052 1550 1109 1596 et
1149 1542 1481 1598 embolismis
1508 1544 1663 1598 annis
1690 1544 1941 1614 praeﬁxos

325 1628 455 1686 dies
496 1645 599 1685 nos
644 1631 910 1698 invenire,
960 1647 1070 1688 non
1100 1630 1322 1687 dubium
1366 1640 1469 1688 est.
1500 1631 1658 1700 Quod
1707 1635 1751 1688 si
1782 1634 1941 1691 aliter

327 1720 633 1792 aliquando
662 1723 1046 1779 calculantium
1076 1723 1345 1793 imperitia
1379 1723 1542 1779 fuerit
1571 1725 1815 1781 fortassis
1836 1742 1938 1781 ex-

2045 550 2303 620 quagiuta
2330 558 2582 620 quatuor.

2117 641 2276 696 Anno
2328 639 2808 697 decemnovcnnali
2861 640 3139 706 secundo,
3201 640 3377 696 lunari
3430 639 3642 697 decimo

2047 739 2267 801 octavo,
2321 732 2390 787 ab
2437 739 2634 788 octavo
2683 732 2804 788 idus
2849 733 3047 803 Aprilis
3087 748 3256 802 usque
3296 733 3349 787 in
3390 743 3643 803 octavum

2045 824 2301 881 calendas
2328 823 2547 893 Aprilis,
2579 823 2705 894 quia
2737 824 3038 879 communis
3068 834 3176 893 est,
3219 834 3348 880 sunt
3385 825 3502 881 dies
3531 835 3641 880 tre-

2045 919 2190 974 centi
2222 917 2609 988 quinquaginta
2636 925 2886 986 quatuor.

2118 1030 2277 1085 Auno
2305 1028 2781 1086 decemnovcnnali
2814 1028 2999 1096 tertio,
3030 1028 3208 1084 lunari
3230 1027 3442 1085 decimo
3472 1043 3642 1093 nono,

2044 1134 2076 1174 a
2099 1120 2329 1189 septimo
2356 1120 2614 1175 calendas
2634 1119 2835 1190 Aprilis
2864 1134 3033 1188 usque
3062 1119 3117 1173 in
3144 1119 3260 1173 idus
3276 1121 3492 1190 Aprilis,
3516 1121 3643 1189 quia

2047 1211 2400 1267 emliolismus
2442 1220 2555 1279 est,
2599 1211 2736 1265 ﬁunt
2775 1210 2891 1265 dies
2935 1211 3166 1266 trecenti
3205 1212 3481 1282 octoginta
3509 1227 3645 1283 qua-

2047 1310 2192 1357 tuor.
3130 1294 3145 1308 ’
3626 1338 3632 1369 -_

2118 1395 2275 1450 Anno
2302 1394 2781 1451 decemnovennali
2804 1402 3020 1464 quarto,
3062 1394 3236 1450 lunari
3268 1395 3461 1465 primo,
3489 1411 3519 1451 a
3542 1394 3642 1450 de-

2046 1484 2190 1540 cimo
2216 1493 2412 1541 octavo
2452 1485 2705 1541 calendas
2731 1485 2856 1540 Maii
2886 1500 3057 1557 usque
3101 1486 3154 1540 in
3182 1496 3433 1556 quartum
3472 1500 3645 1543 nonas

2044 1577 2263 1647 Aprilis,
2302 1578 2426 1646 quia
2450 1577 2751 1634 communis
2778 1586 2883 1642 est,
2918 1577 3056 1633 ﬁunt
3083 1576 3197 1634 dies
3225 1581 3451 1634 trecenti
3480 1578 3643 1649 quin-

2044 1667 2301 1735 quaginta
2334 1675 2587 1736 quatuor.
3144 1666 3147 1667 ⁷

2119 1756 2277 1812 Anno
2307 1758 2791 1814 decemnovenuali
2829 1759 3045 1830 quinto,
3098 1759 3276 1815 lunari
3319 1760 3581 1826 secundo,
3608 1773 3640 1814 a

327 1812 729 1918 Wtu?’!mc
755 1814 1099 1870 “unauna
1120 1814 1548 1893 τ²ιί⁰⁰ί¹³³ιί⁰¹¹ί⁵
1577 1815 1935 1872 eoru"lfa15i'
1970 1843 2019 1904 B
2049 1849 2208 1902 tertio
2248 1863 2418 1902 nonas
2447 1849 2644 1918 Aprilis
2676 1863 2738 1903 us
2761 1812 2865 1918 ine.
2896 1850 2949 1904 in
2998 1812 3340 1905 undecimum
3384 1812 3642 1906 calendas

329 1909 427 1957 tas
454 1912 737 1972 arguetur.

406 2013 592 2082 Atque
620 2021 682 2068 ut
700 2012 806 2069 hoc
825 2013 1164 2070 manifestius
1187 2016 1361 2087 possit
1386 2016 1635 2089 intelligi,
1660 2020 1942 2089 praesentis

328 2106 468 2161 anni
496 2110 868 2162 monstrémus
913 2108 1186 2178 exemplo.
1237 2107 1468 2164 lndictio
1514 2111 1717 2181 quippe
1744 2120 1939 2183 quarta

331 2206 443 2263 est,
477 2205 534 2252 et
558 2196 762 2253 lunaris
790 2197 1025 2253 circulus
1053 2198 1399 2266 undecimus;
1432 2199 1940 2259 decemnovennalis

333 2292 522 2359 cyctus
547 2286 792 2344 decimus
819 2295 1064 2359 quartus.
1091 2287 1155 2342 Et
1178 2290 1433 2359 quoniam
1464 2291 1791 2348 hendecadis
1815 2307 1942 2348 sexo

333 2383 428 2433 tus
466 2390 641 2433 annus
669 2386 774 2444 est,
805 2393 929 2433 eum
974 2378 1349 2434 embolismum
1394 2394 1514 2435 esse
1560 2396 1787 2436 necesse
1833 2390 1937 2438 est.

329 2469 381 2527 Δ
412 2469 631 2527 decima
659 2470 848 2541 quinta
898 2470 1083 2541 itaque
1127 2470 1254 2525 luna
1286 2471 1545 2541 praeteriti
1574 2470 1720 2537 festi,
1770 2486 1941 2542 usque

328 2562 405 2617 ad
431 2561 700 2618 decimam
727 2568 979 2631 quartam
1006 2561 1311 2632 praesentis,
1356 2571 1491 2633 quot
1515 2572 1641 2619 sunt
1670 2564 1787 2619 dies
1813 2565 1939 2619 dili-

230 2666 245 2673 ’
327 2652 555 2722 gentius
601 2652 982 2723 inquiramus:
1026 2660 1083 2707 et
1130 2653 1465 2709 inveniemus
1511 2655 1701 2724 procul
1751 2654 1936 2720 dubio,

328 2744 561 2814 quando
587 2742 797 2800 Pascha
825 2743 1104 2800 celebrare
1125 2743 1440 2800 debeamus.
1473 2743 1773 2803 Transacto
1795 2761 1939 2803 anno

330 2851 438 2908 per
460 2835 823 2893 indictionem
872 2835 1086 2890 tertiam
1119 2835 1174 2890 in
1204 2833 1411 2891 Pascha
1461 2837 1641 2891 lunam
1671 2838 1936 2892 decimam

329 2934 589 2996 quartam
619 2940 770 2981 nono
796 2925 1144 2981 calendarum
1175 2925 1437 2997 Aprilium
1467 2927 1572 2992 die,
1599 2928 1655 2982 id
1681 2936 1768 2984 est
1790 2930 1937 2997 vige-

329 3019 478 3075 simo
505 3026 703 3089 quarto
725 3017 927 3073 mensis
955 3016 1134 3073 Martii
1179 3016 1361 3084 fuisse,
1406 3019 1527 3088 quis
1572 3018 1799 3083 dubitet,
1842 3019 1936 3089 qui

331 3122 525 3164 curam
555 3108 715 3179 hujus
742 3108 823 3164 rei
854 3107 1057 3164 habere
1084 3109 1617 3178 quantulumcunque
1644 3111 1933 3179 cognosci-

2044 1936 2264 2008 Aprilis,
2293 1940 2418 2007 quia
2447 1941 2752 1996 communis
2780 1947 2882 2009 est,
2916 1938 3053 1995 ﬁunt
3078 1940 3195 1996 dies
3224 1940 3454 1995 trecenti
3478 1942 3646 2010 quin-

2042 2032 2303 2099 quaginta
2330 2039 2586 2100 quatuor.

2116 2120 2275 2175 Anno
2301 2120 2781 2178 decemnovennali
2828 2133 3006 2187 sexto,
3052 2125 3226 2181 lunari
3257 2125 3444 2191 tertio,
3490 2141 3521 2179 a
3549 2125 3648 2180 de-

2046 2209 2195 2266 cimo
2221 2212 2478 2267 calendas
2502 2212 2700 2282 Aprilis
2728 2229 2901 2283 usque
2929 2216 2982 2270 in
3007 2224 3262 2287 quartum
3292 2217 3409 2271 idus
3424 2217 3641 2286 Aprilis,

2043 2300 2174 2367 quia
2204 2300 2555 2358 embolismus
2607 2312 2711 2369 est,
2760 2301 2897 2360 ﬁunt
2941 2305 3057 2362 dies
3103 2307 3333 2363 trecenti
3369 2309 3645 2378 octoginta

2043 2397 2299 2459 quatuor.

2060 2542 2063 2545 ἱ
2118 2477 2278 2534 Auno
2316 2479 2799 2539 decemnovennali
2840 2484 3096 2555 septimo,
3141 2485 3318 2542 lunari
3366 2497 3582 2558 quarto,
3612 2505 3644 2544 a

2046 2569 2210 2624 tertio
2239 2570 2359 2625 idus
2390 2571 2589 2641 Aprilis
2613 2587 2784 2641 usque
2805 2573 2858 2628 in
2888 2576 3107 2630 tertium
3136 2577 3390 2632 calendas
3421 2579 3642 2649 Aprilis,

2041 2659 2169 2729 quia
2202 2661 2507 2717 communis
2535 2672 2637 2729 est,
2686 2659 2822 2718 ﬁunt
2846 2663 2964 2719 dies
2998 2666 3228 2721 trecenti
3249 2668 3643 2738 quinquaginta

2042 2759 2300 2822 quatuor.

2116 2842 2274 2899 Anno
2290 2843 2773 2923 decemnovennali
2798 2852 3016 2917 octavo,
3046 2828 3225 2905 lunari
3248 2851 3457 2922 quinto,
3478 2868 3507 2906 a
3530 2852 3644 2923 pri-

2043 2932 2134 2989 die
2170 2935 2426 2991 calendas
2452 2920 2654 3005 Aprilis
2691 2951 2866 3007 usque
2894 2938 2947 2992 in
2975 2939 3243 2995 decimum
3266 2920 3638 3011 quartum-ca-

2042 3025 2233 3082 lendas
2260 3024 2407 3092 Maii,
2438 3028 2566 3096 quia
2597 3028 2949 3087 embolismus
2975 3037 3078 3097 est,
3106 3030 3240 3087 tiunt
3261 3034 3380 3089 dies
3415 3033 3641 3090 trecenti

2042 3116 2319 3183 octoginta
2348 3124 2604 3186 quatuor.

330 3203 463 3258 turi
491 3200 560 3257 Et
580 3201 707 3258 ideo
735 3202 804 3257 ab
829 3208 1023 3258 octavo
1052 3200 1398 3258 calendarum
1424 3202 1689 3273 Aprilium
1716 3203 1805 3259 die
1826 3219 1927 3258 nu-
1961 3211 2008 3276 α
2116 3204 2273 3260 Auno
2302 3204 2787 3265 decemnovennali
2818 3225 2988 3280 nono,
3018 3211 3195 3268 lunari
3222 3221 3404 3283 sexto,
3434 3229 3464 3268 a
3489 3216 3642 3271 deci-

327 3293 583 3351 merandi
628 3306 906 3351 sumamus
950 3292 1263 3360 exordium;
1310 3292 1575 3349 habemus
1601 3293 1779 3350 Martii
1820 3294 1936 3350 dies
2045 3312 2136 3351 mo
2163 3297 2321 3353 tertio
2343 3297 2738 3357 calendasMaii
2764 3315 2936 3370 usque
2964 3304 3642 3378 inseptiinutnidusApt-i-

326 3394 570 3457 septem,
599 3385 800 3456 Aprilis
829 3384 1070 3453 triginta,
1096 3383 1222 3440 Maii
1255 3385 1472 3454 triginta
1500 3393 1557 3441 et
1583 3400 1771 3451 unum,
1792 3384 1936 3441 Junii
2042 3386 2128 3453 lis,
2161 3389 2286 3459 quin
2316 3390 2623 3448 communis
2648 3400 2755 3462 est,
2796 3391 2931 3450 ﬁunt
2955 3396 3071 3453 dies
3112 3399 3339 3454 trecenti
3367 3400 3640 3471 quinqua-

328 3476 575 3543 triginta,
604 3472 735 3529 Julii
764 3473 983 3541 triginta
1024 3480 1082 3528 et
1108 3488 1296 3539 unum,
1349 3473 1574 3543 Augusti
1615 3475 1833 3543 triginta
1880 3481 1937 3529 et

328 3578 524 3630 unum,
540 3563 878 3633 Septembris
898 3563 1139 3631 triginta,
1161 3561 1411 3621 Octobris
1434 3565 1653 3634 triginta
1673 3574 1729 3619 et
1746 3579 1931 3632 unum,

325 3652 653 3711 Novembris
682 3654 920 3725 triginta,
952 3653 1264 3710 Decembris
1292 3654 1515 3725 triginta
1544 3662 1601 3711 et
1624 3671 1813 3722 unum,
1839 3654 1932 3711 Ja-

322 3745 504 3800 nuarii
534 3744 756 3814 triginta
782 3751 839 3800 et
859 3758 1043 3809 unum,
1069 3743 1348 3800 Februarii
1375 3745 1562 3814 viginti
1583 3754 1729 3813 octo,
1753 3745 1931 3804 Martii

321 3837 551 3906 triginta
592 3844 653 3893 et
684 3850 874 3904 unum,
915 3834 1117 3906 Aprilis
1151 3835 1440 3892 duodecim
1488 3835 1626 3904 dies,
1673 3839 1819 3907 quod
1846 3847 1931 3893 est

319 3928 504 3999 pridie
528 3927 655 3983 idus
694 3926 913 3997 Aprilis.
965 3925 1129 3982 Fiunt
1173 3926 1333 3982 simul
1376 3929 1604 3983 trecenti
1650 3929 1927 3999 octoginta

317 4026 584 4089 quatuor.
631 4015 790 4084 Quod
818 4016 895 4084 si,
932 4017 1090 4087 juxta
1136 4031 1324 4073 eorum
1353 4015 1749 4084 diﬁinitionem,
1785 4028 1809 4055 ο
1839 4018 1931 4088 qui

318 4111 513 4166 lunam
533 4109 694 4165 aliter
712 4123 877 4180 quam
906 4124 968 4166 se
996 4110 1197 4165 veritas
1225 4109 1390 4166 habet
1415 4118 1752 4182 computant,
1782 4110 1929 4167 deci-

318 4218 471 4259 mam
498 4210 751 4274 quartam
780 4217 890 4258 non
919 4202 1092 4272 pridie
1118 4202 1299 4259 iduum
1328 4202 1615 4274 Aprilium,
1644 4202 1740 4260 sed
1764 4204 1928 4260 tertio

315 4298 512 4354 iduum
561 4295 759 4354 demus
799 4311 1120 4364 occurrere;
1169 4304 1445 4354 trecentos
1491 4298 1767 4368 octoginta
1815 4305 1926 4356 tres

314 4388 441 4445 dies
467 4388 756 4444 imminuto
782 4402 1012 4443 numero
1040 4387 1389 4458 colligemus;
1438 4388 1584 4458 quod
1628 4390 1777 4444 nullo
1809 4389 1924 4447 ﬁeri

316 4487 487 4550 pacto
512 4478 852 4535 conceditur.
903 4477 972 4533 Et
1015 4478 1090 4534 ita
1118 4494 1335 4549 semper
1374 4480 1629 4550 quotiens
1655 4480 1921 4537 dubitatio

2041 3484 2189 3553 ginta
2216 3493 2471 3554 quatuor.

2116 3576 2273 3632 Anno
2302 3576 2781 3636 decemnovennali
2828 3580 3065 3650 decimo,
3108 3583 3283 3641 lunari
3324 3587 3576 3658 septimo,
3608 3601 3639 3642 a

2038 3676 2197 3725 sexto
2227 3669 2346 3723 idus
2375 3670 2575 3741 Aprilis
2605 3687 2776 3743 usque
2806 3672 2857 3726 in
2888 3684 3104 3731 sextum
3134 3678 3387 3733 calendas
3416 3681 3639 3750 Aprilis,

2040 3760 2168 3831 quia
2197 3763 2499 3818 communis
2526 3769 2630 3828 est,
2672 3764 2808 3819 ﬁunt
2848 3765 2967 3821 dies
2996 3770 3228 3824 trecenti
3252 3770 3639 3841 quinquaginta

2038 3862 2295 3924 quatuor.

2112 3949 2270 4005 Anno
2300 3948 2782 4007 decemnovennali
2810 3951 3118 4019 undecimo,
3151 3955 3327 4011 lunari
3358 3965 3574 4023 octavo,
3607 3972 3637 4013 a

2036 4040 2228 4110 quinto
2254 4041 2508 4098 calendas
2536 4042 2738 4113 Aprilis
2762 4059 2931 4114 usque
2961 4047 3013 4100 in
3042 4047 3311 4102 decimum
3341 4050 3633 4118 septimum

2034 4131 2291 4188 calendas
2320 4131 2469 4200 Maii,
2518 4134 2644 4204 quia
2675 4135 3028 4192 embolismus
3057 4146 3159 4205 est,
3209 4138 3341 4193 ﬁunt
3370 4139 3485 4194 dies
3529 4148 3638 4196 tre-

2038 4223 2184 4278 centi
2225 4227 2498 4294 octoginta
2524 4236 2780 4297 quatuor.

2112 4314 2270 4370 Anno
2299 4316 2777 4373 decemnovennali
2807 4319 3152 4386 duodecimo,
3198 4320 3375 4377 lunari
3404 4338 3575 4393 nono,
3604 4338 3636 4381 tl

2034 4405 2249 4463 decimo
2293 4418 2450 4465 sexto
2496 4410 2748 4467 calendas
2776 4409 2899 4467 Maii
2931 4426 3100 4484 usque
3147 4414 3199 4469 in
3247 4415 3421 4486 pridie
3464 4432 3637 4473 nouas

2038 4498 2258 4570 Aprilis,
2289 4501 2417 4570 quia
2439 4502 2744 4558 communis
2771 4510 2874 4571 est,
2904 4504 3041 4560 ﬁunt
3076 4504 3192 4561 dies
3219 4508 3445 4563 trecenti
3472 4508 3635 4578 quin-

315 4571 445 4625 Ialis
471 4569 796 4637 occurrerit,
820 4584 853 4624 a
874 4568 1081 4662 decium
1102 4570 1293 4640 quinta
1320 4569 1448 4625 luna
1470 4578 1753 4662 transacta:
1775 4572 1925 4628 festi-
1952 4585 2003 4649 υ
2032 4568 2287 4662 (ιιῇηεεηω
2307 4568 2563 4662 quam",

312 4662 526 4726 vitatis,
568 4674 746 4730 usque
789 4662 844 4716 in
890 4659 1163 4717 decimam
1208 4668 1459 4731 quartam
1490 4661 1731 4730 Paschic,
1775 4663 1923 4733 quod

310 4755 634 4826 quaerimus,
663 4753 782 4809 dies
808 4752 1044 4811 sollicite
1070 4761 1468 4825 computemus.
1498 4752 1568 4810 Et
1603 4754 1651 4810 si
1674 4770 1921 4812 commu-

310 4846 404 4903 nis
428 4861 609 4901 annus
635 4852 740 4912 est,
773 4851 1049 4902 trecentos
1074 4844 1467 4917 quinquaginta
1507 4853 1740 4917 quatuor
1771 4846 1921 4913 dies;

308 4946 362 5003 si
390 4944 749 5002 embolismus
776 4949 883 5013 est,
907 4950 1185 5000 trecentos
1204 4945 1482 5016 octoginta
1509 4954 1746 5015 quatuor
1770 4946 1924 5004 inve-

309 5038 532 5095 niemus
559 5055 572 5091 :
605 5051 710 5093 nec
736 5035 1075 5106 inrequalitas
1104 5034 1290 5109 (alias,
1320 5037 1678 5111 inaequaliter)
1701 5053 1923 5110 prorsus

310 5132 538 5190 eveniet
567 5149 584 5185 :
613 5132 741 5203 quia
762 5129 954 5201 regula
981 5129 1122 5201 cycli
1149 5129 1311 5201 hujus
1352 5131 1456 5187 hac
1481 5133 1696 5189 ratione
1737 5132 1920 5190 subsi-

308 5224 430 5289 stit,
451 5221 613 5290 cujus
627 5220 971 5279 enucleatam
986 5220 1274 5277 formulam
1292 5220 1537 5292 subjecta
1551 5222 1919 5295 descriptione

310 5312 643 5384 pandemus.

384 5425 550 5483 Anno
573 5423 1055 5483 deeemnovennali
1087 5425 1288 5497 primo,
1319 5426 1491 5485 lunari
1518 5428 1728 5486 decimo
1750 5428 1919 5500 septi-

306 5534 425 5587 mo,
444 5532 478 5574 a
500 5515 923 5588 deciumqainto
941 5515 1201 5575 calendas
1218 5514 1344 5575 Maii
1366 5533 1539 5592 usque
1563 5534 1735 5577 nonas
1755 5520 1919 5592 Apri-

2107 4684 2264 4740 Anno
2291 4684 2769 4744 decemnovennali
2800 4689 3013 4747 decimo
3058 4691 3244 4760 tertio,
3285 4692 3456 4748 lunari
3484 4694 3635 4751 deci-

2036 4789 2152 4841 mo,
2181 4790 2212 4830 a
2234 4776 2392 4832 nonis
2412 4776 2608 4848 Aprilis
2630 4793 2800 4849 usque
2825 4781 2881 4836 in
2910 4796 3110 4837 nonum
3135 4781 3389 4839 calendas
3409 4784 3632 4857 Aprilis,

2032 4865 2159 4935 quia
2187 4868 2491 4924 communis
2530 4876 2633 4936 est,
2667 4868 2803 4925 tiuut
2828 4870 2946 4927 dies
2984 4874 3213 4930 trecenti
3241 4874 3630 4947 quinquaginta
3714 4880 3715 4883 “

2031 4964 2287 5025 quatuor.

2103 5044 2261 5103 Anno
2283 5046 2765 5108 decemnovennali
2790 5051 3002 5111 decimo
3022 5062 3241 5126 quarto,
3266 5055 3441 5112 lunari
3464 5053 3632 5116 audeo

2027 5138 2192 5203 cimo,
2224 5140 2294 5195 ab
2322 5146 2520 5198 octavo
2542 5143 2794 5200 calendas
2815 5144 3016 5214 Aprilis
3044 5161 3215 5215 usque
3240 5147 3293 5201 in
3323 5149 3625 5206 secundum

2029 5228 2149 5286 idus
2178 5229 2397 5301 Aprilis,
2428 5233 2555 5303 quia
2577 5234 2932 5295 embolismus
2958 5245 3064 5304 est,
3090 5237 3225 5294 ﬁunt
3252 5238 3370 5297 dies
3392 5243 3626 5300 trecenti

2021 5323 2297 5393 octoginta
2328 5334 2583 5397 quatuor.

2096 5432 2254 5488 Anno
2282 5433 2765 5494 decemuovennali
2795 5439 3009 5497 decimo
3038 5441 3251 5513 quinto,
3282 5444 3456 5500 lunari
3487 5445 3625 5503 duo-

2023 5522 2254 5592 decimo,
2283 5526 2352 5582 ab
2396 5525 2573 5585 idibus
2602 5531 2800 5601 Aprilis
2829 5548 3000 5605 usque
3029 5535 3083 5591 in
3114 5537 3368 5596 calendas
3395 5532 3622 5612 Aprilis,

390 5779 418 5810 ο
446 5768 719 5855 Lunarem
754 5766 1259 5855 Fictoriincyclum
1297 5766 1679 5855 Avjli'i‘c‘notat;
1726 5783 1886 5855 quem
1916 5768 1986 5828 ad
2022 5752 2199 5829 Martii
2226 5770 2296 5827 ‘29
2323 5772 2698 5846 apposuimus,
2745 5789 2852 5834 uno
2884 5786 3011 5838 ante
3051 5780 3265 5855 cyclum
3296 5783 3621 5846 Alexandri-

310 5856 511 5901 norum
536 5841 949 5915 quartodecimo
976 5837 1087 5907 die,
1116 5846 1264 5896 recte
1292 5837 1358 5894 ad
1387 5837 1626 5913 Dionysii
1651 5837 1908 5900 mentem.
