4012 6460
327 381 336 388 ,,
394 323 478 397 ετ
1455 313 1490 320 “’
1677 315 2010 397 oiomsm:

2102 320 2393 400 :xrcuu's.
3613 336 3684 398 es

391 453 520 520 quia
547 453 850 509 communis
879 459 984 524 est,
1014 449 1148 508 tiunt
1174 448 1286 508 dies
1316 449 1542 509 trecenti
1595 452 1982 524 quinquaginta
2012 461 2058 521 Α
2092 454 2317 509 trecenti
2348 450 2620 524 octoginta
2652 462 2904 524 quatuor.
2930 522 2939 524 _
3683 463 3686 466 ’

391 553 655 612 quatuor.

471 633 629 690 Anno
651 632 1132 692 decemnovennali
1157 636 1368 692 decimo
1389 644 1566 703 sexto,
1586 635 1759 690 lunari
1781 635 1990 691 decimo

395 725 582 789 tertio,
609 737 639 779 a
663 735 856 793 quarto
883 741 1052 780 nenas
1078 724 1276 795 Aprilis
1320 740 1490 796 usque
1522 727 1573 780 in
1598 725 1988 781 duodecimum

391 817 646 872 calendas
675 817 898 886 Aprilis,
947 820 1071 886 quia
1102 821 1405 874 communis
1433 829 1536 883 est,
1574 818 1709 874 liunt
1737 819 1852 874 dies
1882 830 1991 876 tre-

399 908 544 962 centi
567 909 954 977 quinquaginta
985 918 1240 976 quatuor.

467 997 624 1051 Anno
650 997 1129 1052 decemuovennali
1169 999 1383 1054 decimo
1403 999 1659 1070 septimo,
1689 999 1864 1053 lunari
1889 999 1989 1052 de-

393 1087 538 1141 cimo
569 1094 787 1155 quarto,
815 1088 884 1142 ab
913 1088 1199 1144 undecimo
1227 1090 1484 1144 calendas
1511 1089 1710 1157 Aprilis
1741 1102 1911 1157 usque
1935 1088 1990 1142 in

391 1178 639 1256 quintum
671 1178 790 1232 idus
812 1177 1030 1248 Aprilis,
1053 1181 1178 1248 quia
1209 1181 1560 1235 embolisntus
1582 1191 1684 1241 e.~t,
1717 1180 1853 1234 lium
1872 1180 1991 1234 dies

2165 543 2321 598 Anno
2349 522 2822 598 deceinnoveimali
2853 522 3068 600 decimo
3113 550 3329 612 octavo,
3381 545 3554 602 lunari
3581 545 3682 602 dc-

2090 635 2234 691 cimo
2261 635 2474 706 quinto,
2505 651 2536 690 a
2564 644 2760 705 quarto
2781 635 2900 691 idus
2928 638 3125 707 Aprilis
3153 652 3325 708 usque
3348 638 3402 692 in
3431 649 3682 708 quartum

2092 726 2344 781 calendas
2369 724 2586 796 Aprilis,
2637 727 2763 797 quia
2789 729 3090 785 communis
3118 737 3223 798 est,
3267 727 3400 785 ﬁunt
3428 729 3544 788 dics
3573 737 3684 788 tre-

2092 818 2233 872 centi
2262 818 2652 888 quinquaginta
2678 828 2930 888 quatuor.

2165 905 2323 962 Anno
2351 909 2829 964 deccmnovenuali
2872 910 3085 967 decimo
3115 927 3281 978 nono,
3313 913 3488 969 lunari
3533 913 3683 970 deci-

2092 1012 2182 1052 mo
2209 1006 2386 1064 sexto,
2419 1013 2448 1052 a
2480 1001 2642 1054 tertio
2665 1001 2916 1057 calendas
2931 1001 3130 1072 Aprilis
3161 1020 3328 1073 usque
3348 1007 3400 1060 in
3417 1005 3683 1062 decimum

2093 1091 2344 1160 quintum
2388 1092 2641 1146 calendas
2680 1092 2826 1158 Maii,
2857 1094 2981 1163 quia
3027 1096 3375 1151 embolismus
3419 1106 3519 1165 est,
3553 1097 3688 1154 [lunt

2093 1182 2208 1237 dies
2238 1185 2464 1237 trecenti
2492 1184 2772 1254 octoginta
2795 1193 3048 1255 quatuor.
3673 1190 3685 1202 "

403 1287 3674 1350 Μ

973 1423 1658 1532 PBZEFATIO
1734 1425 2497 1535 CHRISTOPH.
2581 1433 3190 1542 JUSTELLI

1240 1593 1309 1648 IN
1349 1591 1644 1650 CODICEM
1686 1590 2017 1649 CANONUM
2066 1590 2420 1652 ECCLESL-E
2454 1597 2841 1656 UNIVERSE.

1874 1728 2222 1751 .—-—-—-

469 1809 706 1869 Ecclesia
735 1808 1041 1866 Christiana
1073 1810 1344 1881 primitiva
1374 1809 1571 1881 duplici
1597 1810 1718 1879 jure
1745 1811 1872 1864 olim
1906 1825 1988 1865 rc-
2019 1814 2065 1875 Β
2093 1824 2212 1865 nem
2237 1811 2630 1883 interpositam,
2661 1815 2968 1871 necessario
2998 1813 3259 1886 postulari
3288 1831 3558 1873 canonum
3592 1816 3684 1875 Ni-

390 1906 643 1974 gebatur,
674 1905 858 1958 divino
881 1913 934 1959 et
955 1903 1242 1959 canonico.
1274 1905 1344 1956 At
1370 1903 1608 1957 divinum
1632 1902 1848 1971 quidem
1874 1901 1986 1970 jus,

391 1997 584 2051 codice
621 2010 790 2050 sacrae
829 1994 1163 2065 Scriptum;
1213 1995 1531 2050 canonicum
1577 2009 1708 2049 vero
1733 2036 1746 2058 ,
1788 1993 1991 2049 Codice

391 2087 674 2140 Canonutn
721 2086 1048 2140 continetur.
1102 2082 1287 2154 Itaque
1329 2085 1382 2139 in
1423 2084 1703 2152 conciliis,
1754 2083 1830 2138 illi
1878 2083 1986 2139 duo

392 2175 610 2231 codices
639 2175 692 2230 in
723 2175 900 2231 medio
926 2190 1216 2231 consessus
1242 2176 1370 2246 poni
1399 2175 1668 2238 solebant,
1703 2183 1764 2230 ut
1791 2189 1861 2230 ex
1889 2190 1988 2230 eo-

393 2283 512 2322 rum
535 2266 657 2336 jure
684 2267 926 2337 episcopi
953 2269 1096 2322 inter
1121 2282 1180 2323 se
1205 2267 1454 2336 dogmata
1487 2268 1702 2337 pietatis
1729 2267 1987 2337 explora-

395 2367 534 2424 rent,
566 2359 784 2412 obortas
804 2359 1041 2414 hmreses
1065 2357 1386 2424 refutarcnt,
1420 2367 1475 2413 ct
1503 2359 1902 2414 controversias
1923 2357 1991 2415 ad

391 2449 730 2518 disciplinam
760 2449 1200 2514 ecclesiasticam,
1234 2464 1553 2519 sacramque
1576 2453 1832 2506 πολιτεέκν
1861 2465 1987 2520 per-

392 2541 627 2595 tinentes
655 2541 990 2596 dirimerent.
1016 2539 1170 2594 Hunc
1199 2555 1405 2596 morem
1437 2540 1676 2596 indicant
1705 2549 1824 2596 acta
1856 2556 1990 2595 con—

393 2631 506 2685 cilii
533 2629 1011 2698 Chalcedonensis,
1036 2631 1124 2685 ubi
1149 2632 1345 2701 passim
1376 2632 1491 2687 haec
1516 2633 1678 2686 verba
1706 2633 1990 2702 reperiun-

392 2731 503 2789 tur,
519 2725 846 2805 προκειμένῳ
870 2725 918 2776 ἔν
941 2730 1015 2795 τῷ
1035 2725 1174 2793 μέσῳ
1197 2731 1288 2777 τοῦ
1312 2723 1599 2795 ἁγιωτάτου
1618 2728 1700 2776 καὶ
1722 2726 1989 2796 ἀχράντου

392 2815 725 2885 semotae,
758 2814 1046 2882 anteposito
1071 2814 1128 2866 in
1157 2813 1328 2867 medio
1349 2823 1681 2869 sacrosancto
1703 2825 1751 2869 et
1779 2832 1993 2870 venera-

395 2902 487 2957 bili
508 2901 812 2973 Euang.:.'io.
839 2901 904 2954 Et
932 2899 1163 2972 Cyrillus
1185 2894 1601 2971 Alexandrinus,
1631 2904 1684 2957 in
1717 2904 1990 2974 Apologe-

395 2995 509 3049 tico
552 2993 620 3048 ad
666 2991 1028 3047 Theodosium
1074 2993 1205 3063 imp.
1238 2992 1307 3047 de
1343 2993 1576 3049 concilio
1605 2993 1877 3064 Ephesino
1905 2995 1991 3050 lo-

396 3097 570 3150 quens
611 3101 624 3135 :
673 3082 728 3137 'H
751 3082 873 3155 ἁγία
901 3081 1113 3144 σύνοδος
1144 3082 1416 3158 σύνεδρον,
1445 3085 1621 3161 ὥσπερ
1647 3090 1732 3141 καὶ
1759 3088 1988 3160 κεφαλήν,

2093 1917 2364 1957 caenorum
2396 1903 2616 1960 decreta
2651 1914 2999 1970 testarentur,
3049 1923 3275 1977 quicque
3311 1910 3693 1965 subterannea'a

2097 2001 2256 2047 erant
2287 2011 2301 2047 :
2335 1994 2425 2048 ubi
2472 1993 2976 2051 subterannexorum
3027 2012 3161 2052 voce
3204 1994 3427 2066 intelligi
3474 2011 3572 2069 par
3593 1997 3696 2055 est

2093 2098 2332 2139 canones
2361 2086 2717 2142 conciliorum
2762 2088 2855 2155 qui
2887 2102 2916 2140 a
2960 2086 3177 2143 Nicaeno
3215 2088 3282 2143 ad
3311 2088 3695 2145 Constantino;

2094 2175 2425 2245 politanum,
2478 2191 2828 2232 numerorum
2873 2180 3016 2233 serie
3063 2179 3120 2233 in
3151 2195 3316 2235 unum
3359 2181 3606 2250 collecti,
3639 2182 3692 2236 in

2093 2266 2262 2320 veteri
2292 2264 2492 2321 Codice
2514 2266 2795 2322 Canobum
2830 2269 3195 2338 reperiuntur.
3221 2269 3290 2324 Et
3319 2270 3548 2339 Vigilius
3576 2271 3692 2340 epi-

2076 2359 2234 2413 ‘stola
2263 2359 2330 2413 ad
2359 2359 2639 2414 Rusticum
2665 2368 2720 2415 et
2745 2359 3126 2416 Sebastianum
3150 2362 3409 2418 diaconos
3437 2360 3694 2417 Eccleslte

2096 2448 2354 2505 Romanae
2377 2491 2391 2516 ,
2437 2466 2507 2506 ex
2535 2465 2604 2506 eo
2638 2449 2840 2506 Codice
2887 2466 3154 2506 canonem
3195 2454 3327 2508 citat
3357 2455 3410 2508 in
3457 2453 3691 2508 concilio

2094 2541 2525 2597 Chalcedoneosi
2554 2541 2841 2611 probatum
2865 2550 3027 2611 atque
3057 2543 3276 2609 lectum,
3295 2544 3386 2612 qui
3410 2545 3464 2598 in
3493 2544 3687 2599 Antio-

2096 2630 2269 2684 chena
2293 2631 2501 2700 synodo
2522 2630 2744 2698 quintus
2767 2645 2994 2684 numero
3022 2631 3372 2698 consignatus
3395 2633 3686 2702 reperitur.

2103 2717 2258 2774 Unde
2279 2727 2506 2789 apparet
2526 2719 2808 2790 primitiva:
2825 2718 3077 2774 Ecclesia:
3102 2718 3306 2787 Patres,
3331 2723 3384 2776 in
3403 2721 3499 2777 illo
3519 2721 3692 2776 veteri

2097 2807 2297 2863 Codice
2321 2807 2606 2863 Canonum
2635 2809 3037 2879 componendo,
3065 2810 3218 2879 juxta
3242 2825 3404 2882 quem
3431 2811 3500 2867 de
3528 2811 3692 2868 rebus

2097 2899 2269 2953 sacris
2286 2897 2488 2968 judicia
2515 2898 2872 2964 habebantur,
2906 2900 3114 2970 singula
3144 2901 3531 2969 consequentia
3558 2915 3693 2958 con—

2097 2992 2221 3047 cilia
2250 2998 2402 3046 certo
2433 2991 2624 3045 ordine
2651 2990 3003 3060 disposuisse,
3050 2997 3308 3061 certaque
3336 3007 3402 3048 ac
3429 2993 3691 3048 continua

2100 3087 2263 3149 serie,
2283 3099 2384 3141 nec
2406 3085 2705 3154 interrupta
2729 3099 3076 3141 numerorum
3097 3087 3438 3142 connexione
3453 3101 3694 3142 canones

398 3175 632 3228 ἐποιοῦτο
673 3176 910 3247 metv-
943 3171 1102 3227 ἔκειτο
1129 3177 1230 3249 γὰρ
1273 3175 1321 3227 ἐν
1347 3174 1475 3246 ἁγίῳ
1501 3175 1657 3250 θρόνῳ
1698 3177 1757 3229 τὸ
1803 3179 1988 3230 σεπτὸν

2103 3177 2316 3231 illorum
2345 3190 2676 3239 numerasse,
2722 3190 2789 3230 ne
2821 3176 2950 3244 quid
2989 3176 3117 3232 huic
3143 3175 3331 3232 Codici
3360 3178 3570 3233 detrahi
3601 3186 3696 3233 aut

393 3265 712 3338 Εὐαγγέλιον,
736 3265 1013 3335 δπιφωνοῡν
1033 3271 1141 3324 τοῖς
1181 3265 1345 3335 ἁγίοις
1373 3267 1688 3340 ἱερουργοῑς,
1721 3275 1888 3340 κρῖμα
1915 3266 1994 3322 δί-

399 3373 546 3407 καιον
572 3355 798 3427 κρίνατε.
813 3353 1014 3406 Sancta
1026 3352 1254 3423 synodus
1269 3351 1527 3408 Christum
1549 3371 1920 3419 consessorem,
1945 3365 1997 3410 et

393 3447 528 3500 velut
552 3455 725 3517 caput,
740 3446 1002 3500 constituit
1025 3463 1040 3499 :
1057 3446 1401 3500 venerandum
1417 3449 1552 3500 enim
1563 3445 1924 3517 Evangelinm,
1940 3449 1995 3503 in

397 3545 582 3591 sancto
613 3537 795 3591 throno
825 3537 1132 3592 collocatum
1152 3546 1286 3604 erat,
1317 3537 1671 3593 sacerdotibus
1697 3541 1950 3595 insonans
1973 3556 1993 3595 :

393 3630 603 3684 Justum
622 3629 878 3699 judicium
901 3629 1152 3700 judicate.
1203 3627 1271 3682 Et
1315 3629 1543 3698 epistola
1574 3631 1830 3702 synodica
1859 3645 1996 3686 con-

397 3719 518 3773 cilii
542 3720 916 3787 Aquileiensis,
935 3721 1213 3791 proposin
1229 3721 1284 3774 in
1305 3721 1476 3777 inedia
1499 3723 1688 3779 divina:
1708 3723 1997 3794 Scriptura

397 3811 576 3879 (Tom.
607 3811 628 3864 l
658 3811 905 3884 Concil.).

468 3903 685 3960 Codicis
711 3919 843 3960 vero
870 3903 1152 3960 Canonum
1185 3905 1300 3975 ipsa
1321 3919 1537 3975 quoque
1570 3905 1807 3976 synodus
1831 3905 1993 3962 Chal-

399 3996 728 4054 cedonensis
750 3996 1013 4057 meminit,
1047 4004 1209 4064 atque
1238 4012 1306 4050 ex
1335 4011 1401 4050 eo
1432 3997 1562 4052 citat
1590 3998 1727 4068 (Act.
1757 3998 1791 4051 4
1822 4009 1872 4054 et
1904 3998 1994 4069 ll)

397 4103 640 4143 canones
662 4086 752 4153 85,
783 4085 876 4152 ει,
903 4085 974 4140 95
1003 4096 1058 4142 et
1079 4086 1146 4140 96
1179 4087 1292 4156 (qni
1322 4085 1375 4152 5,
1408 4086 1462 4151 ι,
1489 4087 1558 4140 15
1585 4098 1641 4144 et
1672 4089 1760 4158 l6,
1791 4090 1842 4144 in
1864 4105 1992 4147 con»

403 4182 530 4235 eilio
547 4181 888 4236 Antiocheno
911 4179 1294 4249 reperiuntur),
1313 4195 1610 4248 eoi-unique
1626 4181 1748 4250 jure
1774 4183 1842 4237 de
1863 4199 1996 4238 con-

399 4273 684 4327 troversiis
711 4270 1090 4330 ecclesiasticis
1116 4271 1446 4338 pronuntiat.
1481 4269 1547 4324 Et
1575 4271 1804 4340 epistola
1833 4287 1998 4343 syno-

399 4368 524 4421 dica
567 4366 942 4435 episcOporum
980 4364 1270 4434 provincia:
1300 4361 1508 4418 Pisidia:
1539 4363 1747 4418 Asiance
1785 4364 1995 4420 dimceo

401 4473 538 4513 acuis
567 4455 632 4510 ad
674 4454 909 4510 Leonem
951 4457 1079 4525 imp.
1115 4453 1303 4526 (Tom.
1335 4453 1380 4510 ll
1409 4454 1608 4511 Concil.
1643 4455 1766 4508 edit.
1802 4453 1994 4528 Rom.)

2099 3266 2227 3322 addi
2263 3275 2447 3338 posset
2478 3283 2491 3318 :
2523 3281 2684 3336 quem
2714 3275 2773 3322 et
2798 3267 2920 3320 ideo
2950 3265 3141 3321 Patres
3169 3265 3425 3338 Ephesini
3452 3276 3508 3323 et
3533 3266 3700 3323 Chal-

2103 3359 2445 3414 cedoneuses
2468 3395 2486 3423 ,
2545 3357 2746 3426 aliique
2799 3357 3153 3414 ecclesiastici
3205 3360 3502 3430 scriptorcs
3554 3363 3697 3427 τάξιν

2101 3457 2161 3504 et
2174 3451 2466 3504 obtelweiotv
2491 3456 2590 3505 τῶν
2613 3449 2855 3512 κανόνων,
2879 3450 3170 3505 ἀκολουθίαν
3193 3453 3620 3517 ἐκκλησιαστικήν,
3645 3459 3704 3507 et

2102 3542 2328 3616 ἀριθμῶν
2356 3542 2664 3605 ἀκολουθίαν,
2695 3541 2877 3594 seriem
2900 3549 2956 3595 et
2975 3543 3396 3612 consequentiam
3419 3557 3700 3609 canonum,

2105 3634 2518 3701 consequentiam
2544 3632 2966 3698 ecclesiasticam,
2997 3641 3054 3688 et
3079 3635 3498 3704 consequentiam
3523 3650 3702 3690 nume-

2101 3737 2307 3786 rorum,
2340 3721 2537 3791 passim
2565 3730 2781 3777 vocant.
2825 3721 2977 3778 Unde
3005 3732 3061 3778 et
3098 3724 3151 3778 in
3183 3725 3316 3778 actis
3345 3725 3700 3780 conciliorum

2105 3828 2210 3867 vox
2226 3813 2496 3874 ἀκολούθως
2519 3821 2576 3867 et
2593 3822 2864 3876 κανονικῶς
2886 3828 2986 3883 pro
3007 3813 3196 3869 eadem
3210 3814 3461 3869 sumitur.
3487 3814 3702 3885 Praepo-

2103 3905 2370 3959 nebantur
2398 3913 2577 3960 autem
2606 3903 2792 3973 viginti
2821 3921 3059 3962 canones
3087 3906 3300 3963 concilii
3334 3905 3534 3962 Nicami
3553 3949 3569 3975 ,
3607 3906 3698 3965 διὰ

2102 3999 2194 4053 τήν
2224 4005 2314 4055 τῆς
2342 3999 2688 4066 οἰκονμενυτῆς
2709 3996 2924 4052 συνόδου
2950 3999 3232 4064 ardentius,
3267 4006 3493 4068 propter
3513 4005 3699 4054 aucto-

2103 4086 2324 4158 ritatem
2356 4093 2412 4140 et
2437 4085 2715 4153 dignitatis
2744 4087 3154 4156 przrrogativam
3183 4089 3360 4157 magni
3397 4088 3538 4144 illius
3565 4103 3698 4144 cou-

2105 4180 2212 4234 cilii
2234 4221 2248 4246 ,
2281 4179 2425 4250 quod
2455 4181 2688 4250 primum
2713 4182 3102 4236 oecumenicum
3131 4180 3372 4237 Ecclesia
3393 4181 3698 4239 Christiana

2104 4270 2436 4337 celebravit;
2486 4272 2706 4342 praeﬁxo
2737 4272 2900 4327 etiam
2933 4271 3076 4326 illius
3103 4272 3344 4339 nomine,
3392 4281 3450 4326 ut
3479 4273 3698 4342 quidam

2103 4364 2445 4432 existimant,
2475 4364 2618 4434 quod
2651 4365 2703 4419 in
2733 4363 2944 4419 caeteris
2973 4364 3064 4434 qui
3106 4363 3334 4432 subjecti
3363 4377 3460 4419 seu
3488 4367 3697 4421 soluer-

2105 4454 2303 4509 annexi
2325 4463 2480 4508 erant
2501 4457 2844 4510 eliservatum
2877 4471 2982 4510 non
3012 4455 3113 4510 fuit
3135 4473 3148 4508 :
3173 4464 3336 4525 atque
3356 4457 3479 4510 inde
3501 4456 3698 4511 factum

406 4550 540 4601 citat
581 4561 842 4600 canonem
874 4543 972 4610 85,
1003 4547 1094 4615 qui
1124 4555 1346 4615 quartus
1387 4551 1471 4599 est
1498 4543 1820 4598 Antiocheni
1861 4559 1996 4600 eon-
2031 4559 2078 4619 ι)
2104 4543 2338 4607 videtur,
2385 4544 2539 4614 lapsu
2571 4545 2865 4614 temporis,
2898 4552 2956 4597 ut
2981 4544 3082 4600 sub
3111 4545 3329 4599 nomine
3359 4546 3571 4600 concilii
3599 4545 3696 4600 Ni-

396 4639 537 4694 cilii.
590 4637 656 4692 Et
697 4636 978 4709 Dionysius
1015 4637 1249 4708 Exiguus
1295 4636 1524 4706 epistola
1574 4636 1812 4706 paschali
1854 4635 1879 4688 l
1928 4635 1996 4690 ad

401 4728 719 4794 Petronium
745 4729 1076 4798 episcopum,
1107 4744 1371 4784 curionem
1395 4728 1527 4782 citat
1543 4725 1609 4780 79
1633 4726 1858 4798 (ϐιηθεὶς
1878 4727 1992 4798 80),

395 4822 493 4887 qui
525 4821 730 4890 primus
767 4828 853 4876 est
891 4820 1131 4890 ejusdem
1161 4819 1352 4891 synodi
1383 4818 1754 4875 Antiochense.
1789 4821 1854 4874 Et
1879 4820 1995 4890 epio

395 4913 541 4971 stola
582 4912 650 4966 ad
694 4911 1028 4981 Stephanum
1057 4909 1430 4964 Salonitanum
1460 4909 1806 4980 episcopum,
1831 4925 1996 4978 quam

397 5019 517 5060 Huc
544 5003 746 5059 veteris
776 5001 916 5057 illius
941 5001 1155 5058 Codicis
1180 5000 1466 5057 Canonum
1493 5000 1697 5056 Latina
1725 5001 1994 5071 inn-rpre-

401 5094 596 5150 tationi
622 5094 871 5162 praeﬁxit,
899 5107 1137 5150 canones
1165 5107 1197 5147 ι
1225 5091 1441 5148 Niceno
1461 5091 1694 5147 concilio
1713 5108 1731 5147 ι
1753 5092 1822 5147 ad
1850 5091 1994 5148 Con-

402 5185 944 5254 Mittinopolitanum
976 5201 1028 5250 ι,
1075 5183 1180 5238 hoc
1203 5192 1308 5248 est,
1341 5198 1372 5236 a
1401 5185 1575 5252 primo
1605 5184 1784 5253 capite
1823 5197 1994 5252 usque

405 5273 472 5325 ad
485 5273 836 5328 centesimum
853 5272 1244 5341 sexagesimum
1258 5270 1504 5340 quintum
1522 5281 1820 5338 enumerat,
1836 5273 1996 5345 sicut,

408 5369 467 5415 ut
497 5361 612 5430 ipse
641 5361 742 5426 ait,
769 5364 821 5415 in
855 5361 1036 5418 Grazca
1063 5362 1392 5427 auctoritate,
1423 5361 1776 5417 conciliorum
1805 5362 1994 5418 ordine

406 5460 464 5505 et
485 5465 832 5505 numerorum
855 5453 994 5506 serie
1023 5453 1216 5520 digesti
1247 5461 1421 5507 erant.
1450 5451 1529 5507 Ad
1559 5453 1674 5508 haec
1693 5454 1994 5523 respexisse

406 5541 623 5595 videtur
654 5538 765 5595 Leo
795 5540 815 5594 ι
845 5542 1086 5610 pontifex
1104 5584 1122 5611 ,
1150 5553 1206 5598 et
1233 5544 1472 5614 synodus
1497 5541 1739 5598 Romana
1766 5545 1994 5613 epistola

408 5635 477 5688 ad
525 5633 891 5688 Theodosium
922 5633 1050 5704 imp.
1101 5648 1200 5705 pro
1243 5634 1499 5691 Flaviano
1547 5636 1855 5707 patriarcha
1885 5635 1993 5692 ΟΡ.

407 5722 614 5792 scripta
644 5720 856 5791 (lbid.),
881 5737 986 5791 qua
1013 5723 1152 5793 petit
1179 5731 1238 5778 ut
1259 5725 1474 5794 jubcret
1493 5726 1804 5794 generalem
1828 5742 1996 5799 syno-

411 5821 540 5872 dum
568 5816 706 5873 intra
736 5815 943 5874 italiam
973 5816 1238 5875 celebrari
1267 5834 1279 5872 :
1313 5819 1488 5890 quod,
1519 5825 1644 5892 post
1672 5819 1993 5896 appellatio-

2102 4634 2236 4689 (τεοηί
2265 4633 2613 4688 laudarentur
2639 4647 2850 4690 0mm.
2881 4632 3038 4701 Quod
3067 4634 3206 4704 apud
3235 4632 3554 4702 Gregorium
3586 4634 3698 4689 Tus

2103 4738 2391 4779 ronensem
2415 4723 2729 4794 episcopum
2757 4724 3048 4778 observare
3077 4723 3208 4778 licet
3237 4722 3376 4796 (Lib.
3409 4739 3486 4791 Ix,
3510 4741 3558 4778 e.
3581 4722 3695 4794 '53),

2102 4815 2192 4870 ubi
2223 4829 2290 4870 ex
2319 4827 2589 4871 canonum
2619 4813 2956 4871 Nicanon
2981 4815 3217 4871 decretis
3244 4828 3509 4872 cauoncm
3539 4818 3696 4883 citat,

2099 4905 2192 4976 qui
2225 4905 2296 4959 14
2331 4914 2418 4962 est
2451 4904 2780 4974 Gangrcnsis
2825 4905 3041 4962 concilii
3087 4923 3103 4960 :
3155 4904 3459 4974 Cmmm,
3502 4907 3696 4976 inquit,

2102 4999 2444 5055 Nicanoruns
2468 4999 2674 5054 decreta
2698 4999 2878 5070 relegi,
2902 5000 2957 5053 in
2975 4998 3156 5071 quibus
3175 5001 3501 5055 continetur:
3531 4999 3699 5063 «Quit

2099 5092 2146 5146 si
2174 5107 2276 5163 qua
2295 5089 2560 5161 reliquerit
2582 5091 2764 5155 virum,
2795 5099 2847 5145 et
2866 5101 3036 5145 tamn
3053 5108 3152 5162 quo
3181 5091 3307 5146 bene
3325 5091 3472 5156 uixit,
3505 5109 3701 5162 spreto

2100 5185 2206 5247 fit;
2241 5203 2261 5236 ι
2313 5193 2372 5238 et
2393 5185 2760 5252 sequebantur
2786 5198 3026 5239 canones
3050 5182 3122 5237 15
3147 5184 3368 5240 concilii
3397 5183 3696 5253 Ancyrtmi,

2103 5282 2160 5329 et
2189 5274 2636 5330 Neocmsariensis
2660 5273 2727 5327 li
2752 5275 2894 5345 (qnzc
2922 5275 3137 5344 quidem
3165 5275 3272 5329 duo
3301 5275 3534 5330 concilia
3566 5283 3693 5346 ante

2111 5363 2388 5426 Nicmnum
2418 5364 2695 5419 celebrata
2713 5373 2840 5422 sunt
2857 5405 2874 5430 ,
2905 5374 2961 5420 et
2985 5365 3053 5419 ab
3074 5379 3140 5419 eo
3165 5363 3420 5436 deinceps
3447 5379 3698 5435 compro-

2103 5455 2228 5509 bata
2253 5495 2270 5520 ,
2321 5462 2380 5510 ut
2408 5463 2528 5510 acta
2569 5453 2790 5511 concilii
2817 5455 3112 5510 Florentini
3165 5456 3469 5526 testantur)
3521 5465 3577 5511 et
3604 5457 3696 5525 qui

2105 5544 2453 5615 postmodum
2471 5547 2746 5602 constituti
2766 5553 2914 5609 sunt,
2930 5544 3327 5614 Cangrensis'ﬁl
3341 5587 3356 5610 ,
3373 5547 3694 5601 Antiocheni

2104 5635 2176 5689 25
2222 5635 2412 5708 (cujus
2439 5645 2676 5706 quatuor
2703 5651 2941 5690 canones
2968 5635 3068 5691 sub
3097 5637 3253 5691 titulo
3282 5635 3380 5705 93,
3411 5635 3508 5703 94,
3539 5637 3612 5690 95
3638 5649 3693 5693 et

2105 5731 2195 5794 96,
2227 5745 2295 5784 ex
2326 5741 2392 5786 co
2420 5730 2608 5785 codice
2632 5730 2870 5784 citantur
2889 5729 2944 5783 in
2965 5730 3197 5785 concilio
3214 5729 3690 5798 Cltalcedoncnsil.

2106 5821 2456 5880 Laodicensis
2502 5819 2614 5894 59-,
2665 5826 2722 5878 et
2769 5819 3356 5895 Constantinopolim
3396 5839 3419 5882 r
3446 5832 3689 5893 quatuor
