4012 6478
230 354 305 440 EO
868 390 941 449 ΙΝ
976 388 1275 449 CODICEM
1313 387 1644 445 CANONUM
1680 384 1860 445 UNW.
1904 386 2138 445 ECLES.
2182 378 2504 449 JUSTELLI
2541 388 2931 449 ΡΒᾹΞΕΑἸῚΟ.
3487 393 3559 451 30

248 501 478 576 (Graecis
505 504 566 576 7)
586 547 602 571 ,
646 503 741 575 qui
769 504 991 574 quidem
1020 486 1265 567 collecti,
1308 502 1609 557 secundum
1657 502 1861 574 Diony-
1889 503 1938 565 Α
1964 504 2284 571 constabat,
2313 504 2421 559 hoc
2466 516 2548 561 est
2587 514 2825 577 quatuor
2850 506 3039 577 primis
3066 506 3414 564 meu'menicis
3433 547 3452 576 ,
3501 517 3561 565 et

245 595 383 651 simu
433 592 746 663 Exiguum,
794 590 900 647 154
939 608 1180 649 canones
1226 591 1485 648 efficiunt.
1536 585 1863 662 Ex'qnibus

242 687 557 744 canonibus
605 689 674 743 ab
718 685 877 743 initio
924 686 1287 755 compositum
1321 692 1438 739 erat
1482 699 1682 753 corpus
1716 683 1861 738 illius

244 778 465 835 Codicis
494 779 703 848 antiqui
734 792 895 847 quem
925 777 980 833 in
1010 775 1148 831 actis
1174 773 1369 846 synodi
1399 772 1861 828 Chalcedonensis

243 872 401 927 citari
428 914 443 937 ,
495 879 663 941 atque
705 879 835 926 ante
864 886 985 926 eam
1014 869 1127 925 vim
1163 882 1433 923 canonum
1488 867 1855 921 universalcm

244 963 353 1031 iam
380 963 642 1017 habuisse
662 970 1007 1032 compertum
1030 968 1111 1016 est
1141 977 1155 1014 :
1187 960 1273 1015 cui
1303 966 1491 1029 postea
1518 958 1715 1027 adjeeti
1734 964 1859 1013 sunt

244 1055 465 1109 concilii
497 1050 760 1125 Ephesini
786 1069 843 1108 ιιι
874 1052 1199 1109 meumenici
1230 1056 1356 1106 octo
1382 1066 1623 1107 canones
1654 1050 1793 1105 forte
1824 1065 1855 1105 a

241 1144 532 1215 Stephano
561 1145 819 1215 episcopo
852 1144 1159 1215 Ephesino,
1200 1144 1353 1213 cujus
1380 1150 1561 1199 exstat
1586 1158 1857 1198 canonum

243 1238 509 1293 collectio
552 1238 791 1292 nondum
834 1234 1000 1301 edita,
1049 1251 1169 1305 quae
1197 1237 1418 1291 omnino
1446 1236 1704 1290 convenit
1732 1249 1857 1291 cum

244 1332 420 1385 veteri
452 1329 657 1385 Codice
690 1330 944 1385 Ecclesia:
970 1331 1253 1395 universzn,
1300 1343 1645 1398 canonesque
1673 1330 1861 1385 conci-

243 1421 444 1475 liorum
462 1422 684 1486 Nie'eni,
704 1422 994 1493 Ancyrani,
1015 1420 1486 1485 Neoczesariensis,
1505 1420 1852 1490 Gangrensis,

242 1511 601 1581 Antiocheni,
633 1511 982 1567 Laodicensis
1032 1520 1087 1566 et
1120 1511 1729 1582 Constantinopolitani,
1761 1527 1855 1567 ea-

239 1604 367 1658 dem
399 1604 549 1659 serie
578 1610 633 1659 et
663 1603 854 1658 ordine
899 1604 1142 1668 exhibet,
1176 1604 1373 1673 quibus
1398 1605 1515 1673 ipse
1558 1604 1857 1675 Ephesinos

239 1692 475 1751 addidit.
510 1693 639 1752 Haec
668 1711 799 1751 vero
822 1697 875 1749 in
907 1694 1242 1751 Bibliotheca
1267 1696 1537 1762 Palatina,
1570 1698 1711 1767 apud
1740 1697 1854 1752 hae-

240 1790 404 1847 redes
438 1788 688 1845 Gelharti
713 1788 1106 1844 Ermcnhorstii
1138 1788 1431 1856 Hambnrgi
1459 1797 1789 1856 asservatur,
1821 1805 1851 1844 a

1964 593 2207 663 quinque
2229 594 2660 664 particularibus,
2688 604 2905 652 servato
2934 598 3099 652 etiam
3128 599 3319 655 ordine
3348 606 3562 669 tempo-

1964 683 2039 738 ris
2069 697 2099 737 a
2140 682 2353 739 Nicena
2400 686 2613 757 synodo
2659 687 2725 740 ad
2773 686 3315 755 Chalcedonenscm,
3362 690 3562 744 additis

1963 776 2265 830 canonibus
2294 777 2608 846 apostolicis
2631 774 2725 843 85,
2758 777 3170 834 Sardicensihus
3194 789 3251 835 et
3275 779 3565 848 Carthagi-

1962 867 2239 931 nensibus,
2272 866 2645 922 Trullensihus
2670 870 2854 934 etiam,
2887 868 3306 940 Gnecorumqne
3335 871 3559 926 Patrum

1961 957 2207 1027 qiistolis
2235 959 2516 1015 canonicis
2545 968 2705 1013 antea
2734 976 2844 1014 non
2877 962 3139 1031 receptis,
3175 976 3276 1017 nec
3301 976 3330 1016 a
3376 963 3567 1016 conci--

1960 1049 2044 1104 liis
2071 1051 2447 1114 mcumenicis,
2473 1067 2573 1105 nec
2602 1052 2669 1105 ab
2700 1053 2865 1122 impp.
2900 1053 3229 1107 continuatis
3262 1071 3276 1105 :
3310 1053 3398 1106 ubi
3432 1053 3561 1106 Bai-

1960 1157 2114 1199 samo
2144 1159 2240 1213 per
2266 1144 2410 1199 hunc
2439 1160 2704 1199 cauoncm
2727 1188 2743 1214 ,
2790 1147 3042 1201 localium
3072 1162 3292 1216 quoque
3319 1147 3571 1218 synodos

1959 1250 2079 1290 rum
2110 1234 2577 1292 conﬁrmationem
2612 1239 2804 1293 factam
2846 1247 2935 1297 τήν
2961 1242 3226 1313 γενομένην
3256 1239 3341 1295 διὰ
3369 1241 3571 1294 four-io

1960 1329 2266 1401 ἓπικύρωσιν
2294 1337 2393 1383 τῶν
2429 1338 2651 1384 τοπικῶν
2691 1330 2953 1395 συνόδων,
3005 1330 3305 1386 adnotavit.
3352 1331 3558 1396 Quibus

1957 1428 2149 1491 postea
2173 1420 2367 1490 adjecti
2385 1430 2511 1476 sunt
2538 1437 2778 1477 canones
2798 1423 3015 1478 concilii
3039 1424 3241 1479 Nicmni
3264 1440 3318 1487 ιι,
3346 1434 3411 1478 ac
3438 1432 3561 1475 tan-

1958 1509 2081 1565 dem
2112 1527 2179 1566 ex
2223 1513 2289 1567 iis
2318 1514 2573 1568 omnibus
2620 1522 2728 1567 tam
2776 1516 3077 1570 canouibus
3123 1530 3285 1584 quam
3336 1513 3556 1569 Patrum

1956 1601 2189 1659 decretis
2211 1618 2241 1658 a
2265 1604 2477 1660 Niczcna
2502 1606 2675 1675 prinia
2707 1606 2917 1677 synodo
2948 1608 3014 1661 ad
3046 1607 3317 1662 Nicmnam
3341 1624 3376 1662 ιι
3406 1623 3560 1662 com-

1956 1694 2165 1763 positus
2190 1703 2277 1749 est.
2302 1695 2487 1750 Codex
2525 1696 2806 1751 Canonum
2838 1696 3094 1753 Ecclesiae
3124 1698 3414 1753 Orientalis
3447 1698 3558 1769 (cui

1955 1784 2142 1839 titulus
2167 1787 2366 1847 Κανόνες
2384 1795 2485 1843 τῶν
2509 1784 2832 1853 ἀποστόλων,
2861 1793 2944 1842 xxi
2973 1799 3073 1845 τῶν
3097 1790 3253 1863 ἁγίων
3279 1790 3553 1861 συνόδων),

238 1884 442 1953 quibus
498 1882 781 1950 hucusque
830 1880 1066 1936 nancisci
1119 1894 1225 1933 non
1280 1880 1573 1948 potuimus.
1634 1878 1849 1946 Postea,
1887 1893 1935 1953 Β
1959 1892 1991 1930 e
2017 1875 2155 1930 Bibl.
2182 1878 2565 1933 canonicorum
2596 1877 2656 1932 D.
2692 1878 2878 1933 llilarii
2902 1879 3254 1937 Pictaviensis
3280 1897 3310 1936 a
3335 1883 3453 1936 viro
3480 1883 3549 1937 cl.

239 1973 712 2030 Chalcedonensis
761 1970 977 2028 concilii
1024 1972 1204 2041 quarti
1253 1972 1573 2027 mcumenici
1615 1985 1853 2027 canones

239 2066 310 2121 29
340 2067 412 2120 ab
435 2065 545 2119 alio
570 2064 867 2119 collectore
895 2060 1062 2117 additi
1092 2070 1237 2117 sunt.
1265 2060 1390 2115 limo
1412 2069 1591 2115 autem
1614 2062 1852 2131 quinque

237 2156 500 2223 concilia,
534 2156 661 2211 licet
692 2153 1041 2225 particularia
1087 2153 1225 2216 sint,
1259 2152 1639 2206 auctoritatem
1669 2158 1850 2206 tamen

236 2247 711 2304 meumenicorum
754 2245 952 2317 adepta
989 2251 1146 2309 sunt,
1194 2242 1632 2312 quandoquidem
1663 2240 1853 2298 Patres

236 2348 489 2411 quatuor
514 2341 755 2410 priorum
790 2337 1146 2393 conciliorum
1170 2336 1259 2390 illa
1282 2335 1613 2405 probarunt,
1644 2351 1852 2404 suaque

236 2435 494 2491 fecerunt
521 2450 534 2486 :
565 2442 728 2502 atque
750 2433 819 2486 ab
844 2430 1094 2485 universa
1121 2444 1243 2483 cum
1269 2426 1528 2490 Orientis,
1561 2435 1673 2479 tum
1694 2424 1861 2480 Ocei-r

235 2526 424 2582 dentis
450 2523 699 2581 Ecclesia
738 2521 1069 2577 unanimiter
1097 2519 1395 2589 approbata
1444 2526 1499 2573 et
1530 2516 1859 2573 conﬁrmata

234 2630 397 2687 sunt,
440 2627 500 2676 et
529 2620 585 2674 in
624 2617 824 2674 Codice
853 2614 1135 2671 Canonum
1167 2614 1423 2669 Ecclesiae
1468 2614 1731 2667 universae
1760 2628 1839 2668 re-

234 2720 401 2785 cepta
432 2710 683 2776 luerunt,
732 2716 789 2764 et
826 2708 1029 2762 inserta
1070 2707 1164 2761 tali
1194 2705 1384 2761 ordine
1415 2711 1472 2759 et
1500 2719 1848 2758 numerorum

235 2805 405 2870 serie,
440 2811 502 2857 ut
531 2814 696 2856 unum
722 2809 779 2855 et
800 2799 938 2854 idem
962 2812 1164 2870 corpus
1188 2797 1607 2863 constituerent,
1635 2794 1720 2850 cui
1741 2796 1849 2850 vim

235 2907 290 2951 et
315 2894 705 2950 auctoritatem
757 2891 1005 2947 canonici
1032 2889 1170 2960 juris
1211 2887 1531 2943 universalis
1560 2887 1849 2943 concilium

235 2982 686 3042 Chalcedonense
709 2981 857 3037 dedit
887 2996 1096 3037 canone
1120 2981 1170 3047 i,
1196 2980 1279 3033 his
1301 2979 1479 3033 verbis
1507 2997 1519 3031 :
1545 2983 1678 3040 Τοὺς
1705 2983 1849 3055 παρὰ

235 3088 343 3136 τῶν
384 3079 543 3151 ἁγίων
575 3081 809 3153 Πατέριην
850 3078 959 3131 καθ’
984 3077 1199 3135 ἑκάστην
1230 3074 1439 3129 σύνοδον
1481 3070 1616 3150 ἄχρι
1642 3081 1730 3129 τοῦ
1760 3082 1850 3130 νῦν

234 3172 540 3231 διαθέντας
561 3169 772 3230 κανόνας
802 3183 1008 3240 κρατεῖν
1042 3167 1411 3238 ἔδικαιώσαμεν
1443 3183 1456 3218 ζ
1493 3162 1731 3220 Canoncs
1760 3164 1853 3237 qui

234 3280 270 3318 α
322 3262 526 3317 sanctis
574 3259 817 3317 Patribus
878 3260 933 3312 in
984 3274 1291 3331 unaquaque
1329 3259 1527 3331 synodo
1588 3259 1919 3340 hucusquec

234 3353 510 3413 constituti
530 3359 682 3417 sunt,
714 3348 977 3406 observari
999 3363 1201 3415 wquum
1231 3349 1543 3402 censuimus.
1560 3346 1629 3401 Et
1655 3358 1846 3417 postea

235 3442 582 3499 Justinianus
604 3443 736 3513 imp.
772 3440 952 3495 novel.
988 3438 1113 3505 i3i,
1145 3438 1213 3493 de
1241 3437 1555 3493 Canonibus
1583 3438 1849 3495 ecclesia-

235 3535 414 3602 sticis,
429 3538 752 3607 Θισπίζομεν
768 3537 935 3588 τοίνυν
952 3533 1089 3596 τάξιν
1108 3532 1317 3603 νόμιμον
1334 3532 1544 3601 ἐπέχειν
1574 3531 1848 3588 ἐκκλησια-

238 3628 457 3686 στικοὺς
480 3626 694 3684 κανόνας
710 3665 725 3685 .
761 3626 882 3684 τούς
903 3623 1004 3677 ὑπό
1024 3630 1124 3678 τῶν
1154 3622 1308 3695 ἁγίων
1331 3623 1598 3695 τεσσάρων
1621 3621 1849 3678 συνόδων

233 3718 550 3779 ἐπιτιθέντας,
576 3714 605 3774 ἦ
636 3714 1039 3785 βεῗαιωθέντας,
1073 3713 1212 3767 τοῦτ’
1253 3716 1370 3767 ἐστὶ
1407 3720 1500 3772 τῆς
1552 3713 1603 3767 ἐν
1645 3716 1845 3789 Nimia,

232 3812 435 3868 καὶτῆς
459 3809 512 3860 ἐν
534 3804 1074 3869 Ιὶωνσταντιλουπόλει,
1104 3806 1297 3863 καὶτῆς
1318 3805 1370 3857 ἐν
1394 3805 1591 3875 Ἐφέσῳ
1613 3808 1845 3878 πρώτης)

233 3903 443 3959 καὶτῆς
475 3901 529 3953 ἐν
566 3896 856 3969 Καλχηδόνι
888 3913 901 3949 :
936 3895 1221 3951 Sancimus
1261 3896 1363 3949 vim
1406 3896 1575 3967 legum
1615 3896 1847 3952 obtinere

230 3991 620 4047 ecclesiasticos
647 4006 873 4044 canones
893 4030 908 4055 ,
957 3990 1045 4060 qui
1071 4005 1102 4043 a
1134 3989 1330 4043 sanctis
1361 3999 1585 4058 quatuor
1612 3989 1847 4044 conciliis

231 4084 508 4140 constituti
539 4090 681 4149 sunt,
728 4090 776 4136 et
806 4082 1105 4153 conﬁrmati
1126 4122 1141 4148 ,
1183 4083 1279 4137 hoc
1318 4091 1397 4136 est
1428 4081 1673 4151 Niceno,
1706 4081 1844 4138 Con-

232 4175 734 4247 stantinopolitano,
756 4172 1041 4243 Ephesino,
1065 4183 1115 4227 et
1139 4171 1573 4228 Chalcedonensi.
1606 4174 1705 4229 Ubi
1729 4189 1848 4229 con-

230 4269 568 4339 ﬁrmatoer
589 4280 727 4321 voce
756 4264 980 4334 intelligi
1004 4281 1101 4335 par
1125 4272 1209 4319 est
1230 4278 1468 4319 canones
1492 4265 1843 4319 conciliorum

230 4359 556 4415 dioecesewn
594 4358 977 4427 priedictorum
1007 4354 1313 4427 Ancyrani,
1366 4354 1843 4425 Neoczesariensis,

228 4449 593 4523 Gangreusis,
620 4450 966 4515 Antiocheni,
994 4457 1047 4504 et
1066 4448 1431 4515 Laodicensis,
1455 4448 1547 4517 qui
1573 4456 1689 4503 toto
1713 4450 1845 4505 orbe

228 4544 479 4615 recepti,
511 4552 566 4599 et
596 4544 664 4597 ab
696 4542 825 4613 ipsis
854 4549 1089 4612 quatuor
1115 4540 1385 4610 prioribus
1416 4540 1662 4596 conciliis
1691 4557 1844 4597 arcu-

1955 1966 2165 2023 Joaune
2181 1967 2341 2025 Tillio
2368 1967 2588 2025 Parisiis
2607 1970 2796 2027 Gnece
2819 1974 3051 2042 primum
3080 1974 3276 2038 editus,
3294 1983 3348 2028 et
3366 1983 3555 2044 postea

1956 2060 2024 2115 ab
2054 2058 2168 2114 Elia
2196 2059 2463 2131 Ehingero
2493 2079 2561 2118 ex
2593 2064 2846 2120 Bibliolh.
2882 2065 3190 2134 Augustana
3233 2068 3556 2138 Witebcrgze

1956 2165 2101 2204 anno
2132 2151 2299 2217 1614,
2351 2156 2437 2208 cui
2470 2154 2709 2210 Zonaras
2740 2165 2794 2211 et
2825 2156 3073 2211 Balsama
3118 2174 3243 2213 suas
3284 2160 3557 2229 interpre-

1959 2242 2194 2297 tationes
2240 2244 2585 2312 addiderunt,
2638 2261 2756 2316 qua:
2787 2249 3100 2304 auteltac'in
3133 2250 3305 2305 lucem
3338 2249 3555 2321 prodie-

1954 2341 2101 2388 runt.

2030 2426 2208 2483 Prima
2238 2428 2400 2497 igitur
2419 2439 2473 2486 et
2502 2433 2743 2487 omnium
2776 2435 3138 2490 vetustissima
3168 2444 3251 2491 est
3279 2450 3552 2492 canonum

1954 2517 2450 2573 ecclesiasticarum
2479 2521 2764 2591 collectio,
2794 2538 2914 2591 quae
2943 2523 3130 2578 Couex
3158 2523 3417 2581 Cnoson
3448 2525 3553 2582 Ec-

1954 2622 2155 2665 cuzsu:
2188 2624 2461 2667 umvensz
2491 2623 2641 2669 recte
2675 2626 3038 2686 nuncupatur,
3088 2619 3213 2685 quia
3244 2634 3339 2683 eo,
3386 2618 3551 2673 veluti

1949 2700 2071 2767 jure
2099 2704 2375 2756 communi
2400 2712 2455 2757 et
2481 2705 2806 2769 universali,
2839 2706 3085 2761 Ecclesia
3116 2709 3389 2778 pritnitiva
3437 2718 3549 2765 tam

1953 2791 2007 2844 in
2036 2789 2257 2847 Oriente
2280 2807 2441 2861 quam
2475 2795 2526 2849 in
2554 2793 2841 2852 Occidente
2870 2798 2998 2852 olim
3036 2814 3129 2855 usa
3158 2808 3240 2854 est
3268 2801 3319 2854 in
3351 2800 3550 2870 dijudi-

1952 2883 2139 2938 oandis
2167 2886 2334 2939 sacris
2360 2888 2774 2953 controversiis;
2825 2897 3010 2960 postea
3042 2906 3170 2946 vero
3216 2892 3283 2947 ab
3324 2894 3549 2963 antiquo

1952 2972 2047 3025 illo
2071 2972 2292 3039 Codice,
2312 2977 2477 3030 veluti
2503 2985 2653 3032 certo
2676 2988 2836 3048 atque
2854 2982 3127 3035 communi
3152 2980 3406 3037 Ecclesim
3429 2983 3550 3039 uui-

1952 3076 2123 3121 vers:e
2169 3069 2493 3125 auctoritate
2541 3072 2813 3141 probato,
2868 3075 3070 3129 veteris
3106 3076 3551 3145 jurisprudentizc

1952 3158 2332 3214 ecclesiastica:
2360 3174 2592 3231 corpore
2619 3206 2633 3231 ,
2678 3163 2767 3233 jus
2813 3180 2977 3219 omne
3025 3167 3387 3235 canonicum,
3440 3180 3551 3224 tam

1952 3250 2264 3306 Griecorum
2294 3268 2456 3322 quam
2488 3253 2800 3311 Latinorum
2821 3298 2835 3320 ,
2862 3272 2960 3328 per
2989 3273 3179 3313 omnes
3207 3261 3374 3315 totius
3403 3262 3552 3319 orbis

1951 3340 2242 3398 Christiani
2273 3343 2533 3400 ditecescs
2561 3362 2624 3402 ac
2651 3350 2957 3417 provincias
2989 3350 3291 3406 derivatum
3318 3361 3418 3407 est.

2021 3435 2161 3489 Sunt
2180 3445 2234 3490 et
2251 3437 2368 3491 alite
2388 3439 2621 3507 antiqua:
2643 3448 2699 3494 et
2728 3442 3061 3497 recentiores
3084 3442 3435 3500 collectiones
3455 3452 3563 3499 seu'

1948 3524 2317 3583 breviationes
2344 3542 2634 3598 canonum,
2671 3548 3077 3589 nomocanoues
3105 3534 3298 3599 etiam,
3331 3550 3426 3590 seu
3456 3551 3550 3592 ca-

1950 3630 2155 3671 nonum
2202 3624 2257 3671 et
2297 3618 2473 3687 legum
2522 3623 2968 3677 concordantium
3020 3626 3377 3692 collationes,
3429 3643 3551 3698 quze

1950 3725 2141 3767 omnes
2188 3725 2456 3767 canonum
2509 3716 2809 3769 sententias
2857 3717 2957 3771 sub
3013 3717 3177 3771 certis
3224 3720 3548 3787 quibusdam

1952 3800 2119 3856 titulis
2139 3802 2689 3871 comprehenderunt,
2717 3803 2941 3859 Joannis
2964 3805 3172 3861 scilicet
3202 3806 3546 3877 Scholastici,

1952 3891 2129 3947 Photii
2157 3899 2212 3947 et
2232 3892 2444 3947 Arscnii
2471 3894 2898 3963 patriarcharqu
2926 3893 3059 3963 CP.,
3094 3898 3265 3952 Alexii
3300 3897 3548 3967 Aristini,

1949 3980 2220 4036 Simeonis
2250 3981 2595 4052 Lognthcue,
2640 3993 2697 4040 et
2740 3984 3090 4042 Constantini
3138 3988 3548 4063 Harmenopuli,

1949 4076 2287 4146 aliorumque
2317 4077 2668 4132 collecturum
2699 4076 3042 4145 Graecorum,
3092 4091 3217 4152 post
3245 4083 3547 4141 Chalcedo-

1950 4183 2118 4224 nenso
2145 4170 2457 4239 concilium,
2486 4170 2845 4226 etJustiniani
2874 4174 3001 4243 imp.
3039 4184 3302 4245 tempora,
3338 4180 3549 4246 privato

1952 4270 2157 4315 lautum
2190 4263 2418 4317 consilio
2448 4264 2789 4334 conscriptm,
2834 4266 3087 4336 nullaque
3118 4269 3329 4337 publica
3359 4279 3548 4325 aucto-

1948 4354 2111 4409 ritate
2151 4355 2427 4424 probaun,
2476 4372 2578 4411 nec
2607 4372 2636 4409 a
2668 4358 2911 4412 conciliis
2940 4362 3315 4429 mcmnenicis,
3349 4380 3446 4419 nec
3477 4366 3547 4421 ab

1949 4444 2115 4513 impp.
2149 4443 2520 4510 conﬁrmatae;
2575 4461 2695 4517 qua:
2733 4456 2787 4502 et
2821 4448 2941 4504 ideo
2974 4451 3173 4505 nullam
3208 4454 3312 4508 vim
3344 4455 3550 4512 habent

1946 4534 2083 4604 juris
2106 4537 2353 4592 canonici
2387 4537 2731 4605 universalis,
2777 4541 2871 4596 sed
2898 4550 3079 4598 tamen
3120 4545 3187 4599 ad
3218 4547 3547 4619 interpreta-

228 4635 465 4692 menicis
506 4633 720 4705 probati
762 4640 820 4687 et
848 4630 1193 4693 conﬁrmati,
1238 4629 1293 4685 in
1327 4629 1530 4685 Codice
1558 4628 1839 4685 Canonum
1872 4670 1927 4732 Β
1952 4628 2153 4684 tionem
2204 4638 2257 4685 et
2298 4630 2594 4686 faciliorem
2645 4632 3056 4690 instructionem
3102 4653 3373 4695 canonum
3420 4649 3548 4698 sunt

227 4726 493 4784 Ecclesia:
518 4726 787 4780 universa:
808 4723 1249 4787 continebantur,
1274 4730 1335 4775 ut
1361 4721 1562 4777 diserte
1590 4718 1843 4777 Theodo-

228 4839 318 4877 rus
348 4819 609 4874 Balsamo
648 4817 715 4871 ad
745 4816 1187 4872 Nomocanouem
1222 4813 1409 4869 Photii'
1431 4815 1511 4870 tit.
1549 4815 1600 4880 i,
1630 4831 1750 4887 cap.
1783 4813 1841 4885 2,

227 4912 519 4969 adnotavit
546 4910 633 4965 his
660 4908 843 4965 verbis
873 4926 886 4962 :
920 4914 1210 4980 Σημείωσαι
1231 4914 1322 4967 τήν
1353 4914 1626 4985 παροῦσαν
1656 4912 1843 4985 νεαρὰν

227 5006 412 5081 (plac)
463 5006 534 5064 ὡς
563 5004 750 5076 νόμους
784 5009 1032 5078 κρατεῖν,
1082 5005 1153 5071 μή
1194 5001 1344 5070 μόνον
1386 5003 1504 5062 τοὺς
1545 5004 1692 5075 παρά
1743 5008 1843 5056 τῶν

230 5095 557 5171 (τεσσάρων)
584 5094 740 5167 ἁγίων
770 5090 996 5148 συνόδων
1023 5092 1309 5151 ἐκτεθέντας
1338 5094 1573 5154 κανόνας.
1602 5092 1728 5146 ἀλλά
1758 5095 1844 5145 ναὶ

232 5192 349 5252 tsi»;
374 5188 523 5265 παρά
552 5187 747 5241 τούτων
772 5184 1169 5258 βεϐαιωθέντας,
1194 5182 1348 5256 ἤγουν
1372 5186 1489 5244 τοὺς
1512 5185 1720 5245 κανόνας
1742 5192 1841 5237 τῶν

223 5288 452 5337 τοπικῶν
472 5277 702 5334 συνόδων
736 5296 747 5330 :
784 5274 930 5331 Nota
950 5284 1260 5348 parcentem
1289 5276 1567 5341 novellam,
1599 5293 1713 5347 qua:
1756 5276 1842 5330 dic

222 5375 313 5439 cit,
346 5381 606 5440 tanquam
646 5368 779 5440 leges
807 5368 1006 5424 servari
1034 5375 1270 5438 Oportere
1295 5413 1309 5435 ,
1357 5386 1463 5423 non
1490 5368 1660 5423 solum
1687 5369 1774 5441 qui
1805 5386 1838 5424 a

224 5460 425 5516 sanctis
451 5460 722 5531 (quatuor)
753 5459 968 5529 synodis
1007 5458 1135 5512 editi
1161 5468 1282 5512 sunt
1310 5475 1537 5514 canones
1559 5499 1573 5525 ,
1622 5460 1719 5513 sed
1746 5475 1833 5515 eos

221 5555 387 5608 etiam
414 5551 506 5625 qui
533 5550 599 5604 ab
624 5550 702 5604 his
724 5550 1021 5619 conﬁrmati
1042 5560 1195 5616 sunt,
1227 5566 1317 5604 seu
1354 5566 1577 5605 canones
1601 5550 1830 5622 synodo-

221 5661 340 5699 non
377 5643 650 5699 localium.
710 5640 1016 5697 Concilium
1061 5644 1226 5698 etiam
1269 5642 1836 5713 Constantinopolitav

223 5750 355 5789 num
388 5750 478 5799 ιιι,
523 5734 579 5787 in
617 5732 803 5788 Trullo
846 5733 1089 5789 habitum
1136 5748 1281 5789 anno
1325 5731 1427 5787 707
1454 5776 1470 5802 ,
1525 5735 1626 5788 sub
1673 5733 1842 5790 Justi-

221 5828 395 5882 niano
422 5824 489 5889 ll,
517 5825 801 5896 antiquum
833 5826 982 5881 illum
1012 5824 1269 5882 Codicem
1295 5823 1548 5881 Ecclesize
1571 5827 1838 5883 universa:

219 5918 577 5979 conﬁrmavit
615 5936 823 5977 canone
860 5920 951 5989 ll,
1004 5920 1336 5978 enumeratis
1364 5920 1608 5978 conciliis
1638 5922 1836 5994 quibus

1947 4720 2105 4775 valde
2133 4722 2294 4776 utiles
2324 4730 2377 4777 et
2407 4725 2748 4779 necessariae.

2020 4812 2174 4881 Quod
2204 4824 2383 4871 autem
2429 4817 2496 4870 ad
2543 4816 2841 4874 Ecclesiam
2884 4818 3279 4879 Occidentalem
3328 4826 3545 4893 attinet,

1946 4916 2156 4962 certum
2187 4917 2298 4974 est,
2330 4908 2383 4963 in
2413 4917 2530 4964 toto
2560 4911 2692 4966 orbe
2724 4910 3090 4982 Occidentali,
3124 4925 3179 4971 et
3203 4916 3407 4973 Latina:
3434 4919 3545 4976 lin-

1944 4996 2062 5068 gutc
2092 4999 2413 5057 ditecesibus
2442 5010 2497 5055 et
2544 5003 2868 5071 provinciis,
2918 5022 3038 5059 eam
3082 5023 3300 5078 quoque
3351 5008 3451 5081 (ut
3490 5021 3548 5069 et

1945 5086 2256 5162 Orientalis)
2282 5093 2332 5146 iu
2357 5092 2573 5162 judiciis
2596 5095 2996 5165 ecclesiasticis,
3034 5098 3219 5167 priscis
3246 5102 3547 5161 canonibus

1950 5184 2122 5238 veteri
2153 5182 2352 5241 Codice
2383 5183 2637 5241 Ecclesia:
2662 5187 2924 5243 universae
2955 5191 3361 5259 comprehensis
3392 5211 3544 5254 usam

1948 5279 2132 5336 fuisse.
2166 5279 2219 5336 id
2253 5290 2519 5338 testantur
2554 5293 2673 5339 acta
2703 5284 3054 5340 conciliorum
3076 5295 3132 5339 et
3156 5284 3373 5342 decreta
3404 5306 3544 5360 pon-

1949 5371 2174 5440 tiﬁcum,
2207 5373 2296 5429 ubi
2323 5374 2520 5444 passim
2551 5375 2757 5429 codicis
2793 5383 2847 5429 et.
2870 5377 3114 5445 corporis
3153 5393 3446 5447 canonum,
3491 5390 3547 5437 et

1947 5466 2295 5536 antiquorum
2326 5482 2616 5530 canonum,
2642 5476 2696 5523 et
2725 5483 2989 5522 canonum
3012 5468 3367 5527 Orientalium
3392 5490 3545 5528 uten-

1947 5555 2047 5624 tio,
2078 5571 2188 5627 quo
2218 5558 2436 5613 nomine
2466 5557 2651 5612 Codex
2674 5556 2927 5614 Ecclesire
2951 5560 3215 5616 universa:
3237 5564 3355 5618 sine
3378 5565 3543 5620 dubio

1946 5642 2281 5717 intelligitur.
2313 5648 2516 5703 llorum
2548 5657 2727 5704 autem
2750 5665 3016 5705 canonum
3037 5650 3346 5709 GI‘JECOI‘IIIII
3381 5658 3542 5713 varia)

1944 5736 2279 5809 diverschue
2300 5748 2589 5795 occurrunt
2611 5737 2815 5795 Latinio
2846 5742 3341 5816 interpretationes.
3365 5749 3542 5819 Atque

1948 5830 2173 5900 antiqua
2207 5830 2294 5884 illa
2318 5840 2398 5885 est
2427 5846 2531 5901 qua
2559 5833 2639 5887 nsi
2670 5845 2794 5888 sunt
2826 5831 3001 5890 Latini
3041 5836 3399 5892 conciliorum
3423 5840 3541 5893 col-

1947 5921 2220 5993 lcctores,
2268 5921 2367 5979 sub
2417 5924 2638 5981 nomine
2686 5924 2871 5983 Isidozi
2915 5926 3265 5995 Mercatoris.
3322 5939 3379 5985 et
3417 5944 3539 5993 cum
