4012 6486
456 369 521 425 5i
1747 350 2106 418 DIONYSIUS
2143 356 2467 420 EXlGUUS.
3660 345 3737 405 εξ

460 484 788 559 Dionysiana
834 481 1280 556 interpretatione
1333 479 1760 551 coniunxerunt,
1818 480 2044 549 ejusque
2070 480 2119 543 Α
2150 477 2309 532 ﬁcum
2367 476 2543 534 Rom.‘
2581 473 2780 543 Siricii,
2820 472 3161 550 Innocentii,
3213 469 3437 540 Zosimi,
3467 467 3729 559 Bonifaci

459 575 694 645 antiqua:
715 576 980 632 versiouis
1007 574 1158 645 plura
1189 572 1516 643 exemplaria
1543 579 1757 627 exstant
1782 570 1836 626 in
1857 570 2044 625 biblio-

460 665 650 722 thecis.
700 664 807 722 Sed
833 667 1106 737 antiquior
1134 665 1325 729 altera,
1376 663 1613 719 nondum
1659 662 1844 728 edita,
1890 660 2045 729 cujus

458 762 825 826 pervetustnm
857 756 1133 825 exemplar
1159 770 1259 810 ms.
1292 769 1460 826 penes
1496 768 1597 810 nos
1635 752 1926 820 habemus,
1956 751 2046 805 lit-

460 848 593 900 teris
619 846 925 912 majusculis
953 856 1264 912 exaratum,
1312 846 1458 917 quod
1485 846 1585 900 xcvi
1614 845 1694 900 sui
1727 851 1910 899 notam
1956 844 2045 898 in-

456 938 623 992 dicat.
641 938 878 1009 Dionysii
899 955 1027 992 vero
1044 937 1230 1005 Exigui
1247 938 1438 992 Latina
1462 936 1839 1007 interpretatio
1861 935 2046 1009 (quam

460 1037 588 1081 ante
617 1042 788 1082 annos
816 1029 1001 1096 viginti
1030 1045 1095 1083 ex
1126 1037 1340 1083 vetusto
1367 1028 1489 1084 eod.
1522 1043 1625 1083 ms.
1668 1026 1805 1082 Bibl.
1847 1032 2047 1082 nostrae

453 1117 746 1189 edidimus)
772 1129 823 1173 ut
848 1120 1038 1189 purior
1057 1128 1111 1174 et
1132 1120 1434 1188 elegantior
1452 1119 1664 1175 ceteris
1685 1118 1903 1188 pmlata
1927 1124 2044 1183 est;

453 1224 573 1277 quae
600 1210 815 1278 quidem
856 1211 1051 1265 seriem
1095 1219 1152 1266 et
1195 1210 1437 1266 ordinem
1478 1208 1854 1277 conciliorum,
1876 1221 2047 1264 cano-

454 1317 692 1372 numque
713 1304 1157 1373 consequentiam
1186 1319 1251 1359 ac
1276 1319 1624 1360 numerorum
1652 1303 2049 1360 connexionem

453 1395 696 1459 retinuit,
729 1409 849 1464 qua:
871 1403 989 1449 erat
1018 1395 1069 1448 in
1100 1395 1293 1449 Graeco
1321 1393 1615 1462 exemplari
1640 1408 1749 1463 quo
1777 1393 1894 1464 ipse
1922 1406 2050 1450 usus

452 1493 557 1551 est,
583 1501 610 1539 a
642 1485 859 1541 Niczeno
888 1486 1093 1542 scilicet
1118 1487 1349 1542 concilio
1379 1487 1554 1556 primo
1580 1487 1916 1543 meumenico
1935 1526 1952 1551 ,
1980 1485 2049 1542 ad

450 1572 1110 1646 Constantinopolitanum
1138 1593 1186 1639 ι,
1237 1577 1341 1631 hoc
1379 1584 1465 1631 est
1502 1592 1533 1630 a
1575 1578 1748 1646 primo
1777 1577 1956 1647 capite
1980 1576 2050 1632 ad

453 1665 815 1719 centesimum
856 1667 1251 1734 sexagesimum
1297 1667 1544 1737 quintum
1569 1706 1585 1731 ,
1631 1674 1688 1721 ut
1721 1666 1837 1735 ipse
1877 1667 1954 1721 ait
1994 1666 2051 1723 in

457 1754 688 1823 epistola
734 1770 844 1809 sum
883 1756 1187 1811 collectioni
1218 1754 1437 1826 prmlixa
1461 1797 1477 1823 ,
1519 1756 1604 1811 cui
1631 1756 1871 1828 (omissis
1898 1757 2049 1813 Con-

2142 569 2451 636 leestini,
2482 569 2713 636 Leonis,
2744 567 2974 636 Gclasii,
3007 565 3297 635 Anastasii,
3326 564 3395 619 ab
3422 577 3566 619 anno
3590 558 3736 616 scili-

2143 669 2232 717 cet
2260 660 2367 716 585
2394 660 2462 717 ad
2482 676 2684 715 annum
2714 658 2840 725 496,
2872 660 2925 714 iu
2953 673 3118 714 unum
3158 656 3399 726 collegit,
3426 662 3483 710 et
3510 654 3564 709 in
3594 652 3739 709 ordi-

2144 768 2267 810 nem
2296 753 2465 810 titulis
2485 753 2801 823 compositis
2823 752 3093 817 distinxit,
3121 751 3221 806 sub
3254 766 3360 804 una
3382 748 3523 804 serie
3555 760 3742 802 nume-

2145 859 2331 900 rorum
2381 858 2450 900 eo
2496 842 2658 899 modo
2696 857 2806 913 quo
2856 840 3078 911 Patrum
3119 856 3360 898 canones
3405 838 3739 895 transferens

2147 936 2533 1003 ordinaverat,
2585 944 2645 990 ut
2698 936 2815 1005 ipse
2870 933 3155 1004 proﬁtetur
3210 934 3265 989 in
3316 932 3543 1003 epistola
3594 946 3739 1002 prac-

2148 1025 2367 1083 fationis
2402 1026 2524 1082 loco
2553 1025 2770 1097 praeﬁxa
2798 1024 2867 1079 ad
2896 1023 3165 1079 lulianum
3195 1023 3566 1094 presbyterum
3599 1019 3745 1075 tituli

2148 1118 2365 1175 Sanctae
2386 1118 2881 1192 Anastasitelquam
2906 1132 3030 1173 eum
3056 1116 3231 1172 indice
3256 1116 3597 1171 decretorum
3626 1112 3744 1167 edio

2150 1210 2440 1283 dimus(ln
2471 1209 2600 1266 Cod.
2645 1208 2778 1265 Con.
2822 1209 2969 1264 Eccl.
3021 1207 3199 1278 Rom.)
3248 1223 3390 1263 anno
3422 1204 3743 1277 1645J,qui

2150 1302 2372 1375 synodis
2416 1302 2603 1356 Roma:
2642 1300 2930 1357 celebratis
2957 1297 3057 1354 sub
3078 1296 3401 1369 Symmacho
3429 1310 3588 1367 papa,
3619 1301 3745 1364 post

2152 1392 2497 1449 consulatum
2537 1390 2743 1445 Paulini
2768 1429 2783 1455 ,
2815 1390 2919 1445 hoc
2947 1396 3031 1445 est
3074 1404 3217 1443 anno
3246 1385 3383 1452 499,
3411 1387 3499 1442 die
3526 1384 3739 1441 calend.

2153 1482 2488 1547 Martiarum,
2519 1491 2576 1537 et
2601 1480 2789 1536 Flavio
2818 1480 3024 1534 Avieno
3049 1479 3298 1549 juniore,
3327 1476 3426 1533 sub
3444 1476 3532 1532 die
3558 1476 3593 1530 8
3624 1476 3746 1532 idus

2154 1575 2442 1641 Novemb.,
2467 1575 2571 1630 hoc
2594 1581 2678 1629 est
2703 1586 2845 1627 anno
2876 1570 2997 1644 502,
3032 1570 3353 1640 subscripsis
3383 1584 3415 1624 e
3452 1568 3740 1639 reperitur.

2157 1665 2309 1724 Unde
2340 1667 2510 1737 liquet
2547 1680 2654 1735 quo
2694 1672 2941 1733 tempore
2968 1660 3305 1733 Dionysiana:
3336 1658 3441 1715 illae
3467 1658 3748 1715 collectio-

2157 1773 2257 1814 nes
2278 1798 2293 1824 ,
2326 1765 2436 1812 tam
2488 1769 2756 1810 canonum
2789 1752 3158 1817 conciliorum
3202 1765 3363 1822 quam
3402 1750 3746 1805 decretorum

451 1846 948 1917 stantinopolitanis
1002 1856 1235 1917 quatuor
1297 1849 1692 1919 posterioribus
1746 1850 2044 1907 eanonibus
2075 1867 2125 1928 Β
2160 1850 2473 1924 pontiﬁcum
2520 1847 2679 1903 Rom.
2710 1846 2925 1916 scriptae
2953 1845 3080 1899 sint.
3124 1842 3301 1914 Atque
3327 1842 3444 1899 haec
3463 1849 3546 1897 est
3568 1840 3744 1911 prima

452 1943 511 1989 et
545 1945 671 1992 octo
700 1934 1019 2007 Ephesinis,
1051 1939 1141 2007 qui
1186 1939 1238 1994 in
1272 1936 1610 1996 Collectione
1637 1939 1950 2004 Canonum,
1994 1951 2052 1998 et

452 2024 848 2083 Nomocanone
910 2027 1132 2085 Joannis
1185 2028 1506 2085 Scholastici
1557 2030 1883 2109 patriarcha:
1937 2029 2048 2087 CP.

453 2127 517 2171 et
560 2119 775 2174 caeteris
801 2121 1051 2175 omnibus
1093 2119 1407 2176 Graecorum
1453 2136 1724 2177 canonum
1768 2120 2051 2177 collectio-

453 2207 616 2263 nibus
664 2210 1060 2280 reperiuntur)
1113 2212 1318 2267 addidit
1367 2227 1606 2269 canones
1651 2212 1744 2283 qui
1797 2213 2054 2270 dicuntur

452 2300 833 2369 Apostolorum
864 2302 1250 2373 quinquaginta
1269 2347 1284 2373 ,
1316 2314 1371 2360 et
1391 2304 1740 2363 Sardicenses
1762 2314 1817 2362 et
1845 2306 2053 2363 Africa-

450 2405 553 2446 nos
580 2392 671 2460 qui
701 2392 754 2447 in
784 2391 1073 2451 Occidente
1099 2395 1289 2452 Latine
1316 2406 1443 2452 sunt
1462 2397 1591 2455 editi
1616 2417 1630 2451 :
1657 2406 1819 2469 atque
1846 2399 1969 2455 ideo
1991 2400 2048 2457 in

451 2481 702 2538 omnibus
724 2483 1135 2542 collectionibus
1157 2488 1502 2557 postmodum
1525 2489 1685 2559 positi
1708 2495 1857 2559 sunt,
1879 2489 1963 2546 διὰ
1989 2493 2050 2548 τὸ

451 2573 609 2627 πολλὰ
634 2579 755 2646 περί
784 2596 935 2631 τινων
968 2579 1264 2654 ἐπιχωρίων
1307 2580 1465 2651 ἤγουν
1504 2587 1607 2635 τῶν
1635 2578 1848 2637 δυτικῶν
1882 2588 2051 2657 μερῶν

449 2662 785 2741 διορίζεσθαι,
838 2664 1126 2738 Propterea
1164 2670 1300 2742 quod
1339 2670 1507 2724 multa
1545 2671 1609 2725 de
1640 2671 1952 2742 quibusdam
1978 2673 2050 2728 ad

450 2756 565 2810 loca
594 2766 645 2810 et
670 2758 904 2827 regiones
930 2759 1331 2828 pertinentibus,
1355 2762 1460 2815 sive
1483 2756 1905 2817 Occidentalibus
1932 2779 2050 2834 par-

452 2846 609 2913 tibus,
634 2848 953 2919 deﬁnierint,
976 2849 1125 2905 utait
1149 2849 1399 2906 Balsama
1416 2852 1471 2907 in
1494 2853 1889 2923 prolegomenis
1916 2871 2047 2913 mss.

452 2935 521 2989 ad
565 2951 723 2991 suum
771 2937 1234 2996 Nomocanonem.
1284 2941 1570 3013 Dionysius
1597 2952 1778 2999 autem
1816 2942 2052 3017 Exiguus

452 3040 566 3079 sua:
594 3025 929 3083 collectionis
956 3044 1225 3084 canonum
1255 3032 1520 3088 rationem
1548 3034 1771 3103 exponit
1812 3034 1898 3090 his
1925 3050 2050 3093 ver-

452 3112 537 3169 bis
570 3134 582 3167 :
617 3114 857 3171 Canones
902 3119 987 3189 qui
1025 3118 1270 3173 dicuntur
1314 3119 1719 3191 Apostolorum,
1770 3122 1834 3178 de
1867 3122 2053 3184 Crwco

453 3206 835 3270 transtulimus,
873 3206 1054 3280 quibus
1089 3211 1299 3281 plurimi
1321 3228 1628 3267 consensum
1651 3229 1757 3268 non
1785 3214 2051 3285 prtcbuere

454 3303 684 3372 facilem,
716 3304 947 3373 quamvis
968 3310 1146 3374 postea
1171 3306 1407 3377 quwdam
1431 3308 1714 3361 constituta
1738 3308 2044 3377 pontiﬁcum

452 3409 521 3447 ea:
551 3394 680 3462 ipsis
721 3390 1017 3448 Canonibus
1059 3405 1327 3467 assumpta
1353 3414 1468 3452 esse
1509 3397 1781 3454 videantur
1810 3414 1833 3453 :
1862 3399 2050 3454 deinde

454 3484 663 3554 regulas
711 3482 951 3540 Nicama:
999 3487 1224 3557 synodi,
1273 3497 1323 3542 et
1369 3488 1610 3560 deinceps
1647 3491 1878 3545 omnium
1923 3507 2051 3545 con-

456 3574 736 3642 ciliorum,
785 3578 890 3632 sive
934 3595 1049 3649 qua:
1089 3587 1212 3634 ante
1245 3596 1381 3648 eam,
1420 3581 1529 3635 sive
1564 3597 1679 3652 qua:
1721 3581 2048 3652 postmodum

455 3666 598 3735 facta
627 3676 787 3733 sunt,
836 3685 997 3740 usque
1026 3669 1097 3723 ad
1129 3670 1385 3741 synodum
1426 3672 1731 3742 pontiﬁcum
1780 3671 1911 3737 150,
1960 3671 2049 3742 qui

452 3759 594 3823 apud
637 3758 1142 3830 Constantinopolim
1189 3771 1535 3818 convenerunt
1566 3780 1585 3817 :
1630 3772 1681 3817 et
1722 3763 1816 3817 sub
1866 3763 2050 3818 ordine

453 3864 783 3902 numerorum
808 3890 824 3915 ,
873 3850 926 3902 id
963 3860 1039 3904 est
1068 3868 1099 3904 a
1138 3853 1305 3921 primo
1353 3851 1522 3921 capite
1561 3868 1719 3923 usque
1763 3852 1833 3905 ad
1878 3861 2052 3907 cente-

449 3940 639 3991 simum
660 3942 1037 4009 sexagesimum
1070 3943 1334 4012 quintum,
1370 3944 1504 3997 sicut
1532 3941 1751 3997 habetur
1778 3944 1833 3996 in
1864 3940 2051 3998 Greca

450 4029 761 4082 auctoritate
780 4030 1112 4102 digessimus.
1131 4030 1259 4086 Tum
1283 4034 1447 4086 sancti
1469 4030 1904 4087 Chalcedonensis
1926 4049 2051 4088 con-

451 4116 561 4170 cilii
588 4118 792 4172 decreta
816 4119 1109 4191 subdentes,
1126 4123 1182 4175 in
1196 4123 1276 4177 his
1300 4120 1599 4177 Graecorum
1615 4138 1871 4177 canonum
1892 4124 2051 4194 ﬁnem

452 4226 566 4264 esse
593 4210 943 4267 declaramus.
993 4213 1205 4269 Statuta
1235 4231 1432 4287 quoque
1462 4215 1793 4272 Sardicensis
1823 4217 2048 4284 concilii,

451 4311 605 4371 atque
631 4304 891 4374 Africani,
938 4321 1052 4377 qute
1094 4304 1281 4361 Latine
1327 4318 1448 4362 sunt
1495 4308 1653 4374 edita,
1704 4308 1811 4362 suis
1842 4326 1875 4362 α
1904 4310 2051 4364 nobis

451 4397 681 4448 numeris
706 4407 987 4451 cernuntur
1012 4414 1123 4452 esse
1148 4399 1412 4454 distincta.
1434 4397 1564 4454 llmc
1578 4414 1707 4455 vero
1725 4399 2052 4471 Dionysiaca

456 4485 708 4541 collectio
736 4487 804 4542 ab
834 4486 1072 4543 Ecclesia
1103 4487 1346 4543 Romana
1376 4490 1559 4543 statim
1588 4499 1807 4561 recepta
1856 4500 1961 4558 est,
1992 4500 2054 4548 ut

455 4582 683 4629 testatur
698 4573 1054 4633 Cassiodorus
1085 4576 1223 4649 (Lib.
1257 4577 1320 4632 de
1349 4577 1554 4645 lnstit.,
1586 4596 1631 4633 c.
1664 4579 1778 4650 23),
1811 4581 2048 4653 Dionysii

452 4660 644 4731 Exigui
674 4679 887 4719 comvus
912 4680 927 4719 :
953 4662 1078 4720 Fuit
1123 4669 1313 4721 nostris
1340 4666 1653 4737 temporibus
1692 4670 1883 4739 inquit,
1914 4670 2048 4726 Dio-

455 4755 635 4825 nysius
665 4754 966 4820 monachus,
1000 4753 1197 4828 Scytha
1220 4756 1451 4822 natione,
1475 4758 1567 4810 sed
1589 4758 1819 4813 moribus
1834 4761 2046 4815 omnino

458 4844 742 4911 Romanus,
776 4846 832 4899 in
857 4857 1073 4918 utraque
1094 4849 1274 4919 lingua
1299 4847 1647 4915 doctissimus,
1675 4850 1765 4921 qui
1791 4852 1981 4921 petitus
2012 4867 2047 4905 a

456 4938 721 5008 Stephano
750 4937 989 5007 episcopo
1021 4937 1367 5005 Salonitano,
1415 4956 1483 4995 ex
1510 4938 1708 4994 Grcccis
1735 4942 2049 5013 exemplari-

454 5026 545 5083 bus
565 5045 791 5082 canones
812 5028 1207 5094 ecclesiasticos,
1226 5046 1431 5101 magna:
1451 5029 1753 5103 eloquentia:
1775 5031 1885 5086 luce
1904 5050 2050 5088 com-

454 5124 643 5192 posuit,
689 5139 813 5193 quos
844 5122 996 5177 hodie
1018 5139 1114 5177 usu
1153 5122 1480 5177 celeberrimo
1519 5122 1757 5180 Ecclesia
1802 5122 2046 5181 Romana

454 5214 828 5283 εοιιῳιεειὶιιιν.
863 5213 930 5268 Et
953 5228 1191 5269 canones
1216 5228 1246 5267 a
1262 5210 1471 5268 Joanne
1493 5212 1536 5268 ll
1568 5230 1703 5286 papa
1736 5216 1882 5271 missi
1902 5232 2048 5274 anno

459 5299 564 5356 555
592 5319 690 5373 pro
717 5320 880 5360 causa
908 5302 1297 5360 Contumeliosi
1327 5304 1587 5376 episcopi,
1636 5307 1729 5377 qui
1776 5322 1843 5361 ex
1875 5317 2050 5365 trans-

458 5392 661 5448 latione
685 5394 923 5467 Dionysii
949 5394 1140 5466 Exigui
1174 5393 1416 5467 expressi
1449 5395 1790 5466 reperiuntur
1821 5395 2048 5468 (Tenui

458 5485 658 5542 Concil.
694 5485 925 5558 Gallice).

532 5578 603 5635 Ut
627 5588 807 5635 autem
836 5579 1020 5637 Codici
1060 5581 1343 5639 Canonum
1372 5580 1625 5639 Ecclesiae
1649 5580 1939 5642 Orientalis
1958 5585 2053 5645 dc-

458 5680 609 5729 creta
630 5686 726 5726 seu
755 5670 999 5742 cpistola:
1027 5673 1300 5728 cauouicae
1330 5670 1548 5727 Patrum
1566 5671 1876 5729 Graecorum
1904 5690 1934 5729 a
1963 5690 2053 5747 sy-

461 5762 605 5819 nodo
635 5760 888 5817 Trullana
916 5776 1125 5818 annexa
1154 5770 1300 5829 sunt,
1348 5762 1637 5834 Dionysius
1683 5780 1899 5835 quoque
1927 5764 2051 5823 Exi-

458 5875 596 5933 guus
623 5857 785 5934 paulo
811 5866 935 5935 post
961 5858 1254 5919 editionem
1280 5873 1544 5916 canonum
1570 5898 1587 5930 ,
1620 5856 1839 5917 decreta
1864 5862 2046 5933 ponti-

2076 4628 2126 4693 ι)

2156 1953 2213 2000 et
2255 1939 2628 2010 antiquissima
2684 1936 3035 1992 decretalium
3082 1933 3400 2005 pontilicnm
3445 1930 3742 2000 collectio,

2154 2049 2275 2104 qua:
2304 2031 2438 2085 liber
2487 2029 2839 2084 Decretorum
2880 2026 3022 2082 dicta
3072 2032 3158 2082 est
3201 2040 3232 2079 a
3276 2022 3536 2079 Zacharia
3585 2036 3748 2092 papa,

2155 2126 2384 2198 epistola
2427 2123 2498 2178 ad
2540 2122 2789 2194 Pipinum
2824 2130 2880 2179 et
2906 2122 3193 2193 episcopos
3218 2120 3458 2177 Francia:
3481 2162 3496 2188 ,
3542 2135 3613 2175 ex
3640 2134 3749 2188 quo

2155 2220 2289 2276 citat
2314 2218 2559 2288 quzcdam
2589 2216 2825 2287 capitula
2848 2215 3145 2271 Innocentii
3168 2254 3185 2280 ,
3217 2213 3415 2271 Leonis
3442 2222 3499 2269 et
3525 2212 3746 2269 Gelasii.

2154 2308 2254 2367 Cui
2273 2317 2461 2380 postea
2491 2308 2558 2363 ab
2587 2307 2695 2363 alio
2735 2306 3031 2362 collectore
3057 2305 3239 2359 addita
3261 2313 3389 2360 sunt
3416 2303 3633 2360 decreta
3654 2316 3749 2358 sse-

2153 2401 2431 2474 quentium
2462 2398 2802 2470 pontiﬁcum,
2832 2396 3029 2463 Hilari,
3053 2396 3269 2466 Felicis,
3297 2396 3579 2467 Simplicii,
3605 2394 3750 2451 Hor-

2156 2493 2377 2557 misdte.
2409 2490 2717 2563 Symmachi
2744 2529 2760 2555 ,
2792 2498 2849 2545 et
2893 2485 3141 2558 Gregorii
3160 2486 3413 2558 iunioris.
3443 2486 3525 2544 Ex
3552 2487 3749 2557 quibus

2154 2588 2265 2637 tam
2290 2580 2646 2638 conciliorum
2669 2578 2997 2648 eanonibus,
3025 2593 3185 2649 quam
3210 2576 3526 2649 pontiﬁcum
3554 2579 3749 2634 decre-

2153 2672 2243 2739 tis,
2274 2671 2491 2727 tandem
2521 2669 2855 2740 compositus
2901 2678 2986 2725 est
3012 2668 3198 2724 Codex
3234 2667 3516 2725 Canonum
3561 2667 3747 2725 Eccle-

2154 2763 2249 2819 site
2296 2761 2556 2818 Romanas
2578 2802 2596 2827 ,
2626 2761 2720 2832 qui
2766 2775 2798 2815 a
2845 2759 3004 2816 Joan.
3037 2759 3414 2817 Wendelstino
3436 2799 3454 2828 ,
3483 2774 3551 2815 ex
3577 2760 3750 2816 tribus

2155 2853 2314 2910 codd.
2346 2868 2475 2909 mss.
2505 2851 2796 2922 Moguntina
2818 2852 3051 2921 primum
3080 2850 3257 2907 editus
3285 2858 3391 2917 est,
3417 2865 3559 2907 anno
3585 2847 3745 2917 1525,
3785 2845 3793 2854 ’

2154 2953 2212 3003 et
2234 2944 2489 3002 Matthaso
2519 2946 2659 3000 tituli
2687 2943 2749 3000 S.
2796 2943 2989 3013 Angeli
3029 2944 3349 3015 presbytero
3376 2942 3636 3000 cardinali
3661 2943 3747 2999 dio

2156 3044 2342 3103 catus,
2369 3036 2470 3092 sub
2509 3036 2615 3092 hoc
2641 3035 2800 3091 titulo
2832 3052 2847 3089 :
2878 3034 3117 3089 Curiones
3155 3032 3521 3105 Apostolorum
3540 3071 3557 3098 ,
3593 3030 3750 3087 Vete-

2156 3144 2272 3183 rum
2309 3125 2659 3182 Conciliorum
2706 3125 3130 3190 Constitutiones,
3179 3132 3230 3177 et
3277 3121 3501 3178 Decreta
3535 3121 3749 3194 pontiﬁ-

2156 3232 2272 3271 cum
2317 3216 2632 3288 antiquiora.
2693 3213 2887 3270 Postea
2939 3213 3168 3270 Lutetiae
3224 3211 3554 3268 Parisiorum
3603 3227 3748 3269 anno

2160 3309 2312 3376 l609,
2337 3310 2436 3366 sub
2465 3309 2620 3364 titulo
2642 3307 2857 3364 Codicis
2878 3304 3159 3362 Canonum
3180 3303 3431 3361 Ecclesia:
3460 3304 3742 3361 Romanae.

2153 3403 2329 3474 Atque
2380 3404 2496 3474 ipse
2543 3410 2627 3458 est
2654 3400 2841 3458 Codex
2877 3398 3161 3456 Canonum
3207 3399 3299 3469 qui
3331 3398 3399 3455 ab
3427 3394 3750 3454 Hadriano!

2153 3510 2290 3565 papa
2336 3494 2533 3551 Carolo
2571 3491 2765 3564 Magno
2811 3491 2927 3562 regi
2976 3490 3163 3546 Roma:
3201 3490 3417 3547 oblatus
3468 3497 3552 3545 est
3601 3503 3745 3545 anno

2152 3583 2292 3651 805,
2341 3582 2409 3639 ad
2449 3597 2605 3639 usum
2635 3579 2998 3639 Eeclesiarum
3027 3578 3450 3636 Occidentalium
3473 3619 3490 3648 ,
3518 3580 3607 3636 cui
3636 3579 3751 3650 epi-

2154 3676 2297 3731 stola
2340 3691 2436 3730 seu
2469 3689 2723 3730 versuum
2773 3673 3118 3744 politieorum
3146 3672 3500 3729 aehrostiehis
3527 3670 3750 3741 prazﬁxa

2152 3775 2239 3822 est
2259 3781 2380 3822 cum
2410 3766 2511 3821 hac
2544 3764 2929 3834 inscriptione,
2964 3762 3171 3819 Damno
3199 3762 3471 3817 excellenti
3491 3762 3601 3832 ﬁlio
3636 3761 3751 3816 Ka-

2151 3855 2268 3910 rulo
2302 3853 2426 3927 Regi
2470 3852 2778 3908 Hadrianus
2817 3869 2985 3923 papa,
3013 3866 3132 3921 quae
3149 3868 3177 3905 a
3202 3850 3519 3905 doctissimo
3540 3849 3747 3906 Jacobo

2152 3943 2441 4001 Sirmondo
2489 3942 2633 3998 edita
2660 3950 2745 3999 est
2772 3959 2784 3995 :
2818 3942 3068 4012 illiusque
3104 3939 3319 3996 Codicis
3347 3939 3502 4009 plura
3533 3947 3752 3995 exstant

2153 4033 2371 4106 antiqua
2393 4033 2725 4105 exemplaria
2755 4048 2885 4089 mss.
2933 4034 2988 4087 in
3038 4031 3383 4087 bibliothecis
3406 4072 3421 4098 ,
3453 4039 3510 4085 et
3536 4030 3751 4087 brevia-

2154 4127 2290 4182 rium
2338 4125 2580 4195 ejusdem
2610 4140 2642 4180 a
2694 4123 2990 4180 Cresconio
3027 4122 3286 4194 episeopo
3333 4119 3589 4177 Africano
3612 4162 3626 4187 ,
3658 4120 3751 4191 qui

2154 4219 2301 4274 circa
2348 4233 2547 4273 annum
2575 4215 2680 4272 690
2709 4217 2874 4283 vixit,
2929 4215 3145 4271 omissis
3194 4212 3419 4285 integris
3454 4213 3752 4269 eanonibus

2154 4312 2509 4369 conciliorum
2539 4319 2596 4366 et
2619 4310 2856 4367 decretis
2881 4307 3217 4379 pontiﬁcum,
3249 4320 3369 4376 quae
3395 4305 3551 4362 facile
3580 4314 3752 4361 estex

2155 4404 2271 4474 ipsa
2301 4401 2626 4459 collectione
2665 4409 2943 4471 repetere.
2990 4398 3167 4470 Atque
3209 4397 3261 4453 hi
3289 4404 3415 4453 sunt
3440 4411 3676 4452 canones
3696 4404 3752 4451 et

2152 4495 2370 4551 decreta
2398 4495 2595 4565 quibus
2637 4494 2689 4547 in
2715 4492 2933 4562 iudiciis
2961 4489 3347 4548 ecclesiasticis
3380 4488 3621 4545 Romana
3652 4503 3750 4543 usa

2152 4594 2237 4642 est
2262 4583 2504 4642 Ecclesia
2529 4622 2546 4649 ,
2576 4593 2637 4639 ut
2680 4591 2912 4639 testatur
2951 4580 3062 4638 Leo
3092 4580 3157 4637 IV
3189 4595 3327 4651 papa
3351 4618 3367 4646 ,
3398 4579 3490 4650 qui
3521 4578 3749 4634 concilia

2151 4677 2267 4747 ipsa
2296 4684 2352 4731 et
2392 4674 2712 4747 pontiﬁcum
2752 4673 2970 4730 decreta
3016 4686 3137 4741 quae
3163 4671 3270 4728 hoc
3289 4670 3475 4728 codice
3503 4670 3751 4726 Romano

2150 4768 2571 4823 continebantur
2594 4806 2609 4832 ,
2641 4772 2891 4820 recenset
2917 4763 3000 4818 his
3020 4762 3202 4818 verbis
3230 4779 3243 4815 :
3276 4758 3473 4826 Quibus
3495 4768 3666 4814 autem
3694 4761 3750 4815 in

2150 4856 2384 4913 omnibus
2428 4856 2793 4911 ecclesiasticis
2834 4854 3030 4909 utimur
3068 4853 3325 4925 judiciis,
3360 4862 3482 4907 sunt
3524 4867 3750 4907 canones

2149 4949 2236 5019 qui
2258 4948 2502 5002 dicuntur
2523 4944 2910 5016 Apostolorum,
2937 4940 3298 5009 Nicwttorum,
3328 4943 3746 5013 Ancyranorum,

2151 5037 2657 5094 Neocwsariensium
2679 5076 2694 5101 ,
2715 5034 3097 5106 Gangrensium
3116 5076 3132 5102 ,
3158 5032 3560 5089 Laodicensium
3574 5075 3587 5096 .
3611 5032 3750 5089 Con-

2148 5129 2756 5202 stantinopolitanorum,
2786 5124 3191 5197 Epltesinorum,
3223 5124 3744 5194 Chalcedonensium,

2152 5222 2580 5289 Sardicensium,
2619 5219 3082 5292 Africanensium,
3128 5213 3654 5287 Carthaginensium,
3698 5214 3753 5271 et

2152 5331 2269 5369 cum
2295 5314 2401 5368 illis
2429 5312 2622 5385 regula:
2647 5311 2930 5382 prtesulum
2961 5307 3319 5368 Romanorum
3345 5307 3548 5370 Siricii,
3584 5307 3747 5363 Inno-

2154 5406 2332 5472 centii,
2374 5404 2593 5466 Zosimi,
2636 5401 2934 5471 Cazlestini,
2986 5398 3201 5465 Leonis,
3244 5397 3477 5465 Celasii,
3525 5398 3701 5455 Hilari
3726 5443 3745 5472 ,

2157 5494 2491 5567 Symmachi,
2521 5492 2848 5559 llormistlw,
2876 5490 3133 5561 Simplicii
3159 5499 3208 5545 et
3236 5487 3473 5561 Gregorii
3488 5488 3741 5561 junioris.

2160 5587 2259 5644 Isti
2288 5587 2499 5642 omnino
2524 5595 2674 5651 sunt,
2696 5595 2745 5639 et
2771 5601 2862 5656 per
2886 5600 3010 5655 quos
3033 5581 3277 5653 judicant
3305 5581 3553 5653 epismpi,
3577 5593 3625 5636 et
3654 5597 3747 5655 per

2156 5695 2282 5752 quos
2307 5676 2461 5732 simul
2472 5677 2783 5747 judicantur
2811 5681 2861 5729 et
2889 5672 3085 5728 clerici.

2227 5769 2516 5826 Videamus
2542 5783 2686 5825 nunc
2725 5781 2834 5835 quo
2856 5765 2979 5837 jure
3006 5764 3375 5824 ecclesiastico
3402 5782 3496 5821 usa
3530 5775 3608 5822 est
3642 5765 3746 5822 Ec-

2155 5858 2322 5923 clesia
2377 5860 2625 5920 Africana
2680 5866 2995 5927 castamque
3039 5856 3292 5918 Ecclesia:
3346 5857 3739 5918 Occidentales.
