4012 6506
206 346 290 403 ’53
827 339 896 399 ΙΝ
932 337 1232 401 ΟΟὓΙϐΕΜ
1270 337 1601 401 CANONUM
1645 338 1827 401 llNiV.

1934 337 2161 403 iCLESt
2185 340 2510 403 ιυδτεω
2547 339 2941 405 ΡΒίΕΡΑΤΙΟ.
3451 350 3527 409 58

219 456 302 513 Ac
326 470 572 527 primitur
598 453 819 526 quidem
841 492 858 521 ,
888 464 1103 513 certum
1144 462 1228 512 est
1265 455 1578 535 Africanos,
1622 454 1828 519 Nicaeui
1854 458 1904 521 Α
1930 464 2129 514 cuntur
2164 454 2575 529 Apostolorum,
2609 460 2841 518 omelias
2860 476 2891 516 a
2915 457 3087 519 Gallis
3116 475 3225 518 non
3245 470 3528 536 receptos,

217 549 440 606 concilii
470 548 635 620 primi
673 547 1002 606 menmici
1049 560 1291 603 canones
1335 546 1619 614 habuisse,
1656 561 1688 603 a
1714 544 1836 603 Cte-

213 642 421 699 ciliano
461 640 883 710 Carthaginensi
936 639 1233 712 episcopo,
1280 640 1374 710 qui
1413 641 1464 697 ei
1494 638 1734 697 interfuit
1776 647 1836 699 et

212 733 585 806 subscripsit,
649 733 887 799 allatus,
956 740 1019 789 nt
1094 732 1199 803 ipsi
1266 739 1534 789 testantur
1592 731 1835 791 Africani

213 821 411 881 Patres
456 824 516 880 in
563 824 801 880 concilio
846 821 1265 892 Carthagineusi
1317 837 1463 879 anno
1515 822 1658 891 ιω,
1707 831 1835 895 post

209 916 564 973 consociatum
614 913 845 972 Honorii
907 928 986 969 xn
1044 921 1103 969 et
1171 912 1466 971 Theodosii
1526 929 1621 972 vnt
1685 915 1832 973 cele-

209 1008 396 1074 brato,
421 1008 623 1078 quibus
649 1007 818 1062 etiam
843 1021 877 1061 a
903 1004 1109 1078 Cyrillo
1156 1005 1525 1062 Alexandrino
1548 1008 1830 1083 episcopo,

208 1106 265 1154 et
292 1098 368 1153 ab
412 1096 600 1154 Attico
622 1094 1236 1167 Constantinopolitano
1257 1135 1274 1162 ,
1307 1096 1425 1167 ipsa
1466 1095 1681 1150 Nicena
1718 1105 1834 1151 sta-

208 1198 326 1245 tuta
359 1190 684 1246 transmissa
700 1194 839 1253 sunt
864 1202 934 1245 ex
978 1188 1433 1258 interpretatione
1479 1186 1723 1244 Teilonis
1771 1194 1831 1243 et

208 1279 419 1337 Taristi
441 1321 461 1349 ,
484 1294 606 1351 quae
634 1279 691 1335 in
729 1279 973 1335 editione
1000 1277 1371 1336 Conciliorum
1392 1275 1705 1335 Coloniensi
1731 1293 1832 1335 ex-

206 1380 341 1429 stat.
372 1371 484 1428 Sed
513 1380 572 1428 et
602 1371 725 1427 aliis
750 1368 956 1430 Grecis
974 1370 1285 1427 canonibus
1315 1370 1486 1426 veteri
1504 1370 1704 1427 Codice
1725 1368 1832 1427 Ca-

207 1478 421 1519 nonum
440 1461 697 1519 Ecclesia:
723 1461 993 1517 universae
1011 1460 1447 1532 comprehensis,
1472 1461 1578 1517 hoc
1602 1468 1687 1516 est
1718 1461 1830 1516 An-

206 1559 457 1630 cyranis,
481 1557 1034 1627 Neocmsaricnsibus,
1067 1556 1500 1628 Gangrensibus,
1530 1556 1831 1615 Antioche-

210 1650 297 1704 nis
318 1690 337 1714 ,
399 1648 852 1713 Laodicensibus,
908 1657 966 1705 et
1016 1647 1645 1721 Constantinopolitanis
1697 1665 1829 1707 usos

209 1738 417 1807 fuisse;
449 1756 522 1795 ex
548 1741 746 1811 quibus
770 1782 786 1808 ,
819 1756 959 1811 pace
998 1740 1192 1797 Africae
1215 1743 1485 1808 restituta,
1512 1740 1827 1812 Fulgentius

1933 549 2034 607 sed
2062 550 2279 620 ignotos
2301 551 2816 622 fuisse.8igebertus
2834 568 2929 609 rex
2952 554 3283 610 Francorum
3309 557 3363 610 in
3410 559 3530 627 epi-

1934 638 2075 696 stola
2092 641 2161 694 atl
2187 639 2522 698 Desiderium
2545 641 2930 699 Caturcensem
2953 645 3266 715 episcopum
3297 645 3469 718 (Tom.
3502 644 3525 700 ι

1933 729 2133 803 Script.
2178 729 2322 786 Hist.
2366 731 2625 805 hanc),
2670 734 2954 804 prolitetur
2979 744 3176 807 Optare
3201 752 3529 794 conservare

1934 817 2150 875 Statua
2176 836 2469 888 canonum,
2492 830 2549 877 et
2578 824 2959 878 ecclesiasticas
2981 826 3219 897 regulas,
3265 826 3404 882 sicut
3430 843 3528 898 pa-

1933 918 2119 967 rentes
2144 911 2266 981 eius
2311 912 2753 969 observaverant.
2806 912 2874 969 Et
2916 916 3157 989 episcOpi
3193 915 3380 974 Gallia:
3425 919 3527 975 sub

1932 999 2281 1058 Cbildeberto
2309 1001 2712 1061 Austrasiorum
2758 1018 2890 1075 rege
2938 1008 2991 1061 in
3034 1008 3244 1079 synodo
3276 1008 3525 1077 Metensi,

1928 1090 2178 1163 Egidium
2207 1093 2567 1152 Rbemensem
2596 1097 2911 1168 episcopum
2955 1097 3132 1170 (Greg.
3168 1098 3295 1154 Tur.
3336 1099 3428 1154 lib.
3459 1116 3489 1154 x
3508 1138 3525 1166 ,

1932 1201 1981 1239 c.
2011 1183 2101 1257 l9)
2119 1226 2135 1251 ,
2168 1187 2313 1242 lectis
2338 1202 2599 1242 canonum
2626 1189 3003 1257 sanctionibus,
3034 1190 3104 1245 ab
3126 1192 3317 1247 ordine
3344 1208 3529 1249 sacer-

1930 1274 2101 1330 dotali
2148 1285 2518 1333 removerunt.
2562 1275 2632 1332 Et
2676 1279 2779 1334 sub
2819 1280 3014 1337 eodem
3060 1280 3443 1348 Childeberto,
3470 1284 3527 1339 in

1930 1385 2094 1426 causa
2125 1369 2449 1441 Ingeltrudis
2477 1415 2493 1440 ,
2525 1374 2642 1444 ipse
2670 1375 2965 1444 Gregorius
3014 1376 3155 1447 (Lib.
3196 1395 3251 1434 ιι
3274 1416 3291 1444 ,
3340 1397 3388 1433 c.
3434 1381 3525 1452 55)

1931 1473 2200 1518 canonum
2232 1463 2573 1521 Nicmnorum
2618 1467 2841 1522 nomine
2892 1469 3004 1539 (qui
3031 1468 3215 1526 Codici
3243 1470 3526 1527 Canonum

1930 1548 2186 1609 Ecclesia:
2213 1555 2500 1624 universzu,
2530 1572 2640 1628 quo
2666 1558 2921 1614 utebatur
2947 1560 3223 1616 Gallicana
3253 1561 3525 1630 Ecclesia,

1930 1645 2243 1714 przetitulati
2292 1649 2469 1719 erant)
2511 1651 2643 1705 citat
2683 1666 2948 1707 canonem
3008 1652 3077 1706 14
3121 1655 3333 1710 concilii
3379 1655 3528 1711 Gan-

1931 1736 2142 1803 grensis
2169 1754 2183 1789 :
2217 1736 2488 1792 Canonum
2521 1737 2575 1792 Ν
2580 1741 2862 1796 iacuerunt
2891 1741 3100 1797 decreta
3120 1742 3309 1815 relegi,
3337 1746 3392 1798 in
3414 1748 3530 1816 qui-

208 1830 827 1899 Ferrandus,Ecclesizc
850 1830 1292 1901 Carthaginensis
1306 1833 1591 1903 diaconus,
1613 1834 1826 1891 Collec-
1856 1843 1903 1903 Β
1931 1827 2024 1882 δυσ
2056 1828 2371 1896 continetur,
2398 1828 2533 1893 Qui“
2566 1833 2611 1886 εί
2639 1848 2741 1903 qua
2768 1833 3035 1905 reliqum!
3061 1835 3245 1902 υίνιηη,
3276 1843 3329 1890 ει
3360 1847 3527 1891 lorum

210 1925 420 1980 tionem
448 1939 551 1980 seu
592 1923 931 1980 Breviarium
968 1939 1241 1981 canonum
1268 1933 1398 1982 ante
1434 1940 1531 1983 sua
1573 1933 1821 1997 tempora

208 2014 266 2071 in
296 2014 482 2070 Africa
510 2023 883 2084 receptorum,
912 2014 982 2070 ad
1009 2014 1403 2072 restituendam
1426 2015 1694 2072 Africana
1721 2014 1824 2072 Ec-

136 2090 143 2095 ,
208 2106 395 2162 clcsiae
439 2104 782 2175 disciplinam
831 2106 1139 2177 composuit
1183 2106 1400 2179 (eodem
1433 2105 1546 2163 fere
1578 2114 1823 2177 tempore

210 2214 325 2269 quo
354 2199 650 2271 Dionysius
679 2198 921 2270 Exiguus
943 2216 1097 2257 suam
1140 2198 1532 2259 Collectionem
1562 2203 1729 2259 edidit
1755 2203 1823 2259 ad

209 2307 373 2348 usum
402 2290 662 2347 Ecclesia:
711 2291 1016 2362 Romanaz),
1045 2293 1261 2350 omissis
1284 2294 1583 2349 canonibus
1605 2302 1825 2364 aposto-

208 2382 357 2450 licis,
386 2380 691 2452 Ephesinis,
724 2391 782 2438 et
806 2382 1359 2449 Cbalccdonensibus,
1388 2390 1448 2440 et
1476 2384 1674 2439 additis
1693 2383 1823 2439 Sar-

208 2473 544 2539 dicensibus,
582 2482 642 2529 et
674 2472 996 2544 quibusdam
1042 2473 1279 2529 decretis
1329 2471 1511 2528 Siricii
1564 2487 1718 2544 papa:
1755 2488 1823 2528 cx

208 2565 356 2621 illius
384 2564 625 2635 epistola
658 2566 726 2619 ad
754 2565 1042 2635 episcopos
1069 2564 1355 2622 Africanos
1380 2566 1579 2636 scripta
1602 2606 1618 2632 ,
1651 2565 1746 2621 sed
1770 2574 1826 2621 ct
1874 2602 1879 2606 -

207 2654 489 2711 Africanis
516 2695 533 2721 ,
591 2653 1219 2726 Carthaginensibusque
1286 2655 1551 2712 conciliis.
1626 2656 1826 2712 Habuit

204 2745 356 2800 enim
386 2743 639 2801 Ecclesia
678 2743 933 2800 Africana
960 2752 1167 2801 certam
1204 2751 1261 2801 et
1285 2754 1565 2819 receptam
1604 2760 1824 2803 suarum

208 2837 554 2908 synodorum
582 2837 981 2905 collectionem,
1014 2836 1396 2895 Africanorum
1424 2854 1697 2895 canonum
1725 2853 1827 2894 no-

162 2978 165 2981 .
209 2928 357 2983 mine
383 2943 416 2983 a
460 2928 701 2984 concilio
728 2927 1146 2999 Carthaginensi
1176 2928 1472 2985 universali
1499 2928 1671 2984 totius
1688 2928 1826 2983 dite-

207 3035 413 3077 ccseus
438 3018 641 3075 Africa:
668 3020 987 3091 probatam,
1022 3021 1277 3091 illiusque
1304 3022 1445 3077 actis
1489 3022 1747 3077 insertam
1770 3021 1824 3091 (a

208 3112 372 3169 nobis
415 3110 618 3167 Latine
662 3121 719 3167 et
745 3110 967 3179 Graece,
994 3112 1098 3168 sub
1125 3111 1284 3168 titulo
1305 3110 1522 3169 Codicis
1541 3111 1825 3168 Canonum

1928 1917 1984 1970 in
2023 1933 2125 1987 quo
2164 1916 2292 1972 bene
2337 1921 2497 1988 uixit,
2550 1923 2797 1991 spreverit
2834 1963 2852 1991 ,
2891 1924 3068 1979 dicens
3094 1966 3111 1993 ,
3154 1926 3275 1997 quia
3314 1942 3420 1981 non
3459 1928 3528 1981 sit
3624 1938 3625 1943 ‘

1925 2005 2096 2071 portio
2132 2007 2189 2060 in
2217 2006 2312 2060 illa
2342 2008 2565 2063 caelestis
2595 2012 2741 2082 regni
2766 2011 2965 2083 gloria,
2989 2015 3078 2086 qui
3110 2016 3265 2085 fuerit
3285 2017 3528 2088 conjugio

1927 2096 2225 2163 copulatus,
2257 2098 2542 2153 anathema
2571 2102 2658 2155 sit.
2699 2100 2807 2156 Sed
2830 2113 2886 2158 et
2912 2104 3105 2174 synodi
3126 2106 3371 2175 quaedam
3398 2106 3528 2162 Gal-

1926 2185 2119 2242 licanae
2148 2229 2164 2254 ,
2216 2196 2278 2244 ut
2332 2189 2641 2257 Valentina,
2691 2191 3012 2263 Rbegensis,
3080 2196 3412 2253 Arelatensis
3458 2213 3522 2264 Il,

1926 2275 2362 2347 Agathensis,ct
2390 2279 2722 2349 Epaonensis
2745 2324 2762 2350 ,
2789 2285 2961 2339 citant
2989 2300 3229 2342 canones
3253 2286 3524 2351 Nicenos,

1930 2366 2250 2438 Ancyranos
2276 2411 2292 2434 ,
2327 2377 2384 2423 et
2427 2368 2791 2428 Laodicenses
2812 2414 2828 2439 ,
2870 2389 2936 2429 ex
2968 2375 3143 2431 veteri
3173 2377 3529 2433 translatione

1929 2454 2076 2525 apud
2104 2455 2288 2513 Gallos
2319 2467 2448 2516 tunc
2466 2469 2688 2530 recepta
2714 2501 2733 2528 ,
2775 2478 2898 2533 quze
2925 2465 3066 2536 apud
3096 2464 3357 2523 lsidorum
3387 2468 3530 2524 Mer-

1928 2553 2171 2601 catorem
2224 2549 2532 2617 reperitur,
2572 2565 2679 2619 qua
2731 2566 2950 2623 semper
2998 2555 3223 2612 liberius
3270 2558 3351 2612 usi
3404 2572 3530 2615 sunt

1927 2650 2092 2707 quam
2134 2637 2495 2709 Dionysiana,
2524 2654 2695 2710 usque
2723 2641 2795 2697 ad
2821 2642 3002 2700 Caroli
3031 2645 3209 2716 Magni
3245 2654 3486 2718 tempora
3506 2688 3523 2715 ,

1926 2729 2017 2786 cui
2043 2727 2162 2800 ejus
2206 2731 2485 2802 exemplar
2509 2732 2750 2788 oblatum
2779 2743 2864 2790 est
2889 2736 2959 2791 ab
2988 2735 3263 2795 Hadriano
3292 2754 3432 2811 papa
3459 2739 3480 2796 Ι
3506 2782 3524 2809 ,

1928 2827 1986 2875 et
2010 2817 2265 2891 deinceps
2288 2818 2615 2894 Dionysiana
2641 2824 2734 2880 illa
2755 2824 2810 2881 in
2837 2840 3040 2900 corpus
3062 2843 3335 2887 canonum
3359 2834 3529 2888 inter-

1929 2910 2257 2980 pretatione,
2291 2910 2664 2985 Africanisque
2690 2918 3011 2987 canonibus,
3040 2928 3097 2976 ct
3118 2921 3353 2979 decretis
3379 2926 3528 2995 prio-

1928 3013 2049 3056 rum
2074 3000 2391 3071 pontiﬁcum
2419 3003 2785 3063 Romanorum
2825 3024 2858 3064 a
2888 3009 3144 3082 Dionysio
3164 3010 3376 3083 Exiguo
3403 3016 3525 3071 col-

1928 3088 2084 3149 lectis
2105 3102 2371 3164 perpetuo
2404 3096 2487 3151 usi
2509 3104 2635 3152 sunt
2663 3114 2679 3152 :
2709 3099 2855 3169 quod
2884 3100 2939 3156 in
2969 3102 3216 3159 conciliis
3239 3103 3530 3162 Gallicanis

211 3199 477 3259 Ecclesia:
504 3201 774 3258 Africanae
818 3217 964 3259 anno
992 3201 1134 3258 1615
1170 3201 1374 3258 editam
1398 3242 1414 3269 ,
1446 3202 1605 3271 cujus
1630 3216 1827 3258 novam

1934 3184 2032 3284 sub
2052 3183 2329 3244 Ludovico
2353 3187 2447 3244 Pio
2474 3189 2823 3262 imperatore,
2850 3194 3172 3267 ueterisque
3197 3196 3531 3269 subsequen-

211 3309 359 3350 nunc
383 3293 696 3351 editionem
718 3293 934 3365 damnis)
963 3309 1128 3366 quam
1166 3293 1460 3366 Dionysius
1486 3293 1726 3364 Exiguus
1771 3295 1825 3350 in
1865 3276 1901 3284 ’
1933 3276 2075 3331 “bus
2093 3284 2388 3335 ουδθΐνπθ
2414 3279 2563 3336 licet.

212 3403 309 3444 sua
336 3385 686 3465 collectione
712 3387 933 3456 posuit,
978 3395 1035 3441 ct
1063 3386 1303 3459 synodus
1340 3374 1597 3442 'l'i-ullana
1625 3385 1830 3443 contir-

216 3479 409 3534 mavit.
448 3478 647 3533 Postea
688 3492 825 3534 vero
848 3518 864 3543 ,
893 3475 1289 3534 Collectionem
1331 3491 1602 3533 canonum
1648 3484 1706 3532 et
1731 3477 1830 3532 de-

214 3577 497 3627 cretorum
512 3567 835 3640 pontiﬁcum
853 3583 884 3622 a
913 3567 1169 3639 Dionysio
1192 3565 1402 3639 Exiguo
1429 3567 1827 3633 concinnatam,

213 3661 284 3715 ab
311 3660 435 3731 ipsa
488 3658 746 3715 Africana
786 3657 1029 3715 Ecclesia
1082 3665 1361 3729 receptam
1411 3654 1579 3712 fuisse
1626 3655 1832 3712 indicat

213 3749 562 3806 Breviarium
587 3790 605 3817 ,
632 3762 731 3804 seu
752 3746 1058 3805 Concordia
1088 3763 1356 3803 canonum
1384 3746 1662 3804 Cresconii
1691 3746 1834 3801 Afri-

213 3840 337 3896 cani
395 3839 667 3910 episcopi,
722 3854 844 3910 qua:
896 3839 1114 3895 circiter
1155 3852 1355 3893 annum
1387 3836 1491 3891 698
1519 3839 1743 3908 scripta,
1776 3848 1832 3892 et

214 3941 330 3987 tota
359 3948 431 3988 ex
460 3930 788 4002 Dionysiana
818 3929 1156 3985 Collectione
1185 3942 1444 3999 expressa
1474 3936 1575 3983 cst.
1611 3926 1720 3983 Sed
1762 3927 1831 3984 de

216 4026 299 4079 bis
331 4026 587 4095 pluribus
609 4026 663 4079 in
696 4024 1015 4095 prmlatione
1043 4023 1110 4079 ad
1128 4022 1387 4079 Codicem
1417 4021 1697 4078 Cannnum
1727 4020 1834 4078 Ec-

216 4115 400 4169 clesia:
426 4113 724 4168 Africanas.

287 4203 576 4259 Gallicana
608 4204 773 4257 ctiam
816 4200 1057 4258 Ecclesia
1089 4200 1259 4257 vett-ri
1281 4201 1404 4271 jure
1439 4200 1707 4257 canonico
1736 4214 1833 4257 usa

216 4303 325 4361 cst,
352 4304 601 4367 quatuor
630 4294 887 4350 videlicet
916 4295 1156 4365 priorum
1187 4295 1541 4349 conciliorum
1595 4303 1836 4349 meume-

218 4390 495 4455 nicorum,
527 4394 586 4441 et
603 4388 817 4441 caeteris
839 4387 907 4442 ab
936 4386 1003 4442 iis
1026 4384 1392 4453 conﬁrmatis,
1422 4393 1480 4441 et
1499 4386 1567 4441 ab
1589 4384 1831 4441 Ecclesia

221 4480 478 4535 universa
522 4478 799 4547 receptis;
833 4492 943 4532 non
966 4486 1147 4532 tamen
1189 4492 1258 4532 ex
1302 4476 1632 4550 Dionysiana
1661 4477 1834 4533 inter-

2000 3366 2172 3440 ldque
2223 3379 2413 3441 aperte
2461 3371 2666 3429 indicat
2714 3374 3038 3434 Hincmarus
3079 3376 3399 3438 Rhcmeusis
3441 3398 3531 3438 ar-

1886 3508 1887 3513 η
1926 3460 2307 3532 cbiepiscopus
2332 3505 2347 3531 ,
2397 3464 2491 3533 qui
2520 3466 2622 3523 sub
2649 3465 2850 3524 Carolo
2874 3470 3045 3526 Calvo
3094 3473 3228 3543 imp.
3260 3475 3396 3529 vixit
3418 3514 3436 3540 ,
3469 3477 3528 3531 in

1933 3556 2197 3626 opusculo
2226 3556 2487 3614 adversus
2529 3558 2877 3617 llincmarum
2917 3562 3332 3623 Laudunensem
3372 3567 3527 3640 (Cap.

1930 3646 2047 3718 45),
2079 3648 2162 3702 bis
2190 3649 2372 3704 verbis
2402 3667 2415 3703 :
2450 3649 2553 3715 Qui
2578 3663 2699 3706 sunt
2729 3654 2809 3708 illi
2837 3672 2962 3726 quos
2983 3666 3034 3711 et
3060 3661 3346 3727 apostolica
3362 3662 3528 3729 sedes,

1931 3747 1983 3792 et
2024 3753 2201 3792 omites
2249 3740 2478 3810 episcopi
2526 3758 2618 3812 per
2671 3745 2963 3799 uniuersum
3010 3746 3219 3817 orbem,
3261 3756 3311 3802 et
3357 3752 3528 3806 omnis

1932 3825 2171 3882 Ecclesia
2198 3830 2459 3885 catholica
2483 3848 2712 3888 canones
2725 3834 3225 3909 appellant?quique
3253 3856 3285 3894 a
3307 3839 3361 3894 Ν
3366 3843 3528 3897 ictenn

1932 3919 2182 3985 concilio,
2214 3920 2352 3992 quod
2387 3920 2613 3992 p:imum
2644 3924 2699 3977 in
2750 3928 2942 3981 nostris
2983 3928 3247 3985 codicibus
3288 3948 3416 4001 quos
3465 3931 3529 3987 ab

1934 4012 2223 4082 apostolica
2260 4013 2381 4067 sede
2419 4015 2643 4085 majores
2674 4018 2838 4071 nostri
2872 4030 3182 4088 acceperunt
3204 4023 3490 4095 sequendos
3511 4062 3530 4092 ,

1933 4119 2029 4174 per
2076 4105 2312 4160 ordinem
2354 4123 2514 4177 usque
2544 4107 2616 4161 ad
2643 4109 2948 4180 Africanum
2985 4113 3281 4183 concilium,
3318 4132 3412 4185 pro
3440 4131 3528 4169 ca-

1933 4196 2157 4252 nonibus
2210 4200 2552 4271 recipiendis,
2590 4204 2896 4258 venerandis
2949 4214 2999 4258 et
3035 4205 3370 4262 observandis
3408 4210 3525 4264 reti-

1935 4298 2080 4343 nent.
2110 4286 2178 4342 Et
2205 4290 2367 4359 paulo
2391 4299 2515 4360 post
2541 4291 2610 4346 de
2638 4290 2872 4348 decretis
2908 4292 3226 4363 pontiﬁcum
3252 4295 3480 4366 loquens
3512 4313 3529 4352 :

1941 4377 2127 4434 Pande
2156 4381 2338 4444 nobis,
2370 4397 2666 4453 quaesumus
2684 4420 2700 4446 ,
2744 4384 2870 4454 quid
2899 4400 3109 4442 censeas
3150 4386 3215 4441 de
3241 4404 3419 4443 eorum
3441 4391 3535 4445 de-

1937 4473 2089 4525 cretis
2128 4473 2215 4543 qui
2255 4483 2370 4543 post
2402 4472 2685 4529 Nictenum
2723 4477 3023 4544 concilium,
3061 4488 3112 4533 et
3139 4480 3248 4535 alia
3275 4483 3534 4540 catholica

221 4568 569 4637 pretatione,
600 4566 697 4620 sed
726 4580 794 4620 ex
821 4565 992 4621 altera
1016 4567 1334 4630 vetustiore,
1365 4567 1454 4622 illa
1481 4567 1687 4623 scilicet
1713 4580 1835 4637 quae
1865 4588 1917 4649 Β
1939 4565 2194 4629 concilia,
2232 4565 2552 4621 observanda
2583 4567 2866 4624 decretalia
2907 4581 3189 4628 constttuta
3244 4576 3309 4631 de
3341 4579 3535 4635 eisdem

224 4661 463 4716 habetur
492 4659 549 4713 in
576 4657 903 4714 collectione
939 4673 1061 4730 qua:
1081 4657 1273 4714 lsidori
1298 4658 1616 4716 Mercatoris
1636 4674 1835 4715 nomen

223 4752 471 4825 praefert,
504 4751 561 4806 in
590 4750 831 4807 editione
855 4748 1226 4808 Conciliorum
1254 4751 1585 4808 Coloniensi.

290 4844 517 4901 Codicis
562 4851 742 4899 autem
771 4842 1055 4899 Canonum
1094 4841 1356 4899 Ecclesia:
1392 4842 1688 4899 Gallicana:
1718 4857 1837 4899 meo

225 4938 380 4993 ruinit
422 4934 673 5009 synodus
712 4934 1057 5000 Parisiensis,
1109 4936 1163 4991 in
1204 4950 1366 4991 causa
1394 4931 1697 4991 Pretestati
1727 4934 1841 4991 Ro-

226 5027 606 5095 thomagensis
633 5026 903 5097 episcopi,
948 5025 1092 5095 apud
1124 5025 1443 5095 Gregorium
1465 5024 1837 5082 Turoneusem

227 5119 370 5189 (Lib.
400 5135 439 5173 ν
464 5156 481 5182 ,
514 5134 565 5172 ε.
596 5116 689 5189 18)
715 5160 729 5185 ,
761 5119 855 5189 qui
880 5116 1095 5173 Librum
1123 5117 1399 5173 Canonum
1423 5126 1581 5174 vocat
1604 5160 1620 5186 ,
1647 5119 1699 5172 in
1727 5132 1837 5187 quo

228 5224 433 5265 novum
478 5223 770 5273 canonem,
823 5208 976 5278 quasi
1033 5209 1395 5279 apostolicum
1447 5223 1478 5263 a
1532 5205 1839 5278 Chilperico

228 5313 355 5369 rege
405 5312 689 5353 annexum
737 5298 951 5368 ait,qui
1000 5298 1054 5353 in
1106 5298 1276 5353 veteri
1319 5297 1520 5353 Codice
1555 5296 1838 5353 Canonum

227 5391 489 5448 Ecclesia:
531 5390 798 5445 universae
825 5406 933 5445 non
958 5399 1113 5446 erat:
1148 5388 1272 5459 Ipse
1299 5407 1414 5445 vero
1437 5390 1833 5462 (Chilpericus)

200 5510 207 5517 ι
231 5482 493 5543 discessit,
520 5481 880 5534 transmittens
917 5479 1139 5535 Librum
1164 5478 1469 5546 Canonum,
1511 5484 1566 5536 in
1591 5498 1691 5555 quo
1721 5490 1837 5536 erat

233 5572 511 5644 quaternio
553 5586 713 5625 nurus
742 5586 996 5636 annexus,
1035 5571 1229 5626 habens
1261 5588 1486 5627 canones
1520 5574 1667 5644 quasi
1705 5590 1836 5644 upo-

234 5662 467 5727 stolicos,
503 5664 833 5716 continentes
860 5663 969 5717 lucc
1006 5679 1024 5717 :
1063 5681 1083 5714 ι
1112 5662 1403 5735 Episcopus
1442 5663 1500 5717 in
1530 5665 1833 5734 homicidio,

230 5755 496 5810 adulterio
524 5762 578 5807 et
596 5753 829 5823 perjurio
855 5753 1222 5825 deprehensus,
1256 5770 1289 5809 α
1313 5755 1604 5812 sacerdotio
1624 5757 1842 5812 diuella-

233 5863 313 5906 tur
334 5846 501 5919 ((Ian.
547 5848 732 5919 Apost.
764 5844 880 5919 25).
913 5866 933 5901 ι
980 5845 1134 5904 Unde
1175 5849 1345 5921 liquet
1375 5864 1613 5907 canones
1639 5850 1732 5923 qui
1754 5850 1838 5908 di-

1938 4656 2104 4709 sacris
2132 4655 2415 4711 cauonibus
2438 4659 2769 4728 promulgata
2792 4672 3100 4731 sanxerunt,
3125 4666 3258 4720 sicut
3287 4666 3531 4736 Siricins,

1940 4745 2278 4803 Innocentius
2302 4791 2318 4816 ,
2345 4749 2615 4819 Zosimus,
2661 4750 2994 4825 Bonifacius,
3026 4754 3363 4825 Calatinus,
3391 4760 3533 4827 Leo,

1940 4834 2183 4902 Hilarus,
2213 4839 2578 4910 Symmachus,
2613 4840 2873 4913 Helusius,
2905 4845 3211 4915 Hormisda,
3233 4850 3534 4925 Gregorius,

1939 4937 1989 4984 et
2013 4929 2198 5001 quique
2226 4931 2317 4984 alii
2357 4930 2697 5001 (Anastasius
2739 4936 2947 4993 scilicet
2974 4945 3031 4993 et
3060 4938 3370 5011 Simplicius
3392 4983 3409 5011 ,
3439 4945 3534 5014 qui

1942 5023 1998 5078 in
2028 5021 2352 5094 Dionysiana
2383 5024 2705 5082 collectione
2746 5033 3118 5102 recensentur)
3141 5071 3157 5098 ,
3185 5050 3399 5104 quorum
3442 5037 3536 5091 de-

1939 5122 2085 5169 creta
2117 5113 2349 5169 Ecclesia
2384 5117 2675 5185 catholica,
2708 5128 2760 5174 et
2798 5122 2982 5176 l'atres
3003 5165 3022 5188 ,
3050 5141 3112 5177 ac
3133 5124 3535 5194 praedecessor“

1942 5211 2108 5264 nostri
2137 5212 2391 5265 servantia
2423 5220 2714 5282 tenuerunt,
2746 5225 2795 5271 et
2817 5221 3041 5273 uenerati
3070 5227 3209 5275 sunt.
3236 5218 3313 5275 Ex
3338 5222 3535 5291 quibus

1944 5309 2200 5372 apparet,
2231 5309 2292 5354 ut
2330 5302 2405 5356 ait
2436 5300 2735 5374 Baronius,
2765 5307 3012 5363 hactenus
3038 5328 3141 5366 non
3170 5328 3267 5366 usu
3302 5323 3535 5385 receptas

1942 5392 2190 5457 epistolas
2238 5392 2359 5445 illus
2405 5409 2520 5463 qua!
2548 5404 2669 5448 ante
2694 5395 3000 5453 Silvestrum
3039 5400 3347 5470 (legendum
3396 5406 3535 5460 Siri-

1943 5485 2103 5553 cium)
2133 5483 2455 5539 diuersorum
2474 5487 2782 5557 pontiﬁcum
2823 5487 3182 5549 Romanorum
3212 5497 3450 5567 feruntur
3469 5497 3534 5552 ab

1946 5574 2158 5632 Isidoro
2203 5577 2453 5633 collectiv.
2511 5578 2686 5649 Atque
2720 5580 2789 5636 de
2844 5582 2910 5638 iis
2964 5584 3366 5658 intelligendum
3415 5600 3531 5657 cst,

1944 5667 2093 5739 quod
2115 5668 2244 5723 olim
2270 5670 2337 5725 ab
2378 5669 2648 5741 episcOpis
2675 5669 2862 5729 Galliae
2890 5674 3113 5732 Nicolao
3153 5678 3172 5733 Ι
3204 5696 3355 5751 papm
3400 5685 3536 5737 scri-

1946 5767 2098 5832 ptum
2130 5760 2243 5829 ipsc
2271 5767 2516 5823 testatur,
2549 5761 2828 5818 det-retalia
2847 5766 3133 5835 priscorum
3153 5772 3456 5841 pattli/it'ttm
3479 5773 3535 5826 in

1948 5860 2054 5911 toto
2083 5866 2295 5925 corpore
2323 5848 2527 5910 Codicis
2570 5852 2839 5914 Canonum
2870 5874 2971 5916 non
3001 5861 3219 5917 inueniri
3248 5863 3529 5927 descripta.
