4012 6470
398 303 473 361 39
1658 296 2019 366 DIONYSIUS
2056 303 2380 369 manus.
3020 290 3025 293 ’
3612 293 3682 353 ιο

397 416 667 474 Mercator
683 415 899 475 concilii
924 416 1173 475 Toletani
1193 434 1245 474 st
1269 408 1419 490 (B75)
1440 418 1702 483 meminit,
1734 419 1989 490 illiusque
2015 433 2061 490 Α
2088 430 2139 476 et
2177 438 2243 476 ea:
2268 420 2447 475 eodem
2473 417 2606 476 libro
2634 418 2808 474 decent
2837 415 3087 490 capitula,
3109 430 3223 490 quae
3250 432 3342 489 per
3381 408 3496 474 loca
3523 424 3682 472 nota-

398 508 652 564 eollcctio
675 525 705 563 a
722 509 1023 565 canonihus
1050 509 1421 579 apostolorum
1448 510 1790 579 protenditur
1819 525 1992 581 usque

394 600 466 654 ad
488 602 777 658 concilium
804 602 1123 658 Toletanum
1152 618 1245 658 xn.
1288 603 1424 659 lluic
1444 605 1610 660 etiam
1642 607 1830 661 inserti
1861 616 1991 664 sunt

394 704 638 747 canones
687 692 755 747 ab
808 691 1410 763 Hadrianolpontiﬁce
1455 693 1694 762 collecti,
1729 705 1784 751 et
1813 695 1988 765 [siger

395 797 589 840 ramno
617 782 1037 840 Mediomatric'e
1056 785 1204 841 urbis
1224 785 1483 855 episcopo
1511 786 1718 842 traditi.
1754 785 1905 842 Unde
1926 788 1993 842 li-

395 881 527 939 quet
553 872 693 929 hanc
717 873 1095 931 collectionem
1139 891 1249 931 non
1292 890 1413 933 esse
1441 876 1630 933 lsidori
1658 877 1992 948 llispalensis

396 962 665 1032 episcopi,
695 972 752 1016 ut
773 964 922 1018 multi
950 966 1170 1021 nomine
1186 967 1397 1037 decepti
1418 982 1701 1038 perperam
1721 978 1848 1027 sunt
1874 970 1994 1040 opi-

397 1055 538 1116 nati,
587 1055 683 1110 sed
713 1056 858 1111 illius
883 1055 1073 1113 lsidori
1110 1067 1474 1128 cognomento
1513 1058 1849 1117 Mercatoris.
1892 1060 1993 1117 lsi-

396 1144 562 1199 dorus
591 1145 734 1200 enim
772 1146 1126 1215 Hispalensis,
1155 1157 1213 1203 ut
1242 1155 1515 1206 testantur
1543 1149 1818 1219 Hispanici
1858 1152 1992 1208 scri-

398 1242 602 1302 ptores,
636 1242 882 1291 mortuus
908 1243 995 1290 est
1020 1252 1163 1292 anno
1187 1236 1312 1292 655.
1356 1237 1431 1293 Ex
1462 1241 1835 1309 superioribus
1860 1256 1991 1297 vero

398 1333 613 1379 constat
667 1325 928 1382 lsidorum
976 1327 1331 1383 Mercatorem
1372 1329 1569 1386 vixisse
1611 1330 1757 1387 circa
1808 1330 1991 1387 Caroli

398 1416 575 1487 Magni
596 1430 652 1475 ct
680 1419 932 1477 Hadriani
960 1422 979 1476 l
1006 1424 1270 1493 pontilicis
1294 1433 1556 1493 tempora,
1581 1439 1809 1492 quorum
1830 1432 1992 1480 aetate

399 1509 544 1566 illius
571 1511 824 1569 collectio
880 1514 933 1568 in
958 1513 1131 1569 Gallia
1163 1514 1394 1584 primunt
1440 1516 1781 1571 innotescere
1804 1516 1985 1585 cmpit,

397 1616 518 1671 qua:
546 1610 701 1657 aucta
747 1603 1038 1659 multorum
1076 1620 1345 1660 canonum
1375 1607 1687 1662 accessione
1709 1607 1761 1661 in
1790 1622 1988 1662 nomen

398 1692 531 1749 illud
561 1695 805 1763 transiit,
857 1697 1105 1752 utetiam
1144 1696 1309 1753 Lmen
1351 1713 1448 1753 seu
1493 1698 1705 1755 Consus
1728 1697 1989 1755 Cnoson

398 1784 707 1849 diceretur;
738 1787 817 1842 sic
845 1786 988 1842 enim
1035 1788 1198 1843 habet
1249 1788 1393 1844 illius
1436 1789 1718 1858 inscriptio
1765 1789 1820 1844 in
1866 1804 1991 1846 meo

397 1875 590 1930 codice
626 1890 764 1932 ms:
810 1875 1007 1948 Incipit
1041 1877 1171 1934 liber
1205 1881 1294 1950 qui
1334 1879 1630 1952 appellatur
1656 1880 1869 1937 Conws
1894 1896 1989 1937 cs-

399 1979 600 2021 NONUM.

478 2055 553 2111 Dc
582 2054 781 2115 Codice
807 2057 1087 2116 Canonum
1116 2058 1369 2119 Ecclesia:
1406 2061 1726 2119 Britannica:
1751 2077 1848 2120 seu
1877 2062 1993 2119 An-

398 2142 623 2215 glicana:
646 2150 949 2206 testimonia
978 2151 1222 2220 quaedam
1245 2159 1461 2210 exstant
1496 2153 1639 2224 apud
1674 2168 1856 2209 rerum
1876 2152 1995 2210 Bri-

402 2238 741 2294 tannicarum
789 2242 1102 2310 scriptores.
1157 2242 1406 2312 Legimus
1452 2245 1598 2299 enim
1646 2242 1991 2300 Theodon

399 2328 874 2399 archiepiscopum
922 2331 1369 2389 Cantuat'iensem
1435 2334 1632 2390 librum
1678 2334 1991 2405 scripsisse,

399 2417 490 2484 qui
522 2415 744 2473 Pnnuu
771 2419 1017 2476 Csuoxes
1047 2422 1363 2490 vocabatur,
1395 2423 1449 2479 in
1476 2425 1709 2481 concilio
1734 2424 1992 2485 llercl‘or-

400 2506 571 2562 diensi
603 2506 753 2579 (675)
786 2511 1095 2579 probatum,
1128 2520 1190 2565 ut
1226 2512 1371 2566 illius
1400 2519 1523 2568 acta
1554 2522 1822 2570 testantur
1849 2514 1992 2584 apud

399 2596 624 2667 Bedam,
653 2599 803 2654 Anno
826 2601 999 2665 tertio,
1030 2600 1223 2671 inquit,
1253 2600 1492 2674 Ecgfridi
1513 2605 1668 2675 regis,
1696 2603 1994 2659 Theodorus

398 2691 535 2760 cogit
558 2692 833 2746 concilium
859 2692 1236 2762 episcoporum,
1259 2709 1365 2747 una
1392 2709 1507 2747 cum
1528 2695 1602 2748 eis
1631 2696 1717 2764 qui
1740 2695 1994 2749 canonica

400 2778 620 2836 Patrum
668 2791 867 2837 statuta
918 2783 1201 2854 deligerent
1240 2793 1291 2837 et
1318 2794 1550 2839 nossent.
1586 2784 1651 2839 Et
1679 2785 1842 2855 paulo
1869 2794 1995 2856 post

400 2870 567 2943 ipsius
589 2870 859 2928 Theodori
882 2874 1043 2928 verba
1067 2872 1326 2942 referens,
1344 2877 1436 2944 qui
1464 2874 1590 2930 huic
1602 2876 1836 2931 concilio
1856 2890 1994 2947 pra:-

399 2958 501 3016 fuit
532 2978 545 3015 :
594 2959 764 3031 Rogo,
795 2961 1115 3018 dilectissimi
1141 2967 1355 3034 fratres,
1378 2975 1433 3018 ut
1461 2980 1673 3036 quaeque
1695 2965 1900 3020 decreta
1929 2983 1994 3020 ac

399 3049 618 3121 deﬁnita
636 3060 757 3105 sunt
777 3067 811 3105 a
828 3053 1023 3107 sanctis
1046 3052 1311 3121 Patribus,
1335 3056 1636 3126 incorrupta
1662 3057 1728 3110 ab
1755 3055 1992 3112 omnibus

399 3140 548 3196 nobis
575 3152 856 3199 serventur.
879 3139 1070 3199 Omnes
1097 3147 1490 3201 consacerdotes
1518 3149 1681 3202 nostri
1713 3147 1988 3202 dixerunt:

402 3230 610 3302 Optime
635 3232 872 3286 omnibus
900 3236 1086 3303 placet,
1110 3250 1322 3306 queque
1351 3235 1662 3307 deﬁnierunt
1694 3246 1991 3293 sanctorum

400 3337 625 3375 canones
646 3320 884 3386 Patrum,
910 3340 1003 3376 nos
1029 3340 1226 3395 quoque
1252 3341 1430 3379 omnes
1450 3326 1613 3381 alacri
1644 3328 1819 3382 animo
1840 3327 1999 3382 liben-

402 3413 596 3466 tissime
614 3429 837 3467 servare.
856 3410 1051 3478 Quibus
1073 3416 1250 3468 statim
1278 3416 1472 3485 protuli
1492 3416 1681 3470 librum
1703 3415 1994 3481 Canonum,

2094 527 2286 574 veram,
2302 512 2423 583 quia
2446 510 2593 567 nobis
2620 512 2847 565 maxime
2873 510 3169 565 necessaria
3189 508 3435 576 sciebam,
3462 508 3571 563 illis
3589 522 3681 565 co-

2091 619 2209 657 ram
2230 603 2452 658 ostendi.
2475 602 2605 669 Qua:
2632 603 2847 672 quidem
2872 601 3105 673 capitula
3135 601 3251 672 ipse
3276 600 3418 655 Beda
3444 599 3680 669 subjicit.

2058 716 2063 717 ί
2093 694 2200 749 Sed
2220 702 2276 749 et
2295 694 2621 750 vetustiores
2642 701 2698 749 et
2717 695 3050 749 recentiores
3069 692 3399 764 synodorum
3425 692 3682 748 Ecclesite

2096 786 2418 841 Britannica:
2446 799 2686 841 canones
2713 793 2935 841 exstant
2975 785 3030 840 in
3055 785 3291 840 editione
3319 784 3683 840 Conciliorunt

2095 877 2297 946 Anglia:
2321 876 2386 932 ll.
2417 876 2733 947 Spelmanni
2763 875 2860 931 viri
2898 876 3203 942 clarissimi,
3235 891 3305 932 ex
3340 877 3537 946 quibus
3564 876 3682 947 pla-

2094 984 2222 1024 num
2259 977 2343 1026 est
2372 969 2573 1025 Gratcis
2612 969 2930 1035 canonibus,
2963 967 3259 1038 Africanis,
3312 976 3369 1026 et
3394 968 3685 1027 Gallicanis

2095 1058 2295 1128 Anglos
2320 1075 2448 1115 usos
2475 1059 2658 1115 fuisse.

2162 1151 2303 1206 Sunt
2342 1160 2398 1206 et
2440 1151 2562 1206 alia:
2607 1150 2814 1207 Latinae
2841 1151 3194 1209 collectiones
3221 1168 3515 1221 canonum,
3548 1154 3685 1210 Bur—

2093 1241 2280 1296 chardi
2331 1242 2533 1298 scilicet
2572 1242 3000 1299 ‘Wortnatiensis
3047 1244 3328 1314 episcopi,
3406 1254 3463 1300 et
3508 1244 3685 1302 lvonis

2094 1332 2465 1401 Carnotensis,
2493 1350 2612 1404 qua:
2645 1336 2745 1391 sub
2774 1336 2930 1392 titulo
2958 1337 3309 1392 Decretorum
3357 1337 3513 1401 edita:
3536 1346 3682 1393 sunt.

2095 1422 2336 1493 Denique
2363 1423 2651 1481 Gratianus
2696 1424 3051 1481 Bononiensis
3094 1427 3409 1495 monachus,
3444 1428 3684 1484 omnium

2093 1511 2459 1568 Collectorum
2486 1529 2755 1571 canonum
2786 1516 3129 1584 novissimus,
3160 1518 3261 1574 sub
3301 1517 3618 1574 lnnocentio
3640 1518 3685 1573 ll

2093 1621 2231 1676 papa
2275 1605 2552 1662 decretum
2607 1609 2915 1677 composuit
2950 1624 3017 1664 ex
3063 1609 3266 1665 Grmcis
3313 1619 3370 1666 et
3398 1612 3683 1679 Africanis,

2095 1696 2320 1765 aliisque
2345 1698 2660 1764 canonibus,
2692 1706 2748 1753 et
2783 1698 3016 1754 decretis
3063 1698 3371 1770 pontiﬁcum
3401 1700 3558 1757 Rom.
3590 1717 3688 1757 vc-

2098 1792 2381 1857 terutnque
2400 1784 2619 1841 Patrum
2643 1788 2928 1842 sententiis
2947 1789 3231 1844 collectum
3254 1788 3418 1861 (quod
3441 1791 3688 1848 absolute

2090 1873 2179 1943 jus
2202 1876 2525 1931 canonicum
2551 1877 2667 1932 sive
2690 1877 3025 1947 pontiﬁcium
3072 1880 3460 1951 nuncupatur),
3491 1880 3560 1936 ab
3581 1878 3685 1937 Ec-

2093 1966 2260 2022 clesia
2314 1965 2557 2022 Romana
2606 1968 2890 2038 probatum
2937 1975 2994 2022 et
3039 1967 3415 2024 conﬁrmatum
3440 2012 3456 2037 ,
3528 1971 3686 2040 cujus

2088 2054 2213 2124 jure
2252 2071 2443 2113 omnes
2493 2057 2877 2113 controversia:
2918 2057 3298 2114 ecclesiasticas
3335 2058 3497 2115 hodie
3536 2060 3684 2130 judi-

2092 2152 2306 2200 cantur.

2167 2237 2345 2306 Atque
2392 2236 2509 2294 hac
2534 2238 2677 2295 dicta
2706 2238 2817 2294 sint
2841 2237 2911 2294 de
2953 2238 3126 2295 veteri
3172 2237 3376 2295 Codice
3400 2237 3685 2296 Canonum

2096 2326 2351 2382 Ecclesia:
2381 2328 2661 2394 universm,
2694 2327 2919 2397 ejusque
2946 2329 3359 2384 conﬁrmatione
3401 2337 3457 2384 et
3494 2338 3685 2385 aucto-

2096 2417 2275 2482 ritate,
2303 2415 2550 2488 jurisque
2601 2418 2845 2474 canonici
2888 2420 3097 2487 origine
3139 2429 3195 2474 et
3230 2432 3538 2490 progressu,
3572 2429 3683 2476 tam

2096 2505 2149 2558 in
2171 2504 2392 2560 Oriente
2434 2521 2598 2576 quam
2627 2507 2681 2560 in
2710 2504 3019 2574 Occidente,
3045 2506 3353 2578 Grazeisque
3390 2524 3455 2565 ac
3480 2508 3685 2566 Latinis

2096 2597 2325 2654 vetustis
2351 2605 2410 2652 et
2464 2599 2858 2654 recentioribus
2896 2615 3166 2656 canonum
3218 2602 3601 2659 eollectoribus
3627 2610 3687 2660 et

2095 2689 2654 2760 interpretationibus.
2705 2689 2845 2759 Quid
2874 2701 3055 2748 autem
3086 2693 3140 2747 in
3167 2692 3329 2762 hujus
3356 2693 3539 2765 operis
3564 2694 3684 2750 edi-

2095 2779 2245 2833 tione
2274 2779 2701 2849 praestiterimus,
2724 2794 2813 2837 res
2838 2781 2955 2851 ipsa
2984 2783 3293 2852 patefaciet.
3312 2782 3453 2838 Sane
3474 2792 3685 2840 textum

2091 2869 2337 2927 Graecum
2361 2887 2655 2943 canonum,
2676 2887 2746 2929 ex
2773 2872 2919 2929 edito
2946 2873 3134 2929 codice
3160 2872 3317 2930 Joan.
3367 2873 3511 2940 'l‘ilii,
3542 2875 3685 2931 bona

2095 2963 2199 3020 ﬁde
2225 2964 2611 3034 exscripsimus
2636 2982 2652 3030 ;
2681 2972 2740 3020 et
2777 2964 2903 3034 quia
2935 2966 3121 3020 multis
3144 2966 3199 3020 in
3237 2965 3370 3022 locis
3392 2966 3685 3022 mendosus

2092 3061 2232 3122 erat,
2263 3053 2475 3109 collatis
2502 3054 2748 3125 plurimis
2768 3054 3079 3110 Graecorum
3108 3070 3377 3111 canonum
3404 3056 3686 3125 exempla-

2094 3144 2245 3201 ribus
2264 3144 2423 3200 editis
2445 3154 2503 3201 et
2522 3159 2685 3200 manu
2706 3146 2959 3211 exaratis,
2984 3153 3238 3202 accurate
3258 3146 3680 3213 etnendavimus,

2095 3236 2473 3305 variantesque
2486 3236 2746 3293 lecﬁones
2765 3236 3129 3307 ascripsimus,
3149 3254 3216 3293 ac
3231 3237 3421 3293 Latina
3444 3238 3682 3310 Dionysii

2062 3362 2069 3369 -
2099 3325 2292 3396 Exigui
2322 3327 2771 3397 interpretatione
2791 3328 3011 3383 omnino
3039 3328 3153 3385 fere
3180 3330 3259 3384 usi
3287 3345 3503 3396 sumus;
3530 3340 3685 3387 notas

2098 3419 2333 3487 denique
2352 3426 2409 3474 et
2432 3419 2841 3475 observationes
2867 3420 3128 3490 quasdam
3157 3421 3475 3491 adjecimus.

435 3554 3649 3606 Μ

568 3684 1730 3850 CODEX
1925 3685 3498 3860 CANONUM

1243 3952 1969 4071 ECCLESUE
2051 3955 2852 4076 UNIVERSIE.

998 4234 1555 4345 CONCILII
1630 4234 2119 4343 NICZENI
2198 4236 2949 4347 (ECUMENICI
3027 4242 3073 4347 Ι

1483 4422 1851 4487 canones
1900 4423 2027 4485 xx
2070 4422 2091 4501 (
2135 4440 2244 4486 an.
2286 4426 2437 4490 Chr.
2481 4426 2652 4508 325).

484 4652 547 4713 ά.
573 4652 635 4709 Εἴ
654 4677 734 4718 τις
778 4657 827 4710 ἓν
864 4655 997 4730 νόσῳ
1026 4656 1130 4713 ὑπὸ
1169 4658 1357 4734 ἰατρῶν
1404 4656 1800 4733 ἕχειρουργήθη,
1831 4655 1862 4716 ἦ
1890 4656 1993 4713 ὑπὸ

2169 4657 2210 4712 l.
2226 4656 2283 4714 Si
2307 4658 2498 4730 quisin
2527 4659 2719 4717 morbo
2741 4675 2771 4714 a
2795 4658 3019 4717 medicis
3046 4661 3278 4729 excisus,
3303 4661 3688 4719 velabarbaris

407 4746 683 4822 βαρϐάρων
728 4747 987 4817 ἔξετμήθη.
1016 4742 1169 4807 οὗτος
1212 4751 1403 4819 μενέτω
1448 4748 1496 4800 ἐν
1535 4754 1609 4819 τῷ
1652 4748 1831 4821 κλήρῳ.
1863 4749 1917 4800 Εἰ
1945 4746 1999 4803 δέ

407 4856 483 4895 τις
528 4836 768 4906 ὑγιαίνων
816 4835 998 4892 ἑαυτὸν
1034 4838 1278 4908 ἐξέτεμεν,
1314 4844 1492 4892 τοῦτον
1528 4840 1609 4891 καὶ
1652 4836 1704 4891 ἕν
1731 4842 1803 4909 τῷ
1834 4836 1999 4907 κλήρῳ

405 4928 758 5002 ἐξεταζόμενον
808 4932 1104 4985 πεπαῦσθαι
1146 4935 1425 4999 προσήκει,
1474 4935 1558 4986 καὶ
1604 4931 1659 4985 ἐκ
1716 4936 1805 4987 τοῦ
1850 4928 2002 5006 δεῦρο

408 5020 594 5091 μηδένα
614 5029 714 5077 τῶν
736 5023 977 5078 τοιούτων
996 5045 1037 5093 χ
1043 5031 1187 5098 sirm
1214 5024 1552 5099 προάγεσθαι⁶
1570 5024 1744 5098 ὥσπερ
1765 5020 1818 5077 δὲ
1844 5030 2000 5079 τοῦτο

407 5110 674 5186 πρόδηλον,
709 5112 785 5167 ὃτι
832 5117 951 5185 περὶ
995 5121 1094 5169 τῶν
1136 5113 1526 5171 ἐπιτηδευόντων
1569 5116 1628 5169 τὸ
1665 5119 1886 5189 πρᾶγμα
1915 5117 2002 5169 καὶ

407 5205 706 5273 τολμώντων
729 5206 943 5266 ἑαυτοὺς
973 5207 1233 5278 ferinum,
1260 5204 1479 5281 εἴρηται,
1496 5205 1656 5267 οὕτως
1683 5205 1731 5261 εἴ
1751 5228 1883 5268 τινες
1901 5206 2002 5261 ὑπὸ

411 5293 609 5365 βαρϐἀ..
622 5315 687 5346 ων
715 5294 743 5353 ἦ
773 5294 1032 5350 δεσποτῶν
1081 5298 1487 5366 εὐνουχίσθησαν
1519 5294 2001 5367 [εὼουχισοέντες],

412 5385 721 5456 εὖρίσκοιντο
742 5382 899 5445 ἄλλως
926 5383 1210 5455 ἄξιοι,τούς
1241 5388 1500 5448 τοιούτους
1526 5388 1597 5447 εἰς·
1620 5386 1795 5465 κλῆρον
1824 5406 2002 5463 προσ-

414 5480 545 5529 ίεται
573 5474 599 5529 ὅ
627 5478 806 5529 κανών.

484 5567 552 5635 β’.
579 5566 778 5626 Ἐπιιδὴ
824 5570 981 5624 πολλὰ
1016 5571 1125 5629 ἦτοι
1164 5573 1264 5627 ὑπὸ
1302 5574 1522 5647 ἀνάγκης
1547 5571 1577 5632 ἣ
1604 5570 1762 5634 me);
1799 5574 2003 5645 ἔπειγο-

414 5661 573 5729 μένων
598 5664 696 5712 τῶν
723 5659 997 5734 ἀνθρώπων
1026 5663 1219 5733 ἐγένετο
1260 5665 1401 5740 παρὰ
1446 5665 1533 5719 τὸν
1568 5663 1750 5718 κανόνα
1792 5666 1877 5719 τὸν
1921 5666 2000 5719 ἕκ-

416 5749 794 5819 ιλοσωιστικὸν,
821 5753 952 5809 ὥστε
1001 5755 1292 5830 ἀνθρώπους
1339 5755 1444 5813 ἀπὸ
1482 5754 1670 5811 ἐθνικοῦ
1713 5755 1830 5828 βίον
1878 5753 1999 5833 iter:

2103 4756 2352 4803 exscctus
2378 4757 2481 4816 est,
2513 4748 2559 4805 is
2588 4756 2801 4803 maneat
2829 4749 2883 4802 in
2913 4739 3077 4804 eicio.
3102 4750 3159 4804 Si
3180 4752 3299 4821 quis
3319 4762 3499 4807 autem
3523 4766 3689 4809 sanus

2102 4837 2338 4907 seipsum
2367 4839 2614 4903 abscidit,
2646 4837 2823 4905 hunc,
2854 4840 3017 4894 etiam
3047 4840 3100 4894 in
3126 4842 3272 4897 clero
3312 4846 3685 4911 constitutum,

2102 4928 2375 4984 abstinuere
2401 4929 2672 4996 convenit,
2703 4938 2759 4985 et
2777 4930 3031 5001 deinceps
3050 4932 3256 4988 nullum
3285 4934 3443 4990 talem
3473 4951 3690 5005 promo-

2104 5022 2219 5077 veri
2248 5031 2484 5092 oportet.
2533 5023 2685 5079 Sicut
2710 5032 2892 5079 autem
2919 5025 3022 5081 hoc
3052 5024 3392 5082 manifestum
3416 5038 3516 5092 est,
3544 5028 3691 5098 quod

2104 5112 2171 5168 de
2201 5114 2264 5168 iis
2291 5113 2379 5183 qui
2403 5111 2472 5168 de
2511 5114 2771 5170 industria
2801 5116 2907 5172 hoc
2942 5126 3126 5187 agunt,
3156 5118 3461 5188 audentque
3484 5123 3693 5191 seipsos

2105 5202 2442 5272 abscindere,
2470 5204 2668 5260 dictum
2698 5214 2780 5261 est
2804 5224 2817 5260 :
2854 5207 2927 5262 ita
2956 5209 3003 5263 si
3023 5209 3114 5277 qui
3144 5209 3229 5265 vel
3253 5228 3281 5263 a
3315 5210 3578 5281 barbaris,
3605 5212 3693 5269 vel

2105 5308 2137 5347 a
2178 5290 2409 5347 dominis
2438 5294 2669 5349 eunuchi
2699 5294 2825 5351 facti
2864 5306 3007 5363 sunt,
3041 5299 3160 5353 etii
3200 5299 3399 5369 alioqui
3437 5302 3584 5374 digni
3608 5303 3693 5360 ω.

2106 5383 2413 5455 veniantur,
2442 5385 2578 5442 tales
2600 5386 2652 5441 in
2675 5385 2877 5443 clerum
2902 5386 3137 5444 admittit
3165 5403 3361 5447 canon.

2172 5569 2236 5625 li.
2268 5570 2532 5639 Quoniam
2579 5574 2747 5630 multa
2777 5576 2864 5632 vel
2891 5576 3247 5643 necessitate,
3278 5590 3373 5637 aut
3413 5582 3572 5641 aliter
3598 5599 3697 5641 co.

2101 5663 2353 5733 gentibus
2381 5665 2710 5730 hominibus,
2742 5665 2883 5722 facta
2909 5676 3036 5725 sunt
3075 5678 3275 5741 pnnter
3301 5688 3566 5730 canonetn
3596 5690 3693 5732 cc-

2099 5754 2483 5825 clcsiasticum,
2516 5757 2589 5813 ita
2622 5766 2679 5814 ut
2710 5756 2958 5816 homines
2979 5776 3011 5817 e
3035 5761 3223 5833 gentili
3255 5763 3363 5818 vita
3392 5779 3563 5836 nuper
3593 5780 3692 5823 ac-
