  <div class='ocr_page' id='page_1' title='image "/cluster/home/n/w/nwhite01/storage/ocr_20150623/67/umn.31951002477360y/034.png"; bbox 0 0 4012 6494; ppageno 0'>
   <div class='ocr_carea' id='block_1_1' title="bbox 262 341 3555 407">
    <p class='ocr_par' dir='ltr' id='par_1_1' title="bbox 262 341 3555 407">
     <span class='ocr_line' id='line_1_1' title="bbox 262 341 3555 407; baseline 0.001 -6"><span class='ocrx_word' id='word_1_1' title='bbox 262 346 329 401; x_wconf 73' lang='grc' dir='ltr'><strong>«Η</strong></span> <span class='ocrx_word' id='word_1_2' title='bbox 1199 346 1423 403; x_wconf 73' lang='lat' dir='ltr'><strong>CODEX</strong></span> <span class='ocrx_word' id='word_1_3' title='bbox 1462 346 1791 401; x_wconf 68' lang='lat' dir='ltr'><strong>(lANONUM</strong></span> <span class='ocrx_word' id='word_1_4' title='bbox 1838 347 2204 404; x_wconf 67' lang='lat' dir='ltr'><strong>UNIVERSJE</strong></span> <span class='ocrx_word' id='word_1_5' title='bbox 2248 349 2622 407; x_wconf 74' lang='lat' dir='ltr'><strong>ECCLESLE.</strong></span> <span class='ocrx_word' id='word_1_6' title='bbox 3488 341 3555 395; x_wconf 68' lang='lat'><strong>4‘3</strong></span> 
     </span>
    </p>
   </div>
   <div class='ocr_carea' id='block_1_2' title="bbox 257 455 1861 545">
    <p class='ocr_par' dir='ltr' id='par_1_2' title="bbox 257 455 1856 545">
     <span class='ocr_line' id='line_1_2' title="bbox 257 455 1856 545; baseline -0.008 -23"><span class='ocrx_word' id='word_1_7' title='bbox 257 466 632 545; x_wconf 77' lang='grc' dir='ltr'>προσελθοντας</span> <span class='ocrx_word' id='word_1_8' title='bbox 662 471 724 537; x_wconf 77' lang='grc' dir='ltr'>τῇ</span> <span class='ocrx_word' id='word_1_9' title='bbox 752 464 943 525; x_wconf 83' lang='grc' dir='ltr'><strong>πίστει,</strong></span> <span class='ocrx_word' id='word_1_10' title='bbox 969 465 1052 513; x_wconf 81' lang='grc' dir='ltr'><strong>καί</strong></span> <span class='ocrx_word' id='word_1_11' title='bbox 1081 461 1128 512; x_wconf 85' lang='grc' dir='ltr'><strong>ἐν</strong></span> <span class='ocrx_word' id='word_1_12' title='bbox 1158 459 1309 529; x_wconf 76' lang='grc' dir='ltr'>ὀλίγῳ</span> <span class='ocrx_word' id='word_1_13' title='bbox 1342 455 1518 533; x_wconf 83' lang='grc' dir='ltr'>χρόνῳ</span> <span class='ocrx_word' id='word_1_14' title='bbox 1548 460 1856 530; x_wconf 54' lang='grc' dir='ltr'>κατηχηθὲν-</span> 
     </span>
    </p>
   </div>
   <div class='ocr_carea' id='block_1_3' title="bbox 1973 455 3553 545">
    <p class='ocr_par' dir='ltr' id='par_1_3' title="bbox 1973 460 3553 534">
     <span class='ocr_line' id='line_1_3' title="bbox 1973 460 3553 534; baseline 0.004 -19"><span class='ocrx_word' id='word_1_15' title='bbox 1973 461 2216 515; x_wconf 73' lang='lat' dir='ltr'><strong>cedentes</strong></span> <span class='ocrx_word' id='word_1_16' title='bbox 2248 462 2314 515; x_wconf 88' lang='lat' dir='ltr'><strong>ad</strong></span> <span class='ocrx_word' id='word_1_17' title='bbox 2344 460 2520 527; x_wconf 89' lang='lat' dir='ltr'><strong>ﬁdem,</strong></span> <span class='ocrx_word' id='word_1_18' title='bbox 2548 472 2599 516; x_wconf 82' lang='lat' dir='ltr'><strong>et</strong></span> <span class='ocrx_word' id='word_1_19' title='bbox 2642 462 2835 530; x_wconf 76' lang='lat' dir='ltr'><strong>exiguo</strong></span> <span class='ocrx_word' id='word_1_20' title='bbox 2864 472 3108 534; x_wconf 83' lang='lat' dir='ltr'><strong>tempore</strong></span> <span class='ocrx_word' id='word_1_21' title='bbox 3135 462 3349 533; x_wconf 82' lang='lat' dir='ltr'><strong>eruditi,</strong></span> <span class='ocrx_word' id='word_1_22' title='bbox 3373 468 3553 522; x_wconf 81' lang='lat' dir='ltr'><strong>statim</strong></span> 
     </span>
    </p>
   </div>
   <div class='ocr_carea' id='block_1_4' title="bbox 254 547 1856 623">
    <p class='ocr_par' dir='ltr' id='par_1_4' title="bbox 254 547 1856 623">
     <span class='ocr_line' id='line_1_4' title="bbox 254 547 1856 623; baseline -0.004 -11"><span class='ocrx_word' id='word_1_23' title='bbox 254 581 372 621; x_wconf 76' lang='grc' dir='ltr'>τας,</span> <span class='ocrx_word' id='word_1_24' title='bbox 398 560 547 620; x_wconf 76' lang='grc' dir='ltr'>εὐθὺς</span> <span class='ocrx_word' id='word_1_25' title='bbox 593 558 677 610; x_wconf 84' lang='grc' dir='ltr'>ἐπὶ</span> <span class='ocrx_word' id='word_1_26' title='bbox 705 556 763 611; x_wconf 85' lang='grc' dir='ltr'>τὸ</span> <span class='ocrx_word' id='word_1_27' title='bbox 802 553 1141 623; x_wconf 78' lang='grc' dir='ltr'>πνευματικὸν</span> <span class='ocrx_word' id='word_1_28' title='bbox 1183 551 1393 623; x_wconf 87' lang='grc' dir='ltr'>λουτρόν</span> <span class='ocrx_word' id='word_1_29' title='bbox 1440 547 1600 621; x_wconf 70' lang='grc' dir='ltr'>ἄγειν,</span> <span class='ocrx_word' id='word_1_30' title='bbox 1632 555 1711 603; x_wconf 87' lang='grc' dir='ltr'><strong>καί</strong></span> <span class='ocrx_word' id='word_1_31' title='bbox 1752 550 1856 622; x_wconf 78' lang='grc' dir='ltr'>ἅμα</span> 
     </span>
    </p>
   </div>
   <div class='ocr_carea' id='block_1_5' title="bbox 252 642 1859 726">
    <p class='ocr_par' dir='ltr' id='par_1_5' title="bbox 252 642 1859 726">
     <span class='ocr_line' id='line_1_5' title="bbox 252 642 1859 726; baseline -0.007 -19"><span class='ocrx_word' id='word_1_32' title='bbox 252 662 324 726; x_wconf 79' lang='grc' dir='ltr'>τῷ</span> <span class='ocrx_word' id='word_1_33' title='bbox 358 651 700 706; x_wconf 73' lang='grc' dir='ltr'>ϐαπτισθῆναι</span> <span class='ocrx_word' id='word_1_34' title='bbox 728 645 1011 721; x_wconf 74' lang='grc' dir='ltr'><strong>προσάγειν</strong></span> <span class='ocrx_word' id='word_1_35' title='bbox 1041 646 1111 704; x_wconf 80' lang='grc' dir='ltr'>εἰς</span> <span class='ocrx_word' id='word_1_36' title='bbox 1140 646 1446 707; x_wconf 72' lang='grc' dir='ltr'><strong>ἐπισκοπὴν,</strong></span> <span class='ocrx_word' id='word_1_37' title='bbox 1476 642 1506 701; x_wconf 76' lang='grc' dir='ltr'>ἦ</span> <span class='ocrx_word' id='word_1_38' title='bbox 1534 645 1604 703; x_wconf 69' lang='grc' dir='ltr'>εἷς</span> <span class='ocrx_word' id='word_1_39' title='bbox 1630 644 1859 715; x_wconf 73' lang='grc' dir='ltr'>πρεσϐυ-</span> 
     </span>
    </p>
   </div>
   <div class='ocr_carea' id='block_1_6' title="bbox 247 730 1857 816">
    <p class='ocr_par' dir='ltr' id='par_1_6' title="bbox 247 730 1857 816">
     <span class='ocr_line' id='line_1_6' title="bbox 247 730 1857 816; baseline -0.007 -19"><span class='ocrx_word' id='word_1_40' title='bbox 247 749 478 816; x_wconf 79' lang='grc' dir='ltr'>τερεῖον⁶</span> <span class='ocrx_word' id='word_1_41' title='bbox 506 740 669 801; x_wconf 84' lang='grc' dir='ltr'>καλῶς</span> <span class='ocrx_word' id='word_1_42' title='bbox 717 735 884 802; x_wconf 74' lang='grc' dir='ltr'>ἔδοξεν</span> <span class='ocrx_word' id='word_1_43' title='bbox 922 735 953 790; x_wconf 80' lang='grc' dir='ltr'>ἕ</span> <span class='ocrx_word' id='word_1_44' title='bbox 957 756 1073 807; x_wconf 87' lang='grc' dir='ltr'>χειν</span> <span class='ocrx_word' id='word_1_45' title='bbox 1112 739 1202 790; x_wconf 80' lang='grc' dir='ltr'><strong>τοῦ</strong></span> <span class='ocrx_word' id='word_1_46' title='bbox 1240 733 1415 788; x_wconf 79' lang='grc' dir='ltr'><strong>λοιποῦ</strong></span> <span class='ocrx_word' id='word_1_47' title='bbox 1454 730 1606 804; x_wconf 68' lang='grc' dir='ltr'>μηδὲν</span> <span class='ocrx_word' id='word_1_48' title='bbox 1634 738 1857 787; x_wconf 82' lang='grc' dir='ltr'>τοιοῦτον</span> 
     </span>
    </p>
   </div>
   <div class='ocr_carea' id='block_1_7' title="bbox 247 816 1858 905">
    <p class='ocr_par' dir='ltr' id='par_1_7' title="bbox 247 825 1858 905">
     <span class='ocr_line' id='line_1_7' title="bbox 247 825 1858 905; baseline -0.004 -19"><span class='ocrx_word' id='word_1_49' title='bbox 247 832 507 904; x_wconf 80' lang='grc' dir='ltr'>γίνεσθαι.</span> <span class='ocrx_word' id='word_1_50' title='bbox 550 834 656 886; x_wconf 77' lang='grc' dir='ltr'><strong>Καὶ</strong></span> <span class='ocrx_word' id='word_1_51' title='bbox 682 832 781 905; x_wconf 76' lang='grc' dir='ltr'>γὰρ</span> <span class='ocrx_word' id='word_1_52' title='bbox 810 832 895 884; x_wconf 83' lang='grc' dir='ltr'><strong>καὶ</strong></span> <span class='ocrx_word' id='word_1_53' title='bbox 922 828 1120 903; x_wconf 81' lang='grc' dir='ltr'>χρόνον</span> <span class='ocrx_word' id='word_1_54' title='bbox 1151 825 1232 882; x_wconf 83' lang='grc' dir='ltr'>δεῖ</span> <span class='ocrx_word' id='word_1_55' title='bbox 1253 834 1327 899; x_wconf 87' lang='grc' dir='ltr'>τῷ</span> <span class='ocrx_word' id='word_1_56' title='bbox 1350 827 1743 898; x_wconf 82' lang='grc' dir='ltr'>κατηχουμὲνῳ,</span> <span class='ocrx_word' id='word_1_57' title='bbox 1775 828 1858 879; x_wconf 84' lang='grc' dir='ltr'><strong>καί</strong></span> 
     </span>
    </p>
   </div>
   <div class='ocr_carea' id='block_1_8' title="bbox 247 919 1856 997">
    <p class='ocr_par' dir='ltr' id='par_1_8' title="bbox 247 919 1856 997">
     <span class='ocr_line' id='line_1_8' title="bbox 247 919 1856 997; baseline -0.006 -16"><span class='ocrx_word' id='word_1_58' title='bbox 247 928 383 997; x_wconf 84' lang='grc' dir='ltr'>μετὰ</span> <span class='ocrx_word' id='word_1_59' title='bbox 416 927 478 980; x_wconf 85' lang='grc' dir='ltr'>τὸ</span> <span class='ocrx_word' id='word_1_60' title='bbox 518 926 793 996; x_wconf 79' lang='grc' dir='ltr'><strong>βάπτισμα</strong></span> <span class='ocrx_word' id='word_1_61' title='bbox 827 921 1129 994; x_wconf 75' lang='grc' dir='ltr'><strong>δοκιμασίας</strong></span> <span class='ocrx_word' id='word_1_62' title='bbox 1178 919 1425 977; x_wconf 75' lang='grc' dir='ltr'>πλείονος⁶</span> <span class='ocrx_word' id='word_1_63' title='bbox 1478 920 1639 989; x_wconf 80' lang='grc' dir='ltr'>σαφές</span> <span class='ocrx_word' id='word_1_64' title='bbox 1668 919 1765 990; x_wconf 84' lang='grc' dir='ltr'>γὰρ</span> <span class='ocrx_word' id='word_1_65' title='bbox 1798 920 1856 971; x_wconf 86' lang='grc' dir='ltr'>τὸ</span> 
     </span>
    </p>
   </div>
   <div class='ocr_carea' id='block_1_9' title="bbox 248 1008 1858 1090">
    <p class='ocr_par' dir='ltr' id='par_1_9' title="bbox 248 1008 1858 1090">
     <span class='ocr_line' id='line_1_9' title="bbox 248 1008 1858 1090; baseline -0.009 -16"><span class='ocrx_word' id='word_1_66' title='bbox 248 1017 596 1073; x_wconf 69' lang='grc' dir='ltr'>ἀποστολικὼι</span> <span class='ocrx_word' id='word_1_67' title='bbox 623 1016 841 1090; x_wconf 76' lang='grc' dir='ltr'>γράμμα</span> <span class='ocrx_word' id='word_1_68' title='bbox 884 1015 943 1068; x_wconf 79' lang='grc' dir='ltr'>τό</span> <span class='ocrx_word' id='word_1_69' title='bbox 967 1012 1126 1082; x_wconf 82' lang='grc' dir='ltr'>λέγον,</span> <span class='ocrx_word' id='word_1_70' title='bbox 1159 1028 1176 1058; x_wconf 73' lang='grc' dir='ltr'><strong>ε</strong></span> <span class='ocrx_word' id='word_1_71' title='bbox 1210 1015 1286 1067; x_wconf 66' lang='grc' dir='ltr'><strong>Μή</strong></span> <span class='ocrx_word' id='word_1_72' title='bbox 1313 1008 1367 1063; x_wconf 80' lang='grc' dir='ltr'><strong>δέ</strong></span> <span class='ocrx_word' id='word_1_73' title='bbox 1394 1009 1654 1078; x_wconf 80' lang='grc' dir='ltr'><strong>νεόφυτον,</strong></span> <span class='ocrx_word' id='word_1_74' title='bbox 1674 1008 1758 1061; x_wconf 85' lang='grc' dir='ltr'>ἶνα</span> <span class='ocrx_word' id='word_1_75' title='bbox 1788 1012 1858 1077; x_wconf 79' lang='grc' dir='ltr'>μή</span> 
     </span>
    </p>
   </div>
   <div class='ocr_carea' id='block_1_10' title="bbox 246 1096 1852 1183">
    <p class='ocr_par' dir='ltr' id='par_1_10' title="bbox 246 1096 1852 1183">
     <span class='ocr_line' id='line_1_10' title="bbox 246 1096 1852 1183; baseline -0.011 -18"><span class='ocrx_word' id='word_1_76' title='bbox 246 1111 505 1183; x_wconf 71' lang='grc' dir='ltr'>τυφωθεὶς</span> <span class='ocrx_word' id='word_1_77' title='bbox 533 1111 607 1168; x_wconf 79' lang='grc' dir='ltr'>εἰς</span> <span class='ocrx_word' id='word_1_78' title='bbox 628 1113 791 1181; x_wconf 86' lang='grc' dir='ltr'>κρῖμα</span> <span class='ocrx_word' id='word_1_79' title='bbox 822 1105 1021 1175; x_wconf 82' lang='grc' dir='ltr'>ἐμπέσῃ</span> <span class='ocrx_word' id='word_1_80' title='bbox 1066 1104 1151 1155; x_wconf 84' lang='grc' dir='ltr'>καὶ</span> <span class='ocrx_word' id='word_1_81' title='bbox 1188 1098 1386 1171; x_wconf 87' lang='grc' dir='ltr'>παγίδα</span> <span class='ocrx_word' id='word_1_82' title='bbox 1412 1105 1502 1153; x_wconf 78' lang='grc' dir='ltr'>τοῦ</span> <span class='ocrx_word' id='word_1_83' title='bbox 1528 1096 1761 1153; x_wconf 79' lang='grc' dir='ltr'>διαϐόλου</span> <span class='ocrx_word' id='word_1_84' title='bbox 1788 1115 1800 1149; x_wconf 93' lang='lat'>:</span> <span class='ocrx_word' id='word_1_85' title='bbox 1835 1118 1852 1148; x_wconf 77' lang='grc' dir='ltr'><strong>ι</strong></span> 
     </span>
    </p>
   </div>
   <div class='ocr_carea' id='block_1_11' title="bbox 250 1190 1857 1278">
    <p class='ocr_par' dir='ltr' id='par_1_11' title="bbox 250 1190 1857 1278">
     <span class='ocr_line' id='line_1_11' title="bbox 250 1190 1857 1278; baseline -0.009 -21"><span class='ocrx_word' id='word_1_86' title='bbox 250 1201 300 1256; x_wconf 80' lang='lat' dir='ltr'><strong>Ei</strong></span> <span class='ocrx_word' id='word_1_87' title='bbox 330 1200 387 1256; x_wconf 75' lang='grc' dir='ltr'>δὲ</span> <span class='ocrx_word' id='word_1_88' title='bbox 416 1199 687 1278; x_wconf 84' lang='grc' dir='ltr'>προιόντος</span> <span class='ocrx_word' id='word_1_89' title='bbox 714 1202 809 1253; x_wconf 64' lang='grc' dir='ltr'><strong>¹τοῦ</strong></span> <span class='ocrx_word' id='word_1_90' title='bbox 843 1194 1031 1267; x_wconf 86' lang='grc' dir='ltr'>χρόνου</span> <span class='ocrx_word' id='word_1_91' title='bbox 1063 1192 1294 1263; x_wconf 64' lang='grc' dir='ltr'>ψυχικόν</span> <span class='ocrx_word' id='word_1_92' title='bbox 1320 1212 1371 1245; x_wconf 89' lang='grc' dir='ltr'><strong>τι</strong></span> <span class='ocrx_word' id='word_1_93' title='bbox 1403 1190 1686 1263; x_wconf 80' lang='grc' dir='ltr'>ἁμάρτημα</span> <span class='ocrx_word' id='word_1_94' title='bbox 1716 1191 1857 1264; x_wconf 77' lang='grc' dir='ltr'>εὐρε-</span> 
     </span>
    </p>
   </div>
   <div class='ocr_carea' id='block_1_12' title="bbox 247 1281 1860 1371">
    <p class='ocr_par' dir='ltr' id='par_1_12' title="bbox 247 1281 1860 1371">
     <span class='ocr_line' id='line_1_12' title="bbox 247 1281 1860 1371; baseline -0.007 -24"><span class='ocrx_word' id='word_1_95' title='bbox 247 1297 358 1353; x_wconf 84' lang='grc' dir='ltr'>θείη</span> <span class='ocrx_word' id='word_1_96' title='bbox 388 1292 510 1371; x_wconf 81' lang='grc' dir='ltr'>περί</span> <span class='ocrx_word' id='word_1_97' title='bbox 536 1294 593 1348; x_wconf 79' lang='grc' dir='ltr'><strong>τό</strong></span> <span class='ocrx_word' id='word_1_98' title='bbox 622 1292 925 1365; x_wconf 87' lang='grc' dir='ltr'>πρόσωπον,</span> <span class='ocrx_word' id='word_1_99' title='bbox 951 1291 1040 1342; x_wconf 82' lang='grc' dir='ltr'><strong>καί</strong></span> <span class='ocrx_word' id='word_1_100' title='bbox 1086 1287 1354 1357; x_wconf 79' lang='grc' dir='ltr'>ἐλέγχοιτο</span> <span class='ocrx_word' id='word_1_101' title='bbox 1390 1284 1493 1339; x_wconf 79' lang='grc' dir='ltr'><strong>ὑπὸ</strong></span> <span class='ocrx_word' id='word_1_102' title='bbox 1532 1281 1623 1338; x_wconf 76' lang='grc' dir='ltr'>δύο</span> <span class='ocrx_word' id='word_1_103' title='bbox 1649 1282 1679 1343; x_wconf 78' lang='grc' dir='ltr'><strong>ἣ</strong></span> <span class='ocrx_word' id='word_1_104' title='bbox 1706 1291 1860 1357; x_wconf 81' lang='grc' dir='ltr'><strong>τριῶν</strong></span> 
     </span>
    </p>
   </div>
   <div class='ocr_carea' id='block_1_13' title="bbox 251 1372 1860 1464">
    <p class='ocr_par' dir='ltr' id='par_1_13' title="bbox 251 1372 1860 1464">
     <span class='ocr_line' id='line_1_13' title="bbox 251 1372 1860 1464; baseline -0.008 -23"><span class='ocrx_word' id='word_1_105' title='bbox 251 1388 557 1464; x_wconf 82' lang='grc' dir='ltr'>μαρτύρων,</span> <span class='ocrx_word' id='word_1_106' title='bbox 586 1382 872 1438; x_wconf 78' lang='grc' dir='ltr'>πεπαύσθω</span> <span class='ocrx_word' id='word_1_107' title='bbox 907 1380 932 1434; x_wconf 87' lang='grc' dir='ltr'>ὁ</span> <span class='ocrx_word' id='word_1_108' title='bbox 960 1384 1190 1438; x_wconf 80' lang='grc' dir='ltr'>τοιοῦτος</span> <span class='ocrx_word' id='word_1_109' title='bbox 1222 1382 1313 1431; x_wconf 84' lang='grc' dir='ltr'><strong>τοῦ</strong></span> <span class='ocrx_word' id='word_1_110' title='bbox 1341 1376 1546 1452; x_wconf 69' lang='grc' dir='ltr'>κλῆρον’</span> <span class='ocrx_word' id='word_1_111' title='bbox 1570 1373 1607 1431; x_wconf 72' lang='grc' dir='ltr'><strong>Δὁ</strong></span> <span class='ocrx_word' id='word_1_112' title='bbox 1635 1372 1690 1428; x_wconf 84' lang='grc' dir='ltr'><strong>δέ</strong></span> <span class='ocrx_word' id='word_1_113' title='bbox 1718 1376 1860 1447; x_wconf 80' lang='grc' dir='ltr'>παρά</span> 
     </span>
    </p>
   </div>
   <div class='ocr_carea' id='block_1_14' title="bbox 252 1464 1862 1542">
    <p class='ocr_par' dir='ltr' id='par_1_14' title="bbox 252 1464 1862 1542">
     <span class='ocr_line' id='line_1_14' title="bbox 252 1464 1862 1542; baseline -0.008 -10"><span class='ocrx_word' id='word_1_114' title='bbox 252 1484 425 1533; x_wconf 82' lang='grc' dir='ltr'>ταῦτα</span> <span class='ocrx_word' id='word_1_115' title='bbox 448 1483 631 1540; x_wconf 87' lang='grc' dir='ltr'>ποιῶν,</span> <span class='ocrx_word' id='word_1_116' title='bbox 661 1475 729 1534; x_wconf 82' lang='grc' dir='ltr'>ὡς</span> <span class='ocrx_word' id='word_1_117' title='bbox 757 1472 1038 1527; x_wconf 78' lang='grc' dir='ltr'>ὑπεναντία</span> <span class='ocrx_word' id='word_1_118' title='bbox 1065 1476 1127 1540; x_wconf 74' lang='grc' dir='ltr'>τῇ</span> <span class='ocrx_word' id='word_1_119' title='bbox 1153 1468 1347 1542; x_wconf 82' lang='grc' dir='ltr'>μεγάλῃ</span> <span class='ocrx_word' id='word_1_120' title='bbox 1383 1464 1582 1535; x_wconf 80' lang='grc' dir='ltr'><strong>συνόδῳ</strong></span> <span class='ocrx_word' id='word_1_121' title='bbox 1616 1465 1862 1541; x_wconf 84' lang='grc' dir='ltr'>θρασυνό-</span> 
     </span>
    </p>
   </div>
   <div class='ocr_carea' id='block_1_15' title="bbox 250 1558 1861 1641">
    <p class='ocr_par' dir='ltr' id='par_1_15' title="bbox 250 1558 1861 1641">
     <span class='ocr_line' id='line_1_15' title="bbox 250 1558 1861 1641; baseline -0.009 -17"><span class='ocrx_word' id='word_1_122' title='bbox 250 1590 443 1641; x_wconf 86' lang='grc' dir='ltr'>μενος,</span> <span class='ocrx_word' id='word_1_123' title='bbox 485 1568 635 1627; x_wconf 74' lang='grc' dir='ltr'>αὐτὸς</span> <span class='ocrx_word' id='word_1_124' title='bbox 688 1564 1004 1621; x_wconf 77' lang='grc' dir='ltr'><strong>κινδυνεύσει</strong></span> <span class='ocrx_word' id='word_1_125' title='bbox 1050 1564 1171 1634; x_wconf 77' lang='grc' dir='ltr'>περὶ</span> <span class='ocrx_word' id='word_1_126' title='bbox 1221 1562 1305 1617; x_wconf 85' lang='grc' dir='ltr'>τόν</span> <span class='ocrx_word' id='word_1_127' title='bbox 1354 1561 1533 1635; x_wconf 84' lang='grc' dir='ltr'>κλῆρον</span> <span class='ocrx_word' id='word_1_128' title='bbox 1578 1558 1704 1629; x_wconf 83' lang='grc' dir='ltr'><strong>[τοῦ</strong></span> 
     </span>
    </p>
   </div>
   <div class='ocr_carea' id='block_1_16' title="bbox 287 1682 401 1715">
    <p class='ocr_par' dir='ltr' id='par_1_16' title="bbox 287 1682 401 1715">
     <span class='ocr_line' id='line_1_16' title="bbox 287 1682 401 1715; baseline -0.018 0"><span class='ocrx_word' id='word_1_129' title='bbox 287 1682 401 1715; x_wconf 77' lang='grc' dir='ltr'><strong>ΟυΙο</strong></span> 
     </span>
    </p>
   </div>
   <div class='ocr_carea' id='block_1_17' title="bbox 252 1658 1859 1825">
    <p class='ocr_par' dir='ltr' id='par_1_17' title="bbox 252 1658 1859 1825">
     <span class='ocr_line' id='line_1_17' title="bbox 287 1682 401 1715; baseline -0.018 0"><span class='ocrx_word' id='word_1_130' title='bbox 287 1682 351 1715; x_wconf 86' lang='grc' dir='ltr'><strong>ου</strong></span> <span class='ocrx_word' id='word_1_131' title='bbox 384 1697 401 1713; x_wconf 94' lang='grc'><strong>.</strong></span> 
     </span>
     <span class='ocr_line' id='line_1_18' title="bbox 252 1658 1859 1825; baseline -0.008 -19"><span class='ocrx_word' id='word_1_132' title='bbox 252 1683 283 1733; x_wconf 71' lang='grc' dir='ltr'>ρ</span> <span class='ocrx_word' id='word_1_133' title='bbox 322 1658 394 1825; x_wconf 52' lang='grc' dir='ltr'><strong>γί.</strong></span> <span class='ocrx_word' id='word_1_134' title='bbox 465 1747 826 1823; x_wconf 44' lang='grc' dir='ltr'>Δπηῇρευσεν</span> <span class='ocrx_word' id='word_1_135' title='bbox 866 1745 1080 1800; x_wconf 78' lang='grc' dir='ltr'>καθόλου</span> <span class='ocrx_word' id='word_1_136' title='bbox 1128 1746 1161 1802; x_wconf 79' lang='grc' dir='ltr'>ἡ</span> <span class='ocrx_word' id='word_1_137' title='bbox 1205 1744 1399 1816; x_wconf 80' lang='grc' dir='ltr'>μεγάλη</span> <span class='ocrx_word' id='word_1_138' title='bbox 1451 1741 1696 1808; x_wconf 81' lang='grc' dir='ltr'><strong>σύνοδος,</strong></span> <span class='ocrx_word' id='word_1_139' title='bbox 1737 1745 1859 1812; x_wconf 76' lang='grc' dir='ltr'>μήτε</span> 
     </span>
    </p>
   </div>
   <div class='ocr_carea' id='block_1_18' title="bbox 1961 544 3555 629">
    <p class='ocr_par' dir='ltr' id='par_1_18' title="bbox 1961 544 3555 629">
     <span class='ocr_line' id='line_1_19' title="bbox 1961 544 3555 629; baseline 0.005 -24"><span class='ocrx_word' id='word_1_140' title='bbox 1961 544 2027 606; x_wconf 87' lang='lat' dir='ltr'><strong>ad</strong></span> <span class='ocrx_word' id='word_1_141' title='bbox 2056 552 2334 621; x_wconf 90' lang='lat' dir='ltr'><strong>spirituale</strong></span> <span class='ocrx_word' id='word_1_142' title='bbox 2363 552 2634 607; x_wconf 84' lang='lat' dir='ltr'><strong>lavacrum</strong></span> <span class='ocrx_word' id='word_1_143' title='bbox 2661 555 2945 622; x_wconf 75' lang='lat' dir='ltr'><strong>ducantur,</strong></span> <span class='ocrx_word' id='word_1_144' title='bbox 2972 566 3025 610; x_wconf 92' lang='lat' dir='ltr'><strong>et</strong></span> <span class='ocrx_word' id='word_1_145' title='bbox 3047 558 3205 612; x_wconf 86' lang='lat' dir='ltr'><strong>simul</strong></span> <span class='ocrx_word' id='word_1_146' title='bbox 3235 569 3397 627; x_wconf 88' lang='lat' dir='ltr'><strong>atque</strong></span> <span class='ocrx_word' id='word_1_147' title='bbox 3424 560 3555 629; x_wconf 81' lang='lat' dir='ltr'><strong>bap-</strong></span> 
     </span>
    </p>
   </div>
   <div class='ocr_carea' id='block_1_19' title="bbox 1960 640 3555 719">
    <p class='ocr_par' dir='ltr' id='par_1_19' title="bbox 1960 640 3555 719">
     <span class='ocr_line' id='line_1_20' title="bbox 1960 640 3555 719; baseline 0.005 -23"><span class='ocrx_word' id='word_1_148' title='bbox 1960 642 2106 697; x_wconf 84' lang='lat' dir='ltr'><strong>tizati</strong></span> <span class='ocrx_word' id='word_1_149' title='bbox 2137 640 2351 709; x_wconf 80' lang='lat' dir='ltr'><strong>fuerint,</strong></span> <span class='ocrx_word' id='word_1_150' title='bbox 2385 644 2450 698; x_wconf 90' lang='lat' dir='ltr'><strong>ad</strong></span> <span class='ocrx_word' id='word_1_151' title='bbox 2479 645 2852 715; x_wconf 76' lang='lat' dir='ltr'><strong>episcopatum</strong></span> <span class='ocrx_word' id='word_1_152' title='bbox 2881 647 2967 702; x_wconf 87' lang='lat' dir='ltr'><strong>vel</strong></span> <span class='ocrx_word' id='word_1_153' title='bbox 2996 648 3393 719; x_wconf 79' lang='lat' dir='ltr'><strong>presbyterium</strong></span> <span class='ocrx_word' id='word_1_154' title='bbox 3426 666 3555 719; x_wconf 84' lang='lat' dir='ltr'><strong>pro-</strong></span> 
     </span>
    </p>
   </div>
   <div class='ocr_carea' id='block_1_20' title="bbox 1960 736 3555 811">
    <p class='ocr_par' dir='ltr' id='par_1_20' title="bbox 1960 736 3555 811">
     <span class='ocr_line' id='line_1_21' title="bbox 1960 736 3555 811; baseline 0.004 -22"><span class='ocrx_word' id='word_1_155' title='bbox 1960 744 2279 790; x_wconf 85' lang='lat' dir='ltr'><strong>moveantur</strong></span> <span class='ocrx_word' id='word_1_156' title='bbox 2302 753 2315 801; x_wconf 92' lang='lat'><strong>;</strong></span> <span class='ocrx_word' id='word_1_157' title='bbox 2341 745 2489 793; x_wconf 89' lang='lat' dir='ltr'><strong>recte</strong></span> <span class='ocrx_word' id='word_1_158' title='bbox 2508 736 2713 793; x_wconf 89' lang='lat' dir='ltr'><strong>habere</strong></span> <span class='ocrx_word' id='word_1_159' title='bbox 2735 739 2909 794; x_wconf 90' lang='lat' dir='ltr'><strong>visum</strong></span> <span class='ocrx_word' id='word_1_160' title='bbox 2931 749 3034 806; x_wconf 86' lang='lat' dir='ltr'><strong>est,</strong></span> <span class='ocrx_word' id='word_1_161' title='bbox 3060 741 3267 796; x_wconf 83' lang='lat' dir='ltr'><strong>utnihil</strong></span> <span class='ocrx_word' id='word_1_162' title='bbox 3296 742 3555 811; x_wconf 86' lang='lat' dir='ltr'><strong>deinceps</strong></span> 
     </span>
    </p>
   </div>
   <div class='ocr_carea' id='block_1_21' title="bbox 1961 828 3554 905">
    <p class='ocr_par' dir='ltr' id='par_1_21' title="bbox 1961 828 3554 905">
     <span class='ocr_line' id='line_1_22' title="bbox 1961 828 3554 905; baseline 0.008 -23"><span class='ocrx_word' id='word_1_163' title='bbox 1961 830 2070 884; x_wconf 88' lang='lat' dir='ltr'><strong>tale</strong></span> <span class='ocrx_word' id='word_1_164' title='bbox 2099 828 2211 885; x_wconf 91' lang='lat' dir='ltr'><strong>ﬁat.</strong></span> <span class='ocrx_word' id='word_1_165' title='bbox 2237 831 2370 885; x_wconf 83' lang='lat' dir='ltr'><strong>Nam</strong></span> <span class='ocrx_word' id='word_1_166' title='bbox 2400 840 2455 887; x_wconf 92' lang='lat' dir='ltr'><strong>et</strong></span> <span class='ocrx_word' id='word_1_167' title='bbox 2482 839 2727 903; x_wconf 89' lang='lat' dir='ltr'><strong>tempore</strong></span> <span class='ocrx_word' id='word_1_168' title='bbox 2754 850 2893 905; x_wconf 91' lang='lat' dir='ltr'><strong>opus</strong></span> <span class='ocrx_word' id='word_1_169' title='bbox 2934 844 3018 891; x_wconf 87' lang='lat' dir='ltr'><strong>est</strong></span> <span class='ocrx_word' id='word_1_170' title='bbox 3048 839 3462 905; x_wconf 79' lang='lat' dir='ltr'><strong>catechumeno,</strong></span> <span class='ocrx_word' id='word_1_171' title='bbox 3496 848 3554 894; x_wconf 82' lang='lat' dir='ltr'><strong>et</strong></span> 
     </span>
    </p>
   </div>
   <div class='ocr_carea' id='block_1_22' title="bbox 1960 922 3549 999">
    <p class='ocr_par' dir='ltr' id='par_1_22' title="bbox 1960 922 3549 999">
     <span class='ocr_line' id='line_1_23' title="bbox 1960 922 3549 999; baseline 0.007 -24"><span class='ocrx_word' id='word_1_172' title='bbox 1960 929 2084 989; x_wconf 88' lang='lat' dir='ltr'><strong>post</strong></span> <span class='ocrx_word' id='word_1_173' title='bbox 2128 922 2452 991; x_wconf 74' lang='lat' dir='ltr'><strong>baptismum</strong></span> <span class='ocrx_word' id='word_1_174' title='bbox 2480 924 2801 993; x_wconf 83' lang='lat' dir='ltr'><strong>probatione</strong></span> <span class='ocrx_word' id='word_1_175' title='bbox 2829 927 3070 996; x_wconf 86' lang='lat' dir='ltr'><strong>majore:</strong></span> <span class='ocrx_word' id='word_1_176' title='bbox 3107 937 3354 999; x_wconf 87' lang='lat' dir='ltr'><strong>apertum</strong></span> <span class='ocrx_word' id='word_1_177' title='bbox 3404 932 3549 987; x_wconf 86' lang='lat' dir='ltr'><strong>enim</strong></span> 
     </span>
    </p>
   </div>
   <div class='ocr_carea' id='block_1_23' title="bbox 1960 1010 3546 1089">
    <p class='ocr_par' dir='ltr' id='par_1_23' title="bbox 1960 1010 3546 1089">
     <span class='ocr_line' id='line_1_24' title="bbox 1960 1010 3546 1089; baseline 0.007 -27"><span class='ocrx_word' id='word_1_178' title='bbox 1960 1017 2044 1063; x_wconf 86' lang='lat' dir='ltr'><strong>est</strong></span> <span class='ocrx_word' id='word_1_179' title='bbox 2074 1010 2431 1079; x_wconf 89' lang='lat' dir='ltr'><strong>apostolicum</strong></span> <span class='ocrx_word' id='word_1_180' title='bbox 2461 1012 2739 1082; x_wconf 88' lang='lat' dir='ltr'><strong>scriptum,</strong></span> <span class='ocrx_word' id='word_1_181' title='bbox 2783 1012 2966 1070; x_wconf 88' lang='lat' dir='ltr'><strong>dicens</strong></span> <span class='ocrx_word' id='word_1_182' title='bbox 2996 1035 3007 1069; x_wconf 93' lang='lat'>:</span> <span class='ocrx_word' id='word_1_183' title='bbox 3044 1016 3169 1073; x_wconf 88' lang='lat' dir='ltr'><strong>Non</strong></span> <span class='ocrx_word' id='word_1_184' title='bbox 3211 1019 3546 1089; x_wconf 78' lang='lat' dir='ltr'><strong>neopltyttmt,</strong></span> 
     </span>
    </p>
   </div>
   <div class='ocr_carea' id='block_1_24' title="bbox 1961 1092 3557 1182">
    <p class='ocr_par' dir='ltr' id='par_1_24' title="bbox 1961 1092 3557 1182">
     <span class='ocr_line' id='line_1_25' title="bbox 1961 1092 3557 1182; baseline 0.008 -29"><span class='ocrx_word' id='word_1_185' title='bbox 1961 1116 2025 1154; x_wconf 86' lang='lat' dir='ltr'><strong>ne</strong></span> <span class='ocrx_word' id='word_1_186' title='bbox 2048 1103 2181 1172; x_wconf 79' lang='lat' dir='ltr'><strong>forte</strong></span> <span class='ocrx_word' id='word_1_187' title='bbox 2207 1103 2421 1172; x_wconf 66' lang='lat' dir='ltr'><strong>inﬂatus</strong></span> <span class='ocrx_word' id='word_1_188' title='bbox 2449 1104 2505 1157; x_wconf 82' lang='lat' dir='ltr'><strong>in</strong></span> <span class='ocrx_word' id='word_1_189' title='bbox 2549 1092 2806 1174; x_wconf 79' lang='lat' dir='ltr'><strong>judicium</strong></span> <span class='ocrx_word' id='word_1_190' title='bbox 2830 1108 3052 1172; x_wconf 80' lang='lat' dir='ltr'><strong>incidat,</strong></span> <span class='ocrx_word' id='word_1_191' title='bbox 3095 1119 3143 1163; x_wconf 87' lang='lat' dir='ltr'><strong>et</strong></span> <span class='ocrx_word' id='word_1_192' title='bbox 3173 1110 3413 1182; x_wconf 76' lang='lat' dir='ltr'><strong>laqueum</strong></span> <span class='ocrx_word' id='word_1_193' title='bbox 3442 1111 3557 1164; x_wconf 85' lang='lat' dir='ltr'><strong>dia-</strong></span> 
     </span>
    </p>
   </div>
   <div class='ocr_carea' id='block_1_25' title="bbox 1962 1192 3559 1273">
    <p class='ocr_par' dir='ltr' id='par_1_25' title="bbox 1962 1192 3559 1273">
     <span class='ocr_line' id='line_1_26' title="bbox 1962 1192 3559 1273; baseline 0.007 -27"><span class='ocrx_word' id='word_1_194' title='bbox 1962 1192 2082 1248; x_wconf 79' lang='lat' dir='ltr'><strong>boli.</strong></span> <span class='ocrx_word' id='word_1_195' title='bbox 2116 1194 2174 1250; x_wconf 91' lang='lat' dir='ltr'><strong>Si</strong></span> <span class='ocrx_word' id='word_1_196' title='bbox 2202 1211 2332 1252; x_wconf 86' lang='lat' dir='ltr'><strong>vero</strong></span> <span class='ocrx_word' id='word_1_197' title='bbox 2355 1198 2685 1267; x_wconf 75' lang='lat' dir='ltr'><strong>procedente</strong></span> <span class='ocrx_word' id='word_1_198' title='bbox 2713 1207 2959 1269; x_wconf 85' lang='lat' dir='ltr'><strong>tempore</strong></span> <span class='ocrx_word' id='word_1_199' title='bbox 2992 1201 3211 1271; x_wconf 85' lang='lat' dir='ltr'><strong>aliquod</strong></span> <span class='ocrx_word' id='word_1_200' title='bbox 3240 1203 3403 1257; x_wconf 87' lang='lat' dir='ltr'><strong>animi</strong></span> <span class='ocrx_word' id='word_1_201' title='bbox 3428 1218 3559 1273; x_wconf 75' lang='lat' dir='ltr'><strong>prc-</strong></span> 
     </span>
    </p>
   </div>
   <div class='ocr_carea' id='block_1_26' title="bbox 1962 1289 3559 1362">
    <p class='ocr_par' dir='ltr' id='par_1_26' title="bbox 1962 1289 3559 1362">
     <span class='ocr_line' id='line_1_27' title="bbox 1962 1289 3559 1362; baseline 0.004 -21"><span class='ocrx_word' id='word_1_202' title='bbox 1962 1297 2140 1343; x_wconf 89' lang='lat' dir='ltr'><strong>catum</strong></span> <span class='ocrx_word' id='word_1_203' title='bbox 2170 1289 2476 1345; x_wconf 87' lang='lat' dir='ltr'><strong>inveniatur</strong></span> <span class='ocrx_word' id='word_1_204' title='bbox 2502 1291 2558 1346; x_wconf 88' lang='lat' dir='ltr'><strong>in</strong></span> <span class='ocrx_word' id='word_1_205' title='bbox 2580 1307 2643 1348; x_wconf 89' lang='lat' dir='ltr'><strong>ea</strong></span> <span class='ocrx_word' id='word_1_206' title='bbox 2668 1307 2922 1362; x_wconf 75' lang='lat' dir='ltr'><strong>persona,</strong></span> <span class='ocrx_word' id='word_1_207' title='bbox 2949 1302 3005 1347; x_wconf 90' lang='lat' dir='ltr'><strong>et</strong></span> <span class='ocrx_word' id='word_1_208' title='bbox 3031 1293 3243 1351; x_wconf 89' lang='lat' dir='ltr'><strong>duobus</strong></span> <span class='ocrx_word' id='word_1_209' title='bbox 3271 1294 3357 1350; x_wconf 87' lang='lat' dir='ltr'><strong>vel</strong></span> <span class='ocrx_word' id='word_1_210' title='bbox 3389 1296 3559 1349; x_wconf 84' lang='lat' dir='ltr'><strong>tribus</strong></span> 
     </span>
    </p>
   </div>
   <div class='ocr_carea' id='block_1_27' title="bbox 1963 1377 3556 1452">
    <p class='ocr_par' dir='ltr' id='par_1_27' title="bbox 1963 1377 3556 1452">
     <span class='ocr_line' id='line_1_28' title="bbox 1963 1377 3556 1452; baseline 0.004 -22"><span class='ocrx_word' id='word_1_211' title='bbox 1963 1377 2192 1433; x_wconf 88' lang='lat' dir='ltr'><strong>testibus</strong></span> <span class='ocrx_word' id='word_1_212' title='bbox 2211 1380 2582 1445; x_wconf 85' lang='lat' dir='ltr'><strong>convincatur,</strong></span> <span class='ocrx_word' id='word_1_213' title='bbox 2615 1382 2886 1437; x_wconf 85' lang='lat' dir='ltr'><strong>abstineat</strong></span> <span class='ocrx_word' id='word_1_214' title='bbox 2912 1383 3032 1439; x_wconf 86' lang='lat' dir='ltr'><strong>talis</strong></span> <span class='ocrx_word' id='word_1_215' title='bbox 3064 1399 3093 1438; x_wconf 91' lang='lat' dir='ltr'><strong>a</strong></span> <span class='ocrx_word' id='word_1_216' title='bbox 3118 1384 3267 1439; x_wconf 85' lang='lat' dir='ltr'><strong>clero</strong></span> <span class='ocrx_word' id='word_1_217' title='bbox 3294 1400 3305 1437; x_wconf 94' lang='lat'>:</span> <span class='ocrx_word' id='word_1_218' title='bbox 3341 1385 3427 1452; x_wconf 88' lang='lat' dir='ltr'><strong>qui</strong></span> <span class='ocrx_word' id='word_1_219' title='bbox 3461 1400 3556 1436; x_wconf 35' lang='lat' dir='ltr'><strong>au:</strong></span> 
     </span>
    </p>
   </div>
   <div class='ocr_carea' id='block_1_28' title="bbox 1966 1471 3557 1546">
    <p class='ocr_par' dir='ltr' id='par_1_28' title="bbox 1966 1471 3557 1546">
     <span class='ocr_line' id='line_1_29' title="bbox 1966 1471 3557 1546; baseline 0.003 -25"><span class='ocrx_word' id='word_1_220' title='bbox 1966 1475 2072 1522; x_wconf 89' lang='lat' dir='ltr'><strong>tem</strong></span> <span class='ocrx_word' id='word_1_221' title='bbox 2090 1478 2295 1545; x_wconf 80' lang='lat' dir='ltr'><strong>praeter</strong></span> <span class='ocrx_word' id='word_1_222' title='bbox 2326 1471 2439 1526; x_wconf 72' lang='lat' dir='ltr'><strong>haec</strong></span> <span class='ocrx_word' id='word_1_223' title='bbox 2468 1472 2612 1537; x_wconf 81' lang='lat' dir='ltr'><strong>facit,</strong></span> <span class='ocrx_word' id='word_1_224' title='bbox 2645 1481 2704 1527; x_wconf 94' lang='lat' dir='ltr'><strong>ut</strong></span> <span class='ocrx_word' id='word_1_225' title='bbox 2731 1475 2825 1543; x_wconf 88' lang='lat' dir='ltr'><strong>qui</strong></span> <span class='ocrx_word' id='word_1_226' title='bbox 2846 1488 3053 1544; x_wconf 67' lang='lat' dir='ltr'><strong>magnzc</strong></span> <span class='ocrx_word' id='word_1_227' title='bbox 3081 1475 3273 1546; x_wconf 81' lang='lat' dir='ltr'><strong>synodi</strong></span> <span class='ocrx_word' id='word_1_228' title='bbox 3300 1476 3557 1528; x_wconf 72' lang='lat' dir='ltr'><strong>adversa-</strong></span> 
     </span>
    </p>
   </div>
   <div class='ocr_carea' id='block_1_29' title="bbox 1965 1557 3446 1633">
    <p class='ocr_par' dir='ltr' id='par_1_29' title="bbox 1965 1557 3446 1633">
     <span class='ocr_line' id='line_1_30' title="bbox 1965 1557 3446 1633; baseline 0.007 -25"><span class='ocrx_word' id='word_1_229' title='bbox 1965 1557 2075 1612; x_wconf 91' lang='lat' dir='ltr'><strong>rius</strong></span> <span class='ocrx_word' id='word_1_230' title='bbox 2097 1572 2215 1613; x_wconf 85' lang='lat' dir='ltr'><strong>esse</strong></span> <span class='ocrx_word' id='word_1_231' title='bbox 2246 1558 2457 1623; x_wconf 84' lang='lat' dir='ltr'><strong>audeat,</strong></span> <span class='ocrx_word' id='word_1_232' title='bbox 2493 1560 2608 1630; x_wconf 89' lang='lat' dir='ltr'><strong>ipse</strong></span> <span class='ocrx_word' id='word_1_233' title='bbox 2638 1560 2703 1616; x_wconf 90' lang='lat' dir='ltr'><strong>de</strong></span> <span class='ocrx_word' id='word_1_234' title='bbox 2730 1562 2987 1618; x_wconf 86' lang='lat' dir='ltr'><strong>clericatu</strong></span> <span class='ocrx_word' id='word_1_235' title='bbox 3030 1564 3446 1633; x_wconf 82' lang='lat' dir='ltr'><strong>periclitabitur.</strong></span> 
     </span>
    </p>
   </div>
   <div class='ocr_carea' id='block_1_30' title="bbox 2036 1737 3551 1814">
    <p class='ocr_par' dir='ltr' id='par_1_30' title="bbox 2036 1737 3551 1814">
     <span class='ocr_line' id='line_1_31' title="bbox 2036 1737 3551 1814; baseline 0.005 -23"><span class='ocrx_word' id='word_1_236' title='bbox 2036 1737 2122 1792; x_wconf 92' lang='grc' dir='ltr'><strong>ΙΙΙ.</strong></span> <span class='ocrx_word' id='word_1_237' title='bbox 2166 1738 2347 1794; x_wconf 81' lang='lat' dir='ltr'><strong>Vetuit</strong></span> <span class='ocrx_word' id='word_1_238' title='bbox 2366 1742 2587 1795; x_wconf 85' lang='lat' dir='ltr'><strong>omnino</strong></span> <span class='ocrx_word' id='word_1_239' title='bbox 2610 1754 2803 1810; x_wconf 81' lang='lat' dir='ltr'><strong>magna</strong></span> <span class='ocrx_word' id='word_1_240' title='bbox 2832 1744 3087 1814; x_wconf 90' lang='lat' dir='ltr'><strong>synodus,</strong></span> <span class='ocrx_word' id='word_1_241' title='bbox 3120 1754 3189 1799; x_wconf 89' lang='lat' dir='ltr'><strong>ne</strong></span> <span class='ocrx_word' id='word_1_242' title='bbox 3219 1745 3380 1801; x_wconf 85' lang='lat' dir='ltr'><strong>liceat</strong></span> <span class='ocrx_word' id='word_1_243' title='bbox 3433 1747 3551 1814; x_wconf 81' lang='lat' dir='ltr'><strong>cpi-</strong></span> 
     </span>
    </p>
   </div>
   <div class='ocr_carea' id='block_1_31' title="bbox 253 1830 1861 1912">
    <p class='ocr_par' dir='ltr' id='par_1_31' title="bbox 253 1830 1861 1912">
     <span class='ocr_line' id='line_1_32' title="bbox 253 1830 1861 1912; baseline -0.009 -14"><span class='ocrx_word' id='word_1_244' title='bbox 253 1842 551 1912; x_wconf 78' lang='grc' dir='ltr'>ἐπισκόπῳ,</span> <span class='ocrx_word' id='word_1_245' title='bbox 581 1844 708 1912; x_wconf 82' lang='grc' dir='ltr'>μήτε</span> <span class='ocrx_word' id='word_1_246' title='bbox 738 1837 1101 1910; x_wconf 72' lang='grc' dir='ltr'>πρεσϐυτέρῳ,</span> <span class='ocrx_word' id='word_1_247' title='bbox 1129 1838 1255 1905; x_wconf 76' lang='grc' dir='ltr'>μήτε</span> <span class='ocrx_word' id='word_1_248' title='bbox 1304 1831 1538 1904; x_wconf 85' lang='grc' dir='ltr'>διακόνῳ,</span> <span class='ocrx_word' id='word_1_249' title='bbox 1566 1837 1689 1903; x_wconf 82' lang='grc' dir='ltr'>μήτε</span> <span class='ocrx_word' id='word_1_250' title='bbox 1738 1830 1861 1890; x_wconf 81' lang='grc' dir='ltr'>ὅλως</span> 
     </span>
    </p>
   </div>
   <div class='ocr_carea' id='block_1_32' title="bbox 1973 1830 3558 1912">
    <p class='ocr_par' dir='ltr' id='par_1_32' title="bbox 1973 1833 3558 1906">
     <span class='ocr_line' id='line_1_33' title="bbox 1973 1833 3558 1906; baseline 0.004 -21"><span class='ocrx_word' id='word_1_251' title='bbox 1973 1844 2153 1900; x_wconf 83' lang='lat' dir='ltr'><strong>scopo,</strong></span> <span class='ocrx_word' id='word_1_252' title='bbox 2186 1846 2285 1886; x_wconf 91' lang='lat' dir='ltr'><strong>nec</strong></span> <span class='ocrx_word' id='word_1_253' title='bbox 2313 1833 2649 1903; x_wconf 82' lang='lat' dir='ltr'><strong>presbytero,</strong></span> <span class='ocrx_word' id='word_1_254' title='bbox 2682 1848 2783 1890; x_wconf 89' lang='lat' dir='ltr'><strong>nec</strong></span> <span class='ocrx_word' id='word_1_255' title='bbox 2811 1834 3063 1900; x_wconf 89' lang='lat' dir='ltr'><strong>diacono,</strong></span> <span class='ocrx_word' id='word_1_256' title='bbox 3098 1848 3198 1891; x_wconf 91' lang='lat' dir='ltr'><strong>nec</strong></span> <span class='ocrx_word' id='word_1_257' title='bbox 3227 1837 3318 1891; x_wconf 88' lang='lat' dir='ltr'><strong>ulli</strong></span> <span class='ocrx_word' id='word_1_258' title='bbox 3342 1839 3558 1906; x_wconf 86' lang='lat' dir='ltr'><strong>penitus</strong></span> 
     </span>
    </p>
   </div>
   <div class='ocr_carea' id='block_1_33' title="bbox 256 1921 1855 2003">
    <p class='ocr_par' dir='ltr' id='par_1_33' title="bbox 256 1921 1855 2003">
     <span class='ocr_line' id='line_1_34' title="bbox 256 1921 1855 2003; baseline -0.008 -16"><span class='ocrx_word' id='word_1_259' title='bbox 256 1935 360 1988; x_wconf 85' lang='grc' dir='ltr'>τινὶ</span> <span class='ocrx_word' id='word_1_260' title='bbox 395 1938 497 1987; x_wconf 83' lang='grc' dir='ltr'>τῶν</span> <span class='ocrx_word' id='word_1_261' title='bbox 534 1931 584 1984; x_wconf 79' lang='grc' dir='ltr'>ἐν</span> <span class='ocrx_word' id='word_1_262' title='bbox 626 1930 814 2003; x_wconf 63' lang='grc' dir='ltr'>κλήρῳ,</span> <span class='ocrx_word' id='word_1_263' title='bbox 843 1928 1028 1991; x_wconf 77' lang='grc' dir='ltr'>ἐξεῖναι</span> <span class='ocrx_word' id='word_1_264' title='bbox 1075 1926 1403 1980; x_wconf 85' lang='grc' dir='ltr'>συνείσακτον</span> <span class='ocrx_word' id='word_1_265' title='bbox 1430 1932 1645 1997; x_wconf 82' lang='grc' dir='ltr'>γυναῖκα</span> <span class='ocrx_word' id='word_1_266' title='bbox 1689 1921 1855 1994; x_wconf 75' lang='grc' dir='ltr'>ἔχειν’</span> 
     </span>
    </p>
   </div>
   <div class='ocr_carea' id='block_1_34' title="bbox 257 2015 1860 2096">
    <p class='ocr_par' dir='ltr' id='par_1_34' title="bbox 257 2015 1860 2096">
     <span class='ocr_line' id='line_1_35' title="bbox 257 2015 1860 2096; baseline -0.006 -18"><span class='ocrx_word' id='word_1_267' title='bbox 257 2026 393 2084; x_wconf 72' lang='grc' dir='ltr'>πλήν</span> <span class='ocrx_word' id='word_1_268' title='bbox 423 2020 471 2077; x_wconf 78' lang='grc' dir='ltr'><strong>εί</strong></span> <span class='ocrx_word' id='word_1_269' title='bbox 506 2027 577 2095; x_wconf 78' lang='grc' dir='ltr'>μὴ</span> <span class='ocrx_word' id='word_1_270' title='bbox 626 2019 730 2096; x_wconf 79' lang='grc' dir='ltr'>ἄρα</span> <span class='ocrx_word' id='word_1_271' title='bbox 771 2022 989 2096; x_wconf 81' lang='grc' dir='ltr'>μητέρα,</span> <span class='ocrx_word' id='word_1_272' title='bbox 1031 2017 1062 2077; x_wconf 75' lang='grc' dir='ltr'>ἦ</span> <span class='ocrx_word' id='word_1_273' title='bbox 1104 2016 1343 2089; x_wconf 75' lang='grc' dir='ltr'><strong>ἀδελφὴν.</strong></span> <span class='ocrx_word' id='word_1_274' title='bbox 1378 2015 1406 2074; x_wconf 79' lang='grc' dir='ltr'>ἦ</span> <span class='ocrx_word' id='word_1_275' title='bbox 1437 2019 1587 2081; x_wconf 83' lang='grc' dir='ltr'>θείαν,</span> <span class='ocrx_word' id='word_1_276' title='bbox 1620 2017 1648 2075; x_wconf 78' lang='grc' dir='ltr'>ἦ</span> <span class='ocrx_word' id='word_1_277' title='bbox 1674 2016 1705 2070; x_wconf 84' lang='grc' dir='ltr'>ἃ</span> <span class='ocrx_word' id='word_1_278' title='bbox 1732 2017 1860 2085; x_wconf 84' lang='grc' dir='ltr'>μόνα</span> 
     </span>
    </p>
   </div>
   <div class='ocr_carea' id='block_1_35' title="bbox 253 2108 1339 2191">
    <p class='ocr_par' dir='ltr' id='par_1_35' title="bbox 253 2108 1339 2191">
     <span class='ocr_line' id='line_1_36' title="bbox 253 2108 1339 2191; baseline -0.011 -20"><span class='ocrx_word' id='word_1_279' title='bbox 253 2113 521 2191; x_wconf 84' lang='grc' dir='ltr'>πρόσωπα</span> <span class='ocrx_word' id='word_1_280' title='bbox 546 2119 723 2169; x_wconf 81' lang='grc' dir='ltr'>πᾶσαν</span> <span class='ocrx_word' id='word_1_281' title='bbox 748 2111 973 2182; x_wconf 78' lang='grc' dir='ltr'>ὑποψίαν</span> <span class='ocrx_word' id='word_1_282' title='bbox 997 2108 1339 2181; x_wconf 73' lang='grc' dir='ltr'><strong>διαπέφευγεν.</strong></span> 
     </span>
    </p>
   </div>
   <div class='ocr_carea' id='block_1_36' title="bbox 329 2281 1863 2359">
    <p class='ocr_par' dir='ltr' id='par_1_36' title="bbox 329 2281 1863 2359">
     <span class='ocr_line' id='line_1_37' title="bbox 329 2281 1863 2359; baseline -0.009 -15"><span class='ocrx_word' id='word_1_283' title='bbox 329 2289 395 2344; x_wconf 72' lang='grc' dir='ltr'>δ’.</span> <span class='ocrx_word' id='word_1_284' title='bbox 424 2289 734 2343; x_wconf 78' lang='grc' dir='ltr'>Ἑπίσκοπον</span> <span class='ocrx_word' id='word_1_285' title='bbox 760 2287 1013 2359; x_wconf 77' lang='grc' dir='ltr'>προσήκει</span> <span class='ocrx_word' id='word_1_286' title='bbox 1037 2283 1262 2353; x_wconf 79' lang='grc' dir='ltr'>μάλιστα</span> <span class='ocrx_word' id='word_1_287' title='bbox 1287 2283 1376 2352; x_wconf 89' lang='grc' dir='ltr'><strong>μέν</strong></span> <span class='ocrx_word' id='word_1_288' title='bbox 1408 2281 1510 2334; x_wconf 80' lang='grc' dir='ltr'><strong>ὑπὸ</strong></span> <span class='ocrx_word' id='word_1_289' title='bbox 1540 2282 1743 2334; x_wconf 81' lang='grc' dir='ltr'>πάντων</span> <span class='ocrx_word' id='word_1_290' title='bbox 1764 2285 1863 2332; x_wconf 85' lang='grc' dir='ltr'>τῶν</span> 
     </span>
    </p>
   </div>
   <div class='ocr_carea' id='block_1_37' title="bbox 251 2367 1865 2457">
    <p class='ocr_par' dir='ltr' id='par_1_37' title="bbox 251 2367 1865 2457">
     <span class='ocr_line' id='line_1_38' title="bbox 251 2367 1865 2457; baseline -0.01 -20"><span class='ocrx_word' id='word_1_291' title='bbox 251 2384 305 2437; x_wconf 83' lang='grc' dir='ltr'><strong>ἐν</strong></span> <span class='ocrx_word' id='word_1_292' title='bbox 342 2389 404 2455; x_wconf 78' lang='grc' dir='ltr'><strong>τῇ</strong></span> <span class='ocrx_word' id='word_1_293' title='bbox 432 2381 667 2457; x_wconf 79' lang='grc' dir='ltr'><strong>ἐπαρχίᾳ</strong></span> <span class='ocrx_word' id='word_1_294' title='bbox 692 2375 1053 2431; x_wconf 78' lang='grc' dir='ltr'>καθίστασθαι·</span> <span class='ocrx_word' id='word_1_295' title='bbox 1081 2371 1198 2428; x_wconf 84' lang='grc' dir='ltr'>εὶδέ</span> <span class='ocrx_word' id='word_1_296' title='bbox 1229 2371 1490 2444; x_wconf 81' lang='grc' dir='ltr'>δυσχερὲς</span> <span class='ocrx_word' id='word_1_297' title='bbox 1515 2367 1591 2431; x_wconf 77' lang='grc' dir='ltr'>εἴη</span> <span class='ocrx_word' id='word_1_298' title='bbox 1619 2370 1676 2424; x_wconf 87' lang='grc' dir='ltr'><strong>τό</strong></span> <span class='ocrx_word' id='word_1_299' title='bbox 1704 2375 1865 2424; x_wconf 86' lang='grc' dir='ltr'>τοιοῦ-</span> 
     </span>
    </p>
   </div>
   <div class='ocr_carea' id='block_1_38' title="bbox 253 2459 1864 2538">
    <p class='ocr_par' dir='ltr' id='par_1_38' title="bbox 253 2459 1864 2538">
     <span class='ocr_line' id='line_1_39' title="bbox 253 2459 1864 2538; baseline -0.011 -9"><span class='ocrx_word' id='word_1_300' title='bbox 253 2493 364 2534; x_wconf 80' lang='grc' dir='ltr'>τον,</span> <span class='ocrx_word' id='word_1_301' title='bbox 389 2470 421 2529; x_wconf 77' lang='grc' dir='ltr'><strong><em>ἦ</em></strong></span> <span class='ocrx_word' id='word_1_302' title='bbox 454 2468 539 2525; x_wconf 85' lang='grc' dir='ltr'>διὰ</span> <span class='ocrx_word' id='word_1_303' title='bbox 566 2470 975 2538; x_wconf 77' lang='grc' dir='ltr'>κατεπείγουοαν</span> <span class='ocrx_word' id='word_1_304' title='bbox 1015 2462 1255 2536; x_wconf 81' lang='grc' dir='ltr'>ἀνάγκην,</span> <span class='ocrx_word' id='word_1_305' title='bbox 1284 2461 1314 2521; x_wconf 79' lang='grc' dir='ltr'><strong>ἣ</strong></span> <span class='ocrx_word' id='word_1_306' title='bbox 1340 2461 1425 2517; x_wconf 79' lang='grc' dir='ltr'>διὰ</span> <span class='ocrx_word' id='word_1_307' title='bbox 1450 2469 1607 2532; x_wconf 82' lang='grc' dir='ltr'>μῆκος</span> <span class='ocrx_word' id='word_1_308' title='bbox 1641 2459 1780 2525; x_wconf 77' lang='grc' dir='ltr'>ὁδοῦ,</span> <span class='ocrx_word' id='word_1_309' title='bbox 1814 2460 1864 2522; x_wconf 73' lang='grc' dir='ltr'><strong>ἐξ</strong></span> 
     </span>
    </p>
   </div>
   <div class='ocr_carea' id='block_1_39' title="bbox 254 2550 1864 2635">
    <p class='ocr_par' dir='ltr' id='par_1_39' title="bbox 254 2550 1864 2635">
     <span class='ocr_line' id='line_1_40' title="bbox 254 2550 1864 2635; baseline -0.011 -16"><span class='ocrx_word' id='word_1_310' title='bbox 254 2563 492 2620; x_wconf 76' lang='grc' dir='ltr'><strong>ἅπαντος</strong></span> <span class='ocrx_word' id='word_1_311' title='bbox 536 2566 673 2635; x_wconf 83' lang='grc' dir='ltr'>τρεῖς</span> <span class='ocrx_word' id='word_1_312' title='bbox 720 2560 806 2612; x_wconf 81' lang='grc' dir='ltr'>ἐπὶ</span> <span class='ocrx_word' id='word_1_313' title='bbox 851 2557 909 2611; x_wconf 89' lang='grc' dir='ltr'>τὸ</span> <span class='ocrx_word' id='word_1_314' title='bbox 962 2556 1090 2609; x_wconf 81' lang='grc' dir='ltr'>αὐτὸ</span> <span class='ocrx_word' id='word_1_315' title='bbox 1137 2554 1548 2622; x_wconf 66' lang='grc' dir='ltr'><strong>συναγομένους,</strong></span> <span class='ocrx_word' id='word_1_316' title='bbox 1579 2550 1864 2622; x_wconf 71' lang='grc' dir='ltr'>αυμψὴφων</span> 
     </span>
    </p>
   </div>
   <div class='ocr_carea' id='block_1_40' title="bbox 252 2638 1865 2731">
    <p class='ocr_par' dir='ltr' id='par_1_40' title="bbox 252 2638 1865 2731">
     <span class='ocr_line' id='line_1_41' title="bbox 252 2638 1865 2731; baseline -0.011 -18"><span class='ocrx_word' id='word_1_317' title='bbox 252 2658 538 2731; x_wconf 78' lang='grc' dir='ltr'>γινομένων</span> <span class='ocrx_word' id='word_1_318' title='bbox 566 2656 651 2707; x_wconf 86' lang='grc' dir='ltr'>καὶ</span> <span class='ocrx_word' id='word_1_319' title='bbox 689 2657 791 2706; x_wconf 81' lang='grc' dir='ltr'>τῶν</span> <span class='ocrx_word' id='word_1_320' title='bbox 822 2648 1053 2704; x_wconf 81' lang='grc' dir='ltr'>ἀπόντων</span> <span class='ocrx_word' id='word_1_321' title='bbox 1081 2648 1169 2701; x_wconf 87' lang='grc' dir='ltr'><strong>καί</strong></span> <span class='ocrx_word' id='word_1_322' title='bbox 1202 2644 1567 2714; x_wconf 78' lang='grc' dir='ltr'><strong>συντιθεμένων</strong></span> <span class='ocrx_word' id='word_1_323' title='bbox 1593 2638 1674 2697; x_wconf 84' lang='grc' dir='ltr'>διὰ</span> <span class='ocrx_word' id='word_1_324' title='bbox 1700 2661 1865 2714; x_wconf 69' lang='grc' dir='ltr'>γραμ-</span> 
     </span>
    </p>
   </div>
   <div class='ocr_carea' id='block_1_41' title="bbox 255 2732 1864 2816">
    <p class='ocr_par' dir='ltr' id='par_1_41' title="bbox 255 2732 1864 2816">
     <span class='ocr_line' id='line_1_42' title="bbox 255 2732 1864 2816; baseline -0.01 -14"><span class='ocrx_word' id='word_1_325' title='bbox 255 2748 462 2809; x_wconf 74' lang='grc' dir='ltr'>οιοὶτων,</span> <span class='ocrx_word' id='word_1_326' title='bbox 482 2744 597 2798; x_wconf 81' lang='grc' dir='ltr'>τότε</span> <span class='ocrx_word' id='word_1_327' title='bbox 624 2746 715 2800; x_wconf 73' lang='grc' dir='ltr'>τήν</span> <span class='ocrx_word' id='word_1_328' title='bbox 740 2741 1067 2816; x_wconf 76' lang='grc' dir='ltr'>χειροτονίαν</span> <span class='ocrx_word' id='word_1_329' title='bbox 1093 2738 1377 2793; x_wconf 84' lang='grc' dir='ltr'>ποιεῖσθαι.</span> <span class='ocrx_word' id='word_1_330' title='bbox 1408 2733 1475 2789; x_wconf 84' lang='grc' dir='ltr'>Τὸ</span> <span class='ocrx_word' id='word_1_331' title='bbox 1502 2732 1556 2789; x_wconf 80' lang='grc' dir='ltr'>δὲ</span> <span class='ocrx_word' id='word_1_332' title='bbox 1584 2735 1737 2808; x_wconf 84' lang='grc' dir='ltr'>κύρος</span> <span class='ocrx_word' id='word_1_333' title='bbox 1767 2740 1864 2788; x_wconf 86' lang='grc' dir='ltr'><strong>τῶν</strong></span> 
     </span>
    </p>
   </div>
   <div class='ocr_carea' id='block_1_42' title="bbox 252 2827 1865 2908">
    <p class='ocr_par' dir='ltr' id='par_1_42' title="bbox 252 2827 1865 2908">
     <span class='ocr_line' id='line_1_43' title="bbox 252 2827 1865 2908; baseline -0.008 -17"><span class='ocrx_word' id='word_1_334' title='bbox 252 2838 539 2908; x_wconf 78' lang='grc' dir='ltr'>γινομένων</span> <span class='ocrx_word' id='word_1_335' title='bbox 584 2831 817 2888; x_wconf 74' lang='grc' dir='ltr'>δίδοσθαι</span> <span class='ocrx_word' id='word_1_336' title='bbox 858 2831 967 2885; x_wconf 82' lang='grc' dir='ltr'>καθ’</span> <span class='ocrx_word' id='word_1_337' title='bbox 984 2830 1204 2887; x_wconf 79' lang='grc' dir='ltr'>ἑκάστην</span> <span class='ocrx_word' id='word_1_338' title='bbox 1252 2827 1509 2901; x_wconf 79' lang='grc' dir='ltr'>ἐπαρχίαν</span> <span class='ocrx_word' id='word_1_339' title='bbox 1550 2833 1624 2898; x_wconf 84' lang='grc' dir='ltr'>τῷ</span> <span class='ocrx_word' id='word_1_340' title='bbox 1673 2845 1865 2899; x_wconf 80' lang='grc' dir='ltr'>μητρο-</span> 
     </span>
    </p>
   </div>
   <div class='ocr_carea' id='block_1_43' title="bbox 252 2930 464 3001">
    <p class='ocr_par' dir='ltr' id='par_1_43' title="bbox 252 2930 464 3001">
     <span class='ocr_line' id='line_1_44' title="bbox 252 2930 464 3001; baseline -0.014 -18"><span class='ocrx_word' id='word_1_341' title='bbox 252 2930 443 3001; x_wconf 82' lang='grc' dir='ltr'>πολὶτῃ</span> <span class='ocrx_word' id='word_1_342' title='bbox 453 2969 464 2980; x_wconf 92' lang='grc'><strong>.</strong></span> 
     </span>
    </p>
   </div>
   <div class='ocr_carea' id='block_1_44' title="bbox 334 3012 1865 3093">
    <p class='ocr_par' dir='ltr' id='par_1_44' title="bbox 334 3012 1865 3093">
     <span class='ocr_line' id='line_1_45' title="bbox 334 3012 1865 3093; baseline -0.007 -18"><span class='ocrx_word' id='word_1_343' title='bbox 334 3022 389 3075; x_wconf 81' lang='grc' dir='ltr'>ε’.</span> <span class='ocrx_word' id='word_1_344' title='bbox 424 3022 546 3093; x_wconf 84' lang='grc' dir='ltr'><strong>Περί</strong></span> <span class='ocrx_word' id='word_1_345' title='bbox 566 3027 667 3075; x_wconf 83' lang='grc' dir='ltr'>τῶν</span> <span class='ocrx_word' id='word_1_346' title='bbox 689 3020 1026 3076; x_wconf 51' lang='grc' dir='ltr'>ἆκοινωήτων</span> <span class='ocrx_word' id='word_1_347' title='bbox 1046 3016 1345 3089; x_wconf 82' lang='grc' dir='ltr'>γενομένων,</span> <span class='ocrx_word' id='word_1_348' title='bbox 1367 3013 1464 3069; x_wconf 83' lang='grc' dir='ltr'>εἴτε</span> <span class='ocrx_word' id='word_1_349' title='bbox 1485 3020 1586 3071; x_wconf 86' lang='grc' dir='ltr'>τῶν</span> <span class='ocrx_word' id='word_1_350' title='bbox 1606 3014 1656 3068; x_wconf 82' lang='grc' dir='ltr'><strong>ἐν</strong></span> <span class='ocrx_word' id='word_1_351' title='bbox 1675 3012 1865 3087; x_wconf 70' lang='grc' dir='ltr'>κλήρῳ,</span> 
     </span>
    </p>
   </div>
   <div class='ocr_carea' id='block_1_45' title="bbox 252 3102 1865 3182">
    <p class='ocr_par' dir='ltr' id='par_1_45' title="bbox 252 3102 1865 3182">
     <span class='ocr_line' id='line_1_46' title="bbox 252 3102 1865 3182; baseline -0.007 -14"><span class='ocrx_word' id='word_1_352' title='bbox 252 3111 361 3168; x_wconf 73' lang='grc' dir='ltr'>εἴτε</span> <span class='ocrx_word' id='word_1_353' title='bbox 398 3119 502 3166; x_wconf 87' lang='grc' dir='ltr'>τῶν</span> <span class='ocrx_word' id='word_1_354' title='bbox 538 3112 587 3163; x_wconf 88' lang='grc' dir='ltr'><strong>ἐν</strong></span> <span class='ocrx_word' id='word_1_355' title='bbox 631 3111 789 3182; x_wconf 80' lang='grc' dir='ltr'>λαῖκῷ</span> <span class='ocrx_word' id='word_1_356' title='bbox 830 3111 1055 3182; x_wconf 82' lang='grc' dir='ltr'>τάγματι</span> <span class='ocrx_word' id='word_1_357' title='bbox 1100 3113 1434 3181; x_wconf 72' lang='grc' dir='ltr'>τεταγμένων,</span> <span class='ocrx_word' id='word_1_358' title='bbox 1470 3107 1571 3161; x_wconf 79' lang='grc' dir='ltr'><strong>ὑπὸ</strong></span> <span class='ocrx_word' id='word_1_359' title='bbox 1612 3112 1712 3161; x_wconf 86' lang='grc' dir='ltr'>τῶν</span> <span class='ocrx_word' id='word_1_360' title='bbox 1754 3102 1865 3161; x_wconf 84' lang='grc' dir='ltr'>καθ’</span> 
     </span>
    </p>
   </div>
   <div class='ocr_carea' id='block_1_46' title="bbox 1965 1923 3559 1998">
    <p class='ocr_par' dir='ltr' id='par_1_46' title="bbox 1965 1923 3559 1998">
     <span class='ocr_line' id='line_1_47' title="bbox 1965 1923 3559 1998; baseline 0.006 -22"><span class='ocrx_word' id='word_1_361' title='bbox 1965 1936 2153 1977; x_wconf 88' lang='lat' dir='ltr'><strong>eorum</strong></span> <span class='ocrx_word' id='word_1_362' title='bbox 2181 1923 2274 1993; x_wconf 90' lang='lat' dir='ltr'><strong>qui</strong></span> <span class='ocrx_word' id='word_1_363' title='bbox 2322 1932 2449 1978; x_wconf 87' lang='lat' dir='ltr'><strong>sunt</strong></span> <span class='ocrx_word' id='word_1_364' title='bbox 2491 1925 2543 1978; x_wconf 89' lang='lat' dir='ltr'><strong>in</strong></span> <span class='ocrx_word' id='word_1_365' title='bbox 2574 1925 2753 1993; x_wconf 88' lang='lat' dir='ltr'><strong>clero,</strong></span> <span class='ocrx_word' id='word_1_366' title='bbox 2786 1934 3102 1982; x_wconf 79' lang='lat' dir='ltr'><strong>extraneam</strong></span> <span class='ocrx_word' id='word_1_367' title='bbox 3142 1927 3559 1998; x_wconf 75' lang='lat' dir='ltr'><strong>[subintrodur-</strong></span> 
     </span>
    </p>
   </div>
   <div class='ocr_carea' id='block_1_47' title="bbox 1966 2009 3557 2084">
    <p class='ocr_par' dir='ltr' id='par_1_47' title="bbox 1966 2009 3557 2084">
     <span class='ocr_line' id='line_1_48' title="bbox 1966 2009 3557 2084; baseline 0.006 -20"><span class='ocrx_word' id='word_1_368' title='bbox 1966 2009 2109 2083; x_wconf 87' lang='lat' dir='ltr'><strong>tam]</strong></span> <span class='ocrx_word' id='word_1_369' title='bbox 2132 2012 2333 2067; x_wconf 84' lang='lat' dir='ltr'><strong>habere</strong></span> <span class='ocrx_word' id='word_1_370' title='bbox 2371 2014 2684 2081; x_wconf 88' lang='lat' dir='ltr'><strong>mulierem;</strong></span> <span class='ocrx_word' id='word_1_371' title='bbox 2716 2015 2819 2070; x_wconf 91' lang='lat' dir='ltr'><strong>nisi</strong></span> <span class='ocrx_word' id='word_1_372' title='bbox 2861 2014 3004 2071; x_wconf 84' lang='lat' dir='ltr'><strong>forte</strong></span> <span class='ocrx_word' id='word_1_373' title='bbox 3046 2024 3139 2071; x_wconf 88' lang='lat' dir='ltr'><strong>aut</strong></span> <span class='ocrx_word' id='word_1_374' title='bbox 3167 2025 3431 2084; x_wconf 87' lang='lat' dir='ltr'><strong>matrem,</strong></span> <span class='ocrx_word' id='word_1_375' title='bbox 3464 2029 3557 2073; x_wconf 89' lang='lat' dir='ltr'><strong>aut</strong></span> 
     </span>
    </p>
   </div>
   <div class='ocr_carea' id='block_1_48' title="bbox 1966 2107 3556 2182">
    <p class='ocr_par' dir='ltr' id='par_1_48' title="bbox 1966 2107 3556 2182">
     <span class='ocr_line' id='line_1_49' title="bbox 1966 2107 3556 2182; baseline 0.005 -24"><span class='ocrx_word' id='word_1_376' title='bbox 1966 2119 2231 2174; x_wconf 87' lang='lat' dir='ltr'><strong>sororem,</strong></span> <span class='ocrx_word' id='word_1_377' title='bbox 2262 2114 2355 2161; x_wconf 86' lang='lat' dir='ltr'><strong>aut</strong></span> <span class='ocrx_word' id='word_1_378' title='bbox 2400 2107 2644 2171; x_wconf 85' lang='lat' dir='ltr'><strong>amitam,</strong></span> <span class='ocrx_word' id='word_1_379' title='bbox 2672 2109 2757 2164; x_wconf 87' lang='lat' dir='ltr'><strong>vel</strong></span> <span class='ocrx_word' id='word_1_380' title='bbox 2783 2123 2876 2164; x_wconf 89' lang='lat' dir='ltr'><strong>eas</strong></span> <span class='ocrx_word' id='word_1_381' title='bbox 2904 2116 3115 2165; x_wconf 88' lang='lat' dir='ltr'><strong>tantum</strong></span> <span class='ocrx_word' id='word_1_382' title='bbox 3143 2123 3406 2181; x_wconf 86' lang='lat' dir='ltr'><strong>personas</strong></span> <span class='ocrx_word' id='word_1_383' title='bbox 3435 2127 3556 2182; x_wconf 74' lang='lat' dir='ltr'><strong>qum</strong></span> 
     </span>
    </p>
   </div>
   <div class='ocr_carea' id='block_1_49' title="bbox 1966 2198 2862 2268">
    <p class='ocr_par' dir='ltr' id='par_1_49' title="bbox 1966 2198 2862 2268">
     <span class='ocr_line' id='line_1_50' title="bbox 1966 2198 2862 2268; baseline 0.006 -18"><span class='ocrx_word' id='word_1_384' title='bbox 1966 2211 2179 2252; x_wconf 91' lang='lat' dir='ltr'><strong>omnem</strong></span> <span class='ocrx_word' id='word_1_385' title='bbox 2198 2198 2560 2267; x_wconf 87' lang='lat' dir='ltr'><strong>suspicionem</strong></span> <span class='ocrx_word' id='word_1_386' title='bbox 2584 2198 2862 2268; x_wconf 65' lang='lat' dir='ltr'><strong>effugiunt.</strong></span> 
     </span>
    </p>
   </div>
   <div class='ocr_carea' id='block_1_50' title="bbox 2037 2288 3559 2364">
    <p class='ocr_par' dir='ltr' id='par_1_50' title="bbox 2037 2288 3559 2364">
     <span class='ocr_line' id='line_1_51' title="bbox 2037 2288 3559 2364; baseline 0.006 -23"><span class='ocrx_word' id='word_1_387' title='bbox 2037 2288 2122 2344; x_wconf 86' lang='lat' dir='ltr'><strong>IV.</strong></span> <span class='ocrx_word' id='word_1_388' title='bbox 2169 2290 2492 2361; x_wconf 82' lang='lat' dir='ltr'><strong>Episcopum</strong></span> <span class='ocrx_word' id='word_1_389' title='bbox 2520 2300 2739 2362; x_wconf 89' lang='lat' dir='ltr'><strong>oportet</strong></span> <span class='ocrx_word' id='word_1_390' title='bbox 2768 2294 3004 2349; x_wconf 86' lang='lat' dir='ltr'><strong>maxime</strong></span> <span class='ocrx_word' id='word_1_391' title='bbox 3030 2294 3247 2364; x_wconf 88' lang='lat' dir='ltr'><strong>quidem</strong></span> <span class='ocrx_word' id='word_1_392' title='bbox 3276 2295 3344 2349; x_wconf 85' lang='lat' dir='ltr'><strong>ab</strong></span> <span class='ocrx_word' id='word_1_393' title='bbox 3385 2296 3559 2350; x_wconf 90' lang='lat' dir='ltr'><strong>omni-</strong></span> 
     </span>
    </p>
   </div>
   <div class='ocr_carea' id='block_1_51' title="bbox 1966 2381 3559 2456">
    <p class='ocr_par' dir='ltr' id='par_1_51' title="bbox 1966 2381 3559 2456">
     <span class='ocr_line' id='line_1_52' title="bbox 1966 2381 3559 2456; baseline 0.003 -21"><span class='ocrx_word' id='word_1_394' title='bbox 1966 2381 2066 2435; x_wconf 90' lang='lat' dir='ltr'><strong>bus</strong></span> <span class='ocrx_word' id='word_1_395' title='bbox 2087 2381 2177 2451; x_wconf 91' lang='lat' dir='ltr'><strong>qui</strong></span> <span class='ocrx_word' id='word_1_396' title='bbox 2207 2391 2332 2436; x_wconf 87' lang='lat' dir='ltr'><strong>sunt</strong></span> <span class='ocrx_word' id='word_1_397' title='bbox 2356 2383 2409 2437; x_wconf 93' lang='lat' dir='ltr'><strong>in</strong></span> <span class='ocrx_word' id='word_1_398' title='bbox 2426 2383 2704 2453; x_wconf 84' lang='lat' dir='ltr'><strong>provincia</strong></span> <span class='ocrx_word' id='word_1_399' title='bbox 2730 2384 2998 2456; x_wconf 86' lang='lat' dir='ltr'><strong>episcopis</strong></span> <span class='ocrx_word' id='word_1_400' title='bbox 3019 2386 3275 2442; x_wconf 83' lang='lat' dir='ltr'><strong>constitui</strong></span> <span class='ocrx_word' id='word_1_401' title='bbox 3309 2403 3322 2439; x_wconf 89' lang='lat'><strong>:</strong></span> <span class='ocrx_word' id='word_1_402' title='bbox 3352 2385 3399 2441; x_wconf 89' lang='lat' dir='ltr'><strong>si</strong></span> <span class='ocrx_word' id='word_1_403' title='bbox 3428 2401 3559 2441; x_wconf 77' lang='lat' dir='ltr'><strong>vero</strong></span> 
     </span>
    </p>
   </div>
   <div class='ocr_carea' id='block_1_52' title="bbox 1968 2470 3560 2546">
    <p class='ocr_par' dir='ltr' id='par_1_52' title="bbox 1968 2470 3560 2546">
     <span class='ocr_line' id='line_1_53' title="bbox 1968 2470 3560 2546; baseline 0.004 -22"><span class='ocrx_word' id='word_1_404' title='bbox 1968 2471 2073 2525; x_wconf 87' lang='lat' dir='ltr'><strong>hoc</strong></span> <span class='ocrx_word' id='word_1_405' title='bbox 2095 2470 2309 2526; x_wconf 86' lang='lat' dir='ltr'><strong>difﬁcile</strong></span> <span class='ocrx_word' id='word_1_406' title='bbox 2335 2470 2518 2539; x_wconf 86' lang='lat' dir='ltr'><strong>fuerit,</strong></span> <span class='ocrx_word' id='word_1_407' title='bbox 2550 2482 2643 2529; x_wconf 91' lang='lat' dir='ltr'><strong>aut</strong></span> <span class='ocrx_word' id='word_1_408' title='bbox 2672 2484 2896 2546; x_wconf 88' lang='lat' dir='ltr'><strong>propter</strong></span> <span class='ocrx_word' id='word_1_409' title='bbox 2930 2485 3214 2546; x_wconf 82' lang='lat' dir='ltr'><strong>urgentem</strong></span> <span class='ocrx_word' id='word_1_410' title='bbox 3261 2478 3560 2533; x_wconf 81' lang='lat' dir='ltr'><strong>necessita—</strong></span> 
     </span>
    </p>
   </div>
   <div class='ocr_carea' id='block_1_53' title="bbox 1969 2564 3562 2634">
    <p class='ocr_par' dir='ltr' id='par_1_53' title="bbox 1969 2564 3562 2634">
     <span class='ocr_line' id='line_1_54' title="bbox 1969 2564 3562 2634; baseline 0.004 -21"><span class='ocrx_word' id='word_1_411' title='bbox 1969 2568 2095 2625; x_wconf 89' lang='lat' dir='ltr'><strong>tem,</strong></span> <span class='ocrx_word' id='word_1_412' title='bbox 2129 2569 2240 2634; x_wconf 27' lang='lat' dir='ltr'><strong>aut.</strong></span> <span class='ocrx_word' id='word_1_413' title='bbox 2261 2571 2482 2631; x_wconf 83' lang='lat' dir='ltr'><strong>prOptcr</strong></span> <span class='ocrx_word' id='word_1_414' title='bbox 2526 2564 2733 2619; x_wconf 89' lang='lat' dir='ltr'><strong>itineris</strong></span> <span class='ocrx_word' id='word_1_415' title='bbox 2760 2565 3172 2634; x_wconf 82' lang='lat' dir='ltr'><strong>longitudinem,</strong></span> <span class='ocrx_word' id='word_1_416' title='bbox 3202 2574 3314 2622; x_wconf 86' lang='lat' dir='ltr'><strong>tres</strong></span> <span class='ocrx_word' id='word_1_417' title='bbox 3343 2568 3562 2622; x_wconf 84' lang='lat' dir='ltr'><strong>omnino</strong></span> 
     </span>
    </p>
   </div>
   <div class='ocr_carea' id='block_1_54' title="bbox 1970 2651 3559 2727">
    <p class='ocr_par' dir='ltr' id='par_1_54' title="bbox 1970 2651 3559 2727">
     <span class='ocr_line' id='line_1_55' title="bbox 1970 2651 3559 2727; baseline 0.004 -23"><span class='ocrx_word' id='word_1_418' title='bbox 1970 2651 2023 2705; x_wconf 91' lang='lat' dir='ltr'><strong>in</strong></span> <span class='ocrx_word' id='word_1_419' title='bbox 2054 2651 2285 2722; x_wconf 86' lang='lat' dir='ltr'><strong>idipsnm</strong></span> <span class='ocrx_word' id='word_1_420' title='bbox 2308 2656 2713 2724; x_wconf 86' lang='lat' dir='ltr'><strong>convenientes,</strong></span> <span class='ocrx_word' id='word_1_421' title='bbox 2742 2656 3035 2713; x_wconf 89' lang='lat' dir='ltr'><strong>dummodo</strong></span> <span class='ocrx_word' id='word_1_422' title='bbox 3065 2658 3445 2713; x_wconf 89' lang='lat' dir='ltr'><strong>consenserint</strong></span> <span class='ocrx_word' id='word_1_423' title='bbox 3467 2661 3559 2727; x_wconf 86' lang='lat' dir='ltr'><strong>qui</strong></span> 
     </span>
    </p>
   </div>
   <div class='ocr_carea' id='block_1_55' title="bbox 1970 2740 3560 2815">
    <p class='ocr_par' dir='ltr' id='par_1_55' title="bbox 1970 2740 3560 2815">
     <span class='ocr_line' id='line_1_56' title="bbox 1970 2740 3560 2815; baseline 0.005 -22"><span class='ocrx_word' id='word_1_424' title='bbox 1970 2740 2183 2808; x_wconf 90' lang='lat' dir='ltr'><strong>absunt,</strong></span> <span class='ocrx_word' id='word_1_425' title='bbox 2215 2749 2269 2795; x_wconf 90' lang='lat' dir='ltr'><strong>et</strong></span> <span class='ocrx_word' id='word_1_426' title='bbox 2297 2756 2395 2810; x_wconf 91' lang='lat' dir='ltr'><strong>per</strong></span> <span class='ocrx_word' id='word_1_427' title='bbox 2434 2742 2640 2799; x_wconf 88' lang='lat' dir='ltr'><strong>litteras</strong></span> <span class='ocrx_word' id='word_1_428' title='bbox 2680 2746 3123 2815; x_wconf 86' lang='lat' dir='ltr'><strong>approbaverint,</strong></span> <span class='ocrx_word' id='word_1_429' title='bbox 3165 2747 3560 2803; x_wconf 83' lang='lat' dir='ltr'><strong>ordinationem</strong></span> 
     </span>
    </p>
   </div>
   <div class='ocr_carea' id='block_1_56' title="bbox 1968 2830 3549 2910">
    <p class='ocr_par' dir='ltr' id='par_1_56' title="bbox 1968 2830 3549 2910">
     <span class='ocr_line' id='line_1_57' title="bbox 1968 2830 3549 2910; baseline 0.008 -26"><span class='ocrx_word' id='word_1_430' title='bbox 1968 2830 2185 2887; x_wconf 83' lang='lat' dir='ltr'><strong>faciant.</strong></span> <span class='ocrx_word' id='word_1_431' title='bbox 2245 2832 2595 2890; x_wconf 86' lang='lat' dir='ltr'><strong>Conﬁrmatio</strong></span> <span class='ocrx_word' id='word_1_432' title='bbox 2649 2845 2831 2893; x_wconf 90' lang='lat' dir='ltr'><strong>autem</strong></span> <span class='ocrx_word' id='word_1_433' title='bbox 2888 2853 3078 2894; x_wconf 87' lang='lat' dir='ltr'><strong>eorum</strong></span> <span class='ocrx_word' id='word_1_434' title='bbox 3133 2854 3254 2910; x_wconf 72' lang='lat' dir='ltr'><strong>qum</strong></span> <span class='ocrx_word' id='word_1_435' title='bbox 3309 2841 3362 2895; x_wconf 92' lang='lat' dir='ltr'><strong>in</strong></span> <span class='ocrx_word' id='word_1_436' title='bbox 3425 2857 3549 2910; x_wconf 84' lang='lat' dir='ltr'><strong>qua-</strong></span> 
     </span>
    </p>
   </div>
   <div class='ocr_carea' id='block_1_57' title="bbox 1969 2925 3455 3002">
    <p class='ocr_par' dir='ltr' id='par_1_57' title="bbox 1969 2925 3455 3002">
     <span class='ocr_line' id='line_1_58' title="bbox 1969 2925 3455 3002; baseline 0.007 -26"><span class='ocrx_word' id='word_1_437' title='bbox 1969 2937 2076 2991; x_wconf 89' lang='lat' dir='ltr'><strong>que</strong></span> <span class='ocrx_word' id='word_1_438' title='bbox 2104 2925 2381 2993; x_wconf 86' lang='lat' dir='ltr'><strong>provincia</strong></span> <span class='ocrx_word' id='word_1_439' title='bbox 2409 2935 2690 2995; x_wconf 82' lang='lat' dir='ltr'><strong>geruntur,</strong></span> <span class='ocrx_word' id='word_1_440' title='bbox 2725 2929 2992 2985; x_wconf 89' lang='lat' dir='ltr'><strong>tribuatur</strong></span> <span class='ocrx_word' id='word_1_441' title='bbox 3013 2932 3455 3002; x_wconf 86' lang='lat' dir='ltr'><strong>metropolitano.</strong></span> 
     </span>
    </p>
   </div>
   <div class='ocr_carea' id='block_1_58' title="bbox 2042 3013 3561 3093">
    <p class='ocr_par' dir='ltr' id='par_1_58' title="bbox 2042 3013 3561 3093">
     <span class='ocr_line' id='line_1_59' title="bbox 2042 3013 3561 3093; baseline 0.009 -26"><span class='ocrx_word' id='word_1_442' title='bbox 2042 3013 2108 3067; x_wconf 84' lang='lat' dir='ltr'><strong>V.</strong></span> <span class='ocrx_word' id='word_1_443' title='bbox 2149 3015 2226 3070; x_wconf 89' lang='lat' dir='ltr'><strong>De</strong></span> <span class='ocrx_word' id='word_1_444' title='bbox 2248 3016 2313 3071; x_wconf 89' lang='lat' dir='ltr'><strong>iis</strong></span> <span class='ocrx_word' id='word_1_445' title='bbox 2341 3018 2430 3086; x_wconf 88' lang='lat' dir='ltr'><strong>qui</strong></span> <span class='ocrx_word' id='word_1_446' title='bbox 2458 3022 2837 3076; x_wconf 90' lang='lat' dir='ltr'><strong>communione</strong></span> <span class='ocrx_word' id='word_1_447' title='bbox 2858 3022 3158 3093; x_wconf 88' lang='lat' dir='ltr'><strong>privantur,</strong></span> <span class='ocrx_word' id='word_1_448' title='bbox 3182 3040 3280 3081; x_wconf 91' lang='lat' dir='ltr'><strong>seu</strong></span> <span class='ocrx_word' id='word_1_449' title='bbox 3303 3040 3369 3080; x_wconf 81' lang='lat' dir='ltr'><strong>ex</strong></span> <span class='ocrx_word' id='word_1_450' title='bbox 3390 3026 3561 3093; x_wconf 90' lang='lat' dir='ltr'><strong>clero,</strong></span> 
     </span>
    </p>
   </div>
   <div class='ocr_carea' id='block_1_59' title="bbox 1970 3109 3563 3187">
    <p class='ocr_par' dir='ltr' id='par_1_59' title="bbox 1970 3109 3563 3187">
     <span class='ocr_line' id='line_1_60' title="bbox 1970 3109 3563 3187; baseline 0.006 -23"><span class='ocrx_word' id='word_1_451' title='bbox 1970 3122 2065 3164; x_wconf 91' lang='lat' dir='ltr'><strong>seu</strong></span> <span class='ocrx_word' id='word_1_452' title='bbox 2092 3123 2161 3163; x_wconf 85' lang='lat' dir='ltr'><strong>ex</strong></span> <span class='ocrx_word' id='word_1_453' title='bbox 2190 3109 2329 3165; x_wconf 88' lang='lat' dir='ltr'><strong>laico</strong></span> <span class='ocrx_word' id='word_1_454' title='bbox 2352 3110 2559 3179; x_wconf 81' lang='lat' dir='ltr'><strong>ordine,</strong></span> <span class='ocrx_word' id='word_1_455' title='bbox 2586 3112 2652 3168; x_wconf 89' lang='lat' dir='ltr'><strong>ab</strong></span> <span class='ocrx_word' id='word_1_456' title='bbox 2680 3114 2951 3184; x_wconf 88' lang='lat' dir='ltr'><strong>episcopis</strong></span> <span class='ocrx_word' id='word_1_457' title='bbox 2987 3116 3408 3186; x_wconf 84' lang='lat' dir='ltr'><strong>uniuscujusque</strong></span> <span class='ocrx_word' id='word_1_458' title='bbox 3437 3133 3563 3187; x_wconf 82' lang='lat' dir='ltr'><strong>pro-</strong></span> 
     </span>
    </p>
   </div>
   <div class='ocr_carea' id='block_1_60' title="bbox 254 3199 1861 3281">
    <p class='ocr_par' dir='ltr' id='par_1_60' title="bbox 254 3199 1861 3279">
     <span class='ocr_line' id='line_1_61' title="bbox 254 3199 1861 3279; baseline -0.007 -18"><span class='ocrx_word' id='word_1_459' title='bbox 254 3208 482 3264; x_wconf 73' lang='grc' dir='ltr'>ἑκάστην</span> <span class='ocrx_word' id='word_1_460' title='bbox 509 3207 773 3278; x_wconf 71' lang='grc' dir='ltr'>ἐπαρχίαν</span> <span class='ocrx_word' id='word_1_461' title='bbox 800 3202 1086 3258; x_wconf 76' lang='grc' dir='ltr'>ἐπισκόπων</span> <span class='ocrx_word' id='word_1_462' title='bbox 1113 3203 1359 3279; x_wconf 67' lang='grc' dir='ltr'>κρατείτω</span> <span class='ocrx_word' id='word_1_463' title='bbox 1382 3202 1413 3260; x_wconf 83' lang='grc' dir='ltr'>ἡ</span> <span class='ocrx_word' id='word_1_464' title='bbox 1434 3202 1604 3272; x_wconf 81' lang='grc' dir='ltr'>γνώμη</span> <span class='ocrx_word' id='word_1_465' title='bbox 1626 3200 1758 3254; x_wconf 79' lang='grc' dir='ltr'>κατὰ</span> <span class='ocrx_word' id='word_1_466' title='bbox 1777 3199 1861 3254; x_wconf 86' lang='grc' dir='ltr'>τὸν</span> 
     </span>
    </p>
   </div>
   <div class='ocr_carea' id='block_1_61' title="bbox 1973 3199 3560 3281">
    <p class='ocr_par' dir='ltr' id='par_1_61' title="bbox 1973 3204 3560 3266">
     <span class='ocr_line' id='line_1_62' title="bbox 1973 3204 3560 3266; baseline 0.003 -7"><span class='ocrx_word' id='word_1_467' title='bbox 1973 3204 2159 3259; x_wconf 76' lang='lat' dir='ltr'><strong>vincia:</strong></span> <span class='ocrx_word' id='word_1_468' title='bbox 2208 3212 2455 3261; x_wconf 87' lang='lat' dir='ltr'><strong>servetur</strong></span> <span class='ocrx_word' id='word_1_469' title='bbox 2500 3206 2616 3263; x_wconf 73' lang='lat' dir='ltr'><strong>lucc</strong></span> <span class='ocrx_word' id='word_1_470' title='bbox 2662 3208 2930 3263; x_wconf 88' lang='lat' dir='ltr'><strong>sententia</strong></span> <span class='ocrx_word' id='word_1_471' title='bbox 2970 3209 3265 3265; x_wconf 86' lang='lat' dir='ltr'><strong>secundum</strong></span> <span class='ocrx_word' id='word_1_472' title='bbox 3295 3225 3560 3266; x_wconf 86' lang='lat' dir='ltr'><strong>canonem</strong></span> 
     </span>
    </p>
   </div>
   <div class='ocr_carea' id='block_1_62' title="bbox 254 3291 1857 3367">
    <p class='ocr_par' dir='ltr' id='par_1_62' title="bbox 254 3291 1857 3367">
     <span class='ocr_line' id='line_1_63' title="bbox 254 3291 1857 3367; baseline -0.006 -13"><span class='ocrx_word' id='word_1_473' title='bbox 254 3299 447 3354; x_wconf 74' lang='grc' dir='ltr'>κανόνα</span> <span class='ocrx_word' id='word_1_474' title='bbox 475 3299 563 3353; x_wconf 85' lang='grc' dir='ltr'>τὸν</span> <span class='ocrx_word' id='word_1_475' title='bbox 587 3293 968 3367; x_wconf 69' lang='grc' dir='ltr'>διαγορεύοντα,</span> <span class='ocrx_word' id='word_1_476' title='bbox 993 3296 1114 3354; x_wconf 81' lang='grc' dir='ltr'>τοὺς</span> <span class='ocrx_word' id='word_1_477' title='bbox 1156 3293 1433 3366; x_wconf 74' lang='grc' dir='ltr'>ὑφ’ἐτέρων</span> <span class='ocrx_word' id='word_1_478' title='bbox 1464 3291 1857 3357; x_wconf 77' lang='grc' dir='ltr'>ἁποϐληθὲντας,</span> 
     </span>
    </p>
   </div>
   <div class='ocr_carea' id='block_1_63' title="bbox 255 3381 1863 3466">
    <p class='ocr_par' dir='ltr' id='par_1_63' title="bbox 255 3381 1863 3466">
     <span class='ocr_line' id='line_1_64' title="bbox 255 3381 1863 3466; baseline -0.007 -20"><span class='ocrx_word' id='word_1_479' title='bbox 255 3391 341 3465; x_wconf 68' lang='grc' dir='ltr'><strong>ὑφ’</strong></span> <span class='ocrx_word' id='word_1_480' title='bbox 361 3392 552 3466; x_wconf 80' lang='grc' dir='ltr'>ἐτέρων</span> <span class='ocrx_word' id='word_1_481' title='bbox 581 3393 650 3459; x_wconf 78' lang='grc' dir='ltr'><strong><em>μή</em></strong></span> <span class='ocrx_word' id='word_1_482' title='bbox 679 3388 1005 3464; x_wconf 79' lang='grc' dir='ltr'>προσίεσθαι.</span> <span class='ocrx_word' id='word_1_483' title='bbox 1040 3384 1381 3449; x_wconf 83' lang='grc' dir='ltr'>Ἐξεταζέσθω</span> <span class='ocrx_word' id='word_1_484' title='bbox 1412 3381 1487 3449; x_wconf 85' lang='grc' dir='ltr'><strong>δέ,</strong></span> <span class='ocrx_word' id='word_1_485' title='bbox 1512 3388 1582 3455; x_wconf 78' lang='grc' dir='ltr'>μὴ</span> <span class='ocrx_word' id='word_1_486' title='bbox 1608 3382 1863 3454; x_wconf 70' lang='grc' dir='ltr'>μικροψυ-</span> 
     </span>
    </p>
   </div>
   <div class='ocr_carea' id='block_1_64' title="bbox 256 3473 1865 3557">
    <p class='ocr_par' dir='ltr' id='par_1_64' title="bbox 256 3473 1865 3557">
     <span class='ocr_line' id='line_1_65' title="bbox 256 3473 1865 3557; baseline -0.006 -21"><span class='ocrx_word' id='word_1_487' title='bbox 256 3485 363 3557; x_wconf 73' lang='grc' dir='ltr'>χίᾳ</span> <span class='ocrx_word' id='word_1_488' title='bbox 396 3482 429 3541; x_wconf 76' lang='grc' dir='ltr'><strong>ἦ</strong></span> <span class='ocrx_word' id='word_1_489' title='bbox 460 3482 726 3554; x_wconf 75' lang='grc' dir='ltr'>φιλονεικίᾳ</span> <span class='ocrx_word' id='word_1_490' title='bbox 763 3479 797 3538; x_wconf 74' lang='grc' dir='ltr'><em>ἥ</em></span> <span class='ocrx_word' id='word_1_491' title='bbox 838 3499 933 3533; x_wconf 90' lang='grc' dir='ltr'>τινι</span> <span class='ocrx_word' id='word_1_492' title='bbox 977 3474 1193 3549; x_wconf 76' lang='grc' dir='ltr'>τοιαύτῃ</span> <span class='ocrx_word' id='word_1_493' title='bbox 1241 3473 1395 3549; x_wconf 79' lang='grc' dir='ltr'>ἀηδίᾳ</span> <span class='ocrx_word' id='word_1_494' title='bbox 1438 3480 1528 3529; x_wconf 81' lang='grc' dir='ltr'>τοῦ</span> <span class='ocrx_word' id='word_1_495' title='bbox 1583 3473 1865 3529; x_wconf 75' lang='grc' dir='ltr'>ἐπισκόπου</span> 
     </span>
    </p>
   </div>
   <div class='ocr_carea' id='block_1_65' title="bbox 255 3563 1867 3646">
    <p class='ocr_par' dir='ltr' id='par_1_65' title="bbox 255 3563 1867 3646">
     <span class='ocr_line' id='line_1_66' title="bbox 255 3563 1867 3646; baseline -0.008 -14"><span class='ocrx_word' id='word_1_496' title='bbox 255 3575 661 3645; x_wconf 63' lang='grc' dir='ltr'>ἀποσυνάγωγοι</span> <span class='ocrx_word' id='word_1_497' title='bbox 685 3572 997 3646; x_wconf 82' lang='grc' dir='ltr'>γεγένηνται.</span> <span class='ocrx_word' id='word_1_498' title='bbox 1019 3567 1127 3623; x_wconf 76' lang='grc' dir='ltr'><strong>ἰνα</strong></span> <span class='ocrx_word' id='word_1_499' title='bbox 1156 3563 1243 3621; x_wconf 74' lang='grc' dir='ltr'>οὖν</span> <span class='ocrx_word' id='word_1_500' title='bbox 1267 3574 1420 3623; x_wconf 64' lang='grc' dir='ltr'>τοῦτο</span> <span class='ocrx_word' id='word_1_501' title='bbox 1449 3571 1536 3625; x_wconf 65' lang='grc' dir='ltr'>τήν</span> <span class='ocrx_word' id='word_1_502' title='bbox 1564 3567 1867 3641; x_wconf 84' lang='grc' dir='ltr'>πρέπουσαν</span> 
     </span>
    </p>
   </div>
   <div class='ocr_carea' id='block_1_66' title="bbox 260 3656 1865 3737">
    <p class='ocr_par' dir='ltr' id='par_1_66' title="bbox 260 3656 1865 3737">
     <span class='ocr_line' id='line_1_67' title="bbox 260 3656 1865 3737; baseline -0.007 -16"><span class='ocrx_word' id='word_1_503' title='bbox 260 3668 491 3732; x_wconf 77' lang='grc' dir='ltr'>ἐξέτασιν</span> <span class='ocrx_word' id='word_1_504' title='bbox 516 3664 774 3737; x_wconf 82' lang='grc' dir='ltr'>λαμϐάνῃ,</span> <span class='ocrx_word' id='word_1_505' title='bbox 796 3662 959 3722; x_wconf 87' lang='grc' dir='ltr'>καλῶς</span> <span class='ocrx_word' id='word_1_506' title='bbox 988 3656 1132 3731; x_wconf 74' lang='grc' dir='ltr'>ἔχειν</span> <span class='ocrx_word' id='word_1_507' title='bbox 1175 3657 1347 3723; x_wconf 74' lang='grc' dir='ltr'>ἔδοξεν</span> <span class='ocrx_word' id='word_1_508' title='bbox 1385 3659 1601 3712; x_wconf 81' lang='grc' dir='ltr'>ἑκάστου</span> <span class='ocrx_word' id='word_1_509' title='bbox 1632 3659 1865 3711; x_wconf 83' lang='grc' dir='ltr'>ἐνιαυτοῦ</span> 
     </span>
    </p>
   </div>
   <div class='ocr_carea' id='block_1_67' title="bbox 256 3751 1863 3835">
    <p class='ocr_par' dir='ltr' id='par_1_67' title="bbox 256 3751 1863 3835">
     <span class='ocr_line' id='line_1_68' title="bbox 256 3751 1863 3835; baseline -0.007 -19"><span class='ocrx_word' id='word_1_510' title='bbox 256 3762 371 3817; x_wconf 83' lang='grc' dir='ltr'>καθ’</span> <span class='ocrx_word' id='word_1_511' title='bbox 388 3762 611 3817; x_wconf 76' lang='grc' dir='ltr'>ἑκάστην</span> <span class='ocrx_word' id='word_1_512' title='bbox 641 3761 908 3835; x_wconf 78' lang='grc' dir='ltr'>ἐπαρχίαν</span> <span class='ocrx_word' id='word_1_513' title='bbox 936 3755 1011 3818; x_wconf 85' lang='grc' dir='ltr'><strong>δίς</strong></span> <span class='ocrx_word' id='word_1_514' title='bbox 1037 3762 1128 3810; x_wconf 82' lang='grc' dir='ltr'>τοῦ</span> <span class='ocrx_word' id='word_1_515' title='bbox 1172 3754 1324 3814; x_wconf 73' lang='grc' dir='ltr'>ἔτους</span> <span class='ocrx_word' id='word_1_516' title='bbox 1353 3751 1600 3812; x_wconf 83' lang='grc' dir='ltr'>συνόδους</span> <span class='ocrx_word' id='word_1_517' title='bbox 1623 3753 1863 3824; x_wconf 87' lang='grc' dir='ltr'>γίνεσθαι,</span> 
     </span>
    </p>
   </div>
   <div class='ocr_carea' id='block_1_68' title="bbox 255 3844 1867 3928">
    <p class='ocr_par' dir='ltr' id='par_1_68' title="bbox 255 3844 1867 3928">
     <span class='ocr_line' id='line_1_69' title="bbox 255 3844 1867 3928; baseline -0.008 -19"><span class='ocrx_word' id='word_1_518' title='bbox 255 3856 342 3910; x_wconf 77' lang='grc' dir='ltr'><strong>ἶνα</strong></span> <span class='ocrx_word' id='word_1_519' title='bbox 570 3852 774 3905; x_wconf 80' lang='grc' dir='ltr'>πάντων</span> <span class='ocrx_word' id='word_1_520' title='bbox 817 3856 918 3903; x_wconf 84' lang='grc' dir='ltr'>τῶν</span> <span class='ocrx_word' id='word_1_521' title='bbox 964 3846 1250 3902; x_wconf 82' lang='grc' dir='ltr'>ἐπισκόπων</span> <span class='ocrx_word' id='word_1_522' title='bbox 1277 3853 1370 3905; x_wconf 77' lang='grc' dir='ltr'>τῆς</span> <span class='ocrx_word' id='word_1_523' title='bbox 1413 3846 1672 3918; x_wconf 88' lang='grc' dir='ltr'>ἐπαρχίας</span> <span class='ocrx_word' id='word_1_524' title='bbox 1702 3844 1867 3898; x_wconf 81' lang='grc' dir='ltr'>ὲπίτὸ</span> 
     </span>
    </p>
   </div>
   <div class='ocr_carea' id='block_1_69' title="bbox 255 3938 1866 4017">
    <p class='ocr_par' dir='ltr' id='par_1_69' title="bbox 255 3938 1866 4017">
     <span class='ocr_line' id='line_1_70' title="bbox 255 3938 1866 4017; baseline -0.008 -15"><span class='ocrx_word' id='word_1_525' title='bbox 255 3947 385 4002; x_wconf 73' lang='grc' dir='ltr'>αὐτὸ</span> <span class='ocrx_word' id='word_1_526' title='bbox 443 3945 839 4017; x_wconf 81' lang='grc' dir='ltr'>συναγομένων,</span> <span class='ocrx_word' id='word_1_527' title='bbox 876 3941 941 3995; x_wconf 82' lang='grc' dir='ltr'>τὰ</span> <span class='ocrx_word' id='word_1_528' title='bbox 982 3945 1196 3997; x_wconf 80' lang='grc' dir='ltr'>τοιαῦτα</span> <span class='ocrx_word' id='word_1_529' title='bbox 1246 3943 1508 4009; x_wconf 80' lang='grc' dir='ltr'>ζητήματα</span> <span class='ocrx_word' id='word_1_530' title='bbox 1559 3938 1866 4001; x_wconf 77' lang='grc' dir='ltr'>ἐξετάζοιντο</span> 
     </span>
    </p>
   </div>
   <div class='ocr_carea' id='block_1_70' title="bbox 256 4030 1865 4111">
    <p class='ocr_par' dir='ltr' id='par_1_70' title="bbox 256 4030 1865 4111">
     <span class='ocr_line' id='line_1_71' title="bbox 256 4030 1865 4111; baseline -0.009 -20"><span class='ocrx_word' id='word_1_531' title='bbox 256 4033 669 4111; x_wconf 77' lang='grc' dir='ltr'>[ἐξετάζωνται],</span> <span class='ocrx_word' id='word_1_532' title='bbox 699 4035 784 4087; x_wconf 84' lang='grc' dir='ltr'><strong>καί</strong></span> <span class='ocrx_word' id='word_1_533' title='bbox 811 4032 973 4092; x_wconf 68' lang='grc' dir='ltr'>οὕτως</span> <span class='ocrx_word' id='word_1_534' title='bbox 1004 4031 1049 4085; x_wconf 80' lang='lat' dir='ltr'><strong>oi</strong></span> <span class='ocrx_word' id='word_1_535' title='bbox 1076 4030 1481 4101; x_wconf 77' lang='grc' dir='ltr'>ὁμολογουμένως</span> <span class='ocrx_word' id='word_1_536' title='bbox 1511 4046 1865 4100; x_wconf 85' lang='grc' dir='ltr'>προσκεκρου-</span> 
     </span>
    </p>
   </div>
   <div class='ocr_carea' id='block_1_71' title="bbox 255 4114 1868 4201">
    <p class='ocr_par' dir='ltr' id='par_1_71' title="bbox 255 4122 1868 4201">
     <span class='ocr_line' id='line_1_72' title="bbox 255 4122 1868 4201; baseline -0.008 -16"><span class='ocrx_word' id='word_1_537' title='bbox 255 4132 409 4191; x_wconf 81' lang='grc' dir='ltr'>κότες</span> <span class='ocrx_word' id='word_1_538' title='bbox 444 4137 519 4201; x_wconf 86' lang='grc' dir='ltr'>τῷ</span> <span class='ocrx_word' id='word_1_539' title='bbox 549 4126 815 4196; x_wconf 85' lang='grc' dir='ltr'>ἐπισκόπῳ</span> <span class='ocrx_word' id='word_1_540' title='bbox 836 4125 983 4179; x_wconf 87' lang='grc' dir='ltr'><strong>’κατὰ</strong></span> <span class='ocrx_word' id='word_1_541' title='bbox 1024 4124 1171 4195; x_wconf 84' lang='grc' dir='ltr'>λόγον</span> <span class='ocrx_word' id='word_1_542' title='bbox 1200 4125 1516 4179; x_wconf 83' lang='grc' dir='ltr'>ἁκοινὼνητοι</span> <span class='ocrx_word' id='word_1_543' title='bbox 1542 4122 1683 4195; x_wconf 78' lang='grc' dir='ltr'>παρὰ</span> <span class='ocrx_word' id='word_1_544' title='bbox 1711 4126 1868 4174; x_wconf 86' lang='grc' dir='ltr'>πᾶσιν</span> 
     </span>
    </p>
   </div>
   <div class='ocr_carea' id='block_1_72' title="bbox 253 4210 1866 4295">
    <p class='ocr_par' dir='ltr' id='par_1_72' title="bbox 253 4210 1866 4295">
     <span class='ocr_line' id='line_1_73' title="bbox 253 4210 1866 4295; baseline -0.009 -16"><span class='ocrx_word' id='word_1_545' title='bbox 253 4220 384 4279; x_wconf 78' lang='grc' dir='ltr'>εἶναι</span> <span class='ocrx_word' id='word_1_546' title='bbox 434 4221 643 4287; x_wconf 83' lang='grc' dir='ltr'>δόξωσι,</span> <span class='ocrx_word' id='word_1_547' title='bbox 684 4221 875 4295; x_wconf 78' lang='grc' dir='ltr'>μέχρις</span> <span class='ocrx_word' id='word_1_548' title='bbox 911 4213 969 4271; x_wconf 79' lang='grc' dir='ltr'>ἂν</span> <span class='ocrx_word' id='word_1_549' title='bbox 1006 4224 1077 4287; x_wconf 85' lang='grc' dir='ltr'>τῷ</span> <span class='ocrx_word' id='word_1_550' title='bbox 1112 4222 1261 4287; x_wconf 81' lang='grc' dir='ltr'>κοινῷ</span> <span class='ocrx_word' id='word_1_551' title='bbox 1289 4222 1387 4269; x_wconf 83' lang='grc' dir='ltr'><strong>τῶν</strong></span> <span class='ocrx_word' id='word_1_552' title='bbox 1428 4213 1719 4267; x_wconf 86' lang='grc' dir='ltr'>ἐπισκόπων</span> <span class='ocrx_word' id='word_1_553' title='bbox 1747 4210 1866 4283; x_wconf 82' lang='grc' dir='ltr'>δόξῃ</span> 
     </span>
    </p>
   </div>
   <div class='ocr_carea' id='block_1_73' title="bbox 254 4300 1866 4387">
    <p class='ocr_par' dir='ltr' id='par_1_73' title="bbox 254 4300 1866 4387">
     <span class='ocr_line' id='line_1_74' title="bbox 254 4300 1866 4387; baseline -0.012 -16"><span class='ocrx_word' id='word_1_554' title='bbox 254 4321 347 4376; x_wconf 70' lang='grc' dir='ltr'>τήν</span> <span class='ocrx_word' id='word_1_555' title='bbox 379 4314 853 4387; x_wconf 78' lang='grc' dir='ltr'>φιλανθρωποτέραν</span> <span class='ocrx_word' id='word_1_556' title='bbox 891 4309 1024 4382; x_wconf 72' lang='grc' dir='ltr'>ὑπὲρ</span> <span class='ocrx_word' id='word_1_557' title='bbox 1064 4308 1228 4361; x_wconf 74' lang='grc' dir='ltr'>αὐτῶν</span> <span class='ocrx_word' id='word_1_558' title='bbox 1263 4304 1495 4358; x_wconf 83' lang='grc' dir='ltr'>ἐκθέσθαι</span> <span class='ocrx_word' id='word_1_559' title='bbox 1522 4303 1698 4376; x_wconf 47' lang='grc' dir='ltr'>ψῆφον.</span> <span class='ocrx_word' id='word_1_560' title='bbox 1724 4303 1780 4356; x_wconf 81' lang='grc' dir='ltr'>Δί</span> <span class='ocrx_word' id='word_1_561' title='bbox 1812 4300 1866 4356; x_wconf 81' lang='grc' dir='ltr'>δὲ</span> 
     </span>
    </p>
   </div>
   <div class='ocr_carea' id='block_1_74' title="bbox 255 4399 1863 4477">
    <p class='ocr_par' dir='ltr' id='par_1_74' title="bbox 255 4399 1863 4477">
     <span class='ocr_line' id='line_1_75' title="bbox 255 4399 1863 4477; baseline -0.012 -14"><span class='ocrx_word' id='word_1_562' title='bbox 255 4406 467 4464; x_wconf 71' lang='grc' dir='ltr'>σύνοδοι</span> <span class='ocrx_word' id='word_1_563' title='bbox 512 4405 847 4477; x_wconf 77' lang='grc' dir='ltr'>γινέσθωσαν³</span> <span class='ocrx_word' id='word_1_564' title='bbox 880 4403 973 4471; x_wconf 85' lang='grc' dir='ltr'><strong>μία</strong></span> <span class='ocrx_word' id='word_1_565' title='bbox 1014 4400 1103 4470; x_wconf 82' lang='grc' dir='ltr'>μὲν</span> <span class='ocrx_word' id='word_1_566' title='bbox 1151 4399 1253 4470; x_wconf 84' lang='grc' dir='ltr'>πρὸ</span> <span class='ocrx_word' id='word_1_567' title='bbox 1292 4404 1384 4456; x_wconf 75' lang='grc' dir='ltr'>τῆς</span> <span class='ocrx_word' id='word_1_568' title='bbox 1417 4403 1863 4468; x_wconf 64' lang='grc' dir='ltr'>τεσσαρακοστῆς,</span> 
     </span>
    </p>
   </div>
   <div class='ocr_carea' id='block_1_75' title="bbox 252 4484 1864 4565">
    <p class='ocr_par' dir='ltr' id='par_1_75' title="bbox 252 4484 1864 4565">
     <span class='ocr_line' id='line_1_76' title="bbox 252 4484 1864 4565; baseline -0.009 -13"><span class='ocrx_word' id='word_1_569' title='bbox 252 4502 335 4552; x_wconf 76' lang='grc' dir='ltr'>ἵνα</span> <span class='ocrx_word' id='word_1_570' title='bbox 367 4498 548 4555; x_wconf 80' lang='grc' dir='ltr'>πάσης</span> <span class='ocrx_word' id='word_1_571' title='bbox 584 4491 946 4565; x_wconf 72' lang='grc' dir='ltr'>μικροψυχίας</span> <span class='ocrx_word' id='word_1_572' title='bbox 979 4489 1360 4565; x_wconf 74' lang='grc' dir='ltr'>ἀναιρουμένης,</span> <span class='ocrx_word' id='word_1_573' title='bbox 1388 4486 1445 4541; x_wconf 86' lang='grc' dir='ltr'>τὸ</span> <span class='ocrx_word' id='word_1_574' title='bbox 1471 4484 1628 4560; x_wconf 83' lang='grc' dir='ltr'>δῶρον</span> <span class='ocrx_word' id='word_1_575' title='bbox 1651 4486 1864 4558; x_wconf 74' lang='grc' dir='ltr'>καθαρῖν</span> 
     </span>
    </p>
   </div>
   <div class='ocr_carea' id='block_1_76' title="bbox 240 4570 1942 4666">
    <p class='ocr_par' dir='ltr' id='par_1_76' title="bbox 240 4570 1942 4666">
     <span class='ocr_line' id='line_1_77' title="bbox 240 4570 1942 4666; baseline -0.011 -22"><span class='ocrx_word' id='word_1_576' title='bbox 240 4588 618 4666; x_wconf 17' lang='grc' dir='ltr'>,προσφέρηται</span> <span class='ocrx_word' id='word_1_577' title='bbox 653 4590 726 4650; x_wconf 85' lang='grc' dir='ltr'>τῷ</span> <span class='ocrx_word' id='word_1_578' title='bbox 750 4589 882 4653; x_wconf 76' lang='grc' dir='ltr'><strong>Θεῷ³</strong></span> <span class='ocrx_word' id='word_1_579' title='bbox 907 4578 1120 4653; x_wconf 77' lang='grc' dir='ltr'>δευτέρα</span> <span class='ocrx_word' id='word_1_580' title='bbox 1144 4570 1218 4640; x_wconf 83' lang='grc' dir='ltr'><strong>δέ,</strong></span> <span class='ocrx_word' id='word_1_581' title='bbox 1260 4577 1379 4651; x_wconf 85' lang='grc' dir='ltr'>περὶ</span> <span class='ocrx_word' id='word_1_582' title='bbox 1402 4575 1486 4630; x_wconf 85' lang='grc' dir='ltr'>τὸν</span> <span class='ocrx_word' id='word_1_583' title='bbox 1514 4580 1604 4629; x_wconf 84' lang='grc' dir='ltr'><strong>τοῦ</strong></span> <span class='ocrx_word' id='word_1_584' title='bbox 1634 4576 1859 4645; x_wconf 61' lang='grc' dir='ltr'>μετοπὰκ</span> <span class='ocrx_word' id='word_1_585' title='bbox 1888 4598 1942 4657; x_wconf 85' lang='lat' dir='ltr'><strong>D</strong></span> 
     </span>
    </p>
   </div>
   <div class='ocr_carea' id='block_1_77' title="bbox 317 4700 584 4736">
    <p class='ocr_par' dir='ltr' id='par_1_77' title="bbox 317 4700 584 4736">
     <span class='ocr_line' id='line_1_78' title="bbox 317 4700 584 4736; baseline 0 0"><span class='ocrx_word' id='word_1_586' title='bbox 317 4705 350 4736; x_wconf 81' lang='grc' dir='ltr'>υ</span> <span class='ocrx_word' id='word_1_587' title='bbox 383 4700 584 4736; x_wconf 76' lang='grc' dir='ltr'>καιβονι</span> 
     </span>
    </p>
   </div>
   <div class='ocr_carea' id='block_1_78' title="bbox 252 4699 1858 4845">
    <p class='ocr_par' dir='ltr' id='par_1_78' title="bbox 252 4699 1858 4845">
     <span class='ocr_line' id='line_1_79' title="bbox 252 4699 584 4757; baseline -0.021 -22"><span class='ocrx_word' id='word_1_588' title='bbox 252 4704 350 4757; x_wconf 79' lang='grc' dir='ltr'><strong>ρον</strong></span> <span class='ocrx_word' id='word_1_589' title='bbox 383 4699 584 4753; x_wconf 83' lang='grc' dir='ltr'>καιρόν.</span> 
     </span>
     <span class='ocr_line' id='line_1_80' title="bbox 325 4755 1858 4845; baseline -0.012 -19"><span class='ocrx_word' id='word_1_590' title='bbox 325 4774 396 4835; x_wconf 85' lang='grc' dir='ltr'>ς’.</span> <span class='ocrx_word' id='word_1_591' title='bbox 427 4772 502 4824; x_wconf 83' lang='grc' dir='ltr'><strong>Τὰ</strong></span> <span class='ocrx_word' id='word_1_592' title='bbox 530 4769 731 4845; x_wconf 75' lang='grc' dir='ltr'>ἀρχοῖα</span> <span class='ocrx_word' id='word_1_593' title='bbox 752 4760 838 4824; x_wconf 65' lang='grc' dir='ltr'>ἔθη</span> <span class='ocrx_word' id='word_1_594' title='bbox 863 4764 1110 4840; x_wconf 85' lang='grc' dir='ltr'>κρατείτω</span> <span class='ocrx_word' id='word_1_595' title='bbox 1132 4762 1196 4817; x_wconf 79' lang='grc' dir='ltr'>τὰ</span> <span class='ocrx_word' id='word_1_596' title='bbox 1218 4760 1266 4816; x_wconf 81' lang='grc' dir='ltr'><strong>ἐν</strong></span> <span class='ocrx_word' id='word_1_597' title='bbox 1288 4758 1547 4833; x_wconf 79' lang='grc' dir='ltr'>Αἰγύπτῳ.</span> <span class='ocrx_word' id='word_1_598' title='bbox 1572 4758 1654 4811; x_wconf 89' lang='grc' dir='ltr'><strong>καί</strong></span> <span class='ocrx_word' id='word_1_599' title='bbox 1673 4755 1858 4827; x_wconf 70' lang='grc' dir='ltr'>Λιϐύῃ,</span> 
     </span>
    </p>
   </div>
   <div class='ocr_carea' id='block_1_79' title="bbox 254 4846 1863 4927">
    <p class='ocr_par' dir='ltr' id='par_1_79' title="bbox 254 4846 1863 4927">
     <span class='ocr_line' id='line_1_81' title="bbox 254 4846 1863 4927; baseline -0.014 -9"><span class='ocrx_word' id='word_1_600' title='bbox 254 4865 338 4918; x_wconf 81' lang='grc' dir='ltr'><strong>καί</strong></span> <span class='ocrx_word' id='word_1_601' title='bbox 366 4856 704 4923; x_wconf 81' lang='grc' dir='ltr'>Πενταπόλιι,</span> <span class='ocrx_word' id='word_1_602' title='bbox 737 4858 871 4911; x_wconf 80' lang='grc' dir='ltr'>ὥστε</span> <span class='ocrx_word' id='word_1_603' title='bbox 896 4856 980 4910; x_wconf 86' lang='grc' dir='ltr'><strong>τὸν</strong></span> <span class='ocrx_word' id='word_1_604' title='bbox 1007 4850 1055 4906; x_wconf 84' lang='grc' dir='ltr'><strong>ἐν</strong></span> <span class='ocrx_word' id='word_1_605' title='bbox 1082 4847 1423 4927; x_wconf 78' lang='grc' dir='ltr'>Ἀλεξανδρείᾳ</span> <span class='ocrx_word' id='word_1_606' title='bbox 1446 4849 1720 4903; x_wconf 82' lang='grc' dir='ltr'>ἐπίσκοπον</span> <span class='ocrx_word' id='word_1_607' title='bbox 1744 4846 1863 4899; x_wconf 78' lang='grc' dir='ltr'>πάν-</span> 
     </span>
    </p>
   </div>
   <div class='ocr_carea' id='block_1_80' title="bbox 252 4939 1864 5021">
    <p class='ocr_par' dir='ltr' id='par_1_80' title="bbox 252 4939 1864 5021">
     <span class='ocr_line' id='line_1_82' title="bbox 252 4939 1864 5021; baseline -0.014 -10"><span class='ocrx_word' id='word_1_608' title='bbox 252 4978 354 5013; x_wconf 82' lang='grc' dir='ltr'><strong>των</strong></span> <span class='ocrx_word' id='word_1_609' title='bbox 378 4957 579 5011; x_wconf 74' lang='grc' dir='ltr'>τούτων</span> <span class='ocrx_word' id='word_1_610' title='bbox 601 4949 632 5004; x_wconf 75' lang='grc' dir='ltr'><em>ἕ</em></span> <span class='ocrx_word' id='word_1_611' title='bbox 634 4971 752 5021; x_wconf 89' lang='grc' dir='ltr'>χειν</span> <span class='ocrx_word' id='word_1_612' title='bbox 774 4952 864 5006; x_wconf 74' lang='grc' dir='ltr'>τήν</span> <span class='ocrx_word' id='word_1_613' title='bbox 879 4948 1133 5010; x_wconf 84' lang='grc' dir='ltr'>ἐξουσίαν·</span> <span class='ocrx_word' id='word_1_614' title='bbox 1159 4941 1333 5001; x_wconf 77' lang='grc' dir='ltr'>ἐπειδὴ</span> <span class='ocrx_word' id='word_1_615' title='bbox 1358 4940 1438 4996; x_wconf 85' lang='grc' dir='ltr'><strong>καί</strong></span> <span class='ocrx_word' id='word_1_616' title='bbox 1458 4949 1528 5011; x_wconf 83' lang='grc' dir='ltr'>τῷ</span> <span class='ocrx_word' id='word_1_617' title='bbox 1551 4942 1600 4994; x_wconf 85' lang='grc' dir='ltr'>ἐν</span> <span class='ocrx_word' id='word_1_618' title='bbox 1626 4948 1686 5013; x_wconf 78' lang='grc' dir='ltr'><strong>τῇ</strong></span> <span class='ocrx_word' id='word_1_619' title='bbox 1703 4939 1864 5009; x_wconf 80' lang='grc' dir='ltr'><strong>Ῥώμῃ</strong></span> 
     </span>
    </p>
   </div>
   <div class='ocr_carea' id='block_1_81' title="bbox 251 5027 1863 5116">
    <p class='ocr_par' dir='ltr' id='par_1_81' title="bbox 251 5027 1863 5116">
     <span class='ocr_line' id='line_1_83' title="bbox 251 5027 1863 5116; baseline -0.014 -13"><span class='ocrx_word' id='word_1_620' title='bbox 251 5047 531 5116; x_wconf 77' lang='grc' dir='ltr'>ἑπισκόπῳ</span> <span class='ocrx_word' id='word_1_621' title='bbox 559 5049 713 5098; x_wconf 79' lang='grc' dir='ltr'>τοῦτο</span> <span class='ocrx_word' id='word_1_622' title='bbox 745 5035 993 5110; x_wconf 79' lang='grc' dir='ltr'>[τοιοῦτο]</span> <span class='ocrx_word' id='word_1_623' title='bbox 1023 5035 1231 5095; x_wconf 77' lang='grc' dir='ltr'>σύνηθές</span> <span class='ocrx_word' id='word_1_624' title='bbox 1261 5032 1417 5087; x_wconf 83' lang='grc' dir='ltr'>ἐστιν.</span> <span class='ocrx_word' id='word_1_625' title='bbox 1447 5033 1658 5103; x_wconf 76' lang='grc' dir='ltr'>Ὁμοίως</span> <span class='ocrx_word' id='word_1_626' title='bbox 1696 5027 1750 5083; x_wconf 88' lang='grc' dir='ltr'><strong>δέ</strong></span> <span class='ocrx_word' id='word_1_627' title='bbox 1779 5029 1863 5081; x_wconf 88' lang='grc' dir='ltr'><strong>καί</strong></span> 
     </span>
    </p>
   </div>
   <div class='ocr_carea' id='block_1_82' title="bbox 252 5118 1862 5201">
    <p class='ocr_par' dir='ltr' id='par_1_82' title="bbox 252 5118 1862 5201">
     <span class='ocr_line' id='line_1_84' title="bbox 252 5118 1862 5201; baseline -0.006 -18"><span class='ocrx_word' id='word_1_628' title='bbox 252 5142 393 5196; x_wconf 68' lang='grc' dir='ltr'><strong>ποιτά</strong></span> <span class='ocrx_word' id='word_1_629' title='bbox 429 5143 521 5195; x_wconf 62' lang='grc' dir='ltr'>τήν</span> <span class='ocrx_word' id='word_1_630' title='bbox 550 5129 872 5201; x_wconf 80' lang='grc' dir='ltr'>Ἀντιόχειαν</span> <span class='ocrx_word' id='word_1_631' title='bbox 902 5130 989 5183; x_wconf 83' lang='grc' dir='ltr'><strong>καί</strong></span> <span class='ocrx_word' id='word_1_632' title='bbox 1026 5126 1075 5179; x_wconf 80' lang='grc' dir='ltr'>ἐν</span> <span class='ocrx_word' id='word_1_633' title='bbox 1113 5132 1226 5185; x_wconf 84' lang='grc' dir='ltr'>ταῖς</span> <span class='ocrx_word' id='word_1_634' title='bbox 1253 5121 1426 5185; x_wconf 75' lang='grc' dir='ltr'>ἄλλαις</span> <span class='ocrx_word' id='word_1_635' title='bbox 1461 5123 1765 5195; x_wconf 80' lang='grc' dir='ltr'>ἐπαρχίαις,</span> <span class='ocrx_word' id='word_1_636' title='bbox 1795 5118 1862 5172; x_wconf 76' lang='grc' dir='ltr'>τὰ</span> 
     </span>
    </p>
   </div>
   <div class='ocr_carea' id='block_1_83' title="bbox 252 5206 1862 5302">
    <p class='ocr_par' dir='ltr' id='par_1_83' title="bbox 252 5206 1862 5302">
     <span class='ocr_line' id='line_1_85' title="bbox 252 5206 1862 5302; baseline -0.014 -19"><span class='ocrx_word' id='word_1_637' title='bbox 252 5226 516 5302; x_wconf 71' lang='grc' dir='ltr'>πρεσϐεῖα</span> <span class='ocrx_word' id='word_1_638' title='bbox 547 5220 806 5287; x_wconf 77' lang='grc' dir='ltr'>σώζεσθαι</span> <span class='ocrx_word' id='word_1_639' title='bbox 826 5222 935 5278; x_wconf 81' lang='grc' dir='ltr'>ταῖς</span> <span class='ocrx_word' id='word_1_640' title='bbox 964 5216 1271 5275; x_wconf 82' lang='grc' dir='ltr'>ἐκκλησίαις.</span> <span class='ocrx_word' id='word_1_641' title='bbox 1295 5211 1511 5267; x_wconf 70' lang='grc' dir='ltr'>Καθόλου</span> <span class='ocrx_word' id='word_1_642' title='bbox 1537 5206 1588 5265; x_wconf 82' lang='grc' dir='ltr'><strong>δέ</strong></span> <span class='ocrx_word' id='word_1_643' title='bbox 1613 5208 1862 5284; x_wconf 79' lang='grc' dir='ltr'>πρόδηλ’ν</span> 
     </span>
    </p>
   </div>
   <div class='ocr_carea' id='block_1_84' title="bbox 250 5294 1862 5385">
    <p class='ocr_par' dir='ltr' id='par_1_84' title="bbox 250 5302 1862 5385">
     <span class='ocr_line' id='line_1_86' title="bbox 250 5302 1862 5385; baseline -0.014 -11"><span class='ocrx_word' id='word_1_644' title='bbox 250 5327 439 5382; x_wconf 53' lang='lat' dir='ltr'><strong>Initio,</strong></span> <span class='ocrx_word' id='word_1_645' title='bbox 466 5315 545 5371; x_wconf 81' lang='grc' dir='ltr'>ὅτι</span> <span class='ocrx_word' id='word_1_646' title='bbox 577 5310 625 5367; x_wconf 82' lang='grc' dir='ltr'>εἴ</span> <span class='ocrx_word' id='word_1_647' title='bbox 647 5333 725 5372; x_wconf 83' lang='grc' dir='ltr'><strong>τις</strong></span> <span class='ocrx_word' id='word_1_648' title='bbox 749 5312 912 5385; x_wconf 84' lang='grc' dir='ltr'>χωρὶς</span> <span class='ocrx_word' id='word_1_649' title='bbox 933 5310 1136 5381; x_wconf 75' lang='grc' dir='ltr'>γνώμης</span> <span class='ocrx_word' id='word_1_650' title='bbox 1158 5309 1248 5359; x_wconf 82' lang='grc' dir='ltr'>τοῦ</span> <span class='ocrx_word' id='word_1_651' title='bbox 1275 5302 1645 5376; x_wconf 80' lang='grc' dir='ltr'>μητροπολίτου</span> <span class='ocrx_word' id='word_1_652' title='bbox 1667 5302 1862 5369; x_wconf 81' lang='grc' dir='ltr'>γένοιτο</span> 
     </span>
    </p>
   </div>
   <div class='ocr_carea' id='block_1_85' title="bbox 252 5389 1863 5467">
    <p class='ocr_par' dir='ltr' id='par_1_85' title="bbox 252 5389 1863 5467">
     <span class='ocr_line' id='line_1_87' title="bbox 252 5389 1863 5467; baseline -0.007 -7"><span class='ocrx_word' id='word_1_653' title='bbox 252 5410 569 5467; x_wconf 60' lang='grc' dir='ltr'>ἐπίσκιπος,</span> <span class='ocrx_word' id='word_1_654' title='bbox 598 5404 686 5457; x_wconf 77' lang='grc' dir='ltr'><strong>τὶν</strong></span> <span class='ocrx_word' id='word_1_655' title='bbox 716 5406 943 5455; x_wconf 78' lang='grc' dir='ltr'>τοιοῦτον</span> <span class='ocrx_word' id='word_1_656' title='bbox 970 5399 1000 5454; x_wconf 82' lang='grc' dir='ltr'>ἡ</span> <span class='ocrx_word' id='word_1_657' title='bbox 1026 5395 1218 5467; x_wconf 76' lang='grc' dir='ltr'>μεγάλη</span> <span class='ocrx_word' id='word_1_658' title='bbox 1247 5391 1455 5452; x_wconf 60' lang='grc' dir='ltr'>σύνοδος</span> <span class='ocrx_word' id='word_1_659' title='bbox 1486 5393 1639 5465; x_wconf 80' lang='grc' dir='ltr'>ὥρισε</span> <span class='ocrx_word' id='word_1_660' title='bbox 1667 5395 1735 5461; x_wconf 73' lang='grc' dir='ltr'>μὴ</span> <span class='ocrx_word' id='word_1_661' title='bbox 1758 5389 1863 5445; x_wconf 83' lang='grc' dir='ltr'>δεῖν</span> 
     </span>
    </p>
   </div>
   <div class='ocr_carea' id='block_1_86' title="bbox 252 5481 1860 5558">
    <p class='ocr_par' dir='ltr' id='par_1_86' title="bbox 252 5481 1860 5558">
     <span class='ocr_line' id='line_1_88' title="bbox 252 5481 1860 5558; baseline -0.011 -5"><span class='ocrx_word' id='word_1_662' title='bbox 252 5496 386 5554; x_wconf 73' lang='grc' dir='ltr'>εἶναι</span> <span class='ocrx_word' id='word_1_663' title='bbox 410 5496 713 5549; x_wconf 84' lang='grc' dir='ltr'>ἐπίσκοπον.</span> <span class='ocrx_word' id='word_1_664' title='bbox 746 5491 856 5542; x_wconf 82' lang='grc' dir='ltr'><strong>Ἐὰν</strong></span> <span class='ocrx_word' id='word_1_665' title='bbox 888 5488 976 5558; x_wconf 85' lang='grc' dir='ltr'>μέν</span> <span class='ocrx_word' id='word_1_666' title='bbox 1000 5507 1075 5540; x_wconf 92' lang='grc' dir='ltr'><strong>τοι</strong></span> <span class='ocrx_word' id='word_1_667' title='bbox 1103 5494 1165 5557; x_wconf 78' lang='grc' dir='ltr'>τῇ</span> <span class='ocrx_word' id='word_1_668' title='bbox 1192 5490 1328 5556; x_wconf 83' lang='grc' dir='ltr'>κοινῇ</span> <span class='ocrx_word' id='word_1_669' title='bbox 1368 5485 1570 5538; x_wconf 83' lang='grc' dir='ltr'>πάντων</span> <span class='ocrx_word' id='word_1_670' title='bbox 1598 5481 1745 5553; x_wconf 72' lang='grc' dir='ltr'><strong>ψήφῳ</strong></span> <span class='ocrx_word' id='word_1_671' title='bbox 1776 5483 1860 5535; x_wconf 80' lang='grc' dir='ltr'><strong>εὐ·</strong></span> 
     </span>
    </p>
   </div>
   <div class='ocr_carea' id='block_1_87' title="bbox 252 5564 1861 5660">
    <p class='ocr_par' dir='ltr' id='par_1_87' title="bbox 252 5570 1861 5660">
     <span class='ocr_line' id='line_1_89' title="bbox 252 5570 1861 5660; baseline -0.013 -17"><span class='ocrx_word' id='word_1_672' title='bbox 252 5590 388 5660; x_wconf 70' lang='grc' dir='ltr'>λόγω</span> <span class='ocrx_word' id='word_1_673' title='bbox 422 5582 577 5656; x_wconf 68' lang='grc' dir='ltr'>οὔσῃ,</span> <span class='ocrx_word' id='word_1_674' title='bbox 602 5582 688 5635; x_wconf 84' lang='grc' dir='ltr'><strong>καί</strong></span> <span class='ocrx_word' id='word_1_675' title='bbox 716 5579 841 5633; x_wconf 87' lang='grc' dir='ltr'><strong>κατά</strong></span> <span class='ocrx_word' id='word_1_676' title='bbox 880 5572 1062 5631; x_wconf 86' lang='grc' dir='ltr'>κανόνα</span> <span class='ocrx_word' id='word_1_677' title='bbox 1093 5573 1521 5637; x_wconf 76' lang='grc' dir='ltr'>ἐκκλησιαστικὸν,</span> <span class='ocrx_word' id='word_1_678' title='bbox 1549 5570 1638 5626; x_wconf 84' lang='grc' dir='ltr'><strong>δύο</strong></span> <span class='ocrx_word' id='word_1_679' title='bbox 1666 5571 1696 5630; x_wconf 75' lang='grc' dir='ltr'>ἢ</span> <span class='ocrx_word' id='word_1_680' title='bbox 1725 5580 1861 5647; x_wconf 78' lang='grc' dir='ltr'>τρεῖς</span> 
     </span>
    </p>
   </div>
   <div class='ocr_carea' id='block_1_88' title="bbox 252 5661 1858 5741">
    <p class='ocr_par' dir='ltr' id='par_1_88' title="bbox 252 5661 1858 5741">
     <span class='ocr_line' id='line_1_90' title="bbox 252 5661 1858 5741; baseline -0.009 -12"><span class='ocrx_word' id='word_1_681' title='bbox 252 5675 315 5729; x_wconf 80' lang='grc' dir='ltr'>δι’</span> <span class='ocrx_word' id='word_1_682' title='bbox 339 5674 532 5727; x_wconf 77' lang='grc' dir='ltr'>οἰκείαν</span> <span class='ocrx_word' id='word_1_683' title='bbox 558 5669 853 5741; x_wconf 73' lang='grc' dir='ltr'>φιλονεικίαν</span> <span class='ocrx_word' id='word_1_684' title='bbox 882 5664 1194 5736; x_wconf 80' lang='grc' dir='ltr'>ἀντιλέγωσι,</span> <span class='ocrx_word' id='word_1_685' title='bbox 1226 5663 1479 5737; x_wconf 83' lang='grc' dir='ltr'>κρατείτω</span> <span class='ocrx_word' id='word_1_686' title='bbox 1508 5663 1537 5718; x_wconf 77' lang='grc' dir='ltr'>ἡ</span> <span class='ocrx_word' id='word_1_687' title='bbox 1563 5668 1660 5715; x_wconf 86' lang='grc' dir='ltr'>τῶν</span> <span class='ocrx_word' id='word_1_688' title='bbox 1688 5661 1858 5715; x_wconf 87' lang='grc' dir='ltr'>πλειό-</span> 
     </span>
    </p>
   </div>
   <div class='ocr_carea' id='block_1_89' title="bbox 250 5765 569 5835">
    <p class='ocr_par' dir='ltr' id='par_1_89' title="bbox 250 5765 569 5835">
     <span class='ocr_line' id='line_1_91' title="bbox 250 5765 569 5835; baseline -0.013 -15"><span class='ocrx_word' id='word_1_689' title='bbox 250 5788 349 5820; x_wconf 63' lang='lat' dir='ltr'><strong>amnt</strong></span> <span class='ocrx_word' id='word_1_690' title='bbox 378 5765 547 5835; x_wconf 72' lang='grc' dir='ltr'>ψῆφος</span> <span class='ocrx_word' id='word_1_691' title='bbox 557 5801 569 5816; x_wconf 89' lang='grc'><strong>.</strong></span> 
     </span>
    </p>
   </div>
   <div class='ocr_carea' id='block_1_90' title="bbox 558 5926 1120 5997">
    <p class='ocr_par' dir='ltr' id='par_1_90' title="bbox 558 5926 1120 5997">
     <span class='ocr_line' id='line_1_92' title="bbox 558 5926 1120 5997; baseline 0 -2"><span class='ocrx_word' id='word_1_692' title='bbox 558 5937 829 5997; x_wconf 76' lang='grc' dir='ltr'>ΡΔτιιοι..</span> <span class='ocrx_word' id='word_1_693' title='bbox 877 5926 1120 5996; x_wconf 73' lang='lat' dir='ltr'><strong>LXVII.</strong></span> 
     </span>
    </p>
   </div>
   <div class='ocr_carea' id='block_1_91' title="bbox 1971 3297 3561 3373">
    <p class='ocr_par' dir='ltr' id='par_1_91' title="bbox 1971 3297 3561 3373">
     <span class='ocr_line' id='line_1_93' title="bbox 1971 3297 3561 3373; baseline 0.005 -21"><span class='ocrx_word' id='word_1_694' title='bbox 1971 3297 2062 3369; x_wconf 91' lang='lat' dir='ltr'><strong>qui</strong></span> <span class='ocrx_word' id='word_1_695' title='bbox 2089 3300 2418 3368; x_wconf 90' lang='lat' dir='ltr'><strong>pronuntiat,</strong></span> <span class='ocrx_word' id='word_1_696' title='bbox 2449 3308 2507 3353; x_wconf 92' lang='lat' dir='ltr'><strong>ut</strong></span> <span class='ocrx_word' id='word_1_697' title='bbox 2531 3301 2586 3354; x_wconf 89' lang='lat' dir='ltr'><strong>hi</strong></span> <span class='ocrx_word' id='word_1_698' title='bbox 2607 3301 2700 3371; x_wconf 90' lang='lat' dir='ltr'><strong>qui</strong></span> <span class='ocrx_word' id='word_1_699' title='bbox 2729 3301 2795 3357; x_wconf 90' lang='lat' dir='ltr'><strong>ab</strong></span> <span class='ocrx_word' id='word_1_700' title='bbox 2819 3302 2937 3359; x_wconf 89' lang='lat' dir='ltr'><strong>aliis</strong></span> <span class='ocrx_word' id='word_1_701' title='bbox 2965 3303 3309 3373; x_wconf 86' lang='lat' dir='ltr'><strong>abjicmntur,</strong></span> <span class='ocrx_word' id='word_1_702' title='bbox 3342 3305 3410 3359; x_wconf 89' lang='lat' dir='ltr'><strong>ab</strong></span> <span class='ocrx_word' id='word_1_703' title='bbox 3441 3306 3561 3361; x_wconf 89' lang='lat' dir='ltr'><strong>aliis</strong></span> 
     </span>
    </p>
   </div>
   <div class='ocr_carea' id='block_1_92' title="bbox 1970 3389 3558 3461">
    <p class='ocr_par' dir='ltr' id='par_1_92' title="bbox 1970 3389 3558 3461">
     <span class='ocr_line' id='line_1_94' title="bbox 1970 3389 3558 3461; baseline 0.004 -17"><span class='ocrx_word' id='word_1_704' title='bbox 1970 3404 2079 3445; x_wconf 92' lang='lat' dir='ltr'><strong>non</strong></span> <span class='ocrx_word' id='word_1_705' title='bbox 2108 3389 2459 3459; x_wconf 86' lang='lat' dir='ltr'><strong>recipiantur.</strong></span> <span class='ocrx_word' id='word_1_706' title='bbox 2493 3391 2798 3461; x_wconf 86' lang='lat' dir='ltr'><strong>lnquiratur</strong></span> <span class='ocrx_word' id='word_1_707' title='bbox 2826 3401 3008 3448; x_wconf 87' lang='lat' dir='ltr'><strong>autem</strong></span> <span class='ocrx_word' id='word_1_708' title='bbox 3042 3409 3112 3449; x_wconf 91' lang='lat' dir='ltr'><strong>ne</strong></span> <span class='ocrx_word' id='word_1_709' title='bbox 3138 3394 3431 3460; x_wconf 86' lang='lat' dir='ltr'><strong>simultate,</strong></span> <span class='ocrx_word' id='word_1_710' title='bbox 3463 3406 3558 3450; x_wconf 90' lang='lat' dir='ltr'><strong>aut</strong></span> 
     </span>
    </p>
   </div>
   <div class='ocr_carea' id='block_1_93' title="bbox 1971 3481 3563 3559">
    <p class='ocr_par' dir='ltr' id='par_1_93' title="bbox 1971 3481 3563 3559">
     <span class='ocr_line' id='line_1_95' title="bbox 1971 3481 3563 3559; baseline 0.003 -21"><span class='ocrx_word' id='word_1_711' title='bbox 1971 3481 2341 3549; x_wconf 86' lang='lat' dir='ltr'><strong>contentione,</strong></span> <span class='ocrx_word' id='word_1_712' title='bbox 2373 3491 2465 3538; x_wconf 90' lang='lat' dir='ltr'><strong>aut</strong></span> <span class='ocrx_word' id='word_1_713' title='bbox 2513 3484 2692 3553; x_wconf 87' lang='lat' dir='ltr'><strong>aliqua</strong></span> <span class='ocrx_word' id='word_1_714' title='bbox 2737 3485 2842 3541; x_wconf 87' lang='lat' dir='ltr'><strong>alia</strong></span> <span class='ocrx_word' id='word_1_715' title='bbox 2884 3487 3134 3543; x_wconf 84' lang='lat' dir='ltr'><strong>molestia</strong></span> <span class='ocrx_word' id='word_1_716' title='bbox 3182 3490 3421 3559; x_wconf 82' lang='lat' dir='ltr'><strong>episcopi</strong></span> <span class='ocrx_word' id='word_1_717' title='bbox 3452 3490 3563 3544; x_wconf 88' lang='lat' dir='ltr'><strong>sint</strong></span> 
     </span>
    </p>
   </div>
   <div class='ocr_carea' id='block_1_94' title="bbox 1970 3573 3563 3646">
    <p class='ocr_par' dir='ltr' id='par_1_94' title="bbox 1970 3573 3563 3646">
     <span class='ocr_line' id='line_1_96' title="bbox 1970 3573 3563 3646; baseline 0.004 -20"><span class='ocrx_word' id='word_1_718' title='bbox 1970 3574 2443 3630; x_wconf 81' lang='lat' dir='ltr'><strong>excommunicati.</strong></span> <span class='ocrx_word' id='word_1_719' title='bbox 2474 3573 2544 3628; x_wconf 92' lang='lat' dir='ltr'><strong>Ut</strong></span> <span class='ocrx_word' id='word_1_720' title='bbox 2565 3575 2670 3630; x_wconf 85' lang='lat' dir='ltr'><strong>hoc</strong></span> <span class='ocrx_word' id='word_1_721' title='bbox 2712 3590 2842 3646; x_wconf 77' lang='lat' dir='ltr'><strong>ergo</strong></span> <span class='ocrx_word' id='word_1_722' title='bbox 2871 3575 3154 3633; x_wconf 87' lang='lat' dir='ltr'><strong>decentius</strong></span> <span class='ocrx_word' id='word_1_723' title='bbox 3201 3580 3563 3645; x_wconf 81' lang='lat' dir='ltr'><strong>examinetur,</strong></span> 
     </span>
    </p>
   </div>
   <div class='ocr_carea' id='block_1_95' title="bbox 1970 3664 3565 3738">
    <p class='ocr_par' dir='ltr' id='par_1_95' title="bbox 1970 3664 3565 3738">
     <span class='ocr_line' id='line_1_97' title="bbox 1970 3664 3565 3738; baseline 0.002 -20"><span class='ocrx_word' id='word_1_724' title='bbox 1970 3672 2118 3718; x_wconf 90' lang='lat' dir='ltr'><strong>recte</strong></span> <span class='ocrx_word' id='word_1_725' title='bbox 2146 3664 2344 3719; x_wconf 87' lang='lat' dir='ltr'><strong>habere</strong></span> <span class='ocrx_word' id='word_1_726' title='bbox 2392 3666 2563 3721; x_wconf 87' lang='lat' dir='ltr'><strong>visum</strong></span> <span class='ocrx_word' id='word_1_727' title='bbox 2594 3674 2677 3720; x_wconf 88' lang='lat' dir='ltr'><strong>est</strong></span> <span class='ocrx_word' id='word_1_728' title='bbox 2721 3674 2778 3720; x_wconf 91' lang='lat' dir='ltr'><strong>ut</strong></span> <span class='ocrx_word' id='word_1_729' title='bbox 2807 3667 3032 3736; x_wconf 80' lang='lat' dir='ltr'><strong>singulis</strong></span> <span class='ocrx_word' id='word_1_730' title='bbox 3060 3669 3216 3723; x_wconf 86' lang='lat' dir='ltr'><strong>annis</strong></span> <span class='ocrx_word' id='word_1_731' title='bbox 3254 3683 3353 3738; x_wconf 91' lang='lat' dir='ltr'><strong>per</strong></span> <span class='ocrx_word' id='word_1_732' title='bbox 3376 3685 3565 3723; x_wconf 88' lang='lat' dir='ltr'><strong>unam-</strong></span> 
     </span>
    </p>
   </div>
   <div class='ocr_carea' id='block_1_96' title="bbox 1970 3754 3563 3827">
    <p class='ocr_par' dir='ltr' id='par_1_96' title="bbox 1970 3754 3563 3827">
     <span class='ocr_line' id='line_1_98' title="bbox 1970 3754 3563 3827; baseline 0.002 -20"><span class='ocrx_word' id='word_1_733' title='bbox 1970 3767 2240 3822; x_wconf 84' lang='lat' dir='ltr'><strong>quamque</strong></span> <span class='ocrx_word' id='word_1_734' title='bbox 2268 3754 2601 3824; x_wconf 84' lang='lat' dir='ltr'><strong>provinciam</strong></span> <span class='ocrx_word' id='word_1_735' title='bbox 2631 3755 2715 3811; x_wconf 88' lang='lat' dir='ltr'><strong>bis</strong></span> <span class='ocrx_word' id='word_1_736' title='bbox 2736 3756 2788 3810; x_wconf 88' lang='lat' dir='ltr'><strong>in</strong></span> <span class='ocrx_word' id='word_1_737' title='bbox 2812 3771 2954 3811; x_wconf 90' lang='lat' dir='ltr'><strong>anno</strong></span> <span class='ocrx_word' id='word_1_738' title='bbox 2977 3757 3167 3827; x_wconf 79' lang='lat' dir='ltr'><strong>synodi</strong></span> <span class='ocrx_word' id='word_1_739' title='bbox 3195 3755 3347 3824; x_wconf 89' lang='lat' dir='ltr'><strong>ﬁant,</strong></span> <span class='ocrx_word' id='word_1_740' title='bbox 3370 3767 3428 3812; x_wconf 92' lang='lat' dir='ltr'><strong>ut</strong></span> <span class='ocrx_word' id='word_1_741' title='bbox 3449 3774 3563 3811; x_wconf 87' lang='lat' dir='ltr'><strong>om-</strong></span> 
     </span>
    </p>
   </div>
   <div class='ocr_carea' id='block_1_97' title="bbox 1970 3845 3563 3916">
    <p class='ocr_par' dir='ltr' id='par_1_97' title="bbox 1970 3845 3563 3916">
     <span class='ocr_line' id='line_1_99' title="bbox 1970 3845 3563 3916; baseline 0.002 -19"><span class='ocrx_word' id='word_1_742' title='bbox 1970 3858 2066 3899; x_wconf 88' lang='lat' dir='ltr'><strong>nes</strong></span> <span class='ocrx_word' id='word_1_743' title='bbox 2094 3845 2146 3899; x_wconf 90' lang='lat' dir='ltr'><strong>in</strong></span> <span class='ocrx_word' id='word_1_744' title='bbox 2180 3859 2344 3899; x_wconf 89' lang='lat' dir='ltr'><strong>unum</strong></span> <span class='ocrx_word' id='word_1_745' title='bbox 2368 3845 2756 3901; x_wconf 85' lang='lat' dir='ltr'><strong>convenientes</strong></span> <span class='ocrx_word' id='word_1_746' title='bbox 2802 3846 3043 3916; x_wconf 88' lang='lat' dir='ltr'><strong>episc0pi</strong></span> <span class='ocrx_word' id='word_1_747' title='bbox 3069 3847 3391 3916; x_wconf 67' lang='lat' dir='ltr'><strong>provincia},</strong></span> <span class='ocrx_word' id='word_1_748' title='bbox 3419 3847 3563 3915; x_wconf 78' lang='lat' dir='ltr'><strong>ejus—</strong></span> 
     </span>
    </p>
   </div>
   <div class='ocr_carea' id='block_1_98' title="bbox 1971 3935 3565 4006">
    <p class='ocr_par' dir='ltr' id='par_1_98' title="bbox 1971 3935 3565 4006">
     <span class='ocr_line' id='line_1_100' title="bbox 1971 3935 3565 4006; baseline 0.001 -17"><span class='ocrx_word' id='word_1_749' title='bbox 1971 3935 2116 3991; x_wconf 89' lang='lat' dir='ltr'><strong>modi</strong></span> <span class='ocrx_word' id='word_1_750' title='bbox 2138 3937 2462 4004; x_wconf 83' lang='lat' dir='ltr'><strong>quacstiones</strong></span> <span class='ocrx_word' id='word_1_751' title='bbox 2492 3936 2826 4003; x_wconf 76' lang='lat' dir='ltr'><strong>examinant,</strong></span> <span class='ocrx_word' id='word_1_752' title='bbox 2853 3944 2910 3991; x_wconf 89' lang='lat' dir='ltr'><strong>et</strong></span> <span class='ocrx_word' id='word_1_753' title='bbox 2942 3937 3020 3992; x_wconf 92' lang='lat' dir='ltr'><strong>sic</strong></span> <span class='ocrx_word' id='word_1_754' title='bbox 3043 3938 3133 4006; x_wconf 93' lang='lat' dir='ltr'><strong>qui</strong></span> <span class='ocrx_word' id='word_1_755' title='bbox 3165 3936 3452 3993; x_wconf 88' lang='lat' dir='ltr'><strong>manifeste</strong></span> <span class='ocrx_word' id='word_1_756' title='bbox 3482 3938 3544 3991; x_wconf 91' lang='lat' dir='ltr'><strong>of</strong></span> <span class='ocrx_word' id='word_1_757' title='bbox 3549 3968 3565 3977; x_wconf 83' lang='lat'><strong>-</strong></span> 
     </span>
    </p>
   </div>
   <div class='ocr_carea' id='block_1_99' title="bbox 1969 4027 3559 4099">
    <p class='ocr_par' dir='ltr' id='par_1_99' title="bbox 1969 4027 3559 4099">
     <span class='ocr_line' id='line_1_101' title="bbox 1969 4027 3559 4099; baseline 0.002 -19"><span class='ocrx_word' id='word_1_758' title='bbox 1969 4027 2241 4081; x_wconf 88' lang='lat' dir='ltr'><strong>fenderint</strong></span> <span class='ocrx_word' id='word_1_759' title='bbox 2268 4028 2609 4098; x_wconf 77' lang='lat' dir='ltr'><strong>episcopum,</strong></span> <span class='ocrx_word' id='word_1_760' title='bbox 2661 4028 2808 4099; x_wconf 85' lang='lat' dir='ltr'><strong>juste</strong></span> <span class='ocrx_word' id='word_1_761' title='bbox 2847 4030 3300 4085; x_wconf 85' lang='lat' dir='ltr'><strong>excommunicati</strong></span> <span class='ocrx_word' id='word_1_762' title='bbox 3344 4030 3411 4084; x_wconf 89' lang='lat' dir='ltr'><strong>ab</strong></span> <span class='ocrx_word' id='word_1_763' title='bbox 3441 4046 3559 4084; x_wconf 81' lang='lat' dir='ltr'><strong>om—</strong></span> 
     </span>
    </p>
   </div>
   <div class='ocr_carea' id='block_1_100' title="bbox 1971 4117 3558 4189">
    <p class='ocr_par' dir='ltr' id='par_1_100' title="bbox 1971 4117 3558 4189">
     <span class='ocr_line' id='line_1_102' title="bbox 1971 4117 3558 4189; baseline 0.003 -19"><span class='ocrx_word' id='word_1_764' title='bbox 1971 4117 2127 4172; x_wconf 88' lang='lat' dir='ltr'><strong>nibus</strong></span> <span class='ocrx_word' id='word_1_765' title='bbox 2149 4133 2267 4173; x_wconf 89' lang='lat' dir='ltr'><strong>essc</strong></span> <span class='ocrx_word' id='word_1_766' title='bbox 2284 4119 2586 4187; x_wconf 77' lang='lat' dir='ltr'><strong>videantur,</strong></span> <span class='ocrx_word' id='word_1_767' title='bbox 2608 4120 2783 4175; x_wconf 88' lang='lat' dir='ltr'><strong>donec</strong></span> <span class='ocrx_word' id='word_1_768' title='bbox 2804 4120 3179 4189; x_wconf 89' lang='lat' dir='ltr'><strong>episcoporum</strong></span> <span class='ocrx_word' id='word_1_769' title='bbox 3202 4121 3365 4175; x_wconf 74' lang='grc' dir='ltr'><strong>οωιυὶ</strong></span> <span class='ocrx_word' id='word_1_770' title='bbox 3386 4122 3558 4174; x_wconf 77' lang='lat' dir='ltr'><strong>visum</strong></span> 
     </span>
    </p>
   </div>
   <div class='ocr_carea' id='block_1_101' title="bbox 1970 4208 3560 4279">
    <p class='ocr_par' dir='ltr' id='par_1_101' title="bbox 1970 4208 3560 4279">
     <span class='ocr_line' id='line_1_103' title="bbox 1970 4208 3560 4279; baseline 0.001 -17"><span class='ocrx_word' id='word_1_771' title='bbox 1970 4209 2132 4264; x_wconf 85' lang='lat' dir='ltr'><strong>fuerit</strong></span> <span class='ocrx_word' id='word_1_772' title='bbox 2161 4225 2261 4278; x_wconf 89' lang='lat' dir='ltr'><strong>pro</strong></span> <span class='ocrx_word' id='word_1_773' title='bbox 2293 4210 2356 4265; x_wconf 90' lang='lat' dir='ltr'><strong>iis</strong></span> <span class='ocrx_word' id='word_1_774' title='bbox 2386 4211 2761 4264; x_wconf 88' lang='lat' dir='ltr'><strong>humaniorem</strong></span> <span class='ocrx_word' id='word_1_775' title='bbox 2803 4208 2944 4263; x_wconf 87' lang='lat' dir='ltr'><strong>ferre</strong></span> <span class='ocrx_word' id='word_1_776' title='bbox 2973 4209 3318 4263; x_wconf 87' lang='lat' dir='ltr'><strong>sententiam.</strong></span> <span class='ocrx_word' id='word_1_777' title='bbox 3355 4208 3560 4279; x_wconf 87' lang='lat' dir='ltr'><strong>Synodi</strong></span> 
     </span>
    </p>
   </div>
   <div class='ocr_carea' id='block_1_102' title="bbox 1971 4299 3562 4370">
    <p class='ocr_par' dir='ltr' id='par_1_102' title="bbox 1971 4299 3562 4370">
     <span class='ocr_line' id='line_1_104' title="bbox 1971 4299 3562 4370; baseline -0.001 -15"><span class='ocrx_word' id='word_1_778' title='bbox 1971 4310 2151 4356; x_wconf 88' lang='lat' dir='ltr'><strong>autem</strong></span> <span class='ocrx_word' id='word_1_779' title='bbox 2184 4301 2333 4363; x_wconf 91' lang='lat' dir='ltr'><strong>ﬁant,</strong></span> <span class='ocrx_word' id='word_1_780' title='bbox 2385 4317 2490 4355; x_wconf 90' lang='lat' dir='ltr'><strong>una</strong></span> <span class='ocrx_word' id='word_1_781' title='bbox 2538 4301 2755 4370; x_wconf 84' lang='lat' dir='ltr'><strong>quidem</strong></span> <span class='ocrx_word' id='word_1_782' title='bbox 2802 4308 2929 4355; x_wconf 88' lang='lat' dir='ltr'><strong>ante</strong></span> <span class='ocrx_word' id='word_1_783' title='bbox 2973 4299 3470 4367; x_wconf 77' lang='lat' dir='ltr'><strong>Quadragesimatn,</strong></span> <span class='ocrx_word' id='word_1_784' title='bbox 3505 4308 3562 4354; x_wconf 88' lang='lat' dir='ltr'><strong>ut</strong></span> 
     </span>
    </p>
   </div>
   <div class='ocr_carea' id='block_1_103' title="bbox 1971 4389 3558 4460">
    <p class='ocr_par' dir='ltr' id='par_1_103' title="bbox 1971 4389 3558 4460">
     <span class='ocr_line' id='line_1_105' title="bbox 1971 4389 3558 4460; baseline -0.002 -13"><span class='ocrx_word' id='word_1_785' title='bbox 1971 4392 2115 4447; x_wconf 92' lang='lat' dir='ltr'><strong>omni</strong></span> <span class='ocrx_word' id='word_1_786' title='bbox 2146 4392 2417 4446; x_wconf 89' lang='lat' dir='ltr'><strong>simultate</strong></span> <span class='ocrx_word' id='word_1_787' title='bbox 2440 4392 2668 4456; x_wconf 85' lang='lat' dir='ltr'><strong>sublata,</strong></span> <span class='ocrx_word' id='word_1_788' title='bbox 2703 4405 2897 4445; x_wconf 88' lang='lat' dir='ltr'><strong>munus</strong></span> <span class='ocrx_word' id='word_1_789' title='bbox 2921 4405 3115 4460; x_wconf 87' lang='lat' dir='ltr'><strong>purum</strong></span> <span class='ocrx_word' id='word_1_790' title='bbox 3138 4389 3253 4446; x_wconf 87' lang='lat' dir='ltr'><strong>Deo</strong></span> <span class='ocrx_word' id='word_1_791' title='bbox 3271 4389 3558 4446; x_wconf 79' lang='lat' dir='ltr'><strong>otl&#39;eratur:</strong></span> 
     </span>
    </p>
   </div>
   <div class='ocr_carea' id='block_1_104' title="bbox 1971 4481 3107 4552">
    <p class='ocr_par' dir='ltr' id='par_1_104' title="bbox 1971 4481 3107 4552">
     <span class='ocr_line' id='line_1_106' title="bbox 1971 4481 3107 4552; baseline -0.002 -13"><span class='ocrx_word' id='word_1_792' title='bbox 1971 4482 2205 4539; x_wconf 85' lang='lat' dir='ltr'><strong>secunda</strong></span> <span class='ocrx_word' id='word_1_793' title='bbox 2228 4491 2409 4537; x_wconf 78' lang='lat' dir='ltr'><strong>autem</strong></span> <span class='ocrx_word' id='word_1_794' title='bbox 2434 4482 2576 4538; x_wconf 89' lang='lat' dir='ltr'><strong>circa</strong></span> <span class='ocrx_word' id='word_1_795' title='bbox 2599 4490 2811 4552; x_wconf 87' lang='lat' dir='ltr'><strong>tempus</strong></span> <span class='ocrx_word' id='word_1_796' title='bbox 2840 4481 3107 4538; x_wconf 87' lang='lat' dir='ltr'><strong>autumni.</strong></span> 
     </span>
    </p>
   </div>
   <div class='ocr_carea' id='block_1_105' title="bbox 2038 4738 3557 4820">
    <p class='ocr_par' dir='ltr' id='par_1_105' title="bbox 2038 4738 3557 4820">
     <span class='ocr_line' id='line_1_107' title="bbox 2038 4738 3557 4820; baseline 0.003 -21"><span class='ocrx_word' id='word_1_797' title='bbox 2038 4738 2123 4799; x_wconf 77' lang='lat' dir='ltr'><strong>Vl.</strong></span> <span class='ocrx_word' id='word_1_798' title='bbox 2153 4746 2369 4815; x_wconf 87' lang='lat' dir='ltr'><strong>Antiqui</strong></span> <span class='ocrx_word' id='word_1_799' title='bbox 2402 4761 2581 4800; x_wconf 78' lang='lat' dir='ltr'><strong>mores</strong></span> <span class='ocrx_word' id='word_1_800' title='bbox 2610 4746 2911 4809; x_wconf 87' lang='lat' dir='ltr'><strong>obtineant,</strong></span> <span class='ocrx_word' id='word_1_801' title='bbox 2938 4747 3027 4816; x_wconf 89' lang='lat' dir='ltr'><strong>qui</strong></span> <span class='ocrx_word' id='word_1_802' title='bbox 3060 4756 3186 4803; x_wconf 88' lang='lat' dir='ltr'><strong>sunt</strong></span> <span class='ocrx_word' id='word_1_803' title='bbox 3217 4748 3268 4801; x_wconf 91' lang='lat' dir='ltr'><strong>in</strong></span> <span class='ocrx_word' id='word_1_804' title='bbox 3302 4747 3557 4820; x_wconf 62' lang='lat' dir='ltr'><strong>ngypto,</strong></span> 
     </span>
    </p>
   </div>
   <div class='ocr_carea' id='block_1_106' title="bbox 1968 4831 3558 4909">
    <p class='ocr_par' dir='ltr' id='par_1_106' title="bbox 1968 4831 3558 4909">
     <span class='ocr_line' id='line_1_108' title="bbox 1968 4831 3558 4909; baseline 0.002 -19"><span class='ocrx_word' id='word_1_805' title='bbox 1968 4836 2133 4907; x_wconf 81' lang='lat' dir='ltr'><strong>Libya</strong></span> <span class='ocrx_word' id='word_1_806' title='bbox 2161 4831 2528 4905; x_wconf 84' lang='lat' dir='ltr'><strong>etPenlapoli,</strong></span> <span class='ocrx_word' id='word_1_807' title='bbox 2556 4836 3025 4893; x_wconf 85' lang='lat' dir='ltr'><strong>utAlexandrinus</strong></span> <span class='ocrx_word' id='word_1_808' title='bbox 3053 4839 3340 4909; x_wconf 87' lang='lat' dir='ltr'><strong>episcopus</strong></span> <span class='ocrx_word' id='word_1_809' title='bbox 3370 4841 3558 4894; x_wconf 81' lang='lat' dir='ltr'><strong>horum</strong></span> 
     </span>
    </p>
   </div>
   <div class='ocr_carea' id='block_1_107' title="bbox 1969 4929 3562 4998">
    <p class='ocr_par' dir='ltr' id='par_1_107' title="bbox 1969 4929 3562 4998">
     <span class='ocr_line' id='line_1_109' title="bbox 1969 4929 3562 4998; baseline 0.002 -15"><span class='ocrx_word' id='word_1_810' title='bbox 1969 4929 2207 4983; x_wconf 91' lang='lat' dir='ltr'><strong>omnium</strong></span> <span class='ocrx_word' id='word_1_811' title='bbox 2231 4929 2427 4983; x_wconf 86' lang='lat' dir='ltr'><strong>habeat</strong></span> <span class='ocrx_word' id='word_1_812' title='bbox 2450 4936 2798 4998; x_wconf 85' lang='lat' dir='ltr'><strong>potestatem,</strong></span> <span class='ocrx_word' id='word_1_813' title='bbox 2819 4930 3073 4998; x_wconf 89' lang='lat' dir='ltr'><strong>quoniam</strong></span> <span class='ocrx_word' id='word_1_814' title='bbox 3098 4930 3186 4983; x_wconf 90' lang='lat' dir='ltr'><strong>illa</strong></span> <span class='ocrx_word' id='word_1_815' title='bbox 3210 4939 3291 4985; x_wconf 89' lang='lat' dir='ltr'><strong>est</strong></span> <span class='ocrx_word' id='word_1_816' title='bbox 3320 4931 3562 4986; x_wconf 77' lang='lat' dir='ltr'><strong>Romano</strong></span> 
     </span>
    </p>
   </div>
   <div class='ocr_carea' id='block_1_108' title="bbox 1970 5020 3560 5091">
    <p class='ocr_par' dir='ltr' id='par_1_108' title="bbox 1970 5020 3560 5091">
     <span class='ocr_line' id='line_1_110' title="bbox 1970 5020 3560 5091; baseline -0.001 -15"><span class='ocrx_word' id='word_1_817' title='bbox 1970 5021 2132 5076; x_wconf 85' lang='lat' dir='ltr'><strong>etiam</strong></span> <span class='ocrx_word' id='word_1_818' title='bbox 2179 5022 2434 5091; x_wconf 77' lang='lat' dir='ltr'><strong>episcopo</strong></span> <span class='ocrx_word' id='word_1_819' title='bbox 2490 5020 2847 5076; x_wconf 88' lang='lat' dir='ltr'><strong>consuetudo.</strong></span> <span class='ocrx_word' id='word_1_820' title='bbox 2898 5021 3159 5076; x_wconf 89' lang='lat' dir='ltr'><strong>Similiter</strong></span> <span class='ocrx_word' id='word_1_821' title='bbox 3213 5029 3391 5074; x_wconf 90' lang='lat' dir='ltr'><strong>autem</strong></span> <span class='ocrx_word' id='word_1_822' title='bbox 3423 5031 3477 5074; x_wconf 89' lang='lat' dir='ltr'><strong>et</strong></span> <span class='ocrx_word' id='word_1_823' title='bbox 3509 5023 3560 5075; x_wconf 90' lang='lat' dir='ltr'><strong>in</strong></span> 
     </span>
    </p>
   </div>
   <div class='ocr_carea' id='block_1_109' title="bbox 1970 5110 3563 5181">
    <p class='ocr_par' dir='ltr' id='par_1_109' title="bbox 1970 5110 3563 5181">
     <span class='ocr_line' id='line_1_111' title="bbox 1970 5110 3563 5181; baseline 0.001 -16"><span class='ocrx_word' id='word_1_824' title='bbox 1970 5110 2278 5176; x_wconf 83' lang='lat' dir='ltr'><strong>Antiochia,</strong></span> <span class='ocrx_word' id='word_1_825' title='bbox 2310 5116 2365 5165; x_wconf 89' lang='lat' dir='ltr'><strong>et</strong></span> <span class='ocrx_word' id='word_1_826' title='bbox 2407 5111 2459 5164; x_wconf 92' lang='lat' dir='ltr'><strong>in</strong></span> <span class='ocrx_word' id='word_1_827' title='bbox 2491 5111 2609 5165; x_wconf 89' lang='lat' dir='ltr'><strong>aliis</strong></span> <span class='ocrx_word' id='word_1_828' title='bbox 2643 5111 2937 5181; x_wconf 87' lang='lat' dir='ltr'><strong>provinciis</strong></span> <span class='ocrx_word' id='word_1_829' title='bbox 2968 5111 3244 5181; x_wconf 81' lang='lat' dir='ltr'><strong>privilegia</strong></span> <span class='ocrx_word' id='word_1_830' title='bbox 3276 5123 3563 5165; x_wconf 80' lang='lat' dir='ltr'><strong>serventur</strong></span> 
     </span>
    </p>
   </div>
   <div class='ocr_carea' id='block_1_110' title="bbox 1970 5199 3559 5270">
    <p class='ocr_par' dir='ltr' id='par_1_110' title="bbox 1970 5199 3559 5270">
     <span class='ocr_line' id='line_1_112' title="bbox 1970 5199 3559 5270; baseline 0.001 -17"><span class='ocrx_word' id='word_1_831' title='bbox 1970 5199 2245 5255; x_wconf 85' lang='lat' dir='ltr'><strong>Ecclesiis.</strong></span> <span class='ocrx_word' id='word_1_832' title='bbox 2271 5200 2404 5254; x_wconf 90' lang='lat' dir='ltr'><strong>lllud</strong></span> <span class='ocrx_word' id='word_1_833' title='bbox 2446 5210 2626 5255; x_wconf 89' lang='lat' dir='ltr'><strong>autem</strong></span> <span class='ocrx_word' id='word_1_834' title='bbox 2657 5201 2878 5256; x_wconf 89' lang='lat' dir='ltr'><strong>omnino</strong></span> <span class='ocrx_word' id='word_1_835' title='bbox 2906 5201 3244 5256; x_wconf 82' lang='lat' dir='ltr'><strong>manifestum</strong></span> <span class='ocrx_word' id='word_1_836' title='bbox 3277 5212 3379 5268; x_wconf 90' lang='lat' dir='ltr'><strong>est,</strong></span> <span class='ocrx_word' id='word_1_837' title='bbox 3416 5204 3559 5270; x_wconf 84' lang='lat' dir='ltr'><strong>qqu</strong></span> 
     </span>
    </p>
   </div>
   <div class='ocr_carea' id='block_1_111' title="bbox 1968 5292 3564 5362">
    <p class='ocr_par' dir='ltr' id='par_1_111' title="bbox 1968 5292 3564 5362">
     <span class='ocr_line' id='line_1_113' title="bbox 1968 5292 3564 5362; baseline 0 -15"><span class='ocrx_word' id='word_1_838' title='bbox 1968 5292 2012 5347; x_wconf 88' lang='lat' dir='ltr'><strong>si</strong></span> <span class='ocrx_word' id='word_1_839' title='bbox 2043 5292 2161 5362; x_wconf 87' lang='lat' dir='ltr'><strong>quis</strong></span> <span class='ocrx_word' id='word_1_840' title='bbox 2206 5300 2400 5359; x_wconf 71' lang='lat' dir='ltr'><strong>prmter</strong></span> <span class='ocrx_word' id='word_1_841' title='bbox 2455 5292 2782 5347; x_wconf 83' lang='lat' dir='ltr'><strong>sententiam</strong></span> <span class='ocrx_word' id='word_1_842' title='bbox 2832 5293 3232 5362; x_wconf 81' lang='lat' dir='ltr'><strong>metropolitani</strong></span> <span class='ocrx_word' id='word_1_843' title='bbox 3273 5292 3444 5347; x_wconf 83' lang='lat' dir='ltr'><strong>factus</strong></span> <span class='ocrx_word' id='word_1_844' title='bbox 3494 5295 3564 5349; x_wconf 89' lang='lat' dir='ltr'><strong>sit</strong></span> 
     </span>
    </p>
   </div>
   <div class='ocr_carea' id='block_1_112' title="bbox 1969 5382 3560 5457">
    <p class='ocr_par' dir='ltr' id='par_1_112' title="bbox 1969 5382 3560 5457">
     <span class='ocr_line' id='line_1_114' title="bbox 1969 5382 3560 5457; baseline 0.002 -19"><span class='ocrx_word' id='word_1_845' title='bbox 1969 5384 2275 5455; x_wconf 75' lang='lat' dir='ltr'><strong>episcopus,</strong></span> <span class='ocrx_word' id='word_1_846' title='bbox 2309 5382 2452 5439; x_wconf 90' lang='lat' dir='ltr'><strong>hunc</strong></span> <span class='ocrx_word' id='word_1_847' title='bbox 2475 5399 2666 5453; x_wconf 83' lang='lat' dir='ltr'><strong>magna</strong></span> <span class='ocrx_word' id='word_1_848' title='bbox 2697 5384 2933 5455; x_wconf 89' lang='lat' dir='ltr'><strong>synodus</strong></span> <span class='ocrx_word' id='word_1_849' title='bbox 2962 5386 3151 5438; x_wconf 89' lang='lat' dir='ltr'><strong>statuit</strong></span> <span class='ocrx_word' id='word_1_850' title='bbox 3175 5401 3280 5441; x_wconf 92' lang='lat' dir='ltr'><strong>non</strong></span> <span class='ocrx_word' id='word_1_851' title='bbox 3306 5395 3560 5457; x_wconf 91' lang='lat' dir='ltr'><strong>oportere</strong></span> 
     </span>
    </p>
   </div>
   <div class='ocr_carea' id='block_1_113' title="bbox 1969 5474 3560 5551">
    <p class='ocr_par' dir='ltr' id='par_1_113' title="bbox 1969 5474 3560 5551">
     <span class='ocr_line' id='line_1_115' title="bbox 1969 5474 3560 5551; baseline 0.002 -20"><span class='ocrx_word' id='word_1_852' title='bbox 1969 5492 2087 5531; x_wconf 90' lang='lat' dir='ltr'><strong>esse</strong></span> <span class='ocrx_word' id='word_1_853' title='bbox 2117 5474 2451 5551; x_wconf 83' lang='lat' dir='ltr'><strong>episc0p_um.</strong></span> <span class='ocrx_word' id='word_1_854' title='bbox 2484 5476 2539 5531; x_wconf 90' lang='lat' dir='ltr'><strong>Si</strong></span> <span class='ocrx_word' id='word_1_855' title='bbox 2570 5493 2699 5532; x_wconf 86' lang='lat' dir='ltr'><strong>vero</strong></span> <span class='ocrx_word' id='word_1_856' title='bbox 2728 5477 3002 5531; x_wconf 90' lang='lat' dir='ltr'><strong>communi</strong></span> <span class='ocrx_word' id='word_1_857' title='bbox 3034 5478 3274 5532; x_wconf 89' lang='lat' dir='ltr'><strong>omnium</strong></span> <span class='ocrx_word' id='word_1_858' title='bbox 3306 5478 3560 5547; x_wconf 80' lang='lat' dir='ltr'><strong>suffragio</strong></span> 
     </span>
    </p>
   </div>
   <div class='ocr_carea' id='block_1_114' title="bbox 1968 5556 3562 5639">
    <p class='ocr_par' dir='ltr' id='par_1_114' title="bbox 1968 5556 3562 5639">
     <span class='ocr_line' id='line_1_116' title="bbox 1968 5556 3562 5639; baseline 0.003 -19"><span class='ocrx_word' id='word_1_859' title='bbox 1968 5568 2162 5621; x_wconf 80' lang='lat' dir='ltr'><strong>rationi</strong></span> <span class='ocrx_word' id='word_1_860' title='bbox 2184 5556 2572 5639; x_wconf 66' lang='lat' dir='ltr'><strong>cotISentanco,</strong></span> <span class='ocrx_word' id='word_1_861' title='bbox 2597 5576 2650 5622; x_wconf 89' lang='lat' dir='ltr'><strong>et</strong></span> <span class='ocrx_word' id='word_1_862' title='bbox 2678 5567 2969 5622; x_wconf 87' lang='lat' dir='ltr'><strong>secundum</strong></span> <span class='ocrx_word' id='word_1_863' title='bbox 3000 5569 3426 5625; x_wconf 84' lang='lat' dir='ltr'><strong>ecclesiasticum</strong></span> <span class='ocrx_word' id='word_1_864' title='bbox 3471 5587 3562 5625; x_wconf 88' lang='lat' dir='ltr'><strong>ca-</strong></span> 
     </span>
    </p>
   </div>
   <div class='ocr_carea' id='block_1_115' title="bbox 1968 5654 3565 5731">
    <p class='ocr_par' dir='ltr' id='par_1_115' title="bbox 1968 5654 3565 5731">
     <span class='ocr_line' id='line_1_117' title="bbox 1968 5654 3565 5731; baseline 0.004 -22"><span class='ocrx_word' id='word_1_865' title='bbox 1968 5654 2188 5725; x_wconf 71' lang='lat' dir='ltr'><strong>nonem&quot;,</strong></span> <span class='ocrx_word' id='word_1_866' title='bbox 2216 5659 2322 5714; x_wconf 91' lang='lat' dir='ltr'><strong>duo</strong></span> <span class='ocrx_word' id='word_1_867' title='bbox 2348 5667 2439 5713; x_wconf 88' lang='lat' dir='ltr'><strong>aut</strong></span> <span class='ocrx_word' id='word_1_868' title='bbox 2483 5666 2591 5713; x_wconf 85' lang='lat' dir='ltr'><strong>tres</strong></span> <span class='ocrx_word' id='word_1_869' title='bbox 2630 5660 2989 5725; x_wconf 82' lang='lat' dir='ltr'><strong>contentiose,</strong></span> <span class='ocrx_word' id='word_1_870' title='bbox 3022 5678 3115 5715; x_wconf 87' lang='lat' dir='ltr'><strong>scu</strong></span> <span class='ocrx_word' id='word_1_871' title='bbox 3149 5662 3365 5731; x_wconf 86' lang='lat' dir='ltr'><strong>propria</strong></span> <span class='ocrx_word' id='word_1_872' title='bbox 3396 5664 3565 5731; x_wconf 87' lang='lat' dir='ltr'><strong>perti-_</strong></span> 
     </span>
    </p>
   </div>
   <div class='ocr_carea' id='block_1_116' title="bbox 1971 5748 3557 5821">
    <p class='ocr_par' dir='ltr' id='par_1_116' title="bbox 1971 5748 3557 5821">
     <span class='ocr_line' id='line_1_118' title="bbox 1971 5748 3557 5821; baseline 0.003 -19"><span class='ocrx_word' id='word_1_873' title='bbox 1971 5750 2121 5802; x_wconf 87' lang='lat' dir='ltr'><strong>nacia</strong></span> <span class='ocrx_word' id='word_1_874' title='bbox 2164 5748 2363 5803; x_wconf 86' lang='lat' dir='ltr'><strong>inducti</strong></span> <span class='ocrx_word' id='word_1_875' title='bbox 2409 5750 2855 5818; x_wconf 83' lang='lat' dir='ltr'><strong>contradixerint,</strong></span> <span class='ocrx_word' id='word_1_876' title='bbox 2903 5753 3146 5807; x_wconf 82' lang='lat' dir='ltr'><strong>obtineat</strong></span> <span class='ocrx_word' id='word_1_877' title='bbox 3204 5752 3557 5821; x_wconf 83' lang='lat' dir='ltr'><strong>plurimorum</strong></span> 
     </span>
    </p>
   </div>
   <div class='ocr_carea' id='block_1_117' title="bbox 1972 5840 2256 5897">
    <p class='ocr_par' dir='ltr' id='par_1_117' title="bbox 1972 5840 2256 5897">
     <span class='ocr_line' id='line_1_119' title="bbox 1972 5840 2256 5897; baseline -0.018 0"><span class='ocrx_word' id='word_1_878' title='bbox 1972 5840 2256 5897; x_wconf 85' lang='lat' dir='ltr'><strong>sententia.</strong></span> 
     </span>
    </p>
   </div>
   <div class='ocr_carea' id='block_1_118' title="bbox 3082 5937 3120 5994">
    <p class='ocr_par' dir='ltr' id='par_1_118' title="bbox 3082 5937 3120 5994">
     <span class='ocr_line' id='line_1_120' title="bbox 3082 5937 3120 5994; baseline 0 0"><span class='ocrx_word' id='word_1_879' title='bbox 3082 5937 3120 5994; x_wconf 82' lang='grc'><strong>2</strong></span> 
     </span>
    </p>
   </div>
  </div>
