4012 6458
477 278 546 335 45
1772 264 2125 322 DIONYSIUS
2162 263 2485 324 EXIGUUS.

549 386 610 454 ζ’.
642 384 846 445 Ἐπειδὴ
869 388 1103 444 συνήθεια
1128 384 1400 457 κεκράτηκε
1426 386 1510 436 sui
1535 381 1819 455 πνράδοσις
1843 384 2064 457 ἀρχαα,
2100 385 2146 441 Λ

478 482 612 535 ὥστε
658 481 744 535 τόν
775 480 823 532 ἐν
852 477 991 552 Αἱλίᾳ
1022 478 1295 531 ἐπίσκοπον
1332 477 1606 547 τιμᾶσθαι,
1635 477 1806 548 ἐχέτω
1835 480 1925 535 τὴν
1952 475 2071 531 ἀκο-

479 569 681 626 λουθίαν
727 578 818 631 τῆς
860 578 1028 646 τιμῆς,
1061 576 1121 644 τῇ
1163 568 1472 639 μητροπόλει
1515 566 1636 640 [τῆς
1682 566 2071 639 μητροπόλει)ςῖ

484 666 776 735 σωζομένου
801 670 889 719 τοῦ
921 665 1102 717 οἰκείου
1129 663 1434 735 ἀξιώματος.

553 779 614 835 η’.
644 781 760 851 Περὶ
784 784 883 832 τῶν
911 776 1267 846 ὀνομαζόντων
1296 780 1385 847 μὲν
1419 778 1627 839 ἑαυτούς
1653 778 1896 852 καθαρούς
1928 799 2069 845 ποτε,

482 869 919 945 προσερχομένων
950 867 1002 923 δὲ
1031 869 1054 897 ⁸
1076 876 1139 942 τῇ
1170 869 1397 943 καθολικῇ
1426 873 1507 924 καί
1552 871 1859 945 ἀποστολικῇ
1901 873 2075 931 ἔκκλη-

484 962 595 1031 σίᾳ,
615 956 756 1022 ἔδοξε
787 966 848 1031 τῇ
872 956 993 1032 ἁγίᾳ
1019 961 1105 1013 καί
1123 958 1315 1030 μεγάλῃ
1337 957 1556 1030 συνόδῳ,
1583 959 1717 1015 ὥστε
1754 967 2075 1032 χειροεετου-

481 1053 659 1120 μένους
693 1052 906 1117 αὑτούς,
936 1052 1097 1123 μένειν
1139 1050 1303 1113 οὕτως
1336 1053 1387 1106 ἐν
1417 1058 1488 1124 τῷ
1521 1052 1702 1127 κλήρῳ.
1737 1054 1835 1124 Πρὸ
1871 1052 2075 1107 πάντων

418 1176 423 1183 ι
482 1140 534 1196 δὲ
579 1148 736 1198 τοῦτο
778 1134 1087 1214 ομολογῆσαι
1133 1145 1324 1203 αὑτοὺς
1685 1148 1963 1219 προσήκει,
1999 1143 2075 1199 ὅτι

422 1280 425 1287 ,
482 1239 821 1295 συνθήσον-αι
862 1240 948 1291 καί
981 1236 1381 1295 ἀκολουθήσουσι
1423 1244 1528 1297 τοῖς
1571 1244 1663 1298 τῆς
1704 1237 1958 1297 καθολικῆς
1989 1242 2076 1292 καί

486 1326 824 1387 ὀιποστολικιῖιις⁵
849 1327 1115 1389 ἐκκλησίας
1143 1326 1388 1400 δόγμασι,
1409 1329 1697 1389 τοῦτ’ἐστὶ,
1731 1330 1813 1383 καὶ
1843 1327 2076 1401 διγάμοις

482 1424 748 1483 κοινωνεῖν,
783 1420 869 1472 καί
908 1426 1014 1478 τοῖς
1040 1420 1088 1472 ἐν
1115 1427 1189 1492 τῷ
1232 1418 1440 1495 διωγμῷ
1485 1421 1974 1493 παραπεπτωκόσιν.
2001 1421 2075 1491 ἐφ’

482 1504 549 1563 ὧν
577 1510 663 1561 καί
684 1509 871 1584 χρόνος
894 1510 1156 1574 τέτακται,
1180 1513 1263 1564 καὶ
1285 1511 1454 1582 καιρός
1480 1512 1716 1585 ὥρισται,
1732 1512 1863 1564 ὥστε
1886 1512 2073 1570 αὑτούς

480 1600 763 1654 ἀκολουθεῖν
794 1602 842 1654 ἐν
867 1605 1001 1655 πᾶσι
1025 1608 1131 1659 τοῖς
1160 1598 1379 1669 δόγμασι
1400 1608 1491 1659 τῆς
1510 1600 1769 1659 καθολικῆς
1791 1600 2066 1660 ἐκκλησίας.

481 1689 629 1747 ’Βδθα
769 1688 853 1746 οὖν
875 1693 1060 1752 πάντες
1081 1689 1178 1745 εἴτε
1201 1691 1248 1743 ἐν
1273 1693 1488 1760 κώμαις,
1507 1689 1605 1746 εἴτε
1631 1691 1908 1746 ἐενπόλεσιν
1931 1693 2074 1746 αὐτοὶ

482 1782 621 1855 μόνοι
649 1785 963 1859 εὑρίσκοιντο
993 1785 1451 1856 χειροτονηθέντες,
1484 1784 1528 1838 οἱ
1561 1783 1899 1855 εὑρισκόμενοι
1928 1786 1976 1840 ἐν
2000 1793 2069 1854 τῷ

481 1874 643 1946 κλήρῳ
668 1873 871 1931 ἔσονται
901 1878 952 1929 ἐν
980 1882 1054 1946 τῷ
1084 1876 1227 1946 αὑτῷ
1253 1879 1494 1947 σχήματι
1522 1874 1811 1949 [τάγματι].
1831 1881 1883 1929 Εἰ
1908 1876 1962 1931 δέ
1984 1885 2072 1932 τοῦ

481 1974 569 2025 τῆς
595 1965 865 2025 καθολικῆς
898 1965 1164 2027 ἐκκλησίας
1186 1964 1467 2021 ἐπισκόπου
1503 1964 1534 2024 ἦ
1563 1964 1911 2041 πρεσϐυτέρου
1934 1962 2074 2028 ὄντος

482 2059 873 2131 προσέρχονταί
906 2078 1055 2120 τινες.
1091 2055 1369 2132 πρόδηλον,
1402 2059 1470 2119 ὡς
1496 2056 1522 2113 ό
1552 2061 1640 2130 μὲν
1674 2058 1956 2119 ἐπίσκοπος
1984 2069 2074 2120 τῆς

486 2154 750 2212 ἐκκλησίας
788 2152 889 2217 ἕξει
922 2155 979 2207 τό
1010 2153 1210 2221 ἀξίωμα
1238 2157 1325 2207 τοῦ
1355 2150 1650 2216 ἐπισκόπου,
1682 2152 1707 2207 ό
1751 2151 1806 2207 δέ
1835 2155 2074 2224 ὀνομαζό-

483 2265 630 2314 μενος
656 2245 802 2319 παρὰ
830 2250 940 2304 τοῖς
974 2243 1252 2316 λεγομένοις
1276 2246 1515 2317 καθαροῖς
1540 2245 1839 2310 ἐπίσκοπος,
1869 2250 1959 2304 τὴν
1980 2254 2072 2301 τοῦ

482 2335 838 2411 πρεσϐυτέρου
870 2341 1017 2407 τιμήν
1038 2337 1164 2401 ἔξει,
1195 2336 1323 2395 πλήν
1354 2338 1398 2391 εί
1426 2341 1494 2397 μὴ
1523 2333 1626 2410 ἄρα
1656 2335 1819 2396 δοκοίη
1857 2346 1929 2407 τῷ
1959 2340 2073 2393 ἐπι·

485 2428 661 2500 σ›.ἑπῳ
703 2437 794 2490 τῆς
838 2438 990 2501 τιμῆς
1026 2437 1117 2485 τοῦ
1161 2431 1399 2501 ὀνόματος
1441 2432 1590 2486 αὑτόν
1632 2434 1892 2503 μετέχειν.
1929 2436 1984 2487 Εἰ
2017 2431 2071 2488 δὲ

481 2526 634 2575 τοῦτο
654 2522 790 2593 αύτῷ
809 2526 883 2592 μὴ
903 2523 1129 2594 ἀρέσκει,
1154 2525 1409 2582 ἕπινοήσει
1438 2523 1593 2578 τόπον
1612 2522 1642 2582 ἣ
1664 2525 2069 2599 χωρεπισκόπου

480 2609 512 2669 ἦ
540 2611 923 2684 πρεσϐυτίρου,
941 2613 1074 2688 ὑπὲρ
1102 2619 1194 2669 τοῦ
1216 2614 1268 2668 ἐν
1287 2620 1360 2683 τῷ
1387 2613 1550 2687 κλήρῳ
1579 2610 1705 2671 ὅλως
1735 2612 1893 2668 δοκεῖν
1921 2610 2067 2682 εἶναι,

476 2700 561 2755 ἵνα
581 2705 652 2771 μή
676 2702 729 2755 ἐν
752 2709 815 2775 τῇ
836 2702 981 2759 πόλει
1009 2700 1100 2758 δύο
1120 2704 1390 2757 ἐπίσκοποι
1418 2699 1560 2756 ὦσιν.

549 2790 609 2845 θ’.
641 2791 709 2847 Εἴ
739 2813 868 2853 τινες
898 2792 1243 2857 ἀνεξετάστως
1286 2795 1669 2868 προσήχθησαν
1701 2795 2063 2873 πρεσϐύτεροι,

478 2884 509 2943 ἦ
525 2884 898 2957 ἀνακρινόμενοι
911 2884 1239 2955 ὡμολόγησαν
1256 2887 1324 2940 τὰ
1336 2885 1679 2959 ἁμαρτήματα
1692 2884 2066 2962 ἶὴμαρτημένα]

480 2977 674 3040 αὐτοῖς,
702 2978 790 3028 καὶ
832 2974 1247 3047 ὁμολογησάντων
1275 2977 1461 3040 αὑτων,
1489 2979 1635 3050 παρά
1674 2976 1850 3033 κανόνα
1896 2983 2065 3035 κινού-

481 3088 614 3136 μενοι
633 3068 679 3122 οἱ
700 3064 953 3143 ἅνθρωποι
977 3074 1088 3128 τοῖς
1108 3069 1356 3129 τοιούτοις
1383 3077 1539 3140 χεῖρα
1563 3070 1930 3137 ἐπιτεθήκασιν,
1950 3069 2064 3125 τού-

481 3180 600 3220 τους
631 3159 656 3213 ό
681 3163 838 3217 κανών
874 3161 930 3214 οὑ
968 3162 1258 3231 προσίεται.
1293 3162 1361 3218 Τὸ
1387 3163 1482 3240 γὰρ
1509 3164 1846 3222 ἀνεπίληπτον
1876 3163 2060 3220 ἕκδικεῖ

481 3252 509 3309 ἡ
531 3252 757 3310 καθολική
785 3252 1047 3315 ἐκκλησία.

550 3345 599 3400 ι’.
630 3342 780 3403 Ὀσοι
801 3349 1276 3422 προεχειρίσθησαν
1303 3356 1404 3403 τῶν
1427 3352 1916 3426 παραπεπτωκότων
1936 3355 2067 3410 κατά

481 3437 701 3510 ἄγνοιαν,
729 3440 760 3501 ἦ
788 3442 871 3496 καί
901 3439 1210 3515 προειδότων
1248 3449 1347 3497 τῶν
1384 3446 1884 3519 προχειρισαμένων,
1912 3453 2065 3502 τοῦτο

481 3532 539 3584 οὑ
565 3535 817 3608 προκρίνει
841 3529 1006 3605 [οὗτοι
1030 3535 1091 3588 οὑ
1118 3533 1473 3608 προκρίνουσι]
1502 3536 1663 3591 κανόνι
1684 3541 1760 3610 τῷ
1797 3536 2067 3597 ἐκκλησια-

478 3628 658 3694 στικᾷγ
686 3625 993 3695 γνωσθέντες
1019 3626 1120 3699 γὰρ
1145 3626 1527 3700 καθαιροῦνται.

548 3716 634 3769 ια’.
679 3718 796 3787 Περὶ
832 3722 932 3771 τῶν
956 3714 1326 3791 ξπαραϐἀντων
1366 3721 1534 3794 χωρὶς
1561 3721 1801 3793 ἀνάγκης,
1834 3721 1864 3781 ἦ
1896 3725 2065 3797 χωρὶς

479 3805 791 3879 ἀφαιρέσεως
834 3807 1209 3881 ὑπερχόντων,
1257 3806 1288 3867 ἣ
1340 3812 1507 3883 χωρίς
1557 3810 1811 3877 κινδύνου,
1863 3813 1894 3871 ἥ
1932 3835 2067 3875 τινος

480 3897 711 3951 τοιούτου
730 3938 744 3961 ,
775 3894 801 3950 ὃ
826 3899 1025 3970 γέγονεν
1055 3899 1139 3953 ἕπί
1173 3907 1267 3960 τῆς
1297 3899 1594 3977 τυραννίδος
1634 3905 1877 3957 Λικινίου’
1923 3902 2063 3967 ἔδοξε

479 3995 541 4061 τῇ
590 3986 896 4059 συνόδῳ,-εὶ
943 3993 1029 4045 καί
1077 3992 1199 4055 ἀνάξ
1221 4013 1269 4046 οι
1321 3989 1450 4051 ἦσαν
1493 3996 1883 4068 φιλανθρωπίας.
1930 3992 2065 4065 ὅμως

481 4082 919 4154 χρηστεύσασθαι
943 4087 1014 4144 εἰς
1037 4087 1244 4147 αὑτούς.
1276 4085 1425 4142 Ὀσοι
1469 4083 1557 4141 οὑν
1584 4090 1803 4159 γνησίως
1840 4110 2064 4159 μεταμεο

478 4170 681 4235 λῶνται,
711 4176 830 4247 τρία
857 4173 944 4234 ἔτη
990 4176 1040 4229 ἐν
1082 4179 1416 4249 ἀκροωμένοις
1450 4182 1753 4237 ποιήσουσιν
1784 4181 1828 4232 οἱ
1866 4184 2064 4244 πιστοὶ,

480 4264 557 4315 καί
593 4263 726 4318 ἑπτὰ
756 4263 844 4324 ἔτη
871 4267 1274 4323 ὑποπεσοῦνται’
1311 4266 1403 4322 δύο
1431 4267 1484 4323 δὲ
1526 4266 1613 4326 ἕτη
1645 4272 1811 4343 χωρὶς
1841 4287 2068 4342 προσθίοι-

478 4358 595 4423 pair,
625 4361 986 4414 κοινωνήσουσι
1012 4366 1084 4427 τῷ
1111 4360 1218 4431 λαῷ
1242 4367 1341 4414 τῶν
1367 4368 1701 4436 προσευχῶν.

2104 1750 2151 1809 Β

3712 278 3792 339 Ην

2254 380 2362 435 Vll.
2400 381 2667 448 Quoniam
2720 382 3054 438 consuetudo
3113 382 3387 454 obtinuit,
3441 395 3496 440 ct
3550 398 3771 448 anttuua

2182 474 2418 537 traditio,
2452 481 2509 527 ut
2540 472 2699 528 Adlite
2726 475 3012 547 episcopus
3043 477 3357 542 honoretur.
3391 479 3589 535 habeat
3615 483 3774 537 ordi-

2177 580 2297 619 nem
2358 567 2618 633 honoris,
2689 569 2974 638 metropoli
3042 570 3261 643 propria
3331 571 3594 641 dignitate
3658 591 3777 629 scr-

2150 665 2317 709 Nam.

2249 765 2382 821 Vlll.
2417 766 2492 822 De
2517 769 2600 823 his
2641 770 2731 836 qui
2761 784 2821 825 se
2852 770 3129 839 catharos,
3174 772 3226 827 id
3272 781 3354 828 est
3379 778 3567 844 puros,
3601 781 3784 835 nomi-

2176 868 2327 924 nant,
2358 861 2402 915 si
2426 860 2717 929 aliquando
2745 862 2813 917 ad
2838 863 3164 919 catholicam
3196 874 3248 920 et
3278 867 3633 935 apostolicam
3677 869 3780 926 Ec-

2175 950 2393 1005 clesiam
2421 952 2700 1018 redierint,
2720 954 2890 1009 visum
2917 964 2999 1010 est
3014 964 3213 1011 sanctae
3234 966 3289 1011 et
3314 971 3523 1026 magna:
3539 962 3779 1032 Synodu,

2177 1053 2235 1099 ut
2280 1053 2503 1114 accepta
2552 1060 2807 1099 manuum
2864 1046 3234 1116 impositione,
3263 1048 3342 1104 sie
3385 1049 3438 1107 in
3467 1051 3617 1107 clero
3671 1067 3776 1105 ma-

2178 1144 2358 1193 neant.
2387 1135 2503 1192 Pra:
2526 1137 2776 1193 omnibus
2803 1146 2985 1193 autem
3004 1154 3100 1195 eos
3121 1142 3324 1211 scripto
3353 1142 3594 1212 proﬁteri
3617 1160 3780 1215 opor-

2177 1236 2273 1295 tet,
2291 1230 2437 1298 quod
2459 1232 2819 1298 consentient,
2845 1240 2899 1286 et
2924 1242 3223 1303 sequentur
3241 1235 3492 1305 dogmata
3518 1237 3779 1293 Ecclesia:

2176 1321 2459 1377 catholicae
2488 1331 2545 1378 et
2571 1324 2907 1393 apostolicae,
2934 1324 2989 1379 id
3009 1333 3112 1390 est,
3137 1334 3193 1381 et
3217 1342 3340 1382 eum
3365 1328 3593 1397 digamis
3620 1346 3779 1389 com-

2174 1412 2471 1480 municare,
2510 1427 2567 1469 et
2594 1414 2676 1469 his
2701 1416 2795 1486 qui
2820 1416 2873 1471 in
2905 1419 3281 1485 persecutione
3322 1420 3457 1491 lapsi
3480 1432 3627 1487 sunt,
3648 1425 3774 1491 qui-

2175 1504 2275 1561 bus
2321 1505 2485 1561 etiam
2512 1515 2725 1575 tempus
2774 1509 3129 1564 constitutum
3174 1518 3278 1574 est,
3306 1520 3363 1566 et
3393 1516 3778 1582 opportunitas

2176 1591 2415 1663 deﬁnita,
2447 1603 2505 1648 ut
2526 1597 2579 1650 in
2613 1597 2862 1652 omnibus
2887 1608 3183 1667 sequantur
3209 1599 3462 1669 dogmata
3489 1604 3777 1658 catholica:

2178 1686 2448 1745 Ecclesiae.
2484 1687 2802 1758 Ubicunque
2829 1698 3031 1756 autem,
3061 1693 3176 1746 sive
3208 1693 3259 1746 in
3288 1692 3441 1757 vicis,
3467 1694 3583 1749 sive
3613 1695 3666 1750 in
3694 1696 3781 1750 ci-

2179 1778 2433 1834 vitatibus
2463 1779 2562 1848 ipsi
2604 1779 2706 1835 soli
2752 1780 2956 1836 inventi
2983 1780 3185 1837 fuerint
3211 1783 3464 1851 ordinati,
3497 1785 3586 1854 qui
3616 1785 3772 1839 inre-

2177 1869 2398 1924 niuntur
2440 1870 2494 1925 in
2542 1871 2689 1925 clero
2719 1871 2772 1925 in
2822 1872 3014 1927 eodem
3065 1872 3258 1928 ordine
3289 1883 3662 1945 permaneant.
3712 1876 3775 1932 Si

2179 1972 2361 2017 autem
2411 1963 2692 2018 catholica:
2738 1962 2991 2019 Ecclesia:
3032 1967 3290 2036 episcopo
3330 1976 3423 2021 aut
3452 1966 3773 2039 presbytero

2177 2059 2444 2113 existente
2488 2058 2703 2126 quidam
2745 2058 3042 2127 accedunt,
3090 2059 3435 2115 manifestum
3488 2068 3592 2128 est,
3623 2061 3772 2131 quod

2177 2152 2463 2221 episcopus
2493 2149 2751 2206 Ecclesice
2792 2150 3109 2220 dignitatem
3151 2153 3390 2222 episcopi
3415 2153 3632 2207 habeat.
3665 2154 3771 2219 Qui

2177 2253 2357 2298 autem
2386 2244 2526 2314 apud
2574 2258 2691 2312 eos,
2736 2245 2829 2316 qui
2878 2244 3133 2301 dicuntur
3178 2248 3408 2314 eathari,
3456 2249 3771 2302 nominatur

2176 2335 2493 2404 episcopus,
2528 2334 2729 2390 habeat
2778 2335 3041 2392 honorem
3084 2337 3418 2407 presbyteri,
3474 2338 3575 2392 nisi
3627 2337 3770 2394 forte

2175 2425 2441 2494 placuerit
2486 2426 2742 2495 episeopo
2770 2427 3005 2481 nominis
3047 2428 3308 2483 honorem
3336 2429 3411 2482 illi
3442 2430 3766 2485 concedere.

2174 2516 2232 2572 Si
2255 2517 2356 2571 hoc
2383 2525 2564 2571 autem
2594 2518 2643 2572 ei
2676 2519 2897 2573 minime
2926 2520 3208 2589 placuerit,
3245 2522 3483 2577 inveniat
3509 2524 3558 2577 ei
3590 2524 3768 2579 locum

2174 2609 2569 2679 chorepiscopi,
2597 2619 2689 2664 aut
2711 2610 3029 2680 presbyteri,
3058 2620 3115 2665 ut
3144 2612 3195 2665 in
3226 2613 3369 2667 clero
3397 2616 3617 2669 omnino
3648 2631 3769 2670 esse

2178 2698 2439 2765 videatur,
2463 2715 2531 2756 ne
2556 2701 2606 2754 in
2629 2701 2850 2757 civitate
2872 2702 2979 2755 duo
3009 2703 3117 2757 sint
3145 2705 3406 2775 episcopi.

2243 2793 2334 2848 IX.
2377 2794 2432 2850 Si
2465 2797 2553 2867 qui
2581 2798 2698 2853 sine
2748 2797 3152 2855 examinatione
3193 2802 3491 2873 presbyteri
3532 2807 3765 2874 promoti

2172 2885 2301 2956 sint,
2332 2890 2418 2944 vel
2464 2904 2584 2943 cum
2624 2889 3050 2955 discuterentur,
3100 2903 3323 2962 peccata
3377 2911 3473 2950 sua
3530 2897 3762 2952 confessi

2171 2979 2297 3045 sint,
2323 2980 2508 3049 eisque
2530 2980 2813 3049 confessis,
2838 2981 3083 3036 homines
3108 2990 3295 3038 contra
3323 3000 3584 3039 canonem
3607 2988 3761 3053 moti,

2172 3084 2359 3126 manus
2388 3072 2761 3142 imposuerint,
2796 3072 2927 3127 tales
2956 3088 3130 3128 canon
3164 3090 3271 3129 non
3303 3075 3537 3131 admittit
3571 3096 3584 3129 :
3618 3077 3763 3147 quod

2177 3162 2322 3217 enim
2350 3164 2771 3234 reprehensibile
2801 3175 2914 3227 est,
2962 3166 3228 3222 catholica
3270 3165 3506 3222 Ecclesia
3538 3184 3644 3223 non
3668 3169 3763 3225 de-

2172 3251 2359 3309 tendit.

2245 3345 2312 3400 Χ.
2356 3346 2672 3417 Quicunque
2701 3364 2767 3403 ex
2788 3349 2952 3418 lapsis
2973 3350 3201 3405 ordinati
3228 3360 3352 3406 sunt
3382 3366 3479 3421 per
3508 3352 3761 3421 ignoran-

2171 3441 2321 3507 tiam,
2351 3440 2936 3497 autdissimulationem
2965 3458 3155 3498 eorum
3180 3444 3270 3513 qui
3297 3458 3393 3500 cos
3418 3444 3758 3511 ordinarunt,

2168 3532 2274 3587 hoc
2287 3547 2393 3587 non
2406 3532 2927 3603 prmjudieatcanoni
2954 3533 3363 3601 Ecclesiastico;
3391 3535 3588 3604 cogniti
3612 3537 3755 3590 enim

2166 3623 2528 3695 deponuntur.

2208 3715 2330 3770 -Xl.
2375 3718 2451 3771 De
2482 3719 2562 3773 his
2590 3720 2682 3787 qui
2730 3719 3065 3789 prmvaricati
3106 3728 3231 3774 sunt
3267 3721 3385 3775 sine
3415 3722 3759 3790 necessitate,

2170 3815 2263 3863 aut
2287 3807 2598 3863 facultatum
2626 3809 2919 3877 ablatione,
2949 3816 3041 3863 aut
3069 3810 3187 3865 sine
3219 3810 3483 3880 periculo,
3534 3818 3625 3865 aut
3655 3810 3759 3865 ali-

2170 3916 2276 3970 quo
2306 3902 2592 3971 ejusmodi,
2617 3903 2760 3973 quod
2784 3904 2984 3959 factum
3009 3914 3093 3959 est
3111 3906 3211 3959 sub
3240 3904 3520 3976 tyrannide
3545 3902 3756 3970 Licinii,

2172 3993 2338 4048 visum
2367 4001 2449 4047 est
2475 3993 2705 4063 synodo,
2737 3993 2865 4049 licet
2894 3995 3263 4049 misericordia
3291 3995 3491 4064 indigni
3512 3995 3641 4062 sint,
3672 3995 3762 4049 bc-

2170 4084 2431 4151 nignitate
2461 4090 2643 4139 tamen
2673 4084 2727 4139 in
2757 4100 2851 4140 eos
2875 4086 2974 4140 uti.
2998 4086 3315 4157 Quicunque
3343 4101 3473 4156 ergo
3497 4104 3625 4144 vere
3653 4103 3761 4158 poe-

2171 4176 2361 4239 nitent,
2390 4176 2560 4231 tribus
2583 4177 2740 4232 annis
2765 4177 2949 4233 tideles
2971 4177 3112 4232 inter
3130 4177 3414 4232 audientes
3436 4178 3757 4242 habeantur,
3842 4176 3845 4179 ’

2170 4274 2224 4321 et
2253 4275 2459 4336 septem
2491 4268 2646 4322 annis
2674 4252 2903 4337 Ajaceant
2933 4286 2947 4320 :
2993 4267 3201 4323 duobus
3231 4275 3412 4322 autem
3460 4267 3615 4323 annis
3643 4269 3762 4323 sine

2174 4358 2472 4425 oblatione,
2497 4358 2697 4428 populo
2725 4358 3125 4413 communicent
3155 4358 3207 4412 in
3238 4357 3590 4412 orationibus.

552 4466 635 4518 ιϐ’.
684 4469 745 4521 οἱ
783 4467 835 4523 δὲ
885 4472 1275 4547 προσκληθέντες
1320 4477 1410 4545 μέν
1447 4476 1547 4529 ἀπὸ
1592 4484 1683 4535 τῆς
1728 4475 1952 4551 χάριτος
1986 4480 2068 4531 καὶ

2246 4468 2358 4525 ΧΠ.
2400 4469 2715 4540 Quicunque
2747 4472 2923 4527 vocati
2968 4487 3066 4542 per
3092 4472 3350 4540 gratiam,
3381 4471 3611 4541 primum
3638 4472 3759 4540 qui-

478 4561 569 4616 τὴν
599 4560 805 4634 πρώτην
835 4560 994 4635 ὁρμήν
1037 4561 1385 4636 ἐνδειξάμενοι,
1415 4570 1500 4622 καὶ
1525 4566 1822 4638 ἀποθέμενοι
1849 4570 1943 4627 τὰς
1972 4570 2068 4631 ζὼ-

477 4672 598 4713 νας,
628 4655 756 4722 μετὰ
786 4652 839 4709 δὲ
863 4662 1028 4711 ταῦτα
1055 4657 1139 4711 ἐπὶ
1168 4659 1250 4712 τόν
1287 4662 1469 4714 οἰκεῖον
1493 4658 1668 4730 ἔμετον
1689 4658 2069 4734 ἀναδραμόντες

479 4746 547 4803 ὡς
574 4741 739 4808 κύνες,
769 4747 837 4805 ὥς
864 4768 1005 4808 τινας
1027 4750 1110 4802 καί
1133 4748 1353 4825 ἀργύρια
1373 4752 1639 4825 πρόεσθαι,
1665 4755 1748 4809 καί
1774 4752 2069 4823 ϐενεφικίοις

477 4837 789 4909 κατορθῶσαι
812 4834 1048 4913 [δωρεαῖς
1076 4843 1159 4893 καί
1189 4837 1545 4913 ὑποσχέσεσι]
1572 4843 1629 4898 τό
1651 4841 2067 4917 ἀναστρατεύσκ-

475 4929 617 4995 σθαι,
670 4926 812 4985 οὗτοι
851 4928 971 4985 δέκα
1012 4930 1100 4991 ἔτη
1147 4934 1612 5000 ὑποπιπτέτωσαν,
1661 4940 1793 5007 μετὰ
1841 4939 1929 4992 τόν
1975 4946 2066 4999 τῆς

477 5027 709 5093 τριετοῦς
739 5023 1030 5094 ἀκροάσεως
1059 5025 1265 5099 χρόνον
1287 5025 1540 5097 ἔφ’ἇπασι
1569 5025 1622 5081 δέ
1648 5028 1870 5092 τούτοις,
1899 5047 2065 5103 προστ

477 5115 581 5169 ἠκει
604 5110 849 5177 ἐξετάζειν
873 5118 962 5172 τήν
990 5118 1280 5192 προαίρεσιν
1303 5120 1389 5172 καὶ
1413 5120 1470 5173 τὸ
1499 5114 1628 5178 εἶδος
1651 5126 1742 5180 τῆς
1772 5121 2071 5186 μετανοίαςν

466 5199 624 5257 ὀσοι
665 5207 754 5274 μίν
798 5207 896 5281 γὰρ
939 5210 1025 5261 καὶ
1072 5208 1206 5280 φόϐῳ
1237 5214 1319 5264 καί
1345 5207 1564 5285 δάκρυσι
1592 5216 1675 5265 καί
1712 5211 1939 5286 ὑπομονῇ
1982 5216 2081 5293 κοιὶρ3

475 5292 844 5370 ἀγαθοεργίαις,
869 5302 959 5356 τήν
987 5300 1289 5376 ἐπιστροφὴν
1318 5298 1443 5375 ἔργῳ
1487 5306 1570 5356 καὶ
1595 5305 1651 5358 οὑ
1680 5308 1920 5374 σχήματι
1950 5306 2083 5383 ἐττιοῖ

477 5381 777 5452 dein-want,
808 5384 946 5444 οὗτοι
972 5390 1332 5465 πληρώσαντες
1360 5395 1445 5446 τόν
1471 5394 1658 5467 χρόνον
1682 5396 1765 5449 τόν
1793 5392 2083 5475 ὡρισμένονἼ

476 5484 569 5535 τῆς
610 5478 928 5551 ἀκροάσεως,
956 5485 1160 5546 εἰκότως
1187 5492 1286 5541 τῶν
1313 5488 1486 5557 εὐχῶν
1511 5492 1900 5549 κοινωνήσουσι,
1931 5494 2062 5561 μετὰ

475 5576 565 5623 τοῦ
608 5566 784 5634 ἐξεῖναι
822 5579 895 5640 τῷ
942 5577 1205 5647 ίπισκόπῳ
1252 5582 1335 5632 καί
1375 5580 1832 5654 φιλ,.ν9ρωπότερόν
1865 5601 1915 5637 τι
1944 5585 2065 5656 περὶ

475 5661 640 5716 κὺτῶν
693 5665 1097 5723 εουλεύσασθαι·
1131 5667 1241 5723 ὅσοι
1284 5667 1336 5724 δὲ
1379 5670 1663 5743 ἀδιαφόοως
1701 5671 1914 5743 ἤνεγκαν
1937 5711 1949 5732 .
1982 5677 2062 5727 mi

2174 4561 2295 4617 dem
2323 4561 2571 4617 ardorem
2596 4560 2822 4617 lidemve
2845 4577 2995 4616 suam
3023 4561 3468 4630 ostenderunt,et
3487 4561 3758 4630 cingulum

2173 4652 2375 4707 militia:
2400 4652 2789 4723 deposuerunt,
2821 4660 3011 4723 postea
3042 4667 3171 4707 vero
3217 4660 3276 4707 ut
3319 4666 3486 4706 canes
3515 4650 3582 4705 ad
3604 4666 3759 4705 suum

2172 4746 2434 4801 vomitum
2475 4744 2677 4801 reversi
2706 4750 2853 4807 sunt,
2887 4744 2960 4799 ita
2983 4751 3043 4798 ut
3070 4743 3234 4817 aliqui
3264 4749 3317 4798 et
3345 4742 3633 4812 pecuniam
3659 4742 3759 4796 da-

2170 4850 2318 4907 rent,
2340 4848 2396 4915 ει
2424 4837 2701 4897 beneﬁciis
2729 4837 2975 4892 militiam
3004 4844 3335 4907 repeterent,
3368 4836 3421 4890 hi
3450 4835 3636 4890 decem
3658 4849 3759 4889 an-

2173 4932 2256 4986 nis
2293 4932 2534 5003 jaceant,
2577 4938 2700 4999 post
2725 4926 2942 4984 triennii
2981 4926 3272 4981 auditionis
3320 4934 3550 4994 tempus.
3580 4923 3639 4979 ln
3676 4924 3761 4980 his

2173 5033 2350 5095 autem
2375 5023 2624 5078 omnibus
2645 5021 2936 5077 observare
2964 5027 3179 5091 oportet
3208 5018 3545 5089 propositum
3568 5026 3623 5071 et
3649 5032 3762 5073 mo-

2169 5103 2294 5184 dum
2325 5111 2689 5184 poenitentiae.
2721 5110 3037 5180 Quicunque
3066 5110 3210 5164 enim
3253 5116 3309 5162 et
3339 5107 3551 5172 timore,
3592 5115 3651 5162 et
3680 5106 3762 5160 la-

2170 5179 2387 5277 cry'mis,
2414 5215 2467 5259 et
2488 5200 2769 5274 patientia,
2800 5212 2856 5256 et
2884 5201 3041 5256 bonis
3067 5199 3320 5271 operibus
3346 5198 3757 5253 conversionem

2130 5308 2135 5311 ‘
2170 5301 2371 5368 absque
2392 5296 3149 5368 simulatime-demonstrant,
3168 5293 3222 5346 hi
3245 5289 3523 5346 deﬁnitum
3547 5298 3759 5360 tempus

2172 5359 2463 5455 auditionis
2492 5359 2806 5458 implentes,
2838 5395 2947 5441 tum
2977 5384 3192 5440 demum
3239 5381 3574 5440 orationibus
3600 5394 3756 5435 eomv

2170 5482 2538 5547 munieabunt,
2570 5489 2625 5536 et
2668 5488 2855 5551 postea
2886 5476 3068 5531 licebit
3097 5476 3377 5545 episcopo,
3429 5474 3497 5528 de
3525 5471 3612 5527 his
3655 5470 3759 5525 ali-

2167 5575 2297 5646 quid
2324 5573 2608 5630 humanius
2629 5572 2891 5639 cogitare.
2919 5567 3240 5636 Quicunque
3268 5581 3397 5621 vero
3441 5562 3755 5619 indideran-

2167 5681 2250 5727 ter
2280 5668 2542 5733 tulerunt,
2589 5673 2647 5719 et
2692 5662 2934 5718 habitum
2974 5659 3269 5716 Ecclesium
3307 5656 3613 5714 introeundi
3651 5656 3754 5712 sibi

544 5804 574 5839 “
620 5800 905 5873 Legeretur
936 5806 1128 5861 melius
1151 5830 1161 5862 :
1182 5811 1301 5879 Περὶ
1330 5815 1494 5861 τῶν...
1525 5804 1795 5883 καθαρους,
1828 5812 1950 5863 ποτὲ
1984 5806 2060 5877 δὲ,

2179 5845 2209 5875 .,
2238 5813 2296 5861 ιιι
2322 5791 2603 5872 postulare
2622 5789 2832 5855 videtur
2866 5793 3026 5854 lectio
3055 5792 3261 5852 Latina.
3299 5792 3451 5848 Ευιτ.
