4012 6464
475 275 554 333 ξξῖ
1769 277 2078 338 ’ῡΙΟΝΥΞσΙΙ

2189 276 2505 338 EXIGUUS.
3713 274 3787 328 ‘48

495 415 618 459 νοις,
651 415 791 470 παρα
819 396 997 450 κανόνα
1023 396 1122 469 γὰρ
1154 396 1233 449 καί
1262 398 1404 466 παρά
1427 399 1562 461 τάξιν
1588 399 1696 452 ἐστὶ
1720 397 1776 450 τὸ
1802 397 2076 469 γινόμενον.

2189 393 2406 448 obedire
2454 392 2684 447 noluerit
2725 399 2848 463 post
2887 392 2985 449 has
3023 389 3381 461 deﬁnitiones,
3413 393 3632 451 desinat
3657 409 3786 451 esse

496 486 556 536 Εί
593 481 646 538 δέ
684 505 762 544 τις
803 489 874 555 μὴ
912 485 1040 539 θέλοι
1077 484 1380 558 πειθαρχεῖν
1411 487 1492 540 καί
1529 486 1660 556 μετά
1702 485 1919 544 τούτους
1961 487 2082 544 τούς

495 573 670 650 ὅρους,
697 576 986 632 πεπαύσθω
1014 581 1105 634 τῆς
1135 572 1404 635 διακονίας.
1509 582 1512 584 ⁷

567 663 646 719 ιθ’.
692 667 808 739 Περὶ
844 671 943 720 τῶν
987 663 1430 720 Παυλιανισὰντων
1473 661 1944 735 [παυλιανιστῶν],
1979 659 2085 717 ε’ίτα

497 756 891 828 ποοσφυγόντων
937 764 1002 828 τῇ
1048 754 1284 829 καθολικῇ
1331 755 1607 830 ἐκκλησίᾳ,
1654 752 1770 828 ὄρος
1813 755 2085 809 ἐκτέθειται

495 847 930 910 ἀναϐαπτίζεσθαι
964 847 1149 906 αύτούς
1178 846 1478 910 εξάπαντος.
1521 847 1579 898 Εἰ
1605 843 1657 900 δέ
1687 865 1816 906 τινες
1845 853 1916 916 τῷ
1945 864 2086 914 παρ·-

496 933 760 997 εληλυθότι
785 938 957 1013 χρόνῳ
990 940 1041 992 ἓν
1074 945 1148 1008 τῷ
1181 938 1344 1010 κλήρῳ
1379 938 1757 1002 ἐξηπατήθησαν
1792 935 2086 1007 [ἐξητάσθη-

494 1029 634 1099 σανι,
650 1032 695 1082 εἰ
714 1031 804 1098 μὲν
823 1025 1085 1099 ἄμεμπτοι
1107 1030 1194 1082 καί
1216 1028 1546 1086 ἀνεπίληπτοι
1570 1035 1790 1098 φανεῖεν,
1809 1027 2089 1082 ἀναϐαπτι-

461 1110 478 1187 ξ
495 1120 1200 1192 σθίντεςχειροτονείσθωσαν
1215 1118 1319 1174 ύπό
1334 1124 1420 1172 τοῦ
1439 1127 1532 1178 τῆς
1551 1118 1773 1176 καθολικιῐ
1782 1139 1806 1178 ς
1821 1117 2088 1176 ἰκκλησίας

465 1198 798 1268 ’ἐπισκόποω
828 1213 884 1266 Εἰ
909 1209 964 1266 δὲ
999 1212 1032 1268 ἡ
1067 1212 1334 1284 ἀνάκρισις
1379 1207 1759 1268 ἀνεπιτηδείους
1790 1209 1972 1269 αύτούς
2002 1206 2089 1261 εύ-

496 1309 686 1372 ρίσκοι,
715 1303 1056 1378 καθαιρεῖσθαι
1103 1304 1286 1363 αύτούς
1331 1305 1579 1378 προσήκει
1601 1315 1614 1331 ⁸
1649 1301 1899 1359 ὡσαύτως
1922 1296 1976 1353 δὲ
2005 1299 2089 1352 καί

495 1397 616 1466 περὶ
659 1401 757 1448 τῶν
793 1391 1138 1453 διακονισσῶν,
1167 1395 1253 1448 καί
1285 1391 1411 1452 ὅλως
1457 1395 1577 1467 περί
1613 1398 1712 1448 τῶν
1741 1393 1789 1444 ἐν
1818 1397 1892 1462 τῷ
1921 1389 2090 1443 κανόνι

495 1481 698 1558 Ῑκλήρῳ]
724 1484 1079 1556 ἐξεταζομένων
1101 1481 1126 1536 ό
1153 1483 1306 1542 αύτός
1334 1486 1500 1543 τύπος
1525 1480 2086 1557 παραφυλαχθήσεται.

505 1575 733 1643 Εμνήσθη
749 1573 838 1642 μὶν
852 1569 902 1625 δὲ
917 1569 988 1642 [Ρ
997 1609 1008 1622 .
1027 1567 1112 1639 δή]
1125 1578 1224 1624 τῶν
1244 1569 1575 1624 διακονεσσῶν
1585 1577 1685 1625 τῶν
1699 1571 1748 1622 ἓν
1763 1576 1834 1640 τῷ
1847 1571 2089 1637 σχήματι

500 1663 880 1728 ἐξετασθεισῶν,
908 1663 1018 1715 ἐπεὶ
1045 1659 1169 1732 μηδὲ
1198 1661 1520 1734 χειροθεσίαν
1549 1661 1663 1715 τινὰ
1691 1657 1932 1730 ἔχουσιν,
1951 1659 2086 1712 ὥστε

485 1755 773 1819 ,ἑξὰπαντος
799 1755 849 1807 ἓν
878 1760 986 1812 τοῖς
1009 1754 1194 1812 λαίκοῖς
1226 1753 1388 1812 αύτάς
1417 1752 1758 1816 ἐξετάζεσθαι.

569 1843 624 1900 κ’.
669 1842 868 1903 Ἐπειδή
915 1845 1040 1906 τινές
1081 1847 1212 1899 εἰσιν
1239 1841 1287 1894 ἐν
1314 1849 1376 1917 τῇ
1405 1849 1621 1916 κυριακῇ
1658 1841 1777 1913 γόνυ
1817 1841 2085 1904 κλίνοντες,

499 1935 581 1990 καὶ
603 1934 654 1987 ἓν
680 1940 794 1994 ταῖς
837 1941 930 1994 τῆς
954 1941 1302 1994 πεντηκοστῆς
1343 1933 1578 2006 ἧῴραις,
1611 1933 1744 2006 ύπίρ
1790 1936 1883 1986 τοῦ
1920 1931 2086 1985 πάντα

502 2029 550 2078 iv
587 2025 729 2100 πάσῃ
766 2026 1007 2099 παροικίᾳ
1036 2023 1238 2094 ,ὁμοίως
1286 2023 1646 2096 φυλάττεσθαι,
1679 2022 1912 2080 ἑστῶτας
1943 2018 2084 2084 ἔδοξε

503 2123 562 2190 τῇ
740 2113 938 2183 συνόδῳ
975 2116 1065 2176 τὰς
1091 2116 1254 2186 εύχάς
1283 2112 1577 2170 ἀποδιδόναι
1602 2122 1676 2187 τῷ,
1704 2121 1830 2182 Θεῷ.

2116 1779 2165 1841 Β

2187 486 2464 542 diaconus.

2257 660 2392 715 XIX.
2433 661 2510 716 De
2548 660 2908 728 Paulianistis,
2941 663 2987 719 si
3018 663 3087 718 ad
3118 663 3412 720 Ecclesiam
3453 666 3790 724 catholicam

2186 753 2545 822 confugerint,
2593 752 2873 809 deﬁnitum
2915 763 2998 811 est
3039 770 3135 812 eos
3167 757 3388 812 omnino
3430 757 3790 828 rebaptizari.

2187 843 2246 900 Si
2275 844 2370 918 qui
2410 860 2541 901 vero
2583 846 2857 916 praeterito
2906 855 3151 918 tempore
3192 849 3248 904 in
3296 849 3443 906 clero
3484 849 3704 918 fuerint,
3743 853 3794 906 si

2186 936 2409 1008 quidem
2436 937 2698 1007 inculpati
2728 946 2784 993 et
2806 938 3324 1008 irreprehensibiles,
3350 942 3666 1012 rebaptizati
3695 961 3792 1000 or-

2187 1028 2445 1083 dinentur
2484 1027 2553 1082 ab
2606 1027 2865 1098 episcopo
2910 1028 3193 1084 catholica:
3235 1028 3509 1085 Ecclesia}.
3553 1033 3610 1087 Si
3652 1049 3793 1089 vero

2190 1116 2505 1183 examinati,
2528 1116 2707 1170 minus
2735 1116 2846 1186 apti
2873 1116 3196 1186 deprehensi
3223 1118 3442 1188 fuerint,
3465 1121 3666 1191 deponi
3689 1138 3794 1177 eos

2189 1208 2482 1262 convenit:
2512 1207 2762 1263 similiter
2804 1217 2984 1263 autem
3013 1216 3067 1264 et
3095 1208 3163 1265 de
3210 1209 3547 1280 diaconissis,
3581 1222 3637 1268 et
3667 1231 3791 1268 om-

2191 1295 2320 1351 nino
2349 1296 2416 1352 de
2441 1297 2527 1352 his
2553 1298 2647 1366 qui
2675 1299 2776 1353 sub
2813 1312 3027 1353 canone
3058 1308 3366 1367 versantur,
3391 1303 3578 1358 eadem
3609 1304 3789 1358 forma

2191 1385 2514 1441 servabitur.
2562 1386 2991 1443 DiacOnissarum
3031 1398 3210 1444 autem
3256 1391 3622 1461 meminimus,
3667 1409 3792 1464 quae

2193 1475 2248 1529 in
2281 1474 2468 1530 habitu
2495 1476 2714 1545 quidem
2753 1491 2874 1532 esse
2906 1487 3214 1544 censentur,
3250 1480 3378 1549 quia
3411 1497 3542 1538 vero
3582 1483 3790 1538 nullam

2194 1583 2385 1625 manus
2414 1568 2816 1639 impositionem
2844 1570 3065 1639 habent,
3098 1579 3158 1627 ut
3183 1573 3406 1629 omnino
3437 1575 3578 1630 inter
3611 1564 3790 1633 laicos

2195 1660 2323 1730 ipsa:
2352 1659 2700 1732 deputentur.

2263 1838 2379 1894 XX.
2422 1838 2690 1907 Quoniam
2725 1849 2850 1896 sunt
2880 1841 3118 1910 quidam,
3148 1843 3240 1914 qui
3267 1843 3356 1900 die
3383 1844 3656 1902 dominico
3685 1863 3786 1919 ge-

2196 1942 2301 1982 nua
2331 1927 2574 1994 ﬂectunt,
2604 1935 2661 1983 et
2689 1928 2748 1985 in
2786 1929 2975 1986 diebus
3004 1929 3368 1999 Pentecostes,
3403 1942 3464 1988 ut
3493 1937 3675 1990 omnia
3708 1937 3787 1990 si-

2193 2019 2395 2074 militer
2422 2019 2478 2074 in
2507 2019 2655 2074 omni
2684 2021 2920 2090 parmcia
2949 2031 3252 2090 serventur,
3273 2025 3447 2080 visum
3475 2035 3559 2083 est
3584 2037 3789 2084 sancta:

2195 2111 2429 2183 synodo,
2458 2120 2665 2168 stantes
2689 2113 2801 2170 Deo
2827 2115 3103 2174 orationes
3131 2119 3457 2186 persolvere.

513 2209 3762 2242 ._________.._____.._________._____________________

1471 2291 2024 2398 CONCILII
2101 2292 2279 2397 AN
2287 2291 2734 2400 CYBAN
2741 2297 2782 2396 Ι

1551 2457 1912 2521 CANONES
1960 2455 2138 2518 xxv
2196 2453 2328 2535 (an.
2363 2457 2516 2518 Chr.
2553 2458 2724 2538 3th).

620 2563 746 2639 Qui
773 2531 1016 2642 quidem
1041 2565 1289 2641 priores
1317 2568 1465 2622 sunt
1491 2559 1790 2632 Nicamis,
1821 2557 1925 2619 sed
1958 2531 2471 2696 ίάεὲιξὲἕροείιί
2504 2567 2653 2619 sunt
2679 2531 2959 2640 propter
2991 2567 3427 2630 auctoritatem
3455 2571 3680 2649 synodi

1929 2653 2056 2696 acu
2259 2654 2329 2696 ιε.

1929 2653 2329 2697 ωευηιεηισω.

563 2844 660 2876 κα.
691 2821 1081 2898 Πρεσϐυτίρους
1106 2820 1226 2878 τούς
1257 2817 1619 2882 ἐπιθύσαντας,
1651 2810 1762 2868 εἶτα
1804 2815 2069 2868 ἐπαναπα-

494 2911 798 2978 λαίσαντας,
819 2915 946 2983 μήτε
977 2911 1031 2963 ἐκ
1054 2907 1268 2980 μεθόδου
1298 2908 1428 2968 τινός
1455 2907 1558 2961 ἀλλ’
1579 2908 1630 2971 ἐξ
1653 2906 1908 2970 ἀληθείας,
1943 2909 2070 2976 μήτε

2253 2810 2390 2867 XXI.
2414 2845 2469 2857 —-
2510 2813 2563 2870 I.
2604 2813 2957 2890 Presbyteros
2984 2821 3077 2890 qui
3110 2821 3546 2895 immolaverunt,
3574 2826 3777 2884 deinde

2181 2912 2371 2960 contra
2398 2905 2648 2962 reluctati
2682 2917 2826 2978 sunt,
2871 2925 2980 2966 non
3017 2913 3359 2970 simulatione
3386 2916 3638 2985 quadam,
3668 2920 3768 2974 sed

495 3008 1081 3082 προκατασκευάσαντας
1101 3007 1184 3060 καί
1201 3001 1639 3063 ίπιτηδεύσαντας
1656 3004 1739 3056 καί
1763 3002 2070 3068 πείσαντας,

2189 3008 2251 3050 ex
2284 2996 2535 3064 veritate,
2569 3013 2669 3054 nec
2697 3001 2802 3056 hoc
2833 3003 2982 3072 prius
3014 3005 3303 3060 machinati
3332 3015 3478 3075 sunt,
3510 3023 3611 3064 nec
3641 3025 3776 3065 con-

493 3100 570 3154 ἷνα
616 3097 801 3162 δόξωσι
842 3099 931 3170 μὲν
974 3096 1220 3167 βασάνοις
1263 3093 1652 3150 ύποϐἀλλεσθαι.
1681 3089 1874 3152 ταύτας
1910 3088 1966 3146 δὲ
2005 3097 2079 3164 τῷ

494 3189 656 3243 δοκεῖν
681 3191 854 3260 καίτῷ
876 3191 1115 3258 σχήματι
1139 3187 1507 3260 προσαχθῆναι
1528 3180 1942 3261 [προσαχθῶσψ
1964 3184 2079 3237 τού·

495 3299 614 3338 τους
643 3277 777 3342 ἔδοξε
807 3285 897 3337 τῆς
927 3279 1017 3348 μὲν
1046 3285 1198 3348 τιμῆς
1235 3284 1327 3336 τῆς
1367 3278 1498 3331 κατά
1543 3279 1633 3334 τὴν
1663 3273 1904 3350 καθέδραν
1933 3277 2077 3344 μετέ·

491 3390 626 3441 χειν,
655 3371 958 3445 προσφέρειν
992 3369 1042 3424 δέ
1073 3373 1280 3436 αύτούς,
1310 3369 1340 3428 ἦ
1369 3369 1577 3438 ὁμιλεῖν,
1607 3374 1636 3427 ἣ
1667 3367 1794 3428 ὅλως
1834 3370 2074 3444 λειτουρ-

491 3468 592 3531 γεῖν
614 3484 665 3517 τι
697 3469 796 3516 τῶν
825 3462 1086 3536 ίερατικῶν
1131 3462 1450 3537 λειτουργιῶν
1479 3465 1549 3532 μή
1583 3462 1780 3525 ἐξεῖναι.

557 3637 650 3692 κε’.
682 3641 945 3698 Διακόνους
975 3637 1154 3703 ὁμοίως
1192 3639 1478 3701 θύσαντας,
1508 3640 1637 3707 μετά
1667 3636 1719 3692 δέ
1755 3645 1922 3694 ταῦτα
1959 3639 2078 3692 ἀνα-

477 3729 851 3792 παλαίσαντας,
871 3734 959 3788 την
973 3729 1061 3798 μὲν
1081 3728 1237 3787 αύτην
1259 3725 1291 3782 ἔ
1293 3748 1410 3798 χειν
1443 3727 1482 3791 “,
1502 3729 1795 3782 πεπαῦσθαι
1817 3726 1870 3782 δέ
1893 3729 2078 3788 αὐτούς

487 3821 657 3880 πάσης
684 3827 773 3879 τῆς
797 3819 937 3894 ἱερᾶς
965 3817 1262 3893 [ἱερατικῆς]
1287 3818 1607 3890 λειτουργίας
1625 3858 1639 3883 ,
1663 3826 1754 3878 τῆς
1776 3838 1830 3873 τε
1863 3825 1953 3873 τοῦ
1985 3816 2078 3892 ἆρ-

477 3931 571 3966 .τον
593 3910 623 3969 ἣ
658 3913 896 3981 ποτήριον
924 3911 1212 3983 ἀναφέρειν,
1249 3908 1279 3967 ἧ
1310 3911 1604 3982 κηρύσσειν.
1644 3911 1700 3962 EE
1725 3912 1817 3979 μέν
1846 3911 1922 3964 τοί
1949 3929 2078 3970 τινες

485 4010 584 4058 τῶν
606 4001 891 4058 ἐπισκόπων
913 4004 1127 4062 τούτους
1149 3998 1396 4056 συνίδοιεν
1423 3999 1644 4070 [τούτοις
1670 3997 1959 4069 συνειδεῖεν]
1984 4007 2076 4052 κά-

485 4092 644 4162 ματόν
664 4113 776 4148 τινα
793 4089 824 4151 ἦ
853 4093 1157 4146 ταπείνωσιν
1178 4091 1490 4165 πρᾳότητος,
1512 4093 1594 4144 καὶ
1614 4091 1816 4145 ἐθέλοιεν
1832 4088 2004 4145 πλεῖόν
2029 4112 2078 4145 τι

481 4183 667 4242 διδόναι
687 4184 717 4245 ἦ
746 4186 992 4259 ἀφαιρεῖν,
1014 4182 1095 4239 ἐπ’
1113 4184 1287 4246 αὐτοῖς
1313 4179 1438 4238 εἶναι
1464 4188 1554 4242 τὴν
1578 4183 1828 4247 ἐξουσίαν.

2185 3086 2329 3143 sulto
2351 3103 2416 3144 ac
2439 3088 2508 3144 de
2535 3089 2797 3146 industria
2828 3093 2880 3148 id
2909 3095 3172 3162 fecerunt,
3195 3104 3252 3152 et
3281 3109 3680 3168 persuaserunt,
3715 3111 3777 3158 ut

2183 3179 2465 3234 tormentis
2507 3179 2696 3251 subjici
2729 3183 3059 3252 viderentur,
3091 3201 3216 3241 cum
3245 3202 3309 3243 ea
3339 3190 3520 3260 specie
3557 3201 3613 3246 et
3655 3195 3777 3263 opi-

2183 3273 2345 3324 nione
2389 3279 2596 3327 tantum
2637 3273 3004 3331 inferrentur:
3039 3277 3213 3334 visum
3255 3287 3341 3335 est
3377 3296 3472 3338 eos
3512 3281 3775 3339 honorem

2181 3358 2398 3431 quidem
2436 3364 2578 3419 sedis
2618 3365 2856 3422 retinere
2883 3385 2896 3420 :
2930 3367 3129 3426 offerre
3169 3379 3348 3427 autem
3379 3372 3509 3441 illis,
3537 3382 3629 3429 aut
3659 3391 3774 3430 ser-

2181 3465 2398 3506 monem
2428 3453 2698 3523 conferre,
2725 3456 2811 3511 vel
2833 3459 3055 3516 omnino
3080 3475 3238 3517 sacro
3261 3461 3442 3534 aliquo
3470 3465 3775 3524 ministerio

2181 3539 2328 3607 fungi
2357 3556 2466 3596 non
2493 3542 2676 3599 licere.

2184 3653 2189 3658 -
2253 3627 2413 3684 XXII.
2452 3663 2472 3674 -
2543 3631 2598 3687 2.
2626 3631 2890 3691 Diaconos
2917 3637 3163 3695 similiter
3189 3643 3283 3711 qui
3326 3643 3770 3713 immolaverunt,

2180 3729 2371 3790 postea
2409 3730 2588 3778 autem
2618 3725 2868 3782 reluctati
2906 3738 3052 3797 sunt,
3083 3732 3233 3788 illum
3260 3735 3477 3804 quidem
3508 3738 3773 3795 honorem

2182 3813 2386 3869 habere
2412 3814 2618 3884 placuit
2668 3835 2682 3869 :
2734 3819 2878 3888 ipsos
2907 3836 3036 3877 vero
3078 3839 3293 3881 cessare
3334 3827 3403 3882 ab
3431 3830 3578 3884 omni
3616 3845 3773 3886 sacro

2183 3903 2486 3959 ministerio
2515 3906 2629 3960 sive
2655 3922 2851 3977 panem
2871 3912 2957 3966 vel
2971 3913 3193 3969 calicem
3222 3915 3501 3984 oil‘erendi,
3527 3921 3613 3974 veI
3633 3937 3774 3990 pra:-

2183 3993 2420 4050 dicandi.
2451 3995 2556 4050 Sed
2591 3997 2636 4052 si
2678 3999 2896 4068 quidam
2923 4001 3166 4074 episcopi
3186 4006 3388 4061 conscii
3416 4007 3525 4062 sint
3570 4007 3775 4065 laboris

2181 4101 2388 4153 eorum,
2426 4095 2480 4142 et
2506 4088 2822 4146 humilitatis
2855 4101 2910 4146 et
2938 4095 3386 4160 mansuetudinis,
3418 4105 3473 4153 et
3501 4099 3772 4155 voluerint

2180 4179 2260 4234 eis
2285 4179 2484 4249 aliquid
2523 4183 2750 4252 amplius
2801 4184 3060 4254 tribuere,
3091 4187 3178 4242 vel
3224 4190 3458 4257 auferre,
3492 4191 3545 4244 in
3575 4206 3770 4248 eorum

2185 4277 2450 4338 potestate
2478 4270 2530 4325 id
2564 4287 2704 4327 esse.

549 4358 643 4428 κγ’.
673 4359 800 4416 Τούς
846 4357 1122 4427 φεύγοντας
1157 4357 1242 4409 καί
1271 4355 1662 4426 συλληφθέντας,
1693 4352 1722 4411 ἦ
1758 4354 1857 4408 ύπό
1887 4355 2078 4407 οἰκείων

2253 4358 2434 4414 XXIII.
2460 4391 2516 4400 —
2554 4361 2607 4414 5.
2651 4361 2758 4417 Eos
2785 4363 2875 4432 qui
2919 4363 3184 4434 fugientes
3213 4368 3591 4437 comprehensi
3618 4377 3767 4437 sunt,

479 4445 856 4522 παραδοθέντας
875 4487 890 4510 ,
920 4444 950 4503 ἦ
981 4441 1141 4504 ἄλλως
1183 4447 1248 4498 τά
1277 4445 1588 4521 ύπάρχοντα
1625 4444 2014 4517 ἀφαιρεθέντας,
2045 4443 2074 4502 ἦ

488 4539 848 4610 ὑπομείναντας
874 4537 1154 4609 βασάνους,
1178 4535 1208 4595 ἦ
1243 4539 1312 4597 είς
1343 4535 1683 4611 δεσμωτήριον
1713 4537 2074 4607 ἐμξληθέντας,

479 4631 703 4699 βοῶντας
719 4651 792 4692 τε,
810 4627 886 4684 ὅτι
898 4631 1000 4684 είσί
1023 4633 1298 4705 χριστανοί
1321 4633 1399 4684 καί
1424 4631 1846 4702 περισχισθέντες
1861 4628 2074 4704 [περισ-

483 4719 772 4792 χεθέντας],
787 4721 898 4779 ἤτοι
919 4723 988 4782 εἷς
1010 4728 1103 4780 τὰς
1128 4729 1312 4796 χεῖρας
1335 4722 1463 4794 πρὸς
1623 4720 1954 4790 ἐμϐαινόντων
1974 4727 2073 4773 τῶν

481 4812 808 4884 βιαζομένων,
831 4811 859 4870 ἦ
881 4813 1064 4887 βρῶμά
1083 4833 1134 4866 τι
1159 4813 1288 4886 πρὸς
1310 4813 1525 4881 ἀνάγκην
1547 4809 1869 4884 δεξαμένους,
1894 4809 2074 4882 ὁμολο-

482 4907 692 4976 γοῦντας
717 4926 771 4960 τε
799 4903 982 4966 διόλου,
1017 4902 1094 4960 ότι
1118 4907 1219 4958 εἰσί
1242 4925 1281 4974 χ
1287 4906 1562 4979 ριστιανοί,
1589 4907 1675 4957 καί
1695 4904 1752 4958 τό
1773 4904 1947 4963 πίνθος
1983 4910 2076 4958 τοῦ

480 4995 769 5064 συμϐάντος
790 4996 869 5049 ἀεὶ
889 4993 1320 5064 ἐπιδεικνυμένους
1341 5001 1402 5066 τῇ
1423 4996 1564 5066 πασῃ
1585 4993 1873 5068 καταστολῇ
1897 4997 1979 5047 καί
2003 5002 2075 5067 τῷ

481 5092 752 5159 σχήματι,
779 5090 862 5140 καί
891 5094 950 5160 τῇ
989 5092 1077 5141 τοῦ
1107 5087 1222 5159 βίου
1254 5085 1603 5148 ταπεινότητι,
1634 5087 1848 5145 τούτους
1879 5086 1946 5145 ὡς
1974 5083 2074 5148 ἔξω

480 5177 846 5252 ἁμαρτήματος
876 5173 1026 5237 ὄντας
1045 5216 1064 5242 ,
1091 5186 1183 5237 τῆς
1223 5177 1482 5236 κοινωνίας
1517 5181 1585 5242 μὴ
1617 5175 1912 5229 κωλύεσθαι.
1946 5177 2000 5227 lii
2021 5173 2075 5229 δὲ

479 5274 563 5324 καί
581 5272 895 5328 ίκωλύθησαν
919 5267 1022 5325 ὑπό
1037 5291 1180 5324 τινων
1201 5269 1578 5344 περισσοτέρας
1601 5267 1863 5340 ἀκριϐείας
1887 5268 2066 5331 ἕνεκεν,

479 5360 509 5420 ἦ
530 5363 612 5414 καί
631 5383 778 5417 τινων
805 5364 1005 5436 ἀγνοίᾳ,
1034 5362 1177 5422 εὐθὺς
1197 5357 1599 5435 προσδεχθῆναι.
1627 5364 1790 5413 Τοῦτο
1812 5353 1864 5412 δέ
1887 5357 2068 5428 ὁμοίως

423 5465 426 5468 ’
478 5450 564 5506 ἐπί
584 5473 636 5506 τε
658 5459 756 5507 τῶν
785 5453 836 5506 ἐκ
863 5461 954 5507 τοῦ
977 5453 1161 5524 κλήρου
1185 5455 1267 5506 καί
1295 5458 1394 5504 τῶν
1425 5446 1582 5504 ἄλλων
1605 5448 1812 5506 λαϊκῶν.
1847 5450 2067 5524 Προσεξ-

480 5543 670 5599 ητάσθη
689 5539 740 5596 δέ
765 5545 984 5616 κάκεῖνο,
1008 5547 1048 5596 εἰ
1075 5541 1325 5598 δύνανται
1353 5545 1432 5595 καὶ
1453 5542 1613 5595 λαίκοί
1634 5549 1693 5613 τῇ
1730 5541 1852 5612 αύτῇ
1877 5541 2067 5614 ἀνάγκη

480 5631 826 5695 ὑποπεσόντες
843 5635 1190 5709 προσάγεσθαι
1217 5638 1288 5694 είς
1313 5636 1471 5698 τάξιν.
1498 5632 1692 5701 ’Ἑδοξεν
1727 5629 1816 5687 οὖν
1847 5636 1928 5688 καί
1953 5636 2067 5688 τού-

553 5745 570 5766 ⁶
608 5745 959 5817 Subintelligc
985 5751 1152 5820 τιμήν.
1187 5745 1340 5800 Enn.

2185 4449 2269 4502 vel
2308 4463 2338 4502 a
2377 4449 2689 4506 domesticis
2719 4452 2921 4515 traditi,
2949 4456 3034 4511 vel
3061 4457 3172 4512 suis
3199 4459 3400 4528 alioqui
3427 4459 3774 4517 facultatibus

2184 4539 2398 4608 privati,
2425 4541 2509 4595 vei
2539 4550 2808 4598 tormenta
2849 4549 3107 4615 perpessi,
3143 4549 3229 4603 vel
3260 4549 3312 4603 in
3340 4565 3612 4606 carcerem
3641 4567 3775 4607 con-

2178 4628 2311 4698 jccti
2335 4637 2479 4694 sunt,
2511 4631 2806 4688 clamantes
2831 4649 2890 4689 se
2911 4650 3030 4691 esse
3045 4635 3401 4707 Christianos,
3430 4649 3486 4694 et
3513 4655 3580 4695 eo
3602 4656 3775 4710 usque

2185 4720 2396 4775 astricti
2441 4729 2587 4787 sunt,
2621 4732 2679 4777 ut
2711 4723 2745 4778 ii
2775 4725 2866 4792 qui
2894 4725 2999 4780 vim
3028 4725 3324 4782 aﬂ‘erebant
3345 4734 3360 4797 (
3385 4729 3550 4802 thus)
3577 4732 3630 4786 in
3656 4747 3773 4785 ma-

2183 4827 2284 4867 nus
2310 4813 2576 4869 violenter
2597 4814 3080 4886 immitterent,aut
3101 4819 3304 4891 aliquid
3331 4823 3520 4893 polluti
3550 4825 3652 4880 cibi
3675 4840 3775 4894 per

2178 4906 2555 4961 necessitatem
2587 4922 2802 4964 sumere
2841 4920 3187 4981 cogerentur,
3225 4913 3548 4970 conﬁtentes
3577 4930 3775 4986 perpe-

2179 5003 2274 5050 tuo
2296 5004 2355 5052 s'c
2382 5011 2502 5052 esse
2527 4997 2885 5068 Christianos,
2901 5010 2954 5055 et
2972 5001 3088 5070 ejus
3104 5003 3250 5073 quod
3275 5003 3472 5059 accidit
3498 5004 3768 5072 dolorem,

2178 5094 2234 5140 et
2261 5088 2460 5141 amictu
2489 5098 2544 5142 et
2571 5089 2775 5157 habitu,
2803 5098 2858 5146 et
2901 5093 3024 5148 vitae
3061 5093 3364 5150 humilitate
3418 5095 3768 5165 praesel‘eren-

2179 5186 2280 5241 tes,
2308 5178 2407 5234 hos
2437 5181 2582 5235 velut
2605 5182 2928 5253 incnlpatos,
2960 5200 2991 5239 a
3022 5187 3404 5241 communione
3431 5202 3540 5242 non
3570 5188 3765 5244 arceri.

2178 5270 2233 5324 Si
2255 5287 2387 5326 vero
2418 5273 2486 5326 ab
2514 5274 2695 5342 aliquo
2725 5276 2888 5330 etiam
2917 5284 3042 5331 sunt
3071 5277 3362 5346 prohibiti,
3389 5277 3610 5348 majoris
3638 5293 3770 5334 cau-

2180 5365 2342 5418 tionis
2391 5365 2578 5431 gratia,
2612 5366 2694 5420 vel
2725 5368 2886 5422 etiam
2927 5377 3151 5438 propter
3188 5368 3474 5436 quamdam
3513 5370 3770 5437 ignoran-

2180 5453 2325 5519 tiam,
2369 5456 2552 5509 statim
2576 5456 2942 5512 admittantur.
2978 5457 3092 5512 Hoc
3135 5466 3314 5512 autem
3345 5459 3592 5514 similiter
3614 5468 3670 5514 et
3697 5459 3766 5514 de

2177 5544 2386 5600 clericis
2411 5555 2464 5600 ct
2491 5547 2609 5601 aliis
2640 5547 2808 5603 laicis.
2840 5547 2973 5602 Illud
2995 5547 3155 5602 etiam
3180 5550 3530 5618 perquisitum
3561 5557 3664 5616 est,
3696 5564 3766 5604 an

2177 5644 2395 5704 possent
2423 5637 2584 5694 ctiam
2616 5637 2754 5706 laici,
2786 5639 2875 5707 qui
2926 5639 2978 5694 in
3003 5639 3246 5695 eamdem
3270 5640 3650 5698 necessitatem
3681 5639 3766 5696 in-
