4012 6516
208 416 289 472 49
1157 408 1382 466 CODEX
1419 406 1744 467 CANONUM
1787 406 2154 464 UNWERSE
2196 407 2574 469 ECCLESUE.
2608 408 2615 413 ’
3424 414 3499 466 50.

210 553 368 599 τους,
403 532 483 594 ὡς
504 528 664 601 μηδὲν
699 527 1057 603 ἡμαρτηκότας
1097 525 1566 601 [ἁμαρτήσαντας],
1600 528 1641 579 εί
1680 528 1762 579 καί
1784 526 1812 582 ἦ

1953 523 2181 592 iderunt,
2214 525 2280 579 ad
2302 525 2543 581 ordinem
2573 525 2901 595 promoveri.
2933 525 3121 581 Visum
3150 537 3234 583 est
3260 536 3408 598 ergo,
3445 541 3515 585 cr

209 625 557 704 προλαϐοῦσα
585 623 870 698 εὑρίσκοιτο
900 620 1019 698 ὀρθὴ
1045 623 1138 674 τοῦ
1160 618 1272 689 βίου
1312 618 1539 671 πολιτεία
1557 657 1569 681 ,
1599 636 1698 692 προ
1702 639 1741 685 χ
1748 635 1815 670 ει-

210 720 316 789 ρίςε
326 716 475 772 σθαι.

280 805 380 861 κδ’.
416 807 538 881 Περὶ
558 808 659 858 τῶν
682 803 814 878 πρὸς
989 799 1277 863 θυσάντων,
1310 799 1394 853 ἐπί
1420 796 1474 852 δὲ
1502 796 1703 856 τούτοις
1734 796 1817 849 καὶ

208 905 313 953 τῶν
345 896 726 955 δειπνησάντων
756 898 831 955 εἰς
867 896 932 949 τά
961 890 1141 948 εἴδωλα
1165 908 1178 920 ⁸
1211 890 1322 947 ὅσοι
1348 895 1438 961 μὲν
1477 891 1817 963 ἀπαγόμενοι,

212 989 301 1043 καί
333 992 584 1059 σχήματι
610 983 933 1058 σφοδροτὲρῳ
971 978 1331 1056 [φαιδροτέρῳ]
1354 980 1556 1039 ἀνῆλθον
1577 1020 1591 1045 ,
1623 983 1707 1037 καὶ
1737 980 1823 1035 ἐσ-

209 1083 323 1138 θῆτι
356 1078 660 1149 ἓχρήσαντο
678 1074 1119 1147 πολυτελεστέρα,
1146 1074 1225 1125 καὶ
1249 1073 1509 1142 μετέσχον
1532 1078 1622 1126 τοῦ
1651 1090 1824 1145 παρα-

210 1171 591 1229 σκευασθέντος
609 1167 813 1223 δείπνου
838 1163 1141 1240 ἀδιαφόρως,
1165 1161 1328 1227 ἔδοξεν
1350 1162 1572 1217 ἐνιαυτὸν
1593 1163 1824 1233 ἀκροᾶσ-

211 1267 320 1329 θαι,
352 1266 639 1319 ὑποπεσεῖν
662 1258 716 1313 δὲ
747 1260 870 1336 τρία
897 1256 1019 1323 ἔτη,
1044 1256 1211 1326 εὐχῆς
1253 1252 1308 1309 δὲ
1338 1253 1489 1323 μόνης
1528 1259 1829 1310 κοινωνῆσαι

212 1352 305 1411 ἷτη
339 1351 460 1417 δύο,
482 1354 565 1405 καί
591 1351 705 1405 τότε
734 1348 895 1402 ἐλθεῖν
935 1347 1018 1401 ἐπί
1039 1347 1097 1400 τό
1122 1345 1323 1401 τέλειον.

292 1543 350 1575 κε
369 1561 385 1575 .
415 1519 565 1575 Ὀσοι
591 1518 644 1575 δέ
668 1520 872 1577 ἀνῆλθον
900 1519 1031 1587 μετά
1054 1517 1262 1575 ἐσθῆτος
1291 1515 1521 1574 πενθικῆς
1540 1551 1555 1577 ν
1590 1515 1677 1566 καὶ
1703 1513 1820 1566 ἀνα·

215 1612 473 1671 πεσόντες
512 1610 694 1684 ἔφα-γον
731 1612 922 1678 μᾳταξύ
963 1607 1026 1663 δι’
1060 1606 1179 1667 ὅλης
1220 1622 1313 1666 τῆς
1374 1605 1681 1665 ἀνακλίσεως
1738 1602 1826 1658 δα·

218 1702 491 1779 κρύοντες.
515 1704 558 1756 εἰ
576 1702 880 1772 ἐπλήρωσαν
896 1701 979 1754 τὸν
1001 1708 1093 1760 τῆς
1120 1700 1476 1759 ὑποπτὼσεως
1501 1699 1673 1773 τριέτη
1697 1697 1828 1770 χρό-

216 1817 329 1859 νον,
355 1798 525 1871 χωρίς
544 1797 842 1869 προσφορᾶς
869 1791 1232 1862 δεχθὰτωσσν.
1259 1793 1316 1845 Εἰ
1343 1789 1397 1845 δὲ
1421 1794 1491 1861 μὴ
1511 1789 1713 1864 ἔφαγον,
1737 1788 1828 1843 δύο

1920 628 2037 681 eos,
2054 622 2113 668 ut
2127 615 2217 683 qui
2234 615 2363 669 nihil
2385 624 2717 684 peccassent,
2732 617 2777 672 si
2798 617 2959 671 etiam
2980 616 3291 688 praecedens
3310 615 3499 676 eorum

1918 704 2042 757 vitm
2068 704 2406 760 instituenda:
2428 706 2568 761 ratio
2595 715 2744 762 recta
2767 708 3089 776 inveniatur,
3113 712 3445 780 promoveri.

1993 794 2180 850 XXlV.
2213 830 2282 839 -—
2309 796 2361 850 4.
2405 797 2481 853 De
2505 798 2590 853 his
2619 799 2711 869 qui
2738 813 2836 870 per
2862 800 2972 855 vim
3000 800 3432 866 immolaverunt,
3446 814 3513 857 οι·

1921 888 2197 956 prmterea.
2225 887 2291 942 ad
2332 888 2473 943 idola
2509 898 2859 946 coenaverunt
2888 908 2903 944 :
2933 892 3253 963 quicunque
3279 894 3502 949 abducti

1921 977 2137 1046 quidem
2166 988 2227 1032 et.
2261 978 2466 1033 lmtiore
2494 979 2681 1035 habitu
2716 991 3085 1051 accesserunt,
3110 992 3166 1039 et
3192 993 3345 1040 veste
3366 1000 3501 1055 ιρι-θα

1922 1066 2132 1121 tiosiori
2173 1068 2253 1122 usi
2283 1077 2427 1134 sunt,
2474 1076 2530 1123 et
2573 1078 2891 1141 praeparata:
2931 1088 3097 1129 cinna:
3137 1073 3505 1133 indiderentcr

1921 1156 2213 1227 participes
2248 1156 2484 1227 fuerunt,
2513 1160 2714 1229 placuit
2753 1176 2850 1217 eos
2896 1164 3040 1218 inter
3078 1166 3360 1222 audientes
3394 1182 3503 1222 uno

1924 1260 2067 1303 anno
2097 1249 2376 1314 constitui,
2400 1250 2571 1305 tribus
2600 1260 2779 1307 autem
2810 1255 2965 1309 annis
2988 1255 3257 1311 substerni
3287 1272 3352 1313 ac
3372 1274 3508 1328 sup-

1925 1338 2094 1407 plices
2114 1354 2252 1404 esse,
2267 1340 2367 1395 soli
2397 1350 2576 1405 autem
2607 1344 2838 1399 orationi
2859 1345 3067 1403 duobus
3086 1350 3246 1404 annis
3268 1366 3511 1408 commu-

1927 1430 2129 1495 nicare,
2159 1439 2215 1485 et
2244 1440 2369 1487 tunc
2405 1432 2471 1487 ad
2500 1435 2890 1503 perfectionem
2910 1440 3193 1496 accedere.

2001 1520 2161 1577 XXV.
2192 1550 2262 1561 —-
2289 1521 2339 1577 5.
2380 1525 2696 1596 Quicunque
2733 1536 2913 1583 autem
2957 1545 3077 1585 cum
3106 1542 3255 1587 veste
3299 1534 3515 1603 lugubri

1930 1621 2313 1682 accesserunt,
2363 1624 2419 1669 et
2458 1618 2835 1674 accumbentes
2884 1622 3256 1689 comederunt,
3303 1624 3510 1682 interea

1910 1708 2046 1756 .toto
2078 1711 2319 1773 tempore
2364 1707 2641 1763 accubitus
2667 1707 2933 1779 lacrymas
2962 1711 3267 1780 fundentes,
3295 1716 3339 1770 si
3370 1732 3514 1772 comv

1929 1790 2214 1861 pleverunt
2237 1793 2614 1851 substrationis
2640 1797 2905 1854 triennale
2942 1808 3175 1871 tempus,
3206 1803 3323 1860 sine
3361 1806 3514 1861 Obla-

218 1886 576 1946 ὑποπεσόντες
594 1883 710 1962 ἕτῃ,
727 1892 800 1954 τῷ
821 1887 977 1958 τρίτῳ
995 1884 1446 1941 κοινωνησάτωσαν
1472 1885 1639 1957 χωρὶς
1664 1901 1827 1954 προσ-

1953 1883 2077 1938 ione
2110 1885 2455 1954 recipiantur.
2479 1885 2537 1942 Si
2557 1896 2737 1943 autem
2765 1904 2875 1945 non
2894 1892 3266 1963 comederunt,
3294 1896 3512 1953 biennio

218 1984 411 2054 φορᾶς,
437 1977 523 2031 ἵνα
547 1977 604 2031 τὸ
627 1976 881 2047 τέλειιντῆ
905 1978 1177 2047 τετραετίᾳ
1211 1974 1457 2029 λάϐωσιν.
1481 1976 1608 2033 Τούς
1638 1971 1691 2026 δὲ
1722 1974 1831 2026 ἐπι-

219 2069 457 2130 σκόπους
487 2070 723 2133 ἐξουσίαν
752 2067 896 2139 ἔχειν
932 2066 1214 2136 (Subintel.
1240 2066 1400 2135 ἔδοξε)
1428 2068 1509 2121 τὸν
1535 2066 1831 2141 τρόπονιτῆς

220 2160 541 2235 ἐπιστροφῆς
569 2160 950 2231 δοκιμάσαντας
988 2160 1504 2237 φιλανθρωπεύεσθαι,
1544 2160 1574 2218 ἢ
1627 2161 1834 2216 πλείονα

221 2254 553 2325 προστιθέναι
578 2254 792 2328 χρόνον.
826 2253 923 2328 Πρὸ
963 2254 1166 2308 πάντων
1194 2251 1245 2307 δὲ
1271 2256 1353 2307 καί
1377 2252 1402 2307 ό
1432 2254 1674 2328 προάγων
1696 2253 1831 2323 βίος,

221 2348 311 2397 καί
342 2344 369 2399 ὁ
399 2346 529 2414 μετά
556 2352 744 2409 ταῦτα,
781 2345 1089 2408 ἐξεταζέσθω
1112 2358 1127 2373 ⁸
1170 2347 1253 2398 καὶ
1280 2344 1442 2403 οἷ’τως
1484 2345 1515 2401 ἡ
1563 2344 1832 2418 φιλανθρω-

222 2438 326 2489 πία
355 2437 757 2509 ἐπιμετρείσθω.,

300 2614 401 2675 ις’.
444 2616 565 2688 Περὶ
594 2619 696 2668 τῶν
734 2612 916 2687 ἀπειλῇ
955 2611 1103 2683 μόνον
1152 2614 1387 2678 εἰξάντων
1430 2612 1714 2678 κολάσεως,
1753 2618 1841 2668 καί

222 2704 543 2777 ἐξαιρέσεως
575 2704 938 2778 ὑπαρχόντων,
964 2702 993 2761 ἦ
1024 2703 1281 2772 μετοικίας
1298 2743 1312 2767 ,
1334 2706 1415 2757 καὶ
1441 2703 1727 2766 θυσάντων,
1752 2702 1840 2756 καὶ

220 2795 395 2866 μεχρι
416 2801 517 2851 τοῦ
538 2796 790 2871 παρόντος
815 2802 991 2869 καιροῦ
1014 2801 1084 2866 μή
1111 2797 1551 2865 μετανοησάντων,
1577 2793 1702 2867 μηδέ
1726 2796 1838 2849 ἐπι-

225 2887 592 2959 στρεψάντων,
614 2895 702 2940 νῦν
730 2886 781 2942 δέ
805 2889 950 2961 παρὰ
975 2888 1060 2941 τόν
1085 2890 1259 2959 καιρόν
1273 2895 1365 2947 τῆς
1384 2884 1599 2942 συνόδου
1622 2885 1838 2959 προσελ-

224 2980 438 3045 θόντων,
469 2982 561 3034 καί
584 2984 656 3039 εἰς
682 2979 903 3033 διάνοιαν
923 2988 1016 3040 τῆς
1038 2980 1346 3052 ἐπιστροφῆς
1373 2980 1666 3052 ’γενομένων
1691 2977 1837 3042 ἔδοξε

222 3074 397 3146 μέχρι
449 3082 545 3133 τῆς
583 3075 804 3145 μεγάλης
844 3076 1037 3148 ἡμέρας
1068 3077 1141 3134 εἷς
1168 3075 1412 3150 ἀκρόασιν
1445 3074 1691 3143 δεχθῆναι
1711 3115 1724 3138 ,
1756 3077 1841 3127 καὶ

224 3167 365 3234 μετὰ
402 3169 495 3222 τήν
532 3164 750 3234 μεγάλην
781 3166 968 3238 ἡμέραν
990 3167 1274 3220 ὑποπεσεῖν
1298 3169 1418 3238 τρία
1449 3166 1566 3232 ἔτη,
1594 3170 1680 3221 καὶ
1708 3168 1837 3237 μετὰ

1935 1973 2208 2039 substrati,
2239 1975 2399 2030 tertio
2440 1990 2584 2033 anno
2628 1980 3030 2036 communicent
3071 1983 3188 2039 sine
3213 1985 3508 2053 oblatione,

1934 2070 1995 2116 ut
2016 2058 2402 2131 perfectionem
2429 2066 2784 2135 quadriennio
2812 2080 3233 2141 consequantur.
3264 2061 3537 2148 Episcopi.

1934 2162 2117 2209 autem
2144 2164 2470 2225 potestatem
2486 2158 2745 2229 habeant,
2774 2162 2995 2217 modum
3023 2167 3392 2224 conversionis
3420 2186 3541 2225 eo--

1934 2258 2052 2297 rum
2080 2249 2469 2315 examinantes,
2485 2258 2578 2305 aut
2602 2251 2888 2307 humanius
2914 2255 3105 2322 agendi
3134 2257 3213 2311 vel
3240 2258 3361 2327 plus
3382 2268 3519 2315 tem-

1934 2333 2085 2401 poris
2126 2333 2429 2403 adjiciendi.
2483 2338 2623 2395 Ante
2671 2340 2855 2395 omnia
2901 2349 3083 2398 autem
3113 2352 3169 2399 et
3211 2348 3520 2415 praecedens

1935 2422 2075 2489 vita,
2112 2432 2168 2479 et
2208 2439 2329 2495 quae
2356 2438 2645 2485 consecuta
2675 2438 2778 2499 est,
2826 2434 3184 2502 examinetur,
3226 2446 3280 2492 et
3314 2440 3392 2495 sic
3443 2443 3522 2496 eis

1936 2511 2221 2568 clementia
2252 2516 2610 2586 impertiatur.

2009 2600 2198 2657 XXVI.
2227 2637 2298 2649 --
2325 2607 2373 2659 6.
2419 2608 2495 2663 De
2524 2610 2606 2665 bis
2646 2614 2737 2681 qui
2777 2615 2935 2671 minis
2976 2624 3181 2674 tantum
3220 2636 3521 2692 pmnartun,

1938 2702 2032 2749 aut
2058 2695 2374 2765 privationis
2410 2699 2743 2773 facultatum,
2776 2716 2869 2761 aut
2914 2708 3305 2779 deportationis
3342 2730 3522 2770 cesse-

1939 2794 2084 2853 runt,
2114 2796 2171 2843 et
2209 2789 2639 2861 immolaverunt,
2672 2804 2728 2851 et
2752 2798 2819 2853 ad
2844 2814 3077 2868 praesens
3112 2819 3281 2874 usque
3312 2812 3523 2876 tempus

1936 2876 2311 2945 paenitentiam
2350 2896 2459 2936 non
2488 2892 2743 2954 egerunt,
2774 2902 2879 2945 nec
2914 2892 3162 2947 conversi
3191 2906 3350 2960 sunt;
3382 2912 3525 2951 nunc

1940 2976 2121 3023 autem
2150 2970 2291 3026 circa
2324 2980 2534 3045 tempus
2561 2978 2750 3047 synodi
2770 2994 2833 3035 se
2860 2982 3188 3049 obtulerunt,
3221 2994 3276 3040 et
3303 3002 3528 3043 convcr-

1940 3061 2109 3116 sionis
2137 3063 2519 3131 cogitationem
2562 3066 2851 3125 induerunt
2883 3089 2896 3124 :
2927 3073 3131 3142 placuit
3160 3076 3226 3129 ad
3273 3092 3526 3147 magnum

1941 3167 2113 3222 usque
2137 3153 2279 3209 diem
2306 3170 2400 3210 eos
2426 3157 2567 3212 inter
2597 3160 2877 3217 audientes
2915 3163 3143 3232 admitti,
3187 3175 3242 3222 et
3271 3176 3393 3236 post
3415 3184 3528 3222 ma—

226 3253 357 3310 ἆλλα
390 3253 485 3309 δύο
512 3253 674 3329 [τρία]
703 3253 797 3313 ἔτη
817 3296 831 3319 ,
866 3266 1168 3315 κοτνωνῆσαι
1205 3260 1373 3332 χωρὶς
1402 3263 1729 3332 προσφορᾶς,
1757 3259 1839 3311 καί

1953 3256 2103 3311 gnum
2129 3244 2272 3299 diem
2310 3248 2543 3303 triennio
2574 3251 2843 3307 substerni
2878 3271 2889 3306 :
2922 3263 2978 3309 et
3006 3259 3348 3325 postmodum
3396 3260 3529 3315 duo-

230 3348 400 3407 οὕτως
437 3348 593 3400 ἐλθεῖν
622 3348 707 3401 ἐπί
745 3349 805 3402 τὸ
832 3349 1051 3413 τέλειον,
1096 3350 1231 3403 ὥστε
1262 3354 1353 3407 τήν
1392 3354 1570 3403 πᾶσαν
1614 3350 1839 3414 ἑξαετίαν

229 3442 531 3512 πληρῶσαι.
562 3445 621 3492 Εἰ
645 3438 697 3493 δέ
726 3461 854 3499 τινες
884 3442 985 3515 πρό
1014 3449 1105 3500 τῆς
1128 3440 1343 3495 συνόδου
1374 3444 1531 3501 αὐτῆς
1554 3441 1842 3513 ἐδέχθησαν

230 3534 308 3591 είς
334 3534 628 3599 μετάνοιαν,
658 3532 747 3584 ἀπ’
776 3533 963 3584 ἐκείνου
992 3540 1082 3587 τοῦ
1113 3533 1303 3607 χρόνου
1342 3533 1474 3606 λελ.ς
1487 3535 1624 3587 ίσθαι
1663 3535 1841 3595 αὑτοῖς

234 3627 327 3677 τήν
353 3623 533 3694 ἀρχὴν
568 3629 659 3679 τῆς
688 3622 935 3684 ἐξαετίας.
965 3625 1027 3674 Εἰ
1048 3624 1137 3691 μέν
1173 3644 1252 3677 τοι
1273 3622 1490 3682 κίνδυνος
1518 3626 1601 3677 καὶ
1621 3625 1839 3679 θανάτου

234 3708 530 3785 προσδοκία
567 3712 623 3763 ἐκ
662 3712 813 3765 νόσου
838 3710 867 3768 ἦ
897 3709 1048 3772 ἄλλης
1089 3715 1221 3773 τινός
1248 3716 1545 3787 προφάσεως
1580 3716 1839 3786 συμϐαίη,

234 3800 466 3859 τούτους
491 3800 577 3853 ἐπί
606 3798 708 3875 ὅρῳ
739 3798 1008 3870 δεχθῆναι.

316 3972 411 4034 κζ’.
444 3972 565 4045 Περὶ
590 3978 689 4025 τῶν
718 3974 1150 4027 συνεστιαθέντων
1180 3975 1229 4029 ἐν
1256 3975 1404 4049 ἑορτῇ
1427 3977 1587 4050 ἐθνικῇ
1619 3977 1672 4033 ἐν
1706 3978 1847 4049 τόπῳ

236 4065 578 4139 ἀφωρισμένῳ
603 4073 711 4125 τοῖς
748 4066 949 4126 ἐθνικοῖς
968 4110 980 4131 ,
1005 4064 1110 4121 ἴδια
1138 4068 1390 4139 βρώματα
1421 4070 1850 4140 ἐπικομισαμένων

239 4159 324 4207 καί
346 4154 611 4227 φαγόντων
627 4192 644 4218 ,
667 4152 810 4217 ἔδοξε
837 4152 1026 4209 διετίαν
1046 4157 1404 4217 ὑποπεσόντας
1426 4157 1685 4228 δεχθῆναι.
1709 4162 1776 4214 Τὸ
1795 4159 1848 4217 δὲ

241 4249 285 4298 εἰ
324 4251 442 4318 χρή
486 4247 617 4315 μετὰ
654 4254 745 4304 τῆς
784 4252 1079 4321 προσφορᾶς
1104 4288 1117 4310 ,
1163 4249 1375 4301 ἕκαστον
1414 4256 1514 4301 τῶν
1558 4251 1850 4307 ἐπισκόπων

242 4336 559 4407 δοκιμάσαι,
589 4342 672 4391 καί
697 4341 783 4391 τὸν
825 4335 969 4391 ἄλλον
995 4336 1106 4409 βίον
1137 4341 1207 4410 ἐφ’
1230 4341 1451 4395 ἑκάστου
1479 4344 1694 4405 ἀξιῶσαι
1718 4342 1848 4414 [ἐξε-

242 4425 455 4497 τάσαι].

323 4521 422 4578 κη’.
468 4519 530 4573 Oi
568 4517 622 4573 δὲ
652 4516 885 4595 δεύτερον
924 4521 1007 4573 καὶ
1047 4522 1216 4589 τρίτον
1251 4522 1499 4583 θύσαντες
1529 4526 1660 4594 μετά
1699 4525 1846 4595 βίας,

1942 3334 2042 3389 bus
2065 3336 2220 3389 annis
2240 3337 2357 3392 sine
2380 3338 2654 3396 oblatione
2674 3345 3069 3400 communicare
3093 3364 3106 3399 :
3132 3356 3188 3401 et
3207 3349 3285 3403 sic
3313 3349 3529 3405 demum

1942 3439 2037 3479 sex
2066 3426 2220 3480 annis
2248 3430 2498 3496 peractis,
2534 3430 2601 3485 ad
2641 3431 3026 3501 perfectionem
3056 3439 3259 3494 venire.
3314 3442 3371 3495 Si
3400 3457 3530 3497 vero

1944 3516 2159 3584 quidam
2190 3526 2315 3573 ante
2343 3519 2484 3575 hanc
2512 3521 2775 3591 synodum
2801 3525 2868 3578 ad
2910 3528 3281 3594 paenitentiam
3312 3532 3531 3589 admissi

1945 3616 2089 3669 sunt,
2116 3608 2183 3662 ab
2212 3609 2305 3663 illo
2352 3618 2594 3679 tempore
2622 3612 2702 3667 eis
2726 3616 2968 3669 sexennii
3010 3618 3221 3673 initium
3249 3631 3534 3691 compute-

1948 3705 2051 3751 tur.
2103 3697 2208 3753 Scd
2254 3700 2301 3753 si
2353 3701 2649 3769 periculum
2702 3706 2999 3775 mortisque
3048 3713 3401 3779 exspectatio,
3460 3730 3530 3769 ex

1947 3790 2138 3845 morbo
2180 3800 2274 3846 aut
2319 3792 2498 3862 aliqua
2540 3795 2846 3864 occasione,
2894 3798 3207 3869 contigerit,
3238 3806 3532 3862 secundum

1948 3897 2211 3939 canonem
2237 3887 2588 3957 recipiantur.

2020 3973 2362 4030 XXVl[.—7.
2387 3977 2464 4034 De
2484 3978 2568 4034 bis
2590 3980 2683 4049 qui
2707 3981 2759 4035 in
2788 3980 2939 4039 festo
2956 3997 3309 4057 paganorum,
3334 3989 3387 4044 in
3417 3990 3538 4046 loco

1949 4065 2238 4133 gentilibus
2260 4067 2538 4137 deputato,
2572 4072 2843 4126 convivati
2876 4083 3019 4141 sunt,
3046 4084 3101 4130 et
3121 4079 3370 4147 proprios
3391 4081 3541 4137 cibOs

1949 4157 2248 4215 attulerunt
2282 4166 2339 4213 et
2367 4160 2738 4227 comederunt,
2770 4163 2989 4231 placuit,
3021 4181 3144 4220 cum
3173 4168 3390 4225 biennio
3416 4171 3543 4225 sub-

1953 4247 2108 4301 strati
2133 4245 2351 4313 fuerint,
2366 4264 2487 4305 esse
2507 4251 2862 4320 recipiendos.
2880 4252 3067 4308 Utrum
3090 4270 3221 4310 vero
3251 4273 3373 4312 cum
3392 4259 3540 4315 obla-

1952 4338 2100 4393 tione
2115 4354 2210 4394 eos
2229 4340 2478 4410 recipere
2505 4350 2775 4411 oporteat,
2808 4358 3241 4415 unumquemque
3262 4349 3563 4420 episcopo?

1953 4444 2073 4482 rum
2092 4430 2402 4485 examinare
2422 4432 2648 4486 etaliam
2668 4432 2831 4486 vitam
2846 4433 2899 4487 in
2914 4449 3237 4505 unoquoque
3253 4438 3542 4509 inquirere.

2025 4520 2259 4575 XXVIII.
2284 4553 2353 4564 —-
2382 4521 2437 4577 8.
2462 4521 2564 4589 Qui
2592 4531 2771 4579 autem
2799 4525 2881 4580 bis
2908 4525 2990 4580 vel
3022 4534 3105 4582 ter
3130 4528 3547 4587 immolaverunt

244 4613 556 4685 τετραετίαν
580 4613 1007 4681 ύποπεσέτωσαν,
1034 4611 1125 4667 δύο
1161 4611 1214 4667 δέ
1237 4611 1331 4671 ἔτη
1368 4619 1535 4685 χωρὶς
1562 4623 1839 4692 προσφορᾶς

1958 4611 2151 4677 coacti,
2183 4623 2417 4680 quatuor
2444 4613 2599 4667 annis
2629 4613 3040 4670 substernantur
3069 4635 3082 4669 :
3107 4617 3317 4675 duobus
3364 4631 3545 4677 autem

246 4724 341 4758 κοιι
354 4702 725 4765 ωνησάτωσαν,
760 4705 845 4755 καὶ
874 4710 947 4775 τῷ
969 4702 1171 4773 ἑϐδόμῳ
1196 4703 1395 4765 τελείως
1425 4703 1777 4774 δεχθήτωσαν.

322 4880 379 4932 7.0
401 4918 415 4929 .
441 4875 591 4931 Ὀσοι
613 4875 664 4931 δέ
697 4884 765 4947 μή
788 4877 932 4949 μόνον
957 4879 1258 4935 ἀπέστησαν
1277 4919 1291 4942 ,
1320 4879 1443 4933 ἀλλὰ
1464 4882 1549 4932 καὶ
1578 4880 1848 4938 ἐπανέστη⁴

245 4994 347 5025 σαν
372 4972 461 5023 καὶ
484 4970 776 5041 ἠνάγκασαν
803 4966 1067 5041 ἀδελφούς,
1083 4973 1165 5023 καὶ
1183 4967 1332 5025 αἴτιοι
1353 4972 1575 5042 ἐγένοντο
1591 4979 1680 5027 τοῦ
1701 4974 1855 5043 ἀναγ-

246 5065 503 5120 κασθῆναι
523 5100 539 5125 ,
573 5058 718 5115 οὗτοι
746 5059 834 5120 ἔτη
856 5064 945 5132 μὲν
978 5063 1096 5134 τρία
1124 5063 1207 5116 τίν
1231 5071 1322 5122 τῆς
1350 5064 1641 5139 ἀκροάσεως
1672 5062 1855 5127 δεξάσ-

245 5157 427 5208 θωσαν
456 5156 611 5207 τόπον
631 5194 646 5215 ,
683 5155 735 5206 ὲν
758 5152 810 5207 δὲ
847 5150 969 5225 ἄλλῃ
997 5154 1200 5228 ἐξαετίᾳ
1235 5155 1323 5208 τὸν
1350 5163 1441 5215 τῆς
1469 5155 1858 5218 ὑποπτὼσεως,

246 5247 402 5303 ἄλλον
435 5245 487 5299 δὲ
514 5246 741 5301 ἐνιαυτὸν
770 5248 1224 5303 κοινωνησάτωσαν
1248 5250 1413 5318 χωρὶς
1436 5252 1754 5320 προσφορᾶς,
1777 5246 1861 5299 ἵνα

244 5350 336 5398 την
388 5337 660 5392 δεκαετίαν
692 5337 1090 5410 πληρώσαντες,
1132 5344 1223 5393 τοῦ
1264 5338 1454 5393 τελείου
1501 5338 1858 5407 μετάῖχωσιν.

244 5431 319 5485 Ἐν
344 5430 534 5501 μέντοι
554 5429 723 5499 τούτῳ
760 5436 834 5501 τῷ
865 5430 1066 5501 χρόνῳ,
1099 5429 1287 5483 καὶτὸν
1316 5425 1463 5482 ἄλλον
1491 5428 1655 5481 αὐτῶν
1681 5433 1857 5484 im1m~

245 5524 456 5595 ρεὶσθνι
476 5520 613 5588 βίον.

317 5638 385 5689 λ’.
425 5634 651 5687 Δπάκτινοι
673 5630 785 5687 ὅσοι
822 5635 1179 5695 καθίστανται,
1212 5651 1319 5706 παρ
1363 5631 1522 5688 αὐτήν
1584 5634 1673 5688 τῆν
1710 5631 1865 5707 κατά·

243 5745 445 5781 στασιν
468 5724 513 5774 εἰ
531 5723 889 5795 ἐμαρτύραντο
904 5718 1368 5797 [ἐμαρτυρήσαντο]
1395 5722 1479 5772 καὶ
1508 5716 1701 5790 ἔφασαν
1726 5727 1865 5789 χρῆ-

244 5842 329 5872 ναι
374 5823 622 5887 γαμῆσαι
667 5812 917 5885 [σγαμεῑνμ
949 5819 1018 5884 μή
1047 5813 1309 5883 δυνάμενοι
1339 5813 1473 5868 οὕτω
1503 5814 1685 5884 μένειν,
1718 5809 1867 5867 οὗτοί

242 5911 390 5977 μετά
436 5912 602 5962 ταῦτα
630 5910 975 5976 γαμήοκντες,
1009 5904 1234 5963 ἔστωσαν
1268 5907 1313 5958 ἐν
1344 5913 1403 5976 τῇ
1451 5906 1704 5978 ὑπηρεσίᾳ
1732 5944 1743 5972 ,
1778 5902 1861 5961 διὰ

1961 4703 2115 4757 annis
2144 4704 2260 4758 sine
2282 4704 2557 4760 oblatione
2593 4707 3017 4773 communicent,
3051 4716 3106 4763 et
3133 4711 3365 4779 septimo
3404 4726 3548 4768 anno

1961 4796 2198 4865 perfecte
2219 4797 2568 4866 recipiantur.
3577 4858 3586 4895 Ι

2034 4884 2224 4938 XXIX.
2254 4913 2326 4923 ——
2349 4886 2401 4939 9.
2443 4886 2759 4957 Quicunque
2787 4900 2965 4944 autem
3008 4904 3114 4944 non
3160 4891 3333 4945 solum
3371 4891 3577 4945 desci»

1962 4982 2174 5038 verunt,
2198 4973 2292 5029 sed
2314 4974 2476 5028 etiam
2508 4974 2933 5039 insurrexerunt,
2959 4985 3013 5031 et
3034 4976 3229 5032 fratres
3257 4993 3385 5032 suos
3400 4994 3550 5031 com-

1962 5064 2240 5133 pulerunt,
2284 5070 2341 5117 et
2368 5078 2542 5117 causm
2589 5062 2805 5119 fuerunt
2852 5072 2909 5119 ιιι
2955 5074 3297 5133 cogerentur,
3329 5066 3363 5118 ii
3394 5066 3552 5121 annis

1964 5153 2177 5223 quidem
2207 5152 2375 5207 tribus
2398 5153 2688 5207 auditionis
2721 5154 2896 5208 locum
2939 5154 3250 5221 suscipiant,
3283 5167 3381 5221 per
3404 5153 3549 5207 aliud

1964 5260 2097 5299 vero
2126 5245 2440 5299 sexennium
2469 5245 2900 5310 substernantur,
2926 5245 3031 5298 alio
3060 5253 3239 5298 autem
3265 5259 3407 5298 anno
3436 5245 3553 5299 sine

1970 5335 2247 5390 oblatione
2277 5334 2678 5389 communicent
2713 5353 2727 5388 :
2762 5342 2822 5388 ut
2860 5332 3122 5387 dccennio
3152 5340 3397 5402 peracto,
3428 5348 3556 5402 per-

1968 5423 2255 5479 fectionem
2286 5433 2705 5493 consequantur.
2736 5422 2792 5475 ln
2820 5437 2887 5475 eo
2927 5429 3106 5475 autem
3149 5420 3268 5490 ipso
3308 5429 3556 5492 tempore

1974 5526 2029 5572 et
2049 5517 2152 5569 alia
2185 5532 2371 5571 eorum
2398 5517 2504 5570 vita
2535 5513 2867 5569 observanda
2889 5523 2991 5569 est.

2044 5624 2207 5678 XXX.
2238 5656 2307 5665 υ-
2336 5625 2421 5677 10.
2454 5624 2671 5677 Diaconi
2702 5623 3011 5691 quicunque
3057 5622 3398 5693 ordinantur,
3422 5626 3465 5679 si
3496 5626 3549 5680 in

1972 5717 2084 5787 ipsa
2117 5715 2455 5771 ordinatione
2507 5714 2792 5784 protestati
2845 5722 2989 5778 sunt,
3020 5720 3074 5767 ct
3100 5714 3354 5770 dixerunt
3385 5731 3551 5785 opor-

1972 5817 2087 5864 tere
2116 5825 2173 5862 se
2204 5824 2402 5863 uxores
2432 5808 2650 5873 dueere,
2680 5824 2801 5863 cum
2835 5825 2941 5862 non
2968 5808 3175 5876 possint
3201 5809 3277 5863 sic
3308 5825 3544 5875 manere,

1970 5901 2023 5954 bi
2054 5902 2094 5956 si
2126 5900 2470 5972 postmodum
2497 5916 2689 5956 uxores
2713 5899 2979 5965 duxerint,
3000 5900 3188 5954 sintin
3216 5901 3547 5967 ministerio;
