4012 6460
505 365 562 420 3,!
997 393 1008 404 κ
1777 359 2135 414 DIONYSIIJS
2167 357 2483 414 EXIGU'L'S.
3699 358 3767 412 59

503 482 559 534 τό
587 483 922 552 ἐπιτραπῆναι
963 481 1146 538 αὐτοὺς
1182 482 1283 533 ὑπὸ
1313 483 1399 531 τοὺ
1429 477 1709 531 ἐπισκόπου
1759 483 1920 530 ’Τοῦτο
1950 475 2002 529 δὲ
2042 475 2071 527 ei

2189 488 2254 528 eo
2283 475 2426 542 quod
2459 476 2536 528 eis
2560 475 2845 542 episcopus
2867 474 2968 527 hoc
2997 474 3344 528 concesserit.
3371 473 3426 528 Si
3457 475 3546 543 qui
3583 485 3768 529 autem

503 560 632 629 τινες
655 573 1038 633 «tmen-tiamne,
1069 571 1153 622 καί
1184 569 1564 635 καταδεξάμενοε
1604 568 1654 620 ἐν
1691 574 1753 640 τῇ
1801 569 2084 638 χειροτονίᾳ

503 661 659 730 μένειν
686 660 1011 729 οὕτω,·μετὰ
1047 665 1210 713 ταῦτα
1249 655 1393 716 ἦλθον
1419 661 1500 712 ἐπὶ
1541 660 1700 729 γάμον
1725 697 1741 724 ,
1787 659 2084 712 πεπαῦσθαι

500 751 682 810 αὐτούς
703 759 794 812 τῆς
820 750 1090 809 διακονίας.

570 840 662 894 λα’.
691 843 794 902 Έοὶς
838 842 1238 911 μνηστευθείσας·
1269 842 1444 914 κόρας,
1483 845 1569 896 καὶ
1607 842 1736 912 μετά
1774 847 1940 896 ταῦτα
1983 840 2085 894 ὑπὸ

503 926 660 982 ἄλλων
687 929 1022 1004 ἁρπαγείσας,
1055 931 1220 996 ἔδοξεν
1250 931 1580 987 ἀποδιδόσθαι
1609 939 1714 993 τοῖς
1743 952 2084 1002 προμνηστευο

425 1057 428 1060 ~
501 1011 756 1088 σκμέναες,
782 1024 826 1075 εἰ
849 1024 939 1076 καὶ
962 1022 1079 1090 βίαν
1100 1020 1189 1074 ὐπ’
1224 1023 1386 1076 αὐτῶν
1413 1021 1635 1076 πάθοιεν.

568 1107 667 1162 λς’.
701 1112 832 1170 Τοὺς
857 1111 959 1185 πρὸ
984 1117 1076 1164 τοῦ
1103 1111 1461 1180 βαπτίσματος
1495 1111 1767 1170 τεθυκότας
1786 1148 1800 1172 ,
1840 1113 1924 1164 καί
1952 1115 2082 1180 μετά

486 1194 664 1260 ταῦτα
689 1200 1084 1276 βαπτισθέντας,
1128 1200 1298 1264 ἔδοξεν
1340 1204 1410 1260 εἰς
1455 1203 1592 1264 τάξιν
1634 1203 1978 1274 προάγεσθαι,
2015 1205 2081 1260 ὡς

499 1293 973 1364 ἀπολουσαμένους.

566 1384 659 1456 λγᾌ
689 1370 1100 1460 Χωρεπισκόποις
1129 1391 1198 1457 μή
1227 1388 1422 1450 ἐξεῖναι,
1443 1387 1824 1459 πρεσϐυτέρους
1851 1385 1881 1443 ἦ
1911 1384 2078 1440 διακό-

502 1492 608 1535 νους
628 1483 960 1550 χειροτονεῖν,
984 1475 1106 1530 ἀλλά
1129 1473 1254 1544 μηδέ
1280 1477 1664 1550 πρεσϐυτέρους
1687 1476 1899 1540 πόλεως,
1923 1481 2082 1550 χωρίς

501 1569 591 1615 τοῦ
617 1566 952 1638 ἐπιτραπῆναι
988 1565 1088 1618 ύπό
1132 1571 1220 1618 τοῦ
1261 1566 1543 1621 ἐπισκόπου
1571 1567 1698 1634 μετά
1736 1569 2044 1636 γραμμάτων
2065 1606 2077 1629 ,

503 1661 554 1710 ἐν
579 1655 728 1728 ἑτέρᾳ
751 1653 984 1726 [iamiam]
1007 1659 1248 1728 παροικίᾳ
1281 1661 1317 1708 '.

567 1745 635 1802 λδ¹
646 1787 656 1798 .
684 1751 816 1808 Τοὺς
836 1749 885 1808 ἐν
905 1748 1068 1819 κλήρῳ
1087 1749 1464 1823 πρεσϐυτέρους
1484 1748 1512 1805 ἡ
1536 1746 1794 1806 διακόνους
1815 1745 1979 1809 ὄντας,
1997 1751 2079 1800 καί

2189 564 2473 628 tacuerint,
2503 573 2557 618 et
2606 565 2658 617 in
2685 563 3026 618 ordinatione
3046 604 3060 627 ,
3103 571 3163 617 ut
3209 565 3282 617 ita
3313 571 3612 630 manerent,
3645 579 3767 621 sus-

2187 657 2328 725 cepti
2350 665 2494 724 sunt,
2523 665 2708 716 postea
2740 656 2806 710 ad
2831 658 3042 725 nuptias
3063 657 3333 723 venerint,
3359 657 3393 710 ii
3423 673 3453 710 a
3479 657 3770 712 diaconatu

2188 757 2420 803 cessent.

2259 837 2446 892 XXXI.
2471 871 2540 881 —
2575 839 2660 893 II.
2694 839 3055 908 Desponsatas
3078 837 3302 909 puellas,
3323 847 3380 893 et
3408 838 3475 891 ab
3496 839 3614 891 aliis
3642 853 3773 907 pos-

2188 939 2272 984 tea
2303 939 2505 1000 raptas,
2548 931 2750 999 placuit
2787 931 2852 985 iis
2875 930 3032 988 reddi
3071 931 3265 999 quibus
3287 931 3625 999 desponsata:
3649 929 3775 984 fue-

2187 1029 2326 1083 rant,
2359 1021 2519 1075 etiam
2547 1022 2594 1076 si
2616 1021 2723 1075 vim
2751 1035 2923 1090 passae
2952 1029 3096 1078 sunt.

2261 1109 2474 1168 XXXII.
2500 1141 2566 1151 —
2600 1110 2684 1165 I2.
2710 1110 2817 1166 Eos
2837 1111 2930 1179 qui
2979 1117 3103 1165 ante
3130 1111 3397 1179 baptisma
3453 1109 3773 1164 immolave-

2186 1211 2329 1265 runt,
2371 1211 2428 1257 et
2473 1210 2662 1271 postea
2707 1200 2961 1270 baptizati
2992 1209 3135 1262 sunt,
3180 1200 3379 1269 placuit
3426 1200 3492 1253 ad
3523 1199 3770 1254 ordinem

2187 1292 2438 1360 provehi,
2471 1301 2530 1346 ut
2555 1292 2645 1359 qui
2675 1289 2842 1344 abluti
2873 1299 2996 1343 sunt

2259 1381 2487 1435 XXXIII.
2512 1415 2577 1424 ——
2603 1382 2689 1434 l3.
2724 1381 3135 1449 Chorepiscopis
3164 1396 3269 1433 non
3317 1378 3479 1432 licere
3498 1419 3511 1441 ,
3543 1380 3762 1448 presby-

2186 1481 2331 1527 teros
2358 1473 2439 1527 vel
2461 1472 2719 1526 diaconos
2750 1472 3017 1525 ordinare.
3052 1469 3158 1523 Sed
3189 1485 3289 1523 nec
3319 1469 3644 1540 presbyteris
3689 1469 3772 1522 cio

2184 1563 2382 1627 vitatis,
2417 1562 2534 1616 sine
2563 1561 2757 1616 litteris
2787 1561 3045 1630 episcopi,
3079 1561 3130 1612 in
3181 1559 3354 1613 aliena
3384 1560 3619 1628 parmcia
3665 1560 3768 1613 ali-

2184 1652 2312 1722 quid
2347 1668 2525 1723 agere.

2254 1744 2488 1819 XXXIV].
2519 1777 2590 1786 -—
2621 1744 2705 1798 14.
2725 1742 2802 1798 lli
2831 1744 2922 1811 qui
2967 1743 3018 1795 in
3075 1743 3220 1798 clero
3265 1751 3408 1806 sunt,
3441 1741 3767 1811 presbyteri,

499 1839 851 1908 ἀπεχομένους
880 1845 1054 1907 κρεῶν,
1099 1836 1264 1900 ἔδοξεν
1308 1839 1643 1907 ἐφάπτεσθαι,
1683 1840 1766 1892 καὶ
1811 1837 1990 1902 οὕτως,
2037 1858 2071 1889 ει

2189 1836 2271 1889 vel
2319 1836 2558 1900 diaconi,
2591 1843 2646 1888 et
2693 1849 2724 1887 a
2771 1833 3023 1888 carnibus
3079 1833 3351 1891 abstinent
3385 1851 3395 1884 :
3428 1832 3627 1901 placuit
3670 1847 3769 1886 cas

500 1928 755 2000 βούλοιντο
773 1967 788 1992 ,
814 1935 1017 1997 κρατεῖν
1040 1927 1247 1982 ἑαυτῶν.
1274 1928 1328 1978 Ei
1367 1925 1418 1979 δὲ
1443 1927 1722 1996 βούλοιντο,
1748 1929 1816 1986 ὡς
1854 1924 1980 1996 μηδέ
2019 1927 2082 1979 τὰ

501 2018 630 2084 μετὰ
664 2023 820 2088 κρεῶν
862 2015 1139 2086 βαλλόμενα
1181 2016 1389 2085 λάχανα
1417 2016 1620 2079 ἐσθίειν,
1655 2019 1740 2070 καί
1766 2017 1808 2069 εἰ
1835 2021 1902 2086 μὴ
1935 2016 2082 2069 ύπεί-

501 2123 624 2160 ιοιεν
649 2112 722 2174 τῷ
743 2105 926 2168 κανόνι,
950 2106 1244 2161 πεπαῦσθαι
1264 2106 1445 2164 αὐτοὺς
1471 2112 1561 2164 τῆς
1588 2106 1792 2168 τάξεως.

567 2276 654 2332 λε’.
679 2281 798 2351 Περὶ
820 2284 919 2334 τῶν
945 2276 1277 2352 διαφερόντων
1297 2287 1368 2348 τῷ
1395 2284 1642 2354 κυριακῷ,
1677 2278 1775 2333 ὅσα
1806 2281 2079 2340 ἐπισκόπου

501 2375 568 2436 μή
589 2366 731 2429 ὄντος
751 2371 1096 2446 πρεσϐύτεροι
1121 2372 1416 2436 ἐπώλησαν,
1447 2372 1795 2427 ἀνακαλεῖσθαι
1824 2373 1882 2426 τὸ
1906 2392 2082 2446 κυρια-

499 2461 602 2515 κόν.
620 2459 694 2515 Ἐν
714 2460 768 2516 δέ
800 2471 861 2535 τῇ
891 2465 1056 2536 κρίσει
1077 2470 1166 2516 τοῦ
1190 2463 1474 2516 ἐπισκόπου
1505 2458 1651 2530 εἶναι,
1671 2460 1814 2537 εἴπερ
1835 2466 2079 2536 προσήκει

497 2550 764 2606 ἀπολαϐεῖν
787 2557 876 2610 τήν
893 2557 1060 2622 τιμήν,
1079 2551 1178 2606 εἴτε
1199 2555 1284 2606 καὶ
1306 2557 1398 2622 μὴ,
1423 2550 1503 2606 διὰ
1524 2553 1580 2606 τὸ
1595 2551 1833 2614 πολλάκις
1850 2557 1938 2610 τὴν
1952 2551 2080 2606 εἴσο-

496 2637 580 2694 δον
601 2639 888 2716 [πρόσοδον]
901 2648 1000 2694 τῶν
1021 2642 1389 2715 πεπραγμένων
1404 2638 1560 2709 (Lege
1580 2642 1930 2716 πεπραμένων,
1947 2656 1980 2698 α
1996 2663 2080 2694 πι-

501 2731 768 2806 πράσκειν)
787 2730 1163 2794 ἀποδεδωκέναι
1186 2735 1339 2786 αύτοῖ
1344 2754 1364 2791 ς
1382 2734 1584 2791 τούτοις
1601 2734 1902 2790 πλείονατ-ἡν
1912 2739 2076 2804 τιμήν.

563 2819 659 2882 λς’.
701 2823 820 2892 Περὶ
866 2827 966 2874 τῶν
1026 2820 1442 2892 ἀλογευσαμένων
1493 2819 1524 2878 ἦ
1578 2824 1666 2875 καί
1716 2821 2079 2894 ἆλοιγευομένων

498 2912 636 2985 [Περὶ
659 2915 760 2966 τῶν
788 2911 977 2982 ἀλογῶς
1009 2908 1278 2980 διαγόντων
1306 2911 1336 2969 ἦ
1365 2909 1666 2982 διάγονται]⁸
1711 2909 1822 2966 ὅσοι
1869 2917 1989 2990 πρὶν
2011 2918 2082 2968 εί-

497 3010 760 3064 κοσαετεῖς
788 3003 1042 3074 γενέσθαι,
1067 3003 1310 3075 ἥμαρτον,
1334 3003 1477 3057 πέντε
1514 3005 1596 3056 καὶ
1619 3001 1734 3056 δέκα
1759 3001 1930 3058 ἔτεσιν
1950 3009 2079 3059 ύπο-

496 3097 756 3163 πεσόντες,
780 3098 1033 3157 κοινωνίας
1062 3099 1470 3166 τυγχανέτωσαν
1506 3107 1596 3157 τῆς
1622 3099 1692 3158 εἰς
1725 3101 1816 3159 τὰς
1856 3120 2080 3172 προσευ-

2184 1924 2399 1993 quidem
2446 1924 2728 1990 attingere,
2752 1931 2808 1976 et
2857 1923 2955 1987 sic,
2987 1923 3034 1978 si
3073 1920 3359 1988 voluerint,
3385 1922 3453 1975 ab
3475 1921 3554 1975 eis
3600 1920 3768 1974 absti-

2186 2029 2312 2068 nere
2331 2013 2488 2085 (Sic).
2512 2013 2567 2068 Si
2588 2023 2766 2068 autem
2789 2013 3056 2067 noluerint
3073 2013 3220 2066 olera
3235 2026 3354 2082 qua:
3370 2027 3492 2066 eum
3513 2012 3766 2067 carnibus

2184 2113 2507 2174 coquuntur,
2539 2102 2845 2166 comedere,
2877 2111 2932 2156 et
2959 2104 3154 2158 canoni
3198 2117 3306 2178 non
3332 2101 3544 2165 cedant,
3574 2103 3642 2157 ab
3670 2117 3765 2156 οι·-

2182 2199 2305 2251 dine
2333 2210 2561 2252 cessare.

2255 2285 2461 2340 XXXV.
2487 2318 2558 2332 -ν-
2577 2286 2668 2340 I5.
2685 2285 2760 2340 De
2780 2286 2861 2340 hIS
2881 2299 3001 2354 quae
3030 2280 3300 2354 pertinent
3327 2284 3392 2338 ad
3412 2283 3756 2347 dominicum,

2183 2391 2515 2446 quaecunque
2545 2391 2666 2430 cum
2696 2376 2981 2444 episcopus
3003 2391 3110 2428 non
3133 2383 3292 2437 esset,
3318 2373 3612 2444 presbyteri
3639 2385 3760 2427 ven-

2181 2467 2450 2533 diderint,
2483 2465 2813 2520 dominicum
2865 2480 3123 2518 revocare
3169 2482 3180 2516 :
3228 2465 3280 2517 in
3325 2463 3530 2531 judicio
3578 2470 3760 2516 autem

2182 2557 2419 2626 episcopi
2449 2569 2587 2620 esse,
2624 2570 2693 2609 an
2739 2562 2988 2626 oporteat
3030 2554 3259 2623 pretium
3289 2552 3476 2621 recipi,
3509 2564 3576 2604 an
3627 2566 3756 2614 non,

2181 2654 2467 2715 prepterea
2497 2643 2639 2714 quod
2669 2659 2812 2714 saepe
2832 2658 3010 2699 rerum
3039 2643 3370 2698 venditarum
3411 2643 3614 2696 reditus
3640 2658 3757 2695 ma-

2176 2739 2265 2806 jus
2293 2736 2522 2805 pretium
2551 2737 2636 2790 bis
2664 2735 2790 2805 ipsis
2811 2734 3118 2790 reddiderit.

2253 2825 2491 2880 XXXVI.
2513 2857 2586 2869 -ο-
2604 2825 2690 2880 ιο.
2719 2826 2794 2882 De
2827 2825 2910 2880 bis
2951 2826 3043 2894 qui
3088 2824 3530 2879 irrationabiliter
3556 2823 3756 2878 versati

2180 2923 2323 2983 sunt,
2354 2918 2441 2972 vel
2473 2924 2772 2982 versantur,
2820 2917 3128 2984 quicunque
3155 2922 3282 2970 ante
3313 2931 3380 2969 xx
3411 2930 3606 2969 annum
3635 2928 3756 2982 pec-

2179 3019 2388 3073 carunt,
2421 3016 2705 3078 po’stquam
2736 3006 2890 3061 annis
2918 3005 3221 3074 quindecim
3251 3005 3505 3062 substrati
3535 3003 3753 3067 fuerint,

2172 3090 2610 3154 Vcommunionem
2636 3097 2896 3152 oration-is
2920 3105 3295 3164 assequamur.
3329 3095 3529 3150 Deinde
3552 3109 3672 3148 cum
3696 3093 3751 3146 in

496 3187 623 3257 χάς.
652 3182 774 3242 Εἶτα
813 3187 862 3238 ἐν
887 3194 949 3261 τῇ
984 3189 1209 3260 κοινωνίᾳ
1234 3184 1609 3248 διατελέσαντες
1642 3185 1727 3246 ἔτη
1757 3190 1902 3244 πέντε
1919 3229 1933 3254 ,
1959 3190 2071 3245 τότε

2181 3189 2270 3244 illa
2290 3189 2672 3244 communione
2685 3189 2920 3257 quinque
2942 3186 3096 3241 annis
3125 3171 3604 3256 perseveraverint,
3627 3194 3754 3239 tunc

494 3283 688 3338 καὶτῆς
711 3284 1005 3354 προσφορᾶς
1033 3279 1438 3350 ἐφαπτέσθωσαν.
1470 3278 1804 3344 Ἐξεταζέσθω
1829 3279 1882 3335 δὲ
1917 3283 2080 3335 αὐτῶν

495 3373 579 3423 καί
599 3370 623 3424 ὁ
645 3371 692 3423 ἐν
716 3378 777 3444 τῇ
803 3375 1101 3426 ύποπτὼσει
1121 3372 1249 3442 βίος,
1278 3374 1361 3426 καί
1381 3371 1543 3432 οὕτως
1564 3374 1966 3442 τυγχανέτωσαν
1986 3383 2077 3437 τῆς

491 3461 878 3537 φιλανθρωπίας.
907 3465 959 3515 Εἰ
985 3459 1038 3516 δέ
1063 3482 1194 3521 τινες
1222 3461 1519 3536 κατακόρως
1539 3465 1588 3515 ἐν
1606 3460 1720 3523 ’τοῖς
1741 3464 2076 3539 ἁμαρτήμασι

490 3550 718 3623 γεγόνασι
741 3591 756 3615 ,
795 3557 885 3610 τήν
925 3553 1119 3626 μακρὰν
1157 3553 1422 3622 ἐχέτωσαν
1464 3555 1779 3610 ὑπόπτωσιν.
1827 3555 1973 3612 "Oa-az
2020 3558 2074 3613 δὲ

489 3640 797 3715 ὑπερϐάντες
836 3643 928 3698 τήν
972 3641 1162 3698 ἠλικίαν
1196 3639 1420 3707 ταύτην,
1451 3646 1535 3696 καὶ
1577 3652 1819 3714 γυναῖκας
1861 3645 2072 3717 ἔχοντες

486 3733 880 3804 πριπεπτὼκασι
929 3739 1001 3805 τῷ
1046 3735 1404 3809 ἁμαρτήματι,
1454 3739 1602 3791 πέντε
1652 3743 1732 3790 καὶ
1784 3737 1940 3792 εἶ’κοσι
1985 3738 2071 3799 ἔτη

485 3823 882 3877 ύποπεσέτωσαν
935 3822 1347 3894 [,5ποπεσόντες],
1391 3829 1476 3878 καὶ
1519 3830 1775 3886 κοινωνίας
1813 3832 2070 3899 τυγχανέ-

485 3934 651 3970 τωσαν
677 3923 767 3974 τῆς
796 3918 868 3976 ε’ς
890 3917 983 3975 τὰς
1021 3920 1325 3989 προσευχὰς
1345 3955 1358 3980 ,
1399 3913 1511 3971 εἶτα
1553 3917 1896 3977 ἐκτελέσαντες
1924 3922 2068 3973 πέντε

485 4005 570 4064 ἐτη
601 4005 649 4058 ἐν
670 4012 733 4078 τῇ
759 4010 988 4080 κοινωνία
1028 4013 1126 4061 τῶν
1146 4009 1335 4077 εὐχῶν,
1367 4009 1765 4077 τυγχανέτωσαν
1791 4018 1880 4068 τῆς
1905 4030 2069 4083 προσ-

483 4103 661 4170 φορᾶς.
683 4099 740 4151 Εἰ
769 4096 820 4153 δέ
841 4118 972 4162 τινες
994 4101 1073 4152 καὶ
1105 4107 1343 4170 γυναῖκας
1370 4097 1580 4168 ἔχοντες
1600 4142 1615 4166 ,
1645 4103 1726 4153 καὶ
1755 4102 2066 4174 ὑπερϐάντες

480 4189 568 4241 τὶν
602 4190 997 4247 πεντηκονταέτη
1040 4189 1230 4260 χρόνον
1270 4190 1522 4263 ἥμαρτον,
1562 4192 1650 4244 ἐπὶ
1683 4198 1745 4263 τῇ
1780 4189 1934 4262 ἐξόδῳ
1976 4200 2064 4246 τοῦ

479 4281 592 4350 βίον
618 4281 1012 4350 τυγχανέτωσαν
1041 4289 1131 4340 τῆς
1153 4285 1428 4340 κἰνωνίας.

547 4369 635 4432 λζ’.
667 4373 794 4429 Τοὺς
823 4370 1252 4440 ἁλογευσαμένους
1281 4375 1366 4424 καί
1394 4372 1610 4446 λεπροὺς
1645 4367 1820 4436 ὄντας,
1847 4373 1957 4430 ἤτοι
1981 4376 2062 4427 λε-

478 4459 791 4532 πρώσαντας
819 4497 834 4520 ,
881 4460 1097 4518 τούτους
1143 4461 1452 4532 προσέταξεν
1489 4463 1520 4517 ἡ
1561 4461 1681 4532 ἁγία
1720 4462 1959 4527 σύνοδος,
1995 4469 2063 4524 εἰς·

477 4551 596 4607 τοὺς
628 4551 1028 4618 χειμαζομένους
1051 4548 1325 4619 εὔχεσθαι.

546 4637 639 4694 λη’.
665 4637 725 4690 Εἴ
746 4657 875 4698 τινες
901 4639 1173 4694 ἐπίσκοποι
1205 4641 1621 4706 κατασταθέντες,
1651 4645 1734 4696 καί
1755 4649 1824 4712 μὴ
1854 4642 1907 4698 δε
1918 4647 2058 4714 χθέν-

473 4747 556 4788 re;
584 4727 686 4780 ύπό
717 4735 809 4786 τῆς
831 4732 1098 4801 παροικίας
1124 4731 1332 4794 ἐκείνης,
1361 4732 1430 4788 εἰς
1461 4731 1518 4787 ἣν
1542 4733 1925 4801 ὠνομάσθησαν,
1951 4735 2061 4788 ἔτέ-

472 4841 584 4892 ραις
612 4816 874 4892 βούλοιντο
901 4824 1191 4893 παροικίαις
1236 4822 1454 4885 ἐπιέναι,
1498 4824 1583 4874 καί
1631 4821 1902 4894 βιάζεσθαι
1939 4828 2060 4885 τοὺς

470 4915 816 4976 καθεστῶτας,
846 4916 928 4968 καὶ
947 4916 1153 4974 στάσεις
1178 4922 1322 4968 κινεῖν
1349 4913 1456 4969 κατ’
1477 4916 1638 4969 αὐτῶν
1655 4955 1670 4980 ,
1697 4919 1910 4977 τούτους
1936 4920 2029 4990 ἀφο
2045 4949 2057 4957 ·

470 5007 708 5075 μίξεσθαι.
725 5004 836 5059 Ἐὰν
858 5005 948 5076 μέν
965 5025 1041 5058 τοι
1064 5005 1319 5074 βούλοιντο
1349 5007 1420 5064 εἰς
1447 5006 1504 5058 τὸ
1523 5007 1892 5081 πρεσϐυτέριον
1916 5011 2060 5063 καθέ-

469 5098 658 5160 ζεσθαι,
690 5095 805 5152 ἔνθα
828 5094 962 5156 ἦσαν
988 5097 1234 5173 πρότερον
1256 5098 1618 5173 πρεσϐύτεροι,
1644 5105 1715 5170 μὴ
1739 5103 2056 5157 ἀποϐάλλεσ-

467 5190 546 5242 θαι
559 5191 744 5243 αὐτούς
757 5198 848 5249 τῆς
867 5197 1037 5260 τιμῆς.
1057 5189 1164 5244 ἐὰν
1187 5189 1237 5245 δέ
1261 5190 1632 5257 διστασιάζωσι
1646 5195 1776 5268 πρὸς
1787 5198 1909 5256 τούς
1934 5199 2050 5250 καθ-

468 5288 693 5343 εστῶτας
722 5285 830 5338 ἐκεῖ
849 5284 1158 5344 ἐπισκόπους
1179 5327 1191 5350 ,
1225 5287 1548 5362 ἀφαιρεῖσθαι
1567 5289 1749 5348 αὐτούς
1769 5291 1850 5342 καί
1867 5294 1954 5348 τήν
1976 5311 2049 5343 τις

469 5378 562 5430 μὴν
587 5379 677 5428 τοῦ
695 5377 1089 5450 πρεσϐυτερίου,
1119 5381 1202 5432 καί
1231 5381 1457 5451 γίνεσθαι
1484 5383 1666 5441 αύτούς
1689 5382 2047 5455 ἐκκηρύκτους.

533 5546 775 5604 λθ’.”οσοι
786 5553 1053 5624 παρθενίαν
1074 5555 1501 5627 ἐπαγγελλόμενοι,
1519 5557 1755 5612 ἁθετοῦσι
1780 5561 1868 5616 τὴν
1887 5558 2047 5627 ἐπαγ-

543 5745 558 5764 ’
599 5741 698 5796 llic
727 5758 898 5798 canon
921 5745 973 5796 in
1004 5745 1151 5808 gravi
1189 5745 1382 5800 mendo
1425 5747 1620 5802 cubare
1647 5746 1872 5801 videtur.
1910 5745 2045 5810 Qui,

465 5816 506 5867 si
533 5814 711 5870 latina:
744 5815 971 5870 tersioni
1003 5815 1154 5878 ﬁdes,
1188 5816 1257 5868 ita
1291 5825 1376 5870 aut
1407 5817 1510 5870 alio
1534 5817 1690 5875 simili
1714 5816 1873 5872 modo
1905 5829 2044 5873 esset

2179 3279 2338 3334 etiam
2387 3278 2716 3333 oblationem
2766 3279 3050 3345 attingant.
3097 3277 3428 3332 Discutiatur
3470 3283 3651 3329 autem
3700 3285 3754 3329 et

2179 3371 2286 3427 vita
2315 3385 2524 3436 eorum,
2547 3371 2724 3439 qualis
2767 3372 2822 3424 in
2850 3370 3213 3425 substratione
3255 3367 3431 3433 fuerit,
3458 3376 3513 3420 et
3553 3367 3626 3420 ita
3655 3367 3754 3420 bu-

2178 3462 2488 3522 manitatem
2512 3471 2929 3531 consequantur.
2952 3459 3108 3526 Quod
3134 3460 3179 3514 si
3208 3459 3300 3528 qui
3323 3459 3754 3528 perseverantius

2177 3553 2261 3606 his
2289 3553 2526 3622 peccatis
2555 3551 2900 3614 adhmserint,
2934 3551 2988 3605 bi
3018 3551 3312 3618 longiorem
3333 3550 3752 3605 substrationem

2177 3641 2425 3697 habeant.
2460 3640 2776 3709 Quicunque
2803 3649 2983 3695 autem
3007 3642 3143 3694 hanc
3170 3648 3383 3694 aetatem
3412 3640 3749 3708 transgressi,

2176 3741 2229 3785 ct
2251 3732 2509 3785 habentes
2541 3745 2737 3785 uxores
2766 3731 2818 3784 in
2850 3732 2956 3785 hoc
2995 3739 3275 3799 peccatum
3323 3730 3644 3794 inciderunt,
3668 3730 3750 3782 vi-
3810 3739 3814 3741 ’

2174 3823 2304 3890 ginti
2327 3823 2565 3891 quinque
2587 3822 2739 3875 annis
2767 3822 3041 3883 substrati,
3069 3821 3502 3875 communionem
3546 3821 3750 3874 oratio-

2175 3912 2258 3964 nis
2305 3920 2678 3980 assequantur.
2711 3911 2913 3966 Deinde
2965 3927 3084 3968 cum
3123 3913 3174 3965 in
3202 3912 3463 3967 orationis
3509 3927 3750 3965 commu-

2175 4002 2335 4054 nione
2359 4001 2597 4070 quinque
2651 4016 2825 4056 annos
2852 4003 3178 4070 peregerit-it,
3219 4002 3546 4056 oblationem
3602 4015 3749 4055 asse-

2171 4101 2422 4161 quantur.
2447 4092 2506 4148 Si
2533 4095 2624 4163 qui
2655 4103 2834 4148 autem
2881 4103 2940 4148 et
2967 4110 3164 4149 uxores
3192 4095 3478 4160 habentes,
3510 4103 3566 4148 et
3591 4094 3747 4162 quiu-

2171 4181 2543 4250 quagesimum
2573 4197 2771 4236 annum
2791 4183 3108 4249 transgressi
3138 4189 3516 4251 peccaverunt,
3545 4182 3598 4235 in
3625 4182 3748 4235 vita:

2172 4270 2319 4324 exitu
2347 4271 2778 4326 communionem
2799 4279 3174 4338 assequamur.
3706 4340 3711 4345 ἱ

2243 4359 2601 4414 XXXVll.—I
2615 4361 2664 4414 7.
2685 4360 2791 4414 Eos
2811 4361 2901 4428 qui
2929 4360 3363 4415 irrationabiliter
3383 4361 3576 4414 versati
3599 4369 3742 4422 sunt,

2171 4459 2225 4505 et
2246 4451 2337 4519 qui
2357 4451 2555 4519 leprosi
2578 4457 2727 4515 sunt,
2749 4451 2836 4504 vel
2857 4449 3090 4514 fuerunt,
3113 4451 3361 4519 prmeepit
3381 4460 3562 4503 sancta
3584 4467 3745 4521 syno-

2097 4571 2144 4630 υ
2173 4545 2270 4598 dus
2289 4545 2429 4598 inter
2451 4559 2546 4599 eos
2567 4559 2725 4600 orare
2745 4543 2833 4612 qui
2851 4544 3040 4612 spiritu
3059 4544 3433 4612 periclitantur
3449 4544 3738 4598 immundo.

2237 4633 2616 4688 XXXVIII.——
2667 4633 2754 4687 18.
2784 4633 2840 4688 Si
2883 4635 2974 4702 qui
3025 4635 3262 4703 episcopi
3313 4636 3611 4698 constituti,
3647 4651 3745 4691 nec

2165 4727 2397 4795 suscepti
2446 4727 2513 4780 ab
2567 4727 2651 4778 illa
2683 4727 2914 4794 parmcia
2973 4727 3023 4778 in
3065 4741 3169 4794 qua
3199 4726 3455 4780 nominati
3506 4727 3738 4789 luerunt,

2166 4820 2299 4872 alias
2329 4819 2596 4872 voluerint
2620 4819 2880 4887 parcecias
2910 4817 3188 4880 invadere,
3219 4823 3273 4870 et
3312 4817 3375 4870 iis
3402 4816 3492 4884 qui
3534 4816 3740 4870 consti-

2166 4909 2263 4962 tuti
2321 4915 2446 4962 sunt
2493 4908 2605 4961 vim
2644 4907 2856 4971 alierrc,
2888 4917 2942 4960 et
2996 4907 3289 4961 seditiones
3320 4906 3574 4964 adversus
3622 4906 3740 4960 illus

2165 5001 2426 5063 excitare,
2471 5001 2572 5053 hos
2618 4999 2774 5066 abjici
2805 4998 3026 5066 placuit.
3059 4996 3116 5051 Si
3145 5007 3322 5052 autem
3369 4997 3641 5052 voluerint
3688 4998 3739 5050 in

2163 5090 2498 5160 presbyterio
2547 5089 2806 5154 residere,
2840 5090 2890 5142 in
2917 5104 3026 5158 quo
3055 5091 3202 5158 prius
3229 5097 3380 5143 erant
3415 5090 3736 5160 presbyteri,

2161 5181 2308 5250 ipsos
2334 5181 2540 5236 honore
2586 5195 2694 5234 non
2721 5181 2945 5235 moveri.
2985 5179 3138 5245 Quod
3179 5181 3222 5234 si
3252 5181 3414 5235 etiam
3445 5180 3738 5236 seditiones

2158 5270 2549 5325 concitaverint
2594 5270 2850 5324 adversus
2897 5285 2990 5323 eos
3019 5270 3106 5336 qui
3151 5269 3260 5323 illic
3285 5269 3560 5324 constituti
3592 5277 3738 5333 sunt,

2158 5362 2460 5429 episcopos,
2492 5361 2811 5431 presbyterii
2833 5374 3048 5428 quoque
3072 5360 3280 5414 honore
3312 5361 3432 5414 illos
3460 5361 3659 5429 privari
3681 5369 3736 5415 et

2152 5452 2428 5505 abdicatos
2462 5451 2620 5505 efﬁci.

2227 5538 2462 5592 XXXIX.
2490 5572 2560 5580 —-
2581 5539 2664 5594 l9.
2693 5539 3007 5608 Quicunque
3031 5538 3386 5606 virginitatem
3408 5539 3729 5608 promitten-

2151 5739 2496 5818 corrigentins

2650 5739 2764 5791 ἀλλὰ
2796 5737 2917 5807 μηδὲ
2957 5739 3345 5813 πρεσϐυτέροις.
3383 5777 3392 5790 .
3427 5732 3566 5808 ἄγειν
3600 5755 3650 5792 τι
3677 5737 3730 5799 ἐι

2151 5815 2222 5865 ἱτ.
2259 5833 2378 5873 παρ.
2415 5807 2565 5862 BHT.
2997 5807 3005 5811 ’
3220 5807 3228 5813 ’
3333 5832 3338 5840 .
