4012 6482
319 350 398 406 εδ
1272 359 1499 416 CODEX
1534 359 1859 417 CANONUM
1937 360 2302 418 UNIVERSIE
2343 363 2714 421 ECCI.ESLE.

3528 368 3613 429 ΞΗ.

320 470 498 540 γελίαν
518 509 534 535 ,
557 468 649 525 τόν
695 478 787 526 τῶν
813 468 1034 543 διγάμων
1066 471 1185 549 ὅρον
1216 471 1658 548 ἔκπληρούτωσαν.
1706 477 1807 535 Τάς

2029 482 2127 541 tes,
2156 474 2356 531 irritam
2402 476 2600 531 faciunt
2646 490 3008 547 sponsnonem,
3042 475 3078 529 ii
3107 476 3441 545 digamorum
3469 478 3597 534 deli;

317 581 409 615 τοι
445 564 834 637 συνερχομένας
863 564 1143 638 παρθένους
1190 566 1348 629 τισίν,
1373 568 1440 625 ὡς
1470 562 1699 635 ἀδελφάς,
1729 566 1914 620 ἐκωλύ-

320 671 516 722 σαμεν.

396 741 470 811 μ’.
499 738 611 797 Ἐάν
630 763 765 803 τινος
785 748 906 816 γυνὴ
935 744 1208 819 μοιχευθῇ,
1240 743 1269 803 ἢ
1292 745 1556 816 μοιχεύσῃ
1582 767 1678 811 τις,
1711 747 1760 799 ἐν
1783 746 1913 800 ἑπτά

316 831 491 889 ἔτεσιν
523 831 663 888 δοκεῖ
689 832 854 904 ξαύτόν
884 842 975 889 τοῦ
1007 836 1193 890 τέλείου
1222 840 1441 906 τυχεῖν,
1472 836 1603 889 κατά
1636 838 1752 895 τοὺς
1788 836 1913 907 βαθ-

316 926 453 994 μούς
475 926 599 985 τούς
627 925 963 1000 προάγοντας.

389 1101 501 1172 μα’.
532 1105 653 1178 Περί
672 1109 769 1159 τῶν
791 1111 1035 1172 γυναικῶν
1064 1111 1162 1158 τῶν
1188 1104 1620 1180 ἑκπορνευουσῶν,
1666 1108 1747 1158 καί
1776 1104 1884 1160 άναι

315 1199 526 1265 ρουσῶν
557 1194 623 1246 τά
646 1193 903 1265 γενόμενα,
930 1196 1014 1246 καί
1042 1187 1442 1257 σπουδαζούσῶν
1470 1194 1647 1268 φθόρια
1670 1202 1850 1249 ποιεῖν’
1887 1194 1911 1248 ό

317 1288 413 1350 μέν
444 1283 694 1361 πρότερος
722 1283 867 1360 ὄρς,
896 1288 1088 1361 μέχρις
1116 1285 1287 1351 ἐξόδου
1322 1289 1595 1355 ἐκώλυσεν,
1638 1294 1717 1343 καί
1746 1287 1910 1360 τούτῳ

321 1376 647 1432 συντίθενται
674 1375 933 1448 [Subaud.
963 1376 1133 1449 τινές].
1176 1378 1631 1454 Φιλανθρωπὸτερον
1660 1378 1712 1435 δέ
1750 1400 1799 1433 τι
1829 1381 1911 1433 εὖ·

321 1469 518 1541 εόντες,
535 1472 794 1542 ὡρίσαμεν
811 1468 1018 1528 δεκαετῆ
1040 1471 1224 1546 χρόνον
1252 1472 1383 1528 κατά
1402 1474 1521 1534 τοὺς
1541 1473 1764 1543 βαθμοὺς
1789 1476 1909 1534 τοὺς

320 1561 608 1631 ὡρισμένου
616 1581 662 1621 ς.

394 1651 505 1722 με’.
537 1656 656 1724 Περὶ
684 1653 928 1707 ἑκουσίων
957 1654 1111 1726 φόνων
1136 1653 1156 1724 (
1178 1652 1267 1708 Sic
1296 1670 1391 1724 pro
1433 1655 1615 1726 φονέων
1646 1654 1687 1722 ),
1714 1653 1906 1710 ὑποπι-

316 1744 590 1798 πτέτωσαν
618 1745 729 1812 μὲν,
760 1750 847 1798 τοῦ
874 1744 1062 1798 τελείου
1088 1742 1140 1799 δὲ
1169 1745 1218 1800 ἐν
1242 1753 1313 1818 τῷ
1341 1746 1468 1800 τέλει
1500 1751 1590 1800 τοῦ
1621 1745 1734 1817 βίου
1781 1767 1903 1799 κατ·

318 1828 696 1889 αξιούσθωσαν.

390 1916 496 1989 μοι’.
529 1919 647 1990 Περὶ
675 1915 929 1971 ἀκουσίων
965 1918 1132 1989 φόνων,
1166 1917 1191 1972 ό
1222 1920 1309 1988 μέν
1338 1925 1581 1994 πρότερος
1609 1918 1722 1995 ὄρος
1743 1922 1793 1973 ἐν
1816 1921 1907 1975 ἐπ-

316 2007 497 2080 ταετίᾳ
536 2008 729 2060 κελεύει
755 2014 844 2060 τοῦ
885 2007 1073 2061 τελείου
1114 2016 1426 2080 μετασχεῖν,
1454 2011 1583 2064 κατὰ
1609 2012 1728 2070 τούς
1760 2012 1908 2087 ὡρισ-

313 2098 502 2166 μένους
531 2095 778 2166 βαθμούς.
796 2096 854 2150 '0
872 2095 923 2151 δέ
949 2095 1206 2173 δεύτερος.
1235 2099 1292 2152 τό
1321 2100 1560 2159 πενταέτη
1580 2100 1769 2172 χρόνον
1789 2101 1909 2159 πλη-

318 2191 503 2254 ρῶσαι.
834 2194 839 2195 ⁷

392 2352 494 2423 μᾶς
557 2355 615 2407 Οἱ
661 2355 1144 2428 καταμαντευόμενοι
1189 2360 1275 2412 καί
1320 2368 1434 2420 ταῖς
1473 2363 1753 2421 συνηθείαις
1807 2364 1899 2417 τῶν

314 2445 468 2498 ἐθνῶν
503 2446 987 2508 κατακολουθοῦντες
1018 2444 1529 2520 [ἐξακολουθοῦντες],
1562 2449 1592 2509 ἦ
1622 2452 1904 2524 εἰσάγοντες

311 2556 455 2593 τινας
478 2537 551 2594 είς
587 2538 709 2595 τοὺς
745 2536 938 2589 ἑαυτῶν
969 2535 1137 2598 οἴκους
1165 2540 1247 2593 ἐπὶ
1276 2541 1537 2616 ἀνευρέσει
1565 2552 1898 2616 φαρμακειῶν,

309 2623 340 2682 ἢ
363 2628 449 2678 καί
473 2626 743 2701 καθάρσει,
768 2626 870 2680 ὑπὸ
897 2628 982 2681 τόν
1007 2628 1185 2682 κανόνα
1224 2630 1556 2685 πιπτέτωσαν
1583 2630 1672 2692 τῆς
1699 2654 1904 2687 πενταε-

308 2718 425 2775 τίας
448 2716 578 2770 κατά
614 2718 735 2775 τοὺς
761 2717 991 2787 βαθμούς
1022 2720 1351 2791 ὡρισμένους·
1386 2723 1505 2795 τρία
1537 2721 1624 2782 ἔτη
1660 2725 1901 2779 ὑποπτώ-

309 2825 467 2871 σεως,
494 2809 582 2860 καί
607 2805 699 2861 δύο
722 2806 808 2866 ἔτη
832 2810 991 2879 εὐχῆς
1021 2813 1187 2883 χωρίς
1216 2819 1534 2887 προσφορᾶς.

380 2896 480 2966 με’.
512 2899 966 2968 Μνηστευσάμενός
992 2922 1069 2962 τις
1098 2901 1263 2976 κόρην,
1288 2902 1614 2978 προσεφθάρη
1634 2912 1695 2981 τῇ
1718 2904 1900 2981 ἀδελφῇ

310 2986 667 3062 ιπροσέφθειρε
697 2994 787 3047 τὴν
810 2988 1043 3061 ἀδελφήν]
1070 2995 1246 3055 αὐτῆς,
1279 2997 1346 3055 ὡς
1376 3000 1459 3050 καί
1488 2998 1785 3073 ἐπιφορῆσαι
1804 3000 1897 3052 αύ-

314 3081 420 3139 τὴν,
447 3075 636 3148 ἔγημεν
678 3077 733 3134 δέ
767 3085 855 3138 τὴν
881 3087 1101 3152 μνηστήν
1122 3088 1252 3154 μετὰ
1281 3088 1464 3144 τοὶῦτα.
1499 3091 1529 3145 ἡ
1569 3088 1622 3144 δὲ
1652 3094 1898 3164 φθαρεῖσα

2022 567 2281 623 nitionem
2328 568 2602 638 impleant.
2644 566 2886 635 Virgines
2932 573 3133 630 autem,
3178 582 3299 638 quae
3345 576 3595 638 tanquam

2020 671 2234 712 sorores
2263 672 2384 711 cum
2412 657 2731 727 quibusdam
2763 657 3024 727 habitant,
3053 659 3416 728 prohibemus.

2088 744 2195 800 XL.
2220 780 2291 789 —
2326 745 2415 801 20.
2448 746 2504 802 Si
2552 747 2775 816 alicujus
2797 764 2931 801 uxor
2964 748 3283 804 adulterium
3313 750 3594 806 commise-

2017 835 2107 903 rit,
2129 836 2216 890 vel
2263 836 2377 907 ipse
2403 836 2721 891 adulterium
2743 838 3091 905 commiserit,
3118 840 3401 911 septennia
3431 854 3594 911 opor-

2018 930 2095 982 tet
2122 939 2241 982 eum
2265 926 2649 998 perfectionem
2680 930 2927 999 assequi,
2963 931 3255 986 secundum
3284 931 3478 1000 gradus
3503 933 3595 1002 qui

2017 1032 2083 1074 eo
2111 1016 2398 1074 deducunt.
2821 1086 2825 1090 λ

2086 1107 2316 1163 XLI.‘—
2345 1108 2433 1162 2|.
2462 1109 2536 1164 De
2558 1110 2871 1185 mulieribus
2899 1126 3017 1179 quae
3039 1110 3385 1179 fornicantur,
3403 1121 3458 1168 et
3477 1129 3597 1184 par-

2016 1206 2100 1253 tus
2147 1213 2271 1254 suos
2310 1200 2603 1269 perimunt.
2635 1209 2688 1255 et
2729 1199 3133 1257 medicamentis
3177 1202 3469 1257 abortionis
3511 1205 3593 1258 fa-

2015 1288 2218 1343 ciendis
2269 1290 2523 1344 student:
2555 1292 2702 1360 prior
2753 1290 2968 1360 quidem
3019 1291 3255 1348 deﬁnitio
3311 1309 3481 1363 usque
3527 1295 3595 1348 ad

2016 1377 2139 1432 vita:
2168 1378 2370 1433 exitum
2401 1381 2741 1449 prohibebat,
2767 1387 2822 1435 et
2850 1382 2899 1435 ei
2928 1382 3142 1449 quidam
3186 1385 3549 1438 assentiuntur
3576 1402 3589 1435 :

2013 1468 2297 1523 humanius
2343 1477 2521 1523 autem
2571 1478 2812 1539 agentes,
2842 1470 3126 1527 definimus
3171 1481 3231 1526 ut
3277 1473 3590 1529 decennium

2012 1573 2112 1629 per
2135 1558 2332 1627 gradus
2360 1560 2648 1629 praetinitos
2678 1562 2951 1632 impleant.

2081 1648 2236 1703 XLII.
2258 1678 2327 1689 ——
2350 1650 2438 1705 22.
2467 1650 2567 1717 Qui
2600 1652 2894 1706 voluntarie
2924 1653 3261 1708 homicidium
3309 1656 3589 1711 commise-

2012 1746 2155 1803 runt,
2184 1740 2450 1809 supplices
2479 1740 2693 1808 quidem
2744 1742 3190 1797 substernantnr:
3224 1745 3276 1797 in
3318 1746 3465 1800 exitu
3493 1761 3589 1801 au-

1937 1844 1985 1905 Β
2015 1834 2120 1883 tem
2149 1829 2273 1883 vitae
2297 1829 2631 1899 perfectione
2659 1829 2801 1899 digni
2826 1831 3141 1886 habeantur.

2083 1919 2264 1977 XLIII.
2287 1954 2358 1964 -—
2386 1920 2479 1976 Ξῖ).
2510 1920 2612 1988 Qui
2637 1938 2742 1977 non
2765 1931 2956 1993 sponte
2986 1938 3086 1979 nec
3110 1924 3385 1981 voluntate
3414 1926 3585 1982 homi-

2013 2010 2209 2067 cidium
2265 2014 2687 2083 commiserunt,
2729 2015 2880 2085 prior
2922 2015 3139 2084 quidem
3183 2016 3424 2073 deﬁnitio
3469 2026 3591 2089 post

2010 2101 2349 2171 septennium
2379 2103 2765 2174 perfectionem
2818 2107 3075 2173 consequi
3106 2108 3366 2177 praecipit,
3398 2123 3588 2164 secun-

2010 2192 2135 2247 dum
2179 2193 2472 2263 praeﬁnitas
2516 2197 2715 2264 gradus
2743 2214 2755 2248 :
2787 2197 3021 2253 secunda
3050 2208 3204 2266 vero,
3238 2199 3587 2269 quinquennii

2012 2290 2221 2354 tempus
2246 2287 2488 2356 implere.
2675 2290 2682 2296 ’

2081 2374 2334 2429 XLIV.——
2345 2376 2433 2429 24.
2454 2376 2555 2444 Qui
2568 2377 2923 2434 divinationes
2939 2388 3214 2450 expetunt,
3233 2388 3285 2435 et
3297 2391 3556 2437 consuetu
3568 2415 3584 2423 -

2007 2458 2159 2518 dines
2177 2466 2414 2532 gentium
2437 2467 2855 2536 subsequuntur,
2878 2470 3034 2524 autin
3048 2469 3238 2525 domos
3260 2485 3383 2526 suas
3399 2471 3583 2542 hujus-

2006 2553 2150 2607 modi
2183 2554 2432 2610 homines
2460 2557 2841 2626 introducunt,
2875 2560 3190 2629 exquirendi
3235 2561 3438 2630 aliquid
3468 2573 3584 2619 arte

2007 2645 2232 2714 magica,
2257 2655 2351 2700 aut
2379 2647 2628 2718 expiandi
2657 2660 2839 2714 causa,
2864 2652 2916 2705 in
2939 2665 3201 2706 eanouem
3231 2654 3583 2725 quinquennii

2006 2733 2262 2801 incidant,
2285 2735 2579 2791 secundum
2610 2738 2806 2806 gradus
2831 2739 3080 2796 deﬁnitos
3113 2760 3124 2793 :
3162 2749 3272 2797 tres
3300 2758 3471 2799 annos
3493 2745 3581 2814 ja-

2005 2833 2179 2890 ceant,
2205 2825 2341 2881 duos
2361 2828 2761 2883 communicent
2787 2829 2840 2883 in
2867 2830 3112 2885 oratione
3140 2832 3256 2888 sine
3286 2833 3576 2891 oblatione.

2075 2916 2399 2972 ΜΔΕ-25.
2420 2918 2649 2985 Quidam
2679 2936 2930 2990 sponsam
2960 2921 3185 2990 habens,
3207 2938 3450 2981 sororem
3466 2928 3580 2997 ejus

2003 3006 2272 3076 corrupit,
2306 3007 2377 3061 ita
2421 3015 2480 3062 ut
2510 3016 2563 3064 et
2595 3011 2707 3081 ipsa
2735 3012 3079 3082 conciperet,
3108 3028 3360 3082 sponsam
3400 3025 3580 3073 autem

2002 3104 2188 3163 postea
2210 3096 2381 3163 duxit,
2408 3098 2498 3153 illa
2527 3115 2659 3155 vero
2684 3115 2805 3170 quae
2832 3112 3087 3173 corrupta
3117 3111 3218 3169 est,
3265 3121 3453 3162 necem
3480 3106 3579 3163 sibi

307 3168 573 3238 ἀπήγξατο
592 3184 608 3201 ⁸
641 3172 687 3223 οἵ
718 3170 997 3234 συνειδότες
1021 3174 1380 3235 ἐκελεύσθησαν
1406 3178 1454 3232 ἐν
1482 3177 1713 3254 δεκαετέα
1754 3179 1897 3252 [δέκα

2013 3183 2197 3237 intulit.
2229 3183 2294 3238 Hi
2321 3187 2413 3254 qui
2441 3189 2645 3244 conscii
2674 3168 2913 3259 fuerunt,
2933 3168 3067 3260 jussi
3088 3168 3213 3248 sunt
3239 3194 3425 3251 decem
3476 3213 3575 3253 an-

316 3257 479 3329 ἕτεσι]
504 3257 752 3330 δεχθῆναι
795 3265 867 3324 εἰς
888 3266 1008 3324 τοὺς
1029 3274 1353 3328 συνεστῶτας
1374 3272 1500 3325 κατά
1528 3274 1646 3330 τούς
1669 3274 1860 3344 ὡρισμέ
1874 3302 1892 3312 ο

309 3368 429 3409 νους
454 3348 704 3419 βαθμούς.

311 3454 3315 3501 Μ

2001 3276 2084 3330 nis
2104 3276 2244 3332 inter
2272 3294 2367 3335 eos
2395 3283 2485 3350 qui
2508 3282 2826 3350 consistunt,
2851 3284 3037 3354 recipi,
3067 3287 3361 3343 secundum
3383 3289 3578 3357 gradus

2001 3365 2268 3422 deﬁnitus.

3336 3488 3578 3507 Ἢ

1056 3559 1607 3667 CONCILII
1679 3567 1769 3673 Ν
1777 3568 2622 3681 EOCZESARIEN
2632 3572 2745 3682 SI

1383 3726 1740 3789 CANONES
1784 3730 1935 3791 xxv
1966 3730 2110 3813 (An.
2143 3734 2286 3796 Chr.
2324 3735 2487 3802 ait).

795 3844 918 3920 Qui
942 3846 1185 3925 quidem
1213 3858 1362 3910 sunt
1392 3852 1740 3932 Ancyranis
1763 3856 2167 3932 posteriores,
2201 3859 2474 3922 Nicamis
2511 3879 2652 3923 vero
2685 3865 3085 3944 antiquiores.

372 4028 484 4096 μέ.
532 4030 878 4107 Πρεσϐύτερος
908 4033 995 4086 ὶάν
1019 4036 1176 4106 γήμῃ,
1212 4042 1303 4093 τῆς
1340 4037 1527 4100 τάξεως
1556 4039 1703 4092 αὐτόν
1737 4060 1893 4110 μετα·

296 4124 550 4177 τίθεσθαι.
587 4124 697 4178 Ἐάν
725 4122 779 4178 δὲ
813 4132 1070 4199 πορνεῦσῃ
1098 4124 1127 4184 ἧ
1156 4129 1438 4199 μοιχεύσῃ,
1476 4130 1762 4192 ἐξωθεῖσθαι
1806 4133 1895 4185 αύ-

296 4214 389 4267 τὸν
417 4212 604 4277 τέλεον,
629 4216 718 4267 καί
740 4209 955 4284 ἄγεσθαι
977 4216 1131 4269 αὐτόν
1158 4218 1227 4277 είς
1256 4220 1538 4287 μετάνοιαν.

372 4390 477 4462 μζ.
519 4397 647 4451 Γυνή
677 4393 762 4446 ἐάν
788 4396 1012 4464 γήμηται
1046 4394 1136 4449 δύο
1162 4394 1409 4469 ἀδελφοῖς,
1433 4399 1702 4461 ἐξωθείσθω
1731 4403 1892 4474 μέχρι

292 4483 545 4548 θανάτου,
573 4484 704 4543 πλὴν
732 4486 780 4537 ἐν
805 4493 880 4557 τῷ
903 4488 1102 4557 θανάτῳ
1130 4491 1372 4552 εἰποῦσα,
1411 4492 1478 4551 ὡς
1515 4492 1766 4562 ύγιάνασα
1801 4493 1889 4544 λύ-

293 4594 385 4626 σει
409 4575 498 4627 τὶν
523 4575 705 4644 γάμον,
727 4573 811 4630 διὰ
838 4582 928 4635 τήν
956 4577 1323 4652 φιλανθρωπίαν
1350 4580 1447 4643 ἕξει
1477 4586 1566 4640 τήν
1599 4585 1881 4653 μετάνοιαν.

290 4661 416 4717 Ἐάν
450 4661 508 4718 δὲ
538 4664 818 4739 τελευτήσῃ
851 4672 980 4738 γυνό
1003 4669 1053 4721 ἐν
1083 4671 1297 4741 τοιούτῳ
1336 4672 1485 4741 γάμῳ
1519 4666 1672 4735 οὖσα,
1704 4674 1811 4731 ἤτοι
1860 4674 1886 4728 ό

289 4754 448 4830 ἀνὴρ,
473 4750 743 4828 δυσχερὴς
762 4763 834 4826 τῷ
857 4758 1084 4827 μείναντι
1104 4760 1139 4817 ἦ
1154 4759 1407 4829 μετάνοια.

370 5013 472 5082 μη’.
515 5018 634 5088 Περὶ
666 5022 768 5070 τῶν
796 5017 1054 5079 πλείστοις
1083 5020 1262 5090 γάμοις
1288 5024 1714 5095 περιπιπτόντων,
1745 5026 1771 5080 ό
1794 5032 1883 5098 μὲν

288 5104 487 5178 χρόνος
517 5111 678 5178 σαφὴς
705 5111 731 5160 ὁ
766 5109 1065 5181 ὡρισμένος,
1088 5112 1119 5168 ἦ
1142 5110 1195 5166 δὲ
1234 5115 1523 5188 ἀναστροφὴ
1547 5122 1628 5171 καὶ
1656 5120 1686 5176 ἡ
1708 5122 1883 5180 πίστις

286 5198 465 5250 αὐτῶν
489 5199 756 5269 συντέμνει
780 5198 864 5253 τόν
887 5199 1098 5273 χρόνον.
1128 5222 1131 5225 ·

362 5287 471 5351 μθ’.
512 5287 630 5344 Ἐάν
649 5291 910 5366 πρόθηταί
930 5313 1032 5358 τις,
1064 5295 1382 5365 ἐπιθυμήσας
1408 5320 1660 5372 γυναικός,
1693 5324 1883 5378 συγκατ

278 5377 539 5436 θευδῆσαι
558 5380 670 5449 μετ’
698 5374 858 5443 αὐτῆς
885 5381 1080 5458 [animi],
1107 5389 1176 5454 μὴ
1208 5384 1327 5457 ἔλθῃ
1349 5386 1405 5444 δὲ
1431 5392 1503 5450 εἰς
1539 5390 1697 5467 ἔργον
1722 5374 1878 5450 αύτοῦ

279 5472 315 5527 ἡ
342 5469 643 5539 ἰνθύμησις,
672 5474 899 5542 φαίνεται
927 5472 1004 5530 ὅτι
1031 5476 1134 5531 ύπό
1158 5486 1250 5539 τῆς
1279 5481 1496 5553 χάριτος
1516 5485 1756 5559 ἐῤῥύσθη.

362 5558 422 5614 ν’.
463 5562 869 5632 Κατηχούμενος
891 5566 976 5620 ἐὰν
999 5568 1360 5637 εἰσερχόμενος
1390 5574 1461 5631 εἰς
1487 5558 1549 5629 τό
1571 5580 1805 5651 κυριακὸν
1827 5581 1878 5633 ἐν

278 5661 351 5723 τῇ
380 5659 485 5706 τῶν
503 5655 901 5724 κατηχουμίνων
924 5658 1063 5721 τάξει
1088 5664 1268 5730 enim,
1294 5657 1442 5722 οὗτος
1471 5662 1524 5719 δέ
1552 5666 1876 5741 ἁμαρτάνων,

252 5742 373 5795 ,ἐὰν
403 5743 497 5809 μὲν
535 5743 658 5813 γόνυ
687 5744 878 5811 κλίνων,
903 5749 1167 5823 ἀκροάσθω
1205 5753 1380 5820 μηκέτι
1423 5753 1740 5829 ἁμαρτάνςςν.
1777 5761 1879 5817 Ἐάν

278 5827 339 5884 δὲ
376 5834 460 5885 καί
483 5833 799 5904 ἀκροώμενος
827 5835 897 5892 ἐτι
923 5838 1202 5914 ἁμαρτάνῃ,
1233 5843 1519 5907 ἐξωθείσθω.

2069 4038 2250 4095 XLVI.
2283 4040 2569 4115 Presbyter
2609 4045 2653 4100 si
2703 4063 2925 4104 uxorem
2968 4051 3200 4120 duxerit,
3234 4058 3423 4113 ordine
3472 4076 3570 4116 suo

1998 4140 2308 4211 moveatur;
2337 4135 2383 4189 si
2412 4143 2589 4190 autem
2618 4136 2912 4195 fornicatus
2941 4141 3116 4211 fuerit,
3141 4146 3226 4199 vel
3247 4147 3568 4205 adulterium

1997 4222 2348 4292 commiserit,
2378 4226 2590 4295 penitus
2636 4229 2972 4296 cxtrudatur,
3022 4241 3077 4286 et
3105 4234 3170 4287 ad
3200 4238 3571 4303 paenitentiam

1995 4314 2285 4381 redigatur.

2075 4401 2277 4457 XLVII.
2309 4403 2559 4462 Muliersi
2579 4405 2785 4463 duobus
2811 4409 3069 4467 fratribus
3119 4418 3381 4486 nupserit,
3433 4421 3569 4490 abji-

1993 4494 2168 4550 ciatur
2186 4509 2356 4564 usque
2381 4495 2450 4552 ad
2487 4505 2748 4566 mortem;
2778 4510 3149 4561 verumtamen
3198 4507 3250 4561 in
3298 4518 3496 4580 morte,
3524 4515 3568 4567 si

1992 4583 2300 4652 promiserit
2349 4585 2490 4653 quod
2542 4587 2632 4641 ubi
2680 4591 3036 4655 convaluerit,
3070 4594 3245 4652 solvet
3286 4601 3567 4658 matrimo;

1991 4676 2158 4740 nium,
2190 4684 2414 4747 propter
2458 4677 2865 4749 humanitatem,
2899 4687 3271 4753 paenitentiam
3327 4693 3563 4749 habebit.

1992 4763 2096 4818 Sed
2122 4765 2166 4818 si
2196 4772 2406 4820 mortua
2436 4766 2597 4822 fuerit
2618 4770 2832 4848 mulier,
2863 4772 2917 4826 in
2964 4774 3269 4844 hujusmodi
3314 4784 3565 4854 conjugio

1993 4854 2250 4923 existens,
2280 4857 2364 4911 vel
2386 4855 2501 4928 ejus
2544 4860 2790 4928 maritus,
2824 4862 3052 4921 difﬁcilis
3097 4868 3200 4922 erit
3250 4871 3562 4940 poenitentia

1987 4946 2302 5000 remanenti.

2059 5033 2285 5090 XLVIII.
2317 5036 2392 5092 De
2419 5037 2487 5094 iis
2532 5040 2621 5108 qui
2652 5042 2706 5096 in
2737 5043 2995 5112 plurimas
3036 5049 3252 5118 nuptias
3299 5034 3585 5114 incidunta

1988 5131 2200 5194 tempus
2223 5127 2438 5194 quidem
2456 5127 2737 5185 definitum
2764 5133 3104 5190 manifestum
3134 5145 3253 5192 est:
3278 5142 3563 5198 conversio

1985 5224 2162 5270 autem
2186 5231 2251 5273 ac
2280 5218 2410 5273 Iides
2429 5219 2665 5290 ipsorum
2689 5229 2898 5295 tempus
2917 5226 3201 5282 contrahit.
3241 5256 3244 5259 λ

2063 5305 2244 5363 XLIX.
2267 5309 2325 5365 Si
2347 5311 2466 5380 quis
2481 5312 2762 5370 mulierem
2789 5317 3194 5387 concupiscens,
3220 5323 3564 5391 proposuerit

1990 5413 2111 5452 cum
2140 5414 2203 5454 ea
2223 5402 2599 5472 concumbere,
2630 5404 2747 5474 ejus
2774 5414 2955 5463 autem
2983 5409 3307 5466 desiderium
3335 5412 3405 5469 ad
3424 5429 3561 5486 opus

1988 5504 2097 5545 non
2118 5493 2343 5559 venerit,
2365 5493 2577 5549 videtur
2594 5509 2713 5551 esse
2731 5498 2900 5566 gratia
2930 5510 3187 5559 servatus.

2054 5579 2116 5634 L.
2147 5580 2577 5639 Catcchumenus
2605 5586 2650 5639 si
2697 5585 2751 5640 in
2781 5586 3107 5647 dominicum
3150 5594 3475 5664 ingrediens,
3504 5601 3556 5654 in

1982 5675 2169 5731 ordine
2211 5677 2714 5733 catechumenorum
2752 5683 2985 5751 steterit,
3016 5685 3061 5740 is
3089 5696 3268 5742 autem
3325 5701 3551 5760 peccat:

1981 5767 2023 5819 si
2054 5780 2192 5832 genu
2222 5766 2436 5836 quidem
2465 5767 2713 5837 ﬂectens,
2746 5774 2924 5828 audiat
2984 5793 3089 5831 non
3143 5782 3375 5849 amplius
3426 5799 3551 5851 pec-

1984 5872 2110 5912 cans
2145 5873 2155 5910 :
2187 5857 2269 5911 sin
2293 5866 2468 5914 autem
2501 5860 2662 5916 etiam
2693 5862 2915 5920 audiens
2963 5877 3180 5939 peccet,
3232 5873 3543 5940 expellatur.
