  <div class='ocr_page' id='page_1' title='image "/cluster/home/n/w/nwhite01/storage/ocr_20150623/67/umn.31951002477360y/041.png"; bbox 0 0 4012 6466; ppageno 0'>
   <div class='ocr_carea' id='block_1_1' title="bbox 472 282 3732 350">
    <p class='ocr_par' dir='ltr' id='par_1_1' title="bbox 472 282 3732 350">
     <span class='ocr_line' id='line_1_1' title="bbox 472 282 3732 350; baseline -0.002 -4"><span class='ocrx_word' id='word_1_1' title='bbox 472 294 542 350; x_wconf 77' lang='lat'><strong>55</strong></span> <span class='ocrx_word' id='word_1_2' title='bbox 1748 285 2104 344; x_wconf 78' lang='lat' dir='ltr'><strong>DIONYSIUS</strong></span> <span class='ocrx_word' id='word_1_3' title='bbox 2143 286 2458 343; x_wconf 74' lang='lat' dir='ltr'><strong>EXIGUUS.</strong></span> <span class='ocrx_word' id='word_1_4' title='bbox 3667 282 3732 340; x_wconf 85' lang='grc'><strong>56</strong></span> 
     </span>
    </p>
   </div>
   <div class='ocr_carea' id='block_1_2' title="bbox 545 388 2032 480">
    <p class='ocr_par' dir='ltr' id='par_1_2' title="bbox 545 401 2032 480">
     <span class='ocr_line' id='line_1_2' title="bbox 545 401 2032 480; baseline -0.005 -19"><span class='ocrx_word' id='word_1_5' title='bbox 545 407 636 461; x_wconf 85' lang='grc' dir='ltr'>να’.</span> <span class='ocrx_word' id='word_1_6' title='bbox 679 410 796 480; x_wconf 82' lang='grc' dir='ltr'>Περί</span> <span class='ocrx_word' id='word_1_7' title='bbox 825 406 1187 480; x_wconf 79' lang='grc' dir='ltr'>κυοφορούσης,</span> <span class='ocrx_word' id='word_1_8' title='bbox 1215 404 1292 459; x_wconf 78' lang='grc' dir='ltr'>ὅτι</span> <span class='ocrx_word' id='word_1_9' title='bbox 1320 402 1399 459; x_wconf 82' lang='grc' dir='ltr'>δεῖ</span> <span class='ocrx_word' id='word_1_10' title='bbox 1423 402 1723 474; x_wconf 75' lang='grc' dir='ltr'><strong>φωτίζεσθαι</strong></span> <span class='ocrx_word' id='word_1_11' title='bbox 1752 401 1898 456; x_wconf 66' lang='grc' dir='ltr'>ὁπὲὁτε</span> <span class='ocrx_word' id='word_1_12' title='bbox 1925 402 2032 470; x_wconf 86' lang='grc' dir='ltr'>βού-</span> 
     </span>
    </p>
   </div>
   <div class='ocr_carea' id='block_1_3' title="bbox 2150 388 3730 480">
    <p class='ocr_par' dir='ltr' id='par_1_3' title="bbox 2226 396 3730 467">
     <span class='ocr_line' id='line_1_3' title="bbox 2226 396 3730 467; baseline 0.003 -18"><span class='ocrx_word' id='word_1_13' title='bbox 2226 396 2306 450; x_wconf 86' lang='lat' dir='ltr'><strong>LI.</strong></span> <span class='ocrx_word' id='word_1_14' title='bbox 2342 397 2416 450; x_wconf 89' lang='lat' dir='ltr'><strong>De</strong></span> <span class='ocrx_word' id='word_1_15' title='bbox 2439 411 2499 452; x_wconf 90' lang='lat' dir='ltr'><strong>ea</strong></span> <span class='ocrx_word' id='word_1_16' title='bbox 2529 411 2647 464; x_wconf 80' lang='lat' dir='ltr'><strong>qua:</strong></span> <span class='ocrx_word' id='word_1_17' title='bbox 2675 406 2886 451; x_wconf 88' lang='lat' dir='ltr'><strong>uterum</strong></span> <span class='ocrx_word' id='word_1_18' title='bbox 2938 397 3094 464; x_wconf 79' lang='lat' dir='ltr'><strong>gerit,</strong></span> <span class='ocrx_word' id='word_1_19' title='bbox 3121 397 3264 465; x_wconf 83' lang='lat' dir='ltr'><strong>quod</strong></span> <span class='ocrx_word' id='word_1_20' title='bbox 3316 406 3566 467; x_wconf 74' lang='lat' dir='ltr'><strong>oporteat</strong></span> <span class='ocrx_word' id='word_1_21' title='bbox 3610 414 3730 454; x_wconf 87' lang='lat' dir='ltr'><strong>eam</strong></span> 
     </span>
    </p>
   </div>
   <div class='ocr_carea' id='block_1_4' title="bbox 477 495 2047 572">
    <p class='ocr_par' dir='ltr' id='par_1_4' title="bbox 477 495 2047 572">
     <span class='ocr_line' id='line_1_4' title="bbox 477 495 2047 572; baseline -0.003 -21"><span class='ocrx_word' id='word_1_22' title='bbox 477 497 633 552; x_wconf 83' lang='grc' dir='ltr'>λεται.</span> <span class='ocrx_word' id='word_1_23' title='bbox 666 495 817 552; x_wconf 76' lang='grc' dir='ltr'>Οὐδέν</span> <span class='ocrx_word' id='word_1_24' title='bbox 835 500 936 572; x_wconf 73' lang='grc' dir='ltr'><strong>γὰρ</strong></span> <span class='ocrx_word' id='word_1_25' title='bbox 966 499 1014 550; x_wconf 83' lang='grc' dir='ltr'>ἐν</span> <span class='ocrx_word' id='word_1_26' title='bbox 1033 497 1200 568; x_wconf 86' lang='grc' dir='ltr'>τούτῳ</span> <span class='ocrx_word' id='word_1_27' title='bbox 1227 503 1450 550; x_wconf 84' lang='grc' dir='ltr'>κοινωνεῖ</span> <span class='ocrx_word' id='word_1_28' title='bbox 1469 497 1500 554; x_wconf 81' lang='grc' dir='ltr'><strong><em>ἠ</em></strong></span> <span class='ocrx_word' id='word_1_29' title='bbox 1522 495 1772 550; x_wconf 80' lang='grc' dir='ltr'><strong>τίκτουσα</strong></span> <span class='ocrx_word' id='word_1_30' title='bbox 1792 501 1863 563; x_wconf 82' lang='grc' dir='ltr'>τῷ</span> <span class='ocrx_word' id='word_1_31' title='bbox 1883 514 2047 549; x_wconf 84' lang='grc' dir='ltr'>τικτο-</span> 
     </span>
    </p>
   </div>
   <div class='ocr_carea' id='block_1_5' title="bbox 477 584 2046 660">
    <p class='ocr_par' dir='ltr' id='par_1_5' title="bbox 477 584 2046 660">
     <span class='ocr_line' id='line_1_5' title="bbox 477 584 2046 660; baseline -0.002 -19"><span class='ocrx_word' id='word_1_32' title='bbox 477 590 604 656; x_wconf 70' lang='grc' dir='ltr'><strong>μένῳ</strong></span> <span class='ocrx_word' id='word_1_33' title='bbox 637 586 720 642; x_wconf 80' lang='grc' dir='ltr'>διὰ</span> <span class='ocrx_word' id='word_1_34' title='bbox 761 589 838 652; x_wconf 84' lang='grc' dir='ltr'>τὸ,</span> <span class='ocrx_word' id='word_1_35' title='bbox 867 587 1081 643; x_wconf 64' lang='grc' dir='ltr'>ἑκάστου</span> <span class='ocrx_word' id='word_1_36' title='bbox 1107 584 1237 643; x_wconf 87' lang='grc' dir='ltr'>ἰδίαν</span> <span class='ocrx_word' id='word_1_37' title='bbox 1266 591 1353 644; x_wconf 79' lang='grc' dir='ltr'>τήν</span> <span class='ocrx_word' id='word_1_38' title='bbox 1395 588 1697 660; x_wconf 87' lang='grc' dir='ltr'>προαίρεσιν</span> <span class='ocrx_word' id='word_1_39' title='bbox 1738 590 1828 644; x_wconf 75' lang='grc' dir='ltr'><strong>τήν</strong></span> <span class='ocrx_word' id='word_1_40' title='bbox 1865 585 1947 639; x_wconf 84' lang='grc' dir='ltr'><strong>ἐπὶ</strong></span> <span class='ocrx_word' id='word_1_41' title='bbox 1986 593 2046 654; x_wconf 74' lang='grc' dir='ltr'><strong>τῇ</strong></span> 
     </span>
    </p>
   </div>
   <div class='ocr_carea' id='block_1_6' title="bbox 475 677 1043 752">
    <p class='ocr_par' dir='ltr' id='par_1_6' title="bbox 475 677 1043 752">
     <span class='ocr_line' id='line_1_6' title="bbox 475 677 1043 752; baseline -0.004 -19"><span class='ocrx_word' id='word_1_42' title='bbox 475 678 712 752; x_wconf 72' lang='grc' dir='ltr'>ὁμολογίᾳ</span> <span class='ocrx_word' id='word_1_43' title='bbox 739 677 1043 733; x_wconf 78' lang='grc' dir='ltr'><strong>δείκνυσθαι.</strong></span> 
     </span>
    </p>
   </div>
   <div class='ocr_carea' id='block_1_7' title="bbox 541 768 2046 845">
    <p class='ocr_par' dir='ltr' id='par_1_7' title="bbox 541 768 2046 845">
     <span class='ocr_line' id='line_1_7' title="bbox 541 768 2046 845; baseline 0 -23"><span class='ocrx_word' id='word_1_44' title='bbox 541 770 634 824; x_wconf 91' lang='grc' dir='ltr'>νϐ’.</span> <span class='ocrx_word' id='word_1_45' title='bbox 677 771 1019 845; x_wconf 82' lang='grc' dir='ltr'>Πρεσϐύτερον</span> <span class='ocrx_word' id='word_1_46' title='bbox 1049 771 1118 829; x_wconf 87' lang='grc' dir='ltr'><strong>εἰς</strong></span> <span class='ocrx_word' id='word_1_47' title='bbox 1155 769 1353 842; x_wconf 68' lang='grc' dir='ltr'>γάμους</span> <span class='ocrx_word' id='word_1_48' title='bbox 1387 768 1730 842; x_wconf 70' lang='grc' dir='ltr'>διγαμούντων</span> <span class='ocrx_word' id='word_1_49' title='bbox 1758 773 1829 838; x_wconf 79' lang='grc' dir='ltr'>μὴ</span> <span class='ocrx_word' id='word_1_50' title='bbox 1869 769 2046 824; x_wconf 78' lang='grc' dir='ltr'>ἑστιᾶ-</span> 
     </span>
    </p>
   </div>
   <div class='ocr_carea' id='block_1_8' title="bbox 477 857 2045 932">
    <p class='ocr_par' dir='ltr' id='par_1_8' title="bbox 477 857 2045 932">
     <span class='ocr_line' id='line_1_8' title="bbox 477 857 2045 932; baseline 0 -18"><span class='ocrx_word' id='word_1_51' title='bbox 477 863 612 927; x_wconf 79' lang='grc' dir='ltr'>σθαι,</span> <span class='ocrx_word' id='word_1_52' title='bbox 643 861 751 914; x_wconf 77' lang='grc' dir='ltr'>ἐπεὶ</span> <span class='ocrx_word' id='word_1_53' title='bbox 773 862 1035 932; x_wconf 86' lang='grc' dir='ltr'>μετάνοιαν</span> <span class='ocrx_word' id='word_1_54' title='bbox 1061 861 1323 920; x_wconf 78' lang='grc' dir='ltr'>αἰτοῦντος</span> <span class='ocrx_word' id='word_1_55' title='bbox 1356 865 1444 914; x_wconf 83' lang='grc' dir='ltr'>τοῦ</span> <span class='ocrx_word' id='word_1_56' title='bbox 1467 857 1704 932; x_wconf 75' lang='grc' dir='ltr'>διγάμου,</span> <span class='ocrx_word' id='word_1_57' title='bbox 1734 859 1812 920; x_wconf 82' lang='grc' dir='ltr'><strong>τίς</strong></span> <span class='ocrx_word' id='word_1_58' title='bbox 1834 857 1986 914; x_wconf 76' lang='grc' dir='ltr'>ἔσται</span> <span class='ocrx_word' id='word_1_59' title='bbox 2021 859 2045 914; x_wconf 82' lang='grc' dir='ltr'>ὁ</span> 
     </span>
    </p>
   </div>
   <div class='ocr_carea' id='block_1_9' title="bbox 474 951 2047 1028">
    <p class='ocr_par' dir='ltr' id='par_1_9' title="bbox 474 951 2047 1028">
     <span class='ocr_line' id='line_1_9' title="bbox 474 951 2047 1028; baseline -0.001 -22"><span class='ocrx_word' id='word_1_60' title='bbox 474 954 840 1028; x_wconf 79' lang='grc' dir='ltr'>πρεσϐύτερος,</span> <span class='ocrx_word' id='word_1_61' title='bbox 867 952 892 1007; x_wconf 84' lang='grc' dir='ltr'>ὁ</span> <span class='ocrx_word' id='word_1_62' title='bbox 912 951 996 1008; x_wconf 75' lang='grc' dir='ltr'>διὰ</span> <span class='ocrx_word' id='word_1_63' title='bbox 1019 961 1110 1012; x_wconf 81' lang='grc' dir='ltr'>τῆς</span> <span class='ocrx_word' id='word_1_64' title='bbox 1135 953 1412 1012; x_wconf 79' lang='grc' dir='ltr'><strong>ἑστιάσεως</strong></span> <span class='ocrx_word' id='word_1_65' title='bbox 1437 951 1918 1022; x_wconf 74' lang='grc' dir='ltr'>συγκατατιθέμενος</span> <span class='ocrx_word' id='word_1_66' title='bbox 1942 959 2047 1010; x_wconf 87' lang='grc' dir='ltr'>τοῖς</span> 
     </span>
    </p>
   </div>
   <div class='ocr_carea' id='block_1_10' title="bbox 473 1059 673 1114">
    <p class='ocr_par' dir='ltr' id='par_1_10' title="bbox 473 1059 673 1114">
     <span class='ocr_line' id='line_1_10' title="bbox 473 1059 673 1114; baseline 0 -16"><span class='ocrx_word' id='word_1_67' title='bbox 473 1059 673 1114; x_wconf 57' lang='grc' dir='ltr'>γάμοις</span> 
     </span>
    </p>
   </div>
   <div class='ocr_carea' id='block_1_11' title="bbox 538 1133 2045 1207">
    <p class='ocr_par' dir='ltr' id='par_1_11' title="bbox 538 1133 2045 1207">
     <span class='ocr_line' id='line_1_11' title="bbox 538 1133 2045 1207; baseline 0.003 -26"><span class='ocrx_word' id='word_1_68' title='bbox 538 1133 628 1206; x_wconf 80' lang='grc' dir='ltr'><strong>νγ’.</strong></span> <span class='ocrx_word' id='word_1_69' title='bbox 669 1139 796 1194; x_wconf 75' lang='grc' dir='ltr'>Γυνή</span> <span class='ocrx_word' id='word_1_70' title='bbox 816 1156 947 1196; x_wconf 81' lang='grc' dir='ltr'>τινος</span> <span class='ocrx_word' id='word_1_71' title='bbox 971 1141 1307 1206; x_wconf 78' lang='grc' dir='ltr'>μοιχευθεῖσα</span> <span class='ocrx_word' id='word_1_72' title='bbox 1329 1137 1496 1189; x_wconf 80' lang='grc' dir='ltr'>λαῐκοῦ</span> <span class='ocrx_word' id='word_1_73' title='bbox 1523 1133 1682 1200; x_wconf 70' lang='grc' dir='ltr'>ὄντος,</span> <span class='ocrx_word' id='word_1_74' title='bbox 1709 1135 1790 1188; x_wconf 80' lang='grc' dir='ltr'><strong>ἐὰν</strong></span> <span class='ocrx_word' id='word_1_75' title='bbox 1829 1135 2045 1207; x_wconf 70' lang='grc' dir='ltr'>ἐλὲγχθη</span> 
     </span>
    </p>
   </div>
   <div class='ocr_carea' id='block_1_12' title="bbox 470 1223 2041 1297">
    <p class='ocr_par' dir='ltr' id='par_1_12' title="bbox 470 1223 2041 1297">
     <span class='ocr_line' id='line_1_12' title="bbox 470 1223 2041 1297; baseline -0.001 -19"><span class='ocrx_word' id='word_1_76' title='bbox 470 1232 710 1297; x_wconf 76' lang='grc' dir='ltr'>φανερῶς,</span> <span class='ocrx_word' id='word_1_77' title='bbox 755 1225 782 1280; x_wconf 85' lang='grc' dir='ltr'>ὁ</span> <span class='ocrx_word' id='word_1_78' title='bbox 819 1233 1047 1287; x_wconf 83' lang='grc' dir='ltr'>τοιοῦτος</span> <span class='ocrx_word' id='word_1_79' title='bbox 1090 1228 1160 1286; x_wconf 86' lang='grc' dir='ltr'><strong>εἰς</strong></span> <span class='ocrx_word' id='word_1_80' title='bbox 1206 1226 1485 1290; x_wconf 77' lang='grc' dir='ltr'>ὑπηρεσίαν</span> <span class='ocrx_word' id='word_1_81' title='bbox 1523 1227 1668 1280; x_wconf 84' lang='grc' dir='ltr'>ἐλθεῖν</span> <span class='ocrx_word' id='word_1_82' title='bbox 1712 1228 1769 1280; x_wconf 85' lang='grc' dir='ltr'><strong>ού</strong></span> <span class='ocrx_word' id='word_1_83' title='bbox 1815 1223 2041 1281; x_wconf 83' lang='grc' dir='ltr'>δύναται.</span> 
     </span>
    </p>
   </div>
   <div class='ocr_carea' id='block_1_13' title="bbox 471 1311 2046 1388">
    <p class='ocr_par' dir='ltr' id='par_1_13' title="bbox 471 1311 2046 1388">
     <span class='ocr_line' id='line_1_13' title="bbox 471 1311 2046 1388; baseline 0.002 -23"><span class='ocrx_word' id='word_1_84' title='bbox 471 1311 580 1368; x_wconf 78' lang='grc' dir='ltr'>Ἐάν</span> <span class='ocrx_word' id='word_1_85' title='bbox 608 1313 664 1369; x_wconf 81' lang='grc' dir='ltr'>δὲ</span> <span class='ocrx_word' id='word_1_86' title='bbox 692 1318 776 1369; x_wconf 79' lang='grc' dir='ltr'>καὶ</span> <span class='ocrx_word' id='word_1_87' title='bbox 799 1317 928 1387; x_wconf 84' lang='grc' dir='ltr'>μετά</span> <span class='ocrx_word' id='word_1_88' title='bbox 946 1316 1035 1375; x_wconf 67' lang='grc' dir='ltr'>τὴν</span> <span class='ocrx_word' id='word_1_89' title='bbox 1066 1318 1382 1388; x_wconf 79' lang='grc' dir='ltr'>χειροτονίαν</span> <span class='ocrx_word' id='word_1_90' title='bbox 1412 1317 1688 1387; x_wconf 73' lang='grc' dir='ltr'>μοιχευθῇ,</span> <span class='ocrx_word' id='word_1_91' title='bbox 1720 1315 1896 1386; x_wconf 75' lang='grc' dir='ltr'>ὀφείλει</span> <span class='ocrx_word' id='word_1_92' title='bbox 1919 1317 2046 1369; x_wconf 79' lang='grc' dir='ltr'>ἀπο-</span> 
     </span>
    </p>
   </div>
   <div class='ocr_carea' id='block_1_14' title="bbox 469 1403 2046 1480">
    <p class='ocr_par' dir='ltr' id='par_1_14' title="bbox 469 1403 2046 1480">
     <span class='ocr_line' id='line_1_14' title="bbox 469 1403 2046 1480; baseline -0.001 -20"><span class='ocrx_word' id='word_1_93' title='bbox 469 1403 622 1463; x_wconf 74' lang='grc' dir='ltr'>λῦσαι</span> <span class='ocrx_word' id='word_1_94' title='bbox 651 1407 828 1464; x_wconf 78' lang='grc' dir='ltr'>αὐτήν.</span> <span class='ocrx_word' id='word_1_95' title='bbox 857 1407 967 1461; x_wconf 88' lang='grc' dir='ltr'>Ἐάν</span> <span class='ocrx_word' id='word_1_96' title='bbox 992 1405 1045 1460; x_wconf 86' lang='grc' dir='ltr'>δὲ</span> <span class='ocrx_word' id='word_1_97' title='bbox 1089 1410 1239 1480; x_wconf 79' lang='grc' dir='ltr'>συζῇ,</span> <span class='ocrx_word' id='word_1_98' title='bbox 1270 1407 1326 1458; x_wconf 85' lang='grc' dir='ltr'><strong>ού</strong></span> <span class='ocrx_word' id='word_1_99' title='bbox 1357 1403 1566 1460; x_wconf 84' lang='grc' dir='ltr'>δύναται</span> <span class='ocrx_word' id='word_1_100' title='bbox 1604 1404 1815 1475; x_wconf 69' lang='grc' dir='ltr'>ἔχεσθαι</span> <span class='ocrx_word' id='word_1_101' title='bbox 1843 1413 1932 1466; x_wconf 82' lang='grc' dir='ltr'><strong>τῆς</strong></span> <span class='ocrx_word' id='word_1_102' title='bbox 1963 1406 2046 1474; x_wconf 70' lang='grc' dir='ltr'><strong>ἑγ-</strong></span> 
     </span>
    </p>
   </div>
   <div class='ocr_carea' id='block_1_15' title="bbox 471 1492 1618 1568">
    <p class='ocr_par' dir='ltr' id='par_1_15' title="bbox 471 1492 1618 1568">
     <span class='ocr_line' id='line_1_15' title="bbox 471 1492 1618 1568; baseline 0 -21"><span class='ocrx_word' id='word_1_103' title='bbox 471 1513 589 1563; x_wconf 80' lang='grc' dir='ltr'>χειρ</span> <span class='ocrx_word' id='word_1_104' title='bbox 611 1495 814 1554; x_wconf 85' lang='grc' dir='ltr'>σθείσης</span> <span class='ocrx_word' id='word_1_105' title='bbox 841 1495 974 1564; x_wconf 82' lang='grc' dir='ltr'>αὐτῷ</span> <span class='ocrx_word' id='word_1_106' title='bbox 994 1495 1278 1568; x_wconf 76' lang='grc' dir='ltr'>ὑπηρεσίας</span> <span class='ocrx_word' id='word_1_107' title='bbox 1302 1492 1618 1564; x_wconf 60' lang='lat' dir='ltr'><strong>[denarius].</strong></span> 
     </span>
    </p>
   </div>
   <div class='ocr_carea' id='block_1_16' title="bbox 538 1663 2043 1742">
    <p class='ocr_par' dir='ltr' id='par_1_16' title="bbox 538 1663 2043 1742">
     <span class='ocr_line' id='line_1_16' title="bbox 538 1663 2043 1742; baseline 0.003 -24"><span class='ocrx_word' id='word_1_108' title='bbox 538 1663 625 1719; x_wconf 81' lang='grc' dir='ltr'><strong>νδ.</strong></span> <span class='ocrx_word' id='word_1_109' title='bbox 665 1667 1034 1739; x_wconf 82' lang='grc' dir='ltr'>Πρεσϐύτερος.</span> <span class='ocrx_word' id='word_1_110' title='bbox 1073 1669 1158 1721; x_wconf 72' lang='grc' dir='ltr'><strong>ἐὰν</strong></span> <span class='ocrx_word' id='word_1_111' title='bbox 1197 1671 1606 1742; x_wconf 82' lang='grc' dir='ltr'>προημαρτηκώς</span> <span class='ocrx_word' id='word_1_112' title='bbox 1647 1673 1848 1739; x_wconf 81' lang='grc' dir='ltr'>σώματι</span> <span class='ocrx_word' id='word_1_113' title='bbox 1880 1690 2043 1741; x_wconf 68' lang='grc' dir='ltr'>προαο</span> 
     </span>
    </p>
   </div>
   <div class='ocr_carea' id='block_1_17' title="bbox 2152 487 3734 560">
    <p class='ocr_par' dir='ltr' id='par_1_17' title="bbox 2152 487 3734 560">
     <span class='ocr_line' id='line_1_17' title="bbox 2152 487 3734 560; baseline 0.001 -17"><span class='ocrx_word' id='word_1_114' title='bbox 2152 488 2409 559; x_wconf 87' lang='lat' dir='ltr'><strong>baptizari</strong></span> <span class='ocrx_word' id='word_1_115' title='bbox 2430 487 2647 556; x_wconf 83' lang='lat' dir='ltr'><strong>quando</strong></span> <span class='ocrx_word' id='word_1_116' title='bbox 2677 488 2923 543; x_wconf 78' lang='lat' dir='ltr'><strong>voluerit.</strong></span> <span class='ocrx_word' id='word_1_117' title='bbox 2951 487 3093 543; x_wconf 88' lang='lat' dir='ltr'><strong>Nihil</strong></span> <span class='ocrx_word' id='word_1_118' title='bbox 3121 489 3261 542; x_wconf 78' lang='lat' dir='ltr'><strong>enim</strong></span> <span class='ocrx_word' id='word_1_119' title='bbox 3287 489 3338 542; x_wconf 92' lang='lat' dir='ltr'><strong>in</strong></span> <span class='ocrx_word' id='word_1_120' title='bbox 3362 489 3495 556; x_wconf 89' lang='lat' dir='ltr'><strong>hoc,</strong></span> <span class='ocrx_word' id='word_1_121' title='bbox 3519 505 3583 544; x_wconf 90' lang='lat' dir='ltr'><strong>ea</strong></span> <span class='ocrx_word' id='word_1_122' title='bbox 3612 504 3734 560; x_wconf 68' lang='lat' dir='ltr'><strong>quae</strong></span> 
     </span>
    </p>
   </div>
   <div class='ocr_carea' id='block_1_18' title="bbox 2151 580 3730 651">
    <p class='ocr_par' dir='ltr' id='par_1_18' title="bbox 2151 580 3730 651">
     <span class='ocr_line' id='line_1_18' title="bbox 2151 580 3730 651; baseline 0.003 -17"><span class='ocrx_word' id='word_1_123' title='bbox 2151 580 2312 649; x_wconf 90' lang='lat' dir='ltr'><strong>parit,</strong></span> <span class='ocrx_word' id='word_1_124' title='bbox 2339 580 2579 636; x_wconf 90' lang='lat' dir='ltr'><strong>nascenti</strong></span> <span class='ocrx_word' id='word_1_125' title='bbox 2608 581 3005 646; x_wconf 79' lang='lat' dir='ltr'><strong>communicat,</strong></span> <span class='ocrx_word' id='word_1_126' title='bbox 3044 581 3168 649; x_wconf 83' lang='lat' dir='ltr'><strong>quia</strong></span> <span class='ocrx_word' id='word_1_127' title='bbox 3214 581 3493 651; x_wconf 90' lang='lat' dir='ltr'><strong>proprium</strong></span> <span class='ocrx_word' id='word_1_128' title='bbox 3546 583 3730 638; x_wconf 91' lang='lat' dir='ltr'><strong>unius-</strong></span> 
     </span>
    </p>
   </div>
   <div class='ocr_carea' id='block_1_19' title="bbox 2152 670 3557 741">
    <p class='ocr_par' dir='ltr' id='par_1_19' title="bbox 2152 670 3557 741">
     <span class='ocr_line' id='line_1_19' title="bbox 2152 670 3557 741; baseline -0.001 -16"><span class='ocrx_word' id='word_1_129' title='bbox 2152 670 2408 741; x_wconf 82' lang='lat' dir='ltr'><strong>cujusque</strong></span> <span class='ocrx_word' id='word_1_130' title='bbox 2428 671 2764 741; x_wconf 89' lang='lat' dir='ltr'><strong>propositum</strong></span> <span class='ocrx_word' id='word_1_131' title='bbox 2794 671 2847 724; x_wconf 92' lang='lat' dir='ltr'><strong>in</strong></span> <span class='ocrx_word' id='word_1_132' title='bbox 2869 670 3207 727; x_wconf 81' lang='lat' dir='ltr'><strong>confessione</strong></span> <span class='ocrx_word' id='word_1_133' title='bbox 3226 671 3557 728; x_wconf 84' lang='lat' dir='ltr'><strong>ostendatur.</strong></span> 
     </span>
    </p>
   </div>
   <div class='ocr_carea' id='block_1_20' title="bbox 2219 758 3728 832">
    <p class='ocr_par' dir='ltr' id='par_1_20' title="bbox 2219 758 3728 832">
     <span class='ocr_line' id='line_1_20' title="bbox 2219 758 3728 832; baseline 0.004 -19"><span class='ocrx_word' id='word_1_134' title='bbox 2219 758 2329 814; x_wconf 90' lang='lat' dir='ltr'><strong>LII.</strong></span> <span class='ocrx_word' id='word_1_135' title='bbox 2355 759 2644 832; x_wconf 82' lang='lat' dir='ltr'><strong>Presbyter</strong></span> <span class='ocrx_word' id='word_1_136' title='bbox 2671 761 2725 815; x_wconf 92' lang='lat' dir='ltr'><strong>in</strong></span> <span class='ocrx_word' id='word_1_137' title='bbox 2753 760 3087 829; x_wconf 86' lang='lat' dir='ltr'><strong>digamorum</strong></span> <span class='ocrx_word' id='word_1_138' title='bbox 3113 761 3313 830; x_wconf 85' lang='lat' dir='ltr'><strong>nuptiis</strong></span> <span class='ocrx_word' id='word_1_139' title='bbox 3363 777 3432 818; x_wconf 91' lang='lat' dir='ltr'><strong>ne</strong></span> <span class='ocrx_word' id='word_1_140' title='bbox 3477 763 3728 819; x_wconf 90' lang='lat' dir='ltr'><strong>convive-</strong></span> 
     </span>
    </p>
   </div>
   <div class='ocr_carea' id='block_1_21' title="bbox 2149 848 3729 924">
    <p class='ocr_par' dir='ltr' id='par_1_21' title="bbox 2149 848 3729 924">
     <span class='ocr_line' id='line_1_21' title="bbox 2149 848 3729 924; baseline 0.005 -22"><span class='ocrx_word' id='word_1_141' title='bbox 2149 856 2255 905; x_wconf 89' lang='lat' dir='ltr'><strong>tur.</strong></span> <span class='ocrx_word' id='word_1_142' title='bbox 2295 848 2433 904; x_wconf 86' lang='lat' dir='ltr'><strong>Cum</strong></span> <span class='ocrx_word' id='word_1_143' title='bbox 2461 849 2603 904; x_wconf 89' lang='lat' dir='ltr'><strong>enim</strong></span> <span class='ocrx_word' id='word_1_144' title='bbox 2629 850 3000 920; x_wconf 58' lang='lat' dir='ltr'><strong>paenitentiam</strong></span> <span class='ocrx_word' id='word_1_145' title='bbox 3030 851 3271 920; x_wconf 85' lang='lat' dir='ltr'><strong>requirat</strong></span> <span class='ocrx_word' id='word_1_146' title='bbox 3294 852 3559 920; x_wconf 83' lang='lat' dir='ltr'><strong>digamus,</strong></span> <span class='ocrx_word' id='word_1_147' title='bbox 3608 856 3729 924; x_wconf 89' lang='lat' dir='ltr'><strong>quis</strong></span> 
     </span>
    </p>
   </div>
   <div class='ocr_carea' id='block_1_22' title="bbox 2149 939 3726 1016">
    <p class='ocr_par' dir='ltr' id='par_1_22' title="bbox 2149 939 3726 1016">
     <span class='ocr_line' id='line_1_22' title="bbox 2149 939 3726 1016; baseline 0.004 -21"><span class='ocrx_word' id='word_1_148' title='bbox 2149 940 2251 1016; x_wconf 82' lang='lat' dir='ltr'><strong>erit</strong></span> <span class='ocrx_word' id='word_1_149' title='bbox 2271 939 2555 1011; x_wconf 83' lang='lat' dir='ltr'><strong>presbyter</strong></span> <span class='ocrx_word' id='word_1_150' title='bbox 2602 941 2694 1010; x_wconf 89' lang='lat' dir='ltr'><strong>qui</strong></span> <span class='ocrx_word' id='word_1_151' title='bbox 2732 942 2851 996; x_wconf 90' lang='lat' dir='ltr'><strong>illas</strong></span> <span class='ocrx_word' id='word_1_152' title='bbox 2906 941 3119 1011; x_wconf 84' lang='lat' dir='ltr'><strong>nuptias</strong></span> <span class='ocrx_word' id='word_1_153' title='bbox 3166 941 3270 997; x_wconf 90' lang='lat' dir='ltr'><strong>isto</strong></span> <span class='ocrx_word' id='word_1_154' title='bbox 3297 943 3546 1000; x_wconf 90' lang='lat' dir='ltr'><strong>convivio</strong></span> <span class='ocrx_word' id='word_1_155' title='bbox 3575 960 3726 1002; x_wconf 90' lang='lat' dir='ltr'><strong>com-</strong></span> 
     </span>
    </p>
   </div>
   <div class='ocr_carea' id='block_1_23' title="bbox 2148 1030 2376 1100">
    <p class='ocr_par' dir='ltr' id='par_1_23' title="bbox 2148 1030 2376 1100">
     <span class='ocr_line' id='line_1_23' title="bbox 2148 1030 2376 1100; baseline 0 -16"><span class='ocrx_word' id='word_1_156' title='bbox 2148 1030 2376 1100; x_wconf 87' lang='lat' dir='ltr'><strong>probet?</strong></span> 
     </span>
    </p>
   </div>
   <div class='ocr_carea' id='block_1_24' title="bbox 2222 1121 3729 1194">
    <p class='ocr_par' dir='ltr' id='par_1_24' title="bbox 2222 1121 3729 1194">
     <span class='ocr_line' id='line_1_24' title="bbox 2222 1121 3729 1194; baseline 0.006 -19"><span class='ocrx_word' id='word_1_157' title='bbox 2222 1121 2352 1176; x_wconf 89' lang='lat' dir='ltr'><strong>LIII.</strong></span> <span class='ocrx_word' id='word_1_158' title='bbox 2383 1121 2440 1178; x_wconf 89' lang='lat' dir='ltr'><strong>Si</strong></span> <span class='ocrx_word' id='word_1_159' title='bbox 2466 1123 2692 1192; x_wconf 85' lang='lat' dir='ltr'><strong>alicujus</strong></span> <span class='ocrx_word' id='word_1_160' title='bbox 2720 1137 2966 1189; x_wconf 72' lang='lat' dir='ltr'><strong>uxorem,</strong></span> <span class='ocrx_word' id='word_1_161' title='bbox 2997 1139 3117 1179; x_wconf 92' lang='lat' dir='ltr'><strong>cum</strong></span> <span class='ocrx_word' id='word_1_162' title='bbox 3140 1134 3281 1181; x_wconf 84' lang='lat' dir='ltr'><strong>esset</strong></span> <span class='ocrx_word' id='word_1_163' title='bbox 3309 1126 3496 1194; x_wconf 88' lang='lat' dir='ltr'><strong>laicus,</strong></span> <span class='ocrx_word' id='word_1_164' title='bbox 3527 1128 3729 1185; x_wconf 87' lang='lat' dir='ltr'><strong>adulte-</strong></span> 
     </span>
    </p>
   </div>
   <div class='ocr_carea' id='block_1_25' title="bbox 2148 1213 3726 1286">
    <p class='ocr_par' dir='ltr' id='par_1_25' title="bbox 2148 1213 3726 1286">
     <span class='ocr_line' id='line_1_25' title="bbox 2148 1213 3726 1286; baseline 0.004 -18"><span class='ocrx_word' id='word_1_165' title='bbox 2148 1221 2321 1268; x_wconf 87' lang='lat' dir='ltr'><strong>ratam</strong></span> <span class='ocrx_word' id='word_1_166' title='bbox 2347 1213 2510 1269; x_wconf 83' lang='lat' dir='ltr'><strong>I‘uisse</strong></span> <span class='ocrx_word' id='word_1_167' title='bbox 2552 1215 2828 1271; x_wconf 85' lang='lat' dir='ltr'><strong>evidenter</strong></span> <span class='ocrx_word' id='word_1_168' title='bbox 2869 1213 3029 1270; x_wconf 82' lang='lat' dir='ltr'><strong>fuerit</strong></span> <span class='ocrx_word' id='word_1_169' title='bbox 3055 1216 3483 1286; x_wconf 90' lang='lat' dir='ltr'><strong>comprobatum,</strong></span> <span class='ocrx_word' id='word_1_170' title='bbox 3515 1219 3634 1274; x_wconf 89' lang='lat' dir='ltr'><strong>talis</strong></span> <span class='ocrx_word' id='word_1_171' title='bbox 3655 1220 3726 1274; x_wconf 92' lang='lat' dir='ltr'><strong>ad</strong></span> 
     </span>
    </p>
   </div>
   <div class='ocr_carea' id='block_1_26' title="bbox 2148 1306 3722 1376">
    <p class='ocr_par' dir='ltr' id='par_1_26' title="bbox 2148 1306 3722 1376">
     <span class='ocr_line' id='line_1_26' title="bbox 2148 1306 3722 1376; baseline 0.004 -16"><span class='ocrx_word' id='word_1_172' title='bbox 2148 1306 2506 1361; x_wconf 89' lang='lat' dir='ltr'><strong>ministerium</strong></span> <span class='ocrx_word' id='word_1_173' title='bbox 2553 1307 2738 1362; x_wconf 87' lang='lat' dir='ltr'><strong>venire</strong></span> <span class='ocrx_word' id='word_1_174' title='bbox 2785 1322 2892 1362; x_wconf 91' lang='lat' dir='ltr'><strong>non</strong></span> <span class='ocrx_word' id='word_1_175' title='bbox 2949 1315 3148 1376; x_wconf 87' lang='lat' dir='ltr'><strong>potest.</strong></span> <span class='ocrx_word' id='word_1_176' title='bbox 3179 1307 3274 1362; x_wconf 89' lang='lat' dir='ltr'><strong>Sin</strong></span> <span class='ocrx_word' id='word_1_177' title='bbox 3328 1317 3508 1364; x_wconf 89' lang='lat' dir='ltr'><strong>autem</strong></span> <span class='ocrx_word' id='word_1_178' title='bbox 3561 1311 3722 1366; x_wconf 90' lang='lat' dir='ltr'><strong>etiam</strong></span> 
     </span>
    </p>
   </div>
   <div class='ocr_carea' id='block_1_27' title="bbox 2149 1395 3720 1465">
    <p class='ocr_par' dir='ltr' id='par_1_27' title="bbox 2149 1395 3720 1465">
     <span class='ocr_line' id='line_1_27' title="bbox 2149 1395 3720 1465; baseline 0.003 -15"><span class='ocrx_word' id='word_1_179' title='bbox 2149 1403 2273 1465; x_wconf 90' lang='lat' dir='ltr'><strong>post</strong></span> <span class='ocrx_word' id='word_1_180' title='bbox 2301 1395 2696 1452; x_wconf 87' lang='lat' dir='ltr'><strong>ordinationem</strong></span> <span class='ocrx_word' id='word_1_181' title='bbox 2726 1395 3024 1452; x_wconf 87' lang='lat' dir='ltr'><strong>adulterata</strong></span> <span class='ocrx_word' id='word_1_182' title='bbox 3054 1397 3236 1464; x_wconf 82' lang='lat' dir='ltr'><strong>fuerit,</strong></span> <span class='ocrx_word' id='word_1_183' title='bbox 3281 1398 3550 1455; x_wconf 89' lang='lat' dir='ltr'><strong>dimittere</strong></span> <span class='ocrx_word' id='word_1_184' title='bbox 3602 1416 3720 1454; x_wconf 84' lang='lat' dir='ltr'><strong>eam</strong></span> 
     </span>
    </p>
   </div>
   <div class='ocr_carea' id='block_1_28' title="bbox 2148 1487 3721 1560">
    <p class='ocr_par' dir='ltr' id='par_1_28' title="bbox 2148 1487 3721 1560">
     <span class='ocr_line' id='line_1_28' title="bbox 2148 1487 3721 1560; baseline 0.004 -19"><span class='ocrx_word' id='word_1_185' title='bbox 2148 1488 2419 1542; x_wconf 88' lang='lat' dir='ltr'><strong>convenit.</strong></span> <span class='ocrx_word' id='word_1_186' title='bbox 2440 1487 2594 1554; x_wconf 87' lang='lat' dir='ltr'><strong>Quod</strong></span> <span class='ocrx_word' id='word_1_187' title='bbox 2627 1489 2670 1543; x_wconf 90' lang='lat' dir='ltr'><strong>si</strong></span> <span class='ocrx_word' id='word_1_188' title='bbox 2699 1504 2822 1543; x_wconf 91' lang='lat' dir='ltr'><strong>cum</strong></span> <span class='ocrx_word' id='word_1_189' title='bbox 2851 1488 2939 1541; x_wconf 89' lang='lat' dir='ltr'><strong>illa</strong></span> <span class='ocrx_word' id='word_1_190' title='bbox 2971 1489 3289 1555; x_wconf 78' lang='lat' dir='ltr'><strong>convixerit,</strong></span> <span class='ocrx_word' id='word_1_191' title='bbox 3313 1505 3421 1544; x_wconf 92' lang='lat' dir='ltr'><strong>non</strong></span> <span class='ocrx_word' id='word_1_192' title='bbox 3450 1499 3627 1560; x_wconf 89' lang='lat' dir='ltr'><strong>potest</strong></span> <span class='ocrx_word' id='word_1_193' title='bbox 3646 1493 3721 1548; x_wconf 88' lang='lat' dir='ltr'><strong>si-</strong></span> 
     </span>
    </p>
   </div>
   <div class='ocr_carea' id='block_1_29' title="bbox 2149 1569 3482 1634">
    <p class='ocr_par' dir='ltr' id='par_1_29' title="bbox 2149 1569 3482 1634">
     <span class='ocr_line' id='line_1_29' title="bbox 2149 1569 3482 1634; baseline 0 -2"><span class='ocrx_word' id='word_1_194' title='bbox 2149 1577 2202 1632; x_wconf 88' lang='lat' dir='ltr'><strong>bi</strong></span> <span class='ocrx_word' id='word_1_195' title='bbox 2229 1577 2573 1632; x_wconf 89' lang='lat' dir='ltr'><strong>commissum</strong></span> <span class='ocrx_word' id='word_1_196' title='bbox 2599 1578 2954 1632; x_wconf 86' lang='lat' dir='ltr'><strong>ministerium</strong></span> <span class='ocrx_word' id='word_1_197' title='bbox 2984 1578 3197 1634; x_wconf 87' lang='lat' dir='ltr'><strong>habere.</strong></span> <span class='ocrx_word' id='word_1_198' title='bbox 3480 1569 3482 1572; x_wconf 56' lang='grc'><em>’</em></span> 
     </span>
    </p>
   </div>
   <div class='ocr_carea' id='block_1_30' title="bbox 2223 1666 3723 1738">
    <p class='ocr_par' dir='ltr' id='par_1_30' title="bbox 2223 1666 3723 1738">
     <span class='ocr_line' id='line_1_30' title="bbox 2223 1666 3723 1738; baseline 0.005 -19"><span class='ocrx_word' id='word_1_199' title='bbox 2223 1667 2353 1720; x_wconf 85' lang='lat' dir='ltr'><strong>LIV.</strong></span> <span class='ocrx_word' id='word_1_200' title='bbox 2377 1666 2432 1723; x_wconf 92' lang='lat' dir='ltr'><strong>Si</strong></span> <span class='ocrx_word' id='word_1_201' title='bbox 2461 1667 2742 1738; x_wconf 84' lang='lat' dir='ltr'><strong>presbyter</strong></span> <span class='ocrx_word' id='word_1_202' title='bbox 2770 1667 2864 1738; x_wconf 88' lang='lat' dir='ltr'><strong>qui</strong></span> <span class='ocrx_word' id='word_1_203' title='bbox 2888 1669 3167 1737; x_wconf 87' lang='lat' dir='ltr'><strong>corporale</strong></span> <span class='ocrx_word' id='word_1_204' title='bbox 3190 1677 3468 1737; x_wconf 87' lang='lat' dir='ltr'><strong>peccatum</strong></span> <span class='ocrx_word' id='word_1_205' title='bbox 3498 1670 3723 1726; x_wconf 87' lang='lat' dir='ltr'><strong>admise-</strong></span> 
     </span>
    </p>
   </div>
   <div class='ocr_carea' id='block_1_31' title="bbox 472 1754 2032 1833">
    <p class='ocr_par' dir='ltr' id='par_1_31' title="bbox 472 1755 2032 1833">
     <span class='ocr_line' id='line_1_31' title="bbox 472 1755 2032 1833; baseline 0.006 -27"><span class='ocrx_word' id='word_1_206' title='bbox 472 1756 600 1826; x_wconf 79' lang='grc' dir='ltr'>χθῇ,</span> <span class='ocrx_word' id='word_1_207' title='bbox 630 1759 712 1809; x_wconf 84' lang='grc' dir='ltr'>καὶ</span> <span class='ocrx_word' id='word_1_208' title='bbox 751 1755 1031 1830; x_wconf 73' lang='grc' dir='ltr'>ὁμολογήσῃ</span> <span class='ocrx_word' id='word_1_209' title='bbox 1060 1755 1137 1812; x_wconf 85' lang='grc' dir='ltr'>ὅτι</span> <span class='ocrx_word' id='word_1_210' title='bbox 1185 1760 1407 1830; x_wconf 77' lang='grc' dir='ltr'>ἥμαρτεν</span> <span class='ocrx_word' id='word_1_211' title='bbox 1445 1760 1545 1833; x_wconf 82' lang='grc' dir='ltr'>πρὸ</span> <span class='ocrx_word' id='word_1_212' title='bbox 1573 1767 1662 1819; x_wconf 81' lang='grc' dir='ltr'>τῆς</span> <span class='ocrx_word' id='word_1_213' title='bbox 1695 1761 2032 1833; x_wconf 74' lang='grc' dir='ltr'>χειροτονίας·</span> 
     </span>
    </p>
   </div>
   <div class='ocr_carea' id='block_1_32' title="bbox 2150 1754 3721 1833">
    <p class='ocr_par' dir='ltr' id='par_1_32' title="bbox 2150 1754 3721 1827">
     <span class='ocr_line' id='line_1_32' title="bbox 2150 1754 3721 1827; baseline 0.004 -19"><span class='ocrx_word' id='word_1_214' title='bbox 2150 1754 2235 1819; x_wconf 88' lang='lat' dir='ltr'><strong>rit,</strong></span> <span class='ocrx_word' id='word_1_215' title='bbox 2261 1762 2542 1825; x_wconf 88' lang='lat' dir='ltr'><strong>promotus</strong></span> <span class='ocrx_word' id='word_1_216' title='bbox 2569 1754 2748 1820; x_wconf 82' lang='lat' dir='ltr'><strong>fuerit,</strong></span> <span class='ocrx_word' id='word_1_217' title='bbox 2801 1763 2857 1809; x_wconf 90' lang='lat' dir='ltr'><strong>et</strong></span> <span class='ocrx_word' id='word_1_218' title='bbox 2909 1755 3186 1811; x_wconf 80' lang='lat' dir='ltr'><strong>confessus</strong></span> <span class='ocrx_word' id='word_1_219' title='bbox 3211 1755 3394 1824; x_wconf 82' lang='lat' dir='ltr'><strong>fuerit,</strong></span> <span class='ocrx_word' id='word_1_220' title='bbox 3426 1759 3570 1827; x_wconf 84' lang='lat' dir='ltr'><strong>quod</strong></span> <span class='ocrx_word' id='word_1_221' title='bbox 3599 1769 3721 1814; x_wconf 90' lang='lat' dir='ltr'><strong>ante</strong></span> 
     </span>
    </p>
   </div>
   <div class='ocr_carea' id='block_1_33' title="bbox 469 1848 2042 1920">
    <p class='ocr_par' dir='ltr' id='par_1_33' title="bbox 469 1848 2042 1920">
     <span class='ocr_line' id='line_1_33' title="bbox 469 1848 2042 1920; baseline 0.003 -21"><span class='ocrx_word' id='word_1_222' title='bbox 469 1850 536 1916; x_wconf 82' lang='grc' dir='ltr'><strong><em>μή</em></strong></span> <span class='ocrx_word' id='word_1_223' title='bbox 578 1848 925 1920; x_wconf 73' lang='grc' dir='ltr'>προσφερὶτω,</span> <span class='ocrx_word' id='word_1_224' title='bbox 971 1849 1128 1918; x_wconf 76' lang='grc' dir='ltr'>μένων</span> <span class='ocrx_word' id='word_1_225' title='bbox 1155 1849 1202 1901; x_wconf 80' lang='grc' dir='ltr'>ἐν</span> <span class='ocrx_word' id='word_1_226' title='bbox 1232 1858 1341 1910; x_wconf 83' lang='grc' dir='ltr'>τοῖς</span> <span class='ocrx_word' id='word_1_227' title='bbox 1377 1849 1594 1912; x_wconf 79' lang='grc' dir='ltr'>λοιποῖς,</span> <span class='ocrx_word' id='word_1_228' title='bbox 1639 1848 1720 1903; x_wconf 79' lang='grc' dir='ltr'>διὰ</span> <span class='ocrx_word' id='word_1_229' title='bbox 1762 1855 1851 1909; x_wconf 77' lang='grc' dir='ltr'>τήν</span> <span class='ocrx_word' id='word_1_230' title='bbox 1896 1849 2042 1910; x_wconf 85' lang='grc' dir='ltr'>ἄλλην</span> 
     </span>
    </p>
   </div>
   <div class='ocr_carea' id='block_1_34' title="bbox 466 1935 2042 2016">
    <p class='ocr_par' dir='ltr' id='par_1_34' title="bbox 466 1935 2042 2016">
     <span class='ocr_line' id='line_1_34' title="bbox 466 1935 2042 2016; baseline 0.004 -26"><span class='ocrx_word' id='word_1_231' title='bbox 466 1935 715 1995; x_wconf 75' lang='grc' dir='ltr'>σπουδήν.</span> <span class='ocrx_word' id='word_1_232' title='bbox 742 1939 816 1991; x_wconf 82' lang='grc' dir='ltr'>Τά</span> <span class='ocrx_word' id='word_1_233' title='bbox 842 1939 942 2012; x_wconf 73' lang='grc' dir='ltr'>γάρ</span> <span class='ocrx_word' id='word_1_234' title='bbox 970 1938 1122 1992; x_wconf 84' lang='grc' dir='ltr'>λοιπά</span> <span class='ocrx_word' id='word_1_235' title='bbox 1160 1936 1362 2010; x_wconf 80' lang='grc' dir='ltr'>[πολλὰ]</span> <span class='ocrx_word' id='word_1_236' title='bbox 1406 1939 1749 2016; x_wconf 78' lang='grc' dir='ltr'>ἁμαρτήματα</span> <span class='ocrx_word' id='word_1_237' title='bbox 1775 1938 1965 2012; x_wconf 73' lang='grc' dir='ltr'>ἔφασαν</span> <span class='ocrx_word' id='word_1_238' title='bbox 1998 1944 2042 1997; x_wconf 82' lang='grc' dir='ltr'>οἱ</span> 
     </span>
    </p>
   </div>
   <div class='ocr_carea' id='block_1_35' title="bbox 468 2028 2042 2104">
    <p class='ocr_par' dir='ltr' id='par_1_35' title="bbox 468 2028 2042 2104">
     <span class='ocr_line' id='line_1_35' title="bbox 468 2028 2042 2104; baseline 0.004 -21"><span class='ocrx_word' id='word_1_239' title='bbox 468 2028 640 2083; x_wconf 67' lang='grc' dir='ltr'>πολλκὶ</span> <span class='ocrx_word' id='word_1_240' title='bbox 678 2031 762 2083; x_wconf 83' lang='grc' dir='ltr'><strong>καί</strong></span> <span class='ocrx_word' id='word_1_241' title='bbox 808 2035 898 2088; x_wconf 77' lang='grc' dir='ltr'><strong>τήν</strong></span> <span class='ocrx_word' id='word_1_242' title='bbox 936 2031 1254 2104; x_wconf 76' lang='grc' dir='ltr'>χειροθεσίαν</span> <span class='ocrx_word' id='word_1_243' title='bbox 1294 2034 1505 2102; x_wconf 79' lang='grc' dir='ltr'>ἀφιέναι.</span> <span class='ocrx_word' id='word_1_244' title='bbox 1537 2035 1645 2087; x_wconf 83' lang='grc' dir='ltr'>Ἐάν</span> <span class='ocrx_word' id='word_1_245' title='bbox 1685 2030 1740 2086; x_wconf 81' lang='grc' dir='ltr'>δὲ</span> <span class='ocrx_word' id='word_1_246' title='bbox 1775 2033 1933 2094; x_wconf 77' lang='grc' dir='ltr'>αὐτὸς</span> <span class='ocrx_word' id='word_1_247' title='bbox 1973 2039 2042 2104; x_wconf 82' lang='grc' dir='ltr'><strong><em>μή</em></strong></span> 
     </span>
    </p>
   </div>
   <div class='ocr_carea' id='block_1_36' title="bbox 467 2116 2041 2196">
    <p class='ocr_par' dir='ltr' id='par_1_36' title="bbox 467 2116 2041 2196">
     <span class='ocr_line' id='line_1_36' title="bbox 467 2116 2041 2196; baseline 0.005 -26"><span class='ocrx_word' id='word_1_248' title='bbox 467 2116 706 2196; x_wconf 73' lang='grc' dir='ltr'>ὁμολογῇ,</span> <span class='ocrx_word' id='word_1_249' title='bbox 751 2119 1048 2196; x_wconf 75' lang='grc' dir='ltr'>ἐλεγχθῆναι</span> <span class='ocrx_word' id='word_1_250' title='bbox 1091 2119 1145 2174; x_wconf 75' lang='grc' dir='ltr'>δὲ</span> <span class='ocrx_word' id='word_1_251' title='bbox 1185 2129 1408 2193; x_wconf 80' lang='grc' dir='ltr'>φανερῶς</span> <span class='ocrx_word' id='word_1_252' title='bbox 1435 2128 1503 2191; x_wconf 81' lang='grc' dir='ltr'><strong>μη</strong></span> <span class='ocrx_word' id='word_1_253' title='bbox 1532 2121 1754 2195; x_wconf 78' lang='grc' dir='ltr'>δυνηθῇ,</span> <span class='ocrx_word' id='word_1_254' title='bbox 1790 2122 1870 2178; x_wconf 68' lang='grc' dir='ltr'><strong>ἐπ’</strong></span> <span class='ocrx_word' id='word_1_255' title='bbox 1908 2125 2041 2192; x_wconf 79' lang='grc' dir='ltr'><strong>αὖτῷ</strong></span> 
     </span>
    </p>
   </div>
   <div class='ocr_carea' id='block_1_37' title="bbox 467 2195 1341 2280">
    <p class='ocr_par' dir='ltr' id='par_1_37' title="bbox 467 2211 1296 2280">
     <span class='ocr_line' id='line_1_37' title="bbox 467 2211 1296 2280; baseline 0.002 -17"><span class='ocrx_word' id='word_1_256' title='bbox 467 2211 634 2280; x_wconf 69' lang='grc' dir='ltr'>ἐκεζνῳ</span> <span class='ocrx_word' id='word_1_257' title='bbox 658 2213 916 2268; x_wconf 83' lang='grc' dir='ltr'>ποιεῖσθαι</span> <span class='ocrx_word' id='word_1_258' title='bbox 939 2216 1025 2270; x_wconf 76' lang='grc' dir='ltr'>τήν</span> <span class='ocrx_word' id='word_1_259' title='bbox 1050 2213 1296 2276; x_wconf 73' lang='grc' dir='ltr'>ἐξουσίαν.</span> 
     </span>
    </p>
   </div>
   <div class='ocr_carea' id='block_1_38' title="bbox 535 2383 2037 2461">
    <p class='ocr_par' dir='ltr' id='par_1_38' title="bbox 535 2383 2037 2461">
     <span class='ocr_line' id='line_1_38' title="bbox 535 2383 2037 2461; baseline 0.003 -23"><span class='ocrx_word' id='word_1_260' title='bbox 535 2386 619 2443; x_wconf 82' lang='grc' dir='ltr'>νε”.</span> <span class='ocrx_word' id='word_1_261' title='bbox 662 2385 873 2453; x_wconf 80' lang='grc' dir='ltr'>Ὁμοίως</span> <span class='ocrx_word' id='word_1_262' title='bbox 903 2386 988 2438; x_wconf 84' lang='grc' dir='ltr'>καὶ</span> <span class='ocrx_word' id='word_1_263' title='bbox 1023 2383 1246 2446; x_wconf 83' lang='grc' dir='ltr'>διάκονος</span> <span class='ocrx_word' id='word_1_264' title='bbox 1285 2391 1328 2440; x_wconf 86' lang='grc' dir='ltr'><strong>εἰ</strong></span> <span class='ocrx_word' id='word_1_265' title='bbox 1359 2387 1406 2438; x_wconf 87' lang='grc' dir='ltr'>ἐν</span> <span class='ocrx_word' id='word_1_266' title='bbox 1448 2393 1520 2454; x_wconf 82' lang='grc' dir='ltr'>τῷ</span> <span class='ocrx_word' id='word_1_267' title='bbox 1551 2389 1686 2456; x_wconf 83' lang='grc' dir='ltr'>αὐτῷ</span> <span class='ocrx_word' id='word_1_268' title='bbox 1716 2387 2037 2461; x_wconf 78' lang='grc' dir='ltr'>ἁμαρτήματι</span> 
     </span>
    </p>
   </div>
   <div class='ocr_carea' id='block_1_39' title="bbox 464 2473 1616 2548">
    <p class='ocr_par' dir='ltr' id='par_1_39' title="bbox 464 2473 1616 2548">
     <span class='ocr_line' id='line_1_39' title="bbox 464 2473 1616 2548; baseline 0.002 -22"><span class='ocrx_word' id='word_1_269' title='bbox 464 2473 736 2548; x_wconf 73' lang='grc' dir='ltr'>περιπέσῃ.</span> <span class='ocrx_word' id='word_1_270' title='bbox 765 2478 855 2530; x_wconf 68' lang='grc' dir='ltr'>τήν</span> <span class='ocrx_word' id='word_1_271' title='bbox 874 2480 961 2528; x_wconf 87' lang='grc' dir='ltr'>τοῦ</span> <span class='ocrx_word' id='word_1_272' title='bbox 989 2477 1242 2547; x_wconf 81' lang='grc' dir='ltr'>ὑπηρέτου</span> <span class='ocrx_word' id='word_1_273' title='bbox 1267 2476 1403 2538; x_wconf 81' lang='grc' dir='ltr'>τάξιν</span> <span class='ocrx_word' id='word_1_274' title='bbox 1431 2475 1616 2544; x_wconf 72' lang='grc' dir='ltr'>ἐχέτω.</span> 
     </span>
    </p>
   </div>
   <div class='ocr_carea' id='block_1_40' title="bbox 531 2561 2036 2639">
    <p class='ocr_par' dir='ltr' id='par_1_40' title="bbox 531 2561 2036 2639">
     <span class='ocr_line' id='line_1_40' title="bbox 531 2561 2036 2639; baseline 0.005 -24"><span class='ocrx_word' id='word_1_275' title='bbox 531 2561 625 2624; x_wconf 88' lang='grc' dir='ltr'>νς-’.</span> <span class='ocrx_word' id='word_1_276' title='bbox 666 2564 1014 2636; x_wconf 82' lang='grc' dir='ltr'>Πρεσϐύτερος</span> <span class='ocrx_word' id='word_1_277' title='bbox 1038 2566 1138 2638; x_wconf 81' lang='grc' dir='ltr'>πρὸ</span> <span class='ocrx_word' id='word_1_278' title='bbox 1167 2571 1268 2618; x_wconf 85' lang='grc' dir='ltr'>τῶν</span> <span class='ocrx_word' id='word_1_279' title='bbox 1313 2565 1585 2637; x_wconf 79' lang='grc' dir='ltr'>τριάκοντα</span> <span class='ocrx_word' id='word_1_280' title='bbox 1613 2566 1734 2620; x_wconf 85' lang='grc' dir='ltr'>ἐτῶν</span> <span class='ocrx_word' id='word_1_281' title='bbox 1761 2572 1830 2636; x_wconf 76' lang='grc' dir='ltr'>μὴ</span> <span class='ocrx_word' id='word_1_282' title='bbox 1863 2587 2036 2639; x_wconf 87' lang='grc' dir='ltr'>χειρο-</span> 
     </span>
    </p>
   </div>
   <div class='ocr_carea' id='block_1_41' title="bbox 460 2653 2034 2730">
    <p class='ocr_par' dir='ltr' id='par_1_41' title="bbox 460 2653 2034 2730">
     <span class='ocr_line' id='line_1_41' title="bbox 460 2653 2034 2730; baseline 0.004 -24"><span class='ocrx_word' id='word_1_283' title='bbox 460 2655 716 2720; x_wconf 86' lang='grc' dir='ltr'>τονείσθω,</span> <span class='ocrx_word' id='word_1_284' title='bbox 741 2655 822 2709; x_wconf 75' lang='grc' dir='ltr'><strong>ἐὰν</strong></span> <span class='ocrx_word' id='word_1_285' title='bbox 850 2659 934 2710; x_wconf 84' lang='grc' dir='ltr'>καὶ</span> <span class='ocrx_word' id='word_1_286' title='bbox 955 2656 1086 2711; x_wconf 87' lang='grc' dir='ltr'>πάνυ</span> <span class='ocrx_word' id='word_1_287' title='bbox 1173 2655 1197 2708; x_wconf 83' lang='grc' dir='ltr'>ὁ</span> <span class='ocrx_word' id='word_1_288' title='bbox 1221 2653 1482 2729; x_wconf 77' lang='grc' dir='ltr'>ἅνθρωπος</span> <span class='ocrx_word' id='word_1_289' title='bbox 1509 2654 1665 2723; x_wconf 79' lang='grc' dir='ltr'>ἄξιος,</span> <span class='ocrx_word' id='word_1_290' title='bbox 1696 2658 1818 2712; x_wconf 77' lang='grc' dir='ltr'>ἀλλὰ</span> <span class='ocrx_word' id='word_1_291' title='bbox 1843 2660 2034 2717; x_wconf 76' lang='grc' dir='ltr'>ἀποτη-</span> 
     </span>
    </p>
   </div>
   <div class='ocr_carea' id='block_1_42' title="bbox 459 2747 2034 2823">
    <p class='ocr_par' dir='ltr' id='par_1_42' title="bbox 459 2747 2034 2823">
     <span class='ocr_line' id='line_1_42' title="bbox 459 2747 2034 2823; baseline 0.001 -21"><span class='ocrx_word' id='word_1_292' title='bbox 459 2749 664 2823; x_wconf 86' lang='grc' dir='ltr'>ρείσθω.</span> <span class='ocrx_word' id='word_1_293' title='bbox 699 2757 754 2800; x_wconf 84' lang='lat'><strong>‘0</strong></span> <span class='ocrx_word' id='word_1_294' title='bbox 787 2749 884 2823; x_wconf 71' lang='grc' dir='ltr'><strong>γὰρ</strong></span> <span class='ocrx_word' id='word_1_295' title='bbox 907 2749 1073 2821; x_wconf 78' lang='grc' dir='ltr'>κύριος</span> <span class='ocrx_word' id='word_1_296' title='bbox 1095 2747 1287 2806; x_wconf 81' lang='grc' dir='ltr'>ἰησοῦς</span> <span class='ocrx_word' id='word_1_297' title='bbox 1327 2748 1543 2817; x_wconf 82' lang='grc' dir='ltr'>Χριστὸς</span> <span class='ocrx_word' id='word_1_298' title='bbox 1574 2748 1622 2799; x_wconf 78' lang='grc' dir='ltr'>ἐν</span> <span class='ocrx_word' id='word_1_299' title='bbox 1650 2755 1722 2819; x_wconf 85' lang='grc' dir='ltr'>τῷ</span> <span class='ocrx_word' id='word_1_300' title='bbox 1751 2756 2034 2821; x_wconf 85' lang='grc' dir='ltr'>τριακοστῷ</span> 
     </span>
    </p>
   </div>
   <div class='ocr_carea' id='block_1_43' title="bbox 457 2836 1794 2912">
    <p class='ocr_par' dir='ltr' id='par_1_43' title="bbox 457 2836 1794 2912">
     <span class='ocr_line' id='line_1_43' title="bbox 457 2836 1794 2912; baseline -0.001 -18"><span class='ocrx_word' id='word_1_301' title='bbox 457 2840 560 2896; x_wconf 66' lang='grc' dir='ltr'>ἔτει</span> <span class='ocrx_word' id='word_1_302' title='bbox 579 2841 825 2912; x_wconf 66' lang='grc' dir='ltr'>ἐφωτίσθη</span> <span class='ocrx_word' id='word_1_303' title='bbox 853 2837 1196 2911; x_wconf 57' lang='lat' dir='ltr'><strong>[team-15.0032],</strong></span> <span class='ocrx_word' id='word_1_304' title='bbox 1223 2840 1309 2891; x_wconf 84' lang='grc' dir='ltr'>καὶ</span> <span class='ocrx_word' id='word_1_305' title='bbox 1334 2837 1517 2912; x_wconf 73' lang='grc' dir='ltr'>ἤρξατο</span> <span class='ocrx_word' id='word_1_306' title='bbox 1543 2836 1794 2892; x_wconf 77' lang='grc' dir='ltr'>διδάσκειν</span> 
     </span>
    </p>
   </div>
   <div class='ocr_carea' id='block_1_44' title="bbox 525 2924 2036 3006">
    <p class='ocr_par' dir='ltr' id='par_1_44' title="bbox 525 2924 2036 3006">
     <span class='ocr_line' id='line_1_44' title="bbox 525 2924 2036 3006; baseline 0.003 -25"><span class='ocrx_word' id='word_1_307' title='bbox 525 2929 612 2992; x_wconf 76' lang='grc' dir='ltr'>νζ.</span> <span class='ocrx_word' id='word_1_308' title='bbox 644 2931 754 2983; x_wconf 85' lang='grc' dir='ltr'>Ἐάν</span> <span class='ocrx_word' id='word_1_309' title='bbox 779 2934 940 2991; x_wconf 80' lang='grc' dir='ltr'>νοσῶν</span> <span class='ocrx_word' id='word_1_310' title='bbox 964 2948 1040 2989; x_wconf 84' lang='grc' dir='ltr'><strong>τις</strong></span> <span class='ocrx_word' id='word_1_311' title='bbox 1055 2930 1292 3000; x_wconf 77' lang='grc' dir='ltr'>φωτισθῇ,</span> <span class='ocrx_word' id='word_1_312' title='bbox 1318 2928 1386 2987; x_wconf 85' lang='grc' dir='ltr'><strong>εἰς</strong></span> <span class='ocrx_word' id='word_1_313' title='bbox 1412 2924 1758 3006; x_wconf 85' lang='grc' dir='ltr'>πρεσϐύτερον</span> <span class='ocrx_word' id='word_1_314' title='bbox 1784 2927 2036 3003; x_wconf 88' lang='grc' dir='ltr'>[πρεσϐυ-</span> 
     </span>
    </p>
   </div>
   <div class='ocr_carea' id='block_1_45' title="bbox 453 3015 2034 3100">
    <p class='ocr_par' dir='ltr' id='par_1_45' title="bbox 453 3015 2034 3100">
     <span class='ocr_line' id='line_1_45' title="bbox 453 3015 2034 3100; baseline 0.001 -28"><span class='ocrx_word' id='word_1_315' title='bbox 453 3017 668 3094; x_wconf 73' lang='grc' dir='ltr'>τερεῐονι</span> <span class='ocrx_word' id='word_1_316' title='bbox 690 3015 903 3091; x_wconf 74' lang='grc' dir='ltr'>ἄγεσθαι</span> <span class='ocrx_word' id='word_1_317' title='bbox 929 3019 988 3071; x_wconf 80' lang='grc' dir='ltr'><strong>ού</strong></span> <span class='ocrx_word' id='word_1_318' title='bbox 1018 3016 1250 3082; x_wconf 67' lang='grc' dir='ltr'>δίναται,</span> <span class='ocrx_word' id='word_1_319' title='bbox 1290 3020 1376 3072; x_wconf 81' lang='grc' dir='ltr'>οὐκ</span> <span class='ocrx_word' id='word_1_320' title='bbox 1409 3020 1464 3073; x_wconf 81' lang='grc' dir='ltr'>ἐκ</span> <span class='ocrx_word' id='word_1_321' title='bbox 1492 3021 1837 3094; x_wconf 80' lang='grc' dir='ltr'>προαιρέσεως</span> <span class='ocrx_word' id='word_1_322' title='bbox 1877 3022 1972 3100; x_wconf 67' lang='grc' dir='ltr'><strong>γὰρ</strong></span> <span class='ocrx_word' id='word_1_323' title='bbox 2003 3024 2034 3081; x_wconf 84' lang='grc' dir='ltr'>ἡ</span> 
     </span>
    </p>
   </div>
   <div class='ocr_carea' id='block_1_46' title="bbox 2146 1843 3721 1914">
    <p class='ocr_par' dir='ltr' id='par_1_46' title="bbox 2146 1843 3721 1914">
     <span class='ocr_line' id='line_1_46' title="bbox 2146 1843 3721 1914; baseline 0.004 -16"><span class='ocrx_word' id='word_1_324' title='bbox 2146 1843 2539 1900; x_wconf 87' lang='lat' dir='ltr'><strong>ordinationem</strong></span> <span class='ocrx_word' id='word_1_325' title='bbox 2585 1844 2936 1914; x_wconf 83' lang='lat' dir='ltr'><strong>peccaverit:</strong></span> <span class='ocrx_word' id='word_1_326' title='bbox 2967 1860 3073 1899; x_wconf 92' lang='lat' dir='ltr'><strong>non</strong></span> <span class='ocrx_word' id='word_1_327' title='bbox 3122 1845 3346 1914; x_wconf 72' lang='lat' dir='ltr'><strong>olferat,</strong></span> <span class='ocrx_word' id='word_1_328' title='bbox 3394 1862 3617 1904; x_wconf 87' lang='lat' dir='ltr'><strong>manens</strong></span> <span class='ocrx_word' id='word_1_329' title='bbox 3667 1852 3721 1904; x_wconf 91' lang='lat' dir='ltr'><strong>in</strong></span> 
     </span>
    </p>
   </div>
   <div class='ocr_carea' id='block_1_47' title="bbox 2147 1934 3721 2008">
    <p class='ocr_par' dir='ltr' id='par_1_47' title="bbox 2147 1934 3721 2008">
     <span class='ocr_line' id='line_1_47' title="bbox 2147 1934 3721 2008; baseline 0.006 -21"><span class='ocrx_word' id='word_1_330' title='bbox 2147 1935 2288 1998; x_wconf 88' lang='lat' dir='ltr'><strong>aliis,</strong></span> <span class='ocrx_word' id='word_1_331' title='bbox 2319 1947 2544 2005; x_wconf 83' lang='lat' dir='ltr'><strong>propter</strong></span> <span class='ocrx_word' id='word_1_332' title='bbox 2568 1935 2714 1989; x_wconf 87' lang='lat' dir='ltr'><strong>aliud</strong></span> <span class='ocrx_word' id='word_1_333' title='bbox 2741 1934 2858 2004; x_wconf 89' lang='lat' dir='ltr'><strong>ejus</strong></span> <span class='ocrx_word' id='word_1_334' title='bbox 2886 1935 3009 1990; x_wconf 73' lang='lat' dir='ltr'><strong>vita:</strong></span> <span class='ocrx_word' id='word_1_335' title='bbox 3035 1937 3296 2005; x_wconf 90' lang='lat' dir='ltr'><strong>studium;</strong></span> <span class='ocrx_word' id='word_1_336' title='bbox 3327 1938 3531 2008; x_wconf 89' lang='lat' dir='ltr'><strong>reliqua</strong></span> <span class='ocrx_word' id='word_1_337' title='bbox 3577 1943 3721 1997; x_wconf 89' lang='lat' dir='ltr'><strong>enim</strong></span> 
     </span>
    </p>
   </div>
   <div class='ocr_carea' id='block_1_48' title="bbox 2145 2024 3720 2100">
    <p class='ocr_par' dir='ltr' id='par_1_48' title="bbox 2145 2024 3720 2100">
     <span class='ocr_line' id='line_1_48' title="bbox 2145 2024 3720 2100; baseline 0.008 -23"><span class='ocrx_word' id='word_1_338' title='bbox 2145 2033 2365 2094; x_wconf 90' lang='lat' dir='ltr'><strong>peccata</strong></span> <span class='ocrx_word' id='word_1_339' title='bbox 2407 2024 2661 2080; x_wconf 83' lang='lat' dir='ltr'><strong>dixerunt</strong></span> <span class='ocrx_word' id='word_1_340' title='bbox 2708 2025 2862 2080; x_wconf 90' lang='lat' dir='ltr'><strong>multi</strong></span> <span class='ocrx_word' id='word_1_341' title='bbox 2917 2041 3014 2094; x_wconf 86' lang='lat' dir='ltr'><strong>per</strong></span> <span class='ocrx_word' id='word_1_342' title='bbox 3068 2042 3260 2083; x_wconf 88' lang='lat' dir='ltr'><strong>manus</strong></span> <span class='ocrx_word' id='word_1_343' title='bbox 3325 2029 3720 2100; x_wconf 89' lang='lat' dir='ltr'><strong>impositionem</strong></span> 
     </span>
    </p>
   </div>
   <div class='ocr_carea' id='block_1_49' title="bbox 2146 2111 3719 2189">
    <p class='ocr_par' dir='ltr' id='par_1_49' title="bbox 2146 2111 3719 2189">
     <span class='ocr_line' id='line_1_49' title="bbox 2146 2111 3719 2189; baseline 0.009 -24"><span class='ocrx_word' id='word_1_344' title='bbox 2146 2111 2280 2166; x_wconf 90' lang='lat' dir='ltr'><strong>tolli.</strong></span> <span class='ocrx_word' id='word_1_345' title='bbox 2303 2112 2460 2180; x_wconf 79' lang='lat' dir='ltr'><strong>Quod</strong></span> <span class='ocrx_word' id='word_1_346' title='bbox 2506 2114 2552 2168; x_wconf 89' lang='lat' dir='ltr'><strong>si</strong></span> <span class='ocrx_word' id='word_1_347' title='bbox 2598 2115 2713 2183; x_wconf 90' lang='lat' dir='ltr'><strong>ipse</strong></span> <span class='ocrx_word' id='word_1_348' title='bbox 2764 2129 2873 2170; x_wconf 92' lang='lat' dir='ltr'><strong>non</strong></span> <span class='ocrx_word' id='word_1_349' title='bbox 2920 2115 3259 2185; x_wconf 85' lang='lat' dir='ltr'><strong>conﬁteatur,</strong></span> <span class='ocrx_word' id='word_1_350' title='bbox 3305 2129 3491 2189; x_wconf 87' lang='lat' dir='ltr'><strong>aperte</strong></span> <span class='ocrx_word' id='word_1_351' title='bbox 3541 2133 3719 2179; x_wconf 89' lang='lat' dir='ltr'><strong>autem</strong></span> 
     </span>
    </p>
   </div>
   <div class='ocr_carea' id='block_1_50' title="bbox 2149 2203 3718 2278">
    <p class='ocr_par' dir='ltr' id='par_1_50' title="bbox 2149 2203 3718 2278">
     <span class='ocr_line' id='line_1_50' title="bbox 2149 2203 3718 2278; baseline 0.008 -22"><span class='ocrx_word' id='word_1_352' title='bbox 2149 2203 2399 2258; x_wconf 83' lang='lat' dir='ltr'><strong>convinci</strong></span> <span class='ocrx_word' id='word_1_353' title='bbox 2428 2218 2536 2259; x_wconf 89' lang='lat' dir='ltr'><strong>non</strong></span> <span class='ocrx_word' id='word_1_354' title='bbox 2561 2205 2820 2274; x_wconf 89' lang='lat' dir='ltr'><strong>potuerit,</strong></span> <span class='ocrx_word' id='word_1_355' title='bbox 2852 2207 3134 2275; x_wconf 87' lang='lat' dir='ltr'><strong>potestatis</strong></span> <span class='ocrx_word' id='word_1_356' title='bbox 3159 2221 3269 2262; x_wconf 62' lang='lat' dir='ltr'><strong>suae</strong></span> <span class='ocrx_word' id='word_1_357' title='bbox 3308 2207 3510 2278; x_wconf 91' lang='lat' dir='ltr'><strong>judicio</strong></span> <span class='ocrx_word' id='word_1_358' title='bbox 3557 2213 3718 2268; x_wconf 88' lang='lat' dir='ltr'><strong>relin-</strong></span> 
     </span>
    </p>
   </div>
   <div class='ocr_carea' id='block_1_51' title="bbox 2143 2302 3560 2364">
    <p class='ocr_par' dir='ltr' id='par_1_51' title="bbox 2143 2302 3560 2364">
     <span class='ocr_line' id='line_1_51' title="bbox 2143 2302 3560 2364; baseline 0.006 -16"><span class='ocrx_word' id='word_1_359' title='bbox 2143 2302 2355 2364; x_wconf 88' lang='lat' dir='ltr'><strong>quatur.</strong></span> <span class='ocrx_word' id='word_1_360' title='bbox 3550 2348 3560 2356; x_wconf 90' lang='lat'><strong>.</strong></span> 
     </span>
    </p>
   </div>
   <div class='ocr_carea' id='block_1_52' title="bbox 2215 2385 3715 2463">
    <p class='ocr_par' dir='ltr' id='par_1_52' title="bbox 2215 2385 3715 2463">
     <span class='ocr_line' id='line_1_52' title="bbox 2215 2385 3715 2463; baseline 0.009 -24"><span class='ocrx_word' id='word_1_361' title='bbox 2215 2385 2323 2441; x_wconf 80' lang='lat' dir='ltr'><strong>LV.</strong></span> <span class='ocrx_word' id='word_1_362' title='bbox 2373 2385 2633 2443; x_wconf 89' lang='lat' dir='ltr'><strong>Similiter</strong></span> <span class='ocrx_word' id='word_1_363' title='bbox 2670 2397 2726 2443; x_wconf 93' lang='lat' dir='ltr'><strong>et</strong></span> <span class='ocrx_word' id='word_1_364' title='bbox 2767 2388 3043 2455; x_wconf 89' lang='lat' dir='ltr'><strong>diaconus,</strong></span> <span class='ocrx_word' id='word_1_365' title='bbox 3074 2391 3120 2445; x_wconf 89' lang='lat' dir='ltr'><strong>si</strong></span> <span class='ocrx_word' id='word_1_366' title='bbox 3163 2391 3217 2445; x_wconf 91' lang='lat' dir='ltr'><strong>in</strong></span> <span class='ocrx_word' id='word_1_367' title='bbox 3251 2391 3392 2447; x_wconf 89' lang='lat' dir='ltr'><strong>idem</strong></span> <span class='ocrx_word' id='word_1_368' title='bbox 3437 2385 3715 2463; x_wconf 77' lang='lat' dir='ltr'><strong>peccat&#39;um</strong></span> 
     </span>
    </p>
   </div>
   <div class='ocr_carea' id='block_1_53' title="bbox 2141 2475 3185 2544">
    <p class='ocr_par' dir='ltr' id='par_1_53' title="bbox 2141 2475 3185 2544">
     <span class='ocr_line' id='line_1_53' title="bbox 2141 2475 3185 2544; baseline 0.003 -14"><span class='ocrx_word' id='word_1_369' title='bbox 2141 2475 2411 2544; x_wconf 88' lang='lat' dir='ltr'><strong>inciderit,</strong></span> <span class='ocrx_word' id='word_1_370' title='bbox 2443 2477 2672 2533; x_wconf 89' lang='lat' dir='ltr'><strong>ministri</strong></span> <span class='ocrx_word' id='word_1_371' title='bbox 2701 2478 2941 2534; x_wconf 90' lang='lat' dir='ltr'><strong>ordinem</strong></span> <span class='ocrx_word' id='word_1_372' title='bbox 2971 2479 3185 2534; x_wconf 88' lang='lat' dir='ltr'><strong>habeat.</strong></span> 
     </span>
    </p>
   </div>
   <div class='ocr_carea' id='block_1_54' title="bbox 2211 2564 3712 2642">
    <p class='ocr_par' dir='ltr' id='par_1_54' title="bbox 2211 2564 3712 2642">
     <span class='ocr_line' id='line_1_54' title="bbox 2211 2564 3712 2642; baseline 0.008 -24"><span class='ocrx_word' id='word_1_373' title='bbox 2211 2564 2343 2620; x_wconf 81' lang='lat' dir='ltr'><strong>LVI.</strong></span> <span class='ocrx_word' id='word_1_374' title='bbox 2369 2565 2654 2638; x_wconf 82' lang='lat' dir='ltr'><strong>Presbyter</strong></span> <span class='ocrx_word' id='word_1_375' title='bbox 2681 2577 2807 2632; x_wconf 83' lang='lat' dir='ltr'><strong>ante</strong></span> <span class='ocrx_word' id='word_1_376' title='bbox 2835 2569 3052 2637; x_wconf 82' lang='lat' dir='ltr'><strong>triginta</strong></span> <span class='ocrx_word' id='word_1_377' title='bbox 3081 2584 3253 2626; x_wconf 86' lang='lat' dir='ltr'><strong>annos</strong></span> <span class='ocrx_word' id='word_1_378' title='bbox 3279 2588 3388 2628; x_wconf 88' lang='lat' dir='ltr'><strong>non</strong></span> <span class='ocrx_word' id='word_1_379' title='bbox 3415 2575 3712 2642; x_wconf 77' lang='lat' dir='ltr'><strong>ordinetur,</strong></span> 
     </span>
    </p>
   </div>
   <div class='ocr_carea' id='block_1_55' title="bbox 2141 2657 3709 2734">
    <p class='ocr_par' dir='ltr' id='par_1_55' title="bbox 2141 2657 3709 2734">
     <span class='ocr_line' id='line_1_55' title="bbox 2141 2657 3709 2734; baseline 0.008 -24"><span class='ocrx_word' id='word_1_380' title='bbox 2141 2657 2348 2711; x_wconf 88' lang='lat' dir='ltr'><strong>etiamsi</strong></span> <span class='ocrx_word' id='word_1_381' title='bbox 2377 2657 2530 2713; x_wconf 88' lang='lat' dir='ltr'><strong>valde</strong></span> <span class='ocrx_word' id='word_1_382' title='bbox 2576 2659 2767 2726; x_wconf 79' lang='lat' dir='ltr'><strong>dignus</strong></span> <span class='ocrx_word' id='word_1_383' title='bbox 2795 2659 2973 2726; x_wconf 81' lang='lat' dir='ltr'><strong>fuerit,</strong></span> <span class='ocrx_word' id='word_1_384' title='bbox 3003 2661 3098 2716; x_wconf 90' lang='lat' dir='ltr'><strong>sed</strong></span> <span class='ocrx_word' id='word_1_385' title='bbox 3126 2661 3231 2718; x_wconf 89' lang='lat' dir='ltr'><strong>hoc</strong></span> <span class='ocrx_word' id='word_1_386' title='bbox 3281 2672 3490 2734; x_wconf 88' lang='lat' dir='ltr'><strong>tempus</strong></span> <span class='ocrx_word' id='word_1_387' title='bbox 3531 2667 3709 2722; x_wconf 85' lang='lat' dir='ltr'><strong>obser-</strong></span> 
     </span>
    </p>
   </div>
   <div class='ocr_carea' id='block_1_56' title="bbox 2140 2748 3714 2823">
    <p class='ocr_par' dir='ltr' id='par_1_56' title="bbox 2140 2748 3714 2823">
     <span class='ocr_line' id='line_1_56' title="bbox 2140 2748 3714 2823; baseline 0.009 -23"><span class='ocrx_word' id='word_1_388' title='bbox 2140 2756 2249 2803; x_wconf 92' lang='lat' dir='ltr'><strong>vet.</strong></span> <span class='ocrx_word' id='word_1_389' title='bbox 2291 2748 2549 2806; x_wconf 89' lang='lat' dir='ltr'><strong>Dominus</strong></span> <span class='ocrx_word' id='word_1_390' title='bbox 2592 2751 2736 2804; x_wconf 86' lang='lat' dir='ltr'><strong>enim</strong></span> <span class='ocrx_word' id='word_1_391' title='bbox 2769 2749 2924 2808; x_wconf 71' lang='lat' dir='ltr'><strong>Iesus</strong></span> <span class='ocrx_word' id='word_1_392' title='bbox 2969 2751 3213 2813; x_wconf 88' lang='lat' dir='ltr'><strong>Christus</strong></span> <span class='ocrx_word' id='word_1_393' title='bbox 3255 2755 3528 2823; x_wconf 82' lang='lat' dir='ltr'><strong>trigesimo</strong></span> <span class='ocrx_word' id='word_1_394' title='bbox 3572 2773 3714 2814; x_wconf 81' lang='lat' dir='ltr'><strong>anno</strong></span> 
     </span>
    </p>
   </div>
   <div class='ocr_carea' id='block_1_57' title="bbox 2140 2839 3067 2909">
    <p class='ocr_par' dir='ltr' id='par_1_57' title="bbox 2140 2839 3067 2909">
     <span class='ocr_line' id='line_1_57' title="bbox 2140 2839 3067 2909; baseline 0.001 -14"><span class='ocrx_word' id='word_1_395' title='bbox 2140 2839 2441 2908; x_wconf 83' lang='lat' dir='ltr'><strong>baptizatus</strong></span> <span class='ocrx_word' id='word_1_396' title='bbox 2468 2849 2572 2906; x_wconf 89' lang='lat' dir='ltr'><strong>est,</strong></span> <span class='ocrx_word' id='word_1_397' title='bbox 2600 2849 2655 2894; x_wconf 89' lang='lat' dir='ltr'><strong>et</strong></span> <span class='ocrx_word' id='word_1_398' title='bbox 2683 2841 2846 2909; x_wconf 75' lang='lat' dir='ltr'><strong>empit</strong></span> <span class='ocrx_word' id='word_1_399' title='bbox 2870 2841 3067 2897; x_wconf 89' lang='lat' dir='ltr'><strong>docere</strong></span> 
     </span>
    </p>
   </div>
   <div class='ocr_carea' id='block_1_58' title="bbox 2207 2928 3715 2999">
    <p class='ocr_par' dir='ltr' id='par_1_58' title="bbox 2207 2928 3715 2999">
     <span class='ocr_line' id='line_1_58' title="bbox 2207 2928 3715 2999; baseline 0.007 -17"><span class='ocrx_word' id='word_1_400' title='bbox 2207 2928 2361 2984; x_wconf 88' lang='lat' dir='ltr'><strong>LVII.</strong></span> <span class='ocrx_word' id='word_1_401' title='bbox 2384 2929 2441 2984; x_wconf 92' lang='lat' dir='ltr'><strong>Si</strong></span> <span class='ocrx_word' id='word_1_402' title='bbox 2461 2931 2581 2999; x_wconf 91' lang='lat' dir='ltr'><strong>quis</strong></span> <span class='ocrx_word' id='word_1_403' title='bbox 2603 2931 2656 2984; x_wconf 88' lang='lat' dir='ltr'><strong>in</strong></span> <span class='ocrx_word' id='word_1_404' title='bbox 2679 2931 2868 2987; x_wconf 90' lang='lat' dir='ltr'><strong>morbo</strong></span> <span class='ocrx_word' id='word_1_405' title='bbox 2898 2933 3222 2989; x_wconf 85' lang='lat' dir='ltr'><strong>constitutus</strong></span> <span class='ocrx_word' id='word_1_406' title='bbox 3243 2933 3570 2994; x_wconf 87' lang='lat' dir='ltr'><strong>illuminatus</strong></span> <span class='ocrx_word' id='word_1_407' title='bbox 3601 2938 3715 2993; x_wconf 85' lang='lat' dir='ltr'><strong>lue-</strong></span> 
     </span>
    </p>
   </div>
   <div class='ocr_carea' id='block_1_59' title="bbox 2138 3020 3710 3097">
    <p class='ocr_par' dir='ltr' id='par_1_59' title="bbox 2138 3020 3710 3097">
     <span class='ocr_line' id='line_1_59' title="bbox 2138 3020 3710 3097; baseline 0.007 -23"><span class='ocrx_word' id='word_1_408' title='bbox 2138 3021 2230 3083; x_wconf 89' lang='lat' dir='ltr'><strong>rit,</strong></span> <span class='ocrx_word' id='word_1_409' title='bbox 2257 3020 2323 3075; x_wconf 90' lang='lat' dir='ltr'><strong>ad</strong></span> <span class='ocrx_word' id='word_1_410' title='bbox 2353 3021 2615 3077; x_wconf 89' lang='lat' dir='ltr'><strong>honorem</strong></span> <span class='ocrx_word' id='word_1_411' title='bbox 2655 3024 2972 3094; x_wconf 86' lang='lat' dir='ltr'><strong>presbyterii</strong></span> <span class='ocrx_word' id='word_1_412' title='bbox 3003 3027 3309 3094; x_wconf 86' lang='lat' dir='ltr'><strong>promoveri</strong></span> <span class='ocrx_word' id='word_1_413' title='bbox 3355 3043 3463 3082; x_wconf 91' lang='lat' dir='ltr'><strong>non</strong></span> <span class='ocrx_word' id='word_1_414' title='bbox 3490 3037 3668 3097; x_wconf 82' lang='lat' dir='ltr'><strong>potest</strong></span> <span class='ocrx_word' id='word_1_415' title='bbox 3695 3049 3710 3084; x_wconf 67' lang='grc' dir='ltr'><strong>ι</strong></span> 
     </span>
    </p>
   </div>
   <div class='ocr_carea' id='block_1_60' title="bbox 456 3107 2032 3190">
    <p class='ocr_par' dir='ltr' id='par_1_60' title="bbox 456 3107 2030 3182">
     <span class='ocr_line' id='line_1_60' title="bbox 456 3107 2030 3182; baseline 0.004 -20"><span class='ocrx_word' id='word_1_416' title='bbox 456 3114 630 3171; x_wconf 84' lang='grc' dir='ltr'>πίστις</span> <span class='ocrx_word' id='word_1_417' title='bbox 652 3110 832 3175; x_wconf 76' lang='grc' dir='ltr'>αὐτοῦ,</span> <span class='ocrx_word' id='word_1_418' title='bbox 860 3107 961 3162; x_wconf 78' lang='grc' dir='ltr'>ἀλλ’</span> <span class='ocrx_word' id='word_1_419' title='bbox 987 3110 1035 3172; x_wconf 85' lang='grc' dir='ltr'><strong>ἐξ</strong></span> <span class='ocrx_word' id='word_1_420' title='bbox 1061 3111 1274 3181; x_wconf 75' lang='grc' dir='ltr'>ἀνάγκης</span> <span class='ocrx_word' id='word_1_421' title='bbox 1297 3125 1309 3139; x_wconf 83' lang='grc'><strong><em>⁸</em></strong></span> <span class='ocrx_word' id='word_1_422' title='bbox 1335 3111 1378 3163; x_wconf 88' lang='grc' dir='ltr'><strong>εἰ</strong></span> <span class='ocrx_word' id='word_1_423' title='bbox 1405 3115 1474 3180; x_wconf 79' lang='grc' dir='ltr'>μὴ</span> <span class='ocrx_word' id='word_1_424' title='bbox 1503 3111 1648 3179; x_wconf 81' lang='grc' dir='ltr'>τάχα</span> <span class='ocrx_word' id='word_1_425' title='bbox 1676 3109 1759 3175; x_wconf 76' lang='grc' dir='ltr'>διὰ</span> <span class='ocrx_word' id='word_1_426' title='bbox 1782 3116 1872 3169; x_wconf 74' lang='grc' dir='ltr'>τήν</span> <span class='ocrx_word' id='word_1_427' title='bbox 1899 3115 2030 3182; x_wconf 82' lang='grc' dir='ltr'>μετὰ</span> 
     </span>
    </p>
   </div>
   <div class='ocr_carea' id='block_1_61' title="bbox 2150 3107 3710 3190">
    <p class='ocr_par' dir='ltr' id='par_1_61' title="bbox 2150 3107 3710 3184">
     <span class='ocr_line' id='line_1_61' title="bbox 2150 3107 3710 3184; baseline 0.008 -22"><span class='ocrx_word' id='word_1_428' title='bbox 2150 3107 2268 3165; x_wconf 70' lang='lat' dir='ltr'><strong>ﬁdes</strong></span> <span class='ocrx_word' id='word_1_429' title='bbox 2291 3111 2433 3165; x_wconf 89' lang='lat' dir='ltr'><strong>enim</strong></span> <span class='ocrx_word' id='word_1_430' title='bbox 2462 3111 2578 3180; x_wconf 89' lang='lat' dir='ltr'><strong>ejus</strong></span> <span class='ocrx_word' id='word_1_431' title='bbox 2609 3127 2716 3167; x_wconf 91' lang='lat' dir='ltr'><strong>non</strong></span> <span class='ocrx_word' id='word_1_432' title='bbox 2751 3122 2835 3167; x_wconf 89' lang='lat' dir='ltr'><strong>est</strong></span> <span class='ocrx_word' id='word_1_433' title='bbox 2862 3129 2928 3168; x_wconf 82' lang='lat' dir='ltr'><strong>ex</strong></span> <span class='ocrx_word' id='word_1_434' title='bbox 2958 3114 3258 3184; x_wconf 88' lang='lat' dir='ltr'><strong>proposito,</strong></span> <span class='ocrx_word' id='word_1_435' title='bbox 3291 3115 3384 3170; x_wconf 89' lang='lat' dir='ltr'><strong>sed</strong></span> <span class='ocrx_word' id='word_1_436' title='bbox 3407 3131 3471 3170; x_wconf 83' lang='lat' dir='ltr'><strong>ex</strong></span> <span class='ocrx_word' id='word_1_437' title='bbox 3521 3132 3710 3174; x_wconf 85' lang='lat' dir='ltr'><strong>neces-</strong></span> 
     </span>
    </p>
   </div>
   <div class='ocr_carea' id='block_1_62' title="bbox 453 3196 2030 3263">
    <p class='ocr_par' dir='ltr' id='par_1_62' title="bbox 453 3196 2030 3263">
     <span class='ocr_line' id='line_1_62' title="bbox 453 3196 2030 3263; baseline 0.001 -10"><span class='ocrx_word' id='word_1_438' title='bbox 453 3205 616 3260; x_wconf 85' lang='grc' dir='ltr'>ταῦτα</span> <span class='ocrx_word' id='word_1_439' title='bbox 659 3201 816 3254; x_wconf 79' lang='grc' dir='ltr'>αὐτοῦ</span> <span class='ocrx_word' id='word_1_440' title='bbox 854 3196 1086 3258; x_wconf 77' lang='grc' dir='ltr'>σπουδήν</span> <span class='ocrx_word' id='word_1_441' title='bbox 1116 3202 1201 3252; x_wconf 84' lang='grc' dir='ltr'>καὶ</span> <span class='ocrx_word' id='word_1_442' title='bbox 1243 3202 1435 3263; x_wconf 81' lang='grc' dir='ltr'>πίστιν,</span> <span class='ocrx_word' id='word_1_443' title='bbox 1479 3204 1561 3253; x_wconf 83' lang='grc' dir='ltr'>καὶ</span> <span class='ocrx_word' id='word_1_444' title='bbox 1591 3199 1674 3254; x_wconf 76' lang='grc' dir='ltr'>διὰ</span> <span class='ocrx_word' id='word_1_445' title='bbox 1719 3203 1898 3256; x_wconf 77' lang='grc' dir='ltr'>σπάνιν</span> <span class='ocrx_word' id='word_1_446' title='bbox 1944 3205 2030 3255; x_wconf 85' lang='grc' dir='ltr'>ἀν-</span> 
     </span>
    </p>
   </div>
   <div class='ocr_carea' id='block_1_63' title="bbox 451 3293 685 3365">
    <p class='ocr_par' dir='ltr' id='par_1_63' title="bbox 451 3293 685 3365">
     <span class='ocr_line' id='line_1_63' title="bbox 451 3293 685 3365; baseline 0.021 -25"><span class='ocrx_word' id='word_1_447' title='bbox 451 3293 477 3340; x_wconf 63' lang='grc' dir='ltr'><strong>Γ</strong></span> <span class='ocrx_word' id='word_1_448' title='bbox 480 3294 685 3365; x_wconf 80' lang='grc' dir='ltr'>ρώπων.</span> 
     </span>
    </p>
   </div>
   <div class='ocr_carea' id='block_1_64' title="bbox 520 3382 2030 3462">
    <p class='ocr_par' dir='ltr' id='par_1_64' title="bbox 520 3382 2030 3462">
     <span class='ocr_line' id='line_1_64' title="bbox 520 3382 2030 3462; baseline 0.004 -28"><span class='ocrx_word' id='word_1_449' title='bbox 520 3383 610 3444; x_wconf 70' lang='grc' dir='ltr'>ντί.</span> <span class='ocrx_word' id='word_1_450' title='bbox 651 3382 947 3458; x_wconf 86' lang='grc' dir='ltr'>Ἐπιχὼριοι</span> <span class='ocrx_word' id='word_1_451' title='bbox 986 3385 1332 3459; x_wconf 82' lang='grc' dir='ltr'>πρεσϐύτεροι</span> <span class='ocrx_word' id='word_1_452' title='bbox 1361 3386 1408 3437; x_wconf 87' lang='grc' dir='ltr'>ἐν</span> <span class='ocrx_word' id='word_1_453' title='bbox 1454 3393 1524 3456; x_wconf 86' lang='grc' dir='ltr'>τῷ</span> <span class='ocrx_word' id='word_1_454' title='bbox 1554 3393 1776 3462; x_wconf 83' lang='grc' dir='ltr'>κυριακῷ</span> <span class='ocrx_word' id='word_1_455' title='bbox 1814 3393 1904 3444; x_wconf 78' lang='grc' dir='ltr'>τῆς</span> <span class='ocrx_word' id='word_1_456' title='bbox 1936 3387 2030 3440; x_wconf 85' lang='grc' dir='ltr'><strong>πό-</strong></span> 
     </span>
    </p>
   </div>
   <div class='ocr_carea' id='block_1_65' title="bbox 449 3471 2028 3548">
    <p class='ocr_par' dir='ltr' id='par_1_65' title="bbox 449 3471 2028 3548">
     <span class='ocr_line' id='line_1_65' title="bbox 449 3471 2028 3548; baseline 0.001 -22"><span class='ocrx_word' id='word_1_457' title='bbox 449 3471 575 3534; x_wconf 74' lang='grc' dir='ltr'>λεως</span> <span class='ocrx_word' id='word_1_458' title='bbox 625 3475 927 3547; x_wconf 80' lang='grc' dir='ltr'>προσφέρειν</span> <span class='ocrx_word' id='word_1_459' title='bbox 969 3475 1024 3526; x_wconf 81' lang='grc' dir='ltr'>οὐ</span> <span class='ocrx_word' id='word_1_460' title='bbox 1070 3472 1330 3537; x_wconf 81' lang='grc' dir='ltr'>δύνανται,</span> <span class='ocrx_word' id='word_1_461' title='bbox 1379 3473 1626 3548; x_wconf 78' lang='grc' dir='ltr'>παρόντος</span> <span class='ocrx_word' id='word_1_462' title='bbox 1677 3474 1958 3528; x_wconf 81' lang='grc' dir='ltr'>ἐπισκόπου</span> <span class='ocrx_word' id='word_1_463' title='bbox 1998 3475 2028 3534; x_wconf 78' lang='grc' dir='ltr'>ἢ</span> 
     </span>
    </p>
   </div>
   <div class='ocr_carea' id='block_1_66' title="bbox 449 3559 2026 3636">
    <p class='ocr_par' dir='ltr' id='par_1_66' title="bbox 449 3559 2026 3636">
     <span class='ocr_line' id='line_1_66' title="bbox 449 3559 2026 3636; baseline 0.001 -20"><span class='ocrx_word' id='word_1_464' title='bbox 449 3562 819 3634; x_wconf 82' lang='grc' dir='ltr'>πρεσϐυτέρων</span> <span class='ocrx_word' id='word_1_465' title='bbox 841 3562 1056 3630; x_wconf 84' lang='grc' dir='ltr'>πόλεως,</span> <span class='ocrx_word' id='word_1_466' title='bbox 1089 3559 1206 3616; x_wconf 75' lang='grc' dir='ltr'>οὔτε</span> <span class='ocrx_word' id='word_1_467' title='bbox 1235 3567 1330 3632; x_wconf 77' lang='grc' dir='ltr'>μὴν</span> <span class='ocrx_word' id='word_1_468' title='bbox 1369 3559 1524 3636; x_wconf 80' lang='grc' dir='ltr'>ἄρτον</span> <span class='ocrx_word' id='word_1_469' title='bbox 1563 3561 1754 3616; x_wconf 85' lang='grc' dir='ltr'>διδόναι</span> <span class='ocrx_word' id='word_1_470' title='bbox 1783 3565 1832 3616; x_wconf 87' lang='grc' dir='ltr'>ἐν</span> <span class='ocrx_word' id='word_1_471' title='bbox 1868 3565 2026 3634; x_wconf 78' lang='grc' dir='ltr'>εὐχῇ,</span> 
     </span>
    </p>
   </div>
   <div class='ocr_carea' id='block_1_67' title="bbox 448 3650 2023 3728">
    <p class='ocr_par' dir='ltr' id='par_1_67' title="bbox 448 3650 2023 3728">
     <span class='ocr_line' id='line_1_67' title="bbox 448 3650 2023 3728; baseline 0.001 -23"><span class='ocrx_word' id='word_1_472' title='bbox 448 3650 556 3706; x_wconf 79' lang='grc' dir='ltr'><strong>σὺδέ</strong></span> <span class='ocrx_word' id='word_1_473' title='bbox 582 3657 846 3728; x_wconf 79' lang='grc' dir='ltr'>ποτήριον·</span> <span class='ocrx_word' id='word_1_474' title='bbox 875 3653 956 3706; x_wconf 86' lang='grc' dir='ltr'><strong>ἐὰν</strong></span> <span class='ocrx_word' id='word_1_475' title='bbox 980 3650 1034 3707; x_wconf 79' lang='grc' dir='ltr'>δὲ</span> <span class='ocrx_word' id='word_1_476' title='bbox 1065 3654 1261 3717; x_wconf 78' lang='grc' dir='ltr'>ἀπῶσι,</span> <span class='ocrx_word' id='word_1_477' title='bbox 1289 3655 1373 3705; x_wconf 84' lang='grc' dir='ltr'>καὶ</span> <span class='ocrx_word' id='word_1_478' title='bbox 1405 3654 1474 3712; x_wconf 83' lang='grc' dir='ltr'><strong>εἰς</strong></span> <span class='ocrx_word' id='word_1_479' title='bbox 1497 3653 1655 3722; x_wconf 69' lang='grc' dir='ltr'>εὐχήν</span> <span class='ocrx_word' id='word_1_480' title='bbox 1683 3653 1830 3722; x_wconf 82' lang='grc' dir='ltr'>κληθῇ</span> <span class='ocrx_word' id='word_1_481' title='bbox 1859 3653 2023 3722; x_wconf 70' lang='grc' dir='ltr'>μὸνος,</span> 
     </span>
    </p>
   </div>
   <div class='ocr_carea' id='block_1_68' title="bbox 446 3739 2026 3816">
    <p class='ocr_par' dir='ltr' id='par_1_68' title="bbox 446 3739 2026 3816">
     <span class='ocr_line' id='line_1_68' title="bbox 446 3739 2026 3816; baseline 0 -21"><span class='ocrx_word' id='word_1_482' title='bbox 446 3739 669 3796; x_wconf 86' lang='grc' dir='ltr'>δίδωσιν.</span> <span class='ocrx_word' id='word_1_483' title='bbox 702 3742 760 3795; x_wconf 73' lang='lat' dir='ltr'><strong>Oi</strong></span> <span class='ocrx_word' id='word_1_484' title='bbox 800 3740 854 3796; x_wconf 83' lang='grc' dir='ltr'><em>δέ</em></span> <span class='ocrx_word' id='word_1_485' title='bbox 897 3744 1308 3816; x_wconf 82' lang='grc' dir='ltr'>χωριπίσκοποι,</span> <span class='ocrx_word' id='word_1_486' title='bbox 1345 3745 1447 3795; x_wconf 78' lang='grc' dir='ltr'>ε”σί</span> <span class='ocrx_word' id='word_1_487' title='bbox 1490 3744 1580 3811; x_wconf 82' lang='grc' dir='ltr'>μὲν</span> <span class='ocrx_word' id='word_1_488' title='bbox 1631 3743 1702 3800; x_wconf 84' lang='grc' dir='ltr'><strong>εἰς</strong></span> <span class='ocrx_word' id='word_1_489' title='bbox 1742 3743 1901 3796; x_wconf 87' lang='grc' dir='ltr'>τύπον</span> <span class='ocrx_word' id='word_1_490' title='bbox 1928 3749 2026 3796; x_wconf 87' lang='grc' dir='ltr'>τῶν</span> 
     </span>
    </p>
   </div>
   <div class='ocr_carea' id='block_1_69' title="bbox 446 3828 2027 3906">
    <p class='ocr_par' dir='ltr' id='par_1_69' title="bbox 446 3828 2027 3906">
     <span class='ocr_line' id='line_1_69' title="bbox 446 3828 2027 3906; baseline 0.001 -23"><span class='ocrx_word' id='word_1_491' title='bbox 446 3828 811 3901; x_wconf 79' lang='grc' dir='ltr'>ἑϐδομήκοντα,</span> <span class='ocrx_word' id='word_1_492' title='bbox 841 3834 908 3891; x_wconf 85' lang='grc' dir='ltr'>ὡς</span> <span class='ocrx_word' id='word_1_493' title='bbox 947 3830 1001 3886; x_wconf 84' lang='grc' dir='ltr'>δὲ</span> <span class='ocrx_word' id='word_1_494' title='bbox 1035 3831 1427 3906; x_wconf 57' lang='grc' dir='ltr'>συλλειτουρ·,οὶ.</span> <span class='ocrx_word' id='word_1_495' title='bbox 1459 3830 1542 3886; x_wconf 88' lang='grc' dir='ltr'><strong>διά</strong></span> <span class='ocrx_word' id='word_1_496' title='bbox 1575 3839 1664 3889; x_wconf 73' lang='grc' dir='ltr'>τήν</span> <span class='ocrx_word' id='word_1_497' title='bbox 1708 3830 1937 3890; x_wconf 78' lang='grc' dir='ltr'>σπουδὴν</span> <span class='ocrx_word' id='word_1_498' title='bbox 1956 3835 2027 3892; x_wconf 82' lang='grc' dir='ltr'><strong>εἰς</strong></span> 
     </span>
    </p>
   </div>
   <div class='ocr_carea' id='block_1_70' title="bbox 445 3924 1536 4000">
    <p class='ocr_par' dir='ltr' id='par_1_70' title="bbox 445 3924 1536 4000">
     <span class='ocr_line' id='line_1_70' title="bbox 445 3924 1536 4000; baseline -0.001 -25"><span class='ocrx_word' id='word_1_499' title='bbox 445 3925 567 3982; x_wconf 84' lang='grc' dir='ltr'>τοὺς</span> <span class='ocrx_word' id='word_1_500' title='bbox 585 3925 853 3992; x_wconf 85' lang='grc' dir='ltr'>πτωχούς,</span> <span class='ocrx_word' id='word_1_501' title='bbox 882 3924 1228 3994; x_wconf 80' lang='grc' dir='ltr'>προσφέρουσι</span> <span class='ocrx_word' id='word_1_502' title='bbox 1250 3926 1536 4000; x_wconf 76' lang='grc' dir='ltr'>τιμώμενοι.</span> 
     </span>
    </p>
   </div>
   <div class='ocr_carea' id='block_1_71' title="bbox 511 4100 2015 4175">
    <p class='ocr_par' dir='ltr' id='par_1_71' title="bbox 511 4100 2015 4175">
     <span class='ocr_line' id='line_1_71' title="bbox 511 4100 2015 4175; baseline 0.005 -22"><span class='ocrx_word' id='word_1_503' title='bbox 511 4101 604 4155; x_wconf 83' lang='grc' dir='ltr'>νθ’.</span> <span class='ocrx_word' id='word_1_504' title='bbox 642 4103 862 4156; x_wconf 77' lang='grc' dir='ltr'>Διάκονοι</span> <span class='ocrx_word' id='word_1_505' title='bbox 890 4104 1021 4158; x_wconf 84' lang='grc' dir='ltr'>ἑπτά</span> <span class='ocrx_word' id='word_1_506' title='bbox 1055 4104 1330 4175; x_wconf 74' lang='grc' dir='ltr'>ὀφείλουσιν</span> <span class='ocrx_word' id='word_1_507' title='bbox 1371 4100 1496 4159; x_wconf 78' lang='grc' dir='ltr'>εἶναι</span> <span class='ocrx_word' id='word_1_508' title='bbox 1533 4107 1662 4158; x_wconf 77' lang='grc' dir='ltr'>κατὰ</span> <span class='ocrx_word' id='word_1_509' title='bbox 1704 4106 1790 4159; x_wconf 85' lang='grc' dir='ltr'>τὸν</span> <span class='ocrx_word' id='word_1_510' title='bbox 1819 4107 2015 4171; x_wconf 68' lang='grc' dir='ltr'>κανόνα,</span> 
     </span>
    </p>
   </div>
   <div class='ocr_carea' id='block_1_72' title="bbox 443 4191 2024 4267">
    <p class='ocr_par' dir='ltr' id='par_1_72' title="bbox 443 4191 2024 4267">
     <span class='ocr_line' id='line_1_72' title="bbox 443 4191 2024 4267; baseline 0.004 -23"><span class='ocrx_word' id='word_1_511' title='bbox 443 4191 530 4263; x_wconf 78' lang='grc' dir='ltr'>κᾷν</span> <span class='ocrx_word' id='word_1_512' title='bbox 562 4191 696 4247; x_wconf 77' lang='grc' dir='ltr'>πάνυ</span> <span class='ocrx_word' id='word_1_513' title='bbox 721 4194 912 4267; x_wconf 79' lang='grc' dir='ltr'>μεγάλη</span> <span class='ocrx_word' id='word_1_514' title='bbox 942 4192 1018 4253; x_wconf 67' lang='grc' dir='ltr'>εἴη</span> <span class='ocrx_word' id='word_1_515' title='bbox 1047 4197 1076 4253; x_wconf 76' lang='grc' dir='ltr'>ἡ</span> <span class='ocrx_word' id='word_1_516' title='bbox 1106 4196 1244 4256; x_wconf 81' lang='grc' dir='ltr'>πόλις</span> <span class='ocrx_word' id='word_1_517' title='bbox 1261 4211 1273 4224; x_wconf 89' lang='grc'><strong><em>⁸</em></strong></span> <span class='ocrx_word' id='word_1_518' title='bbox 1303 4197 1567 4266; x_wconf 79' lang='grc' dir='ltr'>πειτθεὶσῃ</span> <span class='ocrx_word' id='word_1_519' title='bbox 1589 4194 1642 4249; x_wconf 81' lang='grc' dir='ltr'>δὲ</span> <span class='ocrx_word' id='word_1_520' title='bbox 1667 4200 1681 4216; x_wconf 78' lang='grc'><strong>⁹</strong></span> <span class='ocrx_word' id='word_1_521' title='bbox 1710 4197 1810 4249; x_wconf 82' lang='grc' dir='ltr'>ἀπὸ</span> <span class='ocrx_word' id='word_1_522' title='bbox 1837 4205 1927 4257; x_wconf 82' lang='grc' dir='ltr'>τῆς</span> <span class='ocrx_word' id='word_1_523' title='bbox 1950 4198 2024 4266; x_wconf 85' lang='grc' dir='ltr'>βί-</span> 
     </span>
    </p>
   </div>
   <div class='ocr_carea' id='block_1_73' title="bbox 444 4284 973 4358">
    <p class='ocr_par' dir='ltr' id='par_1_73' title="bbox 444 4284 973 4358">
     <span class='ocr_line' id='line_1_73' title="bbox 444 4284 973 4358; baseline 0.008 -24"><span class='ocrx_word' id='word_1_524' title='bbox 444 4284 564 4337; x_wconf 85' lang='grc' dir='ltr'>ϐλου</span> <span class='ocrx_word' id='word_1_525' title='bbox 591 4292 690 4339; x_wconf 86' lang='grc' dir='ltr'>τῶν</span> <span class='ocrx_word' id='word_1_526' title='bbox 720 4286 973 4358; x_wconf 80' lang='grc' dir='ltr'>πράξεων.</span> 
     </span>
    </p>
   </div>
   <div class='ocr_carea' id='block_1_74' title="bbox 2134 3201 3707 3276">
    <p class='ocr_par' dir='ltr' id='par_1_74' title="bbox 2134 3201 3707 3276">
     <span class='ocr_line' id='line_1_74' title="bbox 2134 3201 3707 3276; baseline 0.004 -20"><span class='ocrx_word' id='word_1_527' title='bbox 2134 3201 2291 3262; x_wconf 79' lang='lat' dir='ltr'><strong>sitate</strong></span> <span class='ocrx_word' id='word_1_528' title='bbox 2319 3221 2331 3254; x_wconf 90' lang='lat'>:</span> <span class='ocrx_word' id='word_1_529' title='bbox 2360 3203 2458 3258; x_wconf 90' lang='lat' dir='ltr'><strong>nisi</strong></span> <span class='ocrx_word' id='word_1_530' title='bbox 2482 3201 2622 3258; x_wconf 86' lang='lat' dir='ltr'><strong>forte</strong></span> <span class='ocrx_word' id='word_1_531' title='bbox 2649 3212 2871 3275; x_wconf 90' lang='lat' dir='ltr'><strong>propter</strong></span> <span class='ocrx_word' id='word_1_532' title='bbox 2897 3221 3126 3276; x_wconf 88' lang='lat' dir='ltr'><strong>sequens</strong></span> <span class='ocrx_word' id='word_1_533' title='bbox 3148 3207 3264 3275; x_wconf 88' lang='lat' dir='ltr'><strong>ejus</strong></span> <span class='ocrx_word' id='word_1_534' title='bbox 3283 3207 3514 3263; x_wconf 90' lang='lat' dir='ltr'><strong>studium</strong></span> <span class='ocrx_word' id='word_1_535' title='bbox 3544 3219 3599 3265; x_wconf 88' lang='lat' dir='ltr'><strong>et</strong></span> <span class='ocrx_word' id='word_1_536' title='bbox 3647 3211 3707 3262; x_wconf 86' lang='lat' dir='ltr'><strong>li-</strong></span> 
     </span>
    </p>
   </div>
   <div class='ocr_carea' id='block_1_75' title="bbox 2133 3293 3090 3362">
    <p class='ocr_par' dir='ltr' id='par_1_75' title="bbox 2133 3293 3090 3362">
     <span class='ocr_line' id='line_1_75' title="bbox 2133 3293 3090 3362; baseline 0.005 -16"><span class='ocrx_word' id='word_1_537' title='bbox 2133 3293 2276 3356; x_wconf 92' lang='lat' dir='ltr'><strong>dem,</strong></span> <span class='ocrx_word' id='word_1_538' title='bbox 2303 3302 2467 3362; x_wconf 88' lang='lat' dir='ltr'><strong>atque</strong></span> <span class='ocrx_word' id='word_1_539' title='bbox 2487 3293 2763 3348; x_wconf 90' lang='lat' dir='ltr'><strong>hominum</strong></span> <span class='ocrx_word' id='word_1_540' title='bbox 2793 3297 3090 3351; x_wconf 88' lang='lat' dir='ltr'><strong>raritatem.</strong></span> 
     </span>
    </p>
   </div>
   <div class='ocr_carea' id='block_1_76' title="bbox 2204 3382 3709 3457">
    <p class='ocr_par' dir='ltr' id='par_1_76' title="bbox 2204 3382 3709 3457">
     <span class='ocr_line' id='line_1_76' title="bbox 2204 3382 3709 3457; baseline 0.006 -21"><span class='ocrx_word' id='word_1_541' title='bbox 2204 3382 2378 3437; x_wconf 78' lang='lat' dir='ltr'><strong>LVIII.</strong></span> <span class='ocrx_word' id='word_1_542' title='bbox 2415 3383 2724 3453; x_wconf 80' lang='lat' dir='ltr'><strong>Regionarii</strong></span> <span class='ocrx_word' id='word_1_543' title='bbox 2751 3386 3070 3457; x_wconf 89' lang='lat' dir='ltr'><strong>presbyteri,</strong></span> <span class='ocrx_word' id='word_1_544' title='bbox 3097 3389 3150 3442; x_wconf 94' lang='lat' dir='ltr'><strong>in</strong></span> <span class='ocrx_word' id='word_1_545' title='bbox 3186 3389 3456 3445; x_wconf 89' lang='lat' dir='ltr'><strong>dominico</strong></span> <span class='ocrx_word' id='word_1_546' title='bbox 3479 3390 3709 3446; x_wconf 87' lang='lat' dir='ltr'><strong>civitatis</strong></span> 
     </span>
    </p>
   </div>
   <div class='ocr_carea' id='block_1_77' title="bbox 2133 3471 3709 3551">
    <p class='ocr_par' dir='ltr' id='par_1_77' title="bbox 2133 3471 3709 3551">
     <span class='ocr_line' id='line_1_77' title="bbox 2133 3471 3709 3551; baseline 0.005 -25"><span class='ocrx_word' id='word_1_547' title='bbox 2133 3471 2329 3528; x_wconf 65' lang='lat' dir='ltr'><strong>offerre</strong></span> <span class='ocrx_word' id='word_1_548' title='bbox 2358 3489 2465 3528; x_wconf 86' lang='lat' dir='ltr'><strong>non</strong></span> <span class='ocrx_word' id='word_1_549' title='bbox 2489 3482 2732 3543; x_wconf 89' lang='lat' dir='ltr'><strong>possunt,</strong></span> <span class='ocrx_word' id='word_1_550' title='bbox 2765 3484 3028 3544; x_wconf 70' lang='lat' dir='ltr'><strong>praesente</strong></span> <span class='ocrx_word' id='word_1_551' title='bbox 3050 3478 3336 3547; x_wconf 90' lang='lat' dir='ltr'><strong>episcopo,</strong></span> <span class='ocrx_word' id='word_1_552' title='bbox 3367 3478 3454 3533; x_wconf 89' lang='lat' dir='ltr'><strong>vel</strong></span> <span class='ocrx_word' id='word_1_553' title='bbox 3483 3480 3709 3551; x_wconf 85' lang='lat' dir='ltr'><strong>presby-</strong></span> 
     </span>
    </p>
   </div>
   <div class='ocr_carea' id='block_1_78' title="bbox 2134 3564 3710 3637">
    <p class='ocr_par' dir='ltr' id='par_1_78' title="bbox 2134 3564 3710 3637">
     <span class='ocr_line' id='line_1_78' title="bbox 2134 3564 3710 3637; baseline 0.004 -20"><span class='ocrx_word' id='word_1_554' title='bbox 2134 3564 2262 3618; x_wconf 87' lang='lat' dir='ltr'><strong>teris</strong></span> <span class='ocrx_word' id='word_1_555' title='bbox 2292 3564 2458 3630; x_wconf 84' lang='lat' dir='ltr'><strong>urbis,</strong></span> <span class='ocrx_word' id='word_1_556' title='bbox 2489 3578 2664 3632; x_wconf 86' lang='lat' dir='ltr'><strong>ncque</strong></span> <span class='ocrx_word' id='word_1_557' title='bbox 2685 3579 2880 3634; x_wconf 87' lang='lat' dir='ltr'><strong>panem</strong></span> <span class='ocrx_word' id='word_1_558' title='bbox 2902 3565 3029 3620; x_wconf 91' lang='lat' dir='ltr'><strong>dare</strong></span> <span class='ocrx_word' id='word_1_559' title='bbox 3055 3566 3109 3620; x_wconf 91' lang='lat' dir='ltr'><strong>in</strong></span> <span class='ocrx_word' id='word_1_560' title='bbox 3131 3567 3397 3630; x_wconf 88' lang='lat' dir='ltr'><strong>oratione,</strong></span> <span class='ocrx_word' id='word_1_561' title='bbox 3431 3583 3606 3637; x_wconf 90' lang='lat' dir='ltr'><strong>neque</strong></span> <span class='ocrx_word' id='word_1_562' title='bbox 3628 3585 3710 3623; x_wconf 89' lang='lat' dir='ltr'><strong>ca-</strong></span> 
     </span>
    </p>
   </div>
   <div class='ocr_carea' id='block_1_79' title="bbox 2131 3639 3708 3719">
    <p class='ocr_par' dir='ltr' id='par_1_79' title="bbox 2131 3639 3708 3719">
     <span class='ocr_line' id='line_1_79' title="bbox 2131 3639 3708 3719; baseline 0.006 -13"><span class='ocrx_word' id='word_1_563' title='bbox 2131 3639 2318 3719; x_wconf 82' lang='lat' dir='ltr'><strong>licem;</strong></span> <span class='ocrx_word' id='word_1_564' title='bbox 2348 3656 2430 3710; x_wconf 89' lang='lat' dir='ltr'><strong>sin</strong></span> <span class='ocrx_word' id='word_1_565' title='bbox 2453 3663 2633 3709; x_wconf 89' lang='lat' dir='ltr'><strong>autem</strong></span> <span class='ocrx_word' id='word_1_566' title='bbox 2671 3655 2866 3719; x_wconf 88' lang='lat' dir='ltr'><strong>absint,</strong></span> <span class='ocrx_word' id='word_1_567' title='bbox 2899 3664 2956 3711; x_wconf 92' lang='lat' dir='ltr'><strong>et</strong></span> <span class='ocrx_word' id='word_1_568' title='bbox 2979 3657 3046 3711; x_wconf 91' lang='lat' dir='ltr'><strong>ad</strong></span> <span class='ocrx_word' id='word_1_569' title='bbox 3095 3659 3395 3714; x_wconf 89' lang='lat' dir='ltr'><strong>orationem</strong></span> <span class='ocrx_word' id='word_1_570' title='bbox 3436 3659 3584 3715; x_wconf 92' lang='lat' dir='ltr'><strong>solus</strong></span> <span class='ocrx_word' id='word_1_571' title='bbox 3611 3675 3708 3715; x_wconf 83' lang='lat' dir='ltr'><strong>vo-</strong></span> 
     </span>
    </p>
   </div>
   <div class='ocr_carea' id='block_1_80' title="bbox 2131 3738 3709 3816">
    <p class='ocr_par' dir='ltr' id='par_1_80' title="bbox 2131 3738 3709 3816">
     <span class='ocr_line' id='line_1_80' title="bbox 2131 3738 3709 3816; baseline 0.002 -18"><span class='ocrx_word' id='word_1_572' title='bbox 2131 3751 2284 3798; x_wconf 89' lang='lat' dir='ltr'><strong>catus</strong></span> <span class='ocrx_word' id='word_1_573' title='bbox 2309 3743 2490 3810; x_wconf 82' lang='lat' dir='ltr'><strong>fuerit,</strong></span> <span class='ocrx_word' id='word_1_574' title='bbox 2513 3743 2643 3796; x_wconf 89' lang='lat' dir='ltr'><strong>dare</strong></span> <span class='ocrx_word' id='word_1_575' title='bbox 2685 3745 2901 3811; x_wconf 89' lang='lat' dir='ltr'><strong>poterit.</strong></span> <span class='ocrx_word' id='word_1_576' title='bbox 2927 3738 3312 3816; x_wconf 88' lang='lat' dir='ltr'><strong>Cborepisc0pi</strong></span> <span class='ocrx_word' id='word_1_577' title='bbox 3350 3755 3549 3814; x_wconf 89' lang='lat' dir='ltr'><strong>autem,</strong></span> <span class='ocrx_word' id='word_1_578' title='bbox 3582 3757 3709 3804; x_wconf 90' lang='lat' dir='ltr'><strong>sunt</strong></span> 
     </span>
    </p>
   </div>
   <div class='ocr_carea' id='block_1_81' title="bbox 2128 3830 3704 3900">
    <p class='ocr_par' dir='ltr' id='par_1_81' title="bbox 2128 3830 3704 3900">
     <span class='ocr_line' id='line_1_81' title="bbox 2128 3830 3704 3900; baseline 0.003 -14"><span class='ocrx_word' id='word_1_579' title='bbox 2128 3831 2343 3900; x_wconf 87' lang='lat' dir='ltr'><strong>quidem</strong></span> <span class='ocrx_word' id='word_1_580' title='bbox 2373 3830 2442 3884; x_wconf 90' lang='lat' dir='ltr'><strong>ad</strong></span> <span class='ocrx_word' id='word_1_581' title='bbox 2465 3831 2768 3900; x_wconf 72' lang='lat' dir='ltr'><strong>exemplum</strong></span> <span class='ocrx_word' id='word_1_582' title='bbox 2789 3833 3147 3900; x_wconf 78' lang='lat' dir='ltr'><strong>septuaginta,</strong></span> <span class='ocrx_word' id='word_1_583' title='bbox 3171 3844 3230 3888; x_wconf 91' lang='lat' dir='ltr'><strong>ut</strong></span> <span class='ocrx_word' id='word_1_584' title='bbox 3254 3842 3436 3890; x_wconf 90' lang='lat' dir='ltr'><strong>autem</strong></span> <span class='ocrx_word' id='word_1_585' title='bbox 3477 3837 3704 3891; x_wconf 91' lang='lat' dir='ltr'><strong>commi-</strong></span> 
     </span>
    </p>
   </div>
   <div class='ocr_carea' id='block_1_82' title="bbox 2133 3919 3708 3993">
    <p class='ocr_par' dir='ltr' id='par_1_82' title="bbox 2133 3919 3708 3993">
     <span class='ocr_line' id='line_1_82' title="bbox 2133 3919 3708 3993; baseline 0.005 -19"><span class='ocrx_word' id='word_1_586' title='bbox 2133 3921 2306 3983; x_wconf 87' lang='lat' dir='ltr'><strong>nistri,</strong></span> <span class='ocrx_word' id='word_1_587' title='bbox 2357 3928 2578 3990; x_wconf 88' lang='lat' dir='ltr'><strong>propter</strong></span> <span class='ocrx_word' id='word_1_588' title='bbox 2623 3919 2855 3976; x_wconf 90' lang='lat' dir='ltr'><strong>studium</strong></span> <span class='ocrx_word' id='word_1_589' title='bbox 2911 3921 2964 3976; x_wconf 89' lang='lat' dir='ltr'><strong>in</strong></span> <span class='ocrx_word' id='word_1_590' title='bbox 2994 3937 3280 3993; x_wconf 87' lang='lat' dir='ltr'><strong>pauperes,</strong></span> <span class='ocrx_word' id='word_1_591' title='bbox 3324 3924 3556 3981; x_wconf 83' lang='lat' dir='ltr'><strong>ollerunt</strong></span> <span class='ocrx_word' id='word_1_592' title='bbox 3610 3926 3708 3982; x_wconf 86' lang='lat' dir='ltr'><strong>ho-</strong></span> 
     </span>
    </p>
   </div>
   <div class='ocr_carea' id='block_1_83' title="bbox 2131 4014 2324 4068">
    <p class='ocr_par' dir='ltr' id='par_1_83' title="bbox 2131 4014 2324 4068">
     <span class='ocr_line' id='line_1_83' title="bbox 2131 4014 2324 4068; baseline 0 -2"><span class='ocrx_word' id='word_1_593' title='bbox 2131 4014 2324 4068; x_wconf 89' lang='lat' dir='ltr'><strong>norati.</strong></span> 
     </span>
    </p>
   </div>
   <div class='ocr_carea' id='block_1_84' title="bbox 2202 4103 3708 4174">
    <p class='ocr_par' dir='ltr' id='par_1_84' title="bbox 2202 4103 3708 4174">
     <span class='ocr_line' id='line_1_84' title="bbox 2202 4103 3708 4174; baseline 0.003 -17"><span class='ocrx_word' id='word_1_594' title='bbox 2202 4103 2334 4158; x_wconf 87' lang='lat' dir='ltr'><strong>LIX.</strong></span> <span class='ocrx_word' id='word_1_595' title='bbox 2363 4104 2580 4160; x_wconf 88' lang='lat' dir='ltr'><strong>Diaconi</strong></span> <span class='ocrx_word' id='word_1_596' title='bbox 2602 4115 2809 4174; x_wconf 90' lang='lat' dir='ltr'><strong>septem</strong></span> <span class='ocrx_word' id='word_1_597' title='bbox 2837 4120 2956 4161; x_wconf 90' lang='lat' dir='ltr'><strong>esse</strong></span> <span class='ocrx_word' id='word_1_598' title='bbox 2982 4106 3180 4162; x_wconf 88' lang='lat' dir='ltr'><strong>debent</strong></span> <span class='ocrx_word' id='word_1_599' title='bbox 3215 4107 3506 4163; x_wconf 89' lang='lat' dir='ltr'><strong>secundum</strong></span> <span class='ocrx_word' id='word_1_600' title='bbox 3541 4121 3708 4162; x_wconf 82' lang='lat' dir='ltr'><strong>eano-</strong></span> 
     </span>
    </p>
   </div>
   <div class='ocr_carea' id='block_1_85' title="bbox 2129 4196 3704 4268">
    <p class='ocr_par' dir='ltr' id='par_1_85' title="bbox 2129 4196 3704 4268">
     <span class='ocr_line' id='line_1_85' title="bbox 2129 4196 3704 4268; baseline 0.003 -19"><span class='ocrx_word' id='word_1_601' title='bbox 2129 4211 2274 4262; x_wconf 88' lang='lat' dir='ltr'><strong>nem,</strong></span> <span class='ocrx_word' id='word_1_602' title='bbox 2307 4196 2516 4252; x_wconf 85' lang='lat' dir='ltr'><strong>etiamsi</strong></span> <span class='ocrx_word' id='word_1_603' title='bbox 2539 4197 2608 4251; x_wconf 92' lang='lat' dir='ltr'><strong>sit</strong></span> <span class='ocrx_word' id='word_1_604' title='bbox 2635 4210 2825 4264; x_wconf 81' lang='lat' dir='ltr'><strong>magna</strong></span> <span class='ocrx_word' id='word_1_605' title='bbox 2851 4198 3042 4253; x_wconf 89' lang='lat' dir='ltr'><strong>civitas</strong></span> <span class='ocrx_word' id='word_1_606' title='bbox 3068 4217 3080 4251; x_wconf 94' lang='lat'>:</span> <span class='ocrx_word' id='word_1_607' title='bbox 3108 4198 3223 4268; x_wconf 87' lang='lat' dir='ltr'><strong>ejus</strong></span> <span class='ocrx_word' id='word_1_608' title='bbox 3244 4207 3423 4254; x_wconf 90' lang='lat' dir='ltr'><strong>autem</strong></span> <span class='ocrx_word' id='word_1_609' title='bbox 3447 4199 3525 4254; x_wconf 88' lang='lat' dir='ltr'><strong>rei</strong></span> <span class='ocrx_word' id='word_1_610' title='bbox 3549 4197 3704 4255; x_wconf 84' lang='lat' dir='ltr'><strong>[idem</strong></span> 
     </span>
    </p>
   </div>
   <div class='ocr_carea' id='block_1_86' title="bbox 2129 4287 3029 4359">
    <p class='ocr_par' dir='ltr' id='par_1_86' title="bbox 2129 4287 3029 4359">
     <span class='ocr_line' id='line_1_86' title="bbox 2129 4287 3029 4359; baseline 0.007 -19"><span class='ocrx_word' id='word_1_611' title='bbox 2129 4287 2290 4342; x_wconf 79' lang='lat' dir='ltr'><strong>faciet</strong></span> <span class='ocrx_word' id='word_1_612' title='bbox 2319 4288 2452 4344; x_wconf 86' lang='lat' dir='ltr'><strong>liber</strong></span> <span class='ocrx_word' id='word_1_613' title='bbox 2478 4288 2733 4344; x_wconf 84' lang='lat' dir='ltr'><strong>Actorum</strong></span> <span class='ocrx_word' id='word_1_614' title='bbox 2767 4289 2904 4356; x_wconf 83' lang='lat' dir='ltr'><strong>(Act.</strong></span> <span class='ocrx_word' id='word_1_615' title='bbox 2933 4291 3029 4359; x_wconf 73' lang='lat' dir='ltr'><strong>vn).</strong></span> 
     </span>
    </p>
   </div>
   <div class='ocr_carea' id='block_1_87' title="bbox 522 4457 3702 4535">
    <p class='ocr_par' dir='ltr' id='par_1_87' title="bbox 522 4457 3702 4535">
     <span class='ocr_line' id='line_1_87' title="bbox 522 4457 3702 4535; baseline 0.003 -23"><span class='ocrx_word' id='word_1_616' title='bbox 522 4462 540 4480; x_wconf 88' lang='lat'><strong><em>‘</em></strong></span> <span class='ocrx_word' id='word_1_617' title='bbox 562 4457 674 4513; x_wconf 85' lang='lat' dir='ltr'><strong>Non</strong></span> <span class='ocrx_word' id='word_1_618' title='bbox 699 4459 1160 4535; x_wconf 81' lang='lat' dir='ltr'><strong>_video_quomodo</strong></span> <span class='ocrx_word' id='word_1_619' title='bbox 1181 4468 1429 4516; x_wconf 87' lang='lat' dir='ltr'><strong>constare</strong></span> <span class='ocrx_word' id='word_1_620' title='bbox 1458 4461 1629 4532; x_wconf 88' lang='lat' dir='ltr'><strong>possit</strong></span> <span class='ocrx_word' id='word_1_621' title='bbox 1667 4463 1875 4532; x_wconf 87' lang='lat' dir='ltr'><strong>phrasis</strong></span> <span class='ocrx_word' id='word_1_622' title='bbox 1905 4478 2024 4519; x_wconf 89' lang='lat' dir='ltr'><strong>cum</strong></span> <span class='ocrx_word' id='word_1_623' title='bbox 2055 4464 2157 4518; x_wconf 93' lang='lat' dir='ltr'><strong>hoc</strong></span> <span class='ocrx_word' id='word_1_624' title='bbox 2202 4463 2484 4534; x_wconf 82' lang='lat' dir='ltr'><strong>participio</strong></span> <span class='ocrx_word' id='word_1_625' title='bbox 2515 4464 2789 4520; x_wconf 81' lang='lat' dir='ltr'><strong>feminino.</strong></span> <span class='ocrx_word' id='word_1_626' title='bbox 2818 4465 2979 4521; x_wconf 89' lang='lat' dir='ltr'><strong>Forte</strong></span> <span class='ocrx_word' id='word_1_627' title='bbox 3022 4465 3303 4534; x_wconf 82' lang='lat' dir='ltr'><strong>legendum</strong></span> <span class='ocrx_word' id='word_1_628' title='bbox 3353 4467 3702 4535; x_wconf 79' lang='grc' dir='ltr'>πεισθήσεται,</span> 
     </span>
    </p>
   </div>
   <div class='ocr_carea' id='block_1_88' title="bbox 439 4529 1028 4600">
    <p class='ocr_par' dir='ltr' id='par_1_88' title="bbox 439 4529 1028 4600">
     <span class='ocr_line' id='line_1_88' title="bbox 439 4529 1028 4600; baseline 0.005 -20"><span class='ocrx_word' id='word_1_629' title='bbox 439 4529 542 4593; x_wconf 77' lang='lat' dir='ltr'><strong>vel,</strong></span> <span class='ocrx_word' id='word_1_630' title='bbox 567 4532 841 4600; x_wconf 70' lang='grc' dir='ltr'>πεισθήσῃ.</span> <span class='ocrx_word' id='word_1_631' title='bbox 875 4529 1028 4585; x_wconf 82' lang='grc' dir='ltr'>Ευιτ.</span> 
     </span>
    </p>
   </div>
   <div class='ocr_carea' id='block_1_89' title="bbox 1352 4678 2800 4842">
    <p class='ocr_par' dir='ltr' id='par_1_89' title="bbox 1352 4678 2800 4842">
     <span class='ocr_line' id='line_1_89' title="bbox 1352 4678 2800 4842; baseline 0.001 -8"><span class='ocrx_word' id='word_1_632' title='bbox 1352 4729 1903 4842; x_wconf 87' lang='lat' dir='ltr'><strong>CONCILII</strong></span> <span class='ocrx_word' id='word_1_633' title='bbox 1983 4678 2800 4836; x_wconf 79' lang='lat' dir='ltr'><strong>GANGRENSIS</strong></span> 
     </span>
    </p>
   </div>
   <div class='ocr_carea' id='block_1_90' title="bbox 1528 4888 2612 4970">
    <p class='ocr_par' dir='ltr' id='par_1_90' title="bbox 1528 4888 2612 4970">
     <span class='ocr_line' id='line_1_90' title="bbox 1528 4888 2612 4970; baseline -0.003 -19"><span class='ocrx_word' id='word_1_634' title='bbox 1528 4890 1888 4959; x_wconf 77' lang='lat' dir='ltr'><strong>CANONES</strong></span> <span class='ocrx_word' id='word_1_635' title='bbox 1919 4891 2042 4950; x_wconf 81' lang='lat' dir='ltr'><strong>xx</strong></span> <span class='ocrx_word' id='word_1_636' title='bbox 2074 4888 2235 4970; x_wconf 83' lang='lat' dir='ltr'><strong>(An.</strong></span> <span class='ocrx_word' id='word_1_637' title='bbox 2265 4891 2411 4954; x_wconf 90' lang='lat' dir='ltr'><strong>Chr.</strong></span> <span class='ocrx_word' id='word_1_638' title='bbox 2450 4891 2612 4968; x_wconf 75' lang='lat'><strong>325).</strong></span> 
     </span>
    </p>
   </div>
   <div class='ocr_carea' id='block_1_91' title="bbox 503 5073 2032 5150">
    <p class='ocr_par' dir='ltr' id='par_1_91' title="bbox 503 5073 2010 5150">
     <span class='ocr_line' id='line_1_91' title="bbox 503 5073 2010 5150; baseline -0.003 -19"><span class='ocrx_word' id='word_1_639' title='bbox 503 5081 562 5142; x_wconf 85' lang='grc' dir='ltr'><strong>ξ’.</strong></span> <span class='ocrx_word' id='word_1_640' title='bbox 611 5074 674 5131; x_wconf 79' lang='grc' dir='ltr'><strong>Εἴ</strong></span> <span class='ocrx_word' id='word_1_641' title='bbox 703 5099 781 5140; x_wconf 85' lang='grc' dir='ltr'><strong>τις</strong></span> <span class='ocrx_word' id='word_1_642' title='bbox 815 5078 901 5132; x_wconf 84' lang='grc' dir='ltr'>τὸν</span> <span class='ocrx_word' id='word_1_643' title='bbox 937 5078 1095 5150; x_wconf 69' lang='grc' dir='ltr'>γάμον</span> <span class='ocrx_word' id='word_1_644' title='bbox 1121 5079 1386 5148; x_wconf 72' lang='grc' dir='ltr'>μέμφοιτο,</span> <span class='ocrx_word' id='word_1_645' title='bbox 1429 5080 1507 5129; x_wconf 75' lang='grc' dir='ltr'>καὶ</span> <span class='ocrx_word' id='word_1_646' title='bbox 1537 5081 1624 5132; x_wconf 76' lang='grc' dir='ltr'>τήν</span> <span class='ocrx_word' id='word_1_647' title='bbox 1660 5073 2010 5128; x_wconf 59' lang='grc' dir='ltr'>καθεύδουσαν</span> 
     </span>
    </p>
   </div>
   <div class='ocr_carea' id='block_1_92' title="bbox 2150 5073 3688 5150">
    <p class='ocr_par' dir='ltr' id='par_1_92' title="bbox 2187 5074 3688 5144">
     <span class='ocr_line' id='line_1_92' title="bbox 2187 5074 3688 5144; baseline 0.004 -16"><span class='ocrx_word' id='word_1_648' title='bbox 2187 5074 2298 5128; x_wconf 82' lang='lat' dir='ltr'><strong>LX.</strong></span> <span class='ocrx_word' id='word_1_649' title='bbox 2329 5108 2399 5117; x_wconf 95' lang='lat'><strong>—</strong></span> <span class='ocrx_word' id='word_1_650' title='bbox 2428 5076 2478 5128; x_wconf 83' lang='lat' dir='ltr'><strong>l.</strong></span> <span class='ocrx_word' id='word_1_651' title='bbox 2509 5075 2565 5130; x_wconf 91' lang='lat' dir='ltr'><strong>Si</strong></span> <span class='ocrx_word' id='word_1_652' title='bbox 2593 5075 2712 5144; x_wconf 89' lang='lat' dir='ltr'><strong>quis</strong></span> <span class='ocrx_word' id='word_1_653' title='bbox 2741 5074 2954 5144; x_wconf 91' lang='lat' dir='ltr'><strong>nuptias</strong></span> <span class='ocrx_word' id='word_1_654' title='bbox 2981 5084 3218 5139; x_wconf 89' lang='lat' dir='ltr'><strong>accuset,</strong></span> <span class='ocrx_word' id='word_1_655' title='bbox 3249 5083 3305 5130; x_wconf 90' lang='lat' dir='ltr'><strong>et</strong></span> <span class='ocrx_word' id='word_1_656' title='bbox 3330 5077 3688 5135; x_wconf 88' lang='lat' dir='ltr'><strong>dormientem</strong></span> 
     </span>
    </p>
   </div>
   <div class='ocr_carea' id='block_1_93' title="bbox 433 5163 2018 5242">
    <p class='ocr_par' dir='ltr' id='par_1_93' title="bbox 433 5163 2018 5242">
     <span class='ocr_line' id='line_1_93' title="bbox 433 5163 2018 5242; baseline -0.003 -19"><span class='ocrx_word' id='word_1_657' title='bbox 433 5171 564 5239; x_wconf 79' lang='grc' dir='ltr'>μετὰ</span> <span class='ocrx_word' id='word_1_658' title='bbox 603 5175 695 5222; x_wconf 83' lang='grc' dir='ltr'>τοῦ</span> <span class='ocrx_word' id='word_1_659' title='bbox 739 5166 917 5242; x_wconf 81' lang='grc' dir='ltr'>ἀνδρὸς</span> <span class='ocrx_word' id='word_1_660' title='bbox 964 5169 1138 5232; x_wconf 71' lang='grc' dir='ltr'>αὐτῆς,</span> <span class='ocrx_word' id='word_1_661' title='bbox 1172 5163 1331 5222; x_wconf 73' lang='grc' dir='ltr'>οὖσαν</span> <span class='ocrx_word' id='word_1_662' title='bbox 1369 5171 1554 5225; x_wconf 67' lang='grc' dir='ltr'>πιστὴν</span> <span class='ocrx_word' id='word_1_663' title='bbox 1592 5170 1676 5220; x_wconf 80' lang='grc' dir='ltr'><strong>καί</strong></span> <span class='ocrx_word' id='word_1_664' title='bbox 1716 5165 1904 5222; x_wconf 80' lang='grc' dir='ltr'>εὐσεϐῆ</span> <span class='ocrx_word' id='word_1_665' title='bbox 1932 5168 2018 5218; x_wconf 84' lang='grc' dir='ltr'>καὶ</span> 
     </span>
    </p>
   </div>
   <div class='ocr_carea' id='block_1_94' title="bbox 430 5257 2014 5336">
    <p class='ocr_par' dir='ltr' id='par_1_94' title="bbox 430 5257 2014 5336">
     <span class='ocr_line' id='line_1_94' title="bbox 430 5257 2014 5336; baseline -0.001 -21"><span class='ocrx_word' id='word_1_666' title='bbox 430 5261 646 5326; x_wconf 71' lang='grc' dir='ltr'>εὐλαϐῆ,</span> <span class='ocrx_word' id='word_1_667' title='bbox 677 5260 1010 5334; x_wconf 76' lang='grc' dir='ltr'>βδελύσσοιτο</span> <span class='ocrx_word' id='word_1_668' title='bbox 1047 5262 1077 5321; x_wconf 79' lang='grc' dir='ltr'><em>ἧ</em></span> <span class='ocrx_word' id='word_1_669' title='bbox 1114 5264 1373 5336; x_wconf 81' lang='grc' dir='ltr'>μέμφοιτο,</span> <span class='ocrx_word' id='word_1_670' title='bbox 1406 5265 1474 5322; x_wconf 85' lang='grc' dir='ltr'>ὡς</span> <span class='ocrx_word' id='word_1_671' title='bbox 1519 5257 1576 5316; x_wconf 75' lang='grc' dir='ltr'><strong>ἂν</strong></span> <span class='ocrx_word' id='word_1_672' title='bbox 1618 5265 1686 5330; x_wconf 74' lang='grc' dir='ltr'>μὴ</span> <span class='ocrx_word' id='word_1_673' title='bbox 1736 5259 2014 5331; x_wconf 74' lang='grc' dir='ltr'>δυναμένην</span> 
     </span>
    </p>
   </div>
   <div class='ocr_carea' id='block_1_95' title="bbox 429 5351 1510 5424">
    <p class='ocr_par' dir='ltr' id='par_1_95' title="bbox 429 5351 1510 5424">
     <span class='ocr_line' id='line_1_95' title="bbox 429 5351 1510 5424; baseline -0.001 -19"><span class='ocrx_word' id='word_1_674' title='bbox 429 5354 501 5412; x_wconf 80' lang='grc' dir='ltr'><strong>εἰς</strong></span> <span class='ocrx_word' id='word_1_675' title='bbox 529 5351 789 5420; x_wconf 82' lang='grc' dir='ltr'>βασιλείαν</span> <span class='ocrx_word' id='word_1_676' title='bbox 816 5353 1076 5419; x_wconf 81' lang='grc' dir='ltr'>εἰσελθεῖν,</span> <span class='ocrx_word' id='word_1_677' title='bbox 1107 5352 1510 5424; x_wconf 57' lang='grc' dir='ltr'>ἀνάθεμαέστω.</span> 
     </span>
    </p>
   </div>
   <div class='ocr_carea' id='block_1_96' title="bbox 499 5438 2008 5519">
    <p class='ocr_par' dir='ltr' id='par_1_96' title="bbox 499 5438 2008 5519">
     <span class='ocr_line' id='line_1_96' title="bbox 499 5438 2008 5519; baseline -0.001 -25"><span class='ocrx_word' id='word_1_678' title='bbox 499 5440 591 5504; x_wconf 83' lang='grc' dir='ltr'>ξα”.</span> <span class='ocrx_word' id='word_1_679' title='bbox 625 5438 686 5492; x_wconf 83' lang='grc' dir='ltr'>Εἴ</span> <span class='ocrx_word' id='word_1_680' title='bbox 701 5461 776 5500; x_wconf 82' lang='grc' dir='ltr'><strong>τις</strong></span> <span class='ocrx_word' id='word_1_681' title='bbox 807 5443 1035 5498; x_wconf 78' lang='grc' dir='ltr'>ἐσθίοντα</span> <span class='ocrx_word' id='word_1_682' title='bbox 1058 5445 1200 5519; x_wconf 77' lang='grc' dir='ltr'>κρέα,</span> <span class='ocrx_word' id='word_1_683' title='bbox 1226 5446 1393 5518; x_wconf 84' lang='grc' dir='ltr'>χωρίς</span> <span class='ocrx_word' id='word_1_684' title='bbox 1424 5444 1662 5514; x_wconf 76' lang='grc' dir='ltr'>αἵματος,</span> <span class='ocrx_word' id='word_1_685' title='bbox 1697 5445 1779 5496; x_wconf 86' lang='grc' dir='ltr'><strong>καί</strong></span> <span class='ocrx_word' id='word_1_686' title='bbox 1805 5440 2008 5496; x_wconf 82' lang='grc' dir='ltr'>εἰδωλο-</span> 
     </span>
    </p>
   </div>
   <div class='ocr_carea' id='block_1_97' title="bbox 427 5533 2012 5605">
    <p class='ocr_par' dir='ltr' id='par_1_97' title="bbox 427 5533 2012 5605">
     <span class='ocr_line' id='line_1_97' title="bbox 427 5533 2012 5605; baseline 0.003 -24"><span class='ocrx_word' id='word_1_687' title='bbox 427 5535 581 5585; x_wconf 79' lang='grc' dir='ltr'>θύτου</span> <span class='ocrx_word' id='word_1_688' title='bbox 623 5533 709 5584; x_wconf 83' lang='grc' dir='ltr'>καὶ</span> <span class='ocrx_word' id='word_1_689' title='bbox 754 5539 978 5598; x_wconf 82' lang='grc' dir='ltr'>πνικτοῦ,</span> <span class='ocrx_word' id='word_1_690' title='bbox 1006 5535 1394 5605; x_wconf 79' lang='grc' dir='ltr'>μετέύλαϐείας</span> <span class='ocrx_word' id='word_1_691' title='bbox 1443 5537 1526 5588; x_wconf 83' lang='grc' dir='ltr'>καὶ</span> <span class='ocrx_word' id='word_1_692' title='bbox 1571 5534 1826 5598; x_wconf 81' lang='grc' dir='ltr'>πίστεως,</span> <span class='ocrx_word' id='word_1_693' title='bbox 1855 5553 2012 5585; x_wconf 86' lang='grc' dir='ltr'>κατα-</span> 
     </span>
    </p>
   </div>
   <div class='ocr_carea' id='block_1_98' title="bbox 427 5619 2002 5698">
    <p class='ocr_par' dir='ltr' id='par_1_98' title="bbox 427 5619 2002 5698">
     <span class='ocr_line' id='line_1_98' title="bbox 427 5619 2002 5698; baseline 0.003 -22"><span class='ocrx_word' id='word_1_694' title='bbox 427 5629 599 5697; x_wconf 79' lang='grc' dir='ltr'>κρίνει,</span> <span class='ocrx_word' id='word_1_695' title='bbox 629 5625 694 5683; x_wconf 81' lang='grc' dir='ltr'><strong>ὡς</strong></span> <span class='ocrx_word' id='word_1_696' title='bbox 722 5619 779 5676; x_wconf 74' lang='grc' dir='ltr'>ἂν</span> <span class='ocrx_word' id='word_1_697' title='bbox 808 5622 890 5679; x_wconf 75' lang='grc' dir='ltr'>διὰ</span> <span class='ocrx_word' id='word_1_698' title='bbox 917 5627 974 5681; x_wconf 80' lang='grc' dir='ltr'>τὸ</span> <span class='ocrx_word' id='word_1_699' title='bbox 1011 5628 1433 5698; x_wconf 71' lang='grc' dir='ltr'>μεταλαμϐάνειν,</span> <span class='ocrx_word' id='word_1_700' title='bbox 1467 5625 1642 5683; x_wconf 81' lang='grc' dir='ltr'>ἐλπίδα</span> <span class='ocrx_word' id='word_1_701' title='bbox 1683 5632 1748 5698; x_wconf 73' lang='grc' dir='ltr'>μὴ</span> <span class='ocrx_word' id='word_1_702' title='bbox 1787 5625 2002 5696; x_wconf 75' lang='grc' dir='ltr'>ἔχοντα,</span> 
     </span>
    </p>
   </div>
   <div class='ocr_carea' id='block_1_99' title="bbox 427 5716 836 5784">
    <p class='ocr_par' dir='ltr' id='par_1_99' title="bbox 427 5716 836 5784">
     <span class='ocr_line' id='line_1_99' title="bbox 427 5716 836 5784; baseline -0.002 -16"><span class='ocrx_word' id='word_1_703' title='bbox 427 5716 652 5784; x_wconf 74' lang='grc' dir='ltr'>ά.·ά9εμα</span> <span class='ocrx_word' id='word_1_704' title='bbox 684 5717 836 5769; x_wconf 70' lang='grc' dir='ltr'>ἔστω.</span> 
     </span>
    </p>
   </div>
   <div class='ocr_carea' id='block_1_100' title="bbox 2122 5164 3696 5233">
    <p class='ocr_par' dir='ltr' id='par_1_100' title="bbox 2122 5164 3696 5233">
     <span class='ocr_line' id='line_1_100' title="bbox 2122 5164 3696 5233; baseline 0.003 -14"><span class='ocrx_word' id='word_1_705' title='bbox 2122 5179 2242 5219; x_wconf 93' lang='lat' dir='ltr'><strong>cum</strong></span> <span class='ocrx_word' id='word_1_706' title='bbox 2273 5165 2388 5219; x_wconf 90' lang='lat' dir='ltr'><strong>viro</strong></span> <span class='ocrx_word' id='word_1_707' title='bbox 2415 5181 2544 5230; x_wconf 89' lang='lat' dir='ltr'><strong>suo,</strong></span> <span class='ocrx_word' id='word_1_708' title='bbox 2577 5165 2786 5218; x_wconf 82' lang='lat' dir='ltr'><strong>Iidelem</strong></span> <span class='ocrx_word' id='word_1_709' title='bbox 2814 5165 3067 5233; x_wconf 89' lang='lat' dir='ltr'><strong>piamque</strong></span> <span class='ocrx_word' id='word_1_710' title='bbox 3096 5179 3160 5219; x_wconf 87' lang='lat' dir='ltr'><strong>ae</strong></span> <span class='ocrx_word' id='word_1_711' title='bbox 3188 5164 3510 5233; x_wconf 76' lang='lat' dir='ltr'><strong>religiosam,</strong></span> <span class='ocrx_word' id='word_1_712' title='bbox 3542 5167 3696 5224; x_wconf 88' lang='lat' dir='ltr'><strong>dete-</strong></span> 
     </span>
    </p>
   </div>
   <div class='ocr_carea' id='block_1_101' title="bbox 2118 5256 3695 5326">
    <p class='ocr_par' dir='ltr' id='par_1_101' title="bbox 2118 5256 3695 5326">
     <span class='ocr_line' id='line_1_101' title="bbox 2118 5256 3695 5326; baseline 0.003 -17"><span class='ocrx_word' id='word_1_713' title='bbox 2118 5264 2292 5311; x_wconf 89' lang='lat' dir='ltr'><strong>stetur</strong></span> <span class='ocrx_word' id='word_1_714' title='bbox 2319 5271 2383 5311; x_wconf 90' lang='lat' dir='ltr'><strong>ac</strong></span> <span class='ocrx_word' id='word_1_715' title='bbox 2411 5257 2718 5326; x_wconf 86' lang='lat' dir='ltr'><strong>vituperet,</strong></span> <span class='ocrx_word' id='word_1_716' title='bbox 2750 5256 2902 5326; x_wconf 88' lang='lat' dir='ltr'><strong>quasi</strong></span> <span class='ocrx_word' id='word_1_717' title='bbox 2932 5273 3039 5312; x_wconf 91' lang='lat' dir='ltr'><strong>non</strong></span> <span class='ocrx_word' id='word_1_718' title='bbox 3067 5256 3239 5325; x_wconf 90' lang='lat' dir='ltr'><strong>possit</strong></span> <span class='ocrx_word' id='word_1_719' title='bbox 3265 5256 3319 5312; x_wconf 92' lang='lat' dir='ltr'><strong>in</strong></span> <span class='ocrx_word' id='word_1_720' title='bbox 3346 5272 3568 5326; x_wconf 81' lang='lat' dir='ltr'><strong>regnum</strong></span> <span class='ocrx_word' id='word_1_721' title='bbox 3599 5260 3695 5317; x_wconf 86' lang='lat' dir='ltr'><strong>Dei</strong></span> 
     </span>
    </p>
   </div>
   <div class='ocr_carea' id='block_1_102' title="bbox 2116 5349 2787 5414">
    <p class='ocr_par' dir='ltr' id='par_1_102' title="bbox 2116 5349 2787 5414">
     <span class='ocr_line' id='line_1_102' title="bbox 2116 5349 2787 5414; baseline -0.006 -8"><span class='ocrx_word' id='word_1_722' title='bbox 2116 5350 2357 5414; x_wconf 88' lang='lat' dir='ltr'><strong>introire,</strong></span> <span class='ocrx_word' id='word_1_723' title='bbox 2384 5351 2667 5404; x_wconf 88' lang='lat' dir='ltr'><strong>anathema</strong></span> <span class='ocrx_word' id='word_1_724' title='bbox 2698 5349 2787 5404; x_wconf 90' lang='lat' dir='ltr'><strong>sit.</strong></span> 
     </span>
    </p>
   </div>
   <div class='ocr_carea' id='block_1_103' title="bbox 2185 5436 3694 5509">
    <p class='ocr_par' dir='ltr' id='par_1_103' title="bbox 2185 5436 3694 5509">
     <span class='ocr_line' id='line_1_103' title="bbox 2185 5436 3694 5509; baseline 0.001 -15"><span class='ocrx_word' id='word_1_725' title='bbox 2185 5439 2318 5494; x_wconf 81' lang='lat' dir='ltr'><strong>LXI.</strong></span> <span class='ocrx_word' id='word_1_726' title='bbox 2348 5473 2417 5482; x_wconf 90' lang='lat'><strong>—-</strong></span> <span class='ocrx_word' id='word_1_727' title='bbox 2445 5440 2500 5494; x_wconf 74' lang='grc'>2.</span> <span class='ocrx_word' id='word_1_728' title='bbox 2531 5438 2587 5494; x_wconf 90' lang='lat' dir='ltr'><strong>Si</strong></span> <span class='ocrx_word' id='word_1_729' title='bbox 2616 5439 2736 5508; x_wconf 89' lang='lat' dir='ltr'><strong>quis</strong></span> <span class='ocrx_word' id='word_1_730' title='bbox 2774 5451 2990 5493; x_wconf 86' lang='lat' dir='ltr'><strong>carnem</strong></span> <span class='ocrx_word' id='word_1_731' title='bbox 3030 5436 3308 5506; x_wconf 81' lang='lat' dir='ltr'><strong>edentem,</strong></span> <span class='ocrx_word' id='word_1_732' title='bbox 3340 5441 3539 5509; x_wconf 88' lang='lat' dir='ltr'><strong>absque</strong></span> <span class='ocrx_word' id='word_1_733' title='bbox 3566 5456 3694 5496; x_wconf 80' lang='lat' dir='ltr'><strong>san-</strong></span> 
     </span>
    </p>
   </div>
   <div class='ocr_carea' id='block_1_104' title="bbox 2113 5527 3695 5600">
    <p class='ocr_par' dir='ltr' id='par_1_104' title="bbox 2113 5527 3695 5600">
     <span class='ocr_line' id='line_1_104' title="bbox 2113 5527 3695 5600; baseline 0.002 -16"><span class='ocrx_word' id='word_1_734' title='bbox 2113 5531 2277 5599; x_wconf 80' lang='lat' dir='ltr'><strong>guine</strong></span> <span class='ocrx_word' id='word_1_735' title='bbox 2301 5568 2315 5593; x_wconf 91' lang='lat'><strong>,</strong></span> <span class='ocrx_word' id='word_1_736' title='bbox 2349 5537 2403 5584; x_wconf 89' lang='lat' dir='ltr'><strong>et</strong></span> <span class='ocrx_word' id='word_1_737' title='bbox 2429 5529 2585 5585; x_wconf 90' lang='lat' dir='ltr'><strong>idolis</strong></span> <span class='ocrx_word' id='word_1_738' title='bbox 2615 5528 2888 5583; x_wconf 89' lang='lat' dir='ltr'><strong>immolato</strong></span> <span class='ocrx_word' id='word_1_739' title='bbox 2917 5534 2971 5580; x_wconf 92' lang='lat' dir='ltr'><strong>ct</strong></span> <span class='ocrx_word' id='word_1_740' title='bbox 3014 5527 3273 5584; x_wconf 74' lang='lat' dir='ltr'><strong>sulfocato</strong></span> <span class='ocrx_word' id='word_1_741' title='bbox 3296 5570 3312 5596; x_wconf 90' lang='lat'><strong>,</strong></span> <span class='ocrx_word' id='word_1_742' title='bbox 3341 5543 3463 5584; x_wconf 90' lang='lat' dir='ltr'><strong>cum</strong></span> <span class='ocrx_word' id='word_1_743' title='bbox 3492 5531 3695 5600; x_wconf 89' lang='lat' dir='ltr'><strong>pietate</strong></span> 
     </span>
    </p>
   </div>
   <div class='ocr_carea' id='block_1_105' title="bbox 2115 5621 3694 5692">
    <p class='ocr_par' dir='ltr' id='par_1_105' title="bbox 2115 5621 3694 5692">
     <span class='ocr_line' id='line_1_105' title="bbox 2115 5621 3694 5692; baseline -0.001 -14"><span class='ocrx_word' id='word_1_744' title='bbox 2115 5633 2171 5678; x_wconf 90' lang='lat' dir='ltr'><strong>et</strong></span> <span class='ocrx_word' id='word_1_745' title='bbox 2197 5621 2318 5688; x_wconf 84' lang='lat' dir='ltr'><strong>ﬁde,</strong></span> <span class='ocrx_word' id='word_1_746' title='bbox 2350 5623 2692 5688; x_wconf 88' lang='lat' dir='ltr'><strong>condemnat,</strong></span> <span class='ocrx_word' id='word_1_747' title='bbox 2727 5621 2802 5675; x_wconf 92' lang='lat' dir='ltr'><strong>uti</strong></span> <span class='ocrx_word' id='word_1_748' title='bbox 2831 5635 2981 5689; x_wconf 79' lang='lat' dir='ltr'><strong>spem</strong></span> <span class='ocrx_word' id='word_1_749' title='bbox 3010 5635 3116 5676; x_wconf 94' lang='lat' dir='ltr'><strong>non</strong></span> <span class='ocrx_word' id='word_1_750' title='bbox 3146 5621 3453 5687; x_wconf 87' lang='lat' dir='ltr'><strong>habentem,</strong></span> <span class='ocrx_word' id='word_1_751' title='bbox 3476 5629 3694 5692; x_wconf 75' lang='lat' dir='ltr'><strong>propter</strong></span> 
     </span>
    </p>
   </div>
   <div class='ocr_carea' id='block_1_106' title="bbox 2118 5713 3304 5787">
    <p class='ocr_par' dir='ltr' id='par_1_106' title="bbox 2118 5713 3304 5787">
     <span class='ocr_line' id='line_1_106' title="bbox 2118 5713 3304 5787; baseline 0 -18"><span class='ocrx_word' id='word_1_752' title='bbox 2118 5714 2419 5785; x_wconf 89' lang='lat' dir='ltr'><strong>hujusmodi</strong></span> <span class='ocrx_word' id='word_1_753' title='bbox 2453 5714 2874 5787; x_wconf 80' lang='lat' dir='ltr'><strong>perceptionem,</strong></span> <span class='ocrx_word' id='word_1_754' title='bbox 2909 5713 3189 5769; x_wconf 86' lang='lat' dir='ltr'><strong>anathema</strong></span> <span class='ocrx_word' id='word_1_755' title='bbox 3220 5714 3304 5778; x_wconf 82' lang='lat' dir='ltr'><strong>sit.</strong></span> 
     </span>
    </p>
   </div>
  </div>
