4012 6494
181 351 245 405 57

1124 313 1355 372 CODEX
1392 311 1722 370 CANONUM
1766 309 2136 366 UNIVERSAS
2180 308 2556 365 ECCLESIE.
3435 318 3503 375 58

259 444 365 510 ξδ’.
398 440 458 495 Εἴ
475 463 549 502 τις
582 438 761 494 δοῦλον
788 433 1044 509 προφάσει
1072 432 1363 491 θεοσεϐείας
1386 427 1617 485 διδάσκει
1642 451 1798 483 κατα·
1829 475 1835 489 .

1978 423 2221 478 LXll.——
2244 425 2297 479 5.
2329 422 2385 478 Si
2406 425 2527 493 quis
2551 439 2788 491 servum,
2818 424 2985 479 divini
3010 425 3187 481 cultus
3211 435 3498 496 praetextu,

189 544 392 613 φρονεῖν
419 530 695 591 δεσπότου,
718 528 803 584 καὶ
830 528 1131 596 ἀναχωρεῖν
1158 531 1250 582 τῆς
1287 523 1592 597 ὑπηρεσίας,
1624 523 1707 574 καί
1730 523 1802 589 μή

187 611 305 699 μετ’
327 627 529 684 εὐνοίας
559 625 642 676 καί
668 621 848 680 πάσης
870 625 1023 689 τιμῆς
1049 623 1123 688 τῷ
1153 615 1342 670 ἑαυτοῦ
1368 611 1593 686 δεσπότῃ
1621 612 1807 676 ἐξυπη-

191 722 482 797 ρετείσθαι,
512 716 737 787 ἀνάθεμα
767 710 927 767 ἔστω.

262 815 365 884 ξγ”.
398 809 463 865 Εἴ
477 830 555 869 τις
578 806 874 879 διακρίνοιτο
888 803 1035 875 παρά
1053 799 1413 876 πρεσϐυτέρου
1434 794 1802 871 γεγαμηκότος,

192 927 264 965 ως
297 909 375 975 μή
400 910 598 977 χρῆναι
624 901 1088 971 λειτουργήταντος
1129 894 1282 948 αὐτοῦ
1322 894 1623 968 προσφορᾶς
1659 910 1813 960 μεταο

192 993 503 1065 λαμϐάνειν,
528 992 757 1060 ἀνάθεμα
784 987 816 1042 ἕ
818 1009 947 1042 στω.

268 1086 368 1151 ξδ’.
397 1083 462 1140 Εἴ
477 1105 556 1144 τις
576 1081 807 1138 διδάσκει
825 1082 912 1135 τὸν
936 1072 1072 1133 οἶκον
1098 1082 1192 1133 τοῦ
1218 1080 1348 1131 Θεοῦ
1378 1074 1812 1148 εὐκαταφρόνητον

198 1173 356 1243 εἶναι,
388 1179 478 1231 καὶ
501 1176 593 1236 τάς
623 1175 674 1227 ἐν
704 1173 842 1244 αὖτῷ
871 1170 1122 1235 συνάξεις,
1153 1168 1378 1236 ἀνάθεμα
1408 1163 1563 1219 ἔστω.

278 1359 368 1425 ξε’.
405 1356 470 1412 Εἴ
506 1378 586 1417 τις
629 1356 773 1430 παρά
800 1358 889 1412 τὴν
920 1352 1185 1410 ἐκκλησίαν
1225 1348 1331 1423 ἰδία
1370 1348 1703 1411 ἐκκλησιάζει,
1734 1348 1815 1400 καί

200 1456 531 1521 καταφρονῶν
559 1455 651 1507 τῆς
673 1447 959 1509 ἐκκλησίας,
983 1446 1050 1498 τά
1078 1451 1169 1502 τῆς
1192 1442 1451 1500 ἐκκλησίας
1479 1439 1629 1493 ἐθέλοι
1657 1438 1815 1512 πράτ-

201 1563 314 1596 τειν
352 1546 426 1613 μή
469 1539 707 1598 συνόντος
759 1544 851 1592 τοῦ
903 1535 1267 1609 πρεσϐυτέρου
1314 1534 1442 1586 κλτά
1482 1534 1683 1603 γνώμην
1725 1535 1815 1585 τοῦ

204 1631 523 1691 ἐπισκόπου,
552 1630 783 1697 ἀνάθεμα
808 1624 974 1681 ἔστω.

278 1721 380 1785 ξς·’.
406 1719 470 1774 Εἴ
488 1742 570 1780 τις
598 1720 950 1791 καρποφορίας
980 1713 1396 1772 ἐκκλησιαστικάς
1424 1712 1573 1766 ἐθέλει
1614 1712 1815 1781 λαμϐά-

1907 517 2190 573 dominum
2239 526 2589 572 contemnere
2630 517 2863 582 doceat,
2906 525 2965 573 et
2991 518 3059 573 ab
3088 518 3205 588 ejus
3233 520 3498 591 obsequio

1908 608 2188 664 discedere
2213 647 2230 672 ,
2262 623 2363 664 nec
2390 610 2440 664 ei
2467 609 2610 664 bona
2640 610 2744 665 tide
2785 619 2840 665 et
2868 611 3015 667 omni
3044 611 3253 668 honore
3278 614 3507 683 servire,

1909 702 2196 756 anathema
2226 702 2316 756 sit.

1982 793 2160 848 LXIII.
2189 823 2262 833 —
2288 794 2340 850 4.
2373 794 2430 849 Si
2459 795 2579 864 quis
2618 796 2875 852 discernit
2905 798 3278 868 presbyterum
3309 800 3501 870 conju-

1912 895 2136 955 gatum,
2181 888 2336 955 quasi
2384 902 2494 943 non
2541 896 2828 958 oporteat,
2872 904 2940 943 eo
2982 890 3359 956 ministrante,
3392 890 3510 961 ejus

1914 975 2177 1031 oblationi
2206 978 2636 1040 communicare,
2665 978 2950 1032 anathema
2981 978 3069 1031 sit.

1986 1063 2168 1120 LXIV.
2196 1097 2259 1107 —-
2289 1064 2340 1120 5.
2368 1066 2425 1121 Si
2455 1068 2575 1136 quis
2603 1067 2763 1122 docet
2789 1068 3009 1123 domum
3033 1068 3126 1123 Dei
3151 1078 3509 1125 contemnen-

1915 1158 2038 1213 dam
2069 1174 2222 1227 esse,
2255 1167 2311 1215 ct
2339 1167 2635 1216 conventus
2662 1160 2755 1229 qui
2784 1161 2838 1214 in
2877 1175 2941 1215 ea
2971 1161 3345 1228 celebrantur,
3381 1179 3511 1216 ana-

1917 1252 2096 1307 thema
2127 1253 2217 1307 sit.

1990 1343 2149 1400 LXV.
2180 1379 2250 1388 —
2279 1344 2331 1399 6.
2372 1344 2429 1401 Si
2458 1346 2579 1414 quis
2608 1354 2760 1400 extra
2790 1346 3075 1402 ecclesiam
3105 1348 3352 1417 privatim
3382 1364 3512 1403 con—

1918 1441 2105 1496 ciones
2155 1441 2317 1494 habet
2349 1458 2362 1493 :
2394 1449 2450 1495 et
2480 1438 2776 1495 Ecclesiam
2807 1448 3162 1495 contemnens
3186 1483 3202 1507 ,
3244 1456 3363 1510 qum
3391 1452 3514 1497 sunt

1919 1533 2175 1589 Ecclesiae
2205 1534 2320 1588 vult
2367 1547 2567 1602 agere,
2621 1548 2729 1587 non
2776 1540 2989 1587 astante
3027 1534 3344 1604 presbytero
3393 1549 3515 1588 cum

1918 1627 2200 1682 voluntate
2229 1626 2492 1695 episcopi,
2523 1625 2808 1678 anathema
2834 1625 2923 1677 sit.

1992 1716 2173 1772 LXVI.
2207 1749 2277 1759 ——
2305 1717 2357 1769 7.
2400 1716 2458 1772 Si
2487 1716 2608 1784 quis
2637 1715 3033 1770 ecclesiasticas
3063 1717 3331 1770 fructuum
3362 1716 3517 1770 obla—

206 1834 331 1877 νεεν,
363 1812 396 1872 ἧ
422 1810 613 1867 διδόναι
642 1809 744 1874 ἔξω
778 1818 870 1870 τῆς
900 1808 1159 1866 ἐκκλησίας
1192 1808 1336 1880 παρά
1367 1809 1566 1877 γνώμην
1595 1811 1681 1860 τοῦ
1713 1806 1816 1860 ἔπι-

1965 1826 2097 1865 ones
2143 1818 2297 1865 extra
2342 1809 2625 1864 ecclesiam
2672 1808 2923 1877 accipere
2972 1816 3064 1860 aut
3093 1807 3222 1862 dare
3258 1809 3516 1873 voluerit,

206 1907 416 1962 σκόπου
446 1905 477 1964 ἦ
505 1911 598 1961 τοῦ
627 1903 1080 1976 ἔγκεχειρισμένου
1105 1901 1170 1955 τά
1198 1906 1441 1959 τοιαῦτα,
1470 1902 1555 1953 καὶ
1584 1903 1652 1969 μὴ
1693 1899 1822 1969 μετά

207 2003 419 2072 γνώμης
447 2001 606 2052 αὐτοῦ
633 1998 786 2050 ἐθέλει
813 1996 1079 2070 πράττειν,
1110 1993 1337 2064 ἀνάθεμα
1366 1990 1396 2047 ἔ
1398 2014 1533 2047 στω.

284 2173 379 2239 ξζ.
414 2172 481 2228 Εἴ
496 2195 574 2234 τις
600 2171 735 2229 διδοῖ
756 2171 787 2231 ἢ
812 2171 1061 2243 λαμϐάνοι
1084 2171 1432 2245 καρποφορίαν
1459 2166 1707 2246 παρεκτὸς
1731 2172 1821 2222 τοῦ

211 2267 528 2332 ἐπισκόπου,
559 2265 591 2324 ἦ
619 2272 710 2320 τοῦ
743 2263 1134 2335 ἐπιτεταγμένον
1164 2263 1235 2320 εἰς
1268 2263 1551 2331 οἰκονομίαν
1572 2258 1822 2325 εὐποιΐας,

213 2364 303 2415 καὶ
332 2359 359 2413 ὁ
390 2356 586 2421 διδοὺς,
612 2360 694 2411 καί
720 2355 744 2409 ό
766 2355 1056 2425 λαμϐάνων,
1087 2353 1310 2421 ἀνάθεμα
1334 2350 1491 2405 ἔστω.

290 2540 388 2605 ξη’.
421 2538 485 2593 Εἴ
508 2559 586 2598 τις
614 2537 911 2614 παρθενεύοι
943 2535 974 2595 ἧ
1004 2534 1374 2609 ἐγκρατεύοιτο.
1405 2534 1475 2593 ὡς
1522 2526 1581 2586 ἀν
1615 2529 1828 2601 βδελύτ-

216 2652 323 2685 των
351 2637 453 2685 τῶν
479 2630 656 2700 γάμων
678 2624 1096 2698 [βδελυττόμενος
1127 2625 1213 2678 τὸν
1249 2621 1429 2695 γάμον]
1454 2624 1824 2698 ἀναχωρήσας,

216 2728 302 2777 καὶ
330 2728 403 2795 μή
434 2720 521 2776 διά
551 2728 644 2776 τοῦ
679 2719 774 2790 [δι’
794 2720 916 2774 αὐτὸ
945 2716 1034 2788 τὸ]
1066 2718 1211 2773 καλὸν
1240 2720 1328 2771 καὶ
1356 2716 1498 2789 ἅγιον
1519 2724 1611 2777 τῆς
1636 2718 1825 2790 παρθε-

217 2820 353 2877 νίας,
381 2816 607 2886 ἀνάθεμα
638 2811 800 2868 ἔστω.

290 2909 381 2973 ξθ’.
422 2908 485 2962 Εἴ
504 2930 585 2969 τις
621 2915 723 2964 τῶν
760 2904 1164 2981 παρθενευόντων
1190 2902 1276 2959 διά
1304 2903 1392 2958 τὸν
1415 2904 1604 2980 κύριον,
1634 2921 1827 2957 κατεπ-

218 3004 424 3072 αίροιτο
452 3004 554 3051 τῶν
577 2994 958 3069 γεγαμηκότων,
988 2995 1212 3065 ἀνάθεμα
1239 2990 1398 3047 ἔστω.

297 3088 357 3143 ο’.
388 3087 456 3143 Εἴ
471 3108 554 3148 τις
580 3088 915 3159 καταφρονοίη
937 3092 1038 3140 τῶν
1067 3085 1120 3136 ἔκ
1141 3085 1367 3141 πίστεως
1395 3082 1599 3152 ἀγάπας
1624 3080 1825 3135 ποιούν-

1927 1910 2123 1972 przeter
2151 1916 2474 1955 consensum
2506 1900 2776 1969 episcopi,
2811 1898 2895 1952 vel
2927 1898 3044 1967 ejus
3081 1900 3165 1953 cui
3216 1899 3521 1968 hujusmodi

1928 1992 2104 2049 ofﬁcia
2132 1993 2418 2048 commissa
2448 2000 2575 2047 sunt
2597 2033 2611 2057 ,
2643 2007 2745 2048 nec
2786 2006 2908 2047 cum
2939 1991 3056 2061 ejus
3100 1993 3335 2047 voluerit
3361 2008 3521 2064 agere

1927 2083 2154 2139 consilio
2173 2126 2188 2150 ,
2219 2084 2507 2137 anathema
2537 2083 2624 2138 sit.

1999 2169 2206 2226 LXVII.
2227 2203 2296 2213 —
2318 2170 2371 2224 8.
2397 2170 2454 2226 Si
2474 2172 2594 2240 quis
2615 2171 2826 2227 dederit
2844 2172 2930 2227 vel
2957 2174 3227 2243 acceperit
3253 2173 3523 2230 fructuum

1928 2262 2253 2327 oblationes,
2280 2270 2478 2333 praeter
2506 2263 2841 2334 episcopum,
2872 2265 2960 2318 vel
2986 2280 3110 2319 eum
3138 2267 3231 2335 qui
3258 2269 3523 2322 constitu-

1932 2362 2015 2409 tus
2043 2363 2126 2410 est
2154 2355 2220 2409 ad
2250 2354 2709 2425 dispensationem
2750 2356 3119 2413 beneﬁcentia:
3155 2376 3169 2412 :
3201 2366 3257 2413 et
3286 2360 3378 2429 qui
3408 2360 3522 2429 dat,

1930 2456 1985 2502 ct
2012 2449 2103 2518 qui
2133 2449 2348 2519 accipit,
2379 2449 2666 2504 anathema
2696 2450 2785 2504 sit.

2003 2539 2233 2593 LXVIII.
2266 2572 2339 2580 —
2366 2541 2418 2595 9.
2452 2541 2510 2596 Si
2538 2541 2659 2612 quis
2694 2542 3055 2611 virginitatem
3093 2530 3403 2601 custodiens
3433 2554 3525 2601 aut

1930 2633 2277 2688 continentiae
2302 2633 2551 2699 studens,
2584 2634 2735 2690 velut
2763 2636 3060 2691 abhorrens
3095 2640 3333 2709 nuptias,
3369 2656 3524 2695 sece—

1932 2722 2058 2791 dat,
2089 2738 2198 2777 non
2229 2722 2349 2777 ideo
2376 2724 2500 2794 quia
2531 2733 2717 2781 sancta
2746 2726 2817 2780 sit
2853 2727 3164 2795 virginitas,
3196 2744 3371 2799 neque
3397 2746 3525 2801 pro-

1932 2825 2055 2887 pter
2081 2817 2253 2887 ipsum
2281 2817 2604 2888 virginitatis
2632 2818 2853 2885 bonum,
2885 2823 3169 2878 anathema
3196 2824 3284 2880 sit.
3452 2821 3458 2827 ’

2005 2905 2188 2961 LXIX.
2219 2938 2290 2947 —
2319 2906 2402 2960 10.
2434 2907 2492 2963 Si
2520 2908 2641 2977 quis
2668 2909 3031 2979 virginitatem
3059 2927 3279 2968 servans
3306 2921 3527 2984 propter

1932 2998 2244 3067 Dominum,
2260 3014 2319 3054 se
2338 3014 2498 3070 supra
2522 3000 2840 3069 conjugatos
2861 3003 3105 3068 extollat,
3130 3005 3415 3059 anathema
3434 3005 3523 3060 sit.

2006 3088 2166 3143 LXX.
2198 3122 2268 3131 —
2300 3088 2388 3143 11.
2430 3089 2488 3145 Si
2518 3091 2638 3160 quis
2668 3091 2790 3146 illos
2820 3092 3076 3163 deSpicit,
3108 3094 3201 3163 qui
3235 3109 3431 3165 agapas
3460 3110 3527 3150 ex

221 3203 345 3245 των,
374 3181 465 3233 καὶ
494 3177 580 3234 διὰ
616 3182 768 3249 τιμήν
793 3183 886 3231 τοῦ
919 3177 1095 3250 κυρίου
1128 3174 1517 3244 συγκαλούντων
1545 3174 1667 3232 τούς
1692 3170 1833 3226 ἀδελ-

1965 3179 2042 3235 ide
2079 3178 2322 3245 faciunt,
2355 3187 2412 3234 et
2440 3189 2665 3250 propter
2693 3182 2957 3238 honorem
2988 3182 3200 3238 Domini
3228 3192 3529 3241 convocant

222 3275 375 3344 φοὺς,
406 3273 495 3325 καί
516 3273 588 3340 μή
612 3269 768 3324 ἐθέλοι
795 3274 1039 3322 κοινωνεῖν
1069 3273 1178 3325 ταῖς
1200 3265 1435 3328 κλήσεσι,
1457 3261 1543 3318 διὰ
1563 3263 1621 3317 τὸ
1642 3263 1833 3327 ἐξευτε-

223 3359 380 3427 λίζειν
408 3362 467 3414 τὸ
495 3359 777 3432 γινόμενον,
803 3358 1026 3427 ἀνάθεμα
1056 3353 1215 3410 ἔστω.

301 3454 401 3509 οα’.
435 3452 500 3507 Εἴ
528 3473 611 3512 τις
648 3450 841 3524 ἀνδρῶν
878 3448 965 3504 διά
1010 3450 1335 3519 νομιζομένην
1367 3445 1587 3505 ἄσκησιν
1616 3446 1828 3524 περιϐο-

227 3545 353 3613 λαίῳ
382 3550 584 3621 χρῆται
600 3535 925 3617 [κέχρηται],
950 3541 1032 3592 καὶ
1057 3541 1124 3598 ὡς
1147 3533 1204 3591 ἂν
1233 3539 1286 3591 ἐκ
1308 3539 1496 3593 τούτου
1523 3541 1615 3594 τὴν
1644 3535 1834 3591 δικαιο-

228 3640 391 3695 σύνην
431 3636 609 3707 ἔχων,
657 3634 1063 3705 καταῷηφίσοιτο
1116 3638 1215 3686 τῶν
1270 3630 1380 3702 μετ’
1402 3630 1664 3689 εὐλαϐείας
1713 3632 1834 3688 τοὺς

231 3732 435 3806 βάρους
478 3729 782 3805 φορούντων,
810 3728 895 3780 καί
1044 3722 1165 3794 ἄλλῃ
1205 3730 1342 3799 κοινῇ
1385 3724 1468 3777 καὶ
1509 3722 1559 3777 ἐν
1597 3722 1836 3794 συνηθείᾳ

232 3820 368 3895 οὔσῃ
395 3821 577 3879 ἱσθῆτι
603 3818 949 3895 κεχρημένων,
976 3816 1201 3886 ἀνάθεμα
1229 3812 1384 3869 ἔστω.

308 3911 381 3969 οϐ’
391 3953 405 3966 .
438 3910 504 3966 Εἴ
522 3932 601 3971 τις
620 3914 748 3984 γυνὴ
777 3908 864 3964 διά
890 3909 1212 3977 νομιζομένην
1233 3904 1453 3964 ἄσκησιν
1478 3905 1839 3970 μεταϐάλλοιτο

234 4011 537 4080 ἀμφὶνσμα,
565 4007 650 4059 καί
695 4006 811 4059 ἀντὶ
837 4008 927 4056 τοῦ
975 4002 1206 4060 εἰωθότος
1229 3999 1515 4072 γυναικείου
1545 4000 1843 4068 ἀμφιάσμα-

235 4120 345 4163 τος,
368 4096 604 4172 ἀνδρεῖον
628 4089 897 4171 [ἀνδρῶον]
919 4092 1159 4147 ἀναλάϐοι
1179 4087 1593 4163 [ἀναλαμϐάνοι],
1617 4090 1842 4158 ἀνάθεμα

238 4189 401 4245 ἴστω.

310 4281 410 4353 07'.
441 4276 507 4333 Εῗ
521 4299 604 4339 τις
627 4281 754 4350 γυνὴ
780 4276 1153 4347 καταλιμπάνοι
1179 4276 1266 4330 τὸν
1297 4272 1459 4349 ἄνδρα
1478 4317 1492 4341 ,
1524 4275 1608 4327 καὶ
1631 4274 1845 4342 ἀναχω-

242 4380 355 4447 ρεῖν
377 4370 557 4432 ἐθέλοι,
586 4366 967 4440 βδηλυττομένη
998 4366 1087 4422 τόν
1112 4368 1297 4436 γάμον,
1321 4366 1549 4436 ἀνάθεμα
1577 4362 1733 4418 ἔστω.

312 4459 412 4517 03'.
458 4458 523 4513 Εἴ
559 4479 640 4518 τις
681 4458 1049 4527 καταλιμπάνει
1093 4457 1161 4511 τά
1209 4455 1399 4509 ἑαυτοῦ
1446 4456 1622 4520 τέκνα,
1654 4455 1740 4507 καί
1778 4456 1847 4521 μή

1931 3270 2146 3336 fratres,
2176 3279 2231 3327 et
2256 3271 2491 3327 noluerit
2530 3273 2832 3342 hujusmodi
2860 3275 3237 3332 vacationibus
3287 3293 3528 3332 commu-

1933 3360 2134 3423 nicare,
2166 3361 2563 3431 parvipendens
2588 3363 2733 3431 quod
2762 3365 2958 3433 agitur,
2981 3367 3266 3420 anathema
3297 3368 3382 3422 sit.

2007 3450 2291 3505 LXXI.‘—
2320 3451 2407 3507 12.
2439 3451 2497 3507 Si
2527 3453 2646 3521 quis
2674 3454 2785 3519 vir,
2818 3455 2888 3509 ob
2917 3470 3036 3509 eam
3076 3471 3195 3524 qua:
3254 3456 3531 3512 existima~

1937 3552 2024 3598 tur
2068 3544 2291 3613 pietatis
2336 3546 2781 3600 exercitationem
2809 3586 2824 3610 ,
2855 3555 3040 3602 utatur
3067 3548 3356 3618 periboltno
3380 3592 3396 3617 ,
3427 3550 3532 3608 hoc

1937 3643 2021 3690 est
2066 3628 2273 3689 amictu"
2315 3634 2464 3703 pallii
2500 3653 2513 3688 :
2546 3643 2601 3690 et
2635 3636 2783 3691 velut
2820 3638 2875 3691 in
2911 3638 3016 3693 hoc
3039 3638 3300 3707 justitiam
3328 3642 3531 3697 consti-

1941 3736 2133 3795 tuens,
2162 3726 2488 3781 condemnet
2524 3742 2620 3782 eos
2656 3728 2747 3796 qui
2789 3744 2911 3783 cum
2940 3730 3144 3798 pietate
3171 3731 3316 3785 beris
3344 3741 3399 3785 et
3428 3731 3531 3788 alia

1938 3817 2210 3873 communi
2239 3817 2506 3888 solitaque
2532 3825 2682 3872 veste
2713 3827 2953 3883 utuntur,
2986 3820 3272 3875 anathema
3300 3823 3388 3876 sit.

2014 3908 2222 3964 LXXII.
2248 3942 2321 3953 —
2352 3910 2438 3963 15.
2470 3909 2527 3963 Si
2556 3925 2662 3979 qua
2714 3910 2905 3965 mulier
2927 3951 2942 3975 ,
2983 3920 3206 3981 propter
3251 3929 3372 3968 eam
3417 3932 3536 3986 qua:

1944 4002 2286 4058 existimatur
2327 4003 2544 4072 pietatis
2584 4002 3055 4067 exercitationem,
3096 4012 3300 4060 vestem
3343 4015 3536 4073 mutet,

1946 4101 2002 4149 et
2027 4110 2126 4163 pro
2155 4094 2314 4150 solita
2343 4102 2495 4149 veste
2522 4093 2801 4161 muliebri,
2834 4095 3041 4150 virilem
3071 4104 3275 4163 sumat,
3309 4099 3539 4153 anathe-

1946 4197 2034 4237 ma
2063 4184 2152 4237 sit.

2022 4277 2251 4333 LXXIII.
2278 4308 2351 4318 ——
2375 4279 2462 4332 14.
2485 4278 2541 4333 Si
2563 4293 2668 4347 qua
2690 4278 2882 4333 mulier
2903 4293 2933 4332 a
2956 4279 3151 4333 marito
3171 4295 3269 4334 suo
3288 4281 3539 4347 divertat,

1950 4378 2004 4425 et
2034 4370 2288 4425 secedere
2314 4369 2461 4430 velit,
2488 4369 2702 4434 nuptias
2728 4369 3043 4433 abhorrens,
3070 4370 3353 4425 anathema
3377 4372 3466 4427 sit.

2024 4457 2252 4512 LXXIV.
2285 4487 2357 4497 —
2386 4456 2473 4510 15.
2521 4457 2576 4512 Si
2607 4458 2729 4527 quis
2758 4458 2897 4513 tilios
2924 4473 3051 4513 suos
3079 4459 3295 4514 deserat
3319 4502 3333 4526 ,
3365 4471 3422 4517 et
3448 4479 3546 4521 eos

243 4552 422 4627 [μηδὲ]
452 4556 798 4626 τεκνοτροφεῖ,
824 4550 909 4604 καί
936 4549 997 4604 τὸ
1025 4547 1146 4603 ὅσον
1184 4548 1347 4616 ἑαυτῷ
1384 4544 1476 4618 [ἐφ’
1496 4542 1687 4617 ἑαυτῷ]
1718 4543 1835 4613 πρός

1965 4565 2064 4605 non
2096 4549 2242 4615 alat,
2274 4555 2328 4603 et
2356 4555 2615 4617 quantum
2644 4548 2699 4602 in
2727 4564 2789 4603 se
2816 4556 2900 4604 cst
2924 4549 2992 4604 ad
3023 4550 3282 4619 pietatem
3312 4559 3367 4607 et
3394 4552 3547 4609 dehi«

244 4644 545 4702 θεοσέϐειαν
572 4647 664 4701 την
690 4645 1054 4715 προσήκουσαν
1099 4642 1279 4713 ἀνάγοι
1304 4636 1480 4710 [EE-yet],
1505 4637 1631 4691 άλλά
1657 4639 1854 4713 προφά-

244 4757 327 4791 σει
354 4742 454 4794 τῆς
478 4735 746 4792 ἀσκήσεως
767 4732 993 4802 ἀμελοίη,
1021 4733 1243 4801 ἀνάθεμα
1269 4728 1402 4785 ἔστω

317 4825 417 4880 οε’.
448 4823 517 4877 Εἴ
536 4846 650 4881 τινα
678 4825 828 4879 τέκνα
846 4822 1048 4896 γονέων,
1072 4823 1295 4893 μάλιστα
1316 4827 1531 4884 πιστῶν,
1556 4820 1853 4892 ἀναχωροίη
1909 4838 1913 4842 ’

247 4920 510 4995 πρωράσει
538 4917 846 4979 θεοσεϐείας,
873 4918 957 4969 καί
997 4920 1067 4986 μὴ
1093 4919 1184 4973 τήν
1226 4915 1545 4972 καθήκουσαν
1573 4917 1722 4982 τιμὴν
1750 4918 1858 4970 τοῖς

248 5018 487 5077 γονεῦσιν
530 5010 792 5078 ἀπονέμοι,
841 5008 1232 5082 προτιμωμένης
1276 5005 1500 5064 δηλονότι
1544 5003 1667 5079 παρ’
1684 5006 1859 5064 αὐτοῖς

250 5112 347 5164 τῆς
374 5102 694 5165 θεοσεϐείας,
728 5101 950 5169 ἀνάθεμα
986 5097 1149 5155 ἔστω.

327 5197 431 5258 ος-’.
463 5194 527 5250 Εἴ
552 5217 630 5256 τις
658 5200 908 5268 γυναικῶν
958 5192 1041 5248 διά
1066 5193 1388 5264 νομιζομένην
1418 5188 1636 5250 ἄσκησιν
1666 5189 1862 5262 [θεοσε-

254 5286 431 5357 ϐείαν]
460 5276 783 5363 ἀποκείροιτο
809 5287 902 5345 τὰς
932 5285 1109 5355 κόμας,
1141 5284 1202 5344 ἃς
1230 5283 1414 5339 ἔδωκεν
1440 5282 1465 5339 ὁ
1489 5284 1610 5344 Θεὸς
1637 5284 1717 5344 εἰς’
1735 5280 1867 5338 ὑπό-

254 5405 448 5455 μνησιν
472 5391 561 5441 τῆς
584 5382 877 5452 ὑποταγῆς,
903 5381 971 5439 ὡς
997 5378 1289 5433 ἀναλύουσα
1314 5373 1709 5453 [παραλύσασα]
1735 5374 1865 5451 πρό-

255 5498 486 5547 σταγμα
519 5482 605 5533 τῆς
636 5474 918 5543 ὑποταγῆς,
948 5472 1167 5540 ἀνάθεμα
1203 5471 1365 5524 ἴστω.

332 5566 428 5630 οξ.
458 5561 525 5618 Εἴ
542 5584 621 5623 τις
661 5561 745 5617 διά
768 5564 1092 5634 νομιζομένην
1118 5551 1340 5618 ἄσκησιν
1370 5561 1419 5613 ἐν
1445 5568 1507 5635 τῇ
1536 5568 1748 5635 κυριαῷ
1777 5582 1864 5617 νη-

254 5661 464 5722 στεοίοι,
494 5656 720 5723 ἀνάθεμα
748 5652 902 5708 ἴστω.

346 5854 413 5890 οη
434 5871 447 5886 .
492 5829 551 5885 Εἴ
570 5853 645 5893 τις
675 5838 772 5885 τῶν
820 5829 1172 5899 ἀφιγμένων,
1207 5830 1375 5904 χωρίς
1402 5833 1693 5898 σωματικῆς
1720 5825 1871 5897 ἀνάγ-

1955 4628 2069 4693 tum
2116 4638 2212 4693 Dei
2257 4638 2460 4693 cultum
2505 4653 2614 4693 non
2663 4639 2904 4694 instituat
2943 4657 2957 4693 :
3006 4639 3103 4695 sed
3148 4642 3550 4700 exercitationis

1957 4736 2243 4800 praetextu,
2266 4727 2507 4796 negligit,
2540 4727 2826 4783 anathema
2854 4729 2943 4785 sit.

2031 4819 2240 4875 LXXV.
2277 4849 2347 4859 —
2376 4820 2462 4873 16.
2514 4818 2573 4875 Si
2617 4821 2709 4891 qui
2752 4819 2843 4875 lilii
2874 4822 3129 4877 secedant
3157 4839 3188 4879 a
3216 4825 3549 4894 parentibus,

1959 4915 2194 4969 maxime
2218 4913 2481 4980 ﬁdelibus,
2504 4913 2671 4968 divini
2700 4914 2874 4971 cultus
2897 4922 3181 4987 pnetextu,
3208 4915 3553 4986 debitumque

1961 5004 2278 5075 parentibus
2305 5003 2570 5059 honorem
2598 5018 2705 5058 non
2734 5004 3056 5069 exhibeant,
3087 5006 3375 5076 praeposito
3402 5006 3552 5062 vidc-

1966 5095 2093 5151 licet
2118 5093 2256 5163 apud
2287 5094 2431 5163 ipsos
2454 5093 2635 5148 divino
2663 5094 2830 5159 cultu,
2859 5095 3148 5151 anathema
3175 5096 3263 5149 sit.

2039 5184 2268 5239 LXXVI.
2300 5216 2372 5226 —
2401 5183 2490 5240 17.
2538 5184 2596 5239 Si
2623 5199 2729 5255 qua
2765 5185 2960 5241 mulier
2982 5227 2998 5253 ,
3038 5193 3260 5257 propter
3285 5200 3408 5241 eam
3434 5201 3552 5259 qua:

1970 5275 2310 5332 existimatur
2338 5274 2554 5346 pietatis
2579 5275 3042 5343 exercitationem,
3074 5291 3286 5332 comam
3313 5278 3554 5348 tondeat,

1971 5380 2135 5436 quam
2179 5365 2322 5421 Deus
2358 5364 2407 5418 ei
2437 5365 2586 5419 dedit
2616 5365 2672 5419 in
2708 5365 3022 5419 memoriam
3068 5364 3417 5435 subjectionis
3440 5407 3458 5435 ,
3497 5379 3560 5427 ut

1970 5470 2090 5527 qua:
2118 5453 2469 5523 subjectionis
2498 5463 2825 5525 prteceptum
2848 5454 3126 5522 dissolvat,
3149 5457 3438 5514 anathema
3463 5461 3555 5517 sit.

2043 5546 2294 5626 LXXVII.
2328 5578 2399 5590 -
2432 5546 2518 5602 18.
2561 5547 2619 5603 Si
2644 5547 2763 5617 quis
2783 5587 2799 5613 ,
2831 5547 2902 5602 ob
2929 5561 3048 5602 eam
3076 5561 3195 5617 qua:
3223 5550 3562 5607 existimatur

1974 5640 2192 5709 pietatis
2227 5638 2670 5707 exercitationem
2692 5677 2707 5704 ,
2739 5638 3017 5693 Dominice
3047 5637 3137 5695 die
3159 5638 3394 5709 jejunat,
3426 5657 3559 5698 ana-

1977 5733 2155 5788 thema
2185 5732 2273 5786 sit.
3106 5738 3109 5741 ·

2051 5821 2323 5879 LXXVIII.
2364 5855 2426 5863 ——
2460 5823 2541 5877 l9.
2575 5823 2629 5881 Si
2659 5834 2777 5895 quis
2807 5840 3013 5894 eorum,
3042 5826 3133 5895 qui
3161 5825 3374 5897 pietatis
3403 5837 3557 5883 exct-
