4012 6524
425 4725 438 4780 ἐ

435 310 498 366 59

1703 298 2059 357 DIONYSIUS
2097 295 2255 354 EXIG
2266 295 2304 353 U
2317 297 2417 353 US.

3641 312 3713 367 60

429 446 517 484 κης
561 422 1022 498 ύπερηφανεύοιτο,
1066 424 1146 474 καὶ
1190 422 1283 479 τάς
1332 415 1745 494 παραδεδομένας
1783 415 2020 473 νηστείας

2159 411 2369 465 itationi
2397 409 2640 474 student,
2673 411 2877 480 absque
2908 415 3231 472 necessitate
3261 421 3529 488 corporis,
3562 422 3714 479 inso—

429 519 500 577 εἰς
540 517 598 570 τὸ
647 515 838 576 κοινὸν,
888 517 969 568 καί
1025 513 1412 583 ῖυλασσομένας
1467 509 1569 562 ὑπὸ
1616 516 1708 568 τῆς
1763 507 2022 566 ἐικλησίας

429 605 700 678 παραλύει,
729 609 1100 680 ἀποκυροῦντος
1126 603 1290 674 [Ζοη.
1325 597 1790 676 ύποικουροῦντος]
1818 599 1867 654 έν
1887 602 2024 670 αὐτῷ

429 700 619 753 τελείου
647 700 915 770 λογισμοῦ,
946 699 1167 766 ἀνάθεμα
1198 694 1352 750 ἔστω.

503 790 589 845 οϐ’.
618 788 681 844 Εἴ
705 811 782 847 τις
820 792 1025 857 αἰτιῷτο
1056 785 1326 859 [αἰτιᾶται]
1365 787 1666 863 ύπερη-ξάνῳ
1694 783 1916 846 διαθέσει
1943 802 2025 836 κε-

429 905 468 952 χ
473 881 708 958 ρημνος,
727 880 808 933 καί
827 876 1012 952 βδελυο
1025 880 1234 948 diuvo;
1249 877 1341 936 τάς
1357 877 1586 938 συνάξεις
1607 881 1703 928 τῶν
1723 874 2017 947 μαρτύρων,

427 974 455 1032 ἣ
499 976 592 1033 τάς
624 973 674 1024 ἓν
717 973 888 1030 αὐτοῖς
913 971 1181 1042 γινομένας
1215 968 1552 1041 λειτουργίας,
1584 969 1668 1019 καί
1704 967 1799 1025 τὰς
1828 968 2024 1037 μνήμας

412 1047 607 1133 ἶαύτῶν,
641 1063 868 1133 ἀνάθεμα
895 1061 927 1116 ἕ
931 1083 1061 1116 στω.

413 1107 421 1158 1

2128 502 2313 567 lcscat,
2345 512 2400 556 et
2431 503 2623 557 tradita
2667 504 2720 558 in
2748 520 3031 562 commune
3056 508 3259 577 jejunia
3288 519 3343 565 et
3378 514 3444 567 ab
3474 513 3719 572 Ecclesia

2131 592 2412 646 observata
2432 593 2706 659 dissolvat,
2737 596 2985 651 nimirum
3012 600 3269 669 perfecta,
3297 618 3413 672 quae
3443 605 3495 658 in
3523 621 3588 662 eo
3612 618 3715 672 est,

2131 688 2541 743 ratiocinatione
2572 689 2659 743 illa
2689 690 3052 759 improbante,
3085 696 3371 750 anathema
3404 699 3490 752 sit.

2202 777 2437 832 LXXIX.
2469 810 2535 820 —-
2565 779 2651 833 20.
2693 779 2749 834 Si
2778 782 2898 849 quis
2924 785 3157 853 superbo
3195 785 3388 850 affectu
3419 796 3577 844 utens
3599 832 3614 857 ,
3667 802 3726 845 ct

2131 870 2428 923 abhorrens
2458 879 2757 924 conventus
2786 879 3078 943 martyrum
3099 914 3114 936 ,
3146 884 3200 928 et
3230 892 3378 931 saera
3407 893 3525 947 qua:
3555 881 3606 934 in
3643 883 3727 937 eis

2131 962 2492 1027 celebrantur,
2519 973 2576 1016 et
2603 977 2789 1017 eorum
2819 965 3138 1031 memorias,
3167 969 3451 1024 anathema
3480 973 3567 1029 sit.

2247 1202 3710 1225 ______________________

1361 1285 1919 1400 CONCILII
1977 1287 2771 1400 ANTIOCHENI

1491 1460 1855 1522 CANONES
1902 1459 2082 1518 XXV
2121 1459 2278 1537 (An.
2314 1461 2460 1521 Chr.
2491 1459 2656 1538 3M).

1944 1580 2236 1596 ~—————-

504 1682 574 1737 π’.
601 1683 793 1741 Πάντας
814 1682 932 1741 τοὺς
948 1680 1234 1749 τολμῶντας
1259 1676 1533 1750 παραλύειν
1549 1671 1918 1748 [παραίῗαίνειν]
1941 1671 2024 1724 τὸν

2202 1672 2408 1726 LXXX.
2441 1708 2510 1716 -
2543 1675 2590 1729 I.
2637 1676 2834 1731 Omnes
2862 1679 2952 1748 qui
2981 1680 3179 1734 audent
3208 1683 3504 1737 dissolvere
3533 1685 3727 1738 delini-

436 1777 548 1851 ὅρον
580 1785 668 1836 τῆς
704 1777 847 1846 ἁγίας
879 1777 960 1828 καί
994 1773 1214 1844 μεγάλης
1248 1768 1464 1824 συνόδου
1494 1777 1586 1827 τῆς
1620 1770 1666 1820 ἐν
1695 1769 1873 1839 Νικαίᾳ
1899 1785 2028 1834 συγ-

2155 1768 2336 1817 ionem
2364 1773 2563 1818 sancta:
2591 1773 2644 1819 et
2672 1780 2875 1834 magnae
2905 1768 3112 1837 synodi,
3134 1773 3254 1837 qna:
3275 1771 3464 1827 Nicaea:
3491 1789 3721 1841 congre-

436 1871 756 1942 ετροτηθείσης
784 1868 868 1920 ἐπὶ
894 1869 1156 1938 παρουσίᾳ
1186 1873 1275 1921 τῆς
1300 1861 1563 1918 εύσεῗείας
1601 1865 1690 1912 τοῦ
1720 1858 2036 1927 θεοφιλεστά-

441 1977 532 2010 του
567 1956 816 2024 βασιλέως
852 1954 1257 2015 Κωνσταντίνου,
1300 1952 1531 2021 περὶτῆς
1565 1947 1716 2018 ἁγίας
1743 1947 1920 2021 ἑορτῆς
1948 1953 2034 2000 τοῦ

437 2045 797 2120 σωτηριὼδους
825 2045 1043 2114 πάσχα,
1067 2045 1446 2101 ἀκοινωνήτους,
1463 2042 1548 2092 καὶ
1574 2039 1897 2099 ἀποϐλητους
1919 2035 2039 2092 εἶναι

438 2147 531 2198 τῆς
572 2139 835 2196 Euhoe-£27;
862 2177 877 2202 ,
925 2140 966 2189 εἰ
997 2137 1275 2207 ἑπιμένοιεν
1304 2129 1689 2206 φιλονεικότερον
1728 2132 2040 2201 ἐνιστάμενοι

381 2233 391 2238 ’
444 2231 574 2299 πρὸς
603 2231 665 2284 τά
696 2230 858 2289 καλῶς
888 2227 1182 2298 δεδογμένα.
1218 2228 1316 2278 Καὶ
1349 2231 1516 2279 ταῦτα
1546 2224 1764 2297 εἰρήσθω
1797 2227 2038 2295 περὶτῶν

440 2321 502 2376 λα
525 2329 643 2375 κῶν.
676 2323 730 2374 Εἰ
759 2319 810 2374 δέ
837 2342 914 2379 τις
937 2327 1037 2374 τῶν
1068 2318 1413 2392 προεστώτων
1437 2323 1528 2374 τῆς
1553 2315 1838 2378 ἐκκλησίας,
1873 2314 2037 2370 ἐπίσ-

442 2423 595 2471 κοπος
624 2411 652 2469 ἦ
682 2403 1037 2483 πρεσϐύτερος
1067 2409 1096 2468 ἦ
1137 2407 1391 2466 διάκονος,
1422 2407 1553 2474 μετά
1579 2406 1664 2458 τὸν
1706 2402 1816 2480 ὅρον
1860 2412 2038 2460 τοῦτον

443 2503 737 2571 τολμήσειεν
765 2503 848 2553 ξπί
879 2499 1158 2575 διαστροφῇ
1191 2507 1290 2552 τῶν
1317 2500 1450 2550 λαῶν
1477 2502 1559 2551 καὶ
1583 2506 1792 2571 ταραχῇ
1823 2505 1921 2551 τῶν
1954 2499 2036 2550 ἐκ·

443 2594 656 2650 κλησιών
681 2634 695 2656 ,
734 2590 944 2654 ἰδιάζειν
974 2593 1054 2642 καί
1092 2593 1223 2660 μετά
1265 2595 1365 2642 τῶν
1396 2584 1644 2640 Ἰουδαίων
1688 2586 1933 2640 ἐπιτελεῖν
1978 2588 2036 2640 τὸ

436 2686 668 2753 πάσχα,
699 2689 874 2738 τοῦτον
912 2685 941 2740 ἡ
976 2681 1094 2752 ἀγά
1131 2677 1344 2738 σύνοδος
1386 2679 1606 2732 ἐντεῦθεν
1655 2675 1750 2734 ἤδη
1781 2677 2036 2749 ἀλλότριον

444 2775 606 2848 ἔκρινε
628 2782 716 2832 τῆς
739 2774 1032 2831 ἐκκλησίας,
1056 2774 1123 2829 ὡς
1144 2771 1200 2822 οὐ
1229 2765 1378 2839 μόνον
1411 2768 1578 2836 ἑαυτῷ
1607 2768 1888 2840 ἁμαρτίας,
1911 2770 2037 2822 ἀλλά

445 2867 642 2925 πολλοῖς
684 2863 960 2937 διαφθορᾶς
989 2865 1073 2916 καί
1101 2859 1411 2932 διαστροφῆς
1452 2860 1709 2929 γινόμενον
1741 2856 1918 2912 αἴτιον·
1957 2862 2040 2913 καὶ

446 2963 502 3011 οῦ
529 2960 677 3028 μόνον
705 2961 822 3016 τούς
846 2957 1107 3013 τοιούτους
1135 2956 1364 3028 καθαίρει
1392 2961 1484 3010 τῆς
1519 2952 1836 3024 λειτουργίας
1857 2994 1871 3016 ,
1915 2952 2039 3005 ἀλλά

448 3055 530 3105 καί
558 3052 676 3108 τοῦς
702 3048 992 3116 τολμῶντας
1013 3046 1213 3103 τούτοις
1238 3050 1484 3097 κοινωνεῖν
1515 3044 1646 3110 μετά
1683 3048 1771 3100 τήν
1810 3043 2039 3116 καθαίρε-

2137 1864 2260 1922 gata
2283 1863 2381 1920 est,
2415 1855 2466 1908 in
2499 1857 2779 1925 praesentia
2811 1859 3192 1926 religiosissimi
3217 1863 3557 1932 imperatoris
3580 1864 3726 1919 Con—

2138 1947 2380 2011 stantini,
2405 1949 2472 2002 de
2503 1958 2688 2004 sancto
2720 1949 2858 2004 festo
2887 1952 3146 2006 salutiferi
3178 1953 3474 2021 Paschalis,
3501 1971 3724 2010 excom-

2138 2039 2442 2092 municatos
2495 2047 2550 2091 et
2597 2036 2829 2093 Ecclesia
2883 2041 3084 2109 ejectos
3132 2059 3250 2098 esse
3298 2047 3580 2100 statuimus
3611 2089 3626 2113 ,
3678 2048 3725 2102 si

2141 2129 2508 2182 contentiosus
2553 2130 2810 2185 adversus
2833 2146 2929 2200 ea,
2965 2150 3084 2202 quae
3121 2145 3271 2190 recte
3313 2136 3528 2191 decreta
3574 2148 3720 2200 sunt,

2140 2221 2493 2288 perstiterint.
2551 2219 2618 2274 Et
2647 2222 2760 2276 haec
2786 2224 3001 2290 quidem
3031 2227 3098 2278 de
3128 2227 3275 2282 laicis
3302 2227 3441 2281 dicta
3487 2229 3613 2283 sint.
3663 2229 3724 2283 Si

2140 2312 2260 2380 quis
2287 2321 2463 2364 autem
2495 2327 2682 2366 eorum
2713 2315 2802 2381 qui
2833 2324 3066 2382 prmsunt
3104 2316 3383 2386 Ecclesiae,
3416 2323 3721 2391 cpiscopus,

2141 2405 2222 2457 vel
2253 2404 2553 2472 presbyter,
2590 2407 2674 2458 vel
2704 2405 2961 2459 diaconus
3003 2418 3124 2476 post
3170 2410 3311 2464 hanc
3357 2412 3724 2483 deﬁnitionem

2141 2509 2302 2549 ausus
2328 2494 2526 2562 fuerit,
2559 2498 2624 2550 ad
2655 2497 2976 2565 populorum
3021 2501 3424 2556 snbversionem
3453 2513 3508 2557 et
3534 2504 3723 2560 Eccle-

2139 2585 2338 2640 siarum
2358 2588 2815 2654 perturbationem
2837 2603 3079 2643 seorsum
3104 2603 3280 2658 agere,
3299 2601 3354 2647 et
3377 2591 3576 2648 Pascha
3601 2611 3724 2650 cum

2139 2675 2335 2730 Judaeis
2361 2675 2642 2732 celebrare
2665 2719 2678 2744 ,
2712 2680 2855 2734 hunc
2899 2690 3083 2735 sancta
3109 2683 3343 2754 synodus
3369 2685 3565 2740 abhinc
3594 2687 3728 2741 alie-

2141 2781 2266 2820 num
2297 2781 2416 2821 esse
2435 2769 2502 2823 ab
2525 2766 2760 2822 Ecclesia
2781 2769 3055 2836 judicavit.
3087 2781 3143 2825 ut
3170 2773 3260 2841 qui
3287 2788 3394 2828 non
3423 2775 3521 2828 sibi
3550 2776 3726 2829 solum

2143 2859 2393 2927 peccati,
2434 2859 2528 2913 sed
2567 2867 2622 2914 et
2663 2861 2845 2914 multis
2883 2863 3030 2916 exitii
3083 2871 3136 2916 et
3169 2865 3534 2920 subversionis
3562 2880 3726 2920 causa

2145 2949 2306 3004 fuerit
2332 2969 2342 3002 :
2370 2959 2426 3005 et
2455 2967 2560 3004 non
2586 2951 2760 3005 solum
2787 2967 2881 3007 eos
2905 2967 2936 3006 a
2966 2954 3263 3010 ministerio
3287 2955 3528 3026 deponit,
3555 2957 3646 3011 sed
3673 2968 3732 3010 et

2146 3055 2260 3104 eos,
2289 3042 2381 3110 qui
2409 3043 2606 3096 audent
2635 3043 2699 3097 iis
2730 3046 3132 3101 communicare
3165 3055 3287 3115 post
3313 3047 3726 3116 depositionem.

449 3163 550 3194 σιν.
567 3142 695 3198 Τοὺς
721 3138 774 3191 δέ
802 3138 1182 3212 καθαιρεθέντας
1211 3135 1615 3209 ἀποστερεῖσθαι
1641 3135 1722 3186 καί
1750 3141 1840 3194 τῆς
1863 3131 2043 3196 ἔξωθεν

2155 3131 2433 3201 Depositos
2471 3143 2650 3188 autem
2703 3138 2848 3190 omni
2887 3152 3102 3208 quoque
3147 3141 3476 3194 extrinsecus
3526 3141 3733 3194 honore

451 3237 621 3298 τιμῆς,
654 3225 758 3287 ἦςὸ
791 3225 932 3300 ἄγος
959 3228 1114 3279 κανών
1149 3225 1314 3278 καὶτὸ
1349 3229 1438 3278 τοῦ
1463 3224 1577 3275 θεοῦ
1609 3221 1850 3296 ἰερατεῐον
1875 3227 2044 3292 μετεία

451 3320 596 3392 ληφεν
605 3328 623 3370 .’

522 3406 630 3462 πα”.
659 3411 851 3467 Πάντας
878 3409 997 3468 τούς
1029 3408 1276 3464 εἰσιόντας
1298 3406 1369 3466 εἰς
1388 3413 1482 3467 τὴν
1509 3406 1770 3463 ἐκκλησίαν
1791 3412 1881 3458 τοῦ
1911 3407 2044 3467 θεοῦ,

455 3502 663 3552 καὶτῶν
707 3499 850 3568 ἱερῶν
889 3505 1090 3570 ’γραφῶν
1129 3497 1433 3555 ἀκούοντας,
1481 3500 1548 3564 μή
1587 3499 1943 3554 κοινωνοῦντας
1993 3493 2045 3548 δέ

454 3593 614 3659 εὐχῆς
639 3587 746 3658 ἅμα
771 3595 844 3660 τῷ
869 3587 989 3656 λαῷ,
1006 3586 1034 3644 ἧ
1062 3587 1531 3658 ἀποστρεφομένους
1549 3589 1636 3642 τήν
1655 3585 1934 3655 μετάληψιν
1961 3594 2049 3644 τῆς

455 3680 795 3752 εὐχαριστίας
827 3684 957 3732 κατά
984 3700 1096 3731 τινα
1124 3678 1354 3740 ἀταξίαν,
1386 3678 1601 3735 τούτους
1630 3675 1950 3734 ἀποϐλὴτους
1974 3679 2052 3747 7i-

457 3773 630 3826 νεσθαι
658 3779 746 3830 τῆς
772 3771 1065 3832 ἐκκλησίας,
1097 3770 1193 3829 ἕως
1230 3765 1287 3822 ἂν
1318 3768 1795 3840 ἐξομολογησάμενοι
1828 3771 1917 3820 καὶ
1950 3767 2052 3821 δεί-

457 3866 634 3926 ξαντες
660 3865 888 3937 καρποὺς
918 3863 1205 3932 μετανοίας,
1237 3864 1323 3913 καὶ
1363 3861 1804 3934 παραγαλέσαντες
1824 3903 1838 3926 ,
1873 3871 2055 3931 τυχεῖν

459 3956 715 4012 δυνηθῶσι
753 3958 1076 4026 συγγνώμης.
1112 3960 1184 4012 Μή
1220 3956 1398 4018 ἐξεῖναι
1431 3953 1482 4009 δέ
1514 3965 1752 4010 κοινωνεῖν
1781 3965 1887 4014 τοῖς
1916 3957 2055 4010 ἀκοι-

463 4048 702 4104 νωτήτοις
737 4041 859 4114 μηδέ
891 4042 998 4096 κατ’
1020 4041 1188 4102 οἴκους
1217 4045 1542 4105 συνελθόντας
1571 4047 1925 4113 συνεύχεσθαι
1945 4053 2055 4104 τοῖς

465 4139 534 4203 μή
560 4141 621 4209 τῇ
650 4133 891 4208 ἐκκλησίᾳ
919 4136 1350 4205 συνευχομένοις,
1384 4135 1512 4206 μηδέ
1549 4137 1599 4190 ἐν
1639 4137 1788 4210 ἑτέρᾳ
1826 4137 2058 4211 ἐκκλησίᾳ

464 4223 816 4295 ὑποδέχεσθαι
843 4227 959 4284 τοὺς
985 4226 1036 4279 ἐν
1060 4226 1205 4299 ἑτέρᾳ
1229 4227 1463 4298 ἐκκλησία
1487 4230 1556 4296 μὴ
1582 4229 1971 4298 συναγομένους.
2003 4229 2058 4280 Εἰ

465 4317 519 4370 δέ
550 4321 717 4387 φανείη
739 4337 817 4375 τις
839 4323 936 4369 τῶν
969 4317 1258 4370 ἐπισκόπων
1286 4315 1315 4374 ἢ
1349 4317 1716 4388 πρεσϐυτέρων
1745 4315 1773 4373 ἧ
1804 4313 2058 4385 διακόνων,

465 4407 498 4465 ἦ
523 4425 599 4464 τις
627 4413 718 4459 τοῦ
747 4404 950 4465 κανόνος
979 4413 1081 4466 τοῖς
1115 4408 1459 4466 ἀκοινωνητοις
1489 4413 1736 4461 κοινωνῶν
1758 4447 1773 4471 ,
1809 4410 1892 4461 καὶ
1939 4414 2062 4461 τοῦ-

2147 3224 2371 3292 privari,
2395 3239 2554 3294 quem
2581 3235 2798 3281 sanctus
2826 3243 2995 3284 canon
3026 3239 3082 3283 et
3103 3230 3197 3285 Dei
3226 3231 3584 3286 sacerdotium
3607 3243 3735 3300 pro-

2149 3316 2366 3369 meruit.

2221 3407 2455 3462 LXXXI.
2486 3441 2556 3451 —
2584 3408 2636 3462 2.
2687 3409 2884 3466 Omnes
2923 3414 3014 3480 qui
3058 3385 3428 3480 ingrediuntur
3459 3417 3511 3468 in
3552 3416 3734 3470 eccle-

2151 3498 2288 3552 siam
2319 3497 2434 3564 Dei,
2465 3507 2521 3553 et
2547 3513 2727 3553 sacras
2757 3499 3062 3568 Scripturas
3090 3502 3334 3571 audiunt,
3367 3517 3465 3557 nec
3493 3519 3736 3558 commu-

2155 3589 2338 3642 nicant
2364 3590 2416 3643 in
2447 3590 2694 3645 oratione
2730 3605 2850 3645 cum
2881 3593 3080 3662 populo
3099 3634 3114 3660 ,
3153 3602 3245 3646 aut
3272 3603 3588 3649 aversantur
3616 3610 3738 3665 ραι·-

2155 3678 2522 3747 ticipationem
2589 3687 2789 3735 sanctae
2851 3679 3199 3737 Eucharistiae
3231 3726 3247 3751 ,
3300 3700 3398 3754 per
3450 3686 3737 3754 quamdam

2146 3772 2599 3838 perversitatem,
2633 3773 2731 3827 hos
2757 3773 2824 3827 ab
2849 3774 3078 3828 ecclesia
3117 3774 3239 3844 ejici
3267 3785 3511 3846 oportet,
3541 3778 3734 3841 donec,

2157 3868 2439 3929 postquam
2493 3860 2724 3916 confessi
2772 3863 3006 3928 fuerint,
3055 3863 3364 3933 fructusque
3409 3868 3739 3935 pienitentiai

2157 3951 2507 4016 ostenderint,
2527 3961 2582 4006 et
2599 3954 3022 4023 imploraverint,
3047 3955 3256 4010 veniam
3275 3961 3488 4027 assequi
3511 3961 3738 4028 possint.

2158 4041 2274 4095 Non
2298 4043 2460 4096 licere
2481 4052 2660 4097 autem
2682 4046 3079 4100 communicare
3100 4062 3222 4102 cum
3243 4050 3738 4116 excommunicatis,

2157 4149 2334 4202 neque
2363 4150 2484 4188 cum
2531 4136 2614 4190 his
2657 4151 2816 4190 orare
2844 4138 2935 4205 qui
2965 4138 3019 4190 in
3065 4138 3310 4193 domibus
3336 4140 3736 4204 convenientes,

2159 4227 2409 4296 precibus
2437 4227 2688 4283 Ecclesiae
2735 4243 2843 4283 non
2893 4232 3324 4299 communicant,
3352 4246 3525 4300 neque
3555 4233 3607 4286 in
3637 4233 3742 4287 alia

2161 4318 2388 4372 ecclesia
2426 4319 2630 4387 recipi,
2661 4320 2752 4388 qui
2783 4320 2834 4372 in
2865 4319 2967 4372 alia
2997 4320 3221 4374 ecclesia
3257 4337 3362 4375 non
3393 4323 3737 4376 conveniunt.

2162 4407 2219 4461 Si
2246 4409 2364 4477 quis
2393 4417 2574 4464 autem
2602 4425 2668 4464 ex
2703 4409 3001 4478 episcopis,
3034 4418 3127 4462 aut
3163 4411 3488 4480 presbyteris
3517 4411 3600 4466 vel
3628 4407 3742 4464 dia-

465 4519 554 4551 τον
586 4498 908 4553 ἀκοινώνητον
938 4493 1081 4561 εἶναι,
1118 4499 1184 4555 ὠς
1213 4492 1271 4550 ἀν
1299 4500 1593 4568 συγχέοντα
1619 4501 1703 4555 τὸν
1737 4501 1918 4553 κανόνα
1957 4508 2044 4560 τῆς

2157 4501 2332 4566 conis,
2361 4499 2446 4554 vel
2477 4501 2706 4568 quilibet
2732 4516 2797 4554 ex
2827 4509 3053 4563 canone,
3087 4501 3564 4556 excommunicatis
3589 4518 3741 4556 com-

465 4588 756 4647 ἐκκλησίας.

539 4765 646 4820 ἰι-ϐ’.
674 4763 735 4818 Εἴ
751 4785 829 4824 τις
865 4765 1249 4837 πρεσϐύτερος,
1280 4763 1309 4824 ἣ
1339 4760 1563 4824 διάκονος
1586 4808 1598 4832 ,
1631 4764 1660 4823 ἦ
1692 4764 1817 4824 ὅλως
1844 4774 1942 4820 τῶν
1968 4773 2054 4820 τοῦ

466 4859 721 4933 ίερατείου
742 4877 820 4916 τις
843 4844 1138 4910 καταλιπὼν⁵
1159 4859 1246 4914 τὴν
1269 4856 1446 4910 ἑαυτοῦ
1474 4858 1755 4931 παροικίαν,
1784 4859 1854 4915 εἰς
1883 4857 2056 4930 ἑτέραν

473 4951 692 5013 ἀπέλθοι,
725 4945 910 5004 ἔπειτα
932 4949 1188 5009 παντελῶς
1212 4950 1474 5018 μεταστάς
1497 4987 1510 5011 ,
1543 4947 1821 5024 διατρίϐειν
1856 4951 1903 5002 ἐν
1932 4947 2054 5020 ἄλλῃ

473 5045 711 5115 παροικίᾳ
734 5042 975 5116 πειρᾶται
1012 5037 1094 5094 ἐπὶ
1118 5040 1284 5113 πολλῷ
1306 5041 1502 5117 χρόνῳ,
1533 5041 1706 5109 μηκέτι
1731 5039 2054 5112 λειτουργεῖν,

463 5137 512 5192 li
536 5134 755 5203 μάλιστα
779 5129 1011 5187 καλοῦντι
1038 5139 1110 5201 τῷ
1139 5131 1402 5201 ἐπισκόπῳ
1432 5139 1504 5202 τῷ
1526 5129 1636 5198 ἰδίῳ
1665 5132 1748 5183 καί
1782 5130 2059 5184 ἐπανελθεῖν

468 5227 541 5284 εἰς
562 5229 651 5283 τὴν
681 5227 952 5297 παροικίαν
978 5228 1068 5282 τήν
1097 5217 1282 5278 ἑαυτοῦ
1318 5229 1645 5297 παραινοῦντι
1675 5225 1744 5291 μή
1784 5223 2056 5275 ὑπακούοι.

471 5321 530 5370 Εἰ
557 5308 610 5371 δέ
634 5312 720 5369 καί
756 5313 974 5386 ἐπιμένοι
1082 5317 1283 5387 ἀταξίᾳ,
1311 5313 1569 5370 παντελῶς
1595 5313 1746 5366 αὐτὸν
1780 5313 2061 5384 καθαιρεῖσ-

467 5411 553 5463 θαι
573 5414 663 5468 τῆς
689 5407 1026 5480 λειτουργίας,
1044 5408 1112 5466 ὡς
1126 5407 1302 5478 μηκέτι
1321 5407 1499 5478 χώραν
1514 5401 1544 5457 ἕ
1548 5425 1663 5473 χειν
1688 5404 2052 5458 ἀποκαταστά-

468 5515 622 5559 σεως.
656 5502 713 5553 Εἰ
743 5494 795 5552 δέ
823 5499 1175 5572 καταιρεθέντα
1210 5495 1290 5550 διὰ
1315 5496 1503 5552 ταύτην
1530 5498 1619 5552 τήν
1648 5496 1811 5547 αἰτίαν
1843 5492 2054 5563 δέχοιτο

470 5593 639 5669 ἕτερος
668 5595 965 5658 ἐπίσκοπος,
999 5597 1218 5667 κᾴκεῖνον
1240 5593 1497 5663 ἐπιτιμίας
1524 5591 1804 5661 τυγχάνειν
1832 5590 1932 5644 ὑπὸ
1959 5590 2055 5643 κοι-

471 5693 558 5744 νῆς
581 5684 813 5751 συνόδου,
827 5688 893 5748 ὡς
915 5685 1240 5760 παραλύοντα
1253 5685 1368 5742 τοὺς
1389 5683 1603 5754 θεσμοὺς
1623 5686 1736 5742 τοὺς
1757 5680 2052 5738 ἐκκλησιασ-

473 5776 772 5839 τικοὺςίτὸν
802 5779 979 5847 θ.σμὸν
1004 5784 1090 5838 τῆς
1115 5772 1426 5842 ἐκκλησίας]ι

2159 4592 2433 4645 municare
2463 4592 2790 4660 apparuerit,
2824 4604 2946 4645 eum
2985 4603 3200 4660 quoque
3226 4607 3346 4647 esse
3374 4597 3743 4650 excommuni-

2158 4690 2355 4746 catum,
2382 4691 2441 4736 ut
2468 4683 2558 4750 qui
2587 4695 2848 4736 canonem
2876 4681 3126 4736 Eccl‘esim
3152 4682 3461 4738 confundat.

2231 4771 2486 4826 LXXXII.
2517 4805 2588 4813 —
2617 4771 2669 4825 5.
2699 4771 2754 4826 Si
2785 4773 2904 4840 quis
2931 4773 3212 4843 presbyter
3238 4773 3322 4826 vel
3350 4773 3624 4840 diaconus,
3657 4777 3739 4830 vel

2158 4865 2279 4932 quis
2305 4863 2522 4918 omnino
2556 4877 2625 4916 ex
2663 4862 2983 4918 sacerdotali
3012 4862 3227 4928 ordine,-
3259 4878 3409 4917 suam
3451 4865 3741 4931 parueciam

2158 4951 2414 5006 deserens
2437 4990 2454 5014 ,
2502 4951 2556 5004 in
2585 4951 2746 5004 aliam
2776 4951 2968 5006 abierit
2989 4991 3003 5015 ,
3035 4950 3231 5006 deinde
3267 4952 3485 5007 omnino
3513 4955 3736 5008 commi-

2159 5057 2348 5112 grans,
2379 5043 2432 5096 in
2460 5042 2563 5095 alia
2592 5042 2824 5112 paroecia
2863 5042 3034 5096 multo
3078 5050 3318 5112 tempore
3347 5044 3615 5097 immorari
3645 5060 3740 5100 co-

2162 5141 2320 5187 natur
2351 5151 2364 5186 :
2397 5147 2466 5187 ne
2494 5132 2722 5202 amplius
2749 5132 3036 5200 ministret,
3066 5134 3298 5188 maxime
3323 5134 3368 5191 si
3400 5136 3611 5190 voeanti
3639 5152 3738 5191 suo

2161 5224 2413 5293 episeopo
2444 5232 2499 5279 et
2524 5224 2590 5277 ad
2617 5238 2772 5278 suam
2818 5225 3108 5293 parteeiam
3137 5223 3344 5292 regredi
3375 5210 3737 5282 commonenti

2163 5316 2605 5384 exhortantique,
2635 5331 2742 5370 non
2769 5324 2974 5386 pareat.
3015 5315 3071 5370 Si
3098 5323 3274 5369 autem
3303 5315 3358 5370 in
3386 5318 3736 5387 perversitate

2161 5403 2436 5472 perdurat,
2465 5405 2684 5458 omnino
2713 5419 2742 5457 a
2770 5404 3069 5459 ministerio
3099 5402 3417 5474 deponatur,
3449 5407 3522 5459 ita
3551 5414 3612 5460 ut
3639 5421 3737 5461 ne-

2159 5508 2425 5562 quaquam
2451 5493 2626 5549 locum
2648 5494 3000 5569 restitutionis
3027 5493 3282 5548 inveniat.
3305 5493 3362 5549 Si
3387 5502 3563 5549 autem
3587 5511 3732 5565 eum,

2161 5583 2252 5651 qui
2282 5592 2500 5652 propter
2526 5584 2667 5640 hanc
2689 5599 2903 5640 causam
2932 5583 3205 5654 depositus
3231 5595 3332 5649 est,
3365 5586 3498 5642 alius
3524 5587 3733 5656 episco—

2159 5689 2261 5743 pus
2289 5674 2600 5743 susceperit,
2626 5675 2714 5728 ille
2746 5689 2957 5742 quoque
2985 5690 3015 5728 a
3046 5676 3315 5728 communi
3345 5675 3547 5745 synodo
3573 5691 3732 5733 coer-

2162 5772 2379 5832 ccatur;
2425 5773 2483 5819 ut
2511 5766 2600 5835 qui
2631 5763 2989 5820 ecclesiastica
3020 5773 3216 5820 statuta
3247 5764 3518 5821 dissolvat.
