4012 6478
190 325 250 380 Gl
1157 315 1383 371 CODEX
1420 312 1750 369 CANONUM
1797 310 2163 368 UNIVERSJE
2200 308 2570 366 ECCLESLE.
3444 308 3511 362 6?.

1982 427 2266 481 LXXXIII.
2297 461 2366 468 —
2394 427 2445 480 4.
2497 427 2555 480 Si
2585 425 2708 495 quis
2738 425 3023 495 cpiscopus
3049 439 3076 477 a
3108 422 3310 494 synodo
3339 424 3506 491 depo-

1921 521 2074 581 situs,
2102 521 2185 573 vel
2216 521 2498 589 presbyter
2527 524 2619 571 aut
2644 517 2904 572 diaconus
2931 532 2958 569 a
2988 516 3206 586 proprio
3234 515 3511 584 episcopo,

1922 632 2082 669 ausus
2112 614 2271 668 fuerit
2301 612 2495 681 aliquid
2528 611 2596 665 de
2625 611 2923 664 ministerio
2955 624 3135 677 agere,
3166 609 3277 662 sive
3306 609 3499 677 episco-

1923 724 2021 778 pus
2048 747 2062 770 ,
2096 705 2391 761 secundum
2432 705 2825 774 prmcedentem
2872 702 3312 757 consuetudinem
3340 743 3353 765 ,
3403 701 3513 755 sive

1923 799 2223 870 presbyter,
2257 797 2367 850 sive
2396 796 2654 852 diaconus
2676 837 2688 859 ,
2722 795 2920 848 nullam
2953 794 3180 863 amplius
3211 794 3261 846 in
3293 792 3393 846 alia
3426 809 3516 862 sy—

264 461 376 511 1r7.
422 437 485 491 Εἴ
523 459 601 497 τις
644 437 920 492 ἐπίσκοπος
961 431 1064 485 ὑπό
1107 429 1326 484 συνόδου
1384 433 1725 501 καθαιρεθείς,
1772 430 1801 487 ἡ
1834 438 1881 490 Λ

194 532 560 607 πρεσϐύτερος
590 527 620 587 ἦ
650 526 881 585 διάκονος
920 524 1023 577 ὑπό
1065 528 1160 577 τοῦ
1194 521 1321 576 ἰδίου
1348 522 1630 577 ἐπισκόπου
1654 567 1667 587 ,
1701 523 1815 578 το).-

198 626 410 683 ωόσειέν
440 646 491 678 τι
512 623 709 698 πρᾶξαι
734 628 827 678 τῆς
850 618 1187 690 λειτουργίας,
1207 615 1303 671 εἴτε
1334 616 1359 669 ό
1382 618 1656 676 ἐπίσκοπος
1686 617 1818 670 κατά

196 721 288 775 τήν
322 716 669 790 προάγονσαν
708 711 1006 771 συνήθειαν,
1039 707 1137 763 ε”τε
1174 708 1201 761 ό
1242 708 1596 784 πρεσϐύτερος
1620 747 1633 771 ,
1667 706 1762 761 apta
1794 706 1817 759 ό

197 806 427 867 διάκονος
452 844 466 867 ,
493 806 672 875 μηκέτι
710 804 819 866 ἐξόν
862 798 987 856 εἶναι
1022 801 1161 872 αὑτῷ
1185 840 1197 861 ,
1228 799 1348 870 μηδ’
1372 800 1419 852 ἐν
1447 800 1593 874 ἑτέρα
1625 796 1820 867 συνζδῳ

202 897 391 954 ἑλπίδα
423 896 901 953 ἀποκαταστάσεως
922 934 937 959 ,
978 896 1105 962 μήτε
1129 892 1405 964 ἀπολογίας
1438 893 1621 963 χώραν
1652 889 1817 960 ἔχειν·

362 994 451 1046 καί
481 993 601 1049 τοὺς
634 992 996 1045 κοινωνοῦντας
1023 988 1164 1055 αὑτῷ
1213 986 1408 1045 πάντας
1443 986 1822 1039 ἀποξάλλεσθαι

204 1092 293 1143 τῆς
334 1084 641 1145 ἐκκλησίας,
678 1084 762 1133 καὶ
785 1079 1007 1149 μάλιστα
1030 1118 1042 1139 ,
1083 1078 1127 1129 εἰ
1155 1076 1401 1147 μαθόντες
1436 1081 1524 1133 τήν
1566 1071 1821 1146 ἀπόφασιν

206 1182 294 1232 τήν
320 1175 458 1228 κατὰ
490 1180 595 1227 τῶν
616 1174 996 1245 προειρημένων
1022 1169 1402 1237 ἐξενεχθεῖσαν,
1422 1168 1712 1237 τολμήσειεν
1730 1167 1821 1218 αὑ-

205 1272 312 1326 τοῖς
345 1272 624 1319 κοινωνεῖν.

288 1379 362 1435 πδ
380 1418 396 1432 .
427 1378 586 1438 Εἵτις
609 1376 969 1452 πρεσϐύτερος
992 1373 1020 1431 ἦ
1036 1371 1289 1435 διάκονος,
1323 1376 1708 1448 καταφρονήσας
1731 1376 1821 1424 τοῦ

208 1471 498 1525 ἐπισκόπου
549 1477 640 1524 τοῦ
683 1466 815 1522 ἰδίου
839 1510 855 1533 ,
896 1468 1152 1539 ἀφώρισεν
1184 1464 1362 1518 ἑαυτὸν
1396 1469 1499 1522 τῆς
1526 1462 1821 1527 ἐκκλησίας,

208 1570 295 1621 καί
322 1565 423 1639 ἰδία
448 1569 755 1637 συνήγαγεν,
778 1564 1241 1633 καίθυσιαστήριον
1266 1555 1482 1613 ἔστησεν
1497 1551 1714 1625 [ἔπηξεῂ
1742 1558 1826 1607 καί

211 1665 299 1710 τοῦ
334 1655 616 1709 ἐπισκόπου
656 1652 1138 1726 προσκαλεσαμένου
1179 1648 1434 1709 ἀπειθοίη,
1476 1649 1558 1697 καὶ
1594 1650 1661 1712 μὴ
1702 1645 1825 1714 βού-

211 1748 350 1801 λοιτο
390 1748 535 1818 αὐτῷ
574 1744 866 1806 πείθεσθαι,
908 1738 1034 1809 μηδὲ
1072 1736 1344 1792 ὑπακούειν
1389 1739 1472 1789 καί
1505 1743 1703 1808 πρῶτον
1742 1736 1825 1786 καὶ

219 1837 459 1909 δεύτερον
505 1837 771 1899 καλοῦντι,
817 1839 997 1887 τοῦτον
1034 1829 1380 1904 καθαιρεῐσται
1414 1846 1542 1882 πάντ

216 1932 394 1999 μηκέτι
429 1926 708 2003 θεραπείας
754 1925 1035 1994 τυγχάνειν
1090 1917 1351 1993 ῐμτυχεῐνῖ,
1396 1916 1523 1989 μηδέ
1572 1915 1824 1972 δύνασθαι

216 2022 492 2091 λαμϐάνειν
532 2025 622 2078 τὴν
666 2019 853 2072 ἑαυτοῦ
897 2020 1063 2084 τιμήν·
1098 2016 1141 2066 εί
1177 2011 1228 2067 δέ
1263 2012 1548 2082 παραμένοι
1589 2008 1823 2078 θορυϐῶν

220 2118 303 2167 καί
330 2116 631 2168 ἀνιστατῶν
652 2118 740 2169 τήν
760 2110 1047 2168 ἐκκλησίαν,
1073 2106 1154 2162 διά
1179 2115 1269 2167 τῆς
1293 2102 1471 2168 ἔξωθεν
1501 2104 1728 2166 ἐξουσίας
1759 2104 1825 2163 ὡς

219 2204 489 2264 στασιώδη
519 2207 669 2260 αὑτὸν
697 2202 1113 2276 ἐπιστρέφεσθαι.

288 2296 389 2353 πί.
424 2298 492 2349 ΕΤ
512 2318 590 2357 τις
614 2298 717 2351 ὑπὸ
746 2293 833 2350 τοῦ
871 2293 999 2347 ἰδίου
1040 2292 1319 2347 ἐπισκόπου
1364 2293 1696 2352 ἀκοινώνητος
1744 2294 1827 2361 δέ-

219 2412 379 2463 γονεν,
412 2394 486 2459 μὴ
516 2388 763 2461 πρότερον
786 2386 934 2440 αὑτὸν
961 2384 1087 2459 παρ’
1115 2383 1296 2455 ἐτέρων
1319 2381 1539 2456 [ἑτέρου-ἱ
1565 2382 1821 2453 δεχθῆναι,

220 2487 263 2535 εἰ
283 2488 355 2552 μή
381 2480 475 2535 ὑπ’
500 2481 654 2534 αὑτοῦ
678 2477 1032 2552 παραδεχθείη
1058 2482 1147 2529 τοῦ
1174 2474 1299 2528 ἰδίου
1326 2472 1631 2538 ἐπισκόπου,
1664 2473 1691 2532 ἦ
1716 2496 1831 2527 συν-

220 2573 338 2643 όδου
360 2572 656 2645 γενομένης,
705 2571 1002 2627 ἀπαντήσας
1037 2567 1426 2637 ἀπολογήσεται,
1457 2565 1638 2623 πείσας
1662 2580 1714 2618 τε
1742 2568 1829 2621 τήν

220 2664 469 2727 σύνοδον,
503 2662 827 2725 καταδέξοιτο
860 2660 1035 2736 ἑτέραν
1068 2658 1338 2729 ἀπόφασιν.
1372 2668 1427 2710 '0
1452 2658 1602 2715 αὑτὸς
1637 2654 1689 2710 δὲ
1712 2654 1829 2729 ὅρος

222 2761 303 2811 ὲπί
321 2759 515 2811 λαῖκῶν
536 2759 620 2810 καί
644 2754 1007 2830 πρεσϐυτέρων
1029 2752 1113 2803 καί
1136 2748 1377 2806 διακόνων
1399 2752 1479 2803 καί
1502 2752 1705 2806 πάντων
1731 2755 1829 2801 τῶν

222 2853 272 2903 ἐν
300 2856 375 2920 τῷ
405 2848 596 2903 κανόνι.

1519 2936 1541 2947 ιι

1522 2955 1539 2967 ρ

292 2942 407 3004 πς-’.
440 2937 639 2997 Μηδένα
667 2944 789 2991 ἄνευ
826 2939 1080 3011 εἰρηνικῶν
1113 2934 1360 3005 δέχεσθαι
1388 2940 1486 2988 τῶν
1517 2933 1685 2996 ξένων.

294 3126 397 3185 πζ.
433 3118 567 3177 Μηδὲ
605 3118 989 3193 πρεσϐυτέρους
1019 3121 1138 3176 τοὺς
1169 3117 1217 3169 ἐν
1256 3124 1372 3176 ταῖς
1403 3118 1601 3191 χώραις
1630 3135 1827 3169 κανονι-

228 3214 313 3272 κάς
361 3210 640 3271 ἐπιστολάς
689 3206 903 3275 διδόναι,
952 3208 982 3267 ἦ
1029 3212 1159 3282 πρὸς
1209 3209 1393 3281 μόνους
1436 3211 1557 3268 τοὺς
1605 3211 1831 3278 ’γείτονας
1860 3203 1904 3266 C

228 3305 541 3363 ἐπισκόπους
581 3303 856 3361 ἐπιστολάς
898 3304 1194 3372 ἐκπέμπειν·
1226 3303 1345 3360 τοὺς
1375 3298 1429 3353 δέ
1460 3300 1829 3358 ἀνεπιλήπτους

233 3395 693 3473 χωρεπισκόπους,
727 3392 923 3448 διδόναι
951 3392 1225 3468 εἰρηνικάς.

300 3489 404 3549 πη’.
438 3492 573 3549 Τοὺς
614 3487 717 3541 καθ’
742 3487 957 3544 ἑκάστην
1004 3488 1267 3561 ἐπαρχίαν
1304 3482 1616 3543 ἐπισκόπους
1657 3480 1835 3536 εἰδέναι

235 3586 340 3653 χρὴ
360 3580 448 3636 τόν
478 3580 527 3631 ἐν
558 3585 621 3652 τῇ
651 3577 954 3652 μητροπόλει
982 3583 1290 3651 προεστῶτα
1316 3577 1616 3635 ἐπίσκοπον,
1640 3577 1724 3625 καὲ
1746 3578 1834 3631 τήν

230 3667 470 3746 φροντίδα
505 3665 859 3737 ἀναδέχεσθαι
900 3667 1072 3724 πάσης
1114 3672 1202 3724 τῆς
1246 3665 1525 3739 ἐπαρχίας,
1557 3659 1640 3716 διά
1681 3663 1738 3714 τό
1784 3663 1833 3713 ἐν

235 3776 295 3840 τῇ
331 3763 648 3840 μητροπόλει
686 3761 1015 3831 πανταχόθεν
1058 3760 1364 3830 συντρέχειν
1396 3758 1593 3815 πάντας
1620 3757 1741 3813 τοὺς
1771 3757 1835 3807 τά

235 3855 520 3930 πράγματα
552 3852 797 3924 ἔχοντας.
822 3848 967 3910 Ὅθεν
990 3848 1133 3913 ἔδοξε
1154 3853 1237 3903 καὶ
1266 3856 1325 3920 τῇ
1357 3855 1477 3917 τιμῇ
1504 3848 1835 3920 προηγεῖσθαι

236 3954 404 4012 αὑτὸν,
420 3947 577 4021 μηδέν
592 3967 645 4001 τε
661 3949 905 4020 πράττειν
916 3943 1285 4017 περεττόντοὺς
1298 3940 1506 3997 λοιποὺς
1530 3939 1838 3995 ισκόπους

238 4047 352 4100 ἶνευ
381 4047 566 4107 αὑτοῦ,
600 4043 733 4109 κατὰ
757 4042 843 4095 τόν
867 4040 1095 4110 ἀρχαῖον
1125 4038 1452 4108 κρατήσαντα
1480 4039 1576 4084 τῶν
1606 4032 1837 4100 πατέρων

239 4140 373 4205 ἡμῶν
402 4135 606 4197 κανόνα,
633 4132 664 4191 ἢ
705 4137 878 4186 ταῦτα
918 4129 1047 4199 μόνα
1084 4123 1185 4180 ὅσα
1221 4133 1283 4197 τῇ
1324 4124 1542 4177 ἑκάστου
1585 4120 1841 4174 ἐπιϐάλλει

238 4230 511 4300 παροικίρ,
556 4227 640 4277 καί
686 4228 806 4281 ταῖς
852 4220 943 4275 ὑπ’
973 4220 1133 4276 αὑτήν
1179 4218 1405 4291 χώραις.
1452 4210 1693 4265 "Eme-tow
1740 4214 1839 4284 7&9

240 4318 514 4373 ἐπίσκοπον
542 4316 773 4378 ἐξουσίαν
802 4310 832 4366 ἕ
835 4332 950 4383 χειν
974 4320 1065 4371 τῆς
1092 4310 1277 4363 ἑαυτοῦ
1305 4308 1596 4379 παροικίας,
1639 4302 1839 4357 διοικεῖν

240 4431 291 4464 τι
321 4411 455 4465 κατά
499 4412 589 4465 τήν
633 4404 838 4475 ἑκάστῳ
868 4402 1239 4457 ἐπιϐάλλουσαν
1280 4398 1567 4459 εὐλάϐειαν,
1601 4397 1684 4448 καί
1713 4394 1840 4465 πρό-

239 4521 373 4554 νοιαν
422 4500 678 4552 ποιεῖσθαι
716 4496 888 4553 πάσης
934 4500 1025 4552 τῆς
1058 4493 1238 4565 χώρας
1276 4496 1370 4546 τῆς
1402 4488 1503 4540 ὑπό
1534 4491 1623 4543 τήν
1655 4484 1838 4538 ἑαυτοῦ

241 4597 402 4651 πόλιν·
438 4596 510 4653 ὡς
537 4596 623 4646 καί
666 4596 984 4667 χειροτονεῖν
1027 4583 1414 4657 πρεσξυτέρους
1445 4584 1525 4634 καί
1552 4575 1836 4639 διακένους,
1874 4582 1917 4639 D

243 4693 325 4741 καί
368 4688 502 4758 μετὰ
550 4685 768 4759 κρίσεως
813 4684 1010 4734 ἕκαστα
1056 4664 1429 4745 διαλαμϐάνειν,
1475 4672 1759 4746 περαιτέρω
1788 4667 1841 4721 δὲ

243 4780 400 4852 μηδὲν
442 4779 686 4851 πράττειν
732 4778 1041 4846 ἐπιχειρεῖν,
1062 4769 1193 4840 δίχα
1230 4775 1318 4822 τοῦ
1350 4774 1440 4826 τῆς
1482 4763 1841 4838 μητροπόλεως

248 4872 559 4931 ἐπισκόπου,
590 4865 715 4937 μηδὲ
744 4866 893 4919 αὐτόν
916 4860 1037 4916 ἄνευ
1069 4869 1158 4919 τῆς
1182 4865 1281 4913 τῶν
1307 4858 1493 4912 λοιπῶν
1520 4857 1739 4925 γνώμης.

318 5038 418 5094 πεί.
450 5039 579 5095 Τοὺς
608 5035 655 5087 ἐν
678 5038 790 5092 ταῖς
821 5034 1012 5101 κώμαις
1037 5026 1067 5086 ἦ
1089 5035 1199 5086 ταῖς
1224 5027 1448 5098 χώραις,
1474 5021 1503 5081 ἦ
1530 5023 1649 5080 τοὺς
1675 5020 1846 5073 καλου-

251 5135 428 5205 μένους
460 5124 920 5200 χωρεπισκόπους,
955 5123 997 5173 εἰ
1026 5122 1114 5173 καὶ
1144 5119 1468 5192 χειροθεσίαν
1516 5109 1609 5167 εἷεν
1644 5111 1849 5165 ἐπισκό-

249 5244 364 5279 πων
393 5216 665 5290 είληφότῗς,
700 5213 842 5277 ἔδοξε
870 5220 933 5286 τῇ
964 5211 1085 5284 ἁγίᾳ
1128 5205 1325 5277 συνόδῳ
1354 5204 1537 5260 εἰδέναι
1564 5205 1630 5255 τά
1660 5201 1854 5255 ἑαυτῶν

249 5315 448 5389 μίτρα,
480 5311 567 5363 καί
596 5306 798 5363 διοικεῖν
840 5306 933 5362 τὰς
983 5302 1316 5370 ὑποκειμένας
1355 5300 1523 5355 αὑτοῖς
1567 5294 1850 5351 ἐκκλησίας,

250 5412 339 5463 καί
374 5414 439 5477 τῇ
478 5404 675 5460 τούτων
723 5399 993 5474 ἀρκεῖσθαι
1020 5392 1244 5469 φροντίδι
1280 5394 1363 5445 καί
1393 5387 1680 5460 κηδεμονίᾳ⁹
1713 5386 1854 5437 καθι-

252 5510 384 5560 στᾶν
436 5500 490 5556 δέ
543 5498 869 5565 ἀναγνώστας
913 5494 998 5544 καί
1025 5484 1387 5542 ὑποδιακόνους
1416 5485 1500 5534 καὶ
1544 5480 1853 5551 ἐπορκιστάς

256 5587 633 5669 ζξφορχιττάςἸ,
662 5588 746 5639 καὶ
776 5592 836 5659 τῇ
871 5579 1067 5637 τούτων
1098 5576 1360 5653 ἀρκεῖσθαι
1407 5577 1701 5648 προαγωγῇ,
1729 5572 1853 5669 μήτε

255 5687 308 5742 δέ
342 5683 695 5761 πρεσϐύτερον
732 5680 856 5747 μήτε
889 5672 1112 5728 διάκονον
1145 5672 1448 5742 χειροτονεῖν
1476 5664 1695 5730 τολμᾷν,
1725 5658 1858 5728 δίχα

254 5784 353 5833 τοῦ
384 5779 435 5830 ἐν
463 5782 528 5831 τῆ
558 5772 701 5827 πόλει
733 5762 1039 5823 ἐπισκόπου,
1134 5760 1426 5814 ὑπόκεινται
1456 5753 1603 5811 αὑτός
1634 5772 1685 5804 τι
1720 5753 1799 5803 καί
1829 5751 1857 5805 ἡ

260 5886 438 5943 χοιεα·
474 5868 517 5919 τί
543 5864 596 5919 δὲ
626 5860 889 5930 τολμῆσετέ
922 5878 990 5915 τις
1027 5852 1315 5909 παοαξῆναι
1348 5850 1409 5903 τά
1444 5848 1717 5915 ἐξισθὲντα,
1744 5851 1859 5903 ιι·αο-

1924 890 2070 947 nodo
2099 904 2247 959 spem
2279 887 2668 950 restitutionis,
2705 901 2878 954 neque
2908 884 3232 939 defensionis
3262 885 3437 939 locum
3468 884 3516 937 ci

1925 985 2123 1039 habere
2153 982 2329 1036 liceat.
2384 979 2490 1034 Sed
2521 988 2573 1033 et
2599 994 2785 1033 omnes
2829 979 2877 1031 ei
2917 979 3377 1032 communicantes
3403 1016 3417 1039 ,
3452 978 3520 1031 ab

1923 1073 2158 1128 Ecclesia
2189 1072 2540 1141 abjiciantur,
2583 1078 2637 1124 et
2678 1071 2909 1124 maxime
2938 1072 2983 1123 si
3010 1081 3291 1140 postquam
3319 1082 3520 1137 cogno-

1926 1164 2102 1218 verint
2122 1163 2442 1217 sententiam
2468 1162 2722 1216 adversus
2744 1161 3025 1230 praedictos
3046 1160 3211 1214 fuisse
3233 1158 3516 1228 prolatam,

1929 1255 2011 1310 eis
2038 1254 2441 1308 communicare
2471 1253 2585 1306 ausi
2616 1251 2830 1305 fuerint.

2001 1342 2279 1396 LXXXIV.
2306 1371 2378 1379 --
2408 1341 2457 1396 5.
2507 1341 2565 1395 Si
2604 1343 2724 1411 quis
2771 1341 3056 1412 presbyter
3100 1350 3192 1395 aut
3239 1341 3519 1402 diaconus,

1928 1442 2240 1502 contempto
2270 1444 2368 1488 suo
2399 1435 2672 1504 episcopo,
2706 1434 2772 1487 ab
2804 1433 3044 1488 Ecclesia
3076 1434 3310 1502 seipsum
3342 1447 3523 1500 segre—

1929 1527 2169 1593 gaverit;
2198 1536 2253 1581 et
2278 1540 2520 1581 seorsum
2544 1527 3017 1596 congregationem
3040 1526 3249 1593 fecerit,
3278 1534 3332 1579 et
3354 1526 3523 1578 altare

1930 1618 2310 1682 constituerit,
2352 1626 2405 1672 et
2435 1618 2691 1685 episcopo
2720 1618 2968 1671 evocanti
3019 1632 3124 1669 non
3169 1614 3520 1685 acquieverit,

1932 1724 2033 1762 nec
2060 1709 2109 1761 ei
2141 1709 2389 1774 obedire,
2421 1725 2523 1766 net:
2546 1724 2748 1766 morem
2780 1724 2968 1778 gerere
3008 1708 3239 1761 voluerit
3267 1708 3439 1776 primo
3471 1717 3525 1760 et

1548 1797 1668 1885 ὲλςλς
1694 1868 1707 1889 ,
1742 1829 1824 1879 καί
1858 1813 1901 1870 Β
1932 1799 2169 1854 secundo
2198 1802 2436 1865 voeanti,
2483 1802 2525 1855 is
2556 1801 2777 1855 omnino
2805 1800 3128 1867 deponatur,
3173 1812 3270 1851 nec
3298 1797 3525 1866 amplius

1930 1890 2225 1951 remedium
2257 1893 2488 1960 assequi,
2524 1907 2622 1945 nec
2652 1892 2912 1944 honorem
2940 1905 3095 1943 suum
3126 1889 3372 1958 accipere
3401 1903 3525 1957 pos-

1929 1980 2018 2033 sit.
2053 1978 2213 2045 Quod
2242 1981 2285 2034 si
2313 1982 2673 2049 permanserit
2701 1981 2885 2034 turbas
2927 1978 3127 2034 faciens
3153 1988 3205 2034 et
3234 1979 3526 2033 seditiones

1930 2071 2220 2141 Ecclesiae,
2250 2074 2297 2127 is
2329 2088 2426 2142 per
2454 2081 2734 2128 externam
2778 2074 2891 2127 sive
2928 2072 3242 2127 saecularem
3275 2078 3517 2140 potesta—

1934 2172 2042 2217 tem
2073 2173 2132 2218 ut
2161 2164 2449 2219 seditiosus
2480 2173 2822 2221 coerceatur.

2008 2255 2267 2310 LXXXV.
2299 2287 2370 2295 —-
2394 2256 2450 2310 ‘6.
2484 2256 2540 2311 Si
2571 2258 2690 2325 quis
2714 2258 2989 2326 a'proprio
3019 2257 3273 2326 episeopo
3302 2255 3399 2308 fuit
3428 2271 3525 2309 cx-

1934 2349 2363 2403 communicatus
2386 2389 2399 2413 ,
2442 2364 2511 2403 ne
2550 2349 2698 2418 prius
2740 2349 2807 2401 ab
2845 2348 2962 2403 aliis
2990 2348 3333 2416 suscipiatur,
3364 2362 3525 2414 quam

1932 2454 2032 2509 suo
2059 2439 2441 2494 recencilietur
2469 2441 2723 2511 episcopo
2764 2440 2848 2494 ’vcl
2889 2440 3119 2511 synodo,
3151 2454 3269 2509 quae
3295 2454 3524 2506 congre-

1933 2536 2108 2595 gatur,
2140 2530 2413 2609 accedens
2449 2547 2507 2586 se
2555 2531 2844 2586 defenserit
2869 2571 2883 2594 ,
2932 2541 2986 2585 et
3028 2546 3279 2601 persuasa
3316 2529 3526 2599 synodo

1935 2622 2095 2675 aliam
2124 2625 2444 2677 sententiam
2486 2624 2750 2677 retulerit.
2800 2624 2923 2679 Ilrec
2952 2633 3129 2677 autem
3159 2622 3399 2676 definitio
3428 2623 3526 2676 ad-

1934 2728 2121 2767 versus
2152 2714 2337 2779 Iaicos,
2371 2724 2424 2769 et
2448 2715 2813 2785 presbyteros.
2843 2722 2897 2769 et
2926 2714 3203 2779 diaconos,
3230 2729 3527 2782 omnesque

1936 2806 2028 2875 qui
2057 2816 2180 2861 sunt
2211 2808 2262 2861 in
2293 2824 2500 2862 canone
2531 2810 2865 2863 observetur.

2010 2896 2291 2953 LXXXVI.
2324 2932 2394 2941 —
2424 2899 2477 2952 7.
2515 2900 2700 2955 Nullus
2722 2902 3127 2970 peregrinorum
3156 2900 3271 2957 sine
3292 2900 3528 2971 pacificis

1936 2990 2277 3059 suscipiatur.

2009 3083 2309 3138 LXXXVII.
2348 3118 2416 3126 -
2446 3085 2497 3137 8.
2535 3082 2642 3140 Nec
2666 3086 2967 3155 presbyteri
2996 3085 3085 3152 qui
3117 3092 3242 3138 sunt
3272 3084 3324 3137 in
3355 3084 3529 3153 regio~

1937 3178 2112 3241 nibus,
2143 3176 2273 3231 dent
2300 3176 2591 3231 eanonicas
2628 3176 2907 3244 epistolas,
2940 3176 3026 3240 vel
3056 3174 3121 3227 ad
3152 3174 3298 3228 solos
3329 3172 3530 3227 vicinos

1938 3270 2220 3337 episcopos
2252 3267 2510 3337 epistolas
2540 3268 2775 3320 mittant.
2808 3265 3194 3335 Chorcpiscopi
3225 3272 3405 3318 autem
3441 3264 3530 3332 qui

1939 3366 2066 3414 sunt
2096 3360 2617 3428 irreprehensihiles,
2654 3352 2785 3412 dent
2812 3357 3082 3427 pacificas.

2014 3450 2332 3505 LXXXVIII.
2362 3484 2431 3492 —-
2460 3448 2515 3504 9.
2550 3449 2868 3519 Episcopos,
2913 3448 3003 3516 qui
3034 3456 3158 3501 sunt
3200 3447 3250 3498 in
3285 3460 3515 3511 unaquav

1938 3560 2044 3613 quc
2076 3544 2375 3613 provincia,
2431 3542 2568 3595 scire
2613 3550 2827 3611 oportet
2868 3540 3180 3609 episcopum
3212 3537 3300 3606 qui
3332 3552 3531 3588 metro-

1939 3634 2051 3704 poli
2074 3640 2283 3702 praeest,
2315 3647 2496 3685 curam
2527 3641 2579 3685 et
2609 3630 3027 3685 sollicitudinem
3056 3630 3218 3682 totius
3242 3627 3531 3695 provincia:

1940 3726 2215 3793 suscipere
2245 3741 2256 3774 :
2290 3738 2356 3776 eo
2379 3722 2520 3791 quod
2552 3722 2602 3774 in
2637 3720 2980 3788 metropolim
3012 3717 3371 3786 undequaque
3402 3714 3534 3769 co'n-

1942 3822 2163 3870 currunt
2186 3828 2374 3867 omnes
2392 3813 2482 3881 qui
2509 3812 2710 3866 habent
2734 3808 2966 3877 negotia.
2995 3804 3145 3863 Unde
3167 3805 3390 3876 placuit,
3410 3820 3531 3857 eum

1943 3920 2157 3974 quoque
2185 3905 2392 3957 honore
2416 3902 2721 3972 praecedere
2751 3920 2761 3953 :
2787 3899 3027 3967 reliquos
3049 3904 3226 3951 autem
3251 3895 3535 3963 episcopos

1944 3997 2072 4049 nihil
2106 4002 2257 4049 extra
2307 3994 2550 4050 ordinem
2579 3993 2664 4046 vel
2709 3992 2848 4046 ultra
2898 3991 3155 4046 terminos
3202 4002 3328 4042 suos
3375 4000 3536 4053 agerc

1944 4087 2239 4142 secundum
2290 4085 2568 4153 antiquum
2619 4083 2840 4137 Patrum
2890 4090 3199 4137 nostrorum
3246 4092 3534 4143 eanonem,

1942 4181 2033 4249 qui
2065 4181 2324 4234 hactenus
2353 4177 2582 4232 obtinuit
2612 4195 2622 4228 :
2650 4182 2741 4229 aut
2766 4190 2827 4228 ea
2860 4181 3083 4236 tantum,
3109 4186 3225 4239 qua:
3251 4169 3318 4222 ad
3352 4168 3533 4222 unius-

1945 4272 2205 4339 cujusque
2254 4269 2547 4340 parmciam
2597 4267 2883 4336 pertinent,
2941 4270 2997 4316 et
3036 4262 3286 4327 regiones
3325 4273 3443 4327 qua:
3483 4258 3535 4312 ei

1946 4366 2193 4419 Suhsunt.
2226 4360 2673 4429 Unumqucmquc
2702 4357 2843 4409 enim
2868 4355 3179 4424 cpiscopqu
3210 4358 3533 4420 potestatem

1947 4456 2149 4508 habere
2178 4468 2286 4506 suae
2315 4450 2584 4520 paroecite,
2619 4461 2845 4516 eamque
2872 4444 3265 4503 administrare,
3298 4452 3396 4509 pro
3438 4454 3539 4493 suo

1946 4547 2174 4617 quisque
2203 4544 2379 4599 studio
2410 4557 2475 4596 ac
2516 4540 2793 4607 religione,
2849 4546 2903 4591 et
2932 4551 3115 4589 curam
3156 4547 3343 4600 gerere
3372 4531 3539 4585 totius

1949 4638 2183 4707 regionis
2209 4651 2328 4706 qua:
2358 4651 2467 4689 sum
2495 4635 2610 4688 urhi
2642 4632 2843 4689 subest.
2864 4628 2933 4683 Ut
2955 4627 3167 4682 ordinet
3196 4624 3539 4694 presbyteros

1950 4745 2005 4788 et
2035 4733 2314 4795 diaconos,
2342 4736 2536 4783 etcum
2562 4724 2761 4793 judicio
2782 4722 2987 4790 singula
3018 4720 3267 4787 disponat
3295 4734 3307 4768 :
3333 4723 3387 4769 et
3408 4714 3537 4767 nihil

1951 4827 2091 4880 ultra
2120 4823 2295 4878 facere
2324 4819 2683 4889 aggrediatur,
2730 4818 2846 4870 sine
2877 4811 3292 4880 metmpolitano
3324 4807 3536 4875 episco—

1953 4932 2041 4986 po,
2076 4929 2252 4981 neque
2283 4913 2397 4981 ipse
2428 4911 2543 4964 sine
2572 4908 2899 4975 reliquorum
2925 4899 3210 4955 sententia.

2024 5002 2301 5059 LXXXIX.
2337 5034 2409 5043 ——-
2439 5000 2522 5053 10.
2555 4999 2593 5052 Ii
2623 4998 2714 5066 qui
2736 5002 2862 5050 sunt
2886 4994 2935 5046 in
2966 4992 3096 5047 vicis
3125 4997 3179 5045 et
3206 4984 3540 5053 regionibus,

1951 5098 2037 5151 vel
2065 5095 2158 5165 qui
2188 5090 2565 5161 chorepiscopi
2600 5087 2964 5147 nominantur,
2997 5078 3202 5135 etiamsi
3235 5074 3538 5143 impositio-

1954 5205 2076 5243 nem
2108 5201 2364 5240 manuum
2395 5182 2773 5253 episcoporum
2803 5174 3127 5243 acceperint,
3180 5166 3382 5238 placuit
3409 5179 3539 5218 san-

1955 5290 2056 5335 ctae
2085 5276 2294 5349 synodo
2322 5284 2382 5328 ut
2404 5289 2558 5328 suum
2590 5269 2809 5325 modum
2838 5271 3030 5334 sciant,
3064 5268 3118 5313 et
3142 5258 3240 5312 sibi
3270 5255 3547 5323 subjecta;

1956 5370 2213 5426 ecclesias
2257 5365 2654 5425 administrent,
2697 5368 2989 5423 earumque
3035 5365 3162 5405 cura
3211 5355 3267 5401 et
3290 5344 3541 5437 modera-

1958 5464 2104 5517 mine
2149 5456 2388 5514 contenti
2437 5456 2582 5509 sint:
2616 5438 2947 5505 constituant
2998 5448 3179 5495 autem
3219 5436 3452 5492 lectores
3488 5441 3544 5488 et

1960 5554 2340 5614 subdiaconos,
2364 5555 2418 5599 et
2444 5542 2758 5603 exorcistas,
2792 5545 3053 5591 eteorum
3084 5527 3411 5600 promotioni
3434 5522 3544 5579 suf-

1964 5646 2125 5701 ﬁcere
2154 5639 2490 5700 existiment;
2520 5633 2891 5702 presbyterum
2932 5634 3112 5680 autem
3142 5630 3234 5675 aut
3262 5620 3545 5673 diaconum

1965 5738 2215 5795 ordinare
2246 5750 2349 5789 non
2371 5730 2605 5785 audeant
2625 5725 2741 5779 sine
2767 5722 3022 5791 episcopo
3047 5712 3294 5772 civitatis,
3321 5706 3405 5762 cui
3431 5704 3546 5773 ipse

1965 5851 2018 5893 et
2036 5834 2179 5897 regio
2206 5824 2500 5894 subjicitur.
2519 5819 2574 5876 Si
2599 5817 2715 5888 quis
2742 5825 2921 5869 autem
2944 5825 3004 5864 ea
3027 5821 3145 5895 qua:
3164 5799 3379 5858 definita
3401 5797 3544 5857 sunt,
