4012 6524
395 4607 409 4677 ς

418 355 488 412 .65

1684 327 2039 386 DIONYSIUS
2080 326 2404 384 sxrcuus.
2483 293 2494 305 ’

3637 333 3708 389 οε

418 467 676 539 αιρεῑσθαι
722 461 870 516 αὐτόν
913 463 996 514 καί
1029 457 1086 519 ἧς
1132 459 1343 525 μετέχει
1395 461 1544 525 τιμῆς
1569 467 1580 478 ·
1616 451 2008 526 χωρεπίσκοπον

2119 445 2417 514 transgredi
2447 447 2660 511 audeat,
2695 447 2806 517 ipse
2835 462 3051 518 quoque
3078 448 3284 502 honore
3324 464 3484 519 quem
3515 451 3704 520 habet,

418 555 471 611 δὲ
497 555 721 629 γίνεσθαι
747 554 847 607 ὑπὸ
872 557 964 606 τοῦ
986 558 1075 608 τῆς
1103 548 1314 609 πόλεως,
1393 544 1680 608 ὑπόκειται,
1699 541 2005 596 ἐπισκόπου.

495 713 550 767 ι’.
580 709 644 767 Εἴ
660 732 738 770 τις
781 709 1060 765 ἐπίσκοπος
1087 702 1118 762 ἦ
1144 701 1497 774 πρεσϐύτερος
1521 698 1550 757 ἦ
1585 697 1711 758 ὅλως
1741 704 1831 750 τοῦ
1859 697 2010 749 κανό-

418 825 523 868 νος,
555 800 673 857 ἄνευ
715 801 917 872 γνώμης
960 797 1044 849 καί
1085 793 1394 870 γραμμάτων
1431 796 1532 843 τῶν
1579 789 1630 842 ἐν
1676 796 1737 859 τῇ
1783 787 2012 861 ἐπαρχίᾳ

421 896 728 959 ἐπισκόπων,
751 895 836 946 καί
865 890 1088 962 μάλιστα
1113 892 1200 942 τοῦ
1228 885 1358 939 κατά
1382 886 1475 940 τὴν
1500 878 1829 956 μητρόπολιν,
1862 878 2011 952 ὁρμή-

420 1011 524 1046 σειε
553 989 682 1064 πρὸς
724 983 942 1057 βασιλέα
971 979 1218 1040 ἀπελθεῖν,
1247 982 1422 1030 τοῦτον
1448 970 1900 1046 ἀποκηρύττεσθαι
1927 971 2012 1023 καί

419 1088 700 1144 ἀπόϐλητον
725 1083 976 1156 γίνεσθαι,
1004 1080 1059 1132 οὐ
1081 1077 1224 1149 μόνον
1245 1082 1334 1133 τῆς
1355 1073 1630 1134 κοινωνίας,
1653 1069 1779 1123 ἀλλὰ
1808 1069 1891 1120 καί
1916 1074 2012 1126 τῆς

418 1180 582 1242 ἀξίας,
615 1173 670 1235 ἧς
702 1173 937 1242 μετέχων
965 1167 1238 1239 τυγχάνει,
1271 1167 1336 1224 ὡς
1364 1160 1706 1233 παρενοχλεῖν
1751 1158 2012 1227 τολμῶντα

419 1275 512 1331 τὰς
556 1274 648 1324 τοῦ
695 1263 1078 1335 θεοφιλεστάτου
1127 1257 1375 1330 βασιλέως
1415 1257 1555 1324 ἡμῶν
1604 1253 1754 1312 ἀκοάς
1793 1247 2010 1321 [ἀκοαῖς]

419 1363 562 1436 παρὰ
586 1361 670 1415 τόν
709 1359 892 1430 θεσμὸν
929 1362 1019 1414 τῆς
1062 1352 1348 1410 ἐκκλησίας.
1378 1349 1436 1400 Ei
1463 1346 1516 1401 δὲ
1547 1347 1797 1417 ἀναγκαία
1841 1346 2010 1402 καλοίη

422 1457 579 1528 χρεία
601 1454 729 1527 πρός
755 1448 965 1521 βασιλέα
990 1445 1167 1520 ὁρμᾷν,
1192 1451 1344 1498 τοῦτο
1366 1441 1607 1515 πράττειν
1625 1440 1756 1508 μετὰ
1782 1436 2011 1507 σκέψεως

422 1552 502 1602 καί
531 1549 728 1618 γνώμης
755 1548 841 1597 τοῦ
868 1541 996 1594 κατά
1023 1543 1113 1596 τήν
1142 1534 1448 1608 μητρόπολιν
1477 1540 1570 1592 τῆς
1602 1533 1864 1606 ἐπαρχίας
1893 1531 2010 1582 ἐπι-

422 1638 635 1695 σκόπου,
662 1634 691 1693 ἦ
719 1639 818 1688 τῶν
845 1631 894 1683 ἐν
930 1630 1078 1700 αὐτῇ,
1109 1633 1216 1684 τοῖς
1249 1644 1304 1677 τε
1340 1623 1536 1678 τούτων
1561 1621 1860 1693 γράμμασιν
1884 1619 2010 1690 ἐφο-

422 1727 700 1790 διάζεσἹαι.

2116 538 2375 608 privetur.
2406 535 2837 608 CborepiscOpus
2869 548 3050 594 autem
3081 539 3173 593 ﬁat
3193 541 3259 594 ab
3281 542 3538 613 episeopo
3568 545 3701 599 civi-

2118 630 2264 690 tatis,
2297 630 2388 684 cui
2416 630 2718 699 subjicitur.

2187 717 2298 773 XC.
2333 751 2401 759 —
2443 720 2525 773 Il.
2564 719 2618 774 Si
2654 721 2773 789 quis
2801 720 3086 790 episcopus
3133 721 3219 776 vel
3269 722 3568 795 presbyter,
3617 725 3714 781 vel=

2114 809 2336 864 omnino
2365 826 2431 864 ex
2462 826 2690 877 canone,
2740 810 2856 864 sine
2886 826 3152 866 consensu
3189 820 3244 867 ct
3268 814 3462 870 litteris
3489 815 3708 885 episco-

2115 916 2309 973 porum
2341 903 2649 972 provinci-.13,
2700 911 2755 957 et
2784 904 3017 959 maxime
3055 906 3478 974 metropolitani,
3508 908 3575 961 ad
3606 909 3710 962 im-

2115 999 2424 1062 peratorem
2452 991 2715 1061 proficisci
2749 1005 3032 1060 aggressus
3061 991 3222 1048 fuerit
3246 1013 3258 1046 :
3286 995 3330 1048 is
3351 994 3631 1051 abdicetur
3651 1007 3711 1052 ct

2115 1083 2360 1152 ejiciatur
2386 1099 2492 1137 non
2534 1083 2705 1138 solum
2737 1099 2767 1136 a
2796 1085 3202 1148 communione,
3246 1085 3341 1140 sed
3370 1086 3534 1140 etiam
3563 1102 3594 1140 a
3622 1086 3708 1141 di-

2114 1175 2338 1242 gnitate,
2369 1175 2522 1244 cujus
2547 1174 2818 1244 particeps
2843 1174 3055 1229 videtur
3081 1176 3316 1231 existere
3341 1195 3353 1229 :
3388 1187 3446 1231 ut
3466 1178 3557 1247 qui
3587 1179 3710 1232 reli-

2114 1266 2398 1334 giosissimi
2430 1265 2772 1335 imperatoris
2811 1266 2980 1320 nostri
3028 1266 3245 1321 auribus
3273 1267 3578 1323 molestiam
3625 1268 3709 1322 af-

2115 1356 2259 1412 ferre
2303 1356 2498 1411 audeat
2545 1365 2734 1411 contra
2782 1364 3042 1412 statutum
3079 1357 3354 1414 Ecclesiae.
3415 1359 3470 1414 Si
3525 1371 3707 1416 autem

2115 1448 2262 1502 adire
2291 1448 2673 1518 imperatorem
2699 1449 3002 1503 necessaria
3028 1464 3192 1503 causa
3221 1451 3419 1518 exigat,
3453 1451 3556 1506 hoc
3584 1465 3708 1520 aga-

2116 1545 2205 1593 tur
2231 1553 2352 1593 cum
2395 1538 2784 1594 deliberatione
2834 1547 2890 1594 et
2918 1541 3186 1594 sententia
3216 1543 3456 1612 episc0pi
3497 1554 3704 1599 metro-

2113 1627 2338 1698 politani
2366 1628 2675 1697 provinciae,
2715 1627 2804 1682 vel
2834 1629 3213 1699 episcoporum
3247 1632 3336 1700 qui
3369 1641 3496 1685 sunt
3529 1633 3583 1687 in
3611 1649 3706 1689 ea-

2113 1718 2236 1774 dem
2268 1718 2565 1787 provincia,
2590 1726 2645 1772 et
2673 1734 2794 1774 cum
2825 1733 3011 1773 eorum
3038 1719 3233 1774 litteris
3256 1719 3649 1788 proﬁciscatur.

497 1818 586 1874 ια’.
613 1815 671 1869 Εἴ
687 1835 762 1873 τις
783 1813 884 1866 ὑπὸ
904 1816 996 1863 τοῦ
1019 1806 1144 1862 ἰδίου
1169 1803 1444 1860 ἐπισκόπου
1464 1803 1769 1876 καθαιρεθείς
1789 1800 2008 1876 πρεσϐύ-

2186 1807 2318 1864 XCI.
2347 1841 2418 1851 -—
2447 1808 2534 1862 12.
2574 1807 2632 1862 Si
2659 1808 2780 1877 quis
2808 1823 2838 1861 a
2869 1809 3088 1877 proprio
3117 1810 3375 1879 episcopo
3403 1810 3700 1881 depositus,
3735 1878 3739 1882 ,

423 1929 567 1981 τερος
594 1907 624 1966 ἦ
654 1904 895 1964 διάκονος,
918 1898 948 1957 ἢ
974 1900 1058 1952 καὶ
1087 1897 1366 1954 ἐπίσκοπος
1394 1894 1495 1947 ὑπὸ
1525 1889 1764 1952 συνόδου,
1795 1889 2010 1959 ἐνοχλῆ-

423 1978 514 2056 σάι
555 1999 821 2069 τολμήσειε
866 1992 958 2051 τὰς
1005 1988 1251 2060 βασιλέως
1297 1985 1453 2044 ἀκοὰς
1493 1978 1743 2054 [ἀκοαῖς],
1775 1979 1883 2035 δέον
1928 1981 2013 2034 ἐπὶ

425 2094 624 2160 μείζονα
665 2083 954 2140 ἐπισκόπων
998 2075 1208 2132 σύνοδον
1253 2075 1561 2150 τρέπεσθαι,
1617 2075 1711 2126 καί.
1746 2070 1778 2125 ἃ
1822 2073 2012 2141 νομίζει

423 2180 595 2236 δίκαια
626 2176 790 2247 ἔχειν,
823 2169 1222 2246 προσαναφέρειν
1243 2167 1466 2221 πλείοσιν
1487 2163 1797 2231 ἐπισκόποις,
1821 2167 1903 2218 καί
1923 2169 2012 2221 τήν
2036 2215 2039 2217 ,

425 2269 549 2346 παρ’
579 2270 747 2322 αὐτῶν
777 2264 1000 2326 ἐξέτασίν
1029 2281 1082 2313 τε
1113 2260 1192 2311 καί
1217 2259 1467 2332 ἐπίκρισιν
1506 2252 1830 2323 ἐκδέχεσθαι.
1871 2256 1929 2307 Ei
1956 2252 2010 2308 δὲ

426 2344 619 2417 τοίλτων
645 2358 982 2429 ὀλιγωρήσας,
1010 2349 1332 2417 ἐνοχλήσειεν
1360 2353 1431 2414 τῷ
1463 2344 1690 2412 βασιλεῖ,
1722 2347 1808 2398 καί
1835 2350 2011 2398 τοῦτον

427 2450 552 2521 μηδέ
583 2453 702 2520 μιᾶς
730 2445 1031 2514 συγγνώμης
1063 2438 1341 2500 ἀξιοῦσθαι,
1373 2433 1498 2504 μηδὲ
1531 2437 1710 2507 χώραν
1737 2433 2028 2512 ἀπολογίας.

427 2540 586 2611 ἔχειν,
609 2535 733 2608 μηδέ
770 2531 946 2587 ἐλπίδα
972 2529 1250 2600 μελλούσης
1279 2527 1743 2582 ἀποκαταστάσεως
1788 2522 2004 2595 προσδο-

426 2637 532 2684 κᾶν.

465 2689 474 2700 ”
501 2707 567 2778 46'
579 2748 590 2760 .
617 2703 812 2764 Μηδένα
836 2702 1116 2757 ἐπίσκοπον
1130 2697 1313 2770 τολμᾷν
1342 2695 1424 2767 ἀφ’
1447 2695 1622 2766 ἐτέρας
1651 2694 1910 2766 ἐπαρχίας
1939 2698 2012 2754 εἰς

425 2803 598 2871 ἑτέραν
649 2795 996 2868 μεταϐαίνειν,
1027 2793 1112 2844 καὶ
1155 2784 1470 2862 χειροτονεῖν
1507 2786 1557 2838 ἐν
1599 2785 1836 2858 ἐκκλησίᾳ
1868 2786 2011 2845 τινὰς

426 2897 497 2952 εὶς
522 2891 826 2966 προαγωγὴν
860 2882 1200 2955 λειτουργίας,
1230 2876 1356 2950 μηδέ
1385 2879 1428 2930 εἰ
1469 2877 1805 2948 συνεπάγοιτο
1843 2877 2008 2947 ἐαυτῷ

426 2965 630 3056 ἐτέρους
657 3022 671 3045 ,
714 2979 756 3030 εἰ
797 2979 865 3046 μὴ
905 2971 1236 3046 παρακληθείς
1284 2970 1521 3039 ἀφήκοιτο
1564 2965 1647 3022 διά
1693 2968 2008 3056 γραμμάτων

427 3054 519 3128 του
550 3091 603 3126 τε
635 3065 1003 3141 μητροπολίτου
1034 3063 1116 3114 καί
1151 3066 1250 3115 τῶν
1291 3061 1387 3113 σὺν
1427 3059 1568 3130 αὐτῷ
1601 3058 1914 3124 ἐπισκόπων,
1939 3054 2007 3112 ὧν

2114 1900 2396 1970 presbyter
2413 1899 2499 1954 vel
2521 1898 2799 1966 diaconus,
2821 1899 2907 1953 vel
2930 1899 3214 1969 cpiscopus
3236 1915 3267 1954 a
3289 1902 3514 1973 synodo,
3536 1919 3703 1960 ausus

2113 1988 2276 2044 fuerit
2323 1990 2666 2065 imperatoris
2712 1989 2933 2044 auribus
2961 1989 3265 2046 molestiam
3315 1992 3525 2059 aﬁ‘crre,
3575 2009 3700 2051 cum

2115 2086 2369 2149 oporteat
2396 2079 2463 2134 ad
2485 2080 2747 2150 majorem
2777 2081 3040 2151 synodum
3068 2082 3332 2150 converti,
3360 2091 3414 2137 et
3436 2083 3526 2152 jus
3553 2086 3702 2154 quod

2115 2187 2177 2228 se
2198 2172 2398 2226 habere
2421 2179 2598 2240 putat,
2629 2170 2697 2225 ad
2723 2170 2902 2240 plures
2929 2172 3213 2241 episcopos
3240 2171 3463 2238 referre,
3489 2188 3710 2229 eorum-

2113 2277 2220 2332 que
2249 2261 2704 2317 examinationem
2733 2269 2790 2316 et
2810 2261 3069 2330 judicium
3097 2262 3388 2332 suscipere.
3423 2261 3478 2316 Si
3516 2263 3702 2333 itaque

2113 2354 2196 2409 his
2224 2352 2572 2422 contemptis,
2617 2352 2928 2421 imperatori
2957 2352 3216 2407 molestus
3257 2352 3435 2416 fuerit,
3478 2353 3522 2409 is
3551 2354 3698 2410 nulla

2112 2443 2270 2498 venia
2298 2441 2511 2512 dignus,
2563 2457 2739 2511 neque
2784 2442 2867 2497 sui
2895 2441 3214 2499 defendendi
3260 2444 3436 2500 locum
3477 2446 3697 2514 habeat,

2113 2548 2214 2588 nec
2241 2547 2392 2604 spem
2421 2532 2780 2588 restitutionis
2805 2541 3097 2603 exspectet.

3443 2596 3466 2606 -,

2182 2704 2338 2760 XCII.
2374 2705 2462 2761 I5.
2491 2705 2677 2761 Nullus
2705 2690 2988 2776 cpiscopus
3016 2707 3211 2762 audeat
3238 2708 3307 2763 ab
3341 2725 3447 2764 una
3477 2694 3696 2780 provin-

2112 2796 2196 2852 cia
2223 2796 2278 2850 in
2306 2795 2467 2850 aliam
2491 2796 2740 2861 transire,
2790 2802 2845 2850 et
2885 2797 2952 2849 ad
2981 2797 3380 2866 promotionem
3408 2800 3694 2858 ministerii

2111 2887 2321 2958 aliquos
2347 2888 2403 2942 in
2431 2886 2670 2943 Ecclesia
2699 2887 2975 2956 ordinare,
3014 2903 3113 2944 nec
3142 2890 3188 2944 si
3217 2890 3352 2947 alios
3380 2885 3696 2948 unasecum

2111 2977 2348 3043 inducat,
2378 2977 2480 3031 nisi
2503 2976 2923 3033 veneritlitteris
2953 2978 3246 3033 accersitus
3269 2981 3696 3050 metropolitani,

2109 3075 2166 3122 et
2193 3067 2570 3137 episcoporum
2595 3065 2688 3136 qui
2714 3074 2840 3120 sunt
2869 3081 2994 3121 cum
3023 3067 3164 3137 ipso,
3184 3068 3238 3121 in
3265 3082 3496 3137 quorum
3519 3071 3696 3138 regio-

427 3169 498 3225 εἰς
541 3168 630 3221 τὴν
673 3163 852 3233 χώραν
896 3156 1232 3231 παρέρχοιτο.
1278 3152 1361 3228 Ei‘
1382 3149 1436 3204 δέ
1482 3147 1698 3221 μηδενός
1735 3150 2008 3209 καλοῦντος

2119 3171 2239 3212 nem
2266 3156 2495 3212 accedit.
2526 3154 2584 3210 Si
2608 3163 2788 3210 autem
2811 3156 2959 3210 nullo
2989 3165 3240 3225 vocante,
3273 3159 3575 3242 inordinate
3602 3161 3696 3216 ad-

427 3255 626 3309 ἀπὲλθοι
656 3251 889 3320 ἀτάκτως
917 3246 999 3298 ἐπί
1045 3243 1339 3320 χειροθεσίᾳ
1384 3247 1551 3306 τινῶν,
1585 3243 1670 3293 καί
1696 3241 2014 3296 καταστάσει

428 3352 527 3402 τῶν
555 3343 974 3400 ἐκκλησιαστικῶν
1010 3335 1326 3408 πραγμάτων
1356 3337 1426 3402 μὴ
1468 3330 1824 3407 προσηκόντων
1853 3331 2011 3400 αὐτῷ,

429 3435 600 3508 ἄκυρα
642 3435 730 3502 μὲν
770 3431 834 3485 τά
872 3427 962 3483 ὐπ’
990 3427 1152 3481 αὐτοῦ
1199 3423 1532 3498 πεπραγμένα
1581 3422 1884 3493 τυγχάνειν·
1927 3424 2014 3477 καί

429 3528 584 3583 αὐτόν
606 3525 656 3579 δέ
681 3523 898 3591 ὑπέχειν
926 3526 1016 3578 τῆς
1043 3518 1258 3580 ἀταξίας
1301 3516 1462 3569 αὐτοῦ
1492 3517 1575 3568 καί
1599 3521 1691 3573 τῆς
1715 3513 2010 3586 παραλόγου

429 3619 805 3689 ἐπιχειρήσεως
847 3616 938 3670 τήν
979 3612 1344 3686 προσήκουσαν
1381 3605 1540 3672 δίκην,
1567 3605 1908 3679 καθῃρημένον
1934 3605 2014 3659 ἐν·

429 3710 598 3766 τεῦθεν
624 3705 719 3767 ἤδη
748 3705 848 3760 ὑπό
873 3711 965 3764 τῆς
990 3701 1138 3775 ἁγίας
1168 3698 1410 3756 συνόδου.

501 3799 587 3871 ιγ’.
635 3797 696 3852 Εἴ
717 3818 796 3857 τις
835 3797 1109 3853 ἐπίσκοπος
1152 3793 1236 3846 ἐπί
1275 3811 1408 3846 τισιν
1453 3789 1725 3861 ἐγκλήμασι
1769 3788 2009 3862 κρίνοιτο,

429 3891 462 3945 ἴ
465 3911 616 3946 πειτα
656 3888 884 3958 συμϐαίη
924 3888 1044 3959 περὶ
1079 3885 1238 3938 αὐτοῦ
1283 3880 1544 3953 διαφωνεῖν
1570 3881 1688 3940 τοὺς
1717 3880 1766 3932 ἐν
1794 3877 1919 3950 [ἐπὶ]
1947 3885 2010 3952 τῇ

429 3983 663 4056 ἐπαρχίᾳ
687 3975 1016 4037 ἐπισκόπους,
1042 3981 1143 4027 τῶν
1171 3975 1261 4042 μέν
1287 3972 1445 4025 ἀθῶον
1465 3969 1547 4024 τὸν
1574 3969 1848 4046 κρινόμενον
1876 3970 2008 4024 ἀποο

428 4071 718 4142 φαινόντων,
749 4074 848 4120 τῶν
886 4063 938 4119 δέ
969 4063 1171 4135 ἔνοχον,
1212 4062 1343 4135 ὑπὲρ
1373 4061 1669 4132 ἀπαλλαγῆς
1710 4061 1879 4120 πάσης
1911 4062 2010 4130 άμ-

428 4161 800 4232 φισϐητησεως,
819 4153 961 4219 ἔδοξε
987 4161 1047 4229 τῇ
1071 4151 1190 4226 ἁγίᾳ
1213 4148 1407 4220 συνόδῳ
1428 4152 1511 4204 τόν
1537 4159 1623 4211 τῆς
1652 4152 2008 4224 μητροπόλεως

426 4251 728 4311 ὶπίσκοπον,
759 4247 860 4302 ἀπὸ
884 4252 975 4305 τῆς
1005 4242 1373 4318 πλησιοχώρου
1413 4241 1676 4312 ἐπαρχίας
1717 4243 2010 4311 μετακαλεῖ-

426 4345 546 4397 σθαι
576 4342 777 4414 ἐτέρους
805 4338 944 4400 τινὰς
970 4339 1091 4396 τοὺς
1121 4337 1485 4409 ἐπικρίνοντας,
1517 4336 1596 4386 καὶ
1621 4336 1710 4389 τήν
1749 4335 2006 4406 ἀμφισϐή-

426 4454 572 4492 τησιν
596 4430 914 4492 διαλύοντας,
942 4434 1034 4482 τοῦ
1066 4427 1348 4498 βεϐαιῶσαι
1369 4428 1463 4479 σὺν
1491 4433 1598 4486 τοῖς
1625 4433 1715 4485 τῆς
1746 4426 2006 4500 ἐπαρχίας

426 4524 482 4578 τὸ
511 4521 910 4597 παριστάμενον.

497 4611 582 4681 ξδ’.
607 4609 670 4664 Εἴ
682 4631 760 4670 τις
781 4610 1053 4666 ἐπίσκοπος
1074 4607 1158 4661 ἐπί
1174 4625 1306 4661 τισιν
1326 4604 1605 4677 ἐγκλήμασι
1624 4604 2000 4676 κατηγορηθείς,

425 4705 608 4778 κριθείη
634 4702 738 4756 ὑπὸ
764 4701 966 4754 πάντων
990 4706 1089 4754 τῶν
1116 4699 1164 4752 ἐν
1185 4704 1246 4770 τῇ
1277 4697 1511 4772 ἐπαρχίᾳ
1536 4698 1851 4760 ἐπισκοπῶν,
1883 4697 2003 4749 πάν-

424 4816 508 4855 τες
551 4814 606 4848 τε
658 4793 920 4864 σύμφωνοι
965 4792 1083 4862 μίαν
1132 4789 1423 4842 κατάὖτοῦ
1471 4787 1764 4858 ἐξενέγκοιεν
1805 4785 1998 4858 ψῆφον·

423 4892 597 4941 τοῦτον
633 4885 809 4956 μηκέτι
852 4882 974 4956 παρ’
990 4882 1176 4956 ἑτέροις
1221 4878 1533 4944 δικάζεσθαι,
1553 4880 1674 4934 ἀλλὰ
1713 4881 1874 4950 μένειν
1916 4880 2004 4950 βε-

425 4977 570 5029 εαὲαν
607 4979 697 5034 την
732 4972 1000 5046 σύμφωνον
1026 4979 1127 5028 τῶι
1151 4973 1236 5025 ἐπὶ
1280 4978 1372 5032 τῆς
1420 4973 1679 5045 ἐπαρχίας
1713 4971 2004 5028 ἐπισκόπων

421 5066 694 5137 ἀπόφασιν.
1164 5071 1166 5074 ’

495 5157 573 5226 4ε’.
604 5155 667 5212 Εἴ
695 5178 774 5218 τις
808 5156 1087 5213 ἐπίσκοπος
1113 5151 1387 5224 σχολάζων
1427 5152 1510 5208 ἐπί
1540 5153 1899 5223 σχολάζουσαν
1929 5155 2002 5208 ἐκ·

421 5248 629 5306 κλησίαν
666 5247 843 5303 ἑαυτὸν
876 5243 1145 5322 ἐπιρῥίψας
1167 5282 1180 5307 ,
1212 5245 1497 5318 ύφαρπάζοι
1535 5246 1621 5297 τόν
1658 5245 1827 5316 θρόνον
1868 5243 2000 5315 δίχα

418 5335 633 5392 συνόδου
645 5338 854 5399 τελείας,
865 5343 1040 5393 τοῦτον
1052 5335 1338 5392 ἀπόϐλητον
1354 5331 1498 5398 εἶναι,
1525 5338 1668 5389 καὶεί
1686 5341 1789 5396 πᾶς
1805 5335 1830 5390 ό
1855 5337 1996 5403 λαός,

416 5426 472 5483 ὃν
496 5429 819 5502 ὑφήρπασεν,
846 5428 1003 5484 ἕλοιτο
1039 5425 1204 5483 αὐτόν·
1234 5428 1421 5482 τελείαν
1446 5425 1500 5480 δέ
1525 5429 1708 5487 ἐκείνην
1735 5424 1860 5484 εἶναι
1879 5431 2002 5485 σύν*

414 5520 551 5589 οδον,
635 5517 726 5591 [εἰς
751 5517 832 5588 ibi}
851 5521 1180 5596 συμπάρεστι
1211 5523 1296 5574 καί
1319 5519 1344 5574 ὁ
1365 5528 1456 5580 τῆς
1477 5520 1852 5593 μητροπόλεως.

488 5693 582 5763 έςᾏ
614 5691 679 5747 Εἴ
700 5714 778 5756 τις
807 5693 1079 5756 ἐπίσκοπος
1111 5696 1434 5766 χειροθεσίαν
1463 5696 1586 5769 παρ’
1613 5695 1890 5750 ἐπισκόπου
1912 5695 2001 5752 λα-

417 5787 538 5856 ϐὼν,
566 5787 644 5842 καί
673 5784 889 5860 ὁρισθεὶς
917 5789 1225 5860 προιστάναι
1252 5787 1404 5856 λαοῦ,
1439 5794 1505 5856 μή
1542 5786 1861 5853 καταδέξοιτο
1901 5794 1986 5854 τήν

2030 4560 2080 4620 D

2113 3247 2314 3314 veniat,
2339 3247 2408 3302 ad
2436 3245 2738 3316 aliquorum
2767 3246 3183 3314 ordinationem,
3227 3255 3281 3303 et
3307 3237 3698 3305 ecclesiastica-

2115 3354 2236 3394 rum
2260 3354 2463 3402 rerum,
2494 3338 2562 3393 ad
2587 3352 2648 3393 se
2678 3352 2785 3392 non
2807 3338 3212 3408 pertinentium,
3230 3341 3694 3408 constitutionem,

2109 3431 2223 3489 sint
2261 3431 2480 3501 quidem
2512 3430 2660 3485 irrita
2693 3445 2812 3500 qua:
2840 3430 2907 3484 ab
2954 3430 3072 3501 ipso
3100 3441 3396 3498 geruntur:
3423 3436 3538 3502 ipse
3566 3450 3693 3492 vero

2112 3539 2222 3579 suae
2249 3521 2619 3594 perversitatis
2671 3527 2725 3575 et
2770 3527 2966 3591 praeter
3003 3521 3267 3576 rationem
3297 3521 3449 3578 factm
3475 3537 3696 3592 aggres-

2112 3615 2280 3671 sionis
2308 3613 2516 3670 debitas
2546 3627 2735 3682 poenas
2762 3611 2874 3679 det,
2906 3611 3100 3666 exinde
3124 3612 3330 3668 scilicet
3349 3628 3380 3667 a
3409 3622 3592 3668 sancta
3614 3631 3697 3686 sy-

2111 3703 2256 3758 nodo
2280 3701 2576 3772 depositus.

2181 3793 2362 3848 XCIII.
2393 3825 2464 3834 ——
2487 3792 2572 3845 Η.
2606 3790 2664 3846 Si
2692 3790 2810 3860 quis
2838 3791 3122 3861 episcopus
3148 3790 3215 3846 de
3241 3791 3560 3862 quibusdam
3589 3795 3695 3849 cri-

2111 3885 2346 3940 minibus
2368 3883 2656 3952 jiIdicetur,
2707 3881 2902 3938 deinde
2930 3883 3206 3952 contingat
3244 3884 3526 3954 episcopos
3569 3902 3695 3956 pro-

2111 3976 2301 4032 vincia:
2328 3975 2400 4030 de
2429 3990 2495 4029 eo
2518 3973 2796 4039 dissidere,
2833 3973 2939 4029 illis
2965 3975 3182 4043 quidem
3210 3989 3333 4030 cum
3361 3977 3428 4032 de
3452 3993 3559 4048 quo
3587 3978 3694 4034 fer-

2112 4074 2200 4120 tur
2224 4065 2512 4130 sententia,
2559 4065 2899 4119 innocentem
2925 4066 3415 4135 pronunliantibus,
3446 4069 3529 4126 bis
3562 4087 3692 4126 vero

2109 4173 2302 4212 reum:
2334 4172 2432 4226 pro
2482 4163 2594 4211 tota
2641 4156 3013 4226 componenda
3055 4160 3442 4226 controversia,
3491 4162 3693 4232 placuit

2109 4257 2309 4303 sancta:
2331 4248 2560 4320 synodo,
2590 4255 2650 4302 ut
2678 4248 2960 4319 episcopus
2987 4250 3433 4320 metropolitanus
3461 4267 3491 4306 e
3516 4254 3690 4308 vicina

2109 4339 2385 4409 provincia
2405 4340 2614 4409 judices
2650 4339 2785 4394 alios
2813 4349 3092 4406 convocet,
3143 4341 3235 4410 qui
3265 4346 3687 4400 controversiam

2110 4429 2322 4497 tollant,
2351 4438 2406 4485 et
2433 4430 2578 4498 quod
2623 4445 2745 4486 cum
2773 4432 3062 4502 provincia:
3091 4434 3358 4504 episcopis
3404 4437 3690 4506 probatqu

2110 4517 2290 4583 fuerit,
2319 4518 2623 4573 conﬁrmet.

2178 4607 2356 4663 XCIV.
2387 4641 2460 4651 —
2489 4607 2666 4678 I5._Si
2704 4609 2826 4679 quis
2853 4610 3138 4680 episcopus
3166 4611 3466 4682 aliquorum
3505 4615 3689 4670 crimi-

2107 4713 2233 4754 num
2254 4708 2553 4763 accusatus,
2587 4699 2654 4754 ab
2679 4700 2928 4756 omnibus
2950 4702 3241 4770 provinciae
3265 4705 3532 4776 episc0pis
3559 4723 3689 4763 con-

2106 4787 2389 4843 demnatus
2442 4789 2639 4855 fuerit,
2708 4797 2763 4845 et
2810 4805 3000 4844 omnes
3048 4807 3211 4846 unam
3260 4798 3689 4856 consentientem

2105 4876 2364 4932 adversus
2391 4894 2514 4932 cum
2543 4880 2865 4934 sententiam
2908 4882 3128 4936 tulerint
3153 4901 3166 4936 :
3200 4885 3245 4940 is
3271 4901 3341 4940 ne
3368 4888 3595 4958 amplius
3621 4891 3689 4946 ab

2107 4968 2225 5021 aliis
2248 4969 2519 5038 judieetur
2543 4988 2556 5024 :
2580 4971 2675 5026 sed
2695 4973 2982 5042 provinciae
3005 4975 3380 5047 episcoporum
3410 4979 3562 5035 ﬁrma
3583 4997 3688 5038 ma~

2107 5068 2235 5114 neat
2257 5060 2545 5114 sententia.
2967 5130 2969 5133 ι

2178 5147 2337 5204 XCV.
2367 5182 2438 5191 —
2466 5149 2552 5204 16.
2583 5149 2787 5248 Siquis
2828 5153 3112 5248 episcopus
3140 5172 3358 5226 vacans,
3381 5159 3463 5248 λη
3507 5163 3684 5218 eccle-

2106 5240 2242 5296 siam
2267 5250 2548 5296 vacantem
2587 5241 2820 5311 seipsum
2867 5243 3132 5313 injiciens,
3179 5240 3469 5315 arripuerit
3502 5252 3685 5308 sedem

2106 5333 2310 5401 absque
2354 5332 2592 5402 perfecta
2648 5331 2881 5401 synodo,
2929 5335 3070 5388 hunc
3117 5335 3492 5404 expellendum
3542 5354 3682 5407 esse,

2105 5423 2314 5476 etiamsi
2343 5423 2518 5477 omnis
2546 5423 2794 5492 populus,
2826 5437 2984 5494 quem
3015 5425 3260 5494 arripuit,
3291 5441 3412 5481 eum
3440 5429 3682 5499 elegerit.

2103 5511 2345 5568 Perfecta
2373 5528 2502 5568 vero
2530 5516 2766 5585 synodus
2792 5516 2880 5570 illa
2910 5523 3009 5583 est,
3043 5517 3129 5571 cui
3158 5518 3381 5575 interest
3400 5530 3455 5576 et
3475 5533 3681 5580 metro-

2099 5606 2369 5676 politanus
2395 5607 2695 5677 epise0pus.

2169 5695 2344 5750 XCVI.
2381 5728 2445 5738 -—
2475 5695 2560 5749 i7.
2593 5697 2646 5751 Si
2689 5697 2808 5766 quis
2849 5698 3154 5769 episcopus,
3197 5711 3418 5772 accepta
3451 5705 3673 5774 imposi-

2095 5789 2240 5848 tionc
2269 5805 2521 5848 manuum
2556 5792 2620 5846 ab
2643 5792 2896 5865 episcopo
2923 5803 2974 5850 et
3000 5795 3198 5868 populo
3218 5812 3446 5869 praeesse
3466 5799 3668 5870 jussus,
3708 5794 3711 5795 7
