4012 6468
258 279 338 333 65
1214 277 1441 333 CODEX
1478 279 1805 336 CANONUM
1839 280 2203 338 UNIVERSIE
2242 283 2616 343 ECCLESUE.
3489 302 3556 356 εδ

262 389 619 465 λειτουργίαν,
660 388 787 461 μηδὲ
813 390 1032 445 πείθοιτο
1067 390 1269 447 ἀπιέναι
1307 396 1377 453 εἷς
1420 397 1509 453 τὴν
1539 396 1868 469 ἐγχειρισθεῖ-

1979 395 2333 451 ministerium
2370 415 2476 453 non
2503 402 2819 470 susceperit,
2872 417 3045 472 neque
3076 407 3405 476 acquievcrit
3430 428 3556 481 pro--

265 506 374 539 σαν
400 484 545 555 αύτῷ
574 482 842 540 ἐκκλησίαν
861 522 874 545 ,
901 489 1084 537 τοῦτον
1120 478 1248 538 εἶναι
1286 485 1642 547 ἀκοινώνητον,
1683 484 1789 539 ἔστ’
1813 480 1871 537 ἂν

266 573 614 644 ἀναγκασθείς
638 570 989 636 καταδόξοιτο,
1013 570 1406 644 [καταδέξηταῴ
1438 575 1467 633 ἦ
1494 574 1659 650 ὁρίσοι
1686 597 1737 630 τι
1756 578 1875 649 περί

264 667 430 721 αὐτοῦ
458 666 488 722 η
512 663 676 717 τελεία
706 661 915 725 σύνοδος
940 669 1045 718 τῶν
1072 665 1205 719 κατά
1244 669 1332 723 τήν
1377 662 1637 739 ἐπαρχίαν
1672 664 1875 719 ἐπισκό-

265 777 405 812 πων.

342 852 433 921 έξ.
467 850 531 905 Εἴ
551 874 631 913 τις
670 853 956 911 ἐπίσκοπος
991 850 1366 923 χειροτονηθείς
1406 853 1475 909 εἰς
1504 852 1769 924 παροικίαν
1803 854 1874 921 μή

265 942 480 995 ἆπόθω
507 944 578 1001 είς
598 942 658 998 ἢν
684 939 1020 1012 χειροτονήθη
1061 935 1486 1013 [ἐχειροτονήθη],
1520 940 1575 991 οὐ
1609 939 1752 1014 παρά
1781 945 1874 998 τήν

266 1031 463 1086 ἑαυτοῦ
498 1034 691 1096 αἰτίαν,
719 1030 825 1086 ἀλλ’
852 1030 965 1088 ἤτοι
994 1028 1078 1084 διὰ
1102 1034 1189 1087 τήν
1221 1034 1311 1083 τοῦ
1332 1029 1452 1084 λαοῦ
1484 1034 1811 1103 παραίτησιν,
1844 1031 1875 1091 ἦ

267 1123 335 1179 δι’
359 1126 540 1197 ἑτέραν
566 1126 733 1179 αῗτίαν
758 1126 846 1177 οὐκ
870 1124 922 1187 ἐξ
946 1123 1106 1177 αὐτοῦ
1131 1122 1414 1195 γενομένην,
1437 1128 1615 1177 τοῦτον
1634 1123 1875 1194 μετέχειν

266 1225 362 1277 τῆς
380 1225 532 1286 τιμῆς
554 1218 636 1270 καί
658 1224 748 1275 τῆς
772 1215 1107 1291 λειτουργίας,
1123 1214 1267 1284 μόνον
1286 1212 1438 1284 μηδὲν
1457 1214 1875 1288 παρενοχλοῦντα

267 1316 377 1368 τοῖς
418 1310 692 1383 πράγμασι
718 1316 808 1366 τῆς
855 1307 1121 1367 ἐκκλησίας
1140 1343 1154 1368 ,
1183 1302 1296 1359 ἔνθα
1334 1300 1393 1358 ἂν
1422 1307 1705 1375 συγάγοιτο·
1739 1304 1875 1361 ἐκδέ-

267 1401 467 1471 χεσθαι
498 1397 551 1452 δέ
580 1400 787 1458 τοῦτον,
821 1392 847 1448 ὃ
887 1390 946 1448 ἄν
977 1396 1007 1452 ἡ
1040 1402 1132 1454 τῆς
1168 1394 1431 1468 ἐπαρχίας
1466 1395 1630 1449 τελεία
1661 1391 1875 1455 σύνοδος

266 1492 491 1565 κρίνασα
518 1492 575 1543 τὸ
604 1489 988 1563 παριστάμενον
1020 1486 1196 1561 ὁρίσῃ.

344 1579 437 1649 ζη’.
463 1579 772 1633 Ἐπίσκοπον
814 1584 883 1649 μή
930 1580 1331 1652 χειροτονεῖσθαι
1374 1576 1505 1648 δίχα
1541 1578 1751 1634 συνόδου
1788 1584 1871 1636 καί

267 1680 565 1749 παρουσίας
578 1679 671 1726 τοῦ
693 1674 743 1726 ἐν
765 1680 827 1745 τῇ
852 1672 1162 1744 μητροπόλει
1181 1678 1272 1731 τῆς
1298 1672 1579 1747 ἐπαρχίας,
1609 1675 1791 1727 τούτου
1816 1671 1871 1727 δέ

1978 484 2141 540 ﬁcisci
2168 485 2235 539 ad
2262 488 2546 543 ecclesiam
2574 490 2675 543 sibi
2706 493 3068 558 commissam,
3093 496 3236 552 hunc
3254 514 3562 553 excommu-

1977 574 2214 629 nicatum
2245 592 2365 632 esse
2392 577 2566 633 donec
2607 589 2833 635 coactus
2874 584 3152 653 suscipiat,
3203 595 3297 641 aut
3324 590 3560 657 pel-licia

1977 664 2215 733 synodus
2241 667 2614 736 episcoporum
2646 670 2935 737 provincia:
2964 673 3031 731 de
3070 673 3188 745 ipso
3238 675 3438 747 aliquid
3466 684 3561 732 de-

1979 753 2148 812 ﬁniat.

2050 843 2253 901 XCVII.
2284 881 2355 890 —
2386 848 2470 905 18.
2521 852 2577 907 Si
2618 854 2737 924 quis
2779 859 3065 926 episcopus
3103 858 3405 926 ordinatus,
3456 875 3563 915 non

1978 938 2269 1009 accesserit
2306 939 2374 993 ad
2404 943 2699 1010 paroeciam
2744 945 2830 1000 cui
2869 956 2954 1001 est
3001 948 3298 1014 ordinatus,
3328 966 3438 1004 non
3465 965 3562 1005 sua

1978 1027 2195 1097 quidem
2224 1030 2401 1100 culpa,
2450 1032 2545 1087 sed
2574 1042 2796 1104 propter
2836 1038 3017 1106 populi
3059 1040 3559 1105 contradictionem,

1978 1119 2064 1174 vel
2090 1120 2251 1175 aliam
2280 1137 2519 1189 causam,
2548 1140 2667 1194 quae
2696 1142 2727 1181 a
2757 1142 2816 1182 se
2846 1144 2953 1183 non
2988 1131 3176 1196 oritur,
3210 1131 3255 1187 is
3281 1133 3350 1186 sit
3377 1142 3431 1187 et
3459 1133 3563 1187 ho—

1980 1211 2128 1265 noris
2151 1219 2207 1266 et
2233 1213 2517 1267 ministerii
2538 1216 2809 1287 particeps
2834 1217 3124 1274 dummodo
3154 1220 3285 1275 nihil
3305 1223 3562 1290 molestias

1981 1303 2171 1360 afferat
2194 1306 2355 1361 rebus
2384 1306 2637 1363 Ecclesiae
2678 1308 2731 1362 in
2760 1326 2864 1380 qua
2893 1313 3167 1366 convenit.
3222 1313 3272 1368 Is
3302 1323 3480 1369 autem
3510 1316 3563 1371 id

1977 1396 2254 1465 suscipiat,
2278 1398 2421 1465 quod
2443 1396 2680 1469 perfecta
2703 1400 2992 1469 provincia:
3015 1403 3252 1473 synodus
3270 1404 3563 1474 judicando

1975 1486 2241 1540 statuerit.

2047 1574 2272 1632 XCVIII.
2301 1611 2375 1621 —
2404 1578 2491 1634 l9.
2520 1579 2814 1652 Episcopus
2837 1597 2906 1638 ne
2928 1585 3209 1640 ordinetur
3251 1586 3456 1658 absque
3481 1604 3563 1660 sy-

1974 1668 2118 1723 nodo
2144 1675 2199 1723 ct
2226 1672 2511 1737 prmsentia
2551 1675 2953 1744 metropolitani
3000 1666 3318 1747 provincize,
3369 1697 3436 1737 eo
3466 1697 3561 1738 aue

265 1766 523 1841 παρόντος
562 1766 867 1827 ἐξάπαντος,
902 1762 1100 1831 βέλτιτν
1130 1764 1221 1834 μέν
1259 1769 1483 1816 συνεῖναι
1517 1765 1657 1835 αὐτῷ
1677 1764 1868 1824 πάντας

1979 1765 2085 1814 lem
2138 1769 2444 1830 praesente;
2502 1765 2724 1821 omnino
2786 1768 2979 1825 melius
3032 1779 3152 1833 est,
3213 1787 3400 1827 omnes
3455 1791 3560 1828 una

265 1859 394 1916 τοὺς
443 1856 495 1909 έν
634 1852 869 1931 ἐπαρχίᾳ
913 1853 1369 1927 συλλειτουργοὺς,
1401 1856 1488 1907 καί
1525 1858 1771 1929 προσήκει
1808 1853 1874 1910 δι’

265 1947 544 2006 ἐπιστολῆς
581 1948 668 2000 τὸν
712 1947 761 1998 ἐν
812 1952 873 2019 τῇ
910 1943 1220 2016 μητροπόλει
1254 1945 1545 2014 συγκαλεῖν
1582 1947 1664 1998 καὶ
1702 1946 1748 1997 εἰ
1783 1946 1872 2014 μέν

264 2039 543 2094 ἆπαντοῖεν
573 2037 619 2090 οί
650 2034 838 2096 πάντες
862 2075 877 2099 ,
909 2036 1123 2110 βέλτιον
1157 2037 1202 2088 εί
1229 2032 1282 2088 δέ
1312 2032 1570 2109 δυσχερὲς
1591 2033 1665 2092 εἴη
1689 2042 1871 2104 τοῦτο,

264 2134 393 2190 τούς
421 2150 479 2201 γε
504 2131 711 2188 πλείους
730 2130 1007 2192 ἐξάπαντος
1030 2134 1268 2204 παρεῖναι
1292 2125 1390 2193 δεῖ,
1407 2127 1436 2186 ἦ
1454 2126 1537 2182 διὰ
1557 2129 1871 2202 γραμμάτων

188 2238 195 2243 ’
264 2221 569 2291 ὁμοψήφους
596 2221 827 2291 γενέσθαι
847 2262 861 2286 ,
894 2222 977 2273 καί
1007 2218 1170 2279 οὕτως
1205 2220 1333 2289 μετά
1369 2226 1461 2278 τῆς
1495 2225 1595 2273 τῶν
1633 2219 1871 2273 πλειόνων

262 2315 381 2373 ἓτοι
414 2315 705 2388 παρουσίας
732 2311 762 2371 ἦ
786 2311 953 2383 ψήφου
990 2310 1218 2383 γίνεσθαι
1254 2315 1346 2370 τήν
1367 2315 1703 2365 κατάστασιν
1724 2314 1778 2377 ,εἰ
1814 2310 1871 2367 δέ

263 2405 434 2467 ἄλλως
472 2408 617 2477 παρὰ
642 2405 705 2459 τά
738 2407 999 2481 ὡρισμένα
1040 2394 1287 2475 γίγνοιτο,
1332 2401 1490 2475 μηδὲν
1528 2404 1738 2478 ἰσχύειν
1778 2409 1871 2463 τήν

263 2500 611 2574 χειροτονίαν·
648 2499 690 2550 εί
716 2494 769 2551 δέ
809 2496 937 2551 κατά
964 2496 1047 2550 τὸν
1087 2495 1368 2571 ὡρισμένον
1396 2492 1579 2548 κανόνα
1599 2497 1814 2565 γίγνοιτο
1839 2494 1871 2551 ἦ

262 2593 626 2653 κατάστασις,
659 2588 959 2659 ἀντιλέγοιεν
988 2584 1044 2641 δέ
1088 2606 1219 2648 τινες
1244 2584 1309 2642 δι’
1329 2586 1510 2640 οἰκείαν
1538 2585 1831 2655 φιλονεικίαν
1852 2622 1869 2651 ,

262 2689 482 2756 κρατεῖν
508 2686 599 2740 τήν
622 2679 863 2735 πλειόνων
892 2678 1079 2752 ψῆφον.

340 2836 425 2905 ζθ.
461 2837 551 2890 Διά
573 2836 663 2897 τάς
693 2833 1110 2894 έκκλησιαστικάς
1156 2834 1345 2906 χρείας
1364 2873 1380 2899 ,
1408 2835 1496 2888 καί
1520 2834 1613 2894 τὰς
1640 2840 1740 2889 τῶν
1770 2834 1870 2903 άμ-

259 2927 686 3000 Ῡισϐητουμένων
715 2924 972 2985 διαλύσεις
996 2965 1012 2991 ,
1055 2923 1218 2985 καλῶς
1265 2922 1409 2994 ἔχειν
1440 2921 1581 2988 ἔδοξε
1625 2922 1872 2983 συνόδους

259 3017 379 3073 καθ’
404 3019 625 3075 ἑκάστην
656 3017 915 3089 ἐπαρχίαν
936 3021 1037 3071 τῶν
1068 3013 1358 3071 έπισκόπων
1377 3014 1606 3085 γίνεσθαι
1632 3011 1869 3088 δεύτερον

259 3116 357 3164 τοῦ
407 3106 579 3171 ἔτους
611 3105 750 3171 ἅπαξ
789 3108 915 3176 μέν,
957 3108 1091 3177 μετὰ
1134 3108 1225 3162 την
1268 3106 1440 3178 τρίτην
1480 3100 1736 3172 ἑϐδομάδα
1777 3110 1869 3163 τῆς
1898 3147 1942 3208 C

260 3203 451 3276 ἑορτῆς
483 3205 572 3253 τοῦ
609 3199 824 3269 πάσχα,
857 3199 990 3252 ὥστε
1124 3195 1348 3270 τετάρτῃ
1380 3192 1622 3265 έϐδομὰδι
1645 3192 1756 3265 [τήν
1784 3214 1866 3249 τε-

260 3294 458 3364 τάρτην
479 3285 756 3359 ἑϐδομάδα]
778 3296 870 3348 τῆς
890 3295 1235 3348 πεντηκοστῆς
1264 3288 1603 3343 ἐπιτελεῖσθαι
1631 3290 1723 3346 την
1740 3287 1868 3341 σύν·-

262 3382 421 3449 οδον,
466 3384 941 3455 ὑπομιμνήσκοντος
993 3372 1118 3441 τούς
1167 3381 1507 3454 ἐπαρχιὼτας
1553 3387 1644 3434 τοῦ
1699 3382 1750 3435 ἐν

263 3474 598 3550 μητροπόλει·
637 3479 729 3532 τήν
758 3471 812 3527 δέ
844 3470 1086 3547 δευτέραν
1115 3469 1325 3525 σύνοδον
1362 3472 1586 3540 γίνεσθαι
1620 3469 1747 3531 ἴδοις
1778 3469 1869 3540 [εἰ-

263 3565 396 3636 δοῖς]
445 3566 785 3640 όκτωϐρίαις,
818 3566 928 3624 ἥτις
975 3564 1087 3617 ίστί
1132 3561 1545 3621 πεντεκαιδεκάτη
1585 3563 1867 3638 ὑπερϐερε-

262 3660 431 3713 ταίου·
464 3658 600 3711 ὥστε
645 3656 694 3708 έν
725 3656 913 3714 αὐταῖς
957 3654 1171 3714 ταύταις
1199 3661 1319 3715 ταῖς
1346 3651 1574 3714 συνόδοις
1603 3656 1867 3729 προσιέναι

262 3749 660 3824 πρεσϐυτέρους
686 3748 773 3799 καί
802 3743 1089 3810 διακόνους,
1115 3746 1200 3799 καί
1229 3745 1427 3805 πάντας
1450 3746 1572 3804 τοὺς
1600 3742 1866 3804 ἠδικῆσθαι

262 3846 578 3915 νομίζοντας,
608 3844 691 3896 καί
715 3842 859 3916 παρὰ
883 3848 974 3899 τῆς
996 3837 1215 3895 συνόδου
1236 3839 1537 3912 ἐπικρίσεως
1563 3838 1862 3911 τυγχάνειν.

259 3940 335 3993 Μή
358 3936 543 3997 ἐξεῖναι
570 3930 624 3987 δέ
654 3952 791 3991 τινας
811 3930 917 3985 καθ’
949 3930 1166 3989 ἑαυτούς
1195 3927 1440 3989 συνόδους
1467 3932 1717 3985 ποιεῖσθαι
1744 3928 1863 3985 ἄνευ

260 4034 358 4081 τῶν
381 4024 803 4093 πεπιστευμένων
825 4022 917 4081 τὰς
937 4021 1299 4096 μητροπόλεις.

333 4117 398 4191 ρ’.
428 4116 728 4171 Ἐπίσκοπσν
773 4114 875 4169 άπὸ
924 4114 1194 4187 παροικίας
1234 4113 1409 4185 ἐτέρας
1460 4114 1532 4173 εἰς
1575 4113 1752 4187 ἑτέραν
1793 4117 1863 4182 μή

260 4208 634 4280 μεθίστασθαι,
685 4208 813 4275 μήτε
861 4204 1172 4279 αὐθαιρέτως
1225 4203 1589 4275 ἐπιρῥίπτοντα
1638 4203 1818 4258 ἑαυτὸν
1844 4243 1860 4269 ,

258 4304 386 4372 μήτε
416 4300 521 4352 ύπό
543 4298 679 4350 λαῶν
708 4296 1074 4365 ἐκϐιαζόμενον,
1108 4298 1234 4365 μήτε
1259 4295 1361 4349 ύπό
1392 4293 1680 4350 ἐπισκόπων
1708 4296 1866 4369 ἀναγ-

257 4388 553 4461 καζόμενον·
587 4388 750 4460 μένειν
779 4383 833 4440 δέ
859 4388 931 4445 εἰς
955 4386 1013 4443 ἣν
1039 4384 1287 4460 ἐκληρώθη
1310 4386 1420 4439 »ὑπὸ
1442 4391 1534 4440 τοῦ
1567 4391 1694 4441 Θεοῦ
1720 4386 1864 4463 ἐξαρ-

1974 1863 2095 1903 cum
2125 1864 2192 1905 eo
2221 1851 2408 1907 adesse
2433 1854 2853 1921 comministros,
2901 1857 2992 1925 qui
3023 1866 3145 1913 sunt
3175 1860 3227 1914 in
3257 1862 3553 1930 provincia.

1973 1944 2029 1993 et
2057 1953 2152 1995 eos
2198 1954 2297 2009 per
2324 1942 2534 1998 litteras
2560 1946 3035 2016 metmpolitanum
3067 1965 3387 2005 convocare.
3420 1950 3487 2005 Et
3513 1954 3557 2007 si

1972 2029 2191 2097 quidem
2220 2045 2408 2089 omnes
2432 2036 2777 2103 accesserint,
2808 2036 2947 2093 bene
2973 2048 3056 2093 est
3088 2057 3101 2093 :
3134 2040 3217 2095 sin
3247 2049 3428 2096 autem
3456 2043 3561 2099 boc

1974 2116 2191 2175 difﬁcile
2236 2120 2417 2190 fuerit,
2468 2125 2651 2195 plures
2688 2128 2909 2183 omnino
2950 2129 3139 2186 adesse
3185 2140 3418 2202 oportet,
3469 2141 3561 2188 aut

1974 2216 2124 2266 certe
2150 2226 2250 2281 per
2296 2213 2505 2271 litteras
2533 2232 2639 2271 una
2667 2232 2788 2272 cum
2815 2218 2921 2274 illis
2966 2219 3272 2289 suffragium
3314 2222 3477 2293 ferre,
3507 2234 3560 2279 et

1971 2300 2050 2357 sic
2072 2316 2196 2358 cum
2240 2303 2473 2374 plurium
2513 2309 2798 2378 prmsentia
2828 2317 2923 2365 aut
2962 2312 3217 2383 suffragio
3260 2316 3560 2394 ordinatio-

1972 2406 2095 2447 nem
2128 2392 2264 2448 ﬁeri.
2312 2394 2409 2451 Sin
2436 2403 2616 2453 autem
2645 2399 2802 2454 aliter
2828 2409 3027 2471 praeter
3052 2402 3169 2459 haec
3194 2418 3314 2473 quae
3342 2392 3557 2461 decreta

1971 2489 2115 2546 sunt,
2147 2481 2257 2550 ﬁat,
2289 2499 2399 2539 non
2424 2487 2606 2544 valere
2632 2488 3048 2546 ordinationem.
3099 2492 3157 2549 Si
3186 2502 3365 2550 autem
3404 2495 3558 2564 juxta

1972 2570 2293 2639 praeﬁnitum
2333 2589 2595 2630 canonem
2624 2578 2897 2634 ordinatio
2932 2579 3074 2635 facta
3117 2580 3299 2651 fuerit,
3329 2592 3384 2638 et
3420 2601 3559 2639 non-

1973 2658 2105 2713 nulli
2134 2675 2230 2729 per
2257 2663 2662 2720 contentionem
2692 2667 3089 2737 contradicant,
3129 2670 3373 2748 obtineat
3393 2674 3559 2744 pluri-

1972 2764 2183 2804 morum
2205 2754 2494 2807 sententia.

2043 2836 2226 2894 XCIX.
2258 2873 2329 2882 —
2356 2841 2445 2895 20.
2476 2840 2707 2914 Propter
2750 2861 2879 2902 usus
2923 2849 3319 2907 ecclesiasticos
3359 2862 3415 2908 et
3462 2869 3560 2924 pro

1971 2931 2287 2989 dirimendis
2314 2940 2719 3008 controversiis,
2763 2951 2913 2997 recte
2939 2943 3139 3001 habere
3167 2947 3340 3003 visum
3369 2957 3472 3020 est,
3502 2959 3560 3007 ut

1970 3040 2071 3095 per
2095 3040 2526 3100 unamquamque
2571 3034 2906 3101 provinciam
2953 3039 3141 3109 synodi
3183 3042 3559 3113 episcoporum

1972 3112 2058 3168 bis
2078 3114 2132 3167 in
2158 3129 2304 3171 anno
2346 3115 2495 3172 ﬁant.
2526 3118 2605 3174 Ac
2632 3122 2806 3189 prima
2841 3125 3057 3193 quidem
3086 3137 3207 3197 post
3236 3112 3447 3186 tertiam
3470 3148 3559 3188 se-

1972 3205 2269 3275 ptimanam
2298 3206 2420 3263 festi
2448 3208 2691 3281 Paschte,
2723 3221 2781 3267 ut
2806 3225 2997 3283 quarta
3026 3221 3328 3288 septimana
3357 3222 3559 3280 Pente-

1972 3306 2152 3352 costes
2183 3299 2497 3369 perficiatur
2518 3304 2772 3373 synodus,
2806 3311 3226 3379 metropolitano
3249 3315 3560 3383 provincia-

1969 3387 2048 3442 les
2075 3389 2359 3459 episcopos
2385 3390 2727 3448 admonente.
2759 3395 3006 3454 Secunda
3034 3416 3166 3456 vero
3194 3403 3435 3474 synodus
3465 3406 3560 3462 ﬁat

1971 3478 2146 3535 idibus
2174 3478 2444 3550 Octobris,
2476 3485 2567 3553 qui
2597 3494 2681 3540 est
2711 3487 2957 3547 decimus
2983 3494 3202 3561 quintus
3229 3495 3557 3567 hyperbere-

1970 3569 2097 3623 iaci:
2131 3571 2268 3625 utin
2310 3571 2394 3626 his
2422 3572 2551 3642 ipsis
2590 3577 2811 3645 synodis
2858 3582 3120 3636 accedant
3162 3586 3459 3655 presbyteri
3502 3596 3557 3642 et

1968 3660 2202 3722 diaconi,
2228 3672 2284 3717 et
2311 3678 2500 3719 omnes
2521 3667 2612 3735 qui
2642 3682 2701 3722 se
2730 3668 2921 3737 injuria
2950 3672 3173 3729 atl'ectos
3214 3686 3424 3745 putant,
3449 3688 3503 3733 et
3525 3696 3555 3734 a

1969 3751 2178 3823 synodo
2197 3753 2459 3822 judicium
2487 3767 2860 3826 assequamur.
2913 3760 3082 3817 Nullis
3117 3780 3245 3819 vero
3276 3766 3433 3821 liceat
3459 3785 3556 3837 per

1966 3858 2026 3899 se
2050 3844 2286 3914 synodos
2312 3846 2587 3903 celebrare
2613 3848 2729 3904 sine
2752 3849 2815 3904 iis
2854 3852 3048 3921 quibus
3092 3857 3420 3927 metropoles
3444 3874 3555 3914 crc-

1968 3934 2093 3990 ditzc
2121 3944 2264 3992 sunt.

2036 4122 2100 4178 C.
2131 4154 2201 4167 --
2230 4126 2319 4179 2|.
2350 4125 2650 4197 Episcopus
2678 4128 2746 4183 ab
2786 4128 2888 4183 alia
2917 4129 3153 4197 paroecia
3202 4130 3255 4185 in
3296 4131 3452 4184 aliam
3484 4147 3553 4186 ne

1967 4222 2226 4281 transeat,
2275 4232 2376 4273 nec
2415 4232 2476 4273 se
2514 4234 2611 4274 sua
2636 4229 2829 4287 sponte
2859 4219 3123 4287 ingerens,
3153 4236 3253 4275 nec
3283 4237 3311 4275 a
3339 4224 3551 4292 populis

1965 4306 2019 4361 vi
2045 4306 2290 4374 adactus,
2322 4322 2422 4361 nec
2450 4308 2517 4361 ab
2553 4308 2820 4377 episcopis
2848 4308 3171 4363 necessitate
3200 4312 3507 4379 compulsus
3532 4330 3547 4366 :

1965 4404 2184 4452 maneat
2228 4405 2409 4452 autem
2439 4397 2493 4451 in
2522 4412 2586 4452 ea
2616 4396 2863 4459 ecclesia,
2897 4412 3059 4467 quam
3088 4397 3156 4451 ab
3188 4399 3338 4455 initio
3366 4416 3395 4453 a
3440 4402 3550 4457 Deo

258 4490 365 4553 χῆς
409 4480 709 4543 ἐκκλησίαν,
747 4479 831 4530 καί
858 4476 1194 4547 μεθίστασθαι
1215 4479 1232 4498 ¹
1264 4476 1442 4543 αὐτῆς,
1487 4480 1621 4534 κατά
1656 4477 1742 4533 τόν
1764 4474 1860 4535 ἤδη

1979 4489 2188 4544 sortitus
2215 4496 2317 4557 est,
2365 4503 2467 4544 nec
2511 4488 2579 4543 ab
2608 4503 2672 4543 ea
2701 4487 2918 4543 recedat
2960 4488 3254 4544 secundum
3282 4490 3549 4549 deﬁnitio-

255 4571 513 4649 πρότερον
539 4570 863 4639 ἐξενεχθέντα
886 4568 1027 4645 ὅρον.

325 4661 429 4738 ρα’.
459 4663 769 4717 Ἐπίσκοπον
807 4666 876 4733 μη
911 4659 1182 4716 ἐπιϐαίνειν
1222 4654 1594 4730 [μεθίστασθαι]
1624 4658 1863 4736 ἀλλοτρίᾳ

253 4756 397 4810 πόλει
437 4761 502 4829 τῇ
540 4757 613 4825 μή
638 4754 932 4825 ὑποκειμένη
958 4754 1134 4822 αὐτῷ,
1167 4749 1293 4822 μηδέ
1331 4752 1486 4825 χὼρκ
1523 4759 1585 4825 τῇ
1622 4752 1761 4823 αύτῷ
1789 4757 1861 4821 μή

253 4846 565 4919 διαγερούσῃ
591 4884 607 4908 ,
637 4842 723 4897 έπί
750 4844 1046 4918 χειροτονία
1074 4844 1235 4908 τινὸς,
1270 4839 1397 4913 μηδέ
1432 4843 1670 4913 καθιστᾷν
1696 4863 1860 4918 πρεσ-

254 4941 510 5012 ϐυτέρους
549 4938 580 4997 ἦ
616 4935 884 4996 διακόνους
924 4940 995 4997 είς
1028 4936 1219 4996 τόπους
1248 4935 1403 5006 ἑτέρῳ
1433 4935 1697 5006 έπισκόπῳ
1727 4938 1859 4991 ὐτιό⁴

253 5032 540 5101 κειμένους,
563 5031 607 5084 εί
627 5034 695 5099 μὴ
722 5026 824 5102 ἄρα
845 5029 977 5105 μετὰ
1002 5030 1209 5101 γνώμης
1228 5032 1320 5082 τοῦ
1349 5028 1533 5081 οἰκείου
1561 5034 1653 5087 τῆς
1674 5030 1854 5103 χώρας

255 5119 562 5175 ἐπισκόπου⁰
596 5121 641 5173 εί
668 5117 722 5173 δέ
750 5120 1019 5191 τολμήσειέ
1047 5141 1125 5180 τις
1156 5125 1379 5184 τοιοῦτο,
1409 5116 1592 5192 ἄκυρον
1621 5116 1854 5179 εἶναιτὴν

255 5216 583 5289 χειροθεσίαν
601 5234 623 5276 ,θ
648 5215 731 5267 καί
758 5213 909 5268 αὐτόν
936 5214 1192 5282 ἐπιτιμίας
1219 5212 1322 5267 ὑπὸ
1359 5220 1451 5282 τῇς
1480 5210 1696 5267 συνόδου
1730 5232 1857 5282 τυγ-

255 5311 455 5379 χάνειν.

322 5400 406 5476 ρϐ¹
420 5441 433 5453 .
465 5399 776 5455 Ἐπίσκοπον
798 5402 867 5470 μὴ
896 5399 1077 5463 ἐξεῖναι
1099 5399 1208 5454 ἀντ’
1238 5400 1394 5455 αὐτοῦ
1416 5394 1669 5470 ¹καθιστᾷν
1690 5398 1859 5474 ἕτερον

232 5488 439 5548 ἐαυτοῦ
462 5488 739 5559 διάδοχον,
762 5484 851 5544 κᾶν
869 5492 1003 5565 πρὸς
1026 5497 1088 5562 τῇ
1117 5489 1321 5564 τελευτῇ
1340 5496 1429 5544 τοῦ
1457 5490 1573 5561 βίου
1600 5491 1854 5562 τυγχάνῃ·

253 5584 371 5642 εἶδέ
398 5608 453 5644 τι
490 5592 725 5639 τοιοῦτον
744 5585 993 5656 γίγνοιτο,
1030 5581 1222 5660 ἄκυρον
1250 5579 1375 5639 εἶναι
1402 5588 1493 5644 τὴν
1521 5586 1854 5640 κατάστασιν

253 5676 604 5750 γυλάττεσθαι
618 5673 670 5730 δὲ
687 5676 770 5730 τὸν
782 5676 967 5745 θεσμὸν
980 5675 1066 5730 τὸν
1080 5675 1505 5742 ἐκκλησιαστικὸν,
1521 5676 1854 5750 περιέχοντα,

322 5794 341 5815 ⁹
387 5787 700 5860 Legendum
728 5794 799 5861 μή
823 5790 1182 5861 μεθίστασθαι,
1206 5799 1263 5846 ut
1293 5797 1501 5847 constet
1525 5803 1733 5846 sensus.
1768 5788 1924 5846 Εωτ.

1964 4595 2088 4636 nem
2114 4581 2180 4635 de
2204 4595 2269 4635 ea
2296 4595 2358 4636 re
2381 4580 2612 4649 primum
2639 4581 2857 4635 editam.

2036 4668 2120 4725 CI.
2151 4702 2222 4711 —-
2246 4669 2334 4723 2‘2.
2364 4668 2659 4740 Episcopus
2680 4686 2787 4725 non
2813 4671 2973 4726 adeat
2994 4671 3227 4727 alienam
3250 4674 3546 4742 civitatem,

1964 4776 2082 4832 qua:
2111 4763 2161 4818 ei
2183 4762 2423 4830 subjecta
2446 4778 2554 4818 non
2578 4770 2681 4827 est,
2706 4778 2880 4833 neque
2906 4765 3181 4832 regionem
3197 4780 3316 4835 quae
3337 4766 3403 4818 ad
3425 4781 3544 4821 eum

1964 4870 2072 4910 non
2099 4854 2352 4925 pertinet,
2397 4854 2466 4910 ad
2496 4854 2724 4924 alicujus
2751 4855 3167 4921 ordinationem,
3219 4871 3319 4911 nec
3347 4858 3548 4912 consti-

1964 4951 2079 4999 tuat
2105 4945 2470 5016 presbyteros,
2521 4953 2614 4999 aut
2640 4945 2899 5001 diaconos
2928 4946 3085 5001 alteri
3130 4947 3401 5015 subjectos
3429 4947 3546 5017 epi-

1962 5051 2154 5107 scopo,
2186 5036 2289 5092 nisi
2317 5036 2457 5092 forte
2486 5051 2607 5092 cum
2633 5037 2902 5093 sententia
2924 5038 3128 5107 proprii
3150 5038 3291 5093 illius
3311 5038 3547 5107 regionis

1963 5126 2221 5197 episcOpi.
2253 5125 2310 5180 Si
2339 5126 2459 5194 quis
2486 5134 2666 5182 autem
2696 5127 2806 5182 tale
2831 5129 2961 5198 quid
2992 5145 3154 5184 ausus
3182 5128 3363 5195 fuerit,
3395 5130 3545 5185 irrita

1961 5218 2033 5273 sit
2055 5216 2174 5285 ejus
2203 5216 2495 5285 ordinatio,
2526 5225 2582 5273 et
2610 5218 2724 5288 ipse
2754 5233 2785 5273 a
2814 5218 3022 5289 synodo
3051 5230 3386 5275 coerceatur.

2033 5306 2142 5363 CII.
2172 5338 2245 5349 ——
2270 5307 2357 5362 23.
2390 5307 2658 5380 Episcopo
2688 5324 2795 5364 non
2827 5310 2990 5364 licere
3018 5310 3178 5364 alium
3210 5327 3307 5378 pro
3337 5328 3395 5368 se
3424 5328 3545 5369 suc-

1962 5416 2235 5457 cessarem
2264 5401 2612 5468 constituere,
2638 5400 2849 5456 etiamsi
2878 5401 2947 5456 sit
2969 5402 3022 5455 in
3046 5401 3151 5456 line
3170 5402 3312 5457 vitae.
3340 5402 3395 5458 Si
3417 5405 3545 5473 quid

1962 5503 2141 5547 autem
2175 5491 2281 5546 tale
2310 5490 2422 5556 ttat,
2450 5490 2655 5545 irritam
2698 5503 2819 5545 esse
2847 5489 3158 5560 bujusmodi
3201 5494 3544 5549 constitutio-

1961 5600 2106 5641 nem.
2135 5583 2391 5639 Servetur
2417 5591 2596 5637 autem
2621 5587 2880 5637 statutum
2923 5582 3369 5652 ecclesiasticum,
3396 5587 3545 5658 quod

1961 5675 2201 5733 continet
2231 5689 2339 5730 non
2368 5674 2525 5730 aliter
2551 5672 2669 5729 ﬁeri
2715 5681 2987 5743 oportere,
3031 5675 3133 5732 nisi
3187 5691 3308 5732 cum
3336 5679 3538 5746 synodo
