4012 6458
507 268 572 336 6'7
1228 252 1236 260 ’
1773 285 2125 338 moxrsws
2167 285 2483 340 nxmuus.
3725 297 3792 350 cs

507 405 571 466 μή
595 396 694 450 δεῖν
712 395 868 456 ἄλλως
891 400 1110 469 γίνεσθαι
1135 397 1422 456 ἐπίσκοπον,
1449 394 1618 465 ἦμετά
1649 394 1864 450 συνόδου
1891 402 1967 451 καὶ
1990 401 2067 452 ἐπι

2194 401 2464 468 ctjudieio
2494 401 2892 471 epist‘upurtltll,
2926 410 3014 475 qui
3041 419 3160 477 post
3190 410 3396 466 obitum
3427 412 3778 481 quiescentis.

506 494 716 564 κρίσεως
747 489 1052 553 ἐπισκόπων,
1079 496 1174 543 τῶν
1212 490 1340 557 μετά
1367 493 1453 546 τήν
1488 489 1720 556 κοίμησιν
1746 496 1838 544 τοῦ
1859 493 2092 544 ἀναπαυ-

505 582 726 649 σαμένου
750 586 841 638 τήν
867 581 1091 642 ἐξουσίαν
1115 579 1340 648 ἐχόντων
1364 585 1454 632 τοῦ
1477 580 1794 653 προάγεσθαι
1819 583 1904 635 τίν
1935 579 2086 645 ἄξιον.

575 670 672 743 ργ’.
703 672 776 724 Τά
805 678 896 730 τῆς
918 668 1198 730 ἐκκλησίας,
1229 677 1289 741 τῇ
1321 669 1556 742 ἐκκλησίᾳ
1585 670 1743 729 καλῶς
1773 670 1888 740 ἔχει
1909 673 2093 743 φυλάτ-

509 764 681 816 τεσθαι
713 761 815 814 δεῖν
856 762 982 832 μετά
1008 764 1178 818 πάσης·
1201 760 1489 829 ἐπιμελείας
1523 763 1606 815 καί
1636 762 1827 832 ἀγαθῆς
1856 761 2089 820 συνειδή·

511 872 639 910 σεως
669 855 750 904 καὶ
774 855 996 910 πίστεως
1035 859 1126 909 τῆς
1157 851 1228 910 εἰς
1254 852 1336 904 τόν
1365 852 1566 904 πάντων
1599 849 1770 925 ἔφορον
1800 855 1878 904 καί
1921 859 2094 925 κριτήν

503 943 637 995 Θεόν.
665 941 725 996 *Δ
747 947 830 995 καί
855 941 1142 995 διοικεῖσθαι
1169 945 1420 1015 προσήκει
1453 941 1581 1009 μετά
1608 943 1820 1013 κρίσεως
1849 945 1933 994 καί
1954 944 2091 1006 ἐξου-

502 1033 617 1090 σίας
662 1039 749 1083 τοῦ
797 1031 1079 1084 ἐπισκόπου
1121 1038 1211 1084 τοῦ
1264 1032 1671 1098 πεπιστευμένου
1703 1030 2090 1102 [ἐπισταμένου]

501 1123 666 1175 πάντα
687 1123 769 1175 τόν
793 1123 935 1178 λαὸν,
980 1123 1151 1180 καὶτὰς
1176 1120 1360 1192 ψυχάς
1381 1129 1478 1174 τῶν
1501 1124 1870 1194 συναγομένων.
1903 1126 2092 1198 Φανερά

502 1211 552 1264 δέ
584 1209 705 1266 εἶιαι
741 1216 805 1266 τά
848 1213 874 1266 δ
899 1234 1142 1284 αφεροντα
1177 1221 1239 1284 τῇ
1285 1211 1516 1283 {mla-aii:
1556 1213 1684 1282 μετά
1715 1216 1952 1284 γνώσεως
1990 1222 2090 1268 τάν

506 1305 622 1375 περί
648 1303 798 1356 αὐτὸν
830 1303 1192 1377 πρεσϐυτέρων
1227 1305 1314 1355 καί
1344 1300 1596 1362 διακόνων,
1629 1301 1758 1354 ὥστε
1788 1303 2002 1361 τούτους
2023 1305 2090 1354 εί-

503 1391 633 1445 δέναι
664 1399 836 1465 καὶμὴ
867 1397 1080 1464 ἀγνοεῖν,
1108 1395 1217 1447 τίεά
1245 1393 1365 1445 ποτέ
1395 1394 1506 1445 ἐστι
1529 1400 1619 1452 τῆς
1645 1391 1924 1456 ἐκκλησίας,
1957 1395 2088 1446 ὥστε

502 1485 654 1551 ,ιηδέν
693 1488 875 1545 αὐτούς
924 1487 1196 1539 λανῗάνειν⁶
1238 1485 1298 1537 ἵν’
1329 1487 1371 1537 εἰ
1412 1485 1640 1557 συμϐαίη
1686 1486 1768 1538 τόν
1812 1487 2089 1540 ἐπίσκοπον

500 1577 849 1646 μεταλλάττειν
880 1579 962 1631 τόν
986 1578 1092 1646 βίον
1115 1617 1128 1640 ,
1157 1582 1381 1650 φανερῶν
1420 1572 1574 1630 ὅντων
1618 1583 1718 1630 τῶν
1755 1574 2088 1649 διαφερόντων

497 1676 558 1726 τῆ
591 1669 821 1742 ἐκκλησά
853 1671 1187 1742 πραγμάτων,
1213 1673 1337 1737 μήτε
1359 1669 1489 1723 αύτά
1510 1667 1798 1723 διαπίπτειν
1823 1671 1905 1721 καί
1933 1669 2086 1722 ἀπόλ-

2197 499 2522 558 ρυιρςῑίιιοιιι
2553 493 2766 557 habent,
2820 511 2941 549 eum
2974 499 3062 566 qui
3090 500 3279 567 dignus
3308 503 3594 570 exstiterit,
3646 523 3770 576 pro-

2196 595 2435 634 movere.
2685 632 2691 637 .

2267 671 2394 726 Clll.
2422 707 2489 714 —
2510 674 2595 727 9.4.
2625 675 2788 731 Recte
2812 678 2990 744 habet,
3014 695 3076 734 ea
3099 697 3218 751 qua:
3245 694 3367 740 sunt
3386 684 3656 754 Ecclesiae,
3681 687 3782 742 Ec-

2195 763 2367 817 clesiae
2389 767 2588 819 servari
2611 783 2731 822 cum
2754 771 2900 823 omni
2922 771 3217 839 diligentia,
3245 783 3299 828 et
3327 776 3466 829 bona
3498 780 3772 834 conscien-

2197 855 2288 916 tia,
2322 864 2375 907 et
2407 856 2509 911 lide
2543 873 2660 926 qua:
2692 859 2742 911 in
2774 859 2941 914 Deum
2984 870 3082 925 est,
3132 865 3224 932 qui
3266 868 3447 920 omnia
3478 867 3692 938 inspicit
3721 880 3777 924 et

2189 943 2392 1011 judicat
2419 962 2572 1015 τίμια)
2585 950 2742 1003 etiam
2761 952 3118 1007 administrari
3141 959 3391 1011 convenit
3422 975 3540 1012 cum
3565 961 3774 1030 judicio

2195 1045 2250 1090 et
2279 1046 2544 1106 potestate
2573 1041 2828 1111 episcopi,
2861 1045 2947 1098 cui
2978 1046 3152 1100 omnis
3198 1049 3427 1116 populus
3455 1052 3774 1107 commissus

2194 1135 2292 1188 est,
2340 1135 2394 1180 et
2437 1129 2625 1182 animae
2653 1145 2838 1201 eorum
2869 1134 2960 1200 qui
3005 1134 3055 1186 in
3085 1135 3312 1189 ecclesia
3355 1151 3798 1208 congregantur-.3

2193 1214 2470 1273 Manifesta
2503 1235 2628 1273 vero
2654 1222 2782 1288 sint,
2805 1237 2924 1290 quae
2945 1223 3012 1278 ad
3033 1223 3324 1280 Eeelesiam
3358 1205 3627 1298 per-tinent
3647 1205 3799 1308 cum.I

2194 1308 2382 1377 notitia
2407 1311 2840 1380 presbyterorum
2857 1324 2911 1368 et
2926 1317 3294 1383 diaconorum,
3316 1322 3409 1388 qui
3429 1323 3570 1376 circa
3597 1317 3793 1412 ipsum:

2190 1409 2335 1467 sunt,
2379 1411 2436 1455 ut
2465 1404 2562 1471 ipsi
2605 1421 2712 1460 non
2757 1407 3023 1475 ignorent,
3072 1426 3190 1479 qum
3216 1421 3339 1466 sunt
3368 1403 3642 1481 Ecclesiae,
3671 1432 3768 1473 nec

2191 1507 2286 1545 eos
2311 1493 2508 1559 aliquid
2545 1495 2724 1549 lateat.
2765 1497 2831 1551 Ut
2872 1500 2914 1553 si
2945 1503 3231 1568 contigerit
3259 1504 3572 1573 episcopum
3599 1521 3629 1559 θ
3662 1508 3762 1560 vita

2193 1585 2442 1650 migrare,
2492 1587 2556 1639 iis
2603 1590 2898 1645 manifestis
2928 1594 3282 1648 existentibus
3327 1611 3445 1665 qum
3485 1597 3549 1649 ad
3580 1597 3771 1654 Eccle-

2188 1675 2324 1729 siam
2346 1677 2634 1745 pertinent.
2663 1695 2725 1733 ea
2750 1697 2854 1734 non
2890 1683 3231 1751 intercidant,
3260 1693 3351 1738 aut
3377 1697 3601 1754 pereant
3628 1706 3640 1740 :
3667 1704 3769 1744 nec

501 1761 712 1819 λυσθαι.
747 1767 868 1829 μήτε
900 1763 963 1814 τά
1001 1759 1102 1814 ’δια
1131 1767 1216 1814 τοῦ
1249 1760 1534 1814 ἐπισκόπου
1568 1760 1916 1829 ἐνοχλεῖσθαι,
1962 1780 2075 1833 προ·

2191 1780 2310 1832 quae
2336 1775 2457 1820 sunt
2486 1769 2699 1837 propria
2729 1772 2985 1841 episcopi,
3020 1783 3280 1842 pnetcxtu
3310 1791 3489 1829 rerum
3519 1778 3769 1832 ecelesia-
3838 1801 3844 1804 ·

497 1854 643 1920 φάσει
677 1861 772 1904 τῶν
804 1853 1228 1909 ἐκκλησιαστικῶν
1261 1853 1598 1925 πραγμάτων.
1635 1851 1826 1903 Δίκαιον
1861 1852 1964 1923 γὰρ
1999 1854 2082 1903 καί

496 1944 706 2016 ἀρεστόν
727 1946 868 2017 παρά
895 1964 947 1998 τε
968 1951 1038 2014 τῷ
1055 1950 1162 2011 Θεῷ
1191 1947 1273 1994 καί
1295 1943 1594 2016 ἀνθρώποις,
1610 1943 1674 1995 τά
1704 1939 1807 1993 ἴδια
1827 1948 1914 1994 τοῦ
1939 1944 2082 1994 ἐπισ-

497 2037 680 2097 κόπου,
709 2034 778 2096 οῖς
811 2031 867 2088 ἂν
893 2036 1040 2094 αὐτὸς
1072 2033 1340 2104 βούληται,
1380 2032 1860 2102 καταλμπάνεσθαι·
1900 2033 1963 2085 τά
1991 2035 2078 2100 μέν

495 2146 574 2178 τοι
602 2134 689 2184 τῆς
720 2126 1011 2186 ἐκκλισίας,
1059 2128 1187 2199 αὐτῇ
1219 2125 1572 2194 φυλάττεσθαιξ
1606 2125 1687 2174 καί
1717 2126 1838 2193 μήτε
1884 2128 1972 2175 ταὶν
2003 2125 2082 2175 ἐκ·

495 2216 698 2271 γλπσίτν
737 2217 1002 2284 ὑπομένειν
1041 2213 1332 2284 [ὑπομεῖναί
1376 2210 1510 2280 τινα]
1556 2214 1772 2279 ζημίαν,
1827 2216 1952 2278 μήτε
1999 2214 2082 2266 τόν

495 2307 576 2355 ἐπί
595 2329 599 2331 ·
617 2326 767 2357 κεπον
798 2308 1048 2378 προφάσει
1075 2314 1165 2363 τῆς
1200 2303 1460 2362 ἐκκλησίας
1488 2300 1813 2373 δημεύεσθαι,
1838 2301 1866 2359 ἦ
1897 2306 1982 2355 καὶ
2010 2304 2080 2362 εἰς

493 2395 770 2465 πράγματα
810 2395 1077 2462 ἐμπίπτειν
1121 2395 1245 2452 τούς
1285 2395 1421 2463 αὐτῷ
1451 2390 1804 2466 διαφέροντας,
1837 2394 1964 2460 μετά
1992 2397 2079 2445 τοῦ

493 2486 568 2536 καί
594 2484 739 2538 αὐτόν
768 2486 898 2554 μετά
925 2486 1134 2538 θάνατον
1163 2482 1422 2555 δυσνημίᾳ
1450 2482 1862 2553 περιϐάλλεσθαι.

529 2572 654 2647 ’ρδ’.
687 2577 986 2628 Ἐπίοκοπον
1027 2575 1168 2644 ἔχειν
1208 2582 1306 2629 τῶν
1343 2582 1430 2633 τῆς
1471 2575 1736 2632 ἐκκλησίας
1761 2577 2079 2649 πραγμτων

488 2665 741 2726 ἐξουσίαν,
775 2666 842 2723 ὥς
869 2686 923 2718 τε
954 2663 1155 2718 διοικεῖν
1177 2668 1248 2722 εἰς
1271 2666 1466 2722 πάντας
1488 2667 1607 2721 τοὺς
1631 2661 1919 2727 δεομένους,
1952 2667 2081 2732 μετὰ

489 2754 663 2812 πάτης
687 2753 948 2812 εὐλαϐείας
990 2757 1072 2806 καί
1100 2754 1255 2824 φόϐου
1288 2760 1436 2807 Θεοῦ³
1478 2752 1878 2821 μεταλαμϐάνειν
1916 2753 1968 2808 δέ
1999 2760 2080 2808 καί

487 2845 636 2898 αὐτόν
663 2851 758 2898 τῶν
783 2842 1018 2913 δεόντων,
1051 2842 1150 2914 εἴγε
1181 2843 1361 2908 δέοιτο,
1398 2847 1466 2902 εἰς
1494 2845 1580 2902 τάς
1614 2846 1895 2914 ἀναγκαίας
1919 2849 2074 2901 αὐτοῦ

489 2939 698 3008 χρείας,
741 2938 820 2988 γαί
847 2943 945 2989 τῶν
975 2934 1100 3010 παρ’
1137 2937 1271 3008 αὐτῷ
1301 2933 1501 3008 [αὐτοῦ]
1525 2936 1909 3007 ἐπιξενουμένων
1930 2937 2075 2991 ἀδελ-

491 3034 621 3096 φῶν,
655 3028 723 3084 ὡς
748 3029 880 3079 κατά
907 3025 1092 3095 μηδένα
1121 3027 1306 3100 τρόπον
1344 3027 1526 3085 αὐτούς
1575 3028 1918 3099 ὑστερῆσθαι,
1948 3032 2075 3084 κατὰ

488 3115 570 3165 τίν
591 3115 714 3166 θεῖον
733 3115 1010 3168 ἀπόστολον
1031 3115 1290 3185 λέγοντα,‹
1305 3112 1548 3184 ’Ἔχοντες
1565 3113 1834 3186 διατροφὰς
1857 3119 1938 3168 καί
1959 3139 2075 3170 σκε-

487 3205 762 3273 πάσματα,
793 3205 990 3266 τούτοις
1008 3205 1426 3281 ἀρκεσθησόμεθα.
1445 3223 1461 3256 ι
1490 3207 1548 3258 Εἰ
1575 3204 1627 3259 δέ
1657 3212 1725 3275 μὴ
1750 3204 1951 3266 τούτοις
1979 3211 2071 3283 ἀρ-

485 3306 621 3352 κιῐτο
637 3342 650 3365 ,
674 3299 978 3367 μεταϐάλλοι
1001 3298 1054 3353 δὲ
1088 3302 1153 3353 τὰ
1177 3303 1454 3376 πράγματα
1476 3302 1546 3360 εἰς
1571 3302 1760 3360 οίκικάς
1783 3299 2072 3372 [οἰκειακάς]

484 3393 643 3446 αὐτοῦ
671 3395 874 3466 χρείας,
905 3394 990 3446 καί
1017 3395 1138 3452 τοὺς
1160 3394 1349 3468 πόρους
1374 3399 1463 3450 τῆς
1495 3392 1756 3453 ἐκκλησίας
1778 3393 1805 3450 ἣ
1832 3395 1949 3451 τούς
1975 3403 2072 3446 τῶν

482 3483 652 3553 ἀγρῶν
681 3483 922 3554 καρπούς,
948 3488 1016 3553 μή
1036 3484 1161 3553 μετά
1186 3487 1386 3554 γνώμης
1412 3491 1508 3537 τῶν
1532 3483 1896 3557 πρεσϐυτέρων
1921 3484 1950 3543 ἣ
1975 3493 2072 3539 τῶν

484 3567 722 3620 διακόνων
752 3573 973 3644 χειρίζοι
992 3611 1005 3635 ,
1036 3570 1143 3624 ἀλλ’
1165 3573 1360 3629 οἰκείοις
1395 3572 1556 3623 αὐτῶν
1585 3575 1669 3624 καί
1706 3575 2003 3644 συγγενέσιν
2042 3576 2070 3632 ἦ

481 3664 707 3734 ἀδελφοῖς
730 3663 759 3722 ἦ
781 3667 910 3723 υἱοῖς
936 3667 1262 3736 παράσχοιτο
1282 3670 1369 3722 την
1393 3666 1638 3728 ἐξουσίαν,
1669 3667 1736 3724 εἰς
1763 3668 1840 3729 τό,
1870 3664 1953 3719 διὰ
1973 3673 2070 3720 τῶν

481 3750 719 3805 τοιούτων
743 3753 1015 3814 λεληθότως
1049 3754 1365 3825 βλάπτεσθαι
1403 3757 1521 3814 τούς
1563 3754 1744 3826 λόγους
1775 3764 1866 3815 τῆς
1901 3756 2070 3813 ἐκκλη-

481 3848 619 3904 σίας,
649 3851 828 3898 τοῦτον
854 3847 1058 3905 εὐθύνας
1075 3849 1325 3922 παρέχειν
1442 3847 1640 3918 συνόδῳ
1666 3859 1754 3907 τῆς
1786 3848 2068 3922 ἐπαρχίας.

480 3937 532 3986 Εἰ
563 3933 615 3987 δέ
643 3939 727 3988 καὶ
758 3933 917 3996 ἄλλως
946 3935 1261 3992 διαϐάλλοιτο
1298 3937 1322 3990 ό
1347 3940 1619 4000 ἐπίσκοπος
1638 3979 1652 4002 9
1675 3941 1704 3998 ἢ
1736 3948 1782 3994 οἱ
1811 3944 1902 3994 σύν
1930 3944 2068 4015 αὐτῷ

480 4024 856 4099 πρεσϐύτεροι,
905 4028 974 4085 ὡς
1012 4029 1078 4080 τά
1116 4036 1177 4100 τῇ
1219 4028 1458 4102 ἐκκλησίᾳ
1501 4027 1798 4104 διαφέροντα
1828 4069 1842 4093 ,
1873 4031 1987 4088 ἤτοι
2023 4033 2068 4094 ἐξ

477 4114 643 4186 ἀγρῶν
693 4116 720 4172 ἦ
758 4120 842 4168 καί
879 4118 930 4180 ἐξ
977 4117 1154 4191 ἐτέρας
1202 4119 1506 4191 προφάσεως
1545 4119 1961 4179 ἐκκλησιαστικῆς
1998 4126 2067 4181 εἷς

475 4203 688 4264 ἑαυτούς
719 4205 1073 4280 ἀποφερόμενοι
1093 4247 1107 4271 ,
1150 4210 1216 4267 ὡς
1252 4208 1506 4262 θλίϐεσθαι
1534 4211 1623 4279 μὲν
1651 4211 1770 4270 τούς
1807 4213 2062 4276 πένητας,

474 4291 709 4352 διαϐολήν
739 4293 793 4348 δὲ
829 4300 911 4350 καί
944 4295 1230 4368 δυσφημίαν
1263 4299 1670 4375 προστρίϐεσθαὶ
1702 4308 1774 4372 τῷ
1808 4321 1862 4354 τε
1897 4301 2025 4372 λόγῳ
2049 4347 2062 4369 ,

479 4388 692 4443 καὶτοῖς
728 4386 856 4440 οὕτω
903 4384 1203 4451 διοικοῦσιν,
1230 4392 1310 4442 καὶ
1349 4391 1564 4450 τούτους
1593 4387 1902 4466 διορθώσεως
1941 4414 2066 4464 τυγ-

481 4475 676 4543 χάνειν,
698 4477 757 4529 τὸ
787 4479 975 4548 πρέπον
1005 4475 1374 4547 δοκιμαζούσης
1397 4487 1487 4540 τῆς
1516 4481 1660 4554 ἁγίας
1688 4481 1930 4536 συνόδου.

2187 1856 2440 1910 stiearum
2491 1859 2790 1914 turbentur.
2839 1862 2930 1918 Est
2976 1865 3117 1917 enim
3155 1865 3358 1933 justum
3389 1876 3446 1920 et
3481 1878 3764 1938 acceptum

2184 1961 2368 1999 coram
2393 1946 2501 2001 Deo
2519 1958 2569 2002 et
2594 1950 2917 2017 hominibus,
2939 1962 2996 2006 ut
3014 1953 3417 2024 (Supprimenda
3446 1958 3762 2029 conjunctio)

2173 2050 2248 2089 ea
2271 2051 2388 2102 qum
2411 2039 2622 2106 propria
2653 2048 2774 2093 sunt
2794 2042 3049 2111 episcopi,
3073 2043 3267 2111 quibus
3289 2045 3401 2112 ipse
3431 2046 3580 2111 velit,
3605 2048 3763 2102 relin-

2184 2125 2307 2189 qui;
2354 2141 2472 2193 qua:
2500 2137 2678 2181 autem
2716 2140 2840 2183 sunt
2869 2129 3139 2197 Ecclesia),
3172 2133 3271 2201 ipsi
3301 2135 3501 2188 servari
3529 2153 3539 2188 :
3574 2145 3632 2192 ut
3662 2153 3761 2191 nec

2185 2214 2418 2270 Ecclesia
2450 2218 2700 2274 damnum
2723 2222 2940 2290 aliquod
2957 2225 3211 2292 patiatur,
3237 2240 3337 2279 nec
3365 2227 3649 2296 episcopus
3671 2245 3760 2283 ec-

2183 2308 2365 2363 clesia),
2386 2318 2645 2378 praetextu
2670 2314 3047 2382 proscribatur,
3065 2315 3145 2369 vel
3160 2315 3250 2385 qui
3272 2317 3342 2370 ad
3369 2330 3492 2370 eum
3508 2318 3755 2382 attinent,

2184 2401 2238 2454 in
2260 2415 2447 2456 causas
2468 2403 2720 2470 incidant,
2761 2421 2867 2474 quo
2891 2415 3010 2474 post
3037 2414 3265 2466 mortem
3287 2407 3401 2477 ipse
3426 2407 3758 2464 maledictio-

2183 2494 2338 2549 nibus
2383 2502 2653 2550 oneretur.
2676 2519 2681 2525 -

2250 2593 2380 2649 CIV.
2412 2627 2482 2638 --
2508 2596 2593 2651 23.
2637 2596 2927 2668 Episcopus
2951 2598 3148 2654 habeat
3169 2613 3348 2654 rerum
3375 2598 3627 2654 Ecclesiae
3657 2615 3755 2668 po-

2183 2692 2452 2748 testatem,
2500 2686 2565 2740 ad
2607 2688 3020 2756 dispensandum
3063 2690 3117 2743 in
3141 2705 3330 2744 omnes
3363 2698 3599 2758 egentes,
3633 2683 3754 2745 cuna

2181 2787 2386 2826 summa
2417 2776 2714 2830 reverentia
2742 2785 2797 2830 et
2826 2777 3019 2830 timore
3045 2775 3158 2830 Dei.
3192 2777 3309 2847 ipse
3341 2787 3519 2831 autem
3545 2794 3752 2840 eorum,

2179 2861 2370 2930 quibus
2398 2861 2597 2929 indiget
2629 2864 2712 2930 (si
2764 2872 2942 2918 tamen
2987 2863 3247 2934 indiget),
3279 2864 3348 2920 sit
3389 2865 3658 2935 particeps
3689 2865 3756 2919 ad

2180 2967 2306 3005 usus
2336 2953 2682 3016 necessarios,
2720 2960 2772 3005 et
2811 2951 3033 3005 fratrum
3061 2953 3151 3020 qui
3181 2952 3324 3021 apud
3355 2967 3476 3006 eum
3518 2952 3755 3021 hospitio

2177 3040 2533 3108 excipiuntur,
2567 3049 2628 3092 ut-
2654 3040 2749 3107 ipsi
2783 3038 2927 3092 nullo
2958 3038 3119 3092 modo
3140 3040 3432 3109 priventur,
3461 3039 3755 3093 secundum

2179 3127 2414 3182 divinum
2455 3127 2767 3196 Apostolum
2798 3127 3061 3181 dicentem
3097 3147 3109 3179 :
3148 3126 3411 3181 Habentes
3434 3129 3679 3182 alimenta
3709 3142 3756 3182 et

2127 3203 2144 3219 ²
2179 3218 2360 3286 quibus
2402 3228 2635 3288 tegantur
2663 3220 2726 3271 iis
2767 3218 2992 3272 contenti
3045 3234 3218 3272 smnus
3257 3220 3274 3288 (
3308 3217 3336 3272 Ι
3363 3219 3493 3272 Tim.
3526 3235 3597 3284 vr,
3628 3218 3702 3288 8)
3741 3240 3750 3270 :

2178 3306 2320 3373 quod
2345 3307 2389 3360 si
2420 3314 2704 3359 contentus
2732 3306 2845 3360 istis
2866 3320 2972 3359 non
3001 3305 3176 3367 fuerit,
3209 3313 3263 3358 et
3290 3306 3340 3358 in
3370 3321 3497 3360 usus
3523 3321 3648 3360 suos
3669 3322 3756 3359 res

2179 3393 2419 3447 ecclesiae
2457 3401 2776 3463 convertat,
2824 3403 2878 3448 et
2921 3395 3061 3449 illius
3106 3394 3346 3460 reditus,
3378 3395 3463 3449 vel
3505 3410 3752 3464 agrorum

2177 3481 2401 3548 fruetus,
2432 3482 2547 3536 sine
2577 3483 3016 3552 presbyterorum
3059 3482 3140 3536 vel
3171 3481 3518 3537 diacouorum
3546 3492 3754 3537 senten-

2179 3573 2246 3624 tia
2283 3579 2595 3640 pertractet,
2637 3571 2728 3626 sed
2774 3570 3086 3625 domesticis
3113 3578 3170 3624 et
3193 3571 3436 3639 cognatis
3463 3571 3548 3625 vel
3573 3571 3753 3625 fratri-

2174 3663 2291 3727 bus,
2323 3662 2408 3716 vel
2437 3662 2560 3716 ﬁliis
2588 3669 2912 3731 potestatem
2940 3661 3230 3726 concedat;
3264 3669 3330 3715 ut
3349 3662 3453 3717 hoc
3479 3662 3640 3718 modo
3659 3679 3750 3717 va-

2174 3755 2348 3808 tiones
2370 3753 2623 3808 Ecclesia:
2655 3754 2822 3807 tacite
2845 3753 3225 3807 detrimentum
3249 3753 3484 3822 capiant,
3520 3754 3633 3823 ipse
3658 3769 3750 3825 sy-

2176 3846 2318 3900 nodo
2358 3846 2648 3915 provincia:
2676 3845 3158 3900 administrationis
3181 3845 3415 3899 rationes
3458 3846 3666 3900 reddat.
3694 3846 3749 3902 Si

2172 3947 2353 3993 autem
2384 3947 2438 3992 et
2481 3937 2639 3992 aliter
2668 3938 3006 3993 insimuletur
3041 3937 3345 4005 episcopus,
3377 3936 3470 3990 vel
3509 3938 3600 4006 qui
3628 3947 3754 3992 sunt

2169 4045 2289 4084 eum
2318 4044 2384 4082 eo
2411 4028 2729 4098 presbyteri,
2763 4043 2829 4082 ea
2865 4042 2983 4096 qua:
3031 4025 3100 4080 ad
3132 4026 3414 4080 ecclesiam
3459 4027 3748 4094 pertinent,

2170 4119 2256 4172 vel
2280 4133 2345 4172 ex
2373 4117 2514 4186 agris
2528 4117 2618 4170 vel
2635 4131 2700 4170 ex
2730 4130 3050 4186 quacunque
3073 4115 3175 4170 alia
3196 4131 3360 4171 causa
3385 4115 3752 4170 ecclesiastica

2169 4207 2235 4260 ad
2257 4206 2466 4275 seipsos
2493 4205 2716 4270 referre,
2748 4213 2806 4259 ut
2851 4219 3115 4275 pauperes
3155 4205 3548 4274 opprimantur,
3579 4212 3634 4258 et
3664 4220 3752 4257 ra-

2169 4296 2300 4349 tioni
2329 4293 2590 4356 ecclesia},
2622 4294 2686 4347 iis
2708 4293 2987 4362 quequisie
3013 4293 3406 4357 administrant,
3441 4292 3749 4348 criminatio

2166 4395 2223 4440 et
2248 4362 2464 4439 infamia
2492 4385 2752 4439 inuratur.
2772 4383 2837 4437 lii
2858 4385 3020 4438 etiam
3033 4383 3421 4439 correctionem
3449 4397 3746 4450 assequan-

2169 4491 2274 4545 tur,
2309 4485 2492 4534 sancta
2521 4477 2732 4548 synodo
2758 4473 2810 4530 id
2834 4475 2978 4545 quod
3008 4476 3180 4542 decet,
3212 4477 3572 4530 examinante.

487 4595 3201 4618 ΜΝ

1452 4708 2002 4812 CONCILII
2083 4701 2722 4808 LAODICEN
2732 4705 2770 4802 Ι

1542 4874 1902 4936 canon-as
1948 4873 2092 4933 th
2139 4871 2467 4952 (An.Chr.
2521 4867 2662 4948 est)

1976 5017 2237 5036 ﬂ

551 5120 604 5174 ρι
624 5140 636 5152 .
663 5103 780 5174 Περί
800 5107 889 5156 τοῦ
911 5099 1018 5155 δεῖν
1045 5102 1176 5154 κατὰ
1198 5102 1278 5155 τὸν
1299 5103 1703 5159 ἐκκλησιαστικὸν
1729 5103 1927 5169 κανόνα,
1946 5125 1976 5156 τ
1991 5105 2061 5162 ύς

2237 5099 2348 5152 CV.
2377 5133 2445 5140 -
2478 5097 2524 5150 l.
2566 5097 2721 5163 Quod
2739 5108 2974 5166 oportet,
3004 5077 3291 5154 secundum
3323 5095 3744 5152 ecclesiasticum

473 5193 742 5267 ἐλευθέρως
789 5197 871 5246 καὶ
908 5196 1129 5263 νομίμως
1165 5195 1508 5265 συναᾳθέντας
1551 5193 1803 5269 δευτέροις
1848 5195 2059 5267 γάμοις,

471 5295 544 5356 μὴ
567 5289 902 5362 λαθρογαμίαν
928 5294 1258 5356 ποιήσαντας,
1287 5291 1455 5361 ὀλίγον
1482 5292 1674 5363 χρόνου
1703 5291 2058 5364 παρελθόντος,

472 5383 558 5433 καί
586 5381 954 5447 σχολασάντων
992 5390 1111 5440 ταῖς
1147 5390 1475 5456 προσευχαῖς
1519 5385 1602 5434 καί
1641 5386 1892 5441 νηστείαις
1933 5384 2061 5435 κατά

473 5473 776 5541 συγγνώμην
808 5471 1132 5527 ἀποδίδοσθαι
1157 5475 1325 5534 αὐτοῖς
1355 5479 1443 5531 τήν
1473 5475 1717 5527 κοινωνίαν
1759 5475 2033 5547 ὡρίσαμεν.

541 5641 644 5717 ρέ.
663 5646 780 5718 Περὶ
803 5646 1050 5710 τοῦρτούς
1074 5647 1512 5718 ἐξαμαρτάνοντας
1531 5650 1579 5698 ἐν
1599 5643 1848 5718 διαφόροις
1870 5647 2056 5700 πταίσ-

471 5748 658 5806 μασιν,
683 5738 764 5791 καί
793 5742 1301 5800 προσκαρτε,ιοῦντας
1338 5745 1397 5794 τῆ
1435 5745 1713 5806 προτευχῆ
1754 5745 1842 5795 τῆς
1883 5734 2057 5799 ἐξομο-

2165 5203 2451 5253 eanonem,
2501 5203 2597 5243 eos
2646 5187 2737 5254 qui
2787 5187 2958 5242 libere
3003 5196 3060 5242 et
3101 5187 3338 5254 legitime
3362 5185 3501 5240 binis
3547 5188 3746 5254 nuptiis

2159 5279 2328 5346 juncti
2355 5286 2498 5344 sunt,
2530 5291 2704 5344 neque
2743 5276 3136 5331 clandestinum
3162 5275 3558 5330 matrimonium
3609 5276 3744 5328 inic-

2166 5378 2307 5433 runt,
2340 5368 2535 5435 exiguo
2566 5376 2810 5436 tempore
2833 5366 3036 5435 elapso,
3082 5374 3366 5435 postquam
3411 5354 3661 5434 precibus
3693 5379 3747 5417 et

2160 5458 2380 5528 ieiuniis
2399 5457 2727 5523 vacaverint,
2754 5457 3045 5512 secundum
3093 5455 3474 5525 indulgentiam
3503 5470 3746 5529 commu-

2167 5551 2382 5606 nionem
2409 5549 2540 5618 ipsis.
2568 5548 2714 5604 reddi
2742 5548 3037 5604 deﬁnimus.

2232 5637 2362 5694 (Νι.
2396 5667 2466 5677 --
2493 5638 2544 5691 ἓ.
2589 5638 2740 5706 Quod
2768 5646 3000 5708 oportet,
3034 5652 3127 5693 eos
3166 5637 3256 5705 qui
3285 5636 3508 5690 diversis
3535 5635 3746 5690 delictis

2163 5735 2544 5800 peccaverunt,
2575 5735 2628 5782 et
2661 5727 2711 5780 iu
2737 5729 2977 5783 oratione
3016 5723 3449 5792 confessioniset
3475 5727 3740 5794 pmnlten-
