4012 6470
244 261 323 317 69

1200 268 1423 326 CODEX
1461 271 1789 330 CANONUM
1836 276 2206 336 UNIVERSAS
2249 287 2621 346 ECCLESUE.
3481 305 3548 359 το

209 375 608 449 ,λογήσεωςνκαί
636 382 928 447 μετανοίας,
961 384 1045 436 καί
1071 387 1160 441 τήν
1199 385 1522 459 ἀποστροφήν
1562 397 1659 442 τῶν
1689 399 1842 446 κακῶι

1968 396 2044 449 tiae
2080 411 2451 469 perseverant,
2501 404 2794 474 perfectam
2841 423 2871 463 a
2920 411 3075 467 malis
3104 414 3215 471 suis
3243 421 3553 475 conversim

238 469 440 522 τελείαν
468 473 822 540 ποιουμένους,
848 474 976 528 κατὰ
1000 479 1089 534 τήν
1112 477 1376 549 ἀναλογίαν
1395 487 1483 535 τοῦ
1504 484 1854 556 πταίσματος,

241 568 425 633 καιροῦ
447 567 722 631 μετανοίας
746 561 973 625 δοθέντος
994 573 1101 625 τοῖς
1120 571 1385 634 τοεούτοις,
1415 570 1498 625 διά
1524 574 1645 633 τοὺς
1675 578 1857 650 οἰκτιρ-

240 653 372 719 μοῦς
403 655 488 706 καὶ
516 658 607 712 τὴν
647 653 939 726 ἀγαθότητα
971 660 1064 713 τοῦ
1097 664 1224 713 Θεοῦ
1260 661 1613 734 προσάγεσθαι
1648 673 1711 734 τῇ
1754 686 1857 719 κοι-

241 746 420 816 οωνίᾳ.

312 833 415 909 ρξ’.
449 839 569 913 Περὶ
597 843 710 902 τοῦ,
733 844 803 907 μή
826 837 926 894 δεῖν
952 841 1245 917 πρόσφατον
1273 842 1628 918 [προσφάτως]
1659 869 1841 918 φωτισ-

244 923 446 990 θέντας,
474 929 827 1000 προσάγεσθαι
848 929 897 981 ἐν
916 931 1141 1003 τάγματι
1170 932 1425 1007 ἶερατικῷ.

312 1034 421 1105 ρη’.
452 1040 572 1112 Περὶ
598 1046 715 1105 τοῦ,
739 1045 810 1113 μὴ
836 1039 935 1095 δεῖν
963 1042 1246 1117 ίερατικοὺς
1283 1043 1524 1111 δανείζειν
1557 1053 1642 1104 καί
1670 1051 1856 1115 τόκους

245 1128 326 1180 καὶ
357 1129 457 1189 τὰς
485 1131 751 1202 λεγομένας
779 1134 1002 1203 ἡμιολίας
1024 1135 1311 1207 λαμϐάνειν.

313 1235 408 1311 ρῦ-
439 1243 559 1312 Περί
588 1248 703 1306 τοῦ,
735 1248 805 1313 μή
842 1242 947 1299 δεῖν
982 1249 1082 1307 τάς
1110 1251 1434 1321 χειροτονίας
1480 1252 1562 1307 ἐπί
1586 1258 1851 1329 παρουσίᾳ

243 1332 581 1403 ἀκροωμένων
601 1336 851 1404 γίνεσθαι.

314 1438 400 1516 ρι’.
440 1448 557 1518 Περὶ
595 1452 716 1509 τοῦ,
751 1453 819 1517 μή
849 1460 1151 1525 συγχωρεῖν
1186 1461 1294 1513 τοῖς
1329 1455 1605 1528 αἷρετικοῖς
1645 1459 1850 1514 εἰσιέναι

246 1534 319 1590 εἰς
346 1536 431 1587 τόν
459 1533 589 1591 οἷκον
611 1547 700 1593 τοῦ
734 1547 883 1605 Θεοῦ,
912 1543 1235 1611 ἐπιμένοντας
1263 1554 1325 1620 τῇ
1354 1547 1565 1621 αἱρέσει.

313 1730 439 1783 ρια.
488 1714 605 1783 Περὶ
646 1721 736 1766 τοῦ
760 1755 773 1779 ,
807 1718 926 1775 τοὺς
978 1719 1032 1770 ἐκ
1076 1725 1175 1772 τῶν
1213 1719 1474 1793 αἱρέσεων,
1520 1726 1653 1780 τοῦτ’
1682 1724 1840 1790 ἔστιν,

247 1808 589 1866 Νουατιανῶν,
619 1801 729 1858 ἦτοι
773 1814 1104 1892 Φωτεξνιανῶν
1147 1808 1176 1867 ἦ
1213 1813 1847 1887 Τεσσαρεσκαιδεκστιτῶν

246 1888 738 1963 ίπιστρεᾳομένους,
774 1892 861 1952 ἤτε
907 1888 1122 1959 πιστοὺς
1163 1903 1284 1961 τοὺς
1332 1905 1451 1981 παρ’
1497 1906 1734 1968 ἐκείνοις,
1775 1914 1846 1979 μή

244 1982 658 2055 προσδέχεσθαι,
688 1992 809 2060 πρὶν
837 1990 1244 2061 ἁναθεματίσωσι
1270 2000 1445 2053 πᾶσαν
1465 1999 1681 2073 αἵρεσιν,
1708 1999 1843 2063 ἐξαι-

244 2077 406 2147 ρέτως
442 2075 496 2131 δέ
531 2080 581 2132 ἐν
612 2076 986 2152 ᾖκατείχοντο·
1027 2089 1111 2138 καί
1137 2086 1249 2140 τότε
1278 2087 1447 2142 λοιπὸν
1485 2094 1601 2152 τοὺς
1640 2092 1846 2164 λεγομέ-

243 2185 363 2225 νους
382 2166 509 2241 παρ’
538 2170 710 2230 αὐτοῖς
731 2174 969 2237 πιστοὺς,
997 2175 1396 2242 ἐκμανθάνοντας
1419 2183 1482 2234 τά
1504 2189 1594 2242 τῆς
1622 2185 1846 2246 πίστεως

243 2256 510 2328 σύμϐολα,
545 2261 853 2334 χρισθέντας
883 2283 934 2316 τε
965 2272 1038 2334 τῷ
1078 2265 1204 2336 ἁγίῳ
1236 2269 1529 2341 χρίσματι,
1575 2270 1709 2326 οὕτω
1739 2295 1844 2328 κοι-

246 2356 420 2402 νωνεῖν
446 2357 518 2419 τῷ
546 2355 818 2424 μυστηρίῳ
839 2360 911 2426 τῷ
941 2351 1090 2426 ἁγίῳ.

310 2458 437 2536 ριϐ.
470 2467 589 2536 Περί
628 2470 721 2518 τοῦ
740 2503 755 2528 ,
786 2469 907 2527 τοὺς
936 2467 1036 2520 ἀπὸ
1064 2464 1131 2538 [0⁷
1158 2474 1492 2538 μοντανισταί
1519 2474 1564 2526 οἷ
1593 2471 1720 2543 ἀπὸ]
1744 2483 1843 2539 τῆς

241 2553 490 2625 α’ρέσεως
528 2560 630 2607 τῶν
664 2555 940 2627 λεγομένων
985 2567 1189 2632 Φρυγῶν
1238 2561 1299 2613 ἐπ
1323 2562 1630 2633 στρέφοντας
1680 2562 1840 2634 [ἐπι-

244 2642 595 2715 πρέφοντες],
612 2647 658 2698 εἰ
680 2648 761 2699 καί
789 2647 838 2699 ἐν
867 2647 1031 2722 κλήρῳ
1052 2651 1355 2720 νομιζομένῳ
1376 2652 1497 2727 παρ’
1518 2654 1690 2714 αὐτοῖς
1716 2675 1843 2728 τυγ-

250 2737 449 2804 ζάνονεν
497 2733 887 2807 [τυγχάνουσι],
934 2743 981 2792 εί
1034 2743 1114 2793 καί
1154 2742 1386 2813 μέγιστοι
1423 2742 1676 2814 λέγοιντο,
1722 2748 1842 2806 τοὺς

247 2827 504 2884 τοιούτους
537 2828 670 2896 μετὰ
712 2827 882 2888 πάσης
924 2829 1210 2898 ἐπιμελείας
1261 2834 1612 2902 κατηχεῖσθαί
1648 2854 1704 2890 τε
1757 2838 1843 2888 καὶ

248 2916 588 2980 ϐαπτίζεσθαι
626 2918 726 2972 ὑπὸ
764 2923 866 2971 τῶν
905 2926 996 2979 τῆς
1026 2917 1290 2981 ἐκκλησίας
1332 2923 1629 2978 ἐπισκόπων
1672 2945 1725 2978 τε
1759 2929 1840 2979 καί

249 3007 634 3083 τρεσϐυτέρων.

313 3099 435 3175 μγ.
466 3105 587 3176 Περὶ
607 3110 731 3157 τοῦ.
763 3106 836 3171 μή
866 3110 1167 3177 συγχωρεῖν
1190 3107 1259 3164 είς
1294 3110 1362 3160 τά
1389 3109 1737 3183 κοιμητηριαῆ
1768 3106 1839 3168 είς

249 3194 307 3245 τά
344 3192 592 3263 λεγόμενα
622 3193 882 3267 μαρτύρια
936 3195 1139 3248 πάντων
1184 3201 1285 3250 τῶν
1326 3196 1590 3267 αἷρετικῶν
1639 3199 1842 3253 ἀπιέναι

247 3287 361 3344 τοὺς
388 3292 485 3344 τῆς
514 3284 808 3349 ἐκκλησίας,
840 3286 1001 3355 εὐχῆς
1028 3285 1058 3344 ἣ
1091 3288 1358 3359 θεραπείας
1385 3288 1547 3344 ἕνεκα
1576 3289 1701 3345 ἀλλὰ
1722 3294 1842 3351 τοὺς

247 3376 530 3435 τοιούτους,
574 3376 658 3427 ἐάν
689 3372 788 3429 ὦσι
813 3378 1011 3441 πιστοί,
1034 3377 1395 3438 ἀκοινωνήτους
1431 3381 1655 3446 γίνεσθαι
1679 3381 1842 3454 μέχρι

248 3467 379 3527 τινός
398 3481 413 3495 ⁸
449 3472 827 3537 μετανοοῦντας
855 3465 909 3523 δὲ
938 3470 1023 3521 καί
1048 3467 1527 3542 ἔξομολογουμένους
1567 3472 1783 3527 ἐσσάλθα
1824 3511 1841 3537 ,

246 3555 662 3628 παραδέχεσθαι.

312 3666 583 3745 ριδζΠερί
610 3675 702 3722 τοῦ
721 3708 734 3730 .
764 3672 835 3738 μή
862 3666 961 3723 δεῖν
988 3671 1112 3729 τοὺς
1140 3678 1232 3729 τῆς
1261 3670 1526 3730 ἐκκλησίας
1556 3669 1843 3746 ἀδιαφόρως

247 3761 372 3834 πρὸς
400 3762 568 3832 γάμου
594 3760 850 3814 κοινωνίαν
878 3761 1154 3816 συνάπτειν
1182 3762 1247 3814 τά
1272 3760 1464 3815 ἑαυτῶν
1490 3758 1672 3817 παιδία
1699 3764 1840 3838 α’ρεο

247 3859 432 3913 τικαῖςο

312 3942 423 4017 ριε’.
449 3946 568 4018 Περί
588 3948 706 4005 τοῦ,
728 3946 798 4007 μή
822 3939 923 3996 δεῖν
945 3944 1039 4002 τὰς
1067 3941 1339 4015 λεγομένας
1359 3942 1708 4017 πρεσϐύτιδας
1729 3944 1842 4003 ἦτοι

246 4035 658 4111 προκαθημένας,
690 4035 739 4086 ἐν
767 4034 1007 4108 ἐκκλησίᾳ
1035 4034 1397 4089 καθίστασθαι.

312 4124 438 4200 ριξ.
461 4128 582 4199 Περὶ
605 4129 720 4189 τοῦ,
753 4126 873 4183 τοὺς
907 4124 1219 4184 ἐπισκόπους
1244 4125 1408 4200 κῒίσει
1433 4122 1535 4181 τῶν
1578 4148 1841 4201 μητροπο-

244 4215 390 4269 λιτῶν
421 4217 508 4268 καί
536 4221 637 4269 τῶν
671 4214 816 4288 πέριξ
850 4214 1140 4268 ἐπισκόπων
1180 4216 1514 4270 καθίστασθαι
1550 4219 1621 4276 εἰς
1646 4221 1734 4275 τήν
1763 4219 1843 4271 ὲκ-

245 4306 611 4364 ιλησιαστικὴν
638 4308 832 4379 ἀρχὴν,
864 4302 1010 4366 ὄντας
1042 4308 1095 4359 ἐκ
1127 4306 1312 4360 πολλοῦ
1353 4305 1836 4380 δεδοκιμασμένους,

242 4391 300 4448 ἒν
321 4416 376 4450 τε
397 4402 473 4465 τῷ
501 4396 631 4468 λόγῳ
667 4404 759 4455 τῆς
779 4397 1024 4463 πίστεως,
1048 4398 1133 4450 καὶ
1154 4404 1216 4470 τῇ
1242 4404 1331 4452 τοῦ
1363 4399 1547 4459 εὐθέως
1575 4399 1727 4470 λόγου
1753 4421 1842 4455 πο-

242 4485 424 4559 λιτείᾳ.
848 4484 853 4485 ⁷
1371 4478 1381 4487 ’

306 4575 427 4649 per.
472 4580 591 4649 Περὶ
614 4581 728 4639 τοῦ,
755 4578 825 4645 μή
850 4582 958 4635 τοῖς
981 4571 1157 4645 ὄχλοις
1184 4576 1472 4652 ἐπιτρέπειν
1499 4582 1594 4640 τὰς
1625 4581 1832 4654 ἐκλογάς

245 4669 500 4723 ποιεῖσθαι
526 4673 628 4721 τῶν
648 4666 926 4736 μελλόντων
954 4668 1291 4723 καθίστασθαι
1316 4672 1388 4728 είς
1418 4669 1678 4744 ίερατεῖον.

308 4844 431 4918 ρικί.
471 4847 591 4919 Περὶ
618 4852 732 4909 τοῦ,
764 4851 833 4914 μή
859 4846 925 4899 τὰ
968 4843 1091 4917 ἅγια
1130 4846 1201 4905 είς
1247 4844 1389 4918 λόγον
1435 4846 1665 4919 εὐλογιῶν
1703 4850 1834 4903 κατά

240 4942 331 4996 τὴν
355 4936 536 5009 ἑορτήν
558 4944 655 4994 τοῦ
673 4937 887 5007 πάσχα.
926 4939 1000 4995 εἰς
1031 4935 1208 5009 ἑτέρας
1248 4938 1515 5010 παροικίας
1546 4935 1831 5009 διαπέμπε-

240 5032 382 5085 σθαι.

309 5119 426 5195 ριθ’.
470 5123 591 5196 Περὶ
614 5126 729 5185 τοῦ,
758 5125 828 5191 μή
872 5117 975 5181 δεῖν
1013 5120 1160 5175 πλέον
1196 5129 1298 5176 τῶν
1345 5128 1603 5176 κανονικῶν
1633 5121 1832 5192 tatros

235 5218 339 5266 τῶν
385 5213 475 5266 ἰπὶ
511 5210 609 5265 τόν·
640 5207 858 5282 ἅμϐωνα
901 5211 1285 5276 ἀναϐαινόντων,
1337 5216 1422 5267 καί
1459 5213 1560 5267 ἀπὸ
1606 5211 1832 5286 διφθέρας

235 5301 549 5374 ψαλλόντων,
580 5302 784 5377 ἑτέρους
808 5304 946 5363 τινάς
967 5301 1171 5373 ψάλλειν
1202 5303 1251 5356 ἐν
1274 5302 1533 5377 ἐκκλησίᾳ.

302 5393 403 5471 ρκ’.
606 5400 696 5449 τοῦ
724 5436 740 5460 ,
788 5396 838 5450 ἐν
881 5397 1131 5469 σαϐϐάτῳ
1178 5394 1444 5471 εὐαγγέλια
1489 5396 1608 5469 μεθ’Δ
1642 5399 1823 5476 ἐτέρων

231 5497 433 5559 γραφῶν
460 5486 909 5558 ἀναγινώσκεσθαι.

300 5574 412 5641 ρκεί
480 5579 601 5648 Περὶ
625 5581 738 5638 τοῦ,
766 5582 835 5647 μή
870 5575 971 5631 δεῖν
1002 5578 1388 5641 ἕπισυνάπτειν,
1418 5580 1471 5632 ἐν
1509 5586 1627 5640 ταῖς
1665 5582 1825 5635 συνά-
1859 5608 1865 5614 ·

225 5664 333 5727 ira:
357 5669 489 5726 τοὺς
517 5665 775 5737 ψαλμοὺς,
803 5667 926 5723 ἀλλά
959 5667 1040 5724 διὰ
1063 5670 1224 5739 μέσον
1262 5666 1370 5727 καθ’
1389 5667 1602 5726 ἕκαστον
1627 5668 1824 5744 ’ψαλμὸν

226 5781 273 5822 ἰι
283 5760 458 5814 κσθαε
484 5758 790 5823 ἀνάγνωσιν.

1962 502 2083 541 nem
2132 490 2583 563 demonstrantes,
2637 513 2733 567 pro
2779 500 3043 570 qualitate
3081 504 3263 562 delicti
3307 520 3552 580 tempore

1957 580 2287 646 ptenitcntiae
2326 585 2405 661 eis
2432 586 2581 653 dato,
2608 598 2829 659 propter
2859 593 3281 650 misericordiam
3311 607 3365 654 et
3394 602 3550 656 boni.

1959 665 2122 723 tatem
2152 669 2267 736 Dei,
2304 678 2736 734 communionem
2763 683 3005 737 concedi.

2028 835 2178 893 CVII.
2213 870 2284 879 ——
2304 842 2354 895 5.
2390 842 2541 910 Quod
2570 861 2677 903 non
2707 858 2921 918 oportet
2948 867 3063 917 eos,
3092 857 3180 924 qui
3212 872 3401 914 rccens
3420 868 3549 916 sunt

1955 929 2236 1001 baptizati,
2269 935 2320 988 in
2343 936 2586 991 ordinem
2612 939 3007 998 sacerdotalem
3039 951 3360 1015 promoveri.

2024 1043 2203 1100 CVIII.
2235 1077 2302 1086 —
2330 1045 2382 1101 4-.
2426 1047 2579 1114 Quod
2620 1064 2727 1105 non
2767 1061 2987 1121 oportet
3032 1058 3342 1116 sacerdotes
3395 1062 3545 1120 fene-

1953 1134 2082 1201 rari,
2114 1144 2170 1189 et
2192 1152 2382 1192 usuras
2409 1153 2528 1206 qua:
2554 1141 2862 1197 centesimm
2892 1145 3160 1211 dicuntur,
3204 1154 3469 1223 accipere.

2021 1245 2155 1300 CIX.
2190 1277 2259 1285 —
2285 1247 2337 1304 5.
2378 1249 2534 1317 Quod
2574 1267 2686 1310 non
2731 1265 2947 1327 oportet
2986 1260 3278 1318 electiones
3326 1264 3442 1321 ﬁeri
3487 1269 3542 1323 in

1949 1344 2233 1408 prmsentia
2262 1342 2611 1401 audientium.

2022 1450 2137 1513 CX.
2163 1486 2235 1494 —
2255 1452 2308 1509 6.
2347 1455 2501 1523 Quod
2530 1474 2636 1513 non
2669 1469 2887 1530 oportet
2913 1462 3181 1520 haereticis
3216 1470 3535 1537 concedere,

1951 1553 2010 1598 ut
2058 1545 2112 1600 in
2160 1546 2378 1603 domum
2425 1549 2521 1604 Dei
2565 1551 2955 1619 ingrediantur,
2987 1556 3032 1611 si
3074 1556 3128 1610 in
3174 1558 3367 1615 haeresi
3412 1578 3537 1631 per-

1948 1645 2220 1691 maneant.

2019 1726 2153 1782 CXI.
2177 1761 2249 1770 -ο
2277 1730 2327 1785 7.
2368 1730 2521 1796 Quod
2553 1748 2660 1788 non
2699 1743 2917 1803 oportet
2963 1752 3057 1792 eos
3086 1738 3173 1806 qui
3221 1756 3291 1795 ex
3320 1742 3537 1798 lucrosi-

1948 1818 2068 1882 bus,
2100 1818 2206 1876 hoc
2234 1829 2316 1875 est
2342 1836 2373 1875 a
2402 1817 2733 1887 Novatianis,
2759 1834 2851 1880 aut
2872 1826 3221 1893 Pbotinianis,
3248 1819 3346 1887 aut
3366 1832 3538 1899 Quar-

1949 1908 2320 1976 tadecimanis,
2352 1921 2765 1988 convertuntur,
2791 1917 2902 1971 sive
2930 1918 3020 1987 qui
3044 1920 3183 1990 apud
3214 1922 3333 1977 illos
3355 1924 3537 1982 ﬁdeles

1947 1999 2221 2069 dicuntur,
2245 2003 2477 2068 admitti,
2510 2005 2820 2079 priusquam
2861 2024 3074 2064 omnem
3126 2012 3368 2068 haeresim
3400 2031 3533 2070 ana-

1947 2090 2433 2159 thematizarerint,
2466 2095 2734 2166 prmcipne
2762 2114 2891 2153 vero
2918 2114 3037 2155 eam
3077 2100 3130 2155 in
3178 2118 3282 2172 qua
3329 2103 3537 2167 detine-

1947 2182 2141 2236 bantur
2173 2201 2185 2236 :
2217 2190 2270 2238 et
2301 2192 2427 2240 tunc
2473 2185 2746 2255 deinceps,
2791 2189 2883 2259 qui
2931 2189 3076 2263 apud
3115 2206 3209 2246 eos
3238 2191 3422 2248 ﬁdeles
3449 2195 3534 2249 di-

1945 2278 2160 2339 cuntur,
2206 2272 2329 2327 ﬁdei
2376 2276 2616 2345 symbola
2665 2275 2957 2345 discentes,
3009 2287 3062 2334 et
3110 2289 3300 2338 unctos
3346 2293 3533 2340 sancto

1948 2363 2253 2430 chrismate,
2286 2367 2365 2422 sic
2391 2376 2580 2423 sancto
2610 2370 2867 2449 mysterio
2897 2373 3314 2455 communicare.

2015 2472 2170 2528 CXII.
2202 2507 2273 2516 —-
2296 2475 2351 2532 8.
2392 2476 2543 2543 Quod
2567 2490 2781 2550 Oportet
2823 2498 2939 2551 eos,
2966 2484 3063 2554 qui
3096 2486 3163 2541 ab
3203 2502 3392 2547 eorum
3420 2489 3534 2545 hm-

1943 2565 2049 2619 resi
2079 2565 2168 2634 qui
2195 2565 2430 2638 Phryges
2458 2568 2729 2641 dicuntur,
2753 2583 3158 2642 convertuntur,
3193 2577 3315 2633 licet
3343 2580 3449 2643 sint
3479 2581 3533 2636 in

1944 2654 2091 2709 clero
2120 2655 2212 2725 qui
2240 2658 2379 2726 apud
2409 2674 2504 2714 eos
2533 2674 2652 2717 esse
2680 2662 2936 2733 creditur,
2964 2664 3078 2720 sive
3100 2667 3318 2721 maximi
3347 2667 3532 2729 dican-

1945 2754 2053 2810 tur,
2082 2745 2386 2816 hujusmodi
2435 2766 2559 2804 cum
2605 2753 2750 2807 omni
2793 2753 3067 2823 diligentia
3115 2757 3435 2819 catechizari
3478 2767 3531 2813 et

1944 2838 2201 2909 baptizari
2223 2840 2292 2896 ab
2311 2839 2561 2899 Ecclesia:
2591 2844 2861 2916 episcopis
2888 2855 2944 2902 et
2970 2848 3339 2919 presbyteris.

2019 3093 2349 3151 CXIIl.-——9.
2391 3097 2507 3153 Non
2537 3102 2944 3158 concedendum
2967 3119 3089 3162 esse
3115 3107 3169 3162 in
3197 3112 3532 3177 coemeteria,

1945 3186 2031 3241 vel
2061 3187 2113 3241 in
2152 3202 2214 3241 ea
2238 3204 2357 3256 qua:
2384 3189 2636 3245 dicuntur
2663 3195 2918 3265 martyria
2970 3201 3282 3266 quarumvis
3319 3200 3532 3257 haereti-

1944 3291 2151 3342 corum,
2186 3293 2280 3332 eos
2308 3278 2399 3347 qui
2431 3288 2556 3333 sunt
2578 3279 2851 3349 Ecclesim,
2881 3286 3139 3344 accedere
3167 3291 3433 3346 orationis
3452 3292 3534 3351 vel

1941 3368 2227 3421 curationis
2257 3368 2447 3437 gratia.
2490 3370 2597 3425 Sed
2639 3372 2942 3442 hujusmodi
2984 3377 3027 3431 si
3078 3379 3263 3436 ﬁdeles
3304 3381 3524 3446 fuerint.

1944 3457 2331 3528 aliquantisper
2377 3450 2760 3519 comrimnione
2802 3467 3000 3536 privari
3035 3487 3047 3522 :
3081 3471 3163 3525 sin
3207 3474 3533 3543 pmnitentes

1943 3556 2124 3603 autem
2152 3557 2207 3603 et
2227 3549 2547 3608 conﬁtentes
2568 3568 2626 3608 se
2652 3554 2962 3625 deliquisse,
2993 3561 3207 3630 suscipi.

2013 3659 2192 3714 CXIV.
2216 3689 2288 3699 ——
2312 3662 2400 3716 10.
2440 3662 2594 3729 Quod
2625 3682 2733 3721 non
2763 3679 2980 3737 oportet
3008 3687 3122 3735 eos,
3167 3675 3259 3751 qui
3287 3685 3413 3731 sunt
3434 3675 3532 3732 Ec-

1943 3749 2137 3816 clesizc,
2169 3750 2538 3807 intlitl‘erenter
2563 3754 2701 3811 ﬁlios
2729 3772 2856 3812 suos
2892 3758 3160 3817 haereticis
3189 3749 3530 3821 matrimonio

1943 3839 2292 3910 conjungere.

2014 3928 2172 3983 CXV.
2197 3963 2267 3983 -—-
2294 3931 2380 3987 11.
2423 3932 2577 4000 Quod
2604 3951 2711 3990 non
2742 3946 2959 4008 oportet
2987 3955 3107 4008 eas,
3140 3956 3259 4012 qua:
3284 3943 3532 4003 dicuntur

1872 4036 1891 4053 ι
1942 4018 2117 4072 viduae
2138 4020 2402 4090 seniores,
2420 4024 2504 4077 vel
2529 4026 2898 4096 praesidentes,
2918 4029 2971 4084 in
3001 4032 3234 4088 ecclesia
3256 4038 3530 4093 constitui.

2014 4118 2197 4174 CXVI.
2228 4154 2301 4164 —
2328 4122 2412 4176 12.
2454 4122 2614 4190 Quod
2641 4135 2856 4195 oportet
2884 4130 3165 4201 episcopos
3189 4132 3393 4202 judicio
3411 4151 3530 4191 me-

1944 4207 2392 4277 tr0politanorum
2415 4218 2470 4265 et
2500 4213 2848 4269 ﬁnitimorum
2872 4218 3249 4288 episcoporum
3270 4222 3338 4277 ad
3358 4224 3530 4280 eccle-

1943 4296 2218 4352 siasticum
2262 4300 2632 4366 magistratum
2672 4305 2960 4371 constitui,
3009 4307 3240 4376 plurimo
3289 4318 3530 4383 tempore

1943 4388 2202 4458 probatos
2231 4397 2287 4443 et
2322 4389 2376 4443 in
2398 4390 2566 4446 verbo
2597 4390 2722 4448 ﬁdei
2766 4401 2823 4449 et
2852 4394 2910 4450 iu
2955 4397 3091 4452 recti
3117 4399 3267 4454 verbi
3310 4401 3528 4473 dispen-

1867 4505 1918 4565 Β
1941 4479 2169 4534 satione.

2008 4567 2214 4624 CXVII.
2242 4570 2425 4627 -15,
2451 4570 2607 4639 Quod
2656 4588 2764 4629 non
2801 4576 2872 4630 sit
2904 4578 3327 4646 permittendum
3358 4582 3527 4637 turbis

1937 4657 2234 4713 electiones
2279 4674 2468 4715 eorum
2524 4660 2702 4727 facere
2746 4664 2839 4732 qui
2891 4665 2943 4719 in
2984 4667 3289 4723 sacerdotio
3327 4671 3528 4725 consti-

1938 4747 2123 4800 tuendi
2151 4758 2296 4804 sunt.
2809 4802 2813 4806 .

2007 4834 2232 4895 CXVIII.
2262 4869 2329 4905 -τ
2360 4836 2446 4893 14.
2479 4837 2632 4905 Quod
2687 4850 2909 4903 sancta.
2945 4843 3115 4900 instar
3163 4847 3522 4915 eulogiarum,

1936 4925 1988 4980 in
2021 4925 2157 4987 festo
2184 4927 2398 4988 Pascha:
2425 4927 2482 4996 in
2510 4929 2644 4985 alias
2673 4932 2946 5002 parcecias
2972 4937 3261 4992 transmitti
3289 4953 3398 4997 non
3424 4938 3523 4995 de—

1935 5012 2117 5075 beant.
3180 5070 3189 5077 .

2006 5105 2188 5160 CXIX.
2224 5139 2293 5149 ο-
2318 5108 2404 5163 15.
2438 5109 2592 5177 Quod
2623 5127 2729 5166 non
2760 5122 2978 5183 oportet
3007 5123 3203 5185 praeter
3230 5118 3521 5174 canonicos

1935 5205 2202 5267 cantores,
2226 5200 2318 5271 qui
2356 5202 2642 5258 ambonem
2685 5206 3009 5270 ascendunt,
3035 5213 3092 5261 et
3114 5222 3181 5262 ex
3209 5207 3394 5269 codice
3423 5225 3518 5265 ca-

1935 5296 2089 5349 nunt.
2106 5289 2240 5349 alios
2265 5292 2534 5359 quoslibet
2561 5310 2759 5350 canere
2787 5296 2842 5350 in
2874 5297 3121 5355 ecclesia.

2007 5376 2166 5438 CXX.
2188 5410 2260 5421 —
2295 5381 2381 5437 16.
2414 5383 2566 5450 Quod
2613 5393 2829 5455 oportet
2867 5387 2921 5443 in
2960 5390 3187 5449 sabbato
3231 5388 3513 5462 Evangelia

1925 5493 2045 5536 eum
2074 5481 2194 5540 aliis
2219 5482 2510 5553 Scripturis
2540 5484 2664 5553 legi.

1997 5575 2181 5639 CXXI.
2219 5583 2402 5637 -17,
2432 5582 2589 5648 Quod
2630 5599 2736 5639 non
2789 5594 3007 5656 oportet
3058 5587 3111 5643 in
3159 5592 3512 5649 conventibus

1923 5669 2160 5740 psalmos
2207 5678 2518 5736 contexere,
2547 5671 2645 5727 sed
2672 5673 2727 5727 in
2755 5688 3082 5747 unoquoque
3109 5677 3316 5749 psalmo
3342 5680 3510 5736 Inter-

1920 5756 2066 5828 jecto
2088 5758 2284 5829 spatio,
2318 5759 2605 5817 lectionem
2634 5758 2761 5819 ﬁeri.
