4012 6454
489 275 544 327 τι
1727 279 2081 335 DIONYSIUS
2121 278 2435 334 exrcuus.
3692 264 3760 318 τε

555 393 681 465 ρκϐἶ
726 399 842 468 Περὶ
890 405 1000 460 τοῦ,
1052 401 1140 453 τὸν
1187 397 1341 453 αὑτιζν
1383 396 1690 467 λειτουργίαν
1733 404 1832 448 τῶν
1893 397 2059 465 εὐχῶν

2237 393 2440 448 CXXII.
2474 422 2540 429 ——
2581 393 2659 446 l8.
2695 393 2846 459 Quod
2880 393 3107 463 idipsum
3159 395 3510 454 ministerium
3549 405 3746 458 oratio-
3786 401 3798 408 “

485 484 701 538 πὰντοτε
725 488 804 538 καί
827 487 876 539 ἐν
905 494 1017 546 ταῖς
1043 485 1369 545 ἐννάταις’καὶ
1390 487 1440 540 ἐν
1461 493 1570 545 ταῖς
1594 486 1833 546 ἑσπέραις
1861 486 2063 557 ὀγςίλτιν

486 578 722 647 γίνεσθαι.

555 662 682 737 ρκγῖ
726 665 840 738 Περὶ
860 670 969 728 τοῦ,
1000 661 1105 718 δεῖν
1135 661 1237 738 ἰδίᾳ
1259 673 1460 741 πρῶτον
1482 667 1608 736 μετά
1637 667 1717 724 τάς
1747 663 1942 734 ὁμιλίας
1967 671 2066 719 τῶν

486 754 771 809 ἐπισκόπων
799 763 897 809 τῶν
935 758 1328 827 κατηχουμέντν
1371 758 1425 810 εὑ
1433 762 1534 826 χήν
1578 754 1934 815 ἐπιτελεῖσθαι,
1982 758 2069 808 καὶ

493 845 617 912 μετά
656 847 713 898 τὸ
763 846 966 908 ἐξελθεῖν
1005 848 1126 905 τοὺς
1157 848 1594 916 κατηχουμὲνους,
1625 848 1725 898 τών
1757 847 1805 897 ἒν
1828 846 2068 917 μετανοίᾳ

488 942 576 993 τὴν
608 938 764 1004 εὐχήν
787 936 1032 1005 γίνεσθαι,
1057 940 1140 989 καί
1169 938 1363 988 τούτων
1393 934 1768 1004 προσελθόντων
1795 934 1888 986 ὑπὸ
1914 941 2070 1006 χεῖρα

489 1028 569 1078 καὶ
607 1026 1080 1101 ὑποχωρησάντων,
1113 1027 1273 1086 ο”τως
1301 1028 1395 1087 τὰς
1424 1027 1586 1095 εὐχάς
1614 1033 1715 1079 τῶν
1759 1031 1957 1078 πιστῶν
1993 1025 2072 1094 γί-

487 1117 658 1168 νεσθκι
685 1125 840 1188 τρε”ς⁶
885 1120 1005 1183 μίαν
1034 1119 1124 1185 μὲν
1155 1121 1244 1174 τήν
1269 1118 1497 1190 πρώτην,
1525 1114 1607 1170 διὰ
1638 1135 1672 1168 σ
1694 1123 1866 1174 ωπῆς’
1896 1119 1985 1171 την
2015 1111 2070 1167 δὲ

489 1202 728 1281 δευτέραν
755 1209 838 1259 καί
861 1209 1051 1280 τρίτην,
1084 1205 1168 1260 δά
1189 1211 1598 1282 προσφωνήσεως
1619 1206 1955 1278 πληροῦσθαυ
1984 1200 2072 1257 εἷθ’

490 1296 650 1355 οῗτως
680 1302 768 1354 τὴν
799 1301 994 1370 εἰρήνην
1025 1296 1272 1352 δίδοσθαι’
1314 1301 1399 1351 καί
1424 1300 1554 1368 μετά
1579 1297 1655 1361 τὸ,
1685 1297 2072 1371 πρεσϐυτέρους

489 1383 662 1439 δοῦναι
698 1394 770 1457 τῷ
800 1388 1063 1456 ἐπισκόπῳ
1105 1397 1192 1445 τήν
1221 1392 1297 1460 εἰρ
1317 1394 1435 1450 ζνην,
1468 1388 1579 1442 τότε
1619 1390 1736 1446 τοὺς
1761 1387 1960 1446 λαίκοὺς
1983 1391 2073 1445 την

490 1478 678 1548 εἰρήνην
706 1474 734 1529 δ
756 1475 892 1530 δόναι
911 1493 926 1508 ’
953 1480 1037 1531 καί
1061 1479 1194 1532 ο’τω
1223 1487 1311 1535 τήν
1333 1478 1479 1549 άγί..ν
1517 1480 1805 1551 προσφοράν
1827 1477 2076 1532 ἐπιτελεῖ-

490 1565 608 1618 σθαι
625 1581 637 1593 ’
680 1567 759 1617 καί
783 1567 949 1631 μονοις
977 1569 1078 1630 ἐξὸν
1105 1564 1230 1621 εἶναι
1253 1569 1434 1632 (ἐξενα
1459 1568 1476 1637 )
1501 1577 1605 1628 τοῖς
1631 1571 1892 1645 ἐρατικοῖς
1922 1571 2074 1623 εἰσιέ-

492 1678 572 1708 ναι
600 1659 670 1717 εἰς
698 1660 1088 1732 θυσιαστήριον,
1113 1663 1198 1712 καὶ
1227 1669 1490 1714 κοινωνεῖν.

2171 502 2316 550 num,
2345 493 2399 536 et
2421 484 2473 536 in
2507 484 2661 536 nonis
2688 493 2742 538 et
2767 485 3007 553 vesperis
3037 485 3150 540 Iieri
3177 485 3387 541 debeat.

2239 658 2464 713 CXXIII.
2497 691 2566 701 —
2599 659 2680 712 I9.
2727 659 2880 724 Quod
2925 670 3160 730 oportet,
3209 676 3451 716 seorsum
3499 663 3758 733 primum,

2169 758 2292 820 post
2335 765 2612 804 sermones
2657 751 3054 819 episcoporum,
3085 751 3592 806 catechumenorum
3635 769 3761 809 ora-

2168 839 2370 893 tionem
2419 840 2619 910 peragi,
2652 847 2707 894 et
2754 849 3037 908 postquam
3091 841 3324 894 exierint
3377 843 3756 899 catechumeni

2169 931 2541 1000 pmnitentium
2571 932 2868 986 orationem
2895 931 3040 996 lieri;
3068 933 3238 1001 iisque
3262 933 3637 989 accedentibus
3661 951 3762 990 ae-

2170 1030 2325 1091 cepta
2351 1037 2605 1076 manuum
2636 1022 2999 1091 impositione,
3027 1030 3082 1076 et
3112 1021 3545 1092 abscedentibus,
3574 1025 3653 1080 sic
3696 1025 3757 1076 ti-

2169 1113 2368 1168 delium
2417 1121 2529 1167 tres
2573 1113 2845 1167 orationes
2887 1113 3002 1168 lieri
3047 1133 3059 1167 :
3107 1127 3266 1169 unam
3286 1116 3527 1185 quidem,
3551 1119 3762 1173 scilicet

2172 1203 2422 1274 primam,
2473 1203 2708 1268 silentio,
2753 1203 3042 1258 secundam
3090 1219 3221 1261 vero
3267 1213 3321 1260 et
3377 1207 3589 1260 tertiam
3633 1223 3756 1277 pro-

2172 1294 2506 1348 nuntiatione
2545 1293 2775 1363 impleri,
2811 1293 3007 1348 deinde
3035 1295 3113 1349 sic
3150 1310 3340 1365 pacem
3370 1296 3504 1350 dari.
3539 1295 3601 1348 Et
3628 1311 3730 1365 pos

2175 1391 2424 1451 tvaquam
2471 1383 2768 1453 presbyteri
2817 1383 3070 1452 episcopo
3109 1399 3297 1453 pacem
3335 1384 3600 1448 dederint,
3628 1394 3757 1440 tunc

2176 1473 2294 1528 laici
2315 1488 2435 1527 eam
2468 1473 2619 1527 dare.
2651 1471 2714 1526 Et
2741 1473 2819 1527 sic
2843 1483 3080 1528 sanctam
3109 1475 3436 1530 oblationem
3464 1477 3748 1531 celebrari.

2176 1561 2243 1616 Et
2288 1563 2416 1617 solis
2468 1563 2835 1619 sacerdotibus
2877 1565 3037 1620 licere
3070 1565 3139 1618 ad
3189 1566 3358 1620 altare
3394 1567 3672 1631 accedere,
3701 1579 3758 1622 et

2176 1655 2590 1710 eonnnunicare.

563 1747 692 1818 ρκδ.
728 1746 842 1802 Ὀτι
899 1754 955 1803 οὑ
1008 1749 1087 1805 δεῖ
1128 1750 1352 1805 διὲκονον
1396 1751 1680 1829 ἔμπροσθεν
1716 1755 2070 1832 πρεσϐυτέρου

2246 1743 2476 1799 CXXIV.
2507 1778 2577 1787 —
2603 1745 2691 1800 20.
2723 1746 2878 1814 Quod
2909 1763 3015 1804 non
3055 1757 3270 1819 oportet
3308 1750 3592 1808 diaconum
3626 1767 3756 1812 ante

492 1840 804 1903 καθέζεσθαι,
837 1839 961 1895 ἀλλὰ
1007 1844 1136 1910 μετά
1166 1840 1440 1903 κεέύσεως
1459 1851 1550 1897 τοῦ
1580 1845 1932 1917 πρεσϐυτέρου
1956 1845 2077 1897 καθ-

492 1932 710 1992 έζεσθαι.
752 1933 965 2001 Ὁμοίως
993 1929 1046 1985 δὲ
1091 1929 1122 1985 ἕ
1125 1953 1238 2001 χειν
1268 1937 1412 2002 τιμήν
1441 1936 1661 1993 καὶτοὺς
1685 1932 1946 1996 διακόνους
1976 1934 2076 1988 ὑπό

493 2026 592 2073 τῶν
613 2019 899 2092 ὑπηρετῶν,
934 2023 1017 2074 καί
1040 2023 1243 2075 πάντων
1271 2029 1371 2079 τῶν
1397 2024 1657 2095 κληρικῶν.

563 2107 684 2182 ρκε’.
723 2107 838 2165 Ὀτι
866 2112 921 2164 οὑ
949 2109 1030 2166 δεῖ
1059 2113 1314 2183 ὑπηρέτας
1340 2112 1484 2185 ἔχειν
1527 2118 1709 2192 χώραν
1736 2118 1784 2170 ἐν
1812 2124 1886 2189 τῷ
1909 2115 2074 2172 διακο-

495 2207 632 2274 νικῷ,
656 2203 740 2256 καὶ
765 2200 1019 2258 ἅπτεσθαι
1038 2200 1347 2261 δεσππικῶν
1370 2215 1584 2262 σκευῶν.

564 2373 695 2448 ρκς-’.
731 2371 847 2428 Ὀτι
881 2377 942 2428 οὑ
979 2373 1060 2431 δεῖ
1096 2380 1348 2452 ὑπηρὲτην
1378 2380 1597 2456 ὡράριον
1625 2387 1790 2455 φορεῖν
1809 2421 1825 2448 ,
1848 2379 1957 2436 οὐδέ
1988 2383 2077 2442 τὰς

495 2465 657 2536 θύρας
681 2467 1146 2540 ἐγκαταλιμπάνειν.

567 2576 695 2646 ρκζ.
735 2576 847 2632 "On
879 2581 938 2632 οὑ
981 2578 1062 2634 δεῖ
1089 2583 1415 2653 ἀναγνώστας
1442 2581 1472 2641 ἦ
1495 2580 1693 2653 ψάλτας
1733 2587 1949 2662 ὠράριον
1987 2605 2076 2657 φοι

496 2673 602 2741 ρεῖν
646 2671 732 2721 καί
759 2669 922 2731 οἷτως
950 2671 1308 2744 ἀναγινώσκειν
1329 2672 1359 2731 ἦ
1387 2672 1613 2742 ψάλλειν.

564 2779 690 2855 ρκη’.
729 2779 846 2837 Ὀτι
881 2785 938 2836 οὑ
979 2782 1058 2838 δεῖ
1095 2784 1383 2858 ίερατικοὺς
1433 2786 1536 2842 ἀπὸ
1579 2788 1942 2864 πρεσϐυτέρων
1984 2791 2081 2853 ἕως

496 2873 754 2936 διακόνων,
780 2878 864 2928 καί
886 2875 997 2938 ἑξῆς
1025 2883 1115 2935 τῆς
1144 2877 1570 2940 ὶκκλησιαστιής
1599 2880 1790 2944 τάξεως
1816 2881 1912 2942 ἕως
1943 2883 2080 2942 ὑπη-

493 2978 654 3044 ρετῶν
693 2969 724 3028 ἦ
757 2971 1088 3040 ἀναγνωστῶν
1125 2971 1156 3030 ἦ
1193 2971 1393 3042 ψαλτῶν
1421 2972 1450 3032 ἧ
1480 2973 1796 3047 ἐπορκιστῶν
1821 2972 2077 3049 [ἔφορκισ-

499 3060 617 3131 τῶν]
643 3061 674 3120 ἣ
707 3063 960 3140 θυρωρῶν,
993 3063 1023 3123 ἦ
1049 3071 1140 3119 τοῦ
1173 3065 1432 3135 τάγματος
1458 3072 1556 3120 τῶν
1599 3068 1855 3129 ἀσκητῶν,
1889 3071 1960 3126 εἰς
1985 3088 2077 3120 κα·

499 3153 700 3211 πηλεῖον
719 3155 938 3208 εἰσιέναι.

569 3245 687 3318 ρκτ.
729 3242 845 3299 Ὀτι
869 3246 927 3298 οὑ
960 3243 1040 3299 δεῖ
1060 3247 1320 3320 ὑπηρέτας
1355 3243 1508 3318 ἅρτιν
1543 3244 1746 3308 διδόναι,
1780 3244 1894 3300 οὐδὲ
1917 3251 2079 3305 ποτή-

502 3357 604 3413 ριον
625 3337 855 3409 εὐλογεῖν.

568 3427 660 3497 ρλ’.
701 3425 816 3483 ὀτι
849 3431 906 3482 οὗ
937 3426 1019 3482 δεῖ
1047 3429 1324 3498 ἔπορκίζειν
1355 3424 1667 3503 [ἐφορκίζειν]
1693 3431 1812 3487 τοὺς
1838 3432 1908 3498 μὴ
1953 3447 2077 3501 προ-

501 3518 756 3587 αχθὲντας
783 3522 883 3571 ὑπὸ
920 3517 1230 3583 ἐπισκόπων,
1257 3523 1380 3588 μήτε
1416 3519 1463 3572 ἐν
1485 3526 1596 3579 ταῖς
1623 3518 1928 3583 ἐκκλησίαις,
1953 3521 2078 3588 μήτε

501 3613 550 3664 ἐν
579 3619 688 3671 ταῖς
726 3614 925 3672 οἰκίκις.
990 3610 995 3613 ”

568 3703 695 3780 pla}
734 3699 848 3758 Ὀτι
874 3703 930 3755 οὐ
957 3700 1036 3758 δεῖ
1058 3703 1342 3780 ίερατικοὺς
1365 3701 1395 3761 ἧ
1420 3703 1680 3778 κληρικοὺς
1704 3701 1735 3760 ἦ
1759 3702 1960 3761 λαίκοὺς
1989 3723 2079 3754 κα-

500 3791 770 3864 ὶουμένους
815 3797 888 3852 εἰς
1159 3794 1286 3865 μέρη
1314 3790 1492 3868 αἴρειν,
1523 3790 1610 3847 διά
1635 3795 1690 3846 τὸ
1717 3796 1807 3850 τήν
1834 3791 1982 3867 ὕϐριν
2018 3799 2081 3864 τῇ

501 3884 638 3946 τάξει
659 3882 1060 3956 προστρίϐεσθαι
1088 3891 1150 3956 τῇ
1179 3883 1560 3954 ἐκκλησιαστικῇ
1584 3879 1874 3956 [ἱερατικῇι.

568 4054 695 4128 ρλέῗ.
734 4052 848 4108 Ὀτι
885 4056 941 4108 οὑ
983 4053 1062 4110 δεῖ
1097 4056 1146 4109 ἐν
1189 4062 1290 4116 τοῖς
1321 4062 1585 4128 κυριακοῖς
1624 4053 1654 4112 ἦ
1689 4055 1738 4108 ἐν
1766 4063 1877 4114 ταῖς
1909 4055 2082 4112 ἐκκλη-

500 4153 658 4211 σίαις,
689 4149 782 4207 τὰς
807 4147 1071 4220 λεγομένας
1102 4147 1307 4218 άγάπας
1331 4152 1515 4207 ποιεῖν,
1549 4147 1634 4198 καί
1663 4145 1712 4199 ἐν
1742 4153 1813 4217 τῷ
1840 4143 1960 4215 οἴκῳ
1989 4151 2079 4200 τοῦ

501 4249 625 4296 Θεοῦ
657 4241 839 4296 ἐσθίειν
871 4243 957 4294 καί
979 4237 1227 4294 ἀκοὺϐιτα
1255 4240 1581 4310 στρωννὺειν.

570 4349 695 4422 ρλγ’.
732 4347 850 4403 Ὀτι
886 4350 942 4401 οὐ
979 4347 1059 4403 δεῖ
1097 4351 1432 4422 χριστιανοὺς
1479 4346 1751 4412 ἱουδαίζειν
1791 4352 1870 4404 καί
1917 4351 1964 4402 ἐν
2007 4357 2080 4420 τῷ

501 4440 746 4508 σαϐϐάτῳ
771 4440 1061 4509 σχολάζειν,
1087 4441 1212 4494 ἀλλά
1243 4443 1536 4514 ἐργάζεσθαι
1557 4444 1744 4502 αὐτοὺς
1782 4443 1830 4495 ἐν
1949 4445 2080 4514 αὐτῇ

2184 1837 2557 1907 presbyterum
2585 1835 2798 1904 sedere,
2820 1837 2914 1893 sed
2952 1839 3142 1894 sedere
3187 1856 3308 1894 eum
3345 1841 3497 1910 jussu
3526 1846 3756 1917 presby-

2178 1927 2296 1982 teri.
2329 1927 2584 1982 Similiter
2603 1937 2782 1982 autem
2809 1929 3046 1984 diaconis
3073 1931 3332 1987 honorem
3359 1933 3544 1990 haberi
3582 1951 3612 1989 a
3657 1939 3762 1990 mi-

2181 2019 2358 2073 nistris
2381 2025 2435 2072 et
2459 2019 2708 2073 omnibus
2736 2019 2943 2074 clericis
2966 2029 3198 2089 oportet.

2251 2106 2462 2162 CXXV.
2493 2138 2562 2147 —
2600 2108 2686 2161 21.
2737 2108 2888 2176 Quod
2933 2126 3041 2165 non
3091 2120 3308 2181 oportet
3353 2114 3624 2171 ministros
3679 2117 3764 2171 lo-

2178 2212 2299 2252 cum
2322 2199 2520 2253 liaberc
2557 2199 2610 2253 in
2642 2200 2952 2266 secretario,
2982 2211 3038 2256 et
3086 2201 3353 2259 dominica
3382 2219 3508 2261 vasa
3546 2207 3761 2262 contin-

2179 2301 2327 2357 gere.

2249 2376 2482 2434 CXXVI.
2510 2411 2580 2420 —
2607 2379 2696 2434 22.
2722 2379 2874 2446 Quod
2903 2397 3010 2437 non
3039 2392 3257 2454 oportet
3302 2386 3607 2443 ministrum
3635 2403 3762 2444 ora~

2179 2468 2320 2535 rium
2345 2468 2506 2534 ferre,
2536 2484 2635 2524 nec
2665 2471 2804 2525 ostia
2831 2471 3151 2541 relinquere.

2250 2577 2500 2634 CXXVII.
2533 2609 2600 2617 —
2622 2580 2707 2635 25.
2734 2579 2884 2648 Quod
2911 2599 3014 2638 non
3033 2592 3246 2653 oportet
3264 2585 3494 2644 lectores
3512 2596 3605 2643 aut
3633 2603 3757 2645 can-

2181 2678 2327 2726 tores
2353 2671 2587 2726 orarium
2616 2671 2776 2738 I'erre,
2809 2681 2864 2727 et
2904 2674 2982 2728 sic
3027 2675 3207 2743 legere
3253 2678 3338 2732 vel
3381 2692 3594 2734 canere.

2251 2778 2524 2835 CXXVIII.
2561 2809 2632 2818 —
2658 2782 2748 2837 24.
2783 2781 2936 2849 Quod
2981 2801 3090 2840 non
3141 2796 3356 2856 oportet
3393 2791 3700 2848 sacerdotes
3730 2811 3763 2852 a

2180 2868 2507 2939 presbyteris
2536 2885 2703 2939 usque
2746 2872 2813 2926 ad
2860 2872 3137 2943 diaconos,
3189 2884 3246 2931 et
3280 2877 3534 2950 deinceps
3570 2896 3755 2950 quem-

2180 2963 2312 3019 libet
2343 2963 2692 3020 ecclesiastici
2739 2966 2940 3023 ordinis
2969 2983 3137 3038 usque
3165 2971 3232 3026 ad
3259 2972 3532 3030 ministros
3557 2984 3649 3030 aut
3692 2977 3745 3032 le

2188 3066 2372 3111 ctorcs
2399 3064 2488 3110 aut
2514 3067 2783 3124 cantores,
2803 3068 2896 3114 aut
2923 3062 3238 3130 exoreistas,
3254 3073 3348 3119 aut
3374 3065 3646 3136 ostiarios,
3669 3077 3763 3123 aut

2102 3139 2147 3200 C
2177 3143 2383 3198 ordinis
2412 3146 2820 3213 monachorum,
2851 3148 2905 3202 in
2931 3164 3233 3219 cauponam
3255 3153 3485 3222 ingredi.

2251 3231 2488 3287 CXXIX.
2518 3263 2588 3272 -—
2609 3234 2696 3290 ‘25.
2721 3235 2874 3303 Quod
2902 3255 3010 3294 non
3033 3251 3247 3310 oportet
3272 3243 3547 3300 ministros
3567 3260 3763 3317 panem

2184 3324 2332 3390 dare,
2363 3327 2449 3380 vel
2470 3327 2691 3382 calicem
2721 3329 3064 3386 benedicere.

2253 3417 2466 3474 CXXX.
2496 3449 2567 3458 —
2591 3419 2680 3475 26.
2707 3420 2861 3488 Quod
2901 3439 3007 3478 non
3051 3435 3268 3496 oportet
3308 3443 3404 3484 eos
3433 3431 3760 3495 exorcizare.

2183 3509 2275 3578 qui
2304 3509 2371 3564 ab
2391 3510 2644 3580 episcopo
2671 3513 2902 3581 promoti
2933 3530 3037 3569 non
3059 3525 3201 3584 sunt,
3221 3531 3393 3588 neque
3417 3518 3472 3574 in
3520 3521 3764 3577 ecclesiis

2184 3614 2361 3668 neque
2387 3600 2438 3653 in
2469 3600 2689 3655 :edibus.

2254 3687 2486 3742 CXXXI.
2514 3719 2586 3728 —
2609 3689 2699 3744 27.
2731 3690 2885 3757 Quod
2935 3709 3041 3748 non
3089 3703 3305 3764 oportet
3331 3699 3644 3756 sacerdotes
3671 3713 3764 3755 aut

2183 3777 2426 3845 clericos,
2458 3789 2551 3835 aut
2599 3780 2764 3838 laicos
2813 3781 2882 3836 ad
2921 3798 3126 3853 agapen
3171 3795 3409 3851 vocatos,
3445 3799 3627 3857 partes
3669 3792 3762 3846 tol~

2184 3867 2314 3933 lere,
2364 3883 2432 3924 eo
2476 3869 2620 3938 quod
2663 3869 2788 3926 hinc
2837 3873 3203 3930 ecclesiastico
3255 3877 3427 3932 ordini
3473 3880 3764 3947 ignominia

2125 4005 2144 4022 ,
2185 3959 2450 4012 inuratur.

2255 4047 2512 4102 CXXXII.
2536 4077 2606 4087 —
2633 4048 2722 4104 28.
2754 4049 2907 4116 Quod
2948 4067 3056 4108 non
3103 4062 3316 4124 oportet
3361 4055 3414 4110 in
3460 4057 3762 4121 dominicis,

2185 4151 2276 4193 aut
2303 4141 2542 4195 ecclesiis
2563 4155 2770 4212 agapen
2799 4143 2994 4212 facere,
3019 4154 3074 4199 et
3095 4146 3147 4200 in
3175 4146 3336 4203 domo
3358 4147 3451 4204 Dei
3473 4151 3760 4206 comedere

2183 4229 2269 4284 vel
2296 4231 2574 4285 accubitus
2602 4240 2844 4287 sternere

2254 4337 2611 4392 CXXXIll.—-—
2636 4338 2723 4394 29.
2756 4340 2907 4406 Quod
2937 4357 3044 4396 non
3072 4353 3288 4413 oportet
3312 4344 3647 4404 Christianos
3671 4349 3756 4417 ju-

2181 4427 2416 4493 daizare,
2438 4436 2493 4481 et
2516 4428 2567 4481 in
2599 4429 2821 4484 sabbato
2841 4431 2995 4484 otiari
3029 4449 3042 4484 :
3074 4433 3168 4487 sed
3198 4434 3342 4503 ipsos
3361 4451 3427 4489 eo
3456 4435 3542 4490 die
3563 4453 3762 4506 opera-

504 4529 686 4601 ἡμέρᾳ³
703 4532 792 4585 τήν
811 4526 863 4581 δέ
881 4534 1122 4602 κυριακήν
1144 4538 1518 4602 προτιμῶντας,
1538 4529 1636 4602 εἴγε
1661 4531 1914 4598 δύναιντο,
1944 4555 2075 4604 σχο-

2200 4516 2251 4568 ri.
2302 4515 2450 4570 Diem
2473 4525 2651 4572 autem
2700 4517 3027 4574 dominicum
3061 4523 3429 4595 praeferentes,
3479 4505 3656 4592 otiari,
3717 4529 3765 4584 si

502 4619 663 4684 λάζειν
684 4621 752 4678 ὡς
778 4623 1096 4694 χριστιανοί.
1128 4625 1184 4674 Εἰ
1215 4619 1269 4674 δέ
1299 4622 1535 4698 εὑρεθεῖεν
1560 4621 1887 4690 ἰουδαῖσταὶ,
1922 4624 2082 4680 ἴστω-

503 4733 600 4768 σαν
621 4713 843 4784 ἀνάθεμα
865 4715 1004 4786 παρά
1032 4721 1236 4788 Χριστῷ
1265 4713 1358 4784 [τῷ
1385 4712 1537 4786 erigi].

581 4824 707 4903 ρλδ’.
745 4825 941 4880 Ὀτιοὺ
969 4825 1050 4881 δεῖ
1083 4827 1360 4902 ίερατικοὺς
1401 4827 1432 4886 ἣ
1458 4830 1704 4892 ἀσκητάς,
1738 4831 1789 4882 ἓν
1831 4829 2076 4904 βαλανείῳ

499 4921 628 4990 μετὰ
646 4924 892 4990 γυναικῶν
930 4918 1292 4982 ἀπολούεσθαι,
1327 4917 1452 4988 μηδᾶ
1478 4921 1646 4973 πάντα
1689 4921 2014 4995 χριστιανόν,
2045 4919 2076 4979 ἢ

495 5010 686 5066 λαϊκὸν.
713 5010 850 5069 Αὕτη
875 5012 976 5087 γάρ
1000 5014 1178 5086 πρώτη
1202 5014 1518 5085 κατάγνωσις
1549 5015 1695 5075 παρὰ
1726 5023 1835 5076 τοῖς
1866 5012 2077 5069 ἔθνεσιν.

569 5183 688 5254 ρλε’.
724 5183 838 5239 Ὀτι
867 5185 923 5238 οὑ
956 5183 1037 5239 δεῖ
1079 5185 1208 5257 πρὸς
1245 5187 1440 5246 πάντας
1483 5191 1769 5263 αἰρετικοὺς
1807 5188 2079 5261 ἐπιγαμίας

500 5281 680 5341 ποιεῖν,
709 5275 738 5334 ἦ
768 5273 956 5330 διδόναι
983 5277 1126 5338 υἶοὺς
1153 5276 1183 5336 ἦ
1220 5279 1500 5352 θυγατέρας
1523 5293 1538 5308 ⁸
1583 5280 1706 5334 ἀλλά
1734 5281 1918 5352 μᾶλλον
1945 5281 2077 5350 λαμ·

505 5360 689 5425 ϐαίνειν,
735 5362 834 5437 εἴγε
877 5365 1235 5439 ὶπαγγέλοιντο
1285 5365 1741 5441 [ἐπαγγέλλονται]
1784 5372 2078 5442 χριστιανοὶ

501 5455 742 5527 γίνεσθαι.
1725 5486 1732 5492 ·
1867 5523 1884 5529 _

570 5542 699 5617 ρλς-’.
747 5540 863 5598 Ὀτι
902 5547 960 5598 οὑ
1001 5545 1080 5602 δεῖ
1111 5549 1370 5625 ατρετικῶν
1416 5549 1639 5621 εὐλογίας
1685 5549 1978 5619 λαμξάνειν,
2025 5551 2079 5604 αἶ

505 5637 628 5695 τινες
659 5637 783 5690 εἰσιν
811 5633 1010 5708 άλογίαι
1036 5637 1236 5705 μᾶλλον,
1263 5638 1292 5696 ἦ
1318 5639 1553 5710 εὐλογίαι.

2182 4607 2345 4663 modo
2365 4609 2586 4677 possint,
2621 4617 2680 4662 ut
2704 4608 3014 4666 Christiani.
3047 4611 3198 4678 Quod
3236 4616 3281 4670 si
3329 4617 3530 4673 inventi
3559 4619 3763 4674 fuerint

2179 4697 2478 4766 judaizare,
2509 4698 2794 4752 anathema
2825 4700 2933 4753 sint
2959 4715 2990 4754 a
3020 4701 3252 4758 Christo.

2250 4807 2531 4864 CXXXIV.
2563 4837 2631 4848 —-
2660 4811 2746 4864 30.
2775 4809 2928 4876 Quod
2957 4829 3062 4866 non
3093 4825 3309 4883 oportet
3329 4819 3638 4876 sacerdotes
3667 4834 3761 4880 aut

2179 4899 2428 4967 clericos,
2450 4907 2542 4953 aut
2596 4901 2909 4969 monachos,
2933 4901 2986 4954 in
3031 4902 3227 4959 balneo
3279 4921 3400 4960 cum
3449 4909 3762 4966 mulieribus

2187 4991 2374 5057 lavari,
2396 5005 2572 5059 neque
2620 4989 2835 5046 omnem
2879 4993 3093 5062 penitus
3121 4995 3503 5063 Christianum,
3541 5012 3634 5055 aut
3658 5003 3762 5056 lai-

2186 5097 2329 5137 cum.
2355 5079 2481 5136 Haec
2513 5082 2655 5137 enim
2684 5089 2768 5138 est
2798 5083 2970 5153 prima
2999 5086 3349 5155 reprehensio
3373 5090 3515 5158 apud
3548 5100 3758 5157 gentes.

2256 5171 2697 5228 CXXXV.—3I.
2728 5171 2879 5238 Quod
2906 5191 3014 5230 non
3044 5185 3261 5246 oportet
3283 5193 3407 5233 cum
3434 5181 3763 5248 quibuscun-

2185 5279 2294 5333 que
2341 5263 2611 5318 haereticis
2636 5264 2975 5320 matrimonia
3003 5268 3344 5336 contrahere,
3377 5283 3479 5325 nec
3507 5269 3648 5327 filios
3676 5274 3762 5329 vel

2184 5356 2319 5410 tilias
2347 5355 2477 5410 dare
2508 5373 2521 5408 :
2554 5354 2649 5410 sed
2697 5355 2876 5424 potius
2929 5357 3194 5426 accipere,
3225 5359 3272 5414 si
3324 5374 3384 5416 se
3424 5360 3763 5421 Christianos

2183 5445 2298 5502 Iieri
2325 5444 2664 5514 promittant.

2251 5531 2533 5588 CXXXVI.
2562 5565 2634 5576 —
2662 5531 2748 5587 52.
2777 5532 2932 5599 Quod
2977 5549 3084 5591 non
3119 5547 3334 5608 oportet
3379 5540 3760 5599 limreticorurn

2182 5624 2581 5686 benedictiones
2608 5624 2872 5694 accipere,
2897 5639 3016 5694 quae
3051 5637 3175 5684 sunt
3205 5631 3384 5701 potius
3427 5633 3752 5688 maledictio.

2184 5732 2281 5775 nes
2306 5730 2464 5782 quam
2487 5715 2904 5774 benedictiones.
