4012 6498
297 332 364 392 8|
801 363 808 370 ·
1261 343 1486 404 CODEX
1525 344 1856 412 CANONUM
1903 353 2264 412 UNIVERSJE
2307 357 2683 416 ECCLESIxE.
3513 373 3617 429 '82

700 474 1902 503 Μ

815 551 1379 664 CONCILII
1486 559 2087 669 EPHESINI
2164 568 2915 680 (ECUMENICI

2903 490 3041 516 ,I.

2991 494 3126 680 iii

1385 703 1752 766 CANONES
1808 704 1986 767 VIII.
2017 707 2150 785 (an.
2190 709 2344 773 Chr.
2404 710 2544 791 431)

368 883 500 958 pta...
531 881 598 940 Εἴ
615 907 696 949 τις
726 885 753 942 ό
778 887 1160 963 μητροπολὶτης
1186 897 1279 952 τῆς
1315 891 1578 967 ἐπαρχίας
1607 895 1906 955 ἀποστατή-

2089 895 2323 956 CLXXI.
2355 933 2426 943 --
2458 899 2506 954 l.
2539 901 2595 958 Si
2640 902 2763 972 quis
2791 905 3248 976 metropolitanus
3277 909 3570 978 provinciae
3592 926 3623 966 ο

290 999 398 1038 σας
432 987 526 1038 τῆς
554 978 708 1052 ἁγίας
751 983 838 1035 καὶ
876 981 1229 1053 οἶκουμενικῆς
1262 981 1504 1052 συνόδου,
1534 987 1810 1064 προσέθετο
1839 994 1913 1059 τῷ

291 1077 389 1130 τῆς
437 1073 765 1134 ἀποστασίας
812 1066 1086 1149 συνεδρίῳ,
1119 1074 1149 1134 ἦ
1181 1078 1313 1148 μετὰ
1342 1083 1496 1133 τοῦτο
1526 1081 1850 1155 προστιθείη,
1882 1080 1913 1140 ἢ

293 1163 364 1216 τά
405 1163 677 1218 κιλεστίου
715 1163 988 1240 ἓφρόνησεν
1017 1164 1047 1224 ἦ
1072 1169 1331 1242 φρονήσοι’
1362 1165 1515 1229 οὗτος
1541 1171 1669 1225 κατά
1692 1179 1792 1226 τῶν
1821 1178 1914 1233 τῆς

292 1254 569 1330 ἐπαρχίας
618 1255 890 1332 ἀρχόντων
938 1260 1025 1312 καί
1068 1259 1368 1315 έπισκόπων
1420 1259 1825 1338 διαπράττεσθαί
1860 1287 1914 1322 τι

289 1343 533 1412 οὐδαμῶς
557 1344 794 1413 δύναται,
816 1351 993 1411 πάσης
1020 1351 1445 1415 ἔκκλησιαστικῆς
1467 1359 1720 1420 κοινωνίας
1747 1359 1913 1413 έντεῡ·

289 1439 377 1490 θεν
399 1436 498 1498 ἤδη
523 1439 628 1495 ὑπὸ
652 1449 745 1504 τῆς
787 1441 1007 1499 συνόδου
1054 1445 1414 1517 ἐκϐεϐλημένος
1461 1452 1546 1504 καί
1585 1453 1913 1527 άνενέργητος

292 1532 585 1607 ὑπάρχων·
614 1533 741 1588 ἀλλά
760 1537 844 1591 καί
872 1537 1057 1598 αὐτοῖς
1078 1547 1187 1601 τοίς
1210 1548 1302 1601 τῆς
1322 1543 1589 1616 έπαρχίας
1615 1545 1913 1607 ἐπισκόποις

291 1626 384 1678 καί
430 1633 548 1688 τοῖς
589 1628 741 1704 πέριξ
776 1631 1202 1704 μητροπολίταις,
1233 1640 1342 1696 τοῖς
1382 1636 1451 1691 τά
1490 1643 1583 1696 τῆς
1619 1634 1908 1709 ὀρθοδοξίοις⁹

289 1724 570 1789 φρονοῦσιν
593 1719 903 1775 ὑποκεῖσθαι
947 1726 1018 1785 εἰς
1040 1723 1142 1779 τό*
1158 1725 1344 1792 πάντη,
1368 1728 1452 1782 καί
1475 1732 1566 1783 τοῦ
1592 1727 1791 1798 βαθμοῦ
1818 1736 1912 1791 τῆς

287 1813 582 1870 ἐπισκοπῆς
610 1811 928 1872 ἐκϐληθῆναι.

363 1898 498 1976 ροϐ’.
530 1904 588 1955 Εἰ
612 1899 668 1956 δέ
695 1924 829 1963 τινες
858 1905 1195 1980 ἐπαρχιῶται
1221 1907 1496 1964 ἐπίσκοποι
1533 1909 1910 1984 ἀπελείφθησαν

289 1999 386 2051 τῆς
426 1991 582 2064 ἁγίας
623 1993 876 2060 συνόδου,
904 2000 986 2052 καὶ
1021 2005 1084 2072 τῇ
1115 2000 1418 2075 ἀποστασία
1445 2004 1852 2079 προσετέθησαν,
1879 2003 1910 2064 ἦ

290 2084 647 2170 προστεθῆναι
685 2088 992 2160 πειραθεῖεν,
1021 2087 1051 2147 ἦ
1083 2091 1170 2143 καί
1203 2089 1595 2167 ύπογράψαντες
1635 2092 1911 2170 [ὑποστρέ-

290 2169 513 2243 ψαντες]
541 2181 604 2248 τῇ
633 2177 912 2251 Νεστορίου
958 2179 1250 2256 καθαιρέσει
1291 2181 1735 2260 ἐπαλινδρόμησαν
1779 2169 1914 2260 πρός

2017 1000 2204 1046 sancta
2232 1000 2290 1048 et
2325 994 2660 1051 meumenica
2687 995 2896 1068 synodo
2926 996 3251 1064 deseiseens,
3304 998 3626 1058 defectionis

1989 1164 1991 1166 _
2017 1085 2297 1140 consessui
2335 1086 2577 1153 adhaesit,
2610 1087 2696 1143 vel
2727 1096 2915 1159 postea
2937 1088 3244 1158 adhaescn't,
3269 1091 3353 1147 vel
3383 1108 3506 1147 cum
3529 1093 3630 1148 Ce-

2016 1173 2174 1232 lestio
2195 1178 2477 1234 sensitaut
2503 1181 2766 1235 senserit:
2799 1181 2845 1236 is
2875 1180 3137 1238 adversus
3162 1183 3453 1253 provinciae
3485 1200 3622 1254 prte—

1991 1267 2160 1323 'sidcs
2189 1276 2244 1325 et
2271 1269 2558 1341 episcopos
2586 1271 2721 1326 nihil
2750 1272 2974 1329 omnino
3023 1288 3186 1345 agere
3235 1282 3436 1345 potest,
3466 1277 3617 1331 omni

2014 1359 2386 1416 ecclesiastica
2414 1362 2799 1419 communione
2828 1364 3024 1420 abhinc
3065 1364 3178 1435 jam
3220 1382 3252 1421 a
3297 1367 3506 1438 synodo
3534 1384 3624 1424 se-

2013 1451 2218 1518 clusus,
2249 1461 2304 1506 et
2331 1451 2398 1506 ad
2426 1453 2631 1508 nullum
2663 1455 3024 1511 exercendum
3047 1473 3242 1514 munus
3271 1457 3624 1529 ofﬁciumque

2015 1541 2241 1599 idoneus
2265 1545 2523 1600 existens.
2558 1544 2664 1601 Sed
2695 1556 2750 1601 et
2771 1547 2899 1618 ipsis
2929 1550 3221 1619 provincia:
3250 1552 3539 1623 episcopis,
3565 1564 3621 1608 et

1993 1634 2254 1691 'ﬁnitimis
2282 1637 2720 1708 metropolitanis
2745 1640 3104 1697 orthodoxam
3132 1641 3290 1698 iidem
3315 1641 3616 1718 proﬁtenti-

1989 1727 2132 1793 ‘bus,
2158 1728 2381 1784 omnino
2411 1729 2750 1802 subjicietur,
2783 1739 2839 1787 et
2864 1732 2932 1788 de
2961 1734 3307 1806 episcOpatus
3327 1735 3497 1807 gradu
3526 1737 3620 1794 dc-

2007 1817 2246 1888 jicietur.

2081 1909 2338 1968 CLXXII.
2373 1945 2433 1956 --
2455 1913 2508 1967 2.
2542 1913 2599 1969 Si
2624 1914 2715 1985 qui
2745 1915 3108 1986 provinciales
3144 1918 3384 1989 episcopi
3411 1927 3618 1976 sancta:

2010 2004 2224 2078 synodo
2273 2022 2381 2061 non
2432 2006 2817 2073 interfuerunt,
2865 2015 2920 2063 et
2969 2008 3294 2066 defectionis
3335 2016 3613 2068 consessui

2010 2096 2351 2154 adhzeserunt
2380 2098 2466 2154 vel
2514 2099 2793 2156 adhmrere
2841 2101 3186 2170 studuerunt,
3220 2103 3303 2160 vel
3333 2114 3618 2176 postquam

2008 2189 2242 2245 Nestorii
2291 2190 2618 2262 depositioni
2671 2192 3143 2264 subscripserunt,
3185 2195 3252 2251 ad
3301 2195 3621 2254 defectionis

289 2264 354 2320 τό
393 2274 489 2326 τῆς
531 2267 869 2330 άποστασίας
913 2270 1198 2345 συνέδριον,
1242 2276 1460 2338 τούτους
1488 2279 1656 2336 πάντη
1703 2279 1830 2334 κατά
1854 2279 1907 2333 τὸ

2017 2296 2326 2337 consessum
2344 2282 2543 2354 relapsi
2565 2291 2708 2350 sunt,
2729 2283 2764 2340 ii
2793 2286 3299 2352 omnino,utvisum
3323 2297 3620 2344 estsancta:

288 2355 450 2423 δόξαν
477 2369 542 2434 τῇ
578 2359 700 2437 ἁγίᾳ
731 2359 956 2434 συνόδῳ,
982 2364 1279 2442 ἀλλοτρίους
1311 2363 1441 2424 εἶναι
1471 2378 1565 2431 τῆς
1603 2370 1883 2449 ἱερωσύνης

287 2453 382 2505 καί
409 2458 502 2508 τοῦ
531 2453 732 2526 βαθμοῦ
765 2456 1107 2519 ἐκπίπτοντας
1137 2456 1608 2533 [άπὸπίπτοντας].

284 2603 294 2611 ,
361 2542 492 2615 ρογ.
518 2549 579 2598 Εἰ
600 2543 654 2600 δέ
676 2566 809 2607 τινες
833 2549 917 2601 καὶ
943 2551 1118 2606 τῶνίν
1147 2549 1346 2622 ἑκάστῃ
1372 2552 1516 2607 πόλει
1541 2553 1570 2612 ἢ
1600 2557 1759 2631 χώρᾳ
1786 2557 1908 2618 κλη·

287 2641 450 2708 ρικῶν
470 2676 485 2700 ,
508 2638 612 2690 ύπό
637 2642 910 2712 Νεστορίου
944 2644 1027 2695 καί
1052 2649 1152 2696 τῶν
1179 2645 1274 2698 σὺν
1296 2646 1437 2717 αὐτῷ
1474 2641 1628 2702 ὅντων
1649 2658 1740 2710 τῆς
1763 2651 1912 2724 ἱερω-

287 2727 453 2788 σύνης
478 2729 836 2796 ἐκωλύθησαν,
862 2730 947 2788 διά
990 2733 1050 2789 τό
1085 2735 1244 2810 ὀρθῶς
1297 2747 1516 2813 φρονεῖν,
1543 2739 1913 2815 ὶδικαιώσαμεν

287 2818 380 2870 καί
401 2818 626 2880 τούτους
652 2821 740 2876 τὸν
776 2819 904 2877 ἴδιον
940 2824 1220 2881 ἀπολαϐεῖν
1257 2826 1466 2899 βαθμὸν·
1498 2838 1674 2892 κοινῶς
1704 2831 1757 2888 δέ
1790 2838 1912 2898 τοὺς

287 2915 354 2979 τῇ
385 2909 637 2984 ὀρθοδόξῳ
687 2915 774 2968 καί
905 2916 1222 2994 οἱκουμενικῇ
1260 2919 1458 2992 συνόδῳ
1496 2934 1912 3000 συμφρονοῦντας

281 3001 595 3076 -χληρικούς,
614 3005 884 3080 κελεύομεν
903 3018 1011 3072 τοῖς
1043 3013 1478 3073 ἀποστατήσασιν
1505 3015 1533 3074 ἢ
1557 3019 1910 3090 ἀφισταμένοις

287 3090 622 3166 ἐπισκόποις,
646 3097 764 3163 μηδ’
797 3099 926 3163 ὅλως
955 3098 1259 3161 ὖποκεῖσθαι
1292 3109 1427 3163 κατά
1450 3105 1642 3181 μηδένα
1660 3111 1871 3189 τρόπον.

357 3277 485 3355 ροδ’.
513 3282 570 3334 Εἰ
589 3278 646 3337 δέ
670 3304 803 3344 τινες
823 3284 1245 3346 ἀποστατήσαιεν
1267 3293 1367 3343 τῶν
1396 3286 1663 3364 κληρικῶν,
1687 3296 1778 3348 καί
1794 3295 1910 3350 τολ-

289 3375 510 3440 μαὲσαιεν
535 3370 566 3430 ἦ
595 3371 708 3429 κατ’
734 3373 866 3431 ἰδίαν
890 3374 920 3436 ἦ
942 3375 1168 3454 δημοσίᾳ
1193 3380 1263 3436 τά
1288 3381 1564 3454 Νεστορίου
1590 3379 1620 3440 ἦ
1643 3384 1708 3438 τὰ
1727 3385 1910 3440 ιελεσ-

289 3464 405 3516 τίου
430 3471 713 3539 φρονῆσαι,
749 3469 834 3522 καὶ
861 3470 1082 3533 τούτους
1109 3465 1240 3528 εἶναι
1267 3472 1663 3544 καθῃρημένους,
1691 3476 1795 3533 ὑπὸ
1820 3486 1914 3541 τῆς

291 3552 444 3626 ἆγίας
467 3551 688 3610 συνόδου
721 3557 1065 3617 δεδικαίωται.

2019 2372 2250 2444 synodo,
2297 2373 2408 2428 sint
2453 2389 2484 2428 a
2525 2374 2832 2432 sacerdotio
2860 2375 3045 2443 alieni,
3069 2387 3125 2434 et
3148 2377 3320 2449 gradu
3344 2379 3616 2436 excidant.

2083 2551 2357 2610 CLXXIII.
2390 2587 2461 2596 —
2481 2554 2535 2611 5.
2576 2553 2634 2612 Si
2663 2556 2753 2628 qui
2786 2566 2966 2611 autem
2997 2558 3183 2613 clerici
3212 2557 3264 2612 in
3295 2573 3618 2628 quacunque

2013 2645 2231 2702 civitate
2253 2649 2339 2702 vel
2363 2647 2585 2716 regione
2621 2649 2721 2702 sub
2750 2646 3002 2703 Ncstorio
3033 2656 3089 2703 et
3118 2647 3181 2702 iis
3204 2648 3296 2717 qui
3338 2656 3464 2703 sunt
3491 2665 3616 2704 cum

2013 2750 2103 2803 eo,
2133 2735 2440 2792 sacerdotio
2461 2735 2670 2808 depulsi
2703 2744 2829 2793 sunt
2855 2753 2921 2793 eo
2965 2737 3112 2808 quod
3158 2749 3308 2796 recte
3357 2739 3614 2805 sentiant,

2013 2843 2228 2898 mquum
2258 2829 2586 2896 censuimus,
2621 2837 2682 2884 ut
2721 2828 2756 2882 ii
2785 2843 3005 2899 quoque
3044 2845 3202 2885 suum
3225 2830 3451 2900 gradum
3478 2829 3618 2887 reci-

2012 2921 2184 2990 piant.
2214 2916 2590 2975 Communiter
2634 2929 2813 2974 autem
2844 2919 3112 2987 omnibus,
3156 2921 3246 2989 qui
3275 2925 3395 2976 cuin
3426 2922 3616 2977 ortho-

2015 3009 2157 3065 doxa
2183 3019 2239 3066 et
2263 3010 2550 3066 universali
2571 3010 2781 3082 synodo
2803 3012 3150 3067 consentiunt
3181 3011 3394 3068 clericis
3413 3052 3428 3076 ,
3457 3012 3615 3083 jube-

2011 3116 2158 3170 mus,
2188 3101 2254 3156 iis
2276 3102 2368 3173 qui
2405 3101 2722 3159 defecerunt
2751 3102 2837 3158 vel
2867 3101 3128 3159 deliciunt
3163 3103 3435 3175 episcopis
3464 3106 3613 3162 nullo

2013 3192 2179 3248 modo
2206 3191 2419 3262 subjici.

2083 3282 2366 3340 CLXXIV.
2398 3316 2472 3326 —
2495 3283 2549 3338 4.
2592 3283 2649 3340 Si
2689 3285 2780 3355 qui
2809 3293 2992 3340 autem
3027 3283 3210 3341 clerici
3252 3284 3614 3355 desciverunt,

2015 3385 2073 3433 et
2098 3377 2215 3432 ausi
2243 3384 2371 3432 sunt
2411 3376 2495 3432 vel
2517 3377 2772 3448 privatim
2793 3418 2808 3444 ,
2839 3377 2926 3432 vel
2951 3376 3174 3449 publice
3211 3393 3334 3434 cum
3362 3377 3614 3434 Nestorio

2012 3470 2103 3527 vel
2130 3468 2364 3526 Celestio
2385 3470 2608 3537 sentire,
2652 3485 2749 3527 eos
2778 3486 2999 3544 quoque
3024 3485 3056 3526 a
3085 3486 3237 3528 sacra
3283 3473 3492 3547 synodo
3521 3472 3619 3528 dc-

2007 3559 2224 3631 positos
2244 3575 2367 3616 esse
2390 3574 2604 3630 mquam
2625 3561 2799 3616 visum
2829 3571 2934 3618 est.

358 3651 489 3730 μοι’.
511 3650 668 3710 ὀσοι
693 3652 747 3748 δέ
784 3655 870 3708 ἐπὶ
903 3653 1120 3718 ἀτόποις
1156 3660 1380 3734 πράξεσι
1413 3661 1779 3737 κατεκρίθησαν
1804 3662 1907 3718 ύπό

2023 3675 2026 3678 ·
2085 3653 2340 3712 CLXXV.
2372 3684 2445 3695 —
2465 3654 2522 3710 5.
2562 3653 2882 3726 Quicunque
2909 3664 3093 3713 autem
3115 3665 3342 3730 propter
3369 3657 3615 3728 improba

295 3754 386 3806 τῆς
412 3743 567 3816 ἁγίας
589 3742 812 3800 συνόδου
833 3744 863 3806 ἦ
883 3746 988 3803 ύπό
1009 3755 1112 3803 τῶν
1132 3753 1328 3806 οἰκείων
1346 3753 1661 3819 ἐπισκόπων,
1684 3758 1772 3817 καί
1791 3757 1912 3810 τού-

288 3857 400 3898 σοις
426 3839 780 3901 ἁκανονίστως
818 3841 952 3895 κατά
975 3845 1069 3900 τὴν
1105 3843 1157 3897 έν
1197 3842 1396 3906 ἅπασιν
1436 3845 1736 3923 ἀδιαφορίαν
1756 3850 1911 3906 αὐτοῦ

289 3927 320 3985 ό
341 3932 648 4003 Νεστόριος,
669 3934 756 3988 καὶ
778 3933 825 3986 οἱ
844 3933 914 3990 τά
942 3935 1099 3992 αὐτοῦ
1123 3946 1444 4014 φρονοῦντες,
1467 3939 1754 3999 ἀποδοῦναι
1775 3943 1911 3999 ἕπει-

289 4024 546 4098 ρὰθησαν,
569 4022 600 4084 ἧ
629 4027 918 4102 πειραθεῖεν
958 4033 1218 4086 κοινωνίαν
1254 4031 1286 4092 ἦ
1321 4032 1535 4105 βαθμόν⁹
1568 4035 1910 4107 ἀνωφελήτους

292 4116 457 4186 μένειν
495 4119 579 4171 καὶ
616 4119 864 4188 τούτους,
905 4123 994 4176 καί
1035 4117 1165 4179 εἶναι
1197 4122 1336 4181 οὐδέν
1365 4123 1516 4188 ἧττον
1541 4127 1914 4203 καθῃρημένους

289 4205 688 4279 έδικαεὼσαμεν.

365 4387 503 4462 ρος’.
535 4393 752 4460 Ὁμοίως
779 4388 834 4446 δέ
859 4393 940 4449 καί
959 4390 1012 4447 εἴ
1027 4413 1160 4454 τινες
1190 4393 1486 4466 βουληθεῖεν
1513 4397 1583 4452 τά
1602 4399 1724 4473 περί
1751 4397 1910 4454 ἑκάσ-

287 4500 382 4536 του
404 4483 750 4556 πεπραγμένα
769 4484 820 4538 ἐν
839 4491 902 4559 τῇ
924 4483 1046 4559 ἁγίᾳ
1057 4483 1256 4556 συνόδῳ
1271 4493 1335 4562 τῇ
1351 4488 1402 4541 έν
1415 4488 1608 4562 Ἐφέσῳ
1625 4486 1910 4560 οίῳδηποτε

285 4576 472 4648 τρόπῳ
493 4575 897 4651 παρασαλεύειν⁹
915 4578 947 4635 ἡ
961 4575 1086 4650 ἆγέα
1106 4575 1314 4639 σύνοδος
1330 4580 1534 4654 ὥρισεν,
1549 4580 1593 4633 εἰ
1604 4581 1694 4652 μέν
1713 4580 1912 4636 ἐπίσκο-

286 4685 381 4720 ποι
402 4659 502 4719 εἷεν
527 4664 557 4724 ἣ
577 4665 822 4741 κληρικοὲ,
842 4675 934 4723 τοῦ
957 4669 1144 4722 οἰκείου
1167 4669 1426 4730 παντελῶς
1445 4671 1756 4727 ἀποπίπτειν
1779 4672 1911 4744 βαθ-

285 4763 419 4828 μοῦ,
449 4760 493 4814 εί
519 4755 574 4832 δέ
598 4758 779 4824 λαῐκοί,
805 4759 1180 4822 άκοινοννήτους
1211 4760 1472 4839 ὑπάρχειν
1496 4759 1837 4836 [τυγχάνεινι.

356 4846 488 4920 ροξ.
517 4843 729 4924 Ὠρισεν
773 4851 804 4908 ἡ
849 4848 970 4925 ἁγία
1013 4847 1252 4914 σύνοδος,
1291 4850 1469 4925 έτέραν
1516 4855 1691 4907 πίστιν
1739 4849 1913 4924 μηδενί

286 4943 481 5008 ξεῖναι
516 4943 785 5017 προφέρειν
825 4941 978 5017 ἤγουν
1007 4945 1320 5016 συγγράφειν
1345 4943 1378 5002 ἦ
1416 4945 1700 5001 συντιθέναι
1719 4989 1733 5012 ,
1766 4949 1912 5021 παρὰ

2015 3747 2181 3821 facta,
2204 3764 2235 3804 a
2264 3757 2453 3806 sancta
2483 3748 2694 3820 synodo
2721 3747 2809 3803 vel
2840 3763 2870 3803 a
2895 3749 3132 3820 propriis
3171 3750 3441 3822 episcopis
3485 3767 3617 3806 con-

2013 3841 2254 3900 demnati
2274 3848 2420 3908 sunt,
2453 3848 2510 3896 et
2533 3854 2630 3896 eos
2677 3853 2788 3896 non
2818 3841 3080 3897 canonice
3106 3838 3410 3906 Nestorius,
3453 3848 3619 3912 prout

2014 3934 2194 3993 omnia
2212 3931 2581 3989 indiﬁ‘erenter
2599 3931 2730 4002 agit,
2749 3939 2806 3988 et
2829 3931 2920 4002 qui
2943 3931 3089 3989 idem
3117 3946 3242 3988 cum
3271 3946 3338 3989 eo
3356 3933 3620 3999 sentiunt,

2014 4022 2386 4084 communioni
2413 4021 2503 4079 vel
2549 4022 2740 4095 gradui
2782 4023 3140 4089 restituerint,
3182 4032 3285 4079 aut
3331 4024 3621 4079 restituere

2015 4117 2346 4174 tentaverint
2391 4133 2404 4170 :
2449 4113 2822 4188 hujuscemodi
2850 4129 2920 4170 ex
2947 4113 3040 4169 tali
3083 4116 3431 4171 restitutione
3477 4114 3614 4170 nihil

2013 4207 2332 4277 profecisse,
2365 4206 2462 4262 sed
2501 4205 2799 4278 depositos,
2849 4202 3020 4279 nihilo
3065 4203 3248 4260 secius
3293 4213 3619 4274 permanere

2013 4315 2226 4372 :cquum
2269 4300 2646 4370 indicavimus.
3253 4319 3258 4322 ·
3577 4348 3584 4368 1

2085 4391 2368 4450 CLXXVI.
2395 4425 2469 4436 -—
2507 4391 2561 4447 6.
2603 4389 2866 4448 Similiter
2905 4398 3107 4455 autem,
3136 4388 3182 4446 si
3227 4389 3319 4462 qui
3349 4388 3619 4444 voluerint

2013 4500 2135 4561 quae
2162 4486 2231 4544 de
2250 4501 2576 4559 quacunque
2594 4501 2656 4544 re
2678 4487 2733 4542 in
2759 4491 2950 4542 sancta
2971 4484 3180 4558 synodo
3203 4483 3476 4556 Ephesina
3499 4492 3618 4539 acta

2015 4586 2159 4646 sunt,
2192 4577 2384 4650 quovis
2413 4577 2576 4634 modo
2604 4577 2958 4646 lahelactare,
3005 4585 3194 4633 sancta
3241 4576 3478 4649 synodus
3524 4575 3619 4631 de—

2016 4671 2274 4739 crevit,'si
2293 4671 2510 4742 quidem
2531 4671 2642 4727 sint
2667 4671 2910 4742 episcopi
2939 4679 3034 4727 aut
3051 4669 3253 4738 clerici,
3273 4687 3303 4726 a
3327 4687 3426 4726 suo
3449 4667 3617 4738 gradu

2014 4765 2240 4822 omnino
2268 4765 2552 4834 excidere;
2583 4763 2630 4822 si
2655 4773 2837 4823 autem
2865 4765 3009 4832 laici,
3040 4766 3524 4823 excommunicari.

2088 4851 2390 4910 CLXXVII.
2420 4883 2487 4896 -—
2514 4854 2568 4909 7.
2607 4853 2861 4911 Decrevit
2882 4863 3068 4910 sancta
3096 4855 3355 4927 synodus,
3401 4869 3510 4910 non
3553 4854 3616 4909 li-

1968 4971 1970 4973 ·
2015 4961 2143 5002 cere
2182 4945 2434 5016 cuiquam
2465 4945 2628 5002 aliam
2667 4945 2831 5002 ﬁdem
2878 4945 3096 5014 all‘erre,
3126 4946 3212 5002 vel
3251 4946 3506 5011 scribere,
3530 4946 3614 5000 vel

285 5041 381 5094 τήν
413 5033 713 5111 ὁρισθεῖσαν
743 5038 892 5113 παρὰ
924 5044 1025 5092 τῶν
1055 5036 1211 5108 άγίων
1247 5039 1482 5115 πατέρων
1506 5046 1605 5094 τῶν
1643 5040 1692 5094 έν
1723 5049 1788 5114 τῇ
1825 5053 1907 5096 Νι-

2017 5052 2367 5109 eomponere,
2396 5047 2596 5110 praeter
2623 5052 2744 5094 eam
2768 5053 2889 5109 qua:
2916 5037 3118 5093 sanctis
3151 5035 3399 5091 Patrihus
3427 5036 3617 5091 Nicmzc

287 5131 424 5210 ποίᾳ
454 5127 824 5202 συναχθέντων
859 5126 1249 5202 [συνελθόντων]
1286 5131 1431 5186 πόλει
1460 5134 1554 5185 σὺν
1590 5130 1721 5206 ἁγίῳ
1753 5130 1906 5190 πνεύ-

281 5244 441 5300 ματι.
466 5224 600 5283 Τοὺς
624 5221 678 5279 δὲ
705 5224 998 5288 τολμῶντας
1013 5222 1046 5285 ἧ
1065 5226 1346 5282 συντιθέναι
1365 5226 1540 5280 πίστιν
1558 5225 1735 5300 ἑτέραν
1754 5226 1909 5297 ἤγουν

285 5318 626 5392 προκομίζων
646 5316 676 5376 ἦ
697 5319 964 5396 προφέρειν
986 5331 1092 5379 τοῖς
1118 5315 1656 5394 θέλουσινμθέλουσιν]
1679 5318 1911 5395 ὶπιστρέ-

288 5428 399 5483 μιν
426 5411 501 5470 εἰς
520 5408 795 5481 ἐπίγνωσιν
815 5418 909 5471 τῆς
935 5410 1239 5477 ἀληθείας,λῆ
1259 5411 1309 5475 ἐξ
1330 5411 1651 5482 έλὶιηνισμοῦ,
1669 5409 1699 5470 ἦ
1721 5411 1771 5474 ἔξ
1789 5409 1914 5470 ἰον-τ

289 5498 547 5569 Ῑαῐσμσῦ,
571 5499 727 5571 ἤγουν
760 5501 811 5566 ἐξ
840 5502 1090 5576 αἱρέσεως
1119 5497 1452 5560 οἱασδήποτε·
1477 5503 1718 5562 τούτους.
1749 5503 1793 5556 εἰ
1819 5504 1911 5573 μὲν

282 5588 388 5647 ὧν
417 5593 695 5648 ἐπίσκοποι
721 5592 752 5654 ἦ
790 5595 1046 5669 κληρικοί,
1080 5595 1382 5671 ἀλλοτρίους
1411 5590 1533 5652 εἶναι
1552 5598 1672 5658 τοὺς
1697 5595 1909 5654 ἐπισκό⁴

281 5693 546 5761 τους-τῆς
571 5687 862 5749 ἐπισκοπῆς
880 5727 896 5752 .
921 5691 1007 5744 καί
1048 5691 1170 5750 τοὺς
1208 5689 1474 5764 κληρικοὺς
1502 5694 1595 5744 τοῦ
1627 5689 1831 5764 κλῆρον’
1865 5688 1910 5743 ει

279 5775 339 5836 δέ
365 5779 538 5830 λαικοὶ
560 5773 678 5844 εἶεν,
697 5780 1171 5854 άναθιματίζεσθαι.
1205 5783 1348 5835 Κατὰ
1373 5779 1456 5836 τὸν
1486 5775 1591 5836 ἴσον
1616 5778 1668 5836 δέ
1695 5780 1901 5856 τρόπον,

348 5889 382 5924 ⁸
414 5887 479 5943 F.
507 5887 795 5961 legendum
825 5893 896 5955 εἰς
929 5894 984 5949 τό
1016 5899 1136 5966 πᾶν.
1176 5893 1326 5950 Em.

1963 5125 1983 5186 Ϊ
2016 5129 2361 5200 congregatis
2387 5129 2440 5184 in
2475 5137 2664 5185 sancto
2700 5127 2925 5200 Spiritu,
2970 5127 3186 5184 deﬁnita
3216 5133 3318 5181 est.
3349 5125 3451 5194 Qui
3484 5142 3616 5182 vero

2015 5219 2178 5297 aliam
2222 5219 2382 5274 ﬁdem
2431 5218 2635 5274 audent
2676 5233 3038 5292 componere,
3064 5216 3150 5272 vel
3191 5215 3483 5280 adducere,
3529 5219 3614 5274 vel

2016 5311 2215 5369 offerre
2260 5312 2324 5369 iis
2370 5311 2465 5383 qui
2509 5327 2576 5368 ex
2598 5313 2936 5384 paganismo,
2967 5311 3052 5366 vel
3095 5308 3388 5380 judaismo,
3420 5310 3505 5364 vel
3547 5327 3612 5366 ex

2017 5423 2341 5480 quacunque
2385 5406 2576 5463 lueresi
2625 5406 2694 5460 ad
2732 5403 2976 5460 veritatis
3023 5402 3388 5473 cognitionem
3440 5403 3614 5460 redire

2013 5498 2203 5554 volunt
2235 5515 2247 5552 :
2276 5513 2391 5563 eos,
2421 5495 2686 5566 siquidem
2732 5493 3125 5565 sintepiscOpi,
3169 5493 3254 5548 vel
3294 5493 3500 5560 clerici,
3545 5495 3614 5550 ab

2011 5591 2327 5661 episcopatu
2349 5589 2556 5643 alienos
2584 5602 2702 5642 esse
2732 5586 3040 5657 episcopos,
3073 5594 3129 5640 et
3154 5582 3388 5641 clericos
3428 5600 3458 5638 a
3498 5583 3612 5640 cle-

2007 5699 2103 5750 ro;
2129 5683 2173 5739 si
2194 5691 2374 5737 autem
2404 5681 2510 5735 sint
2530 5679 2669 5742 laici,
2694 5678 3160 5734 anathematizari.
3191 5676 3400 5732 Eodem
3431 5686 3613 5731 autem

2009 5774 2173 5833 modo
2211 5771 2255 5830 si
2281 5771 2374 5844 qui
2412 5768 2740 5842 deprehensi
2786 5767 2984 5824 fuerint
3030 5770 3149 5834 sive
3191 5767 3453 5844 episcopi,
3498 5766 3613 5824 sive
