4012 6480
267 303 338 361 39
1244 305 1469 362 conss
1507 284 1834 363 CANONUM
1877 304 2249 367 emensa:
2289 310 2666 370 ECCLESIE.
3490 322 3560 381 ao

264 430 482 489 κλησίαν
530 428 685 488 αὐτῆς
714 423 911 484 διοικῶν
957 426 1261 489 έπίσκοπος,
1310 429 1610 494 σωζομένων
1654 426 1873 487 δηλονότι

1985 429 2248 485 ministrat
2269 431 2576 504 episcopus,
2597 446 2813 494 servato
2844 439 3050 497 scilicet
3074 455 3214 497 verae
3264 446 3556 513 metropoli

263 531 331 596 τῇ
361 523 494 576 κατά
520 521 754 579 ἀλήθειαν
784 519 1095 594 μητροπόλει
1117 526 1216 574 τῶν
1240 521 1436 573 οἰκείων
1466 517 1688 574 δικαίων.

337 611 467 684 ρέεί.
506 610 690 672 Ξενους
732 610 995 683 κληρικούς
1021 613 1103 662 καί
1128 611 1426 681 άγνώστους
1459 611 1511 662 ίν
1539 609 1690 684 έτέρᾳ
1726 611 1869 666 πόλει

264 704 399 775 δίχα
455 708 788 758 συστατικῶν
837 702 1156 775 γραμμάτων
1206 707 1298 754 τοῦ
1360 699 1489 755 ἰδίου
1554 701 1868 768 ἐπισκόπου,

263 795 391 864 μηδὲ
417 793 548 854 ὅλως
575 792 677 863 μηδ
687 800 816 860 κριοῦ
847 793 1184 865 λειτουργεῖν.

335 888 466 961 ρξε’.
510 885 710 946 Ἐπειδὴ
748 885 806 941 ἔν
839 907 974 942 τισιν
1022 887 1304 960 ἐπαρχίαις
1333 885 1738 962 συγκεχώρηται
1765 894 1872 948 τοῖς

261 983 617 1053 ἆηγνὼσταις
644 982 732 1034 καὶ
754 979 972 1049 ψάλταις
997 985 1194 1050 γαμεῖν·
1229 979 1413 1051 ὥρισεν
1433 980 1464 1036 ἡ
1482 978 1607 1052 ῥιγία
1630 967 1867 1042 σύνοδος,

263 1079 334 1144 μή
378 1075 563 1138 ἐξεῖναί
613 1094 710 1129 τινι
760 1074 928 1127 αὐτῶν
973 1070 1259 1145 έτερόδοξον
1311 1079 1522 1141 γυναῖκα
1573 1072 1868 1142 λαμϐάνειν.

260 1170 392 1228 Τοὺς
423 1165 478 1221 δέ
503 1164 602 1224 ἤδη
633 1166 684 1218 in
720 1166 956 1221 τοιούτου
984 1163 1153 1236 γάμου
1189 1162 1678 1230 παιδοποιήσαντας,
1711 1166 1754 1218 εί
1781 1166 1870 1224 μέν

261 1260 498 1334 ἔφθασαν
529 1263 786 1333 βαπτίσαι
809 1260 877 1315 τά
904 1261 959 1324 έξ
985 1261 1156 1314 αὐτῶν
1180 1260 1433 1330 τεχθέντα
1457 1257 1674 1329 [ἑαυτῶν
1699 1256 1868 1329 τέκνα]

262 1355 410 1426 παρὰ
451 1360 563 1412 τοῖς
610 1352 900 1429 αἱρετικοῖς,
927 1351 1210 1426 προσάγειν
1249 1351 1378 1404 αὐτὰ
1419 1357 1483 1424 τῇ
1525 1351 1751 1423 κοινωνία
1778 1356 1873 1409 τῆς

261 1441 528 1500 καθολικῆς
561 1439 851 1498 ἐκκλησίας⁸
895 1443 965 1508 μή
1013 1439 1371 1508 βαπτίσαντας
1400 1435 1474 1504 δέ,
1512 1441 1590 1507 ’μή
1627 1436 1872 1492 δύνασθαι

261 1530 341 1587 (τι
367 1531 644 1602 βαπτίσειν
671 1531 800 1585 αὐτὰ
822 1531 967 1605 παρά
997 1527 1148 1600 [ἐπὶ]
1177 1537 1286 1589 τοῖς
1306 1529 1600 1598 αἱρετικοῖς,
1629 1534 1754 1599 μήτε
1776 1535 1874 1600 μήν

261 1629 550 1679 συνάπτειν
572 1623 703 1696 πρὸς
731 1624 896 1694 γάμον
925 1623 1163 1694 αἱρετικῷ
1193 1619 1224 1679 ἢ
1260 1618 1486 1689 Ἰουδαίῳ
1513 1619 1543 1678 ἦ
1570 1619 1766 1676 ’Έλληνι
1791 1636 1805 1650 ⁶
1830 1623 1874 1676 εί

263 1721 335 1786 μὴ
386 1713 495 1791 ἄρα
542 1715 906 1788 ἆπαγγέλλοιτο
954 1716 1312 1784 μετατίθεσθαι
1353 1717 1428 1774 είς
1475 1717 1566 1772 τὴν
1616 1714 1874 1790 όρθὸδοξον

1975 535 2073 576 δυο
2099 521 2238 588 jure.

2040 610 2217 666 CXCI.
2247 645 2318 656 —-
2343 614 2428 669 I5.
2462 615 2780 686 Peregrinos
2800 620 3031 677 clericos
3053 631 3109 677 et
3137 623 3352 691 ignotos
3377 626 3430 680 in
3449 626 3551 682 alia

1971 701 2186 758 civitate
2205 705 2322 760 sine
2349 709 2554 778 pr0prii
2587 711 2826 781 episcopi
2857 715 3316 772 commendatitiis
3363 717 3560 774 litteris

1936 822 1938 824 -
1971 807 2235 860 nusquam
2259 795 2367 850 ullo
2396 799 2557 851 modo
2586 799 2910 857 ministrare.

2042 884 2442 942 ωειλ-ιι.
2480 889 2744 956 Quoniam
2793 893 2846 946 in
2893 894 3215 962 quibusdam
3262 878 3584 966 provinciis,

1971 993 2288 1034 concessum
2311 989 2396 1036 est
2423 982 2717 1038 lectoribus
2747 994 2802 1038 et
2833 988 3018 1055 psaltis
3063 1003 3263 1044 uxores
3304 992 3503 1046 ducere
3534 1009 3551 1046 :

1971 1069 2160 1124 statuit
2211 1081 2396 1126 sancta
2445 1073 2688 1144 synodus
2714 1077 2847 1130 nulli
2875 1091 3064 1132 eorum
3122 1079 3284 1134 licere
3333 1080 3573 1138 alterius

1971 1170 2136 1215 sectae
2164 1178 2388 1217 uxorem
2420 1165 2687 1234 accipere.
2721 1165 2828 1221 Eos
2877 1178 3059 1223 autem
3085 1171 3176 1238 qui
3200 1186 3267 1224 ex
3295 1167 3574 1239 ejusmodi

1972 1251 2321 1308 matrimonio
2341 1253 2541 1310 liberos
2566 1267 2952 1326 susceperunt,
2983 1260 3028 1314 si
3057 1260 3274 1330 quidem
3298 1265 3562 1331 prteventi

1971 1349 2116 1408 sunt,
2140 1359 2208 1398 ex
2227 1359 2289 1399 se
2306 1346 2517 1414 genitos
2532 1347 2793 1417 baptizari
2815 1350 2884 1403 ab
2907 1351 3194 1418 haereticis,
3220 1354 3285 1405 ad
3303 1352 3560 1410 Ecclesiae

1971 1433 2252 1489 catholica:
2278 1436 2712 1491 communit-nem
2751 1453 2847 1494 eos
2878 1439 3166 1496 adducere.
3190 1441 3292 1508 Qui
3309 1458 3439 1498 vero
3461 1446 3562 1499 add-

1971 1523 2078 1580 huc
2105 1525 2363 1595 baptirati
2389 1543 2499 1582 non
2528 1537 2676 1596 sunt,
2697 1545 2804 1584 non
2835 1546 2995 1599 posse
3023 1548 3121 1586 eos
3149 1533 3290 1602 apud
3348 1535 3565 1591 hmreti-

1972 1631 2066 1673 cos
2108 1618 2390 1687 baptizari.
2423 1619 2528 1673 Sed
2584 1636 2760 1690 neque
2806 1621 3080 1689 bzeretico,
3112 1625 3196 1678 vel
3239 1624 3444 1693 Iudaeo,
3475 1629 3566 1683 vel

1973 1723 2201 1779 pagano,
2226 1711 2572 1767 matrimonio
2595 1712 2926 1782 conjungere
2955 1732 2967 1767 :
3003 1714 3106 1769 nisi
3142 1715 3281 1771 forte
3327 1733 3561 1787 persona

263 1810 449 1863 πίστιν
493 1808 551 1861 τό
592 1807 974 1878 συναπτόμενον
1011 1808 1295 1882 πρόσωπον
1331 1814 1406 1881 τῷ
1435 1806 1701 1880 όρθοδόξῳ.
1732 1809 1788 1862 Εἰ
1816 1807 1870 1865 δέ

1985 1814 2093 1868 quae
2121 1800 2436 1854 orthodoxa:
2479 1802 2822 1870 conjungitur
2875 1803 2942 1858 ad
2991 1805 3352 1862 orthodoxam
3401 1808 3564 1866 fidem

263 1918 343 1960 τις
368 1903 557 1953 τοῦτον
586 1899 671 1952 τόν
700 1895 816 1971 ὅρον
845 1898 1112 1971 παραϐαίη
1141 1905 1233 1958 τῆς
1276 1896 1428 1970 ἁγίας
1462 1896 1699 1966 συνόδου,
1730 1918 1872 1954 κανο·

263 1998 387 2062 νικῷ
410 1991 699 2045 ὑποκείσθω
727 1992 980 2060 ἐπιτιμίῳ.

335 2164 466 2240 ρέγ’.
500 2166 726 2219 Διάκονον
771 2169 840 2234 μή
883 2168 1288 2240 χειροτονεῖσθαι
1332 2174 1547 2238 γυναῖκα
1589 2170 1692 2240 πρό
1741 2169 1872 2224 ἐτῶν

262 2257 687 2332 τεσσαράκοντα,
715 2260 800 2310 καί
831 2260 1021 2316 ταύτην
1051 2261 1181 2329 μετὰ
1209 2260 1456 2334 ἀκριϐοῦς
1482 2258 1805 2332 δοκιμασίας·
1840 2263 1872 2320 ἦ

265 2347 328 2405 δέ
353 2369 414 2422 γε
442 2347 686 2420 δεξαμένη
717 2354 809 2408 τήν
836 2351 1166 2424 χειροθεσίαν
1202 2349 1590 2421 [Zama-revicta],
1620 2354 1704 2406 καί
1744 2352 1875 2425 χρό-

269 2460 354 2492 νον
379 2444 493 2493 τινα
521 2440 896 2513 παραμείνασα
926 2448 988 2512 τῇ
1026 2440 1342 2515 λειτουργίᾳ,
1376 2443 1461 2496 έάν
1501 2441 1687 2502 ἑαυτήν
1709 2443 1867 2517 ἐπιδῷ

269 2536 441 2605 γάμῳ,
474 2535 742 2638 ὑϐρίσασα
763 2543 856 2592 τήν
889 2540 982 2587 τοῦ
1011 2540 1138 2588 Θεοῦ
1165 2537 1345 2608 χάριν,
1377 2536 1407 2593 ἡ
1445 2541 1653 2593 τοιαύτη
1687 2537 1867 2590 ἀναθεο

269 2627 570 2696 ματίζεσθῶ
598 2627 730 2698 μετὰ
749 2631 842 2681 τοῦ
881 2627 1010 2698 αὐτῇ
1041 2629 1392 2702 συναφθέντος.

334 2799 462 2876 ρέδ⁹.
509 2802 756 2875 Παρθένον
800 2803 1079 2860 ἀναθεῖσαν
1120 2805 1303 2865 ἑαυτήν
1339 2813 1413 2878 τῷ
1455 2805 1682 2880 δεσπότῃ
1735 2817 1870 2883 Θεῷ,

263 2893 528 2954 ὦσαύτως-
553 2891 608 2948 δέ
641 2898 723 2948 καί
749 2896 1090 2965 μονάζοντας,
1129 2901 1200 2968 μὴ
1229 2899 1415 2962 έξεῐναι
1438 2900 1589 2971 γάμῳ
1624 2919 1877 2969 προσομι-

263 2987 397 3044 λεῖν⁹
430 2991 476 3042 εἰ
502 2986 560 3043 δέ
581 3008 638 3061 γε
671 2989 915 3063 εὑρεθεῖεν
948 2996 1103 3045 τοῦτο
1130 2996 1395 3049 ποιοῦντες
1415 3029 1429 3054 ,
1472 2988 1708 3045 ἴστωσαν
1734 2992 1875 3044 ἀκοιο

261 3078 499 3136 νῶνητοιο
525 3080 782 3155 ὦρίσαμεν
800 3077 852 3134 δί
875 3078 1021 3148 ἴχιιν
1047 3085 1136 3139 τήν
1161 3081 1457 3134 αὐθέντιιαν
1480 3089 1572 3141 τῆς
1601 3078 1680 3136 ἐπ’
1703 3081 1878 3141 αὐτοῖς

270 3169 652 3246 φιλανθρωπίας
679 3173 767 3228 τόν
788 3175 920 3227 κατὰ
947 3173 1101 3228 τόπον
1131 3174 1423 3227 ἐπίσκοπον.

338 3264 460 3337 ρξε’.
484 3264 591 3324 Τὰς
617 3263 724 3318 καθ’
751 3263 976 3321 ἑκάστην
1005 3262 1266 3319 ἐκκλησίαν
1306 3261 1613 3338 [ἓπαρχίαν]
1647 3264 1874 3339 ἀγροικι-

262 3351 656 3436 κεὶςισταροικίας
683 3351 715 3412 ἦ
741 3354 1035 3427 έγχωρίους
1053 3395 1068 3420 ,
1101 3353 1264 3422 μένειν
1295 3355 1749 3427 άπαρασαλεύτους
1770 3375 1875 3409 πα-

263 3441 342 3516 ρὰ
375 3449 485 3502 τοῖς
508 3444 832 3512 κατέχουσιν
873 3444 1035 3503 αὐτὰς
1064 3444 1368 3503 έπεσκόποις
1391 3482 1407 3509 ,
1449 3448 1535 3500 καὶ
1571 3445 1792 3514 μάλιστα
1830 3447 1877 3499 εέ

264 3543 634 3608 τριακονταετῆ
689 3535 876 3608 χρόνον
917 3537 1118 3596 ταύτας
1165 3534 1435 3597 ἀϐιᾶστως
1487 3535 1876 3607 διακατέχοντες

266 3627 621 3700 ᾠκονόμησαν.
649 3628 710 3681 εἰ
731 3624 786 3681 δέ
827 3627 971 3687 ἐντὸς
1007 3633 1110 3683 τῶν
1149 3628 1424 3700 τριάκοντα
1459 3629 1586 3682 ἐτῶν
1612 3631 1876 3701 γεγένηταί

262 3739 369 3786 τις,
399 3718 430 3777 ἢ
466 3719 660 3792 γένοιτο
692 3717 961 3790 [ἔνιαυτῶν
990 3719 1180 3792 έγένετό
1201 3739 1283 3779 τις
1310 3718 1340 3778 ἦ
1371 3717 1597 3792 γένηται]
1639 3723 1760 3795 περί
1782 3722 1876 3775 αὖ·

263 3817 367 3865 τῶν
392 3810 802 3882 ἀμφισϐήτησις,
827 3812 1015 3875 έξείναι
1046 3818 1153 3870 τοῖς
1180 3810 1410 3884 λέγουσιν
1436 3810 1724 3879 ἠδικῆσθαι,
1754 3815 1877 3890 περὶ

267 3898 451 3975 [ὑπέρ]
476 3903 673 3957 τούτων
701 3909 850 3955 κινεῖν
884 3901 1055 3972 ἀγῶνα
1081 3901 1228 3977 παρά
1255 3908 1319 3974 τῇ
1357 3900 1552 3973 συνόδῳ
1579 3911 1673 3964 τῆς
1713 3902 1876 3978 έπαρ-

268 3996 421 4066 χίας.
441 3996 500 4049 Εἰ
521 3993 575 4050 δέ
605 4016 688 4056 τις
716 3993 944 4051 ἀδικοῖτο
970 3996 1113 4071 παρὰ
1136 4000 1225 4050 τοῦ
1247 3991 1378 4050 ίδΞου
1409 3994 1693 4052 έπισκόπου
1717 3995 1747 4056 ἦ
1779 4019 1876 4068 μηο

266 4085 620 4160 τροπολίτου,
680 4087 826 4162 παρὰ
871 4091 945 4154 τῷ
985 4085 1194 4159 έξάρχῳ
1244 4092 1337 4144 τῆς
1381 4082 1712 4152 διοικήσεως,
1742 4087 1773 4146 ἦ
1801 4093 1875 4157 τῷ

271 4177 864 4238 Κωνσταντινουπόλεως
908 4176 1066 4248 θρόνῳ
1105 4175 1407 4241 δικαζέστω,
1456 4177 1585 4232 καθὰ
1631 4173 1875 4250 [καθὼς]

268 4272 587 4347 προείρηται.
619 4273 678 4324 Εἰ
701 4267 764 4323 δέ
787 4269 870 4323 καί
888 4289 968 4328 τις
993 4269 1046 4322 ἐκ
1069 4267 1332 4341 βασιλικῆς
1361 4268 1596 4337 ἔξουσίας
1625 4267 1876 4328 έκαινίσθη

268 4362 418 4423 πόλις
453 4361 483 4420 ἧ
513 4357 656 4421 αὖθις
692 4362 990 4429 καινισθείη,
1032 4368 1141 4420 τοῖς
1181 4361 1456 4421 πολιτικοῖς
1481 4362 1564 4414 καί
1604 4357 1874 4431 δημοσίοις

265 4454 454 4512 τύποις
479 4455 573 4507 καί
587 4459 688 4507 τῶν
711 4451 1136 4510 ἔκκλησιαοτικῶν
1157 4459 1434 4528 παροικιῶν
1452 4453 1483 4510 ἠ
1503 4451 1645 4518 τάξις
1665 4449 1876 4506 ἀκολου·

266 4543 442 4598 θείτω.

339 4634 473 4712 ρζςί.
505 4636 574 4690 Τό
602 4642 696 4695 τῆς
738 4637 1064 4704 συνωμοσίας
1109 4633 1139 4694 ἦ
1176 4635 1426 4712 φρατρίας
1471 4632 1703 4705 ἔγκλημα
1725 4671 1741 4698 ,
1789 4635 1874 4688 καί

266 4729 417 4805 παρὰ
445 4734 546 4780 τῶν
565 4724 672 4806 ’ἔξω
697 4727 862 4800 νόμων
901 4729 1066 4786 πάντη
1091 4728 1390 4792 κεκώλυται,
1415 4726 1582 4797 πολλῷ
1603 4724 1665 4785 δή
1686 4725 1876 4796 μᾶλλον

267 4820 321 4876 έν
365 4828 434 4896 τῇ
479 4827 570 4874 τοῦ
617 4826 748 4875 θεοῦ
789 4821 1023 4892 ἔκκλησίᾳ
1065 4827 1220 4875 τοῦτο
1271 4820 1495 4892 γίνεσθαι
1542 4817 1876 4893 ἀπαγορεύειν

270 4918 545 4990 προσήκει.
576 4911 640 4966 Εῗ
651 4933 782 4972 τινες
806 4913 971 4968 τοίνυν
995 4913 1214 4989 κληρικοί
1234 4909 1264 4970 ἦ
1289 4913 1588 4982 μονάζοντες
1607 4911 1876 4983 εὑρεθεῖεν,

268 5004 302 5064 ὃ
329 5005 702 5076 συνομνύμενοι
727 5004 758 5063 ἧ
789 5006 1208 5081 φρατριάζοντες,
1231 5003 1262 5063 ἧ
1287 5005 1608 5063 κατασκευάς
1627 5003 1872 5078 τυρεύον·

269 5119 360 5159 τες
385 5097 688 5158 ἐπισκόποις
711 5097 742 5158 ἦ
762 5099 1116 5175 συγκληρικοῖς
1132 5136 1148 5164 ,
1185 5097 1568 5153 ἔκπιπτέτωσαν
1597 5098 1762 5156 πάντη
1783 5101 1874 5153 τοῦ

260 5191 451 5247 οἰκείου
481 5193 704 5264 βαθμοῦ.
1022 5203 1028 5207 ’
1461 5249 1467 5253 .

339 5282 466 5361 pg.
487 5281 662 5338 ’Ἦλθεν
685 5284 755 5345 εἰς
778 5285 928 5354 ἡμετέ
933 5305 1027 5361 ρας
1054 5283 1234 5348 ἀκοάς,
1258 5283 1326 5343 ὡς
1354 5283 1404 5337 έν
1427 5291 1543 5343 ταῖς
1571 5283 1872 5358 έπαρχίαις,

264 5379 323 5435 αἱ
356 5379 772 5449 κεκανονισμέναι
809 5377 1013 5434 συνόδοι
1056 5383 1156 5433 τῶν
1199 5377 1490 5432 έπισκόπων
1531 5377 1587 5430 οὐ
1617 5380 1874 5449 γίνονται,

263 5473 351 5524 καί
381 5471 437 5523 ἐκ
456 5471 645 5525 τούτου
673 5468 831 5524 πολλά
868 5468 1247 5545 παραμελεῖται
1277 5475 1376 5523 τῶν
1417 5467 1735 5543 διορθώσεως
1770 5466 1884 5529 δεο-

259 5564 426 5633 μένων
469 5561 897 5621 έκκλησιαστικῶν
925 5559 1263 5633 πραγμάτων*
1303 5557 1455 5631 ὥρισε
1491 5558 1660 5612 τοίνυν
1694 5559 1725 5615 ἡ
1756 5556 1881 5630 ἆγία

256 5651 484 5714 σύνοδος
511 5654 643 5706 κατά
673 5654 798 5712 τοὺς
823 5658 925 5705 τῶν
950 5651 1103 5724 ἁγίων
1148 5649 1400 5722 πατέρων·
1414 5647 1617 5710 κανόνας
1634 5692 1650 5718 ,
1681 5647 1760 5711 δὶς
1787 5655 1878 5702 τοῦ

255 5748 502 5802 ἐνιαυτοῦ
538 5746 623 5800 ἐπί
653 5745 712 5800 τό
737 5744 864 5798 αὐτὸ
894 5743 1198 5818 συντρέχειν
1235 5739 1338 5796 καθ’
1370 5741 1594 5799 ἑκάστην
1618 5742 1880 5815 ἐπαρχίαν

266 5847 393 5903 τοὺς
427 5835 781 5908 ἐπισκόπους,
829 5831 950 5891 ἔνθα
988 5829 1046 5890 ἂν
1087 5831 1113 5890 ό
1151 5841 1239 5896 τῆς
1282 5831 1640 5912 μητροπόλεως
1669 5831 1874 5888 iniam-

1894 4553 1950 4615 D

1973 1891 2214 1945 converti
2237 1891 2536 1960 promittat.
2561 1892 2754 1961 Siquis
2774 1901 2954 1947 autem
2980 1895 3119 1951 hanc
3146 1908 3346 1953 sanctae
3369 1901 3566 1972 synodi

1972 1978 2339 2035 deﬁnitionem
2368 1989 2735 2051 transgressus
2747 1981 2926 2050 fuerit,
2941 1986 3213 2041 canonica:
3237 1989 3566 2046 correctioni

1972 2071 2309 2136 subjiciatur.

2045 2157 2267 2216 CXCIII.
2300 2193 2371 2203 ——
2402 2160 2486 2216 I5.
2520 2162 2891 2219 Diaconissam
2947 2168 3228 2222 mulierem
3273 2176 3400 2223 ante
3428 2185 3564 2239 qua-

1969 2257 2338 2328 dragesimum
2366 2276 2561 2314 annum
2592 2277 2699 2316 non
2731 2264 2986 2330 ordinari,
3018 2274 3073 2318 et
3101 2280 3222 2319 eam
3252 2281 3372 2320 cum
3402 2283 3568 2321 accu-

1974 2357 2093 2406 rata
2122 2352 2463 2421 probatione.
2515 2353 2572 2407 Si
2599 2370 2726 2409 vero
2765 2365 2986 2426 accepta
3033 2372 3286 2412 manuum
3340 2360 3568 2429 imposi-
3665 2389 3680 2399 ι

1975 2442 2123 2497 tione
2147 2443 2423 2511 aliquanto
2453 2451 2698 2514 tempore
2747 2446 2797 2499 in
2839 2447 3140 2503 ministerio
3181 2454 3563 2521 permanserit,

1976 2540 2033 2588 et
2059 2541 2246 2603 postea
2278 2534 2512 2604 scipsam
2544 2537 2742 2604 nuptiis
2778 2537 3077 2600 tradiderit,
3127 2539 3219 2594 Dei
3249 2543 3435 2609 gratiae
3481 2544 3567 2597 in-

1972 2623 2170 2693 juriam
2194 2622 2416 2688 faciens,
2461 2625 2551 2678 illa
2580 2625 3082 2691 anathematizelur,
3133 2643 3257 2683 cum
3287 2646 3354 2685 eo
3383 2632 3473 2700 qui
3515 2633 3568 2689 ei

1978 2717 2296 2786 conjunclus
2325 2724 2429 2772 est.

2048 2805 2276 2860 CXCIV.
2303 2837 2376 2847 —
2404 2806 2491 2860 I6.
2522 2807 2796 2876 Virginem
2824 2823 2945 2877 quat
2972 2824 3033 2864 se
3055 2809 3169 2865 Deo
3199 2810 3426 2867 Domino
3457 2815 3558 2871 de-

1977 2895 2197 2963 dicavit,
2229 2897 2481 2952 similiter
2508 2906 2564 2951 et
2591 2899 2907 2961 monachos,
2933 2915 3039 2953 non
3071 2899 3234 2956 licere
3276 2905 3562 2959 matrimo-

1979 2989 2072 3043 nio
2100 2987 2374 3057 conjungi.
2401 2988 2457 3042 Si
2478 3003 2611 3043 vero
2635 2988 2741 3044 hoc
2765 2989 2960 3046 fecisse
2988 2993 3192 3046 inventi
3218 2992 3436 3060 fuerint,
3466 3011 3564 3052 ex—

1983 3081 2471 3135 communicentur.
2523 3079 2820 3136 Statuimus
2861 3098 3012 3146 vero,
3062 3086 3440 3142 auctoritatem
3469 3089 3568 3145 ha-

1899 3187 1948 3252 c
1985 3171 2114 3227 bere
2141 3171 2246 3225 loci
2274 3171 2586 3242 episcopum
2614 3172 2678 3226 iis
2707 3172 3098 3228 humanitatem
3131 3176 3330 3244 largiri.

2049 3261 2250 3319 CXCV.
2282 3295 2357 3307 -—
2393 3263 2479 3316 I7.
2528 3262 2659 3330 Quae
2701 3272 2828 3319 sunt
2873 3265 2928 3319 in
2976 3282 3298 3337 unaquaque
3336 3272 3567 3327 ecclesia

1977 3354 2182 3409 rurales
2211 3353 2476 3424 partecias
2495 3362 2588 3408 aut
2615 3355 2940 3423 regionales,
2971 3373 3190 3413 manere
3219 3359 3568 3418 inconcussas

1978 3446 2122 3517 apud
2152 3461 2247 3500 eos
2293 3446 2386 3516 qui
2429 3446 2550 3503 illas
2593 3455 2781 3501 tenent
2809 3448 3134 3519 episcopos:
3176 3460 3231 3506 et
3258 3454 3493 3509 maxime
3519 3456 3569 3511 si

1976 3553 2077 3610 per
2103 3538 2319 3606 triginta
2357 3553 2528 3593 annos
2569 3552 2665 3593 eas
2701 3539 2816 3593 sine
2857 3541 2909 3593 vi
2955 3540 3282 3611 detinentes,
3331 3544 3564 3601 admini-

1976 3631 2286 3686 straverint.
2318 3627 2376 3684 Si
2403 3637 2582 3684 autem
2610 3630 2749 3683 intra
2781 3631 3036 3698 tringinta
3063 3648 3235 3688 annos
3257 3632 3356 3687 fuit
3383 3636 3564 3705 aliqua

1976 3721 2063 3776 vel
2089 3720 2253 3776 fuerit
2277 3721 2346 3775 de
2374 3721 2439 3775 iis
2466 3720 2858 3786 controversia,
2900 3721 3066 3776 licere
3093 3723 3173 3776 eis
3199 3724 3294 3792 qui
3321 3740 3383 3778 se
3409 3726 3567 3782 laesos

1977 3814 2187 3883 dicunt,
2215 3813 2284 3870 de
2304 3813 2369 3868 iis
2388 3813 2538 3868 litem
2559 3827 2778 3869 movere
2800 3813 2942 3882 apud
2962 3813 3224 3884 synodum
3247 3817 3564 3884 provinciae.

1977 3909 2035 3966 Si
2060 3910 2182 3979 quis
2209 3917 2389 3965 autem
2418 3923 2449 3963 a
2478 3924 2578 3966 suo
2607 3909 2868 3980 episcopo
2906 3910 2992 3966 vel
3035 3912 3458 3983 metropolitano
3489 3914 3565 3969 in-

1971 4000 2114 4071 juria
2138 3999 2423 4068 afﬁciatur,
2453 4003 2593 4070 apud
2624 3999 2936 4066 exarchum,
2961 4015 3020 4055 se
3053 4002 3336 4070 primatem
3364 4003 3570 4059 dicace-

1974 4107 2122 4158 seos,
2150 4089 2238 4146 vel
2261 4089 2917 4159 Constantinopolitanam
2956 4090 3139 4145 sedem
3171 4090 3373 4160 litiget,
3423 4092 3572 4148 sicut

1973 4183 2226 4254 superius
2267 4181 2467 4238 dictum
2508 4188 2611 4236 est.
2653 4179 2711 4235 Si
2754 4194 2862 4248 qua
2888 4195 3020 4234 vero
3057 4180 3247 4234 civitas
3292 4189 3574 4249 potestate

1974 4274 2241 4346 imperiali
2267 4274 2520 4328 innovata
2548 4280 2652 4336 est,
2679 4271 2770 4325 vel
2806 4269 3066 4340 deinceps
3093 4269 3349 4325 innovata
3378 4269 3568 4338 fuerit,

1973 4365 2162 4424 civiles
2201 4371 2258 4420 et
2301 4362 2542 4435 publicas
2577 4360 2782 4416 formas
2822 4359 3312 4417 ecclesiasticarum
3341 4376 3573 4433 quoque

1975 4456 2335 4532 parteciarum
2359 4452 2496 4511 ordo
2524 4458 2911 4522 consequatur.

2043 4632 2270 4690 CXCVI.
2297 4663 2372 4676 —
2408 4628 2497 4685 I8.
2529 4627 2932 4699 Conjurationis
2967 4626 3055 4684 vel
3101 4627 3416 4686 sodalitatis
3448 4631 3564 4686 cri-

1973 4741 2099 4783 men
2127 4723 2367 4781 externis
2393 4721 2560 4777 etiam
2587 4719 3046 4789 legibus-omnino
3074 4719 3406 4790 prohibitum
3435 4729 3519 4777 est
3544 4738 3568 4775 τ

1973 4817 2146 4872 multo
2173 4814 2345 4883 magis
2365 4812 2420 4867 in
2440 4811 2682 4868 Ecclesia
2707 4810 2803 4865 Dei
2829 4810 2935 4866 hoc
2957 4808 3074 4865 ﬁeri
3095 4810 3383 4880 prohibere
3404 4826 3564 4881 opor-

1976 4915 2074 4965 tet.
2119 4906 2176 4964 Si
2201 4908 2296 4978 qui
2323 4918 2454 4974 ergo
2483 4902 2668 4960 clerici
2694 4901 2782 4957 vel
2809 4901 3062 4957 monachi
3101 4901 3305 4958 inventi
3344 4902 3566 4966 fuerint,

1979 5000 2068 5055 vel
2097 4999 2473 5068 conjurantes,
2495 4995 2584 5051 vel
2623 4993 2946 5050 sodalitates
2990 4993 3272 5059 facientes,
3313 4993 3400 5047 vel
3428 4993 3564 5048 insi.-

1981 5090 2098 5146 dias
2123 5097 2395 5145 struentes
2413 5084 2706 5157 episcopis,
2727 5091 2824 5139 aut
2838 5082 3168 5149 conclericis,
3195 5081 3415 5152 proprio
3437 5097 3567 5152 gra-

1982 5181 2055 5236 du
2083 5181 2306 5236 omnino
2333 5178 2602 5234 excidant.

2055 5267 2308 5325 CXCVII.
2335 5299 2408 5310 -—
2436 5266 2525 5322 I9.
2552 5264 2804 5322 Pervenit
2849 5263 2918 5318 ad
2961 5277 3120 5318 aures
3162 5271 3394 5330 nostras,
3426 5265 3571 5333 quod

1988 5364 2044 5419 in
2073 5360 2388 5433 provinciis,
2419 5359 2717 5415 canonibus
2737 5354 3045 5412 constituta:
3066 5353 3258 5425 synodi
3287 5355 3578 5427 episcopo-

1982 5471 2102 5512 rum
2131 5454 2354 5510 minime
2381 5452 2740 5513 celebrentur,
2790 5457 2847 5503 ct
2891 5463 2961 5502 ex
3004 5462 3072 5503 eo
3101 5443 3269 5504 multa
3297 5450 3568 5505 ecclesia-

1983 5549 2140 5615 stica,
2169 5562 2292 5617 quae
2319 5544 2655 5601 correctione
2681 5541 2941 5608 indigent,
2972 5539 3326 5608 negligantur.
3369 5542 3574 5599 Statuit

1986 5646 2170 5696 sancta
2199 5635 2457 5706 synodus,
2490 5631 2790 5688 secundum
2820 5640 3128 5688 sanctorum
3153 5629 3374 5686 Patrum
3402 5645 3574 5687 cano-

1984 5749 2102 5798 nes,
2153 5731 2236 5786 bis
2265 5730 2318 5784 in
2351 5743 2496 5782 anno
2529 5726 2583 5781 in
2623 5741 2787 5798 unum
2817 5726 3112 5781 convenire
3151 5722 3574 5794 uniuscujusque

1982 5824 2276 5898 provincigc
2308 5822 2614 5895 episcopos,
2662 5818 2753 5878 ubi
2791 5818 3246 5901 metropolitame
3282 5819 3574 5892 episcopus
