4012 6478
205 291 308 344 157

1207 279 1426 341 CODEX
1464 282 1787 341 CANONUM
1829 278 2515 337 ECCLESIASTICORUM.

3379 279 3486 334 138

221 412 280 452 ἐ
314 405 543 459 Dextera
558 407 759 476 protegi
777 406 864 459 diu
876 403 1046 457 divina
1065 400 1216 455 Petro
1229 404 1503 455 comitante
1518 401 1798 468 Pauloque.
1833 405 1884 461 Α
1980 393 2246 448 Hactenus
2271 391 2521 446 Hadriani
2551 390 2796 460 epistola,
2823 402 2880 446 ut
2907 407 2974 448 ex
3003 389 3268 461 corruptis
3291 406 3477 447 exenh

222 499 282 544 π
314 495 655 565 nemp/tamin
685 497 913 550 victoria:
941 495 1215 559 donantes,
1245 502 1395 562 alque
1431 507 1524 560 pro
1566 500 1613 543 te
1651 489 1803 542 dimi-

1425 587 1622 642 cantes,

222 692 282 711 --
310 673 519 730 )l'azsus
543 693 658 729 cum
689 677 786 728 tuis
817 675 976 728 victor
1003 669 1253 735 manebis,
1283 683 1462 737 nempe
1491 683 1580 737 per
1609 667 1749 735 ipsos

223 761 282 805 ’δ’
313 765 525 817 Aditum
555 774 732 835 petunt
759 764 899 816 urbis
927 757 1108 830 Papiae
1133 769 1180 813 te
1209 758 1410 828 ingredi
1433 758 1692 810 victorem.

223 851 284 896 2
317 851 462 922 Νε[α
485 853 675 921 perﬁdi
703 853 838 922 regis
861 848 1088 903 calcabis
1112 846 1370 900 Desiderii
1398 844 1556 910 colla,

225 943 284 984 4η
327 942 471 995 Vires
494 942 606 1010 ejus
633 947 965 1008 prosternens
994 953 1190 1006 merges
1216 935 1424 988 baratre
1450 932 1717 1004 profundi.

225 1051 285 1090 ω
315 1035 505 1102 Septus
534 1029 994 1102 Langobardorum
1020 1043 1198 1098 regno,
1230 1041 1413 1078 munus
1449 1023 1633 1077 reddes
1662 1033 1801 1076 tuum

228 1135 284 1171 τ
320 1126 562 1179 Pollicita
587 1137 740 1176 sacra
767 1121 905 1174 dona
933 1118 1177 1187 clavigeri
1205 1116 1340 1170 aula:
1371 1114 1536 1181 Petri,
1563 1121 1586 1175 ἰ,

227 1219 284 1261 >
315 1214 550 1282 Amplius
577 1211 778 1264 donans
803 1207 891 1265 tibi
914 1207 1200 1270 victoriam,
1225 1204 1479 1276 simulque
1499 1203 1744 1258 honorem

229 1310 288 1350 ὐ
325 1307 424 1357 Per
444 1304 602 1356 stecla
625 1315 844 1372 regnare
861 1314 974 1350 cum
995 1298 1096 1350 tuis
1117 1297 1218 1361 hic,
1247 1297 1303 1349 in
1326 1297 1596 1365 futuraque
1617 1291 1800 1347 soboli.

230 1399 287 1444 ἴεν
319 1395 359 1446 Α
393 1395 505 1462 lege
527 1406 790 1460 nunquam
814 1386 1038 1452 discede,
1062 1386 1169 1440 haec
1197 1384 1478 1440 observans
1495 1391 1710 1438 statuta.

1907 483 2141 554 plaribus
2169 483 2286 538 elici
2317 483 2506 551 potuit.
2545 481 2700 548 Quod
2729 497 2856 537 vero
2901 482 2966 536 ad
3007 491 3218 552 tempus
3264 483 3476 550 attinet,

1906 590 2026 630 cum
2054 575 2276 630 Carolus
2305 584 2384 629 ter
2412 574 2465 628 in
2494 573 2690 630 Urbem
2718 573 2988 629 Hadriano
3009 574 3295 645 superstite
3322 590 3477 629 vene-

1907 668 1994 732 rit,
2024 682 2164 720 anno
2195 665 2442 720 nimirum
2467 665 2592 732 774,
2621 682 2742 721 cum
2767 665 2984 736 Papiam
3014 666 3306 731 obsideret,
3337 681 3479 721 anno

1904 757 2099 812 iterum
2130 756 2252 820 781,
2284 772 2406 811 cum
2427 756 2542 825 ejus
2572 756 2662 810 lilii
2692 755 2908 810 Pivinus
2939 755 3120 822 italiae,
3173 754 3480 811 Ludovicus

1905 828 2204 913 Aquitaniae
2246 858 2400 913 reges
2429 845 2494 898 ab
2525 843 2791 898 lladriauo
2820 843 3022 898 inuucti
3045 853 3190 912 sunt,
3223 859 3365 899 anno
3389 844 3482 899 de~

1907 937 2067 1006 niquc
2099 936 2223 1003 787,
2267 951 2388 991 cum
2417 935 2541 992 inde
2579 934 2817 1004 Capuam
2842 949 3076 1004 quoque,
3105 951 3169 991 ac
3199 935 3480 989 Beneven-

1906 1034 2018 1080 tum
2046 1027 2300 1080 advcrsus
2321 1023 2688 1090 Grimoaldum
2713 1025 2903 1080 ducem
2925 1025 3195 1094 profectus
3215 1032 3300 1080 est
3323 1043 3335 1078 :
3361 1039 3480 1088 nos,

1910 1119 2121 1174 tametsi
2147 1134 2234 1174 res
2272 1119 2474 1174 incerta
2505 1126 2607 1184 est,
2639 1117 2878 1174 codicem
2908 1116 3158 1172 lladriani
3183 1117 3250 1171 ad
3271 1125 3482 1186 postre—

1906 1225 2048 1264 mam
2065 1209 2240 1279 potius
2268 1207 2651 1277 profectionem
2672 1205 3010 1262 referendum
3032 1205 3297 1271 duximus,
3321 1219 3483 1274 quam

1905 1298 2048 1366 quod
2076 1297 2191 1351 aliis
2213 1296 2413 1365 placuit
2440 1295 2508 1352 ad
2537 1295 2784 1365 primam,
2813 1294 2900 1350 cui
2927 1295 3116 1362 multa,
3145 1309 3265 1364 qua:
3294 1294 3348 1348 in
3369 1293 3483 1362 ejus

1909 1386 2133 1458 epistola
2162 1387 2430 1455 leguntur,
2461 1386 2750 1442 convenire
2777 1386 2866 1440 vix
2891 1386 3118 1456 possint.

251 1525 3485 1551 Mm

1615 1634 2106 1706 LECTORI.

1749 1741 2014 1758 m

286 1835 542 1891 Codicem
571 1847 667 1887 seu
697 1830 1081 1887 Collectionem
1110 1845 1376 1886 canonum
1405 1829 1800 1886 ecclesiastico-
1836 1835 1876 1895 Β
1904 1829 2038 1885 Illud
2062 1837 2242 1884 tamen
2269 1825 2471 1898 liquido
2509 1807 2742 1895 constat,
2775 1829 3008 1885 concilio
3036 1831 3483 1890 Cbalcedonense

215 1945 342 1985 rum
371 1927 610 1996 Dionysii
643 1924 852 1992 Esigui,
878 1923 1030 1992 cujus
1051 1922 1209 1977 index
1235 1930 1441 2002 tantum
1463 1938 1530 1978 ex
1558 1923 1680 1979 cod.
1705 1940 1804 1979 ms.

211 2018 568 2073 eruditissimi
598 2017 699 2070 viri
729 2017 840 2071 Nic.
889 2015 1046 2069 Fabri
1076 2031 1164 2069 an.
1196 2013 1333 2069 1609
1365 2014 1596 2086 primum
1636 2015 1812 2071 editus

211 2118 324 2172 est,
353 2108 622 2174 integrum
649 2121 793 2160 nime
821 2105 916 2160 tibi
943 2105 1136 2159 damus
1155 2119 1222 2159 ex
1246 2104 1350 2158 alio
1362 2105 1532 2159 veteri
1559 2105 1678 2160 cod.
1703 2121 1806 2159 ms.

213 2197 566 2254 bibliotheca:
593 2196 662 2250 cl.
695 2211 745 2249 v.
774 2193 1148 2263 Chriswphori
1172 2193 1400 2258 Justelli,
1432 2193 1670 2248 omnium
1693 2209 1812 2263 qua:

216 2291 412 2344 Latine
438 2294 680 2354 exstant,
705 2285 836 2354 juris
861 2286 1110 2340 canonici
1155 2283 1585 2353 antiquissimum
1616 2299 1810 2340 monu-

213 2389 461 2434 mentum
493 2397 507 2430 :
537 2376 684 2446 quod
724 2375 940 2444 quidem
970 2377 1037 2428 ab
1068 2375 1170 2428 hoc
1210 2374 1356 2428 fonte
1398 2372 1649 2428 haustum
1690 2388 1811 2428 esse

212 2470 421 2524 nemini
469 2469 690 2523 dubium
722 2474 822 2521 est.
863 2465 1118 2519 Continet
1165 2472 1345 2518 autem
1401 2463 1515 2519 haec
1561 2463 1812 2518 collectio

211 2561 441 2617 eosdem
475 2557 588 2612 fere
615 2555 967 2612 conciliorum
1000 2565 1236 2609 canones
1280 2566 1418 2622 quos
1458 2550 1678 2619 Graecus
1709 2551 1811 2606 Ec-

210 2652 399 2705 clesiae
429 2649 697 2702 cubret-sae
725 2644 1011 2709 Codex,ab
1035 2644 1224 2700 eodem
1251 2641 1480 2698 Justello
1511 2657 1654 2697 anno
1675 2641 1813 2696 1610

215 2739 432 2803 editus;
465 2751 708 2796 canones
731 2741 995 2804 prmterea
1025 2733 1117 2802 qui
1139 2732 1387 2788 dicuntur
1429 2731 1812 2802 Apostolorum

214 2827 638 2898 quinquaginta,
661 2823 995 2878 Sardicensis
1023 2823 1187 2878 etiam
1211 2821 1300 2888 2|,
1332 2829 1387 2876 et
1414 2821 1810 2889 Africanarum,

214 2920 336 2972 sive
364 2911 874 2984 Carthaginensium
911 2911 1240 2981 synodorum
1270 2909 1502 2979 capitula
1534 2907 1634 2963 158
1664 2923 1816 2965 com-

218 3007 499 3075 plt‘Clilur.
521 3003 692 3072 Hujus
709 3018 814 3057 non
831 3001 1059 3057 obscure
1076 3000 1321 3055 meminit
1333 2998 1649 3054 Hincmarus
1670 2998 1815 3055 Rhe-

217 3097 429 3152 mensis
477 3094 914 3162 archiepiscopus
944 3092 996 3146 in
1025 3106 1212 3162 opusc.
1253 3091 1321 3146 55
1359 3091 1577 3162 capitul.
1618 3093 1813 3147 adver-

1914 1922 2271 1991 antiquiorem
2298 1919 2484 1986 fuisse,
2533 1920 2586 1974 in
2615 1919 2767 1989 cujus
2810 1921 3021 1977 actione
3048 1921 3100 1987 4,
3133 1925 3192 1979 11
3224 1934 3280 1980 et
3306 1925 3390 1990 15,
3418 1942 3486 1985 ex

1914 2011 2029 2080 ipsa
2053 2017 2178 2065 ante
2203 2011 2314 2078 jam
2358 2009 2498 2063 facta
2543 2009 2881 2075 collectione,
2924 2014 3195 2067 communi
3225 2015 3487 2083 majorum

1913 2101 2235 2156 auctoritate
2283 2101 2529 2169 probata,
2578 2101 2816 2170 quinque
2857 2117 3125 2171 canones,
3154 2105 3186 2156 4
3217 2105 3487 2175 videlicet,

1912 2188 2002 2253 8'5,
2035 2188 2125 2256 84,
2155 2187 2226 2244 95
2247 2197 2302 2244 et
2322 2188 2408 2254 96,
2433 2189 2526 2259 qui
2553 2188 2587 2242 4
2618 2190 2834 2257 Nicmni,
2862 2200 2918 2247 et
2939 2191 2996 2259 4,
3025 2193 3080 2259 5,
3114 2195 3180 2247 16
3207 2205 3262 2250 et
3286 2195 3348 2249 17
3375 2198 3489 2252 An-

1915 2265 2152 2336 tiocheui
2180 2281 2392 2336 concilii
2436 2296 2557 2336 esse
2598 2284 2962 2352 reperiuntur,
3005 2285 3175 2342 lectos
3204 2302 3270 2343 ac
3295 2289 3491 2346 citatos

1912 2370 2080 2426 fuisse
2119 2379 2456 2440 compertum
2485 2381 2588 2428 est.
2620 2371 2723 2440 Qui
2745 2374 2962 2443 quidem
2991 2391 3248 2445 canones,
3297 2381 3491 2436 eodem

1914 2462 2121 2526 ordine,
2153 2471 2316 2530 atque
2340 2463 2668 2532 continuata,
2691 2480 2792 2520 nec
2819 2467 3117 2538 interrupta
3149 2486 3492 2533 numerorum

1915 2548 2057 2603 serie
2109 2549 2291 2620 (quam
2337 2558 2553 2606 veteres
2591 2553 3034 2621 consequentiam
3063 2557 3362 2624 regularem
3393 2576 3491 2614 vo—

1916 2640 2086 2708 cant),
2116 2645 2334 2695 exstant
2362 2641 2416 2695 in
2447 2640 2648 2696 Codice
2694 2641 2882 2698 Grmco
2925 2659 3189 2700 canonum
3241 2647 3491 2706 Ecclesia!

1917 2729 2198 2794 universae,
2241 2737 2296 2784 et
2336 2729 2390 2784 in
2434 2730 2536 2786 hac
2564 2729 2751 2786 Latina
2802 2733 3040 2805 Dionysii
3081 2734 3274 2805 .Exigui
3322 2740 3494 2796 colle-

1915 2819 2116 2874 ctione.
2150 2819 2257 2875 Scd
2294 2828 2349 2875 et
2392 2829 2517 2876 ante
2546 2820 2873 2890 Ephesinum
2913 2825 3221 2894 concilium,
3249 2828 3490 2886 Grazcam
3579 2863 3587 2871 -

1915 2911 2060 2966 illam
2081 2912 2453 2967 collectionem
2484 2911 2679 2968 factam
2716 2913 2898 2980 fuisse,
2923 2929 2992 2970 ex
3017 2917 3242 2987 epistola
3289 2935 3319 2974 a
3361 2920 3493 2978 Dio-

1915 3004 2068 3074 nysio
2096 3004 2210 3073 ipso
2245 3003 2370 3059 huic
2399 3004 2569 3060 codici
2596 3005 2845 3074 praeﬁxa,
2875 3007 3090 3076 planum
3119 3017 3200 3064 est
3231 3028 3245 3063 :
3278 3002 3382 3082 qua
3411 3015 3494 3068 vi-

1914 3091 2108 3146 delicet
2133 3104 2368 3146 canones
2393 3105 2423 3145 a
2452 3091 2666 3146 Nicaino
2688 3093 3007 3162 ueterisque
3043 3100 3495 3166 consequentibus

218 3204 314 3241 sus
366 3186 712 3239 Ilincmarum
744 3183 1150 3238 Laudunensem
1178 3182 1512 3252 episcopum,
1549 3197 1684 3252 “cap.
1719 3181 1808 3246 b5,
1839 3188 1885 3250 ο
1916 3179 2178 3247 conciliis,
2212 3194 2332 3248 qua:
2356 3187 2481 3234 ante
2510 3179 2637 3234 illud
2675 3180 2762 3235 vel
2809 3183 3150 3251 postmodum
3179 3185 3322 3242 facta
3346 3199 3496 3254 sunt,

219 3279 307 3333 his
329 3278 511 3332 verbis
552 3293 564 3328 :
611 3272 710 3338 Qui
745 3285 866 3329 sunt
902 3274 999 3341 illi,
1035 3275 1224 3342 inquit,
1267 3291 1392 3345 quos
1437 3284 1486 3327 et
1525 3274 1810 3344 apostolica

221 3366 394 3432 sedes,
411 3375 463 3419 et
485 3381 660 3418 omnes
681 3366 906 3434 episcOpi
938 3380 1027 3434 per
1054 3365 1343 3418 universum
1366 3363 1555 3429 orbem,
1569 3370 1620 3418 et
1643 3366 1811 3418 omnis

226 3455 470 3509 Ecclesia
490 3456 598 3506 cat-'1
612 3453 748 3506 alica
764 3468 986 3506 canones
1014 3453 1278 3522 appellant
1297 3492 1312 3518 ,
1335 3455 1517 3524 quique
1534 3471 1566 3506 a
1594 3451 1814 3508 Nicwno

223 3546 474 3608 concilio,
503 3544 638 3614 quod
667 3545 892 3613 primum
935 3545 989 3597 in
1030 3544 1221 3598 nostris
1250 3543 1513 3598 codicibus
1532 3584 1546 3610 ,
1595 3559 1724 3615 quos
1749 3541 1813 3596 ab

227 3639 520 3708 apostolica
549 3636 670 3690 sede
698 3636 924 3708 majores
965 3637 1130 3689 nostri
1171 3644 1474 3704 acceperunt
1509 3634 1813 3706 sequendos,

230 3751 319 3800 per
339 3732 578 3787 ordinem
597 3746 754 3801 usque
775 3731 842 3782 ad
863 3731 1164 3799 Africanum
1192 3729 1467 3783 concilium
1484 3767 1498 3790 ,
1537 3745 1630 3797 pro
1659 3743 1818 3781 cano-

227 3823 382 3876 nibus
411 3821 738 3891 recipiendis,
771 3819 1072 3873 venerandis
1103 3827 1153 3872 et
1179 3819 1528 3882 observandis,
1561 3819 1819 3872 retinent?

225 3915 277 3970 ls
310 3929 443 3966 vero
465 3923 551 3968 est
577 3912 863 3982 Dionysius
889 3910 1125 3979 Exiguus
1147 3952 1163 3977 ,
1193 3913 1284 3980 qui
1305 3953 1319 3976 ,
1353 3913 1552 3966 omissa
1593 3912 1816 3982 profana

227 4017 499 4056 annorum
536 4001 908 4055 numeratione
934 4015 1031 4070 per
1058 4000 1408 4071 olympiades,
1432 4001 1517 4054 vel
1540 4000 1815 4066 consules,

228 4094 317 4147 vel
346 4092 692 4159 indictiones,
720 4091 926 4160 primus
966 4091 1032 4144 ab
1055 4090 1428 4147 lncarnatione
1459 4091 1655 4146 Christi
1682 4099 1820 4146 tem-

229 4198 370 4253 pora
407 4189 712 4250 pramotare
741 4181 926 4250 ccepit,
965 4191 1020 4235 et
1059 4180 1268 4250 cyclum
1297 4180 1604 4249 paschalem
1632 4178 1702 4233 95
1728 4195 1823 4235 an-

232 4287 432 4327 norum
475 4270 784 4340 descripsit,
825 4271 925 4324 sub
963 4270 1268 4336 consulatu,
1302 4286 1409 4324 non
1437 4269 1518 4326 Fl.
1550 4269 1819 4336 Mavortii,

229 4371 292 4416 ut
319 4361 512 4416 scribit
533 4361 802 4414 Marianas
831 4360 1024 4414 Scotus
1050 4361 1103 4412 in
1132 4359 1402 4416 Chronico
1425 4375 1551 4414 ann.
1579 4358 1704 4426 527,
1727 4362 1822 4416 sed

1920 3285 2087 3340 usque
2112 3268 2180 3325 ad
2211 3270 2495 3325 concilium
2525 3269 3176 3343 Constantinopolitanum
3205 3293 3242 3332 ιι
3262 3293 3496 3334 (ecume-

1918 3361 2126 3428 nicum,
2155 3361 2254 3416 sub
2282 3361 2400 3431 ipso
2426 3361 2614 3417 ordine
2653 3377 3022 3434 numerorum,
3064 3367 3117 3423 id
3155 3376 3239 3425 est
3262 3385 3293 3424 a
3321 3369 3496 3440 primo

1918 3451 2152 3521 capitulo
2173 3466 2341 3520 usque
2361 3451 2427 3505 ad
2447 3453 2797 3510 centesimum
2815 3457 3210 3525 sexagesimum
3228 3461 3496 3531 quintum,

1919 3541 2478 3623 enumerat..Quinam
2507 3550 2687 3597 autem
2727 3543 2834 3598 sint
2880 3545 2956 3601 illi
2986 3546 3092 3601 165
3116 3563 3373 3618 canones,
3415 3551 3494 3608 fa-

1920 3630 2024 3685 cile
2049 3637 2228 3684 estex
2266 3629 2618 3685 conciliorum
2655 3632 2846 3688 ordine
2888 3643 2944 3690 et
2987 3651 3253 3693 canonum
3300 3655 3494 3697 conse-

1919 3719 2383 3788 quentia,qquibus
2412 3720 2695 3775 constabat
2723 3722 2976 3790 antiquus
3000 3725 3090 3779 ille
3116 3727 3497 3796 codex,cuivis

1921 3811 2254 3881 dignoscere.
2283 3810 2415 3865 Nam
2444 3810 2512 3864 20
2540 3827 2775 3868 canones
2803 3815 3018 3870 concilii
3043 3815 3266 3886 Niczeni,
3295 3819 3366 3874 2-1
3388 3821 3498 3876 An-

1922 3904 2124 3974 cyrani,
2159 3902 2226 3955 M
2276 3903 2743 3973 Neocmsariensis,
2785 3905 2855 3960 20
2896 3905 3239 3978 Gangrensis,
3271 3911 3342 3967 25
3385 3913 3498 3968 An.-

1923 3994 2182 4060 tiocheni,
2226 3992 2296 4048 59
2338 3993 2643 4061 Laudiceni,
2669 3991 2704 4049 5
2731 3995 3310 4070 Constantinopolitani
3363 4021 3374 4056 :
3421 4005 3494 4070 hi,

1924 4083 2164 4151 inquam,
2196 4083 2409 4139 collecti
2439 4085 2644 4139 numeri
2681 4095 2892 4141 centum
2923 4097 2980 4143 et
3023 4091 3298 4159 sexaginta
3343 4094 3499 4163 quin-

1924 4189 2028 4244 que
2053 4173 2312 4229 efliclunt.
2346 4174 2424 4230 Ex
2452 4177 2646 4245 quibus
2688 4179 2848 4232 etiam
2897 4182 3267 4246 cognoscimus
3286 4193 3499 4241 veteres

1925 4266 1979 4317 in
2007 4263 2409 4319 dinumerandis
2450 4267 2799 4322 conciliorum
2840 4268 3132 4324 canonibus
3173 4287 3279 4326 non
3308 4273 3496 4329 eadem

1927 4356 2136 4409 ratione
2171 4369 2296 4408 usos
2325 4353 2506 4409 fuisse.
2557 4355 2688 4409 Nam
2717 4370 2786 4410 ex
2814 4357 2988 4413 verbis
3016 4361 3231 4416 concilii
3277 4360 3500 4420 Chalce-

225 4449 308 4504 Fl.
348 4448 636 4504 Pliiloxeni
664 4457 718 4502 et
748 4448 921 4503 Anicii
952 4447 1115 4502 Probi
1156 4447 1388 4516 junioris
1424 4449 1719 4504 indictione
1766 4448 1821 4514 '5,
1880 4455 1905 4472 ‘
1926 4447 2178 4502 donensis
2203 4446 2473 4514 colligitur
2499 4461 2736 4503 canones
2782 4464 2944 4520 supra
2972 4451 3166 4508 citatos
3195 4452 3246 4519 1,
3269 4452 3325 4523 4,
3354 4454 3408 4521 5,
3435 4455 3501 4510 16

227 4545 341 4598 hoc
369 4550 457 4597 est
484 4557 627 4597 anno
669 4539 869 4596 Christi
900 4539 1026 4608 525,
1061 4548 1118 4594 ut
1146 4541 1260 4609 ipse
1289 4540 1572 4611 Dionysius
1595 4548 1824 4594 testatur
1852 4561 1900 4619 ι)
1927 4544 1981 4592 et
2004 4537 2068 4590 17
2094 4538 2304 4593 concilii
2331 4537 2667 4607 Antiocheni,
2698 4540 2750 4595 in
2773 4543 2943 4597 veteri
2972 4538 3157 4601 Graeco
3179 4546 3387 4614 codice,
3409 4549 3498 4617 80,

225 4636 284 4690 in
316 4631 555 4702 epistola
584 4631 822 4701 paschali
850 4631 1020 4700 prima
1049 4630 1117 4685 ad
1145 4629 1455 4686 Petronium
1485 4630 1820 4701 episcopum,

225 4724 412 4793 nuper
440 4737 472 4775 a
497 4720 810 4776 doctissimo
839 4719 1061 4776 Petavio
1088 4735 1154 4776 ex
1176 4704 1297 4776 cod.
1325 4735 1424 4799 ms.
1449 4720 1679 4789 primum
1709 4718 1827 4773 edi-

229 4826 286 4868 ta
318 4831 334 4866 :
366 4814 422 4866 in
452 4827 558 4882 qua
585 4813 750 4866 etiam
779 4827 846 4866 ex
866 4812 1034 4866 sacris
1055 4812 1372 4878 canonibus,
1397 4812 1499 4866 hoc
1521 4819 1601 4865 est
1623 4826 1690 4864 ex
1710 4811 1826 4879 ipso

229 4905 408 4960 veteri
433 4902 634 4959 Codice
655 4902 934 4958 Canonum
958 4917 1118 4972 quem
1150 4917 1291 4956 nunc
1320 4901 1545 4964 odimus,
1571 4909 1733 4968 atque
1761 4914 1824 4953 ex

227 5011 331 5052 sua
362 4993 838 5062 interpretatione,
865 4991 997 5046 citat
1041 5005 1304 5045 canonem
1349 4990 1434 5056 79,
1485 4990 1576 5056 qui
1625 4989 1829 5058 primus

229 5083 563 5138 Antiocheui
593 5081 808 5136 concilii
840 5096 960 5135 esse
985 5081 1270 5150 reperitur.
1302 5078 1382 5133 Ex
1412 5080 1614 5148 quibus.
1633 5075 1825 5134 conlir-

223 5182 415 5225 matur
449 5171 583 5224 ordo
632 5178 687 5224 et
729 5186 985 5226 numerus
1020 5184 1290 5224 canonum
1333 5169 1386 5222 in
1435 5169 1528 5223 illo
1556 5179 1821 5234 servatus,

226 5272 398 5331 atque
429 5275 496 5315 cx
533 5261 599 5315 iis
621 5261 803 5328 colligi
834 5268 1014 5330 potest
1042 5275 1278 5316 canones
1310 5260 1474 5314 hosce
1496 5258 1828 5313 ecclesiasti-

225 5370 326 5409 cos
371 5351 490 5421 jam
521 5360 646 5406 ante
703 5367 771 5405 ex
818 5350 1020 5406 Graecis
1076 5349 1473 5417 exemplaribus
1516 5346 1826 5418 Dionysium

227 5440 603 5499 transtulisse.
637 5439 770 5505 Quis
799 5449 978 5495 autem
1001 5439 1163 5494 fuerit
1185 5436 1384 5523 Grmcae
1426 5439 1564 5493 illius
1593 5438 1827 5506 antiquae

225 5533 580 5593 collectionis
606 5547 874 5588 canonum
905 5540 1112 5595 auctor,
1137 5547 1256 5602 quae
1278 5545 1308 5584 a
1335 5517 1548 5586 Μετεηο
1570 5544 1740 5597 usque
1759 5529 1827 5582 ad

227 5625 901 5695 Constantinopolitanum
933 5626 1220 5682 concilium
1267 5624 1630 5696 protenditur,
1676 5623 1827 5691 cujus

227 5721 661 5782 translationem
714 5717 954 5785 suscepit
1021 5731 1113 5784 pse
1156 5707 1468 5787 Dionysius,
1525 5716 1821 5786 ignoratur.

568 5813 820 5870 PATBOL
891 5803 1145 5869 LXVII.

1925 4627 2016 4694 85,
2038 4627 2125 4690 81,
2157 4627 2227 4680 95
2251 4636 2306 4683 et
2329 4627 2396 4682 96
2425 4629 2606 4696 fuisse,
2638 4631 2729 4700 qui
2755 4632 2808 4686 in
2831 4631 3022 4689 Latino
3050 4633 3288 4708 Dionysii
3314 4636 3505 4709 Exigui

1931 4719 2014 4784 79,
2039 4719 2126 4784 81,
2171 4719 2260 4788 85,
2291 4721 2358 4774 96
2386 4729 2442 4776 et
2470 4719 2536 4774 97
2557 4737 2675 4778 esse
2703 4723 3058 4792 reperiuntur.
3085 4725 3190 4782 Sed
3214 4728 3329 4785 haec
3347 4730 3502 4784 diffe-

1930 4811 2101 4864 rentia
2129 4826 2198 4866 ex
2227 4825 2293 4866 eo
2323 4821 2448 4866 nata
2477 4812 2689 4866 videtur
2702 4813 2844 4881 quod
2860 4814 3197 4885 Ancyranum
3220 4819 3502 4874 concilium

1931 4901 1984 4955 in
2005 4898 2193 4956 Grazco
2221 4901 2408 4956 codice
2458 4903 2644 4969 viginti
2677 4903 2912 4972 quinque
2941 4906 3234 4962 canonibus
3273 4917 3502 4976 constat,

1931 4997 1987 5046 et
2011 4989 2440 5044 Neocaesariense
2466 4989 2774 5058 quindecim
2800 5009 2812 5044 :
2843 4992 2896 5046 in
2917 4991 3105 5048 Latina
3116 5010 3244 5050 vero
3267 4996 3503 5068 Dionysii

1933 5079 2254 5136 collectione
2284 5080 2690 5149 quatuordecim
2717 5089 2774 5136 et
2794 5081 2975 5149 viginti
2999 5091 3229 5150 quatuor
3249 5092 3452 5140 tantum
3487 5107 3500 5140 :

1934 5183 2272 5238 canonesque
2318 5178 2542 5239 quartus
2585 5178 2642 5224 et
2684 5171 2902 5240 quintus
2959 5171 3225 5243 Ancyrani
3271 5176 3505 5245 concilii,

1937 5261 2062 5316 item
2092 5262 2281 5316 tertius
2325 5261 2560 5317 decimus
2602 5269 2656 5316 et
2681 5271 2902 5332 quartus
2943 5263 3180 5319 decimus
3231 5264 3510 5323 Neocaesao

1937 5351 2148 5419 riensis,
2179 5367 2276 5420 pro
2298 5352 2454 5406 unico
2493 5353 2776 5418 habentur,
2820 5361 2880 5407 ut
2902 5368 2966 5408 ex
2994 5355 3271 5425 utriusque
3312 5357 3510 5415 codicis

1905 5441 2223 5496 .collatione
2267 5441 2420 5496 facile
2450 5450 2531 5496 est
2569 5441 2874 5498 observare.
2924 5442 3303 5513 Subjunximus
3347 5457 3402 5502 et
3441 5465 3511 5502 ex

1931 5534 2116 5589 codice
2164 5550 2261 5589 ms.
2317 5536 2633 5603 perantiquo
2680 5533 2917 5602 ejusdem
2973 5535 3178 5592 Justelli
3229 5540 3508 5609 epistolam
3598 5597 3603 5602 ,

1933 5625 2241 5695 synodicam
2271 5624 2438 5678 sancti
2465 5623 2644 5692 Cyrilli
2675 5633 2730 5678 et
2770 5623 2978 5678 concilii
3018 5626 3313 5696 dimccseos
3344 5629 3512 5702 Egy-

1930 5714 2023 5785 pti,
2061 5714 2390 5768 Alexandriae
2420 5715 2722 5783 congregati
2766 5729 2906 5772 anno
2936 5714 3040 5770 459
3069 5733 3191 5770 cum
3231 5718 3506 5778 duodecim

3058 5806 3095 5865 5
