4012 6464
429 2838 438 2846 ·
514 2813 606 2866 illo
669 2827 785 2865 cum
842 2811 1101 2879 sapientia
1156 2824 1350 2880 magna
1421 2809 1727 2878 simplicitas
1753 2849 1769 2874 ,

471 277 596 338 ’1⁷59

1773 266 2121 327 DIONYSIUS
2155 266 2313 324 EXIG
2323 267 2364 324 U
2370 267 2488 325 US.’
2534 287 2538 292 -

3651 267 3751 320 HO

491 388 956 452 anathematismis
1000 394 1190 446 contra
1233 367 1562 453 Nestorium,
1611 397 1678 438 ex
1707 381 1897 437 Latina
1941 382 2071 438 Dio-

2199 379 2260 452 ῖῷ
2284 382 2665 456 εὐλαϐεστάτῳ,
2705 383 2792 437 καὶ
2833 350 3194 454 Graecisa-15:19)
3247 379 3618 455 συλλειτουργῷ
3661 393 3756 436 Νι-

493 484 633 558 nysii
676 481 868 552 Exigui
912 477 1378 549 interpretatione,
1424 476 1512 530 cui
1558 475 1840 529 epistolam
1869 473 1934 528 ad
1965 471 2071 528 Pe-

496 585 636 632 trum
656 573 940 646 quemdam
963 571 1274 641 episcopum
1298 567 1411 637 ipse
1435 561 1676 636 prmﬁxit.
1711 563 1840 632 Quae
1858 564 2073 633 quidem

497 667 723 738 epistola
745 663 1001 737 synodica
1029 660 1094 714 ab
1119 658 1342 724 Isidoro,
1372 667 1428 712 et
1464 657 1582 712 aliis
1610 657 1700 726 qui
1744 665 1878 710 eum‘
1904 656 2074 711 secuti

496 764 622 812 sunt
646 754 846 808 Latinis
883 748 1236 807 conciliorum
1279 746 1681 812 collectoribus,
1733 754 1920 799 contra
1958 759 2075 798 om-

499 847 643 902 nium
667 844 822 900 codd.
851 851 1098 898 veterum
1125 839 1437 895 Graecorum
1462 846 1518 892 et
1554 837 1863 892 Latinorum
1893 833 2072 902 ﬁdem,

501 935 748 993 tribuitur
768 931 1040 1002 Ephesiae
1054 929 1287 985 concilio
1314 944 1371 982 tu
1392 926 1748 991 mcumenico,
1773 924 1915 994 quod
1935 937 2076 977 anno

499 1025 712 1080 demum
756 1019 1000 1090 sequenti
1051 1017 1382 1073 celebratum
1436 1029 1557 1068 esse
1611 1019 1841 1076 constat,
1886 1010 2077 1064 Anicio

501 1114 667 1170 Basso
699 1119 756 1168 et
796 1109 1070 1165 Antiocho
1110 1121 1252 1162 coss.
1281 1105 1409 1160 Haec
1435 1118 1566 1159 vero
1595 1111 1772 1159 exstat
1813 1101 1996 1157 Graece
2024 1109 2080 1155 et

502 1203 708 1270 Latine,
738 1203 833 1259 sed
855 1202 956 1256 alia
985 1200 1252 1261 versione,
1269 1198 1410 1252 inter
1433 1203 1554 1250 acta
1579 1193 1792 1250 concilii
1823 1191 2074 1264 Ephesini

501 1305 610 1352 act.
638 1297 658 1348 l
682 1337 698 1364 ,
730 1303 785 1350 ct
821 1291 1038 1350 concilii
1065 1287 1644 1359 Constantinopolitani
1672 1302 1707 1340 ν
1733 1283 2070 1349 mcumenici,

503 1387 685 1442 collat.
718 1387 750 1440 6
778 1385 906 1442 edit.
958 1383 1117 1438 Rom.
1167 1388 1222 1435 ct
1248 1379 1463 1442 Colon.,
1492 1392 1613 1432 cum
1642 1377 1742 1430 hac
1763 1373 2070 1446 epigraphe.

528 1497 3406 1531 Μ

2175 477 2364 550 στορίῳ
2393 471 2654 549 Κύριλλος,
2683 476 2766 536 καὶ
2796 474 2828 530 ᾗ
2864 471 3183 527 συνελθοῦσα
3214 467 3426 530 σύνοδος
3456 468 3505 524 ἐν
3531 471 3758 535 Ἀλεξαν-

2175 565 2318 640 δρείᾳ
2363 574 2455 625 τῆς
2503 567 2851 636 Αἰγυπτιακῆς
2897 561 3191 622 διοικήσεως
3230 563 3280 615 ἐν
3318 565 3480 640 Κυρίῳ
3526 567 3757 637 χαίρειν.

2173 655 2318 710 Illius
2347 657 2507 710 etiam
2531 653 2773 708 meminit
2795 651 3079 707 Liberatus
3099 650 3511 706 archidiaconus
3532 651 3764 705 Cartha-

2175 746 2412 813 ginensis
2443 745 2498 798 in
2524 743 2833 807 Breviario,
2865 742 2954 796 lib.
2997 758 3070 801 iv.
3115 739 3364 811 Cyrillus,
3411 740 3603 809 inquit,
3656 737 3764 793 Ne-

2175 836 2334 889 storio
2357 833 2653 904 synodicam
2676 831 2867 884 direxit
2892 829 3183 896 epistolam,
3207 830 3260 882 in
3283 846 3383 901 qua
3410 839 3458 884 et
3489 829 3760 882 duodecim

2178 924 2408 994 capitula
2439 931 2620 976 contra
2653 921 2763 990 ejus
2789 918 2977 988 dogma
3005 919 3214 971 dictavit
3243 926 3295 971 et
3331 919 3580 982 inseruit;
3609 925 3658 970 et
3685 922 3762 968 est

2179 1012 2489 1082 principium
2517 1025 2536 1062 :
2556 1027 2576 1060 ί
2594 1007 2810 1061 Dicente
2822 1005 3073 1072 Domino,
3103 1003 3202 1069 Qui
3224 1016 3364 1059 amat
3384 1013 3584 1074 patrem
3611 1020 3764 1057 suum

2177 1110 2226 1155 et
2259 1108 2472 1154 matrem
2498 1113 2642 1152 suam
2674 1097 2788 1168 plus
2816 1113 2969 1168 quam
2996 1111 3109 1161 me,
3143 1111 3245 1149 non
3289 1103 3366 1148 est
3405 1109 3486 1148 me
3505 1093 3714 1163 dignus.
3736 1110 3755 1142 ι

2175 1191 2308 1247 Cum
2325 1191 2440 1244 huic
2460 1188 2528 1244 ad
2542 1187 2854 1244 memoriam
2875 1185 3204 1256 antiquitatis
3221 1184 3494 1239 canonica
3514 1193 3569 1237 et
3588 1181 3766 1236 eccle-

2174 1281 2403 1336 siasticae
2441 1276 2863 1335 conservandam
2892 1275 3214 1345 pertineant,
3255 1288 3472 1342 operam
3499 1281 3762 1334 nostram,

2176 1369 2370 1436 lector,
2400 1367 2526 1422 boni
2554 1365 2774 1421 consule
2802 1373 2859 1418 et
2881 1361 3142 1418 beneﬁcio
3168 1371 3354 1417 nostro
3382 1362 3577 1416 fruere.

3414 1503 3751 1518 —-———

1497 1615 1638 1684 TE
1654 1613 1912 1684 STIM
1933 1608 2194 1681 ΟΝΙΑ
2270 1603 2753 1688 ALIQUOT

644 1746 725 1787 DE
771 1742 1063 1787 DIONYSIO
1109 1742 1370 1797 Ε’(ιδυο,
1417 1739 1690 1790 EJUSQUE
1736 1737 1962 1780 LATINA
2007 1733 2310 1780 CANONUM
2355 1726 2968 1772 ECCLESIASTICORUM
3014 1725 3624 1770 INTERPRETATIONE.

579 1910 952 1975 Cassiodorus,
984 1925 1104 1981 cap.
1137 1912 1207 1965 illi
1235 1911 1407 1965 Divin.
1442 1909 1591 1965 Leet.
1619 1928 1633 1962 :
1665 1908 1887 1962 General
1917 1907 2074 1960 etiam

2199 1914 2346 1952 mnus
2378 1896 2696 1951 Diocletiani
2722 1893 2846 1960 248,
2877 1902 2994 1964 post
3033 1893 3357 1950 consulatum
3402 1893 3680 1967 Lampadii
3717 1907 3768 1952 et

510 2001 758 2072 hodieque
785 2001 1039 2055 catholica
1067 1999 1305 2054 Ecclesia
1327 2003 1466 2055 viros
1486 2001 1712 2054 illustres
1744 1995 2089 2067 probabilium

511 2092 810 2162 dagmatum
852 2091 1033 2144 decore
1057 2090 1310 2161 fulgentes
1335 2107 1351 2143 :
1386 2092 1482 2160 fuit
1511 2090 1646 2142 enim
1674 2087 1867 2141 nostris
1897 2093 2090 2153 tempo-

511 2180 653 2234 ribus
680 2188 727 2233 et
753 2179 1034 2248 Dionysius
1058 2179 1356 2244 monachus,
1384 2178 1581 2249 Scytha
1609 2177 1838 2240 natione,
1860 2173 1947 2228 sed
1975 2189 2089 2226 mo-

514 2271 652 2323 ribus
682 2270 889 2323 omnino
934 2267 1222 2336 Romanus,
1250 2270 1304 2321 in
1345 2276 1560 2336 utraque
1600 2268 1780 2337 lingua
1817 2264 1966 2318 valde
1994 2262 2090 2316 do-

513 2361 794 2426 ctissimus,
824 2358 1048 2412 reddens
1076 2358 1365 2412 actionibus
1389 2359 1496 2412 suis
1523 2373 1676 2429 quam
1703 2359 1760 2410 in
1793 2353 1940 2409 libris
1977 2352 2091 2407 Do-

513 2453 642 2506 mini
681 2453 874 2520 legerat
905 2451 1228 2515 equitatem;
1271 2450 1358 2517 qui
1388 2448 1691 2518 Scripturas
1718 2447 1918 2500 divinas
1947 2451 2093 2496 tanta

514 2544 810 2598 curiositate
862 2541 1176 2594 discusserat
1246 2550 1397 2611 atque
1464 2540 1828 2606 intellexerat,
1887 2546 1943 2589 ut
1992 2552 2094 2588 un-

513 2632 772 2704 decunque
797 2631 1160 2699 interrogatus
1207 2629 1384 2700 fuisset
1420 2637 1661 2699 paratum
1705 2627 1913 2680 haberet
1951 2640 2092 2678 com-

513 2729 690 2790 petens
757 2721 869 2774 sine
928 2718 1106 2790 aliqua
1171 2717 1421 2771 dilatione
1479 2734 1795 2788 responsum.
1863 2713 1988 2768 Fuit
2041 2715 2095 2767 in

1841 2825 1952 2862 cum
1999 2809 2094 2861 do-

515 2903 684 2956 ctrina
747 2900 1032 2961 humilitas,
1073 2915 1188 2953 cum
1217 2900 1462 2970 facundia
1523 2899 1760 2971 loquendi
1826 2900 2096 2970 parcitas:

517 3001 573 3047 ut
633 2992 691 3044 in
727 2989 868 3044 nullo
907 3006 961 3043 se
999 2988 1076 3042 vel
1120 2988 1360 3043 eatremis
1400 2990 1606 3060 famulis
1648 2991 1941 3060 anteferret,
1984 3005 2100 3043 cum

519 3081 705 3153 dignus
749 3087 882 3135 esset
928 3068 1107 3150 regum
1149 3080 1260 3132 sine
1294 3078 1614 3133 dubitatione
1659 3079 1944 3149 colloquiis.
1999 3075 2099 3141 Qui

518 3174 702 3244 petitus
742 3187 775 3224 a
821 3170 1087 3240 Stephano
1133 3171 1376 3240 episcopo
1425 3169 1753 3235 Salonitano,
1795 3187 1859 3224 ex
1907 3170 2099 3225 Graecis

2192 1988 2410 2046 Orestis.

2259 2079 2416 2136 Joan.
2449 2079 2793 2146 Tritbemius,
2823 2077 2916 2132 lib.
2946 2077 3014 2132 de
3040 2076 3238 2147 Script.
3271 2077 3570 2132 ecclesiast.
3600 2095 3613 2130 :
3641 2078 3772 2133 Dio-

2188 2175 2367 2244 nysius
2396 2171 2554 2224 abbas
2589 2169 2877 2237 Romanus,
2908 2177 3241 2241 cognomento
3284 2168 3539 2242 Exiguus,
3569 2175 3648 2226 vir
3689 2174 3774 2225 in-

2191 2265 2341 2334 genio
2360 2271 2410 2316 et
2427 2261 2644 2316 scientia
2662 2276 2881 2332 magnus
2915 2267 3067 2332 atque
3097 2260 3432 2322 clarissimus,
3457 2263 3510 2314 in
3535 2261 3776 2331 Scriptu-

2191 2355 2261 2407 ris
2288 2352 2484 2406 sanctis
2511 2349 2762 2414 eruditus,
2791 2357 2841 2402 et
2864 2350 2922 2402 in
2957 2347 3234 2418 disciplina
3265 2349 3591 2403 saecularium
3630 2351 3778 2404 litte-

2191 2458 2368 2496 rarum
2403 2439 2643 2494 nobiliter
2669 2439 2870 2506 doctus,
2917 2437 3099 2496 Graeco
3128 2449 3180 2493 et
3211 2439 3401 2494 Latino
3431 2441 3630 2512 eloquio
3659 2442 3774 2495 cla-

2192 2551 2302 2601 rus,
2333 2532 2642 2603 computista
2669 2540 2720 2585 et
2743 2532 3027 2586 calculator
3054 2541 3336 2603 temporum
3363 2535 3617 2604 egregius,
3642 2536 3778 2588 scri-

2193 2626 2297 2695 psit
2326 2623 2510 2677 Latino
2538 2639 2773 2677 sermone
2800 2623 3048 2677 nonnulla
3070 2625 3336 2695 opuscula.
3368 2623 3448 2678 De
3475 2625 3653 2697 quibus
3681 2644 3777 2698 ego
3819 2605 3830 2614 θ

2201 2723 2402 2768 tantum
2421 2714 2585 2784 reperi
2605 2713 2832 2783 subjecta
2845 2729 2864 2766 :
2880 2714 3162 2768 Armorum-
3185 2711 3289 2768 552
3313 2714 3520 2784 Cyclum
3559 2717 3778 2786 pascha-

2197 2809 2296 2861 lem
2327 2822 2607 2877 magnum;
2639 2806 2902 2860 transtulit
2929 2807 2993 2859 de
3034 2805 3212 2861 Grieco
3240 2809 3293 2860 in
3324 2805 3563 2860 Latinum
3601 2807 3775 2861 Vitam

2198 2896 2364 2949 sancti
2392 2893 2628 2948 Pacomii
2655 2893 2877 2960 abbatis,
2901 2893 3086 2950 librum
3113 2910 3307 2965 quoque
3329 2892 3566 2964 Gregorii
3593 2892 3769 2948 Emis-

2197 2987 2308 3038 seni
2330 2985 2392 3038 de
2420 2982 2728 3038 Conditione
2747 2984 2989 3051 hominis,
3011 2992 3061 3037 et
3080 2985 3276 3054 scripta
3302 2982 3525 3038 Proterii
3546 2985 3778 3038 Alexan-

2199 3073 2340 3128 drini
2365 3075 2591 3143 episcopi
2611 3073 2681 3126 ad
2704 3070 2926 3127 Leonem
2953 3090 3161 3144 papam,
3191 3085 3240 3128 et
3267 3077 3501 3146 quasdam
3522 3078 3648 3130 alia.
3683 3076 3778 3131 In-

2203 3164 2402 3227 choauit
2427 3172 2598 3217 autem
2627 3161 2837 3234 Cyclum
2880 3181 3031 3219 suum
3080 3153 3217 3220 anno
3257 3167 3469 3231 Domini
3511 3168 3636 3233 53l,
3663 3179 3771 3224 etc.

518 3259 896 3332 excinplaribus
941 3275 1169 3313 canones
1203 3261 1602 3325 ecclesiasticos,
1633 3261 1857 3314 moribus
1885 3262 2012 3327 suis,
2042 3268 2096 3313 ut
2123 3266 2170 3330 (ζ
2199 3255 2400 3310 Claruit
2421 3253 2512 3308 sub
2540 3254 2837 3310 Iustiniano
2857 3272 3046 3327 magno
3072 3273 3210 3311 anno
3241 3255 3362 3312 540.

521 3360 636 3404 erat
657 3351 842 3420 planus
863 3357 1014 3419 atque
1033 3349 1275 3415 disertus,
1298 3365 1500 3419 magna:
1519 3351 1819 3420 eloquentia:
1839 3350 1949 3404 luce
1966 3366 2100 3404 com-

521 3443 712 3514 posuit,
742 3457 867 3512 quos
895 3441 1048 3496 hodie
1084 3457 1182 3494 usu
1221 3440 1551 3495 celeberrimo
1587 3439 1821 3496 Ecclesia
1861 3441 2098 3496 Romana

522 3533 892 3603 complectitur.
923 3531 1035 3586 Hos
1061 3533 1218 3585 etiam
1242 3538 1442 3601 oportet
1469 3547 1555 3584 vos
1583 3532 1790 3585 assidue
1817 3533 2003 3603 legere,
2034 3549 2098 3586 ne

521 3623 799 3679 videamini
829 3631 934 3676 tant
955 3621 1210 3676 salutares
1232 3622 1608 3676 ecclesiasticas
1636 3622 1840 3691 regulas
1869 3621 2097 3692 culpabi-

521 3713 641 3770 liter
666 3715 930 3784 ignorare.
961 3712 1080 3765 Alia
1107 3728 1306 3783 quoque
1333 3712 1495 3765 multa
1526 3729 1592 3766 ex
1626 3710 1806 3766 Graeco
1835 3701 2099 3765 transtulit

523 3805 576 3858 in
605 3801 872 3868 Latinum,
900 3817 1014 3872 quat
1040 3802 1256 3856 utilitati
1288 3811 1502 3873 possunt
1528 3801 1777 3856 Ecclesia:
1807 3802 2092 3855 convenire.

592 3933 762 4000 Beda,
785 3933 864 3988 De
892 3941 1121 4004 tempor.
1161 3932 1284 3994 Rat.
1317 3948 1436 4004 cap.
1465 3932 1570 3986 45:
1610 3933 1773 3988 Primi
1805 3934 2098 3988 decennalis

525 4023 703 4080 circuli
726 4038 879 4083 cursu
931 4032 1213 4094 temporum
1245 4022 1372 4082 ordo
1399 4025 1687 4096 prie/igitur
1709 4065 1724 4090 ,
1756 4039 1902 4095 quem
1931 4023 2098 4079 (ἓνωεὶ

524 4117 863 4172 calculatores
883 4132 916 4168 a
939 4113 1251 4171 Diocletiani
1273 4115 1520 4186 principis
1549 4117 1702 4170 annis
1731 4114 2058 4170 observavere
2078 4133 2096 4170 :

523 4208 616 4263 sed
661 4206 943 4278 Dionysius
986 4196 1294 4262 uenerabilis
1345 4206 1506 4260 abbas
1554 4204 1805 4261 Romana:
1847 4204 2008 4272 urbis,
2051 4215 2100 4260 et

524 4299 784 4370 utriusque
812 4298 1019 4369 linguis,
1044 4294 1241 4352 ercte
1267 4297 1498 4352 videlicet
1518 4305 1565 4348 et
1588 4293 1806 4360 Latium,
1830 4312 1932 4350 non
1951 4297 2100 4368 igno-

527 4391 614 4444 bili
643 4390 890 4460 pra’ditus
919 4391 1151 4454 scientia,
1182 4389 1450 4458 paschales
1477 4388 1704 4443 scribens
1736 4389 1970 4454 circulos,
2001 4404 2098 4442 no-

527 4479 623 4532 luit
651 4479 746 4544 eis,
783 4478 915 4531 sicut
947 4478 1056 4548 ipse
1098 4485 1336 4545 testatur,
1367 4478 1663 4534 memoriam
1692 4479 1838 4549 impii
1866 4494 2100 4548 persecu-

530 4570 655 4622 toris
683 4569 960 4635 innectere,
991 4567 1082 4621 sed
1107 4568 1274 4638 magis
1315 4567 1464 4638 elegit
1494 4569 1559 4620 ab
1589 4566 1960 4623 Incarnatione
1986 4566 2096 4622 Do-

2268 3343 2350 3398 Ex
2376 3343 2570 3398 Annal.
2615 3344 2915 3399 ecclesiast.
2965 3345 3190 3402 Caesaris
3235 3346 3448 3402 Baronii
3489 3350 3775 3404 cardinalis

2199 3453 2288 3492 an.
2313 3437 2438 3506 525,
2465 3452 2612 3492 num.
2642 3436 2743 3490 125
2771 3455 2784 3490 :
2814 3437 2875 3492 Si
2898 3437 3124 3507 ﬁdelitas
3147 3448 3298 3509 atque
3317 3442 3501 3511 peritia
3528 3444 3581 3495 in
3609 3452 3776 3497 trans-

2198 3529 2431 3600 ferendo,
2467 3539 2516 3583 et
2545 3529 2817 3584 sinceritas
2845 3530 2899 3582 in
2927 3529 3127 3584 edendo
3167 3547 3318 3602 quam
3345 3532 3573 3586 maxima
3602 3534 3766 3604 requi-

2197 3628 2376 3685 ratur,
2409 3620 2556 3674 nulla
2581 3622 2782 3691 exquiri
2817 3630 2982 3690 potest
3009 3621 3166 3676 editio
3199 3625 3430 3677 exactior
3465 3633 3617 3696 atque
3643 3625 3777 3694 ﬁde-

2197 3709 2297 3764 lior
2325 3725 2477 3780 quam
2505 3726 2618 3781 qua:
2646 3710 2913 3764 elaborata
2952 3718 3028 3764 est
3051 3729 3083 3764 a
3109 3728 3297 3783 magno
3320 3715 3430 3778 illo,
3458 3715 3548 3768 sed
3581 3732 3776 3786 cogno-

2196 3809 2368 3855 mento
2414 3800 2621 3872 Exiguo
2669 3800 2943 3873 Dionysio,
2982 3803 3128 3872 cujus
3167 3805 3411 3857 eximiam
3457 3806 3508 3858 in
3556 3815 3776 3875 utraque

2198 3889 2377 3961 lingua
2405 3893 2670 3961 peritiam,
2697 3900 2744 3946 et
2774 3909 2975 3947 morum
3013 3896 3269 3965 egregiam
3297 3896 3602 3966 probitatem
3641 3896 3775 3951 Cas-

2197 3983 2437 4036 siodorus
2465 3983 2638 4054 dignis
2669 3984 2901 4039 laudibus
2928 3987 3145 4056 miriﬁce
3171 3989 3438 4056 prwdicat.

2271 4070 2407 4126 Rob.
2439 4071 2791 4129 Bellarminus
2815 4075 3119 4142 cardinalis,
3151 4077 3218 4133 de
3247 4077 3440 4149 Script.
3471 4083 3778 4140 ecclesiast.

2199 4177 2287 4216 an.
2317 4161 2420 4217 525
2447 4181 2460 4216 :
2491 4162 2773 4235 Dionysius
2795 4164 3049 4237 Exiguus,
3075 4169 3283 4223 natione
3309 4169 3522 4242 Scytha,
3549 4175 3642 4227 sed
3666 4192 3784 4230 mo-

2198 4251 2337 4308 ribus
2369 4253 2654 4320 Romanus,
2687 4257 3116 4325 quemadmodum
3148 4272 3480 4331 cognomento
3518 4261 3778 4336 Exiguus,

2198 4346 2290 4399 sed
2338 4347 2580 4401 doctrina
2625 4357 2674 4400 et
2719 4350 2996 4402 sanctitate
3035 4353 3320 4417 maximus,
3371 4353 3498 4407 vixit
3549 4363 3784 4426 tempore

2203 4437 2506 4493 Theodorici
2552 4440 2686 4510 regis
2736 4437 2930 4507 Italice,
2982 4450 3031 4495 et
3074 4459 3423 4498 successorum
3466 4447 3620 4516 ejus:
3652 4465 3785 4502 nam

2201 4543 2339 4582 anno
2380 4526 2484 4582 527
2511 4530 2718 4599 scripsit
2770 4528 2980 4600 Cyclum
3010 4532 3322 4601 paschalem,
3355 4543 3404 4588 et
3439 4538 3630 4589 omissa
3656 4555 3787 4607 pro-

528 4658 655 4712 mini
683 4658 845 4712 nostri
869 4657 992 4711 Jesu
1022 4655 1214 4712 Christi
1247 4667 1476 4728 tempora
1505 4666 1826 4729 pramature;
1854 4669 2101 4730 quatenus
2134 4641 2179 4698 Ῑ)
3015 4621 3079 4675 ab
3104 4639 3318 4730 Tm
3345 4623 3653 4730 θ’θάῗξωῖη

523 4748 793 4806 txordium
819 4749 926 4822 spei
948 4757 1138 4804 nostra:
1165 4749 1334 4804 notius
1361 4749 1508 4804 nobis
1535 4751 1793 4806 existeret.

599 4877 769 4945 Idem,
801 4879 856 4933 in
884 4876 1150 4934 Chronico
1175 4889 1286 4934 seu'
1312 4879 1404 4933 lib.
1445 4877 1521 4933 De
1560 4893 1653 4933 sex
1693 4878 1959 4944 aetatibus,
2004 4893 2090 4933 an.

525 4969 711 5025 mundi
738 4967 879 5024 M80
903 4987 917 5023 :
943 4968 1226 5040 Dionysius
1255 4967 1525 5040 paschales
1564 4969 1740 5021 scribit
1769 4971 1982 5024 circulos
2007 4969 2093 5022 in-

528 5063 722 5134 cipiens
750 5059 816 5116 ab
843 5077 981 5119 anno
1008 5063 1284 5119 dominica;
1317 5059 1704 5115 Incarnationis
1746 5060 1872 5131 532,
1897 5064 1982 5135 qui
2021 5073 2097 5116 est

2205 4710 2276 4778 pii
2305 4712 2660 4779 persecutoris,
2702 4727 2973 4765 numerare
3000 4713 3144 4782 carpit
3175 4713 3239 4766 ab
3271 4713 3640 4771 Incarnatione
3668 4717 3791 4774 Do-

2205 4799 2334 4852 mini
2379 4797 2503 4852 Jesu
2533 4797 2744 4854 Christi.
2772 4800 2996 4872 Scripsit
3021 4811 3271 4871 praeterea
3301 4803 3664 4861 Collectianem
3689 4825 3794 4863 sa-

2204 4907 2409 4946 crorum
2472 4909 2754 4960 canonum,
2795 4911 2859 4948 ex
2903 4897 3134 4951 conciliis
3170 4895 3420 4956 Ecclesia:
3462 4903 3735 4958 catholicae
3771 4924 3790 4960 :

2203 4995 2352 5050 quem
2397 4991 2577 5051 postea
2625 4985 2813 5038 imitati
2861 4995 2980 5040 sunt
3029 4985 3289 5044 Martinus
3344 4989 3678 5049 Bracarensis
3734 5007 3793 5051 et

2205 5068 2524 5128 Cresconius.

517 5174 3644 5209 ww“

1018 5255 1324 5323 CODICIS
1364 5255 1762 5322 CANONUM
1788 5260 2569 5327 ECCLESIASTICORUM
2617 5266 2964 5339 DIONYSII
3010 5209 3293 5334 EXlGiIl

3647 5199 3766 5213 -Ψ

1882 5395 2426 5480 ΡΒλΕΡΑΤΙΟ.

1942 5531 2338 5546 ~—

599 5591 824 5652 Domino
849 5590 1158 5649 venerando
1183 5590 1316 5647 mihi
1345 5588 1492 5648 Patri
1535 5591 1810 5663 Stephano
1845 5566 2101 5663 episcopo

525 5679 808 5753 Dionysius
837 5679 1070 5751 Exiguus
1099 5680 1152 5735 in
1180 5681 1407 5738 Domino
1435 5683 1683 5738 salutem.

2279 5591 2532 5658 Quamvis
2585 5597 2932 5655 charissimus
2989 5599 3156 5658 frater
3199 5617 3385 5662 noster
3434 5609 3794 5684 Laurentius,

2205 5687 2415 5743 assidua
2442 5697 2494 5748 et
2521 5688 2766 5745 familiari
2794 5692 3168 5752 cohortatione
3194 5701 3515 5766 parvitatem
3535 5711 3788 5759 nostram
