4012 6470
238 250 340 301 ίιΙ

1237 242 1461 299 CODEX
1495 240 1821 300 CANONUM
1860 240 2533 302 ECCLESIASTICOBUM

3413 250 3518 304 449.

232 358 459 426 regulas
486 353 879 411 ecclesiasticas
906 352 974 410 de
1001 350 1189 408 Graeco
1220 352 1515 406 transferre
1545 352 1832 421 pepulerit,
1863 359 1906 416 Ἀ
1938 352 2129 419 quibus
2156 354 2283 421 quia
2326 352 2539 424 plurimi
2587 366 2909 410 consensum
2939 369 3047 409 non
3078 356 3357 426 praebuere
3386 357 3516 412 taci-

231 449 561 504 conl‘usione
580 446 743 501 credo
763 446 953 514 prisce
981 443 1343 499 translationis
1364 441 1617 509 oﬁ‘ensus,
1645 442 1837 497 nihilo-

232 542 424 595 minus
469 547 652 593 tamen
717 537 987 607 ingestum
1042 536 1281 590 laborem
1327 543 1431 588 tum
1493 534 1839 590 beatitudinis

231 627 681 687 consideratione
695 625 930 695 suscepi,
946 623 1031 679 cui
1045 621 1289 678 Christus
1313 623 1654 692 omnipotens
1670 623 1834 691 Deus,

234 721 405 775 solita
434 718 647 789 populis
675 718 880 787 pietate
917 716 1272 785 prospiciens,
1324 716 1519 770 summi
1546 715 1835 771 sacerdotii

235 814 476 868 contulit
505 812 839 880 dignitatem.
882 808 953 863 Ut
983 809 1124 863 inter
1150 809 1376 877 plurima
1414 808 1627 863 virtutis
1671 823 1836 863 orna-

240 913 448 967 menta,
480 905 673 972 quibus
700 901 997 958 Ecelesiam
1044 900 1255 955 Domini
1304 917 1512 955 morum
1554 900 1837 957 sanctitate

239 994 602 1059 eondecoras,
655 993 815 1046 etiam
848 990 1210 1045 sacratissima
1251 987 1391 1058 jura,
1440 987 1837 1059 pontiﬁcalibus

244 1100 346 1152 per
392 1083 489 1138 Dei
536 1083 765 1150 gratiam
814 1082 1018 1150 digesta
1067 1079 1459 1147 conventibus,
1515 1079 1834 1134 intemerata

245 1190 611 1242 conservans,
662 1173 902 1243 perfecto
953 1171 1217 1239 regimine
1262 1171 1465 1226 clerum
1517 1170 1836 1240 plebemque

243 1265 546 1320 modereris
571 1282 582 1317 :
617 1264 926 1319 nullatenus
954 1262 1124 1317 nostri
1152 1261 1331 1316 saeculi
1358 1276 1509 1316 more
1532 1267 1837 1325 contentus,

242 1371 358 1423 quo
408 1355 634 1423 pronius
664 1353 1037 1408 desideramus
1062 1360 1211 1407 recta
1242 1364 1403 1405 nosse
1430 1364 1593 1418 quam
1622 1348 1799 1404 facere
1821 1389 1835 1415 ,

244 1446 344 1501 sed
393 1445 576 1499 divino
601 1444 820 1513 junctus
860 1443 1082 1510 auxilio,
1112 1457 1232 1511 quae
1260 1440 1372 1495 ﬁeri
1428 1438 1671 1510 praecipis
1715 1447 1841 1493 ante

244 1535 521 1606 periit-ias,
571 1543 631 1590 nt
672 1533 1049 1589 efﬁcacissima
1093 1533 1335 1587 ﬁdelibus
1362 1532 1539 1601 prosis
1567 1531 1837 1599 exemplo.

248 1626 448 1695 Magna
478 1637 561 1680 est
594 1624 856 1693 siquidem
883 1624 1120 1691 jubentis
1148 1621 1460 1686 auctoritas,
1508 1619 1695 1675 eadem
1724 1620 1837 1687 pri-

1938 448 2064 508 lem,
2096 448 2201 501 hoc
2227 450 2399 518 ipsum
2432 457 2662 503 vestram
2688 448 2956 505 noluimus
2986 450 3234 518 ignorare
3262 451 3516 505 sanctita-

1939 545 2047 592 tem
2072 578 2088 604 ,
2118 538 2359 609 quamvis
2384 546 2571 607 postea
2610 537 2854 607 qumdam
2880 539 3170 597 constituta
3200 537 3514 611 pontiﬁcum

1937 645 2004 684 ex
2036 630 2165 699 ipsis
2191 629 2487 685 canonibus
2507 637 2782 699 assumpta
2815 643 2936 687 esse
2964 631 3269 686 videantur.
3314 630 3519 689 Deinde

1939 721 2152 789 regulas
2179 718 2406 774 Nicaeam
2429 720 2643 791 synodi,
2692 726 2748 775 et
2794 720 3047 793 deinceps
3076 721 3317 777 omnium
3345 724 3518 778 conci.

1939 813 2155 880 liorem,
2195 811 2309 868 sive
2334 826 2455 881 quae
2496 820 2625 867 ante
2663 827 2817 876 eam,
2865 812 2977 873 sive
3014 828 3136 883 qua:
3180 815 3519 886 postmodum

1940 904 2079 960 facta
2110 911 2268 970 sunt,
2296 917 2468 972 usque
2498 903 2566 957 ad
2594 904 2857 975 synodum
2885 914 3101 960 centum
3132 907 3515 975 quinquaginta

1940 994 2273 1065 pontiﬁcum,
2296 995 2387 1065 qui
2416 996 2553 1065 apud
2576 995 3095 1064 Constantinopolim
3125 1004 3514 1065 convenerunt,

1940 1088 2038 1143 sub
2068 1088 2255 1143 ordine
2278 1084 2647 1152 numerorum,
2678 1087 2843 1143 id'est
2868 1104 2898 1142 a
2929 1090 3102 1159 primo
3142 1090 3319 1161 eripite
3347 1106 3520 1160 usque

1941 1177 2011 1230 ad
2037 1178 2392 1233 centesimum
2420 1178 2815 1246 sexagesimum
2838 1178 3105 1248 quintum,
3131 1180 3268 1237 sicut
3291 1181 3520 1235 habetur

1942 1267 1997 1320 in
2023 1267 2206 1321 Graeca
2234 1268 2577 1333 auctoritate,
2614 1268 2951 1338 digessimus.
2984 1268 3117 1325 Tum
3158 1270 3330 1325 sancti
3357 1269 3518 1324 Chal-

1941 1356 2259 1413 cedonensis
2279 1356 2492 1412 concilii
2520 1357 2738 1413 decreta
2762 1358 3073 1428 subdentes,
3110 1360 3161 1413 in
3193 1358 3274 1414 bis
3300 1360 3520 1415 Gnaeo-

1943 1460 2061 1499 rum
2087 1460 2355 1501 canonum
2379 1441 2541 1501 ﬁnem
2576 1460 2694 1500 esse
2721 1444 3075 1502 declaramus.
3125 1446 3202 1509 Ne
3240 1448 3366 1517 quid
3396 1465 3521 1518 pra:-

1944 1544 2090 1590 terea
2120 1535 2323 1589 notitia:
2350 1543 2543 1589 vestrae
2568 1536 2759 1591 credar
2792 1537 2929 1591 velle
2953 1538 3289 1606 subtrahere,
3320 1547 3521 1594 statuta

1942 1638 2159 1694 quoque
2178 1622 2513 1683 Sardicensis
2540 1625 2753 1680 concilii
2775 1634 2934 1695 atque
2962 1626 3232 1695 Africani,
3268 1645 3386 1700 quae
3416 1628 3523 1683 La-

172 1709 183 1715 ’
245 1718 415 1771 mitus
439 1719 588 1784 iussa
615 1715 959 1783 complentis,
1015 1721 1283 1782 quatenus
1312 1708 1622 1766 inconvulsa
1652 1708 1838 1764 ECCle-
1874 1721 1917 1778 Β
1947 1716 2054 1772 line
2078 1724 2203 1771 sunt
2227 1717 2394 1785 edita,
2442 1717 2554 1773 suis
2577 1732 2609 1771 a
2637 1718 2793 1773 nobis
2821 1719 3058 1776 numeris
3085 1731 3378 1777 cernuntur
3403 1737 3523 1778 esse

246 1804 451 1859 siastici
481 1804 682 1858 ordinis
713 1802 993 1871 disciplina
1043 1800 1366 1873 inviolabilis
1406 1812 1731 1870 permanens
1770 1796 1836 1850 ad

245 1895 639 1963 capessendum
671 1908 908 1964 perenne
938 1893 1218 1963 prmmium
1248 1890 1567 1947 Christianis
1594 1889 1844 1943 omnibus

251 1993 477 2054 pne-stat
501 1999 777 2038 accessum
804 2002 815 2034 :
862 1998 959 2052 per
984 1996 1145 2051 quem
1172 1982 1346 2043 sancti
1377 1979 1633 2049 praesules
1655 1986 1840 2049 pater-

254 2074 343 2128 nis
371 2074 681 2127 muniantur
707 2073 940 2141 regulis,
965 2080 1021 2127 et
1049 2071 1363 2127 obedientes
1392 2068 1575 2139 populi
1603 2068 1847 2138 spiritua-

254 2162 400 2219 libus
425 2163 731 2217 imbuantur
764 2162 1047 2233 exemplis.
1100 2161 1155 2215 ln
1186 2160 1450 2233 principio
1479 2160 1662 2227 itaque
1687 2172 1847 2216 cano-

255 2268 359 2307 nes
378 2254 469 2322 qui
490 2252 739 2308 dicuntur
753 2252 1132 2322 Apostolorum
1154 2251 1221 2306 de
1234 2249 1422 2305 Grmco
1447 2248 1809 2303 transtulimus
1829 2266 1842 2300 :

1514 2376 1916 2389 -———-——

1944 1810 2213 1865 distincta.
2249 1808 2627 1865 Universarum
2650 1826 2779 1865 vero
2807 1808 3174 1867 deﬁnitionum
3203 1812 3382 1868 titulos
3404 1824 3522 1886 post

1945 1900 2084 1955 hanc
2131 1899 2497 1973 praefationem
2545 1899 2780 1955 strictius
2828 1900 3160 1967 ordinantes,
3210 1918 3272 1957 ea
3321 1919 3440 1973 qua:
3469 1904 3522 1961 in

1946 1991 2167 2060 singulis
2195 1990 2420 2062 sparsim
2465 1999 2590 2047 sunt
2616 1989 2953 2064 promulgata
2982 1992 3238 2059 conciliis,
3286 1998 3385 2051 sub
3416 2014 3522 2052 uno

1947 2092 2168 2155 aspectu
2196 2082 2508 2147 locavimus,
2558 2092 2619 2138 ut
2642 2083 2707 2138 ad
2736 2083 3131 2154 inquisitionem
3159 2086 3416 2156 cujusque
3449 2090 3523 2146 rei

1948 2175 2323 2246 compendium
2354 2173 2571 2244 aliquod
2598 2172 2840 2229 attulisse
2869 2174 3162 2233 videamur.

794 2471 1136 2535 REGULIE
1186 2468 1817 2534 ECCLESIASTICIE
1863 2467 2335 2531 SANCTORUM
2380 2465 2988 2538 APOSTOLORUM,

872 2609 1174 2653 PROLATE
1217 2610 1337 2652 pan
1388 2607 1774 2652 enuntiarem
1820 2604 2132 2652 accrnsm
2180 2579 2456 2648 nouum
2493 2600 2899 2646 PONTIFXCBM.

700 2803 775 2858 De
801 2805 1131 2859 ordinatione
1152 2803 1399 2875 episcopi.

328 2895 370 2951 l.
406 2894 701 2966 Episcopus
727 2908 758 2948 a
783 2893 993 2949 duobus
1038 2901 1133 2949 aut
1187 2892 1357 2947 tribus
1400 2889 1669 2962 episcopis
1696 2886 1839 2944 ordi-

250 2998 439 3045 netur.

278 3098 364 3153 De
389 3098 717 3153 ordinatione
744 3096 1046 3168 presbyteri,
1083 3103 1132 3149 et
1161 3094 1390 3160 diaconi,
1413 3101 1462 3146 et
1489 3100 1811 3146 crateres-um.
1873 3073 1920 3136 (ἶ

329 3209 391 3265 ll.
426 3207 715 3281 Presbyter
743 3209 809 3264 ab
839 3222 943 3264 uno
969 3206 1225 3279 episcopo
1254 3204 1552 3271 ordinetur,
1585 3210 1640 3260 et
1662 3202 1842 3258 diaco-

252 3319 382 3369 nus,
408 3312 466 3358 et
494 3303 686 3372 reliqui
712 3303 914 3358 clerici.

254 3412 415 3470 Nihil
441 3414 585 3468 aliud
612 3415 667 3467 in
694 3412 979 3484 sacriﬁcio,
1002 3420 1189 3484 praeter
1209 3410 1346 3482 quod
1371 3407 1619 3464 Dominus
1639 3407 1843 3475 statuit,

883 3482 1225 3553 oﬂ'erendum.

330 3573 419 3629 Ill.
453 3574 511 3629 Si
541 3575 663 3644 quis
692 3575 998 3644 episcopus,
1027 3579 1123 3626 aut
1150 3569 1447 3641 presbyter,
1478 3573 1673 3638 prmter
1698 3565 1846 3620 ordi-

262 3666 549 3723 nationem
580 3663 812 3730 Domini,
847 3662 951 3716 alia
980 3661 1222 3731 qumdam
1266 3660 1319 3713 in
1362 3657 1627 3714 sacriﬁcio
1656 3654 1849 3712 oﬁ‘erat

252 3772 421 3828 super
446 3756 657 3809 altare:
711 3755 763 3809 id
792 3761 875 3809 est
902 3760 994 3807 aut
1034 3751 1160 3817 mel,
1204 3757 1297 3804 aut
1322 3750 1422 3811 lac,
1456 3756 1550 3803 aut
1594 3762 1692 3817 pro
1723 3747 1847 3801 vino

255 3849 513 3915 siceram,
541 3854 597 3900 et
624 3834 869 3901 confecta
897 3842 1168 3914 quaedam,
1202 3847 1295 3895 aut
1321 3838 1581 3907 volatilia,
1612 3845 1704 3892 aut
1732 3837 1848 3890 ani-

265 3939 430 3995 malia
475 3938 677 4007 aliqua,
724 3943 818 3991 aut
844 3933 1151 4003 legumina:
1199 3939 1387 3987 contra
1415 3927 1847 3984 constitutionem

262 4029 481 4086 Domini
510 4026 736 4091 faciens,
778 4038 1015 4093 congruo
1044 4032 1289 4093 tempore
1313 4020 1633 4090 deponatur.

260 4138 397 4204 Quia
425 4139 623 4209 species
643 4135 712 4209 ad
756 4134 921 4209 altare
951 4149 1055 4209 non
1085 4131 1156 4185 ad
1180 4126 1637 4209 sacriﬁcium,_.sed
1676 4126 1745 4180 ad
1776 4125 1853 4180 be-

486 4208 829 4262 nedictionem
858 4203 1141 4274 simplicem
1166 4196 1387 4254 debeant
1408 4196 1657 4253 exhiberi.

330 4322 427 4377 1V.
449 4320 643 4375 Oﬁerri
666 4333 776 4373 non
805 4316 967 4371 liceat
1003 4312 1206 4383 aliquid
1234 4311 1300 4367 ad
1330 4311 1501 4365 altare
1530 4316 1726 4379 pmter
1753 4323 1850 4363 no-

260 4431 363 4470 vas
394 4412 573 4483 spicas
606 4418 661 4464 et
688 4423 858 4473 uvas;
904 4413 960 4461 et
1002 4404 1183 4459 oleum
1231 4401 1297 4456 ad
1324 4399 1625 4463 luminaria,
1658 4406 1713 4455 et
1739 4398 1854 4469 thy-
1880 4437 1927 4498 ι)

261 4505 493 4571 miama,
523 4501 575 4554 id
605 4506 687 4554 est
714 4499 992 4552 incensum
1017 4513 1030 4547 :
1081 4501 1325 4563 tempore
1365 4505 1473 4561 quo
1497 4496 1680 4545 sancta
1703 4488 1850 4544 cele-

259 4598 458 4652 bratur
486 4592 711 4649 oblatio.

258 4704 422 4771 Quod
449 4718 513 4756 ea
541 4716 655 4772 qua:
680 4702 736 4754 in
793 4698 1024 4772 ecclesiis
1056 4696 1251 4772 offerri
1279 4711 1394 4772 non.
1412 4700 1644 4764 possunt,
1673 4691 1743 4746 ad
1767 4690 1856 4745 do-

498 4765 610 4826 mus
630 4769 957 4825 sacerdotum
980 4786 1014 4821 a
1036 4765 1276 4838 ﬁdelibus
1304 4765 1621 4834 deferantur.

337 4866 406 4921 V.
441 4864 664 4934 Reliqua
687 4877 845 4933 poma
872 4861 1053 4916 omnia
1096 4858 1164 4913 ad
1197 4857 1418 4913 domum
1466 4852 1711 4927 primitiae
1739 4850 1856 4920 epi~

262 4970 441 5027 scopo
479 4963 536 5008 et
572 4951 903 5025 presbyteris
946 4950 1265 5018 dirigantur,
1320 4960 1419 5000 nec
1466 4943 1758 5000 oll‘erantur
1804 4940 1855 4995 in

259 5044 451 5102 altari.
484 5042 706 5099 Certum
735 5048 819 5098 est
869 5048 1050 5095 autem
1080 5037 1225 5108 quod
1255 5033 1522 5105 episcopis
1555 5040 1610 5087 et
1636 5030 1859 5101 presby-

266 5135 410 5193 teris
440 5133 704 5200 dividant,
733 5140 789 5189 et
817 5130 1080 5198 diaconis,
1108 5136 1163 5183 et
1192 5126 1410 5197 reliquis
1439 5122 1667 5180 clericis.

263 5249 344 5305 Ut
376 5249 667 5319 episcopus,
706 5255 797 5299 aut
836 5243 1099 5316 presbyter
1119 5257 1333 5319 uxorem
1351 5254 1518 5303 suam,
1542 5252 1695 5309 quam
1716 5233 1861 5290 debet

666 5326 807 5372 caste
837 5311 1033 5385 regere,
1065 5328 1168 5367 non
1190 5311 1465 5380 relinquat.
1530 5320 1535 5325 ‘

342 5406 437 5463 Vl.
490 5405 822 5478 Episcopus,
852 5414 947 5461 aut
990 5403 1273 5475 presbyter
1323 5412 1549 5454 uxorem
1586 5395 1860 5467 propriam

259 5513 618 5570 nequaquam
654 5498 757 5553 sub
785 5498 1011 5553 obtentu
1038 5491 1310 5563 religionis
1354 5489 1607 5559 abjiciat:
1662 5487 1707 5542 si
1735 5500 1863 5541 vero

261 5589 549 5658 rcjeeerit,
580 5588 1098 5654 exeommunicctur,
1125 5584 1218 5640 sed
1247 5589 1302 5637 et
1330 5580 1375 5636 si
1407 5576 1859 5650 perseveraverit,

261 5683 579 5753 deﬁciatur.

1952 2795 2020 2851 Ut
2058 2795 2362 2866 sacerdotes:
2406 2803 2455 2848 et
2493 2795 2719 2917 mingssttri
2757 2794 2944 2916 alteris
3015 2792 3349 2849 meularibus
3387 2796 3524 2850 curis

2568 2880 2599 2916 α
2686 2879 2840 2917 mean
2869 2901 2883 2917 .

2568 2872 2883 2919 abstineant.

2015 2955 2125 3010 Vll.
2167 2954 2482 3025 Episcopus,
2515 2962 2608 3009 aut
2648 2953 2949 3026 presbyter,
3002 2961 3097 3007 aut
3134 2953 3391 3009 diaconus
3431 2971 3525 3010 ne-

1949 3063 2216 3119 quaquam
2267 3048 2551 3104 saaeulares
2612 3060 2769 3102 curas
2829 3054 3155 3110 assumant;
3213 3047 3293 3101 sin
3349 3047 3523 3113 aliter,

1946 3141 2012 3195 de
2016 3141 2287 3211 jiciantur.

2265 3251 2378 3320 Quo
2410 3259 2635 3321 tempore
2663 3247 2871 3303 Pascha
2899 3247 3201 3302 celebretur.

2016 3364 2149 3419 Vlll.
2182 3363 2237 3419 Si
2264 3362 2384 3434 quis
2413 3361 2716 3432 episcopus,
2748 3366 2843 3414 aut
2869 3358 3170 3429 presbyter,
3205 3366 3300 3413 aut
3338 3358 3523 3414 diaco-

1945 3470 2044 3510 nus
2072 3461 2313 3510 sanctum
2342 3450 2561 3507 Paschae
2588 3449 2730 3505 diem
2758 3456 2883 3503 ante
2910 3446 3129 3505 vernale
3146 3448 3529 3519 aequinoctium

1946 3557 2069 3597 cum
2096 3539 2292 3599 Judaeis
2316 3540 2692 3604 celebraverit,
2725 3538 3027 3608 abjiciatur.

1950 3650 2098 3715 Quod
2136 3650 2361 3707 ministri
2402 3649 2624 3715 altaris,
2666 3647 2926 3727 oblatione
2972 3644 3251 3713 celebrata,
3302 3648 3525 3703 debeant

2525 3732 2924 3772 communicare.

2017 3832 2108 3891 IX.
2139 3832 2197 3888 Si
2225 3833 2345 3903 quis
2365 3830 2670 3901 episcopus,
2700 3833 2791 3883 aut
2812 3827 3111 3898 presbyter,
3136 3831 3229 3881 aut
3248 3825 3528 3895 diaconus,

1949 3926 2035 3982 vel
2063 3924 2289 3995 quilibet
2313 3937 2383 3979 ex
2409 3919 2733 3979 sacerdotali
2760 3919 3026 3988 catalogo,
3058 3918 3200 3973 facta
3228 3917 3526 3985 oblatione,

1951 4032 2060 4073 non
2085 4012 2603 4073 communicaverit:
2635 4018 2731 4066 aut
2749 4023 2966 4068 causam
2994 4008 3154 4075 dicat,
3186 4016 3268 4076 ut,
3298 4010 3344 4063 si
3368 4009 3531 4064 ratio-

1952 4109 2145 4167 nabilis
2174 4107 2357 4173 fuerit,
2406 4104 2620 4162 veniam
2643 4111 3044 4173 consequatur;
3093 4109 3189 4157 aut
3228 4102 3273 4157 si
3312 4116 3420 4157 non
3448 4101 3529 4156 di-

1954 4197 2111 4260 xerit,
2163 4196 2543 4253 communione
2584 4192 2849 4263 privetur,
2898 4199 3151 4261 tanquam
3199 4192 3293 4259 qui
3329 4192 3531 4261 populo

1954 4300 2116 4342 causa
2159 4284 2393 4339 laesionis
2417 4281 2701 4349 exstiterit,
2758 4280 2894 4339 dans
2930 4279 3293 4351 suspicionem
3350 4279 3418 4335 de
3463 4294 3531 4335 eo

1957 4375 2049 4445 qui
2077 4373 2413 4439 sacriﬁcavit,
2444 4371 2589 4441 quod
2609 4378 2758 4426 recte
2778 4385 2886 4425 non
2914 4368 3191 4426 obtulerit.

1959 4484 2110 4551 Quod
2148 4482 2326 4555 ﬁdeles
2355 4482 2510 4550 laici,
2553 4481 2895 4555 ingredientes
2922 4480 3212 4549 ecclesiam,
3241 4483 3529 4538 communi-

2544 4550 2665 4605 care
2685 4550 2926 4606 debeant.

2030 4666 2095 4721 Χ.
2140 4664 2339 4721 Omnes
2365 4661 2553 4720 ﬁdeles
2594 4664 2689 4733 qui
2734 4662 3102 4733 ingrediuntur
3143 4662 3448 4728 ecclesiam,
3479 4672 3535 4718 et

1959 4757 2263 4828 Scripturas
2284 4756 2581 4820 audientes,
2608 4768 2718 4809 non
2745 4761 2922 4808 autem
2950 4761 3301 4823 perseverant
3327 4753 3382 4807 in
3408 4767 3537 4808 ora-

1962 4850 2126 4916 tione,
2158 4864 2259 4904 nec
2297 4854 2538 4903 sanctam
2562 4834 2993 4902 communionem
3034 4844 3358 4915 percipiunt,
3387 4844 3538 4899 velut

1959 4939 2353 5011 inquietudines
2373 4936 2626 4995 Ecclesia:
2653 4944 3075 5002 commoventes,
3108 4933 3358 4991 convenit
3385 4949 3537 4989 com-

1960 5032 2215 5087 munione
2236 5030 2458 5101 privari.

2093 5140 2244 5208 Quod
2272 5159 2385 5197 cum
2417 5139 2871 5197 excommunicatis
2897 5154 3002 5194 non
3030 5141 3097 5192 sit
3124 5137 3397 5193 orandum.

2036 5254 2124 5310 XI.
2153 5252 2212 5308 Si
2237 5253 2359 5324 quis
2383 5266 2509 5308 cum
2534 5251 3027 5317 excommunicato,
3068 5248 3259 5303 saltem
3290 5247 3342 5301 in
3373 5246 3533 5303 domo

1962 5345 2122 5405 simul
2143 5342 2396 5410 oraverit,
2426 5344 2529 5400 iste
2556 5340 2935 5398 communione
2960 5340 3221 5414 privetur.

2088 5455 2239 5523 Quod
2263 5472 2379 5511 cum
2405 5456 2666 5511 damnatis
2686 5453 2889 5511 clericis
2914 5468 3019 5512 non
3048 5455 3117 5509 sit
3135 5452 3410 5510 orandum.

2040 5568 2153 5624 ΧΗ.
2184 5566 2241 5623 Si
2268 5565 2388 5635 quis
2408 5563 2810 5620 cumdamnato
2836 5563 3057 5631 clerico,
3086 5564 3252 5620 veluti
3281 5577 3401 5619 cum
3432 5561 3541 5617 cle-

1973 5663 2106 5729 rico,
2135 5655 2290 5715 simul
2317 5653 2572 5721 oraverit,
2602 5654 2704 5711 iste
2742 5654 3045 5710 damnetur.
