4012 6466
498 347 601 401 14⁸1

1762 344 2115 402 DIONYSIUS
2154 343 2472 401 EXIGUUS.

3657 349 3757 404 148

497 459 760 517 hmreticis
788 459 1038 528 oraverit,
1069 459 1440 517 tantummodo
1477 461 1857 518 communione
1884 461 2063 531 prive-
2095 470 2141 518 A
2173 455 2384 510 Laicum
2427 456 2703 525 pellentem
2746 471 2892 509 suam
2940 469 3209 531 cotqugem
3255 458 3610 512 communione
3640 461 3754 528 pri~

497 558 624 604 tur:
657 551 702 604 si
751 565 882 604 vero
930 559 1181 620 tanquam
1229 549 1452 608 clericos
1497 551 1740 607 hortatus
1779 566 1873 608 eos
1911 550 2070 606 fuerit

499 653 678 710 agere,
709 641 792 696 vel
821 654 998 709 orare,
1024 640 1326 697 damnetur.

501 807 652 874 Quod
683 825 788 866 non
828 808 1046 867 debeam
1079 811 1436 935 heroicorum
1486 809 1800 882 baptismate
1831 826 2071 877 compro-

1287 898 1352 935 η.

1287 898 1352 936 η.

567 1011 748 1068 XLVI.
775 1009 1120 1084 Episcopum,
1168 1021 1262 1068 aut
1296 1013 1668 1085 presbyterum
1698 1011 2067 1068 haereticorum

494 1105 876 1174 suscipientem
925 1104 1190 1174 baptisma
1226 1103 1466 1159 damnari
1522 1104 1860 1174 pmcipimus
1900 1121 1912 1156 :
1949 1117 2068 1172 qua:

495 1193 638 1250 enim
653 1195 940 1250 conventio
955 1193 1152 1251 Christi
1181 1194 1248 1249 ad
1278 1194 1480 1250 Belial?
1508 1202 1602 1249 aut
1627 1207 1746 1264 quae
1773 1208 1897 1264 pars
1925 1192 2068 1249 ﬁdeli

493 1300 617 1342 cum
648 1285 854 1342 infideli
867 1288 892 1340 ‘l

495 1437 647 1506 Quod
695 1439 943 1508 Ecclesia:
977 1437 1284 1508 baptismate
1321 1439 1613 1508 baptizatus
1667 1436 1832 1508 denuo
1889 1438 2062 1508 bapti-

563 1507 675 1562 zari
703 1525 806 1562 non
845 1505 1054 1576 debeat,"
1086 1517 1134 1562 et
1171 1525 1276 1561 non
1309 1505 1396 1562 ita
1423 1507 1710 1578 baptizatus
1747 1507 1927 1561 debeat
1958 1505 2062 1560 iba~

561 1579 772 1648 ptizart'.

559 1708 761 1765 XLVII.
792 1707 1105 1781 Episcopus,
1153 1673 1246 1764 aut
1271 1707 1572 1780 presbyter,
1607 1709 1654 1763 si
1680 1722 1828 1776 eum,
1857 1709 1949 1777 qui
1976 1723 2063 1762 se-

487 1797 722 1853 cundum
747 1799 1028 1854 veritatem
1056 1798 1302 1855 habuerit
1349 1797 1632 1867 baptisma,
1677 1796 1855 1852 denuo
1881 1797 2059 1866 bapti-

2830 526 3072 580 nandum.

2245 613 2467 670 XLVIII.
2495 613 2558 669 'Si
2596 616 2718 685 quis
2754 615 2924 670 laicus
2956 629 3181 669 uxorem
3224 617 3497 686 propriam
3542 617 3752 688 pellens

2173 707 2417 774 alteram,
2447 706 2531 762 vel
2557 705 2624 763 ab
2653 706 2760 762 alio
2801 705 3073 762 dimissam
3103 705 3342 776 duxerit,
3371 710 3753 765 communione

2169 800 2426 872 privetur.

2323 889 2473 955 Quod
2500 892 2554 945 in
2582 892 2787 946 nomine
2818 889 3089 944 Trinitatis
3109 887 3292 943 debeat
3316 888 3590 958 baptizari.

2238 981 2418 1036 XLIX.
2449 982 2507 1037 Si
2533 983 2654 1052 quis
2681 981 2984 1052 episcopus,
3015 988 3107 1035 aut
3131 980 3409 1051 presbyter
3437 978 3587 1048 juxta
3611 994 3749 1048 pra}-

2166 1082 2381 1145 ceptum
2410 1073 2620 1127 Domini
2662 1087 2767 1128 non
2798 1070 3148 1140 baptizaverit
3194 1070 3248 1122 in
3304 1069 3519 1122 nomine
3549 1066 3752 1131 Patris,

2165 1171 2221 1220 et
2251 1163 2387 1227 Filii,
2416 1170 2471 1218 et
2498 1161 2730 1232 Spiritus
2757 1160 2945 1226 sancti,
2992 1159 3086 1215 sed
3137 1159 3188 1212 in
3241 1157 3408 1212 tribus
3437 1157 3552 1212 sine
3592 1158 3747 1212 initio

2165 1252 2460 1322 principiis,
2493 1259 2585 1305 aut
2613 1251 2665 1304 in
2696 1249 2864 1304 tribus
2892 1246 3060 1315 Filiis,
3091 1254 3183 1300 aut
3211 1248 3264 1302 in
3297 1247 3462 1302 tribus
3489 1245 3746 1302 Paracle-

2165 1343 2254 1408 tis,
2286 1341 2586 1411 abjiciatur.

2167 1453 2316 1519 Quod
2356 1471 2459 1509 non
2487 1453 2668 1510 debeat
2692 1471 2796 1523 una
2837 1454 3022 1508 mei-sio
3051 1453 3105 1506 in
3135 1452 3462 1522 baptismate,
3504 1452 3656 1523 quasi
3691 1453 3745 1505 in

2577 1533 2743 1577 morte
2771 1522 3002 1588 Domini,
3036 1525 3322 1593 provenire.

2236 1613 2295 1668 L.
2327 1613 2386 1669 Si
2433 1612 2551 1684 quis
2592 1613 2908 1683 episcopus,
2955 1621 3047 1666 aut
3089 1611 3369 1681 presbyter
3417 1627 3522 1665 non
3548 1611 3744 1666 trinam

2164 1702 2488 1759 mersimus
2517 1703 2678 1759 unius-
2697 1703 2936 1775 mysterii
2957 1703 3210 1767 celebret,
3235 1703 3328 1756 sed
3349 1701 3518 1756 semei
3535 1711 3744 1772 mergat

2167 1796 2219 1850 in
2248 1796 2591 1866 baptismate,
2630 1796 2773 1865 quod
2813 1795 2930 1850 dari
2969 1795 3180 1849 videtur
3209 1796 3260 1848 in
3291 1795 3500 1850 Domini
3544 1806 3742 1860 morte,

487 1889 711 1952 laverit,
751 1895 846 1944 aut
894 1888 1157 1958 pollutum
1201 1887 1270 1942 ab
1318 1865 1494 1957 imp—iis
1536 1902 1645 1942 non
1688 1865 2056 1956 baptizaverit,
2093 1865 2487 1956 Bdeponatur.
2518 1884 2638 1940 Non
2665 1885 2809 1940 enim
2837 1886 2972 1940 dixit
2999 1887 3153 1940 nobis
3181 1885 3457 1951 Dominus,
3480 1883 3742 1958 Immone

488 1977 810 2047 deponatur,
835 1985 1090 2046 tanquam
1115 1977 1364 2033 deridens
1391 1991 1606 2034 crucem
1631 1984 1688 2032 et
1713 1984 1945 2032 mortem
1962 1976 2063 2033 Do-

2167 1949 2286 2031 mea
2314 1975 2605 2045 baptizate,
2633 1975 2751 2044 sed,
2781 1975 2982 2030 Euntes
3003 1974 3192 2030 docete
3219 1985 3406 2028 ornnes
3425 1949 3632 2043 gen(es,
3659 1974 3739 2028 ba-

487 2068 638 2134 mini,
660 2083 760 2126 nec
785 2069 1095 2126 sacerdotes
1121 2084 1153 2124 a
1180 2067 1328 2124 falsis
1350 2067 1717 2125 sacerdotibus
1731 2068 1852 2137 jure
1873 2066 2068 2124 discer-
2164 2067 2432 2137 ptizantes
2457 2079 2556 2122 eos
2585 2066 2640 2120 in
2666 2067 2886 2121 nomine
2917 2063 3110 2130 Patris,
3157 2072 3213 2118 et
3240 2063 3381 2132 Filii,
3429 2074 3484 2118 et
3509 2063 3746 2134 Spiritus

486 2173 642 2216 nens.

2163 2157 2359 2212 sancti.

482 2281 3737 2313 WW—

1469 2379 1829 2452 CANONES
1869 2381 2162 2446 NIC/‘ENI
2209 2380 2557 2445 CONCILII
2609 2381 2759 2443 ΧΧ.

689 2595 768 2652 De
795 2596 1061 2661 eunuchis,
1088 2602 1138 2650 et
1164 2611 1250 2666 qui
1277 2609 1472 2665 seipsos
1500 2593 1849 2648 absciderunt.

550 2683 593 2740 I.
623 2683 680 2740 Si
722 2686 842 2756 quis
869 2701 901 2740 a
928 2686 1149 2741 medicis
1177 2699 1274 2756 per
1300 2684 1615 2753 languorem
1662 2683 1908 2739 desectus
1952 2689 2054 2745 est,

479 2784 572 2833 aut
598 2791 629 2831 a
656 2777 898 2832 barbaris
922 2777 1184 2844 abscisus,
1233 2776 1322 2831 hic
1369 2776 1424 2830 in
1452 2775 1598 2831 clero
1639 2779 1968 2844 permaneat.
1998 2769 2056 2826 Si

478 2867 600 2935 quis
628 2875 808 2921 autem
843 2880 902 2922 se
927 2881 1089 2921 sanus
1111 2865 1354 2932 abscidit,
1385 2865 1548 2933 hunc,
1579 2873 1634 2919 et
1661 2865 1716 2918 in
1761 2861 1904 2918 clero
1927 2878 2055 2918 con-

479 2957 727 3012 stitutum
753 2957 1012 3014 abstineri
1040 2957 1348 3026 conveniet,
1376 2961 1432 3012 ct
1458 2957 1708 3027 deinceps
1736 2956 1941 3010 nullum
1962 2952 2054 3008 de-

477 3045 607 3102 bere
630 3047 810 3101 talium
839 3049 1165 3118 promoveri.
1195 3047 1346 3104 Sicut
1366 3057 1547 3103 autem
1569 3048 1674 3104 hoc
1694 3048 1882 3112 claret,
1905 3044 2049 3116 quod

475 3137 652 3194 dehis
678 3139 771 3207 qui
799 3139 936 3194 hanc
963 3155 1078 3194 rem
1130 3137 1399 3204 affectant,
1448 3140 1532 3194 vel
1558 3137 1779 3206 audent,
1827 3152 1932 3208 qua
1961 3151 2050 3193 se-

2164 2587 2238 2642 De
2265 2588 2345 2642 his
2372 2591 2462 2658 qui
2487 2590 2555 2642 ad
2581 2598 2930 2660 episcopatum
2973 2591 3029 2644 in
3070 2589 3341 2659 provinciis
3369 2587 3734 2657 prove/runtur.

2230 2675 2317 2730 IV.
2347 2675 2669 2747 Episcopum
2700 2679 2954 2734 convenit
2979 2677 3209 2730 maxime
3231 2675 3444 2744 quidem
3474 2676 3541 2729 ab
3570 2676 3734 2730 omni-

2151 2767 2258 2838 bus
2287 2768 2377 2836 qui
2399 2775 2523 2822 sunt
2552 2769 2605 2822 in
2627 2767 2899 2838 provincia
2923 2767 3189 2837 episcopis
3204 2765 3458 2820 ordinari.
3475 2764 3532 2819 Si
3552 2781 3731 2821 autem

2158 2857 2261 2913 hoc
2287 2857 2499 2914 dillicile
2527 2857 2706 2924 fuerit,
2735 2866 2828 2912 aut
2869 2865 3090 2930 prepter
3118 2858 3404 2911 instantem
3441 2858 3731 2911 necessita-

2158 2955 2285 3011 tem,
2317 2955 2408 3001 aut
2437 2957 2656 3017 propter
2677 2947 2881 3003 itineris
2907 2945 3312 3014 longitudinem,
3357 2945 3528 2999 tribus
3551 2952 3730 3000 tamen

2157 3037 2478 3093 omnimodis
2502 3039 2556 3092 in
2578 3038 2806 3109 idipsum
2850 3036 3311 3101 Convenientibus,
3342 3043 3396 3090 et
3420 3035 3729 3090 absentibus

2157 3142 2372 3197 quoque
2401 3129 2516 3197 pari
2538 3126 2700 3183 modo
2725 3125 3152 3192 decernentibus,
3177 3132 3231 3180 et
3263 3139 3361 3195 per
3382 3125 3580 3194 scripta
3609 3141 3728 3179 con-

476 3229 735 3299 metipsos
759 3229 1035 3286 abscidere
1061 3230 1261 3285 dicunt;
1281 3231 1352 3285 sit
1375 3249 1388 3284 ;
1415 3230 1495 3286 sic
1516 3245 1631 3298 eos,
1657 3243 1794 3300 quos
1813 3235 1906 3283 aut
1926 3229 2048 3282 bar-
2077 3241 2122 3302 C
2155 3215 2512 3272 sentientibus
2535 3257 2552 3283 ,
2604 3223 2732 3272 tunc
2779 3213 3046 3270 ordinatio
3111 3213 3428 3269 celebretur.
3480 3211 3538 3268 FI
3550 3214 3728 3270 rmitas

475 3318 614 3385 bari,
662 3329 754 3374 aut
797 3318 1000 3375 domini
1046 3329 1447 3390 castraverunt;
1495 3320 1841 3376 inveniuntur
1868 3325 2046 3374 autem

473 3409 608 3465 alias
634 3410 950 3479 dignissimi,
977 3411 1111 3467 tales
1139 3411 1208 3466 ad
1233 3410 1436 3467 clerum
1463 3410 1682 3483 suscipit
1702 3409 1903 3480 regula.

472 3522 551 3580 De
570 3523 672 3594 his,
693 3524 782 3597 qui
808 3540 877 3579 ea;
898 3524 1191 3597 gentilibus,
1222 3533 1336 3595 post
1367 3525 1645 3596 baptisma,
1674 3524 1744 3578 ad
1770 3523 2044 3579 clericatus

811 3612 813 3614 ·
939 3595 1172 3648 ordinem
1201 3595 1582 3667 promouentur.

536 3681 602 3738 Il.
633 3682 898 3750 Quoniam
925 3682 1102 3754 plura,
1125 3691 1216 3739 aut
1245 3698 1340 3755 per
1364 3685 1760 3752 necessitatem,
1791 3691 1884 3739 aut
1909 3684 2044 3740 alias

465 3772 781 3842 cogentibus
808 3773 1142 3840 hominibus,
1173 3774 1430 3830 adversus
1458 3773 1874 3830 ecclesiasticam
1901 3773 2041 3828 facta

462 3869 589 3918 sunt
611 3861 870 3931 regulam,
897 3869 957 3917 ut
979 3863 1224 3920 homines
1252 3879 1320 3920 ex
1347 3866 1532 3935 gentili
1551 3867 1660 3922 vita
1692 3881 1864 3936 nuper
1889 3879 2043 3921 acce-

465 3950 655 4006 dentes
681 3950 750 4005 ad
775 3950 953 4018 ﬁdem,
1001 3960 1057 4009 et
1096 3953 1385 4012 instructos
1402 3955 1562 4014 .brevi
1603 3964 1864 4025 tempore,
1913 3971 2040 4011 mox

464 4041 532 4099 ad
573 4042 841 4097 lavacrum
868 4042 1109 4112 spiritale
1137 4045 1514 4115 perducerent,
1563 4046 1828 4115 simulque
1853 4053 1912 4100 ut
1939 4045 2036 4100 ba-

462 4130 648 4200 ptizati
677 4139 822 4195 sunt,
847 4133 1008 4186 etiam
1038 4132 1106 4188 ad
1127 4135 1514 4206 episcopatum,
1554 4135 1640 4190 vel
1668 4137 1735 4189 ad
1757 4136 2036 4206 presbyte-

459 4220 596 4279 rium
625 4229 1007 4292 promoverent
1032 4241 1044 4276 :
1077 4225 1279 4294 optime
1307 4224 1528 4296 placuit,
1559 4225 1689 4280 nihil
1721 4225 1824 4281 tale
1854 4225 1923 4280 de
1951 4240 2037 4280 re—

458 4312 604 4379 liquo
622 4309 760 4366 ﬁeri.
790 4311 923 4366 Nam
952 4321 1008 4368 et
1035 4321 1278 4384 tempore
1307 4330 1442 4384 opus
1470 4323 1553 4370 est
1581 4316 1630 4371 ei
1676 4316 1768 4385 qui
1797 4315 2037 4371 catechi-

456 4406 634 4467 satur,
683 4405 740 4454 et
779 4409 902 4469 post
945 4402 1211 4472 baptisma
1250 4405 1573 4473 probatione
1617 4406 2030 4476 quamplurima.

456 4485 737 4546 Manifesta
766 4497 849 4544 est
887 4492 1028 4546 enim
1057 4493 1352 4561 apostolica
1380 4493 1657 4565 Scriptura
1675 4534 1690 4560 ,
1720 4511 1840 4566 qua:
1868 4494 2029 4550 dicit:

2151 3312 2331 3362 autem
2360 3322 2545 3363 eorum
2575 3323 2692 3378 qum
2721 3315 2976 3376 geruntur
3001 3320 3097 3376 per
3137 3319 3571 3375 unamquamque
3598 3319 3725 3376 pro-

2150 3396 2400 3461 vinciam,
2432 3397 2844 3467 metropolitano
2869 3396 3129 3450 tribuatur
3152 3396 3425 3466 episcopo.

2651 3506 2733 3562 De
2759 3506 3231 3561 arcetnmunicatis.

2218 3598 2283 3653 V.
2317 3598 2392 3655 De
2411 3599 2495 3654 his
2518 3598 2609 3669 qui
2641 3599 3017 3654 communione
3037 3597 3331 3668 privantur,
3349 3610 3444 3651 seu
3465 3610 3529 3649 ex
3551 3593 3718 3659 clero,

2144 3703 2244 3746 seu
2268 3703 2336 3743 ex
2358 3688 2496 3743 laico
2522 3688 2733 3756 ordine,
2763 3688 2831 3742 ab
2857 3688 3124 3756 episcopis
3164 3701 3262 3756 per
3289 3697 3722 3754 unamquamque

2144 3781 2499 3850 provinciam,
2543 3780 2812 3836 sententia
2863 3779 3121 3847 regularis
3149 3777 3424 3833 obtineat:
3452 3785 3512 3831 ut
3541 3776 3594 3830 hi
3622 3776 3717 3846 qui

2143 3865 2466 3935 objiciuntur
2492 3867 2558 3921 ab
2597 3867 2733 3931 aliis,
2765 3867 2831 3921 ab
2860 3867 2978 3920 aliis
3005 3881 3112 3920 non
3140 3865 3485 3935 recipiantur.
3514 3864 3718 3932 Requi-

2141 3963 2291 4011 ratur
2312 3963 2510 4023 autem,
2541 3971 2610 4010 ne
2638 3956 3092 4026 pusillanimitate,
3125 3962 3218 4008 aut
3244 3954 3605 4017 contentione,
3631 3951 3719 4006 vel

2141 4047 2251 4102 alio
2275 4047 2514 4116 quolibet
2548 4047 2787 4116 episcopi
2824 4046 2954 4100 vitio
2982 4044 3226 4099 videatur
3249 4060 3280 4098 a
3301 4043 3720 4112 congregatione

2137 4137 2395 4191 seclusus.
2423 4134 2493 4190 Ut
2518 4137 2622 4191 hoc
2643 4149 2770 4204 ergo
2790 4135 3068 4191 decentius
3095 4134 3410 4203 inquiratur,
3435 4134 3570 4188 bene
3594 4132 3716 4201 pla-

2137 4227 2268 4292 cuit,
2300 4228 2454 4282 annis
2480 4227 2723 4296 singulis,
2767 4241 2864 4296 per
2902 4240 3332 4294 unamquamque
3378 4225 3714 4294 provinciam

2136 4316 2220 4372 bis
2247 4317 2301 4370 in
2330 4331 2470 4372 anno
2514 4317 2744 4372 concilia
2786 4315 3084 4370 celebrari:
3127 4323 3182 4368 ut
3209 4314 3563 4369 communiter
3591 4329 3716 4368 om-

2136 4409 2293 4464 nibus
2319 4409 2478 4464 simul
2501 4409 2767 4478 episcopis
2796 4408 3084 4478 provincim
3122 4406 3480 4474 congregatis,
3531 4405 3717 4460 discu-

2137 4500 2338 4554 tiantur
2381 4499 2685 4569 hujusmodi
2713 4499 3056 4568 quaestiones.
3097 4497 3164 4551 Et
3193 4499 3288 4567 sic,
3333 4499 3423 4568 qui
3451 4514 3548 4553 suo
3579 4514 3714 4568 pec-

455 4576 573 4636 Non
603 4580 954 4652 neophytum,
983 4597 1052 4638 ne
1076 4583 1131 4638 in
1163 4586 1467 4654 superbiam
1494 4587 1668 4642 elatus
1690 4587 1742 4642 in
1767 4587 2026 4656 judicium
2055 4594 2109 4656 ι)
2135 4597 2391 4645 caverunt
2409 4588 2687 4644 evidenter
2706 4588 2978 4658 episcopo,
3005 4587 3452 4641 excommunicati
3476 4587 3715 4642 rationa-

455 4669 672 4736 it‘cidat,
695 4678 754 4725 et
770 4671 1018 4742 laqueum
1034 4673 1252 4732 diaboli.
1267 4675 1324 4731 Si
1344 4691 1474 4732 vero
1489 4692 1747 4746 processu
1769 4678 2027 4748 temporis

452 4757 671 4827 aliquod
699 4759 952 4816 delictum
999 4763 1187 4818 anima:
1217 4764 1358 4821 circa
1400 4779 1690 4835 personam
1727 4767 2031 4836 reperiatur

451 4847 783 4923 hujusmodi,
813 4858 868 4904 et
907 4865 939 4906 a
959 4851 1166 4909 duobus
1191 4854 1278 4909 vel
1308 4855 1476 4910 tribus
1501 4855 1726 4911 testibus
1751 4866 2026 4925 arguatur,

451 4955 482 4999 δ
510 4943 654 5000 clero
684 4943 806 4999 talis
833 4945 1114 5002 abstineat.
1147 4946 1204 5003 Si
1225 4947 1345 5017 quis
1375 4956 1555 5004 autem
1583 4956 1778 5020 prmter
1802 4949 1917 5004 haec
1945 4947 2024 5005 fe-

449 5035 602 5099 cerit,
642 5037 792 5104 quasi
830 5046 1019 5093 contra
1058 5052 1306 5107 magnum
1345 5040 1630 5096 concilium
1658 5056 1719 5098 se
1754 5041 1982 5100 ellerens
2004 5083 2020 5110 ,

449 5125 565 5201 Ipse
587 5126 958 5186 de'clericatus
987 5129 1195 5185 honore
1221 5129 1630 5199 periclitabitur.

813 5238 894 5293 De
917 5238 1320 5294 subintroductis
1346 5240 1665 5296 mulieribus.

522 5327 607 5383 llI.
631 5327 912 5385 Interdixit
937 5343 1036 5399 per
1063 5328 1241 5383 omnia
1265 5343 1458 5397 magna
1486 5329 1744 5400 synodus,
1776 5345 1885 5386 non
1907 5330 2023 5401 epi—

446 5431 633 5490 scopo,
664 5433 773 5472 non
801 5419 1138 5490 presbytero,
1169 5431 1278 5472 non
1305 5419 1554 5486 diacono,
1586 5435 1687 5477 nec
1714 5421 1871 5476 alicui
1897 5437 2016 5476 om-

447 5509 595 5572 uino,
620 5508 786 5577 quiin
811 5509 956 5563 clero
979 5515 1079 5574 est,
1113 5508 1276 5564 licere
1311 5511 1774 5567 subintrodnctam
1817 5511 2017 5567 habere

447 5599 729 5656 mulierem
752 5616 766 5653 :
795 5600 897 5657 nisi
919 5598 1059 5655 forte
1085 5609 1337 5670 matrem,
1360 5611 1454 5657 aut
1479 5616 1744 5667 sororem,
1766 5610 1860 5656 aut
1883 5601 2016 5656 ami-

449 5699 573 5749 tmn,
604 5691 688 5747 vel
713 5706 803 5749 eas
858 5701 1063 5749 tantum
1093 5707 1348 5764 personas
1375 5709 1494 5768 qua:
1523 5694 1854 5766 suspiciones
1881 5693 2015 5748 ellu-

412 5783 612 5857 aiunt.

2134 4679 2314 4735 biliter
2348 4678 2416 4733 ab
2463 4679 2711 4733 omnibus
2746 4677 3076 4732 aestimentur
3117 4694 3130 4730 :
3174 4691 3474 4745 usquequo,
3531 4677 3614 4730 vel
3652 4678 3709 4733 in

2131 4768 2426 4834 communi,
2464 4767 2551 4824 vel
2587 4767 2760 4823 eidem
2797 4767 3049 4838 episcopo
3089 4766 3297 4836 placeat
3333 4766 3711 4822 humaniorem

2127 4875 2228 4930 pro
2259 4858 2454 4913 talibus
2481 4858 2622 4914 ferre
2649 4859 2987 4912 sententiam.
3021 4855 3261 4912 Concilia
3282 4868 3411 4910 vero
3430 4856 3676 4910 cclelircn

2128 4956 2234 5015 tur,
2267 4963 2427 5002 unum
2457 4947 2671 5016 quidem
2712 4954 2838 5002 ante
2866 4945 3334 5015 Quadragesimam
3364 4945 3580 5002 Paschae
3607 4965 3619 5000 :
3647 4958 3713 5001 ut

2126 5038 2274 5094 omni
2295 5037 2626 5093 dissensione
2645 5037 2854 5092 sublata
2883 5053 3076 5092 munus
3104 5037 3359 5094 oﬂ‘eratur
3389 5038 3498 5094 Deo
3527 5041 3718 5109 puris-

2127 5129 2321 5185 simum
2347 5146 2361 5183 :
2393 5129 2684 5185 secundum
2709 5143 2859 5195 vero,
2883 5129 3028 5185 circa
3055 5138 3264 5198 tempus
3291 5131 3550 5186 autumni.

2128 5239 2208 5296 De
2247 5241 2528 5312 privilegiis
2569 5257 2682 5312 qua:
2712 5226 3014 5313 quibusdam
3051 5242 3337 5298 civitatibus
3384 5253 3696 5311 competunt.

2198 5331 2286 5386 VI.
2326 5333 2556 5399 Antiqua
2603 5331 2931 5387 consuetudo
2972 5341 3218 5386 servetur
3260 5349 3359 5402 per
3385 5332 3696 5404 IEgyptum,

2122 5420 2366 5493 Libyam,
2391 5430 2443 5476 et
2459 5420 2813 5490 Pentapolim,
2828 5421 2902 5475 ita
2924 5429 2981 5474 ut
3000 5420 3395 5479 Alexandrinus
3414 5426 3700 5495 episcopus

2120 5512 2311 5568 horum
2358 5511 2595 5568 ninnium
2649 5511 2846 5568 habeat
2883 5522 3226 5584 potestatem.
3278 5515 3408 5582 Quia
3457 5528 3514 5573 et
3551 5521 3699 5574 urbis

2121 5601 2304 5658 Roma:
2332 5604 2586 5674 episcopo
2615 5605 2800 5673 parilis
2835 5620 2955 5660 mos
2983 5613 3082 5660 est.
3128 5605 3387 5662 Similiter
3423 5618 3599 5663 autem
3638 5619 3697 5665 et

2109 5691 2260 5760 apud
2288 5692 2646 5760 Antiochiam,
2673 5702 3003 5763 cmterasque
3033 5696 3353 5766 provincias,
3388 5699 3497 5753 suis
3524 5700 3695 5768 privi-

2121 5785 2260 5858 legia
2311 5792 2592 5842 serventur
2635 5782 2905 5843 Ecclesiis.
2956 5784 3091 5845 Illud
3143 5797 3324 5847 autem
3369 5792 3692 5863 generaliter
