4012 6474
248 372 363 428 ιω

246 493 460 543 clarum
490 490 592 544 est,
636 479 781 548 quod
811 480 857 531 sl
887 474 1005 542 quis
1045 480 1243 542 praeter
1284 465 1607 523 sententiam
1636 468 1840 517 metro-

248 573 483 645 politani
511 570 673 624 fuerit
701 567 874 620 Iactus
896 565 1204 633 episcopus,
1228 560 1368 612 hunc
1393 568 1584 623 magna
1608 549 1844 622 synodus

250 663 499 720 deﬁnivit
535 660 851 730 episcopum
891 668 1011 709 esse
1057 666 1167 705 non
1204 658 1478 717 oportere.
1520 643 1614 698 Sin
1663 647 1846 694 autem

253 755 533 833 communi
562 758 884 806 cunctorum
931 746 1153 799 decreto
1195 738 1520 800 rationabili,
1569 744 1626 790 et
1651 747 1846 788 secun-

256 828 395 901 dum
422 841 847 898 ecclesiastimm
892 834 1130 904 regulam
1177 830 1567 899 comprobato,
1619 823 1726 879 duo
1753 826 1850 875 aut

260 947 407 1001 tres,
456 941 679 1004 propter
716 927 1094 984 contentiones
1131 922 1395 993 proprias,
1436 914 1849 977 contradicunt,

262 1028 510 1084 obtineat
538 1022 805 1078 sententia
835 1018 1209 1089 plurimorum.

428 1138 510 1191 De
530 1137 767 1205 episropo
794 1130 979 1196 xEliw,
1003 1130 1063 1183 "id
1085 1138 1160 1182 est
1186 1124 1680 1194 Hierosolymorum.

344 1253 458 1307 VII.
487 1252 621 1316 Quia
651 1245 985 1304 consuetudo
1018 1241 1271 1307 obtinuit,
1288 1245 1343 1294 et
1371 1236 1588 1305 antiqua
1618 1231 1858 1300 traditio,

271 1355 336 1401 ut
350 1344 505 1398 Allia:
525 1342 812 1410 episcopus
838 1338 1161 1395 honoretur,
1200 1330 1395 1384 habeat
1420 1324 1640 1381 honoris
1664 1336 1857 1379 conse-

270 1434 575 1505 quentiam,
599 1430 745 1485 salva
770 1424 1061 1495 metropoli
1083 1421 1301 1493 propria
1329 1418 1607 1486 dignitate.

431 1543 512 1596 De
539 1543 618 1595 his
643 1541 730 1612 qui
770 1538 1010 1591 dicuntur
1050 1531 1282 1598 cathari,
1316 1528 1371 1583 id
1400 1534 1475 1582 est
1502 1524 1700 1579 mundi.

353 1655 487 1710 VIII.
517 1654 592 1707 De
618 1652 700 1705 his
729 1648 821 1719 qui
862 1661 923 1701 se
970 1641 1352 1712 cognominant
1394 1636 1673 1697 catharos,
1704 1632 1757 1687 id
1781 1638 1867 1686 est

276 1747 531 1808 mtmdos,
561 1744 607 1797 si
635 1738 923 1809 aliquando
950 1733 1199 1789 venerint
1227 1730 1293 1785 ad
1317 1727 1611 1784 Ecclesiam
1640 1722 1868 1779 catholi-

1229 356 1448 414 CODEX
1483 349 1811 411 CANONUM
1851 334 2549 402 ECCLESIASTICORUM.

1868 459 1917 518 Α
1942 455 2047 510 bus
2075 458 2256 506 autem
2285 448 2441 504 annis
2486 444 2605 499 sine
2652 438 2931 496 oblatione
2972 433 3175 507 popqu
3202 432 3257 487 in
3288 429 3553 488 oratione

3427 324 3551 379 {501

1948 543 2365 600 communicent.

1948 658 2028 713 De
2054 660 2131 712 his
2180 658 2264 728 qui
2301 652 2808 714 abrenuntiauerunt,
2858 655 2910 729 et
2941 646 3126 700 iterum
3171 640 3240 695 ad
3286 638 3533 694 amulum

2539 730 2660 776 sunt
2690 734 2933 790 regressa.
3470 762 3473 765 .

2019 816 2134 873 XII.
2163 817 2479 884 Quicunque
2524 811 2703 866 vocati
2740 824 2835 880 per
2858 805 3111 877 gratiam,
3156 801 3388 872 primum
3412 796 3534 868 qui-

1951 911 2071 966 dem
2102 910 2358 978 impetum
2382 906 2820 957 monstraverunt
2840 896 3173 967 deponentes
3199 889 3402 945 militize
3428 886 3539 941 ciu-

1953 1002 2132 1072 gulum
2160 1018 2172 1052 :
2205 995 2550 1070 postmodum
2578 1007 2711 1047 vero
2737 990 2802 1045 ad
2824 986 3103 1060 preprium
3130 982 3390 1041 vomitum
3412 986 3540 1035 sunt

1955 1068 2172 1158 relapsi,
2206 1068 2278 1141 ita
2312 1092 2370 1140 ut
2395 1083 2611 1155 quidam
2643 1090 2699 1136 et
2725 1078 2982 1151 pecunias
3010 1076 3337 1139 tribuerent,
3361 1078 3416 1125 et
3437 1068 3537 1123 be-

1957 1177 2161 1232 neticiis
2200 1174 2444 1228 militiam
2480 1175 2827 1241 repeterent,
2896 1164 2953 1220 hi
2998 1164 3187 1219 decem
3224 1160 3379 1215 annis
3416 1163 3541 1228 post

1958 1266 2172 1322 triennii
2213 1273 2421 1333 tempus
2461 1262 2591 1335 (quo
2630 1260 2771 1315 inter
2799 1256 3075 1323 audientes
3113 1249 3293 1321 erunt)
3324 1249 3377 1303 in
3407 1245 3542 1301 al'lli-

1960 1357 2140 1412 ctione
2168 1360 2536 1425 permaneant.
2583 1349 2690 1406 Sed
2717 1349 2772 1403 in
2800 1347 2883 1402 bis
2929 1343 3178 1400 omnibus
3205 1337 3539 1412 propositum

1964 1454 2015 1503 et
2035 1448 2270 1518 speciem
2300 1443 2629 1516 poenitentiae
2658 1438 2912 1499 convenit
2933 1435 3218 1505 explorare
3242 1449 3255 1486 :
3280 1433 3544 1501 quotquot

1963 1516 2106 1593 enim
2132 1544 2300 1603 metu,
2326 1542 2380 1589 et
2414 1530 2686 1603 lacrymis,
2729 1536 2889 1597 atque
2922 1523 3259 1596 pmnitentia,
3285 1519 3372 1575 Vel
3393 1516 3547 1572 bonis

1964 1628 2219 1698 Operibus
2245 1627 2406 1680 rebus
2436 1623 2567 1692 ipsis
2596 1618 3005 1675 conversionem
3037 1627 3214 1679 suam,
3244 1624 3353 1663 non
3382 1607 3567 1661 simum

1966 1696 2186 1781 latione,
2211 1716 2581 1770 demonstrant
2607 1728 2619 1763 :
2648 1709 2703 1763 hi
2722 1705 3003 1762 deﬁnitum
3025 1711 3236 1773 tempus
3259 1696 3549 1754 auditionis

279 1857 424 1904 eam,
453 1838 661 1908 placuit
690 1840 876 1889 sancto
917 1838 971 1883 et
1001 1839 1195 1894 magno
1225 1820 1455 1877 concilio
1485 1824 1541 1872 ut
1569 1814 1870 1886 impositio-
1902 1834 1944 1891 Β
1971 1811 2271 1883 implentes,
2303 1814 2414 1862 tum
2443 1806 2658 1860 demum
2688 1802 2930 1857 ﬁdelibus
2960 1802 3011 1853 in
3042 1799 3287 1854 oratione
3311 1808 3552 1850 commu-

2010 1902 2022 1908 -
2312 1906 2319 1908 _
2430 1896 2449 1908 ι-
2746 1892 2922 1908 u,,I-.
2977 1890 3218 1908 ,μςι4ῌ-
3256 1884 3316 1908 Δ-
3346 1884 3427 1908 L2-
3458 1883 3523 1908 Al:

281 1948 408 1987 nem
449 1941 640 1983 manus
679 1923 1043 1992 accipientes,
1087 1917 1165 1970 sic
1219 1914 1272 1967 in
1310 1912 1456 1965 clero
1492 1911 1863 1977 permaneant.

281 2024 411 2078 “are
457 2028 635 2073 autem
667 2031 777 2085 prce
807 2011 1053 2067 omnibus
1082 2021 1178 2061 eos
1203 2002 1417 2071 scriptis
1463 1997 1716 2054 convenit
1742 2010 1869 2064 pro-

283 2112 448 2173 ﬁteri,
483 2107 625 2179 quod
655 2080 934 2160 catholicae
979 2107 1034 2152 et
1082 2093 1392 2165 apostolicae
1438 2080 1690 2143 Ecclesia:
1738 2084 1871 2152 dog-

282 2211 435 2259 mata
467 2197 783 2267 suscipiant,
827 2201 883 2247 et
906 2192 1200 2258 sequantur
1228 2201 1241 2236 :
1276 2180 1327 2237 id
1346 2186 1451 2244 est,
1474 2185 1529 2231 et
1554 2174 1781 2244 bigamis
1807 2188 1868 2228 se

286 2292 712 2351 communicare,
761 2294 817 2341 et
850 2282 931 2337 bis
974 2280 1065 2349 qui
1118 2277 1172 2331 in
1213 2270 1590 2345 persecutione
1634 2264 1872 2336 prolapsi

286 2395 439 2451 sunt,
466 2396 593 2450 erga
622 2394 758 2450 quos
785 2386 842 2432 et
866 2374 1039 2445 spatia
1071 2368 1362 2426 constituta
1388 2369 1532 2425 sunt,
1557 2368 1612 2415 et
1635 2368 1893 2427 tempora

290 2567 492 2640 placita
522 2567 815 2632 sequantur
859 2555 912 2608 in
939 2550 1204 2607 omnibus.
1240 2541 1555 2614 Ubicunque
1584 2550 1732 2601 vero,
1766 2517 1879 2589 sive

293 2659 350 2715 in
378 2651 708 2722 municipiis,
739 2663 836 2703 seu
866 2645 919 2699 in
950 2639 1254 2698 civitatibus
1282 2633 1382 2705 ipsi
1410 2630 1511 2686 soli
1539 2627 1739 2697 reperti
1768 2625 1882 2680 fue-

294 2752 406 2806 rint
436 2744 710 2805 ordinati,
739 2739 831 2809 qui
877 2734 1221 2791 inveniuntur
1266 2728 1319 2782 in
1364 2725 1510 2780 clero
1592 2721 1648 2775 in
1692 2717 1884 2772 eodem

296 2839 488 2895 habitu
536 2806 921 2905 perseverent:
954 2824 1044 2878 ubi
1091 2827 1269 2875 autem
1311 2813 1589 2870 catholica:
1632 2806 1885 2890 Ecclesiae

297 2887 580 3002 episcopd,
631 2922 718 2975 vel
747 2916 1064 2990 presbytero
1093 2909 1387 2966 constituto
1411 2902 1627 2978 quidam
1670 2912 1738 2952 ex
1780 2887 1887 2951 illis

297 2988 617 3079 adveni-unt,
648 2988 851 3068 certum
880 3013 963 3062 est
1003 3001 1143 3074 quod
1173 3000 1457 3069 episcopus
1509 2989 1762 3046 Ecclesiae
1790 2988 1887 3041 ba-

300 3110 457 3167 bebit
487 3103 729 3176 episcopi
761 3097 1094 3166 dignitatem.
1143 3090 1193 3144 Is
1235 3094 1413 3142 autem
1450 3082 1540 3151 qui
1587 3078 1892 3134 nominatur

1970 1902 2174 1967 nieent,
2202 1896 2544 1971 postmodum
2572 1909 2705 1949 vero
2746 1892 2929 1947 licebit
2967 1890 3222 1959 episcopo
3252 1884 3318 1940 de
3346 1884 3427 1939 his
3458 1883 3554 1936 ali-

1970 1991 2099 2062 quid
2117 1970 2400 2045 humauius
2422 1986 2678 2054 cogitare.
2705 1982 3021 2050 Quicunque
3041 1992 3169 2032 vero
3191 1970 3556 2030 indifferenter

1972 2082 2232 2149 tulerunt,
2272 2086 2328 2133 et
2376 2077 2576 2132 aditum
2612 2070 2920 2129 introeundi
2946 2068 3244 2124 Ecclesiam
3281 2064 3383 2121 sibi
3416 2063 3559 2117 arbi-

1973 2168 2099 2224 trati
2125 2175 2249 2223 sunt
2278 2167 2344 2220 ad
2374 2164 2785 2220 conversionem
2813 2173 2972 2232 posse
2992 2155 3263 2222 sufﬁcere,
3289 2154 3346 2209 hi
3374 2151 3561 2209 delinid

1976 2263 2089 2312 tum
2116 2256 2291 2311 modis
2316 2254 2561 2310 omnibus
2592 2262 2802 2321 tempus
2830 2248 3148 2319 implebunt.

1976 2366 2058 2421 De
2097 2367 2174 2421 his
2218 2366 2303 2437 qui
2334 2365 2742 2419 communionem
2796 2371 3021 2431 tempore
3050 2358 3231 2411 mortis
3260 2359 3561 2425 exposcunt.

2050 2476 2185 2531 XIII.
2226 2477 2302 2532 De
2341 2477 2424 2531 his
2462 2476 2555 2547 qui
2597 2472 2666 2528 ad
2705 2472 2911 2527 exitum
2956 2470 3196 2535 veniunt,
3231 2468 3393 2523 etiam
3423 2480 3566 2521 nunc

1980 2571 2069 2626 lcx
2097 2570 2316 2636 antiqua
2356 2565 2724 2635 regularisque
2775 2562 3110 2626 servabitur,
3156 2560 3229 2613 ita
3277 2567 3336 2611 ut
3363 2556 3406 2612 si
3447 2555 3573 2624 quis

1983 2660 2254 2730 egreditur
2282 2673 2313 2712 e
2340 2670 2591 2727 corpore,
2619 2653 2807 2707 ultimo
2836 2660 2892 2706 et
2918 2648 3227 2703 necessario
3254 2645 3452 2700 viatico
3475 2643 3567 2697 mi-

1984 2752 2129 2805 nime
2177 2747 2437 2818 privetur.-
2493 2742 2644 2809 Quod
2693 2741 2738 2797 si
2782 2739 3116 2809 desperatus,
3162 2742 3217 2789 et
3246 2741 3569 2788 consecutus

1987 2839 2443 2902 communionem,
2468 2833 2861 2901 oblationisque
2884 2830 3152 2901 particeps
3179 2826 3348 2879 factus
3375 2824 3571 2877 iterum

1989 2931 2343 2995 convaluerit,
2393 2928 2462 2982 sit
2493 2927 2631 2981 inter
2678 2939 2774 2980 eos
2816 2921 2909 2993 qui
2956 2916 3390 2975 communionem
3442 2928 3569 2968 ora-

1992 3023 2152 3078 tionis
2178 3017 2546 3075 tantummodo
2575 3021 2997 3083 consequuntur.
3030 3006 3367 3064 Generaliter
3391 3013 3569 3058 autem

1995 3114 2142 3168 Omni
2172 3111 2392 3167 cuilibet
2430 3108 2483 3162 in
2511 3106 2660 3162 exitu
2694 3103 2890 3174 posito,
2924 3108 2979 3155 et
3005 3096 3249 3169 poscenti
3288 3094 3391 3150 sibi
3420 3106 3573 3148 com-

304 3198 452 3270 apud
484 3167 581 3252 eos
610 3167 917 3265 episcopus,
944 3187 1207 3240 honorem
1230 3172 1547 3251 presbyterii
1576 3167 1887 3241 possidebit,

1999 3203 2263 3260 munionis
2286 3200 2515 3271 gratiam
2554 3167 2749 3262 tribui,
2788 3167 3076 3264 episcopus
3116 3185 3466 3260 probabiiiter
3507 3196 3579 3236 ex

305 3290 413 3346 nisi
461 3286 602 3340 forte
650 3278 913 3353 placuerit
949 3274 1203 3343 episcopo
1256 3264 1489 3322 nominis
1526 3275 1648 3316 eum
1685 3259 1895 3313 honore

305 3377 542 3437 censeri.
574 3375 631 3429 Si
663 3387 791 3426 vero
822 3371 924 3424 hoc
953 3366 1004 3421 ei
1034 3362 1252 3418 minime
1281 3354 1563 3428 placuerit,
1591 3347 1896 3421 providebit

309 3472 364 3525 ei
396 3476 490 3521 aut
516 3462 1018 3531 cborcpiscopatus,
1050 3459 1142 3506 aut
1168 3442 1487 3520 presbyterii
1506 3442 1714 3505 locum,
1746 3444 1805 3489 ut
1841 3435 1895 3488 in

308 3559 461 3615 clero
490 3567 712 3625 prorsus
740 3526 859 3603 esse
886 3544 1159 3605 videatur,
1218 3553 1283 3591 ne
1312 3536 1364 3589 in
1404 3546 1509 3587 una
1547 3529 1763 3585 civitate
1791 3526 1897 3579 duo

311 3647 555 3720 episcopi
588 3643 885 3713 probentur
910 3635 1164 3690 existere.

315 3764 398 3817 De
429 3762 509 3813 his
538 3758 623 3830 qui
653 3754 721 3807 ad
750 3754 994 3806 honorem
1022 3740 1320 3827 presbyterii
1357 3737 1469 3790 sine
1504 3734 1741 3788 examine
1779 3743 1901 3799 pro-

962 3822 1086 3873 vecti
1116 3822 1253 3869 sunt.

392 3940 481 3996 IX.
516 3937 689 4007 Siqui
714 3930 1013 4005 presbyteri
1055 3928 1172 3983 sine
1201 3924 1449 3987 examine
1491 3912 1616 3975 sunt
1641 3910 1901 3986 provecti,

316 4033 427 4098 vel,
469 4045 591 4085 cum
631 4027 1046 4084 discuterentur,
1086 4023 1307 4087 peccata
1343 4028 1440 4068 sua
1489 4003 1719 4065 confessi
1760 4006 1905 4068 sunt,

319 4136 379 4181 et
406 4122 688 4183 homines,
739 4122 926 4171 contra
957 4124 1193 4166 canones
1237 4100 1514 4164 commoti,
1558 4110 1748 4150 manus
1774 4106 1907 4145 con—

319 4215 480 4272 fessis
511 4213 789 4279 imponere
818 4206 1181 4264 tentaverunt,
1206 4196 1340 4251 tales
1366 4191 1549 4260 regula
1580 4202 1686 4241 non
1716 4181 1909 4236 admit-

322 4270 413 4371 tit,
440 4302 563 4373 quia
587 4270 736 4367 quod
764 4288 1234 4363 irrcprehensibile
1264 4291 1347 4340 est
1382 4272 1647 4336 cathoﬁca
1675 4270 1912 4329 defendit

322 4392 568 4451 Ecclesia
581 4430 615 4444 ..

325 4509 409 4564 De
439 4508 519 4560 his
554 4505 640 4575 qui
676 4503 730 4555 in
735 4492 1192 4623 “persecutionibus
1229 4490 1563 4559 negaverunt,
1603 4488 1653 4536 et
1681 4485 1911 4551 postmo-

770 4587 855 4623 um
878 4571 931 4620 in
962 4566 1096 4619 clero
1124 4560 1344 4623 promoti
1372 4564 1511 4611 sunt.

770 4587 855 4623 um
878 4571 931 4620 in
956 4566 1096 4635 ,ειεγο
1123 4560 1344 4633 promoti
1372 4564 1511 4611 sunt.

403 4692 470 4748 Χ.
504 4691 817 4758 Quicunque
845 4684 913 4739 de
960 4679 1123 4749 lapsis
1151 4676 1220 4729 ad
1248 4672 1488 4730 ordinem
1519 4667 1651 4723 cleri
1681 4657 1913 4733 promoti

326 4795 463 4845 sunt
491 4799 588 4855 per
613 4777 993 4850 ignorantiam,
1026 4771 1110 4827 vel
1138 4782 1238 4840 per
1278 4761 1642 4821 ordinantium
1668 4753 1918 4811 dissimu-

330 4844 616 4937 lationem,
636 4844 776 4927 'hoc
810 4863 1197 4924 ecclesiasticae
1228 4873 1337 4913 non
1362 4852 1671 4926 ptmjudicat
1698 4844 1915 4915 regulae,

333 4970 541 5043 cogniti
571 4977 804 5034 namque
832 4960 1191 5031 deponantur.

759 5075 837 5129 De
864 5073 1010 5128 laici;
1048 5068 1133 5139 qui
1174 5066 1506 5137 negaverunt.

412 5193 504 5249 XI.
535 5193 613 5247 De
658 5188 744 5244 his
787 5184 880 5256 qui
923 5168 1118 5253 prmte‘r
1163 5173 1542 5231 necessitatem
1587 5162 1924 5237 praevaricati

336 5294 491 5351 sunt,
531 5291 625 5338 aut
660 5286 857 5351 praeter
893 5271 1221 5327 ablutionem
1252 5262 1581 5324 facultatum,
1614 5262 1707 5309 aut
1731 5259 1927 5324 praeter

338 5344 679 5451 periculum,
708 5369 794 5425 vel
841 5362 1043 5434 aliquid
1072 5354 1399 5427 hujusmodi,
1445 5349 1589 5421 quod
1616 5344 1815 5403 factum
1845 5351 1929 5400 est

342 5435 446 5525 sub
477 5435 758 5536 tyrannide
779 5455 970 5511 Licinii
997 5470 1011 5505 :
1045 5448 1245 5520 placuit
1272 5441 1502 5516 synodo,
1551 5437 1794 5510 quamvis
1821 5435 1928 5489 hu-

343 5527 611 5615 manisate
631 5549 927 5622 probentur
948 5541 1171 5611 indigni,
1195 5546 1375 5592 tamen
1403 5535 1481 5589 eis
1502 5527 1935 5603 benevolentiam

348 5643 710 5707 commodari.
753 5640 1067 5707 Quicunque
1096 5646 1224 5700 ergo
1252 5626 1516 5684 veraciter
1543 5618 1935 5693 paenitudinem

349 5747 570 5814 gerunt,
617 5735 790 5792 tribus
818 5731 972 5787 annis
1000 5726 1183 5782 ﬁdeles
1212 5724 1353 5779 inter
1390 5717 1667 5773 audientes
1695 5712 1935 5769 habean-

355 5804 485 5892 tur:
516 5804 573 5890 et
590 5843 687 5889 sex
712 5824 866 5885 annis
892 5820 1039 5882 omni
1066 5831 1125 5878 se
1149 5813 1472 5877 contritione
1499 5806 1772 5882 dejiciant,
1804 5804 1937 5861 duo-

1944 4555 1997 4614 D

1998 3296 2272 3352 oblatione
2297 3291 2428 3347 dare
2455 3287 2691 3344 debebit.

2436 3398 2515 3454 De
2542 3396 2919 3452 catechumenis
2948 3392 3128 3465 lapsis.

2071 3494 2207 3549 XIV.
2239 3493 2314 3548 De
2342 3487 2768 3555 catechumenis,
2809 3491 2997 3540 sancto
3040 3494 3093 3536 et
3123 3492 3319 3548 magno
3343 3475 3578 3532 concilio

2002 3587 2222 3659 placuit,
2251 3594 2308 3640 ut
2337 3584 2507 3638 tribus
2533 3580 2689 3635 annis
2731 3578 2841 3632 sint
2867 3577 3008 3631 inter
3036 3572 3313 3627 audientes
3343 3576 3579 3623 tantum-

2002 3679 2187 3746 modo,
2218 3676 2459 3748 postbtec
2487 3680 2665 3726 autem
2695 3683 2816 3725 cum
2840 3663 3241 3721 catechumenis
3263 3668 3440 3715 orent.
3518 3644 3691 3761 /

2361 3782 2511 3849 Quod
2542 3796 2646 3836 non
2665 3785 2899 3851 Oporteat
2925 3772 3227 3844 demigrari.

2077 3880 2191 3936 XV.
2225 3879 2456 3947 Propter
2481 3874 2705 3929 multam
2732 3865 3212 3940 perturbationem,
3264 3869 3319 3915 et
3359 3856 3585 3913 seditio-

2006 3989 2124 4040 nes,
2172 3985 2291 4041 qum
2320 3946 2492 4022 fiunt:
2531 3962 2733 4034 placuit
2773 3953 3215 4014 consuetudinem
3259 3946 3585 4005 omnimodis

2011 4039 2297 4133 amputari,
2328 4070 2468 4133 quat,
2496 4061 2693 4123 praeter
2720 4049 2982 4119 regulam,
3032 4046 3087 4098 in
3114 4039 3432 4111 quibusdam
3462 4052 3588 4107 par-

2012 4130 2154 4209 tibus
2176 4130 2389 4207 videtur
2410 4146 2640 4202 admissa
2665 4160 2678 4196 :
2703 4143 2778 4196 ita
2800 4149 2859 4195 ut
2878 4138 2947 4193 de
2970 4136 3186 4192 civitate
3206 4131 3273 4186 ad
3291 4130 3587 4191 civitatem,

2012 4261 2122 4299 non
2151 4242 2458 4312 episcopus,
2509 4250 2619 4290 non
2655 4230 2952 4302 presbyter,
2986 4240 3094 4278 non
3121 4222 3378 4276 diaconus
3410 4226 3586 4269 trans—

2014 4307 2235 4393 feratur.
2281 4307 2485 4398 Siquis
2516 4332 2715 4385 autem,
2757 4328 2880 4392 post
2922 4314 3287 4371 deﬁnitionem
3336 4307 3594 4363 sanctict

2016 4426 2197 4496 magni
2221 4421 2455 4487 concilii,
2490 4418 2596 4472 tale
2623 4414 2749 4485 quid
2781 4425 2941 4481 agerc
2982 4404 3288 4470 tentaverit,
3318 4409 3374 4456 et
3402 4415 3461 4454 se
3490 4398 3594 4451 hu-

2014 4515 2312 4589 juscemodi
2333 4510 2549 4580 negotio
2569 4504 2906 4577 manciparit,
2950 4502 3052 4555 hoc
3077 4497 3275 4552 factum
3306 4508 3523 4565 prorsus
3544 4491 3596 4544 in

2022 4612 2233 4669 irritum
2281 4607 2528 4669 ducatur,
2555 4607 2611 4657 et
2634 4598 2944 4653 restituatur
2972 4589 3224 4646 Ecclesia:
3254 4587 3339 4641 cui
3370 4583 3467 4637 fuit
3495 4582 3602 4651 epi-

2023 4720 2239 4774 scopus,
2268 4707 2361 4755 aut
2378 4695 2681 4769 presbyter,
2712 4698 2803 4744 aut
2828 4687 3084 4741 diaconus
3114 4680 3408 4738 ordinatus.

2025 4812 2105 4869 De
2132 4814 2211 4867 his
2246 4811 2332 4881 qui
2372 4810 2427 4861 in
2454 4802 2720 4866 Ecclesiis,
2758 4799 2814 4881 in
2838 4790 3263 4881 quibus‘provecti
3284 4794 3429 4854 sunt,
3454 4783 3607 4836 mini~

2584 4889 2662 4926 me
2685 4867 3050 4941 pet-durarunt.

2102 4974 2238 5030 XVI.
2270 4972 2583 5040 Quicunque
2632 4974 2851 5025 temere,
2887 4973 2949 5013 ac
2975 4951 3311 5026 periculose,
3333 4958 3507 5013 neque
3535 4942 3604 4996 ti-

2034 5081 2239 5124 morem
2266 5062 2361 5117 Dei
2391 5075 2502 5131 prm
2527 5054 2697 5112 oculis
2726 5052 2986 5106 habentes
3008 5085 3021 5110 ,
3064 5057 3164 5097 nec
3192 5033 3610 5114 ecclesiasticam

2031 5122 2269 5229 regulam
2297 5122 2668 5221 agnoscentes,
2717 5139 2996 5198 discedunt
3024 5134 3091 5187 ab
3111 5126 3361 5229 ‘Eccles‘ia
3386 5122 3612 5195 presby-

2032 5216 2153 5315 teri,
2187 5253 2279 5300 aut
2305 5216 2537 5305 diaconi,
2588 5235 2676 5291 vel
2702 5231 3006 5303 quicunque
3048 5220 3147 5315 sub
3174 5216 3358 5315 regula
3388 5226 3610 5283 prorsus

2036 5304 2294 5403 existunt,
2343 5333 2398 5389 bi
2426 5338 2766 5400 nequaquam
2810 5318 3010 5374 debent
3052 5314 3105 5368 in
3136 5311 3295 5365 aliam
3319 5304 3615 5360 Ecclesiam

2034 5429 2223 5498 recipi,
2358 5394 2574 5479 omnem
2605 5394 2978 5471 necessitatem
2994 5401 3247 5460 convenit
3266 5399 3369 5453 ilﬁs
3388 5394 3621 5466 imponi,

2038 5529 2101 5579 ut
2125 5488 2189 5575 ad
2212 5488 2343 5573 suas
2372 5510 2654 5584 parochias
2680 5508 3051 5564 revertantur;
3098 5493 3244 5565 quod
3270 5492 3315 5548 si
3339 5506 3447 5546 non
3470 5488 3621 5544 fere-

2037 5613 2164 5675 rint,
2188 5612 2405 5679 oportet
2428 5616 2524 5657 eos
2550 5595 2928 5656 communione
2961 5588 3183 5661 privari.
3212 5585 3271 5641 Si
3297 5585 3417 5653 quis
3443 5588 3622 5636 autem

2040 5704 2107 5760 ad
2132 5674 2292 5757 alium
2326 5694 2688 5769 pertinentem
2736 5686 3002 5743 audacter
3034 5678 3309 5743 invadere,
3356 5684 3413 5730 et
3443 5674 3495 5728 in
3524 5684 3618 5725 sua

2041 5791 2280 5855 Ecclesia
2307 5761 2558 5849 ordinare
2604 5779 2907 5846 tentaverit,
2936 5789 3049 5834 non
3090 5769 3467 5829 consentiente
3511 5761 3625 5834 epi-
