4012 6464
523 319 616 375 151

1835 330 2180 389 DlONYSIUS
2217 333 2538 391 EXIGUUS.

519 445 686 503 scopo
732 448 760 487 a
804 447 911 504 quo
959 437 1202 494 discessit
1230 443 1276 496 is
1323 439 1412 507 qui
1462 438 1660 508 regula:
1715 443 2091 515 mancipatur:
2123 451 2169 508 Α
2201 445 2456 517 episcopo
2485 449 2584 516 eis,
2613 457 2708 503 aut
2734 437 3047 522 presbytero
3075 454 3402 524 porrigente.
3435 457 3539 514 Sed
3573 474 3636 519 ut
3739 488 3784 516 .-

520 521 785 578 ordinatio
814 523 1176 592 hujuscemodi
1209 526 1356 581 irrita
1384 531 1784 600 comprobatur.

851 636 926 690 De
945 637 1144 694 clericis
1175 656 1359 694 usuras
1389 643 1775 714 accipientibus.

586 721 742 778 XVII.
772 723 1033 791 Quoniam
1064 729 1238 794 multi.
1289 731 1389 788 sub
1421 735 1602 804 regula
1639 737 1937 802 constituti,
1969 753 2096 792 ava-

516 813 692 867 ritiam
735 823 790 868 et
838 816 1014 884 turpia
1060 815 1204 873 lucra
1248 829 1544 890 sectantur,
1595 823 1855 894 oblitique
1901 827 2093 884 divina:

515 901 823 971 Scriptum,
860 903 1091 960 dicentis
1120 924 1132 960 :
1165 906 1268 974 Qui
1305 913 1586 982 pecuniam
1615 928 1766 968 suam
1807 932 1914 971 non
1949 917 2098 974 dedit

514 993 580 1046 ad
603 1010 836 1060 usuram,
854 1004 1097 1052 mutuum
1123 999 1312 1056 dantes
1333 1003 1653 1058 centesimas
1676 1004 1896 1075 exigunt
1922 1025 1933 1060 :
1949 1006 2094 1076 juste

515 1085 724 1140 censuit
750 1095 934 1140 sancta
964 1095 1021 1142 et
1047 1101 1239 1158 magna
1269 1091 1529 1162 synodus,
1551 1103 1610 1147 ut
1629 1095 1673 1148 si
1701 1095 1820 1163 quis
1849 1095 2095 1153 inventus

512 1170 692 1240 fuerit,
725 1183 848 1244 post
871 1175 1009 1231 hanc
1039 1177 1428 1247 deﬁnitionem,
1463 1197 1652 1238 usuras
1682 1185 1967 1256 accipiens,
2001 1195 2094 1241 aut

511 1277 578 1316 ex
607 1262 986 1322 adinventione
1013 1268 1207 1337 aliqua,
1240 1269 1324 1324 vel
1353 1271 1596 1342 quolibet
1623 1274 1785 1330 modo
1815 1276 2089 1344 negotium

513 1355 836 1423 transigens,
878 1366 972 1412 aut
1006 1357 1279 1426 hemiolia,
1321 1361 1373 1416 id
1415 1371 1497 1418 est
1529 1365 1798 1435 sescupla,
1840 1366 2088 1435 exigens;

511 1447 598 1501 vel
629 1446 828 1518 aliquid
857 1451 964 1506 tale
997 1467 1216 1522 prorsus
1256 1455 1570 1523 excogitans
1613 1458 1782 1528 turpis
1811 1457 1941 1513 lucri
1970 1471 2091 1527 gra-

510 1538 602 1601 tia,
628 1538 909 1610 dejiciatur
932 1556 961 1595 a
991 1542 1158 1606 clero,
1191 1551 1246 1597 et
1267 1544 1474 1600 alienus
1501 1547 1699 1601 existat
1723 1563 1754 1602 a
1778 1547 1979 1618 regula.

877 1652 958 1708 De
985 1655 1265 1726 privilegiis
1293 1657 1725 1730 presbyterorum.

579 1741 761 1798 XVIII.
798 1743 1051 1800 Pervenit
1093 1745 1161 1800 ad
1198 1755 1444 1801 sanctum
1488 1763 1848 1820 magnumque
1901 1752 2088 1807 conci-

507 1834 658 1900 lium,
686 1836 832 1906 quod
868 1836 922 1889 in
954 1837 1274 1906 quibusdam
1313 1838 1447 1894 locis
1486 1847 1542 1894 et
1585 1839 1907 1908 civitatibus,
1939 1857 2091 1912 pres-
2121 1824 2167 1882 Β

498 1926 712 1997 byteris
738 1927 966 1996 gratiam
1007 1942 1178 1982 sacrte
1214 1929 1610 1985 communionis
1655 1929 1867 1986 diaconi
1914 1932 2090 2001 porri-

505 2021 669 2084 gant;
700 2015 845 2084 quod
895 2031 995 2070 nec
1023 2015 1231 2085 regula,
1274 2032 1375 2072 nec
1402 2017 1733 2074 consuetudo
1763 2019 2001 2085 tradidit,
2030 2029 2089 2076 ut

505 2106 575 2162 ab
599 2107 684 2161 bis
707 2107 798 2178 qui
821 2115 1145 2186 potestatem
1181 2125 1287 2164 non
1328 2110 1529 2165 habent
1583 2109 1842 2167 oﬁerendi
1883 2112 1958 2167 illi
1996 2115 2087 2183 qui

509 2196 747 2252 oﬁerunt
775 2197 974 2253 Christi
1017 2215 1213 2270 corpus
1252 2202 1532 2272 accipiant.
1565 2201 1675 2256 Nec
1724 2218 1831 2257 non
1876 2211 1932 2258 et
1958 2202 2086 2258 illud

505 2288 758 2354 innotuit,
791 2291 935 2358 quod
959 2290 1176 2358 quidam
1200 2289 1412 2345 diaconi
1451 2300 1577 2347 ante
1620 2293 1902 2363 episcopos
1931 2309 2083 2349 sacra

507 2379 688 2434 oblata
717 2383 1048 2454 contingant.
1089 2383 1215 2439 Haec
1261 2385 1423 2454 igitur
1461 2387 1641 2442 omnia
1670 2395 1998 2455 resecentur,
2029 2398 2085 2442 et

502 2471 560 2526 in
590 2487 686 2526 sua
713 2472 926 2529 diaconi
979 2490 1228 2532 mensura
1270 2487 1658 2546 permaneant:
1686 2478 1914 2534 scientes
1939 2479 2083 2547 quod
2151 2498 2154 2501 ·

500 2562 879 2632 episcoporum
906 2564 1122 2634 quidem
1162 2567 1390 2621 ministri
1417 2567 1543 2634 sint,
1585 2567 1866 2624 inferiores
1901 2577 2079 2624 autem

500 2650 827 2722 presbyteris
855 2653 1155 2708 habeantur
1178 2671 1277 2725 per
1302 2656 1566 2711 ordinem.
1606 2656 1748 2726 Ergo
1777 2669 1898 2728 post
1925 2673 2078 2728 pres-

498 2738 718 2810 byteros
746 2743 970 2811 gratiam
1017 2759 1185 2799 sacra:
1232 2747 1624 2802 communionis
1654 2749 1943 2820 accipiant,
1988 2758 2081 2804 aut

2203 535 2333 590 dere
2371 537 2424 590 in
2463 539 2642 593 medio
2671 541 3109 610 presbyterorum
3139 543 3384 602 diaconis
3413 548 3604 616 liceat;
3653 553 3782 621 quia

2202 631 2246 684 si
2277 631 2382 686 hoc
2406 629 2514 693 ﬁat.
2549 643 2742 703 praeter
2765 637 3006 704 regulam
3031 645 3088 691 et
3122 638 3362 694 ordinem
3388 643 3648 710 probatur
3668 646 3783 699 exi-

2200 732 2362 778 stere.
2394 723 2449 778 Si
2470 725 2590 793 quis
2610 735 2790 781 autem
2820 728 2984 782 etiam
3016 740 3138 800 post
3161 731 3258 786 has
3284 731 3627 791 deﬁnitiones
3650 736 3781 792 obe-

2199 815 2318 872 dire
2347 817 2598 883 nolucrit,
2629 833 2660 872 a
2689 820 2988 875 ministerio
3013 836 3227 878 cessare
3253 823 3486 880 debebit.
3625 813 3630 817 ’

2199 961 2278 1016 De
2327 964 2408 1018 his
2463 967 2550 1036 qui
2594 982 2626 1018 a
2673 966 2840 1023 Paulo
2881 967 3225 1048 Sqmosateno
3262 972 3333 1026 ad
3370 971 3654 1032 Ecclesium
3693 995 3778 1033 re-

2898 1048 3064 1092 munt.

2268 1144 2406 1200 XIX.
2469 1146 2547 1202 De
2591 1147 2932 1206 Paulianistis
2985 1151 3051 1206 ad
3108 1151 3402 1210 Ecclesiam
3457 1158 3778 1214 catholicam

2195 1238 2645 1308 confugientibus,
2678 1241 2918 1298 deﬁnitio
2949 1244 3157 1313 prolata
3187 1255 3290 1310 est,
3343 1256 3402 1301 ut
3441 1247 3778 1317 baptizentur

2196 1329 2543 1386 omnimodis.
2570 1330 2626 1385 Si
2665 1332 2754 1400 qui
2784 1343 2960 1388 autem
2990 1333 3058 1389 de
3096 1335 3180 1390 his
3219 1337 3493 1405 praeterito
3533 1345 3781 1408 tempore

2193 1415 2394 1472 fuerint
2443 1418 2496 1472 in
2525 1419 2692 1486 clero,
2734 1421 2776 1475 si
2806 1421 3022 1491 quidem
3069 1423 3396 1480 immaculati
3443 1435 3498 1481 et
3545 1429 3779 1500 irreprc-

2195 1509 2486 1565 hensibiles
2513 1513 2880 1581 apparuerint,
2906 1514 3160 1584 baptizati
3200 1516 3512 1572 ordinentur
3539 1520 3607 1575 ab
3655 1521 3774 1592 epi-

2193 1613 2358 1670 scopo
2390 1599 2645 1656 Ecclesia:
2673 1603 2949 1659 catholica:
2987 1623 3000 1658 :
3045 1606 3188 1674 quod
3215 1608 3261 1662 si
3290 1607 3548 1664 diseussio
3577 1612 3778 1666 incon-

2193 1702 2356 1757 gruos
2384 1704 2479 1747 eos
2507 1690 2792 1756 invenerit,
2824 1693 2984 1762 abjici
3007 1696 3140 1750 tales
3173 1697 3478 1752 conveniet.
3514 1698 3778 1756 Similiter

2195 1787 2372 1834 autem
2401 1780 2542 1835 etde
2581 1782 2912 1846 diaconissis,
2954 1791 3009 1838 et
3063 1786 3284 1841 omnino
3313 1787 3382 1842 de
3426 1788 3508 1843 his
3536 1791 3628 1858 qui
3673 1793 3774 1845 sub

2192 1870 2374 1938 regula
2402 1881 2702 1939 versantur,
2732 1873 2847 1929 haec
2883 1874 3053 1930 forma
3081 1877 3402 1932 servabitur.
3433 1877 3775 1936 Meminimus

2190 1967 2368 2013 autem
2393 1958 2461 2013 de
2487 1961 2824 2028 diaconissis,
2855 1978 2973 2032 qua:
2999 1964 3052 2018 in
3075 1965 3264 2020 eodem
3290 1966 3474 2020 habitu
3503 1983 3622 2022 esse
3646 1985 3776 2037 pro-

2190 2052 2406 2120 bantur,
2434 2054 2580 2122 quod
2605 2069 2712 2110 non
2741 2056 2975 2111 habeant
2996 2057 3228 2126 aliquam
3253 2074 3443 2114 manus
3474 2061 3777 2129 impositio-

2189 2157 2336 2208 nem,
2381 2151 2438 2198 et
2489 2144 2610 2200 ideo
2665 2146 2840 2202 modis
2875 2148 3124 2204 omnibus
3159 2163 3251 2205 eas
3291 2150 3432 2206 inter
3473 2151 3640 2208 laicos
3676 2153 3773 2209 de-

2187 2235 2382 2303 putari.

2709 2370 2790 2425 De
2824 2373 3078 2442 ﬂectendo
3106 2391 3259 2446 genu.

2260 2481 2376 2536 XX.
2419 2482 2680 2549 Quoniam
2704 2494 2825 2540 sunt
2853 2487 3068 2557 quidam
3095 2488 3149 2542 in
3189 2489 3275 2543 die
3317 2489 3587 2544 dominico
3622 2504 3765 2558 genu

2188 2571 2483 2637 ﬂectentes,
2533 2573 2674 2628 etin
2701 2573 2888 2629 diebus
2928 2574 3276 2630 Pentecostes
3317 2594 3330 2630 :
3375 2585 3435 2631 ut
3481 2577 3661 2632 omnia
3711 2579 3766 2632 in

2190 2660 2454 2715 universis
2485 2661 2614 2716 locis
2635 2671 2997 2728 consonanter
3013 2663 3382 2729 observentur,
3413 2665 3612 2734 placuit
3639 2682 3765 2722 san-

2188 2761 2278 2806 cto
2306 2753 2534 2808 concilio
2563 2762 2767 2809 stantes
2789 2754 3014 2810 Domino
3041 2764 3170 2811 vota
3200 2756 3528 2827 persolvere.

498 2873 3739 2912 Μ

1515 2962 1860 3026 REGULIE
1921 2970 2322 3035 ANCYRANI
2377 2973 2745 3037 CONCILII.

565 3163 688 3219 Istae
707 3163 902 3232 regulae
929 3163 1136 3233 priores
1154 3163 1369 3233 quidem
1399 3173 1524 3220 sunt
1547 3164 1808 3222 Nictenis:
1841 3165 1933 3221 sed
1956 3166 2077 3223 ideo
2104 3173 2148 3233 C
2181 3171 2406 3231 funestis
2452 3177 2724 3235 sacriﬁciis
2771 3183 3138 3246 admoverent,
3184 3191 3277 3238 aut
3313 3184 3518 3255 aliquid
3569 3188 3761 3257 polluti

493 3255 724 3314 Nicienae
770 3253 916 3323 prius
968 3252 1179 3322 scriptae
1229 3261 1382 3318 sunt,
1433 3264 1654 3324 propter
1705 3257 2076 3312 auctoritatem

497 3345 737 3413 ejusdem
777 3344 956 3413 magni
1003 3343 1283 3413 sanctique
1329 3345 1544 3400 concilii
1579 3347 1888 3416 congregati
1936 3347 2077 3418 apud

498 3434 753 3492 Nicaeam.

497 3545 893 3617 Depresbyteris
921 3549 1006 3617 qui
1037 3548 1428 3604 immolaverunt
1447 3557 1672 3621 tempore
1682 3554 2074 3622 persecutionis.

564 3659 704 3716 XXI.
746 3659 1096 3730 Presbyteros
1117 3661 1473 3728 immolantes,
1497 3673 1550 3717 et
1581 3664 1774 3719 iterum
1804 3666 2072 3722 luctamen

494 3750 755 3806 adeuntes
777 3791 792 3816 ,
824 3751 868 3806 si
901 3751 1007 3804 hoc
1049 3765 1158 3806 non
1187 3767 1286 3821 per
1323 3752 1626 3808 illusionem
1675 3755 1929 3824 aliquam,
1980 3757 2073 3811 sed

492 3855 562 3896 ex
585 3842 808 3896 veritate
838 3841 1080 3909 fecerint,
1111 3858 1212 3898 nec
1240 3853 1366 3898 ante
1392 3853 1661 3914 parentes,
1684 3855 1739 3901 et
1760 3846 2073 3903 aﬁ‘ectautes

495 3940 658 4002 atque
703 3934 1009 4002 suadentes,
1050 3935 1482 4014 ut_acstimentur
1527 3939 1740 4006 quidem
1792 3941 2073 3997 tormentis

491 4024 686 4094 aptari,
719 4024 814 4080 sed
849 4025 932 4080 his
979 4027 1092 4081 visu
1125 4035 1329 4081 tantum
1370 4037 1425 4082 et
1466 4029 1652 4085 habitu
1696 4032 1926 4101 subjici,
1973 4034 2073 4090 hos

490 4114 695 4184 placuit
717 4115 978 4169 honorem
1005 4115 1220 4185 quidem
1248 4118 1481 4173 retinere
1508 4121 1738 4189 propria:
1763 4122 1906 4177 sedis
1930 4140 1944 4188 ;
1985 4126 2073 4179 of»

487 4204 630 4261 ferre
669 4221 802 4262 vero
853 4215 945 4262 aut
992 4207 1211 4279 alloqul,
1262 4217 1356 4264 aut
1383 4211 1602 4268 omnino
1647 4213 2072 4272 sacerdotalibus

487 4293 677 4351 ofﬁciis
700 4296 846 4366 fungi
876 4312 982 4353 non
1013 4297 1197 4354 licere.

821 4405 902 4461 De
935 4409 1166 4463 diaconis
1192 4414 1276 4481 qui
1316 4414 1723 4472 immolaverunt.
1819 4405 1826 4412 ’

555 4513 718 4570 XXII.
744 4515 965 4572 Diaconi
1009 4520 1254 4578 similiter
1299 4526 1390 4592 qui
1427 4527 1856 4597 immolaverunt,
1887 4532 2061 4588 hono-

483 4619 602 4660 rem
630 4603 849 4674 quidem
881 4607 1150 4665 habeant:
1195 4623 1408 4668 cessent
1438 4611 1565 4671 vero
1605 4617 1672 4691 ab
1722 4620 1865 4674 omni
1905 4637 2060 4677 sacro

483 4694 806 4761 ministerio,
839 4698 951 4753 sive
977 4714 1006 4753 a
1045 4717 1204 4770 pane,
1238 4705 1350 4759 sive
1372 4721 1401 4759 a
1431 4707 1597 4762 calice
1637 4709 1929 4777 oﬁerendo,
1975 4713 2060 4766 vel

481 4784 840 4854 praedicando.
881 4787 1033 4854 Quod
1088 4793 1133 4847 si
1183 4794 1402 4862 quidam
1453 4797 1826 4868 episcoporum
1860 4803 2062 4856 conscii

478 4884 604 4935 sunt
631 4877 840 4933 laboris
867 4894 1076 4949 eorum,
1100 4893 1153 4938 et
1173 4884 1506 4955 humilitatis,
1540 4899 1590 4944 et
1620 4892 2062 4962 mansuetudinis,

477 4976 532 5022 et
552 4969 823 5025 voluerint
851 4971 928 5026 eis
957 4972 1156 5042 aliquid
1186 4978 1412 5048 amplius
1433 4980 1670 5036 tribuere
1690 4982 1773 5037 vel
1799 4982 2057 5052 adimere,

474 5075 641 5130 penes
670 5062 815 5132 ipsos
844 5064 948 5119 erit
975 5075 1234 5136 potestas.

474 5193 554 5251 De
581 5197 659 5252 Itis
687 5199 773 5270 qui
813 5215 879 5252 ea:
909 5203 1033 5283 fuga
1063 5204 1415 5284 comprehensi
1449 5216 1584 5284 sunt,
1632 5218 1682 5261 et
1708 5226 1800 5278 per
1829 5213 1929 5266 vim
1957 5229 2055 5284 pa-

825 5272 948 5340 gani
979 5273 1106 5325 ritus
1135 5275 1334 5344 aliquid
1361 5279 1697 5344 pertulerunt.

542 5374 726 5430 XXIII.
768 5377 869 5444 Qui
895 5379 1169 5448 fugientes
1196 5385 1573 5454 comprehensi
1602 5397 1758 5455 sunt,
1789 5392 1871 5445 vel
1895 5407 1923 5445 a
1952 5391 2054 5448 do-

473 5467 708 5525 mesticis
736 5469 944 5537 traditi,
970 5472 1057 5526 vel
1090 5474 1356 5545 ademptis
1380 5477 1724 5536 facultatibus
1751 5484 2054 5540 sustinuere

472 5566 762 5622 tormenta,
791 5567 882 5613 aut
911 5562 964 5616 in
1003 5566 1303 5622 custodiam
1339 5569 1469 5624 trusi
1501 5573 1972 5640 proclamaverunt
2000 5591 2058 5630 se

468 5649 805 5707 Christianos
827 5667 964 5720 esse,
999 5663 1053 5710 et
1079 5671 1316 5728 eousque
1361 5664 1566 5718 astricti
1593 5671 1736 5726 sunt,
1772 5674 1828 5718 ut
1865 5681 2054 5721 manus

469 5757 656 5806 eumut
725 5746 1244 5818 comprehendentes
1288 5753 1552 5810 violenter
1595 5755 1945 5825 attraherent,
1999 5766 2051 5813 et

2181 3265 2286 3319 cibi
2315 3281 2412 3336 per
2440 3271 2815 3326 necessitatem
2839 3289 3052 3329 sumere
3072 3286 3413 3345 cogerentur,
3439 3281 3761 3336 conﬁtentes

2175 3355 2376 3425 jugiter
2402 3373 2460 3414 se
2487 3360 2818 3418 Christianos
2839 3379 2976 3431 csse,
3009 3375 3062 3420 et
3091 3367 3290 3422 luctum
3316 3371 3411 3434 rei,
3437 3385 3557 3438 qua:
3583 3373 3748 3425 conti-

2181 3448 2277 3515 git,
2323 3448 2716 3509 incessabiliter
2759 3458 3101 3512 ostendentes
3127 3461 3282 3514 omni
3331 3461 3652 3530 dejectione,
3706 3472 3760 3518 et

2179 3537 2383 3605 habitu,
2413 3549 2468 3595 et
2495 3542 2796 3601 humilitate
2817 3548 2939 3602 vita:
2964 3566 2976 3600 ε
3001 3549 3118 3614 hos,
3145 3551 3292 3605 velut
3321 3561 3470 3607 extra
3499 3553 3760 3608 delictum

2177 3633 2518 3700 constitutos,
2545 3649 2575 3687 a
2596 3639 2988 3694 communionis
3005 3643 3174 3708 gratia
3204 3658 3310 3696 non
3335 3644 3522 3698 vetari.
3548 3643 3603 3698 Si
3630 3661 3758 3700 vero

2177 3726 2431 3793 prohibiti
2453 3737 2579 3783 sunt
2617 3729 2682 3783 ab
2712 3731 2995 3801 aliquibus,
3039 3743 3261 3804 propter
3288 3737 3600 3806 ampliorem
3629 3753 3760 3792 cau-

2177 3814 2361 3881 telam,
2390 3817 2476 3871 vel
2507 3828 2726 3887 propter
2753 3823 3107 3889 quorumdam
3151 3826 3541 3893 ignorantiam,
3575 3829 3758 3881 statim

2176 3907 2525 3976 recipiantur.
2555 3909 2671 3966 [loc
2699 3923 2878 3968 autem
2908 3915 3153 3970 similiter
3182 3926 3237 3972 et
3264 3918 3330 3972 de
3358 3919 3588 3982 clericis,
3615 3928 3670 3974 et
3691 3920 3758 3974 de

2175 3997 2383 4050 ueteris
2413 3997 2564 4053 laicis
2592 4001 2880 4058 observare
2919 4009 3224 4061 conveniet.
3270 4007 3630 4078 Perquisitum
3675 4023 3760 4067 est

2174 4093 2353 4140 autem
2376 4095 2430 4141 et
2458 4089 2606 4152 illud,
2638 4092 2683 4145 si
2712 4087 2938 4161 possunt
2966 4097 3129 4150 etiam
3159 4097 3278 4152 laici
3313 4099 3404 4168 qui
3451 4100 3504 4152 in
3535 4100 3633 4153 has
3664 4115 3766 4154 ne—

2171 4178 2438 4234 cessitatis
2466 4183 2736 4248 angustias
2757 4185 3080 4255 inciderunt,
3104 4187 3168 4240 ad
3199 4188 3480 4242 clericatus
3510 4190 3757 4244 ordinem

2173 4272 2499 4336 promoveri.
2530 4271 2736 4327 Placuit
2781 4291 2909 4344 ergo
2936 4285 2991 4330 et
3031 4279 3146 4344 hos,
3183 4289 3434 4350 tanquam
3483 4283 3574 4351 qui
3623 4285 3758 4338 nihil

2168 4370 2546 4427 peccaverunt,
2581 4364 2624 4415 si
2648 4371 2702 4416 et
2749 4367 3055 4434 praecedens
3098 4382 3282 4423 eorum
3313 4371 3420 4424 vita
3461 4372 3756 4440 probabilis

2168 4451 2257 4517 sit,
2288 4451 2356 4506 ad
2386 4451 2489 4507 hoc
2518 4452 2751 4508 ofﬁcium
2774 4458 3019 4526 provehi.

2091 4536 2139 4590 Ῑ)
2168 4562 2247 4618 De
2295 4565 2373 4619 his
2412 4567 2516 4637 qui,
2569 4567 2780 4622 diversis
2809 4573 2998 4635 causis,
3026 4573 3327 4641 gentilitatis
3369 4574 3498 4626 ritus
3553 4573 3754 4643 aliquid

2789 4651 3109 4710 peregerunt.

2240 4744 2424 4802 XXIV.
2466 4747 2544 4804 De
2594 4749 2678 4803 his
2706 4750 3123 4819 quisacrilicare
3148 4752 3322 4808 coacti
3361 4763 3505 4820 sunt,
3529 4755 3752 4824 insuper

2169 4845 2224 4893 et
2253 4848 2606 4894 camaverunt
2630 4841 2682 4896 in
2713 4842 2896 4907 idolio,
2928 4843 3238 4914 quicunque
3265 4859 3472 4912 eorum,
3517 4860 3637 4900 cum
3661 4846 3754 4900 du-

2169 4937 2440 4997 cerentur,
2472 4931 2676 4986 laetiore
2703 4933 2888 4987 habitu
2919 4932 3152 5000 fuerunt,
3186 4943 3242 4989 et
3269 4936 3600 4991 vestimentis
3628 4951 3752 5005 pre-

2165 5019 2472 5075 tiosioribus
2519 5021 2598 5076 usi
2625 5031 2769 5086 sunt,
2802 5031 2857 5077 et
2890 5035 3199 5094 praeparata:
3227 5040 3394 5080 coma:
3439 5025 3750 5081 indill'eren-

2165 5124 2248 5170 ter
2274 5117 2562 5188 participes
2583 5119 2934 5186 exstiterunt,
2961 5119 3159 5188 placuit
3179 5135 3274 5174 eos
3302 5120 3443 5174 inter
3467 5120 3748 5175 audientes

2164 5221 2274 5260 uno
2321 5222 2464 5261 anno
2502 5207 2778 5273 constitui,
2812 5209 3160 5264 succumbere
3189 5224 3318 5263 vero
3351 5210 3522 5265 tribus
3570 5211 3747 5278 annis,

2165 5296 2219 5350 in
2251 5298 2494 5353 oratione
2523 5306 2704 5353 autem
2734 5299 3135 5354 communicare
3165 5300 3407 5367 biennio,
3435 5308 3490 5354 et
3517 5309 3643 5354 tunc
3680 5302 3746 5354 ad

2161 5385 2508 5457 perfectionis
2561 5390 2789 5455 gratiam
2845 5391 3149 5458 pervenire.
3221 5387 3497 5458 Quotquot
3563 5399 3742 5443 autem

2161 5479 2516 5534 ascenderunt
2554 5482 2750 5550 templa
2794 5490 2944 5536 veste
2986 5482 3217 5550 lugubri,
3264 5491 3320 5535 et
3365 5484 3746 5536 recumbentes

2159 5584 2254 5639 per
2284 5585 2442 5624 omne
2472 5579 2680 5641 tempus
2707 5569 2905 5627 ﬂevere
2930 5573 3241 5640 discubitus,
3267 5572 3311 5626 si
3337 5573 3748 5640 compleverunt

2161 5663 2526 5731 pcenitentiam
2558 5663 2773 5718 triennii
2803 5663 3077 5733 temporis,
3109 5663 3226 5718 sine
3254 5653 3528 5716 oblatione
3567 5663 3742 5717 susci-

2159 5755 2388 5827 piantur.
2426 5755 2481 5812 Si
2514 5764 2689 5811 autem
2721 5772 2825 5813 non
2852 5755 3326 5819 manducaverunt,
3358 5753 3576 5810 biennio
3613 5755 3740 5810 sub-
