4012 6478
344 339 451 397 15ὂ

1349 318 1572 377 CODEX
1601 312 1924 373 CANONUM
1953 303 2645 365 ECCLESIASTICORUM.

3514 300 3613 353 15-3

338 457 469 527 jecti
502 448 850 525 patuitentim,
888 442 1045 500 tertio
1076 455 1218 495 anno
1247 440 1363 494 sine
1390 438 1665 495 oblatione
1686 448 1920 489 commu—
1946 434 1995 491 Α
2026 428 2224 500 placuit
2253 427 2388 490 erui,
2423 435 2479 481 et
2497 425 2574 479 eis
2603 422 2749 478 reddi
2779 421 2971 490 quibus
2998 427 3121 473 ante
3151 416 3362 473 fuerant
3381 416 3616 487 despon-

343 548 557 602 nicent:
599 551 658 598 ut
703 538 1085 611 perfectionem
1114 531 1466 600 quadriennio
1508 532 1919 594 consequantur.

343 637 518 693 Penes
544 643 723 689 autem
747 632 1031 701 episcopos
1056 625 1160 679 erit
1178 632 1441 693 potestas,
1464 619 1679 673 modum
1709 630 1925 671 conver-

340 730 510 785 sionis
565 739 753 780 eorum
808 719 1120 791 probantes,
1172 714 1256 770 vel
1310 712 1596 766 humanius
1648 722 1774 775 erga
1831 719 1927 759 eos

343 836 526 890 agere,
554 818 639 872 vel
662 816 892 885 amplius
915 822 1126 880 tempus
1147 807 1412 862 addicere.
1435 805 1571 857 Ante
1595 802 1772 855 omnia
1798 814 1927 852 vero

343 910 655 983 praecedens
683 921 869 962 eorum
898 904 1006 957 vita
1032 909 1088 955 et
1115 899 1381 970 posterior
1425 896 1740 966 inquiratur,
1770 899 1824 947 et
1852 891 1925 945 ita

343 1010 422 1064 eis
448 1002 783 1074 impertiatur
809 996 1133 1052 humanitas.

489 1120 568 1173 De
594 1117 672 1170 his
699 1115 785 1186 qui
810 1114 991 1166 timore
1018 1110 1146 1161 ritus
1176 1104 1435 1175 gentilium
1459 1108 1778 1172 peregerunt.

419 1228 585 1285 XXV.
630 1225 705 1280 De
726 1202 811 1278 his
859 1221 949 1290 qui
973 1219 1131 1272 minis
1160 1224 1365 1270 tantum
1386 1228 1597 1269 cessere
1623 1225 1921 1281 pmnarum,

344 1334 438 1378 aut
466 1321 770 1392 privatione
794 1314 1105 1369 facultatum
1136 1309 1328 1374 territi,
1378 1316 1471 1362 aut
1513 1300 1920 1371 demi'gratione,

344 1410 784 1465 sacrificaverunt
807 1446 824 1472 ,
847 1414 900 1459 et
928 1407 1187 1460 hactenus
1207 1396 1551 1468 paenitudinis
1574 1394 1921 1461 negligentes,

347 1516 523 1570 neque
552 1496 801 1554 conversi
838 1503 982 1560 sunt,
1014 1491 1172 1560 hujus
1207 1487 1420 1543 concilii
1469 1494 1710 1553 tempore
1754 1489 1926 1536 semet

346 1591 679 1652 obtulerunt,
715 1584 1081 1643 conversionis
1108 1596 1217 1637 suae
1245 1578 1465 1635 consilia
1495 1576 1785 1647 capientes,
1819 1573 1928 1643 pla-

346 1686 458 1739 cuit
498 1697 667 1751 nsque
718 1680 783 1734 ad
829 1691 1080 1746 magnum
1122 1674 1262 1728 diem
1313 1687 1408 1726 eos
1454 1667 1924 1723 inter'audientcs

2028 526 2180 581 sane,
2216 516 2426 571 etiamsi
2456 515 2535 569 eis
2578 530 2609 568 a
2658 512 2964 583 raptoribus
2993 511 3071 563 v'is
3094 510 3239 562 illata
3286 509 3605 565 constiterit.

2028 629 2108 684 De
2154 631 2231 684 his
2278 631 2382 700 qui,
2423 644 2537 683 cum
2591 636 2758 749 esstin't
2801 624 3166 687 catechumeui,
3225 623 3378 675 idolis
3422 622 3611 674 immo-

2708 706 2939 749 arei-unt.

2708 712 2896 749 averan
2905 706 2917 745 l
2926 733 2939 747 ο

2099 807 2288 862 XXXI.
2329 806 2434 861 Eos
2461 804 2552 875 qui
2600 816 2726 860 ante
2747 806 3007 874 baptisma
3038 800 3478 857 sacrificaverunt
3498 799 3611 853 ido-

2028 902 2111 966 lis,
2146 908 2200 954 et
2247 907 2433 968 postea
2479 897 2739 966 baptisma
2770 895 3046 953 consecuti
3075 901 3236 954 sunt,
3288 891 3491 962 placuit
3536 890 3606 945 ad

2028 992 2271 1046 ordinem
2296 988 2541 1061 provehi,
2566 986 2709 1057 quod
2737 985 3028 1055 probentur
3057 985 3245 1039 abluti.

2030 1106 2179 1171 Quod
2215 1121 2319 1160 non
2371 1101 3034 1175 oporteatgchorepiscopos
3069 1100 3287 1175 clericos
3336 1098 3597 1163 ordinare,
3670 1101 3677 1108 '

2487 1174 2585 1227 nisi
2614 1173 2669 1224 in
2697 1171 2840 1241 agris
2868 1180 2918 1223 et
2936 1170 3144 1223 villulis.

2097 1288 2308 1344 XXXII.
2347 1284 2762 1356 Cliorepiscopis
2785 1298 2890 1337 non
2921 1283 3082 1336 licere
3110 1280 3470 1350 presbyteros,
3504 1286 3596 1332 aut

2026 1382 2285 1438 diaconos
2313 1378 2580 1443 ordinare,
2611 1375 2706 1431 sed
2737 1390 2837 1429 nec
2860 1372 3184 1443 presbyteris
3212 1371 3464 1437 civitatis,
3486 1371 3604 1423 sine

2024 1480 2294 1543 praecepto
2331 1468 2600 1541 episcOpi,
2643 1466 2730 1522 vel
2770 1466 2978 1529 litteris,
3027 1464 3081 1518 in
3137 1476 3457 1530 unaquaque
3505 1474 3603 1530 pa-

2027 1562 2233 1618 rochia.

2028 1671 2107 1726 De
2131 1672 2210 1725 his
2237 1673 2322 1742 qui
2345 1685 2485 1724 esum
2508 1667 2741 1721 carnium
2770 1666 2824 1719 in
2847 1665 2980 1720 clero
3012 1663 3274 1718 constituti
3304 1661 3602 1732 di/fugiunt.

345 1776 569 1844 suscipi,
600 1782 653 1827 et
679 1780 798 1842 post
828 1783 1079 1837 magnum
1111 1765 1252 1819 diem
1283 1760 1919 1855 triennioptem-tentiam
1958 1799 1999 1855 Β
2097 1782 2332 1836 XXXHL
2373 1780 2437 1834 Hi
2466 1780 2557 1850 qui
2584 1779 2637 1833 in
2683 1778 2829 1833 clem
2850 1785 2974 1832 sum
3018 1775 3347 1845 presbyteri,
3386 1784 3442 1828 et
3488 1774 3604 1827 (na;

346 1880 526 1935 agere,
560 1872 615 1917 et
656 1860 998 1930 postmodum
1045 1856 1254 1910 duobus
1303 1853 1459 1907 anuis
1498 1852 1613 1906 sine
1655 1849 1925 1904 oblatione

346 1951 751 2009 communicare
778 1965 788 2000 :
823 1956 877 2001 et
910 1952 1040 1999 tunc
1070 1944 1303 2006 demum,
1328 1957 1421 1996 sex
1448 1940 1599 1994 annis
1623 1936 1921 2007 completis,

347 2042 416 2095 ad
464 2036 808 2109 perfectionis
850 2034 1078 2101 gratiam
1119 2030 1421 2101 pervenire.
1454 2029 1511 2083 Si
1537 2043 1667 2083 vero
1711 2027 1924 2096 quidam

345 2141 474 2187 ante
505 2132 645 2184 hanc
668 2126 935 2198 synodum
962 2123 1193 2192 suscepti
1215 2130 1337 2176 sunt
1358 2120 1423 2174 ad
1446 2120 1835 2189 ptenitentiam,
1860 2133 1926 2171 ex

348 2223 440 2277 illo
464 2230 709 2291 tempore
730 2218 936 2272 initium
957 2215 1036 2270 eis
1055 2213 1295 2270 sexennii
1323 2218 1683 2281 computetur.
1708 2209 1763 2263 Si
1784 2209 1927 2277 quod
1973 2262 1977 2267 ,

346 2323 529 2368 autem
556 2310 876 2382 perieulum,
904 2306 986 2362 vel
1011 2305 1199 2361 mortis
1228 2302 1581 2373 exspectatio,
1620 2307 1713 2354 aut
1746 2314 1811 2354 ex
1842 2300 1926 2353 in—

347 2406 619 2469 ﬁrmitate,
645 2410 737 2457 aut
760 2417 826 2455 ex
850 2400 1027 2467 aliqua
1056 2396 1343 2453 occasione
1369 2393 1689 2461 contigerit,
1719 2392 1801 2447 his
1828 2390 1927 2447 sub

345 2495 661 2552 deﬁnitione
684 2499 881 2548 statuta
912 2488 1219 2544 communio
1243 2502 1351 2541 non
1377 2492 1620 2552 negetur.

496 2605 572 2661 De
594 2605 673 2659 his
691 2604 859 2677 quiin
879 2597 1004 2657 locis
1030 2601 1285 2656 idolorum
1313 2598 1759 2652 manducaverunt.

420 2720 613 2779 XXVI.
652 2719 731 2774 De
771 2719 855 2773 his
901 2716 991 2786 qui
1030 2715 1179 2770 festis
1204 2713 1391 2769 diebus
1419 2711 1698 2782 gentilium
1739 2712 1791 2764 in
1836 2724 1925 2763 re-

345 2818 512 2881 motis
559 2829 745 2871 eorum
790 2811 925 2867 locis
965 2808 1212 2865 convivia
1254 2806 1612 2868 celebrarunt,
1668 2803 1927 2873 cibosque

347 2908 602 2983 proprios
625 2904 932 2959 deferentes
957 2900 1154 2955 ibidem
1181 2897 1553 2962 comederunt,
1583 2895 1785 2965 placuit
1806 2901 1927 2963 post

347 2997 722 3072 pauitantiam
766 2992 969 3048 biennii
1010 3005 1105 3046 eos
1148 2988 1365 3058 suscipi,
1410 2995 1586 3042 utrum
1632 3001 1761 3041 vero
1806 3000 1925 3040 cum

348 3088 653 3153 oblatione,
679 3083 874 3153 singuli
903 3082 1299 3152 episcoporum,
1331 3080 1622 3148 probantes
1645 3078 1806 3131 vitam
1832 3091 1927 3131 eo-

347 3196 491 3244 rum,
522 3186 579 3232 et
605 3175 843 3243 singulos
871 3180 1044 3235 actus,
1073 3171 1403 3226 examinem.

545 3290 625 3345 De
647 3290 725 3343 his
757 3289 841 3359 qui
870 3288 1161 3358 frequenter
1179 3285 1332 3338 idolis
1358 3283 1765 3337 immolaverunt.

422 3399 636 3455 XXVII.
679 3398 745 3453 Hi
775 3396 866 3468 qui
923 3397 1160 3452 secundo
1180 3403 1243 3449 'et
1290 3397 1450 3448 tertio
1496 3394 1932 3448 sacrificaverunt

348 3493 548 3559 coacti,
580 3499 814 3560 quatuor
843 3490 997 3542 annis
1025 3486 1350 3558 paenitentiae
1377 3485 1727 3552 subjiciantur
1755 3500 1766 3535 :
1799 3483 1935 3537 duo-

352 3583 454 3637 bus
512 3590 691 3636 autem
747 3579 903 3633 annis
945 3578 1062 3631 sine
1108 3576 1384 3630 oblatione
1411 3574 1827 3637 communicent,
1880 3579 1935 3625 et

352 3672 583 3742 septimo
614 3685 756 3723 anno
786 3668 1021 3737 perfecte
1053 3665 1399 3734 recipiantur.

427 3783 503 3836 De
530 3783 610 3836 his
636 3783 721 3851 qui
762 3789 810 3835 et
840 3781 957 3834 aliis
985 3776 1317 3846 sacriﬁcandi
1348 3791 1531 3828 causas
1560 3774 1858 3827 attulerunt.

425 3892 659 3948 XXVIII.
702 3892 979 3960 Quotquot
997 3898 1175 3944 autem
1208 3904 1313 3943 non
1337 3889 1510 3942 solum
1545 3887 1645 3957 ipsi
1688 3886 1937 3942 deviave-

354 3992 500 4048 runt,
531 3982 626 4037 sed
651 3982 814 4036 etiam
848 3982 1271 4045 insurrexerunt,
1305 3987 1359 4032 et
1404 3978 1780 4047 compulerunt
1824 3977 1935 4031 fra-

357 4083 482 4137 tres,
516 4082 571 4128 et
619 4088 811 4127 causas
847 4071 1185 4140 praebuerunt
1238 4078 1297 4123 ut
1339 4077 1660 4136 cogerentur
1683 4110 1699 4133 ,
1739 4069 1792 4122 bi
1840 4083 1937 4137 per

358 4154 666 4220 triennium
688 4163 907 4233 quidem
937 4164 1114 4217 locum
1157 4162 1298 4216 inter
1327 4161 1603 4214 audientes
1647 4160 1933 4229 accipiant,

359 4273 456 4329 per
494 4257 642 4314 aliud
677 4272 809 4311 vero
853 4256 1166 4311 sexennium
1214 4252 1542 4323 pmnitentize
1590 4252 1939 4320 subjiciantur

356 4349 572 4414 acriori,
613 4356 669 4402 et
698 4348 804 4401 alio
844 4362 989 4401 anno
1028 4345 1460 4400 communionem
1502 4343 1619 4397 sine
1664 4342 1938 4397 oblatione

357 4437 678 4507 percipiant,
711 4444 768 4490 ut
790 4435 1196 4505 perfectionem,
1240 4433 1456 4502 expleto
1488 4431 1770 4498 decennio,
1803 4447 1936 4487 con-

2030 1874 2173 1937 coni,
2207 1880 2261 1927 et
2290 1887 2319 1925 a
2369 1870 2617 1925 carnibus
2662 1868 2968 1931 abstinent,
3012 1866 3211 1936 placuit
3257 1879 3349 1918 eas
3387 1864 3603 1934 quidem

2028 1964 2357 2031 contingere,
2380 1969 2433 2014 et
2465 1960 2556 2023 ita,
2589 1959 2633 2012 si
2659 1958 2943 2020 voluerint,
2964 1955 3261 2009 continere.
3284 1952 3433 2018 Quod
3472 1952 3516 2005 si
3549 1969 3601 2005 ιη

2031 2062 2235 2108 tantum
2263 2067 2355 2106 eas
2384 2050 2780 2115 abominantur,
2811 2055 2869 2100 ut
2893 2061 2992 2099 nec
3017 2045 3181 2109 olera,
3215 2058 3332 2113 qua:
3372 2058 3491 2097 cum
3528 2043 3606 2096 eis

2029 2151 2360 2214 coquuntur,
2411 2140 2719 2196 existiment
2767 2133 3136 2201 comedenda,
3196 2142 3448 2200 tanquam
3496 2146 3604 2185 non

2028 2231 2430 2289 consentientes
2472 2227 2687 2297 regulae,
2723 2226 2789 2279 ab
2829 2224 3017 2279 ordine
3064 2234 3277 2277 cessare
3315 2219 3605 2274 debebunt.

2030 2347 2108 2402 De
2136 2347 2284 2401 rebus
2310 2342 2665 2398 ecclesiasticis
2688 2356 2746 2392 eo
2788 2349 3009 2406 tempore
3039 2334 3318 2402 distractis,
3353 2348 3449 2403 quo
3478 2333 3609 2402 ipsa:

2399 2411 2648 2465 Ecclesia:
2669 2409 2938 2464 viduantur
2962 2407 3233 2477 episcopis.

2099 2522 2337 2579 XXXIV.
2378 2521 2456 2575 De
2477 2521 2559 2574 his
2588 2533 2706 2588 quae
2748 2517 3018 2586 pertinent
3040 2514 3106 2568 ad
3127 2512 3440 2579 Ecclesiam,
3466 2526 3609 2580 quae-

2029 2630 2258 2685 cunque,
2290 2627 2411 2668 cum
2445 2625 2551 2665 non
2581 2616 2723 2663 esset
2757 2607 3061 2675 episcopus,
3108 2602 3405 2673 presbyteri
3432 2600 3610 2654 vendi-

2028 2710 2219 2763 derunt
2244 2709 2269 2769 ,’
2292 2702 2511 2774 placuit,
2543 2699 2770 2753 rescisso
2819 2703 3121 2760 contractu,
3170 2692 3237 2746 ad
3269 2691 3390 2760 jura
3435 2690 3611 2745 eccle-

2030 2799 2247 2855 siastica
2278 2792 2543 2850 revocari.
2572 2789 2627 2843 In
2647 2788 2848 2858 judicio
2890 2794 3069 2841 autem
3099 2785 3203 2839 erit
3252 2781 3510 2852 episcopi,
3563 2781 3609 2836 si

2029 2887 2256 2958 pretium
2281 2885 2475 2939 debeat
2493 2880 2677 2951 recipi,
2710 2892 2881 2933 necne
2906 2894 2917 2929 :
2943 2877 3067 2949 quia
3089 2875 3401 2944 plerumque
3425 2886 3605 2926 rerum

2031 2979 2411 3033 distractarum
2433 2972 2634 3027 reditus
2659 2969 2973 3040 ampliorem
3001 2981 3264 3020 summam
3293 2980 3391 3034 pro
3433 2964 3606 3034 pretio

2028 3069 2154 3122 dato
2182 3063 2490 3121 reddiderit.

1960 3162 2001 3218 (ἶ
2031 3179 2109 3233 De
2169 3178 2249 3231 his
2287 3178 2372 3246 qui
2417 3176 2737 3247 fornicamur
2783 3169 3227 3247 irrationabiliter,
3370 3176 3447 3221 est
3521 3166 3606 3240 qui

2100 3239 2375 3303 miscentur
2394 3239 2678 3317 pecoribus,
2710 3250 2797 3297 aut
2823 3258 2937 3294 cum
2958 3242 3198 3295 masculis
3218 3239 3533 3310 polluuntur.

2100 3359 2315 3415 XXXV.
2355 3358 2433 3413 De
2470 3357 2554 3411 bis
2598 3355 2687 3425 qui
2734 3353 3170 3409 irrationabiliter
3216 3351 3413 3405 versati
3464 3360 3605 3416 sunt,

2031 3452 2145 3508 sive
2174 3456 2476 3514 versantur,
2503 3452 2769 3515 quotquot
2796 3452 2921 3497 ante
2951 3443 3259 3497 vicesimum
3281 3455 3480 3493 annum
3503 3440 3608 3493 tale

2032 3543 2234 3596 crimen
2261 3537 2646 3599 commiserint,
2680 3534 2983 3604 quindecim
3013 3532 3164 3585 annis
3191 3530 3392 3584 exactis
3421 3531 3474 3584 in
3498 3546 3610 3600 pm-

2032 3632 2277 3695 niteutia,
2300 3627 2731 3683 commtmioncm
2748 3637 2962 3677 merean
2971 3632 3053 3675 tur
3065 3622 3365 3676 orationum
3388 3638 3401 3671 :
3416 3619 3610 3674 deinde

2033 3718 2397 3792 quinquennio
2425 3717 2477 3770 in
2507 3717 2609 3771 hac
2641 3716 3019 3771 communione
3059 3713 3329 3775 durantes,
3365 3720 3490 3765 tunc
3516 3711 3611 3764 de-

2036 3829 2182 3869 mum
2209 3809 2494 3867 oblationis
2530 3815 2869 3862 sacramenta
2913 3803 3245 3871 contingant.
3286 3801 3612 3855 Discutiatur

2037 3917 2218 3961 autem
2265 3910 2320 3957 et
2358 3902 2466 3955 vita
2496 3914 2706 3965 eorum,
2753 3896 2926 3969 qualis
2973 3884 3215 3965 tempore
3267 3892 3611 3964 pmnitudinis

2037 3993 2321 4060 exstiterit,
2351 4000 2406 4046 et
2430 3990 2502 4045 ita
2548 3987 2967 4044 misericordiam
3010 3993 3425 4052 consequantur.
3458 3981 3613 4047 Quod

2037 4090 2082 4144 si
2116 4084 2510 4155 inexplebiliter
2538 4083 2619 4136 his
2647 4081 2852 4134 hmsere
2893 4078 3225 4140 criminibus,
3256 4076 3321 4129 ad
3351 4073 3612 4141 agendam

2038 4176 2404 4249 paenitentiam
2447 4171 2708 4243 prolixius
2756 4178 2965 4237 tempus
3012 4167 3301 4221 insumant.
3340 4165 3615 4231 Quotquot

2014 4296 2017 4299 ν
2040 4278 2219 4323 autem
2240 4274 2454 4335 peracta
2476 4278 2545 4316 xx
2570 4274 2828 4314 annorum
2849 4264 3025 4319 tctate,
3049 4263 3103 4309 et
3124 4267 3318 4307 uxores
3333 4253 3612 4317 habentes,

2040 4363 2145 4416 hoc
2171 4365 2395 4428 pect'ato
2424 4352 2657 4425 prolapsi
2697 4359 2840 4411 sunt.
2884 4363 2989 4401 xxv
3030 4346 3183 4400 annis
3229 4343 3615 4414 pmnitudinem

2041 4458 2287 4520 gerentes
2315 4448 2367 4501 in
2397 4442 2827 4501 communionem
2869 4437 3224 4505 suscipiantur
3270 4433 3611 4488 orationum:

357 4538 670 4596 sequantur.
725 4528 869 4582 Inter
913 4528 1024 4582 haec
1075 4536 1254 4581 autem
1294 4535 1348 4580 et
1395 4540 1581 4580 eorum
1635 4526 1746 4579 vita
1807 4539 1941 4595 pen-
1968 4520 2018 4579 D
2043 4546 2096 4598 ίη
2123 4555 2227 4611 qua
2256 4534 2621 4608 quinquennio
2646 4530 3020 4602 perdurantes,
3051 4535 3176 4579 tunc
3208 4525 3422 4579 demum
3464 4522 3617 4577 ama-

356 4618 525 4672 sanda
556 4627 662 4673 est.

359 4732 439 4789 De
466 4732 698 4787 diaconis
746 4733 832 4803 qui
863 4740 1087 4802 tempore
1114 4730 1467 4813 ordinationis
1494 4729 1555 4781 de
1584 4728 1772 4798 nuptiis
1810 4735 1943 4781 atte-

1002 4808 1125 4855 stati
1151 4808 1290 4853 sunt.

432 4913 622 4970 XXIX.
664 4916 909 4982 Diaconi,
949 4914 1254 4983 quicunque
1300 4912 1632 4977 ordinantur,
1663 4910 1707 4964 si
1745 4910 1798 4965 in
1830 4910 1941 4980 ipsa

355 5010 700 5063 ordinatione
723 5006 1004 5077 protestati
1031 5011 1176 5072 sunt,
1204 5011 1258 5058 et
1288 5003 1538 5057 dixerunt
1564 5002 1700 5057 velle
1728 5016 1786 5056 se
1813 5016 1941 5055 con-

354 5101 505 5171 jugio
530 5098 793 5169 copulari,
826 5098 953 5167 quia
992 5097 1071 5151 sic
1114 5109 1333 5155 manere
1380 5110 1489 5148 non
1539 5101 1780 5164 possunt,
1807 5092 1861 5146 bi
1896 5093 1940 5147 si

354 5189 707 5262 postmodum
739 5203 937 5243 uxores
960 5186 1229 5249 duxerint,
1258 5185 1309 5239 in
1338 5183 1630 5238 ministerio
1661 5191 1936 5246 maneant,

352 5291 648 5355 prepterea
671 5281 818 5350 quod
849 5280 925 5334 eis
947 5279 1233 5348 episcopus
1262 5276 1529 5331 licentiam
1560 5274 1785 5329 dederit.
1810 5273 1942 5340 Qui-

350 5391 575 5444 cunque
604 5390 734 5428 sane
761 5381 1064 5435 tacuerunt,
1099 5381 1151 5424 et
1177 5376 1529 5438 susceperunt
1554 5382 1742 5421 manus
1771 5366 1945 5434 impo-

348 5468 631 5530 sitionem,
676 5464 905 5535 professi
948 5461 1356 5521 continentiam,
1407 5466 1461 5513 et
1511 5466 1699 5527 postea
1746 5456 1946 5526 nuptiis

347 5556 584 5625 obligati
610 5564 754 5621 sunt,
776 5569 809 5607 a
838 5552 1132 5608 ministerio
1155 5562 1368 5604 cessare
1395 5546 1681 5601 debebunt.

530 5667 606 5721 De
625 5667 950 5737 desponsatis
977 5663 1179 5734 puellis,
1203 5668 1251 5714 et
1274 5659 1335 5713 ab
1365 5658 1481 5711 aliis
1510 5657 1777 5726 corruptis.

436 5776 606 5836 XXX.
650 5777 1010 5847 Desponsatas
1033 5773 1257 5846 puellas,
1288 5780 1339 5827 et
1365 5777 1485 5842 post
1507 5769 1573 5826 ab
1603 5767 1716 5823 aliis
1743 5773 1941 5839 raptas,

2047 4632 2204 4686 tionis
2232 4633 2566 4683 sacramenta
2599 4620 2914 4692 percipiant.
2948 4615 3102 4682 Quod
3126 4615 3169 4668 si
3198 4614 3289 4681 qui
3332 4621 3386 4667 et
3424 4625 3619 4666 uxores

2042 4721 2324 4779 habentes,
2355 4722 2411 4768 et
2433 4709 2875 4767 transcendentes
2902 4704 3397 4775 quinquagesimum
3425 4718 3619 4755 annum

2042 4817 2231 4871 gelatis,
2264 4806 2337 4859 ita
2359 4801 2723 4869 deliquerint,
2758 4797 2825 4854 ad
2855 4797 3058 4851 exitum
3081 4794 3201 4850 vita:
3232 4790 3623 4848 communionis

2044 4898 2271 4969 gratiam
2299 4899 2714 4962 consequantur.

2046 5014 2126 5069 De
2153 5014 2232 5067 his
2258 5012 2345 5083 qui
2365 5010 2420 5063 in
2446 5006 2681 5083 pecudes,
2709 5003 2785 5057 rel
2814 5006 2868 5083 in
2889 5002 3169 5083 masculos,
3193 5007 3282 5047 aut
3301 4994 3421 5083 olim
3442 4990 3623 5062 polluti

2278 5068 2417 5142 sunt,
2446 5068 2533 5130 aut
2561 5077 2806 5128 hactenus
2835 5072 2927 5124 hoc
2956 5071 3074 5121 vitio
3100 5068 3379 5119 tabescunt.

2118 5192 2355 5249 XXXVI.
2420 5189 2531 5244 Eos
2585 5188 2675 5257 qui
2739 5181 3173 5241 irrationabiliter
3228 5179 3514 5243 vixerunt,
3570 5182 3623 5229 et

2046 5291 2191 5359 lepra
2241 5284 2424 5354 injusti
2478 5281 2717 5337 criminis
2765 5278 2899 5331 alios
2962 5273 3307 5344 polluerunt,
3374 5266 3628 5339 prmcepit

2048 5389 2233 5437 saneta
2255 5375 2493 5449 synodus
2522 5375 2663 5428 inter
2702 5385 2794 5425 eos
2822 5382 3000 5435 orare,
3044 5364 3134 5434 qui
3171 5361 3361 5431 spiritu
3406 5356 3625 5430 pericli~

2051 5482 2231 5527 tantur
2260 5465 2553 5524 immundo.

2054 5584 2129 5639 De
2155 5584 2232 5636 his
2264 5581 2350 5651 qui
2379 5579 2447 5632 ad
2475 5578 2823 5644 episc0patum
2860 5570 3083 5641 promoti
3119 5575 3257 5629 sunt,
3288 5580 3379 5619 nec
3418 5562 3625 5631 recepti.

2120 5670 2379 5727 XXXVII.
2420 5669 2476 5722 Si
2504 5668 2595 5737 qui
2616 5663 2857 5735 episcopi
2884 5661 3113 5717 ordinati
3142 5668 3283 5722 sunt,
3308 5674 3408 5713 nec
3428 5656 3627 5725 recepti

2050 5766 2118 5822 ab
2148 5763 2233 5820 illa
2268 5760 2520 5835 parochia
2553 5758 2607 5817 in
2645 5770 2750 5829 qua
2778 5754 2988 5812 fuerant
3034 5751 3387 5821 denominati,
3438 5746 3599 5806 volue
