  <div class='ocr_page' id='page_1' title='image "/cluster/home/n/w/nwhite01/storage/ocr_20150623/67/umn.31951002477360y/091.png"; bbox 0 0 4012 6482; ppageno 0'>
   <div class='ocr_carea' id='block_1_1' title="bbox 423 307 522 363">
    <p class='ocr_par' dir='ltr' id='par_1_1' title="bbox 423 307 522 363">
     <span class='ocr_line' id='line_1_1' title="bbox 423 307 522 363; baseline 0 -1"><span class='ocrx_word' id='word_1_1' title='bbox 423 307 522 363; x_wconf 71' lang='lat' dir='ltr'><strong>IE5</strong></span> 
     </span>
    </p>
   </div>
   <div class='ocr_carea' id='block_1_2' title="bbox 1696 296 2412 358">
    <p class='ocr_par' dir='ltr' id='par_1_2' title="bbox 1696 296 2412 358">
     <span class='ocr_line' id='line_1_2' title="bbox 1696 296 2412 358; baseline -0.006 0"><span class='ocrx_word' id='word_1_2' title='bbox 1696 299 2053 358; x_wconf 81' lang='lat' dir='ltr'><strong>DIONYSIUS</strong></span> <span class='ocrx_word' id='word_1_3' title='bbox 2089 296 2412 356; x_wconf 80' lang='lat' dir='ltr'><strong>EXIGUUS.</strong></span> 
     </span>
    </p>
   </div>
   <div class='ocr_carea' id='block_1_3' title="bbox 3594 301 3698 360">
    <p class='ocr_par' dir='ltr' id='par_1_3' title="bbox 3594 301 3698 360">
     <span class='ocr_line' id='line_1_3' title="bbox 3594 301 3698 360; baseline 0 0"><span class='ocrx_word' id='word_1_4' title='bbox 3594 301 3698 360; x_wconf 77' lang='lat' dir='ltr'><strong>f56</strong></span> 
     </span>
    </p>
   </div>
   <div class='ocr_carea' id='block_1_4' title="bbox 422 396 3698 489">
    <p class='ocr_par' dir='ltr' id='par_1_4' title="bbox 422 396 3698 489">
     <span class='ocr_line' id='line_1_4' title="bbox 422 396 3698 489; baseline -0 -14"><span class='ocrx_word' id='word_1_5' title='bbox 422 421 634 488; x_wconf 83' lang='lat' dir='ltr'><strong>rintque</strong></span> <span class='ocrx_word' id='word_1_6' title='bbox 664 417 796 475; x_wconf 88' lang='lat' dir='ltr'><strong>alias</strong></span> <span class='ocrx_word' id='word_1_7' title='bbox 825 414 1088 488; x_wconf 69' lang='lat' dir='ltr'><strong>occupare</strong></span> <span class='ocrx_word' id='word_1_8' title='bbox 1117 396 1419 487; x_wconf 85' lang='lat' dir='ltr'><strong>parochias,</strong></span> <span class='ocrx_word' id='word_1_9' title='bbox 1451 422 1506 467; x_wconf 90' lang='lat' dir='ltr'><strong>et</strong></span> <span class='ocrx_word' id='word_1_10' title='bbox 1535 414 1638 469; x_wconf 89' lang='lat' dir='ltr'><strong>vim</strong></span> <span class='ocrx_word' id='word_1_11' title='bbox 1687 414 2003 484; x_wconf 68' lang='lat' dir='ltr'><strong>praesulibus</strong></span> <span class='ocrx_word' id='word_1_12' title='bbox 2031 419 2080 479; x_wconf 76' lang='grc' dir='ltr'>Α</span> <span class='ocrx_word' id='word_1_13' title='bbox 2106 414 2410 482; x_wconf 78' lang='lat' dir='ltr'><strong>definimus,</strong></span> <span class='ocrx_word' id='word_1_14' title='bbox 2441 421 2503 468; x_wconf 90' lang='lat' dir='ltr'><strong>ut</strong></span> <span class='ocrx_word' id='word_1_15' title='bbox 2523 413 2604 469; x_wconf 90' lang='lat' dir='ltr'><strong>eis</strong></span> <span class='ocrx_word' id='word_1_16' title='bbox 2623 413 2810 469; x_wconf 83' lang='lat' dir='ltr'><strong>decem</strong></span> <span class='ocrx_word' id='word_1_17' title='bbox 2847 429 3112 471; x_wconf 88' lang='lat' dir='ltr'><strong>annorum</strong></span> <span class='ocrx_word' id='word_1_18' title='bbox 3145 425 3372 489; x_wconf 87' lang='lat' dir='ltr'><strong>tempus,</strong></span> <span class='ocrx_word' id='word_1_19' title='bbox 3399 417 3698 475; x_wconf 87' lang='lat' dir='ltr'><strong>secundum</strong></span> 
     </span>
    </p>
   </div>
   <div class='ocr_carea' id='block_1_5' title="bbox 417 505 1996 577">
    <p class='ocr_par' dir='ltr' id='par_1_5' title="bbox 417 505 1996 577">
     <span class='ocr_line' id='line_1_5' title="bbox 417 505 1996 577; baseline -0.006 -9"><span class='ocrx_word' id='word_1_20' title='bbox 417 525 602 570; x_wconf 72' lang='lat' dir='ltr'><strong>earum</strong></span> <span class='ocrx_word' id='word_1_21' title='bbox 657 512 875 577; x_wconf 86' lang='lat' dir='ltr'><strong>inferre,</strong></span> <span class='ocrx_word' id='word_1_22' title='bbox 925 509 1214 564; x_wconf 86' lang='lat' dir='ltr'><strong>seditiones</strong></span> <span class='ocrx_word' id='word_1_23' title='bbox 1257 507 1511 560; x_wconf 88' lang='lat' dir='ltr'><strong>adversus</strong></span> <span class='ocrx_word' id='word_1_24' title='bbox 1544 519 1641 560; x_wconf 91' lang='lat' dir='ltr'><strong>eos</strong></span> <span class='ocrx_word' id='word_1_25' title='bbox 1688 505 1996 570; x_wconf 82' lang='lat' dir='ltr'><strong>excitando,</strong></span> 
     </span>
    </p>
   </div>
   <div class='ocr_carea' id='block_1_6' title="bbox 419 596 2003 674">
    <p class='ocr_par' dir='ltr' id='par_1_6' title="bbox 419 596 2003 674">
     <span class='ocr_line' id='line_1_6' title="bbox 419 596 2003 674; baseline -0.006 -14"><span class='ocrx_word' id='word_1_26' title='bbox 419 605 522 660; x_wconf 81' lang='lat' dir='ltr'><strong>Itos</strong></span> <span class='ocrx_word' id='word_1_27' title='bbox 551 605 705 674; x_wconf 80' lang='lat' dir='ltr'><strong>abjici</strong></span> <span class='ocrx_word' id='word_1_28' title='bbox 730 603 949 673; x_wconf 75' lang='lat' dir='ltr'><strong>placuit.</strong></span> <span class='ocrx_word' id='word_1_29' title='bbox 978 599 1131 666; x_wconf 85' lang='lat' dir='ltr'><strong>Quod</strong></span> <span class='ocrx_word' id='word_1_30' title='bbox 1179 599 1223 652; x_wconf 93' lang='lat' dir='ltr'><strong>si</strong></span> <span class='ocrx_word' id='word_1_31' title='bbox 1273 596 1541 651; x_wconf 89' lang='lat' dir='ltr'><strong>voluerint</strong></span> <span class='ocrx_word' id='word_1_32' title='bbox 1586 597 1640 650; x_wconf 90' lang='lat' dir='ltr'><strong>in</strong></span> <span class='ocrx_word' id='word_1_33' title='bbox 1681 597 2003 666; x_wconf 78' lang='lat' dir='ltr'><strong>presbyterii</strong></span> 
     </span>
    </p>
   </div>
   <div class='ocr_carea' id='block_1_7' title="bbox 421 687 1998 762">
    <p class='ocr_par' dir='ltr' id='par_1_7' title="bbox 421 687 1998 762">
     <span class='ocr_line' id='line_1_7' title="bbox 421 687 1998 762; baseline -0.006 -13"><span class='ocrx_word' id='word_1_34' title='bbox 421 696 632 761; x_wconf 83' lang='lat' dir='ltr'><strong>ordine,</strong></span> <span class='ocrx_word' id='word_1_35' title='bbox 674 695 762 747; x_wconf 90' lang='lat' dir='ltr'><strong>ubi</strong></span> <span class='ocrx_word' id='word_1_36' title='bbox 794 692 940 762; x_wconf 90' lang='lat' dir='ltr'><strong>prius</strong></span> <span class='ocrx_word' id='word_1_37' title='bbox 985 690 1213 751; x_wconf 91' lang='lat' dir='ltr'><strong>fuerant,</strong></span> <span class='ocrx_word' id='word_1_38' title='bbox 1241 696 1299 740; x_wconf 91' lang='lat' dir='ltr'><strong>ut</strong></span> <span class='ocrx_word' id='word_1_39' title='bbox 1345 687 1665 756; x_wconf 85' lang='lat' dir='ltr'><strong>presbyteri,</strong></span> <span class='ocrx_word' id='word_1_40' title='bbox 1714 687 1954 740; x_wconf 83' lang='lat' dir='ltr'><strong>residere</strong></span> <span class='ocrx_word' id='word_1_41' title='bbox 1981 726 1998 753; x_wconf 96' lang='lat'><strong>,</strong></span> 
     </span>
    </p>
   </div>
   <div class='ocr_carea' id='block_1_8' title="bbox 417 775 2007 851">
    <p class='ocr_par' dir='ltr' id='par_1_8' title="bbox 417 775 2007 851">
     <span class='ocr_line' id='line_1_8' title="bbox 417 775 2007 851; baseline -0.004 -15"><span class='ocrx_word' id='word_1_42' title='bbox 417 795 528 838; x_wconf 79' lang='lat' dir='ltr'><strong>nan</strong></span> <span class='ocrx_word' id='word_1_43' title='bbox 553 783 870 851; x_wconf 85' lang='lat' dir='ltr'><strong>abjiciantur</strong></span> <span class='ocrx_word' id='word_1_44' title='bbox 900 778 1116 849; x_wconf 87' lang='lat' dir='ltr'><strong>propria</strong></span> <span class='ocrx_word' id='word_1_45' title='bbox 1139 777 1417 844; x_wconf 83' lang='lat' dir='ltr'><strong>dignitate.</strong></span> <span class='ocrx_word' id='word_1_46' title='bbox 1439 775 1496 829; x_wconf 90' lang='lat' dir='ltr'><strong>Si</strong></span> <span class='ocrx_word' id='word_1_47' title='bbox 1517 783 1694 830; x_wconf 83' lang='lat' dir='ltr'><strong>autem</strong></span> <span class='ocrx_word' id='word_1_48' title='bbox 1716 775 2007 831; x_wconf 71' lang='lat' dir='ltr'><strong>seditiones</strong></span> 
     </span>
    </p>
   </div>
   <div class='ocr_carea' id='block_1_9' title="bbox 421 866 2006 936">
    <p class='ocr_par' dir='ltr' id='par_1_9' title="bbox 421 866 2006 936">
     <span class='ocr_line' id='line_1_9' title="bbox 421 866 2006 936; baseline -0.004 -10"><span class='ocrx_word' id='word_1_49' title='bbox 421 879 764 926; x_wconf 83' lang='lat' dir='ltr'><strong>commovent</strong></span> <span class='ocrx_word' id='word_1_50' title='bbox 793 869 988 924; x_wconf 88' lang='lat' dir='ltr'><strong>ibidem</strong></span> <span class='ocrx_word' id='word_1_51' title='bbox 1021 866 1329 923; x_wconf 89' lang='lat' dir='ltr'><strong>constituis</strong></span> <span class='ocrx_word' id='word_1_52' title='bbox 1373 866 1658 935; x_wconf 88' lang='lat' dir='ltr'><strong>episcopis,</strong></span> <span class='ocrx_word' id='word_1_53' title='bbox 1691 867 2006 936; x_wconf 76' lang='lat' dir='ltr'><strong>presbyterii</strong></span> 
     </span>
    </p>
   </div>
   <div class='ocr_carea' id='block_1_10' title="bbox 2105 503 3264 575">
    <p class='ocr_par' dir='ltr' id='par_1_10' title="bbox 2105 503 3264 575">
     <span class='ocr_line' id='line_1_10' title="bbox 2105 503 3264 575; baseline 0.003 -17"><span class='ocrx_word' id='word_1_54' title='bbox 2105 503 2352 575; x_wconf 59' lang='lat' dir='ltr'><strong>praefixos</strong></span> <span class='ocrx_word' id='word_1_55' title='bbox 2371 503 2567 572; x_wconf 84' lang='lat' dir='ltr'><strong>gradus</strong></span> <span class='ocrx_word' id='word_1_56' title='bbox 2581 504 2914 573; x_wconf 74' lang='lat' dir='ltr'><strong>pmnitentiae</strong></span> <span class='ocrx_word' id='word_1_57' title='bbox 2955 506 3264 574; x_wconf 82' lang='lat' dir='ltr'><strong>largiamur.</strong></span> 
     </span>
    </p>
   </div>
   <div class='ocr_carea' id='block_1_11' title="bbox 2705 637 3100 693">
    <p class='ocr_par' dir='ltr' id='par_1_11' title="bbox 2705 637 3100 693">
     <span class='ocr_line' id='line_1_11' title="bbox 2705 637 3100 693; baseline 0.005 -2"><span class='ocrx_word' id='word_1_58' title='bbox 2705 637 2785 693; x_wconf 87' lang='lat' dir='ltr'><strong>De</strong></span> <span class='ocrx_word' id='word_1_59' title='bbox 2811 638 3100 693; x_wconf 77' lang='lat' dir='ltr'><strong>homicidis.</strong></span> 
     </span>
    </p>
   </div>
   <div class='ocr_carea' id='block_1_12' title="bbox 2180 749 3732 820">
    <p class='ocr_par' dir='ltr' id='par_1_12' title="bbox 2180 749 3732 820">
     <span class='ocr_line' id='line_1_12' title="bbox 2180 749 3732 820; baseline 0.004 -17"><span class='ocrx_word' id='word_1_60' title='bbox 2180 749 2314 803; x_wconf 94' lang='lat' dir='ltr'><strong>XLI.</strong></span> <span class='ocrx_word' id='word_1_61' title='bbox 2357 751 2458 818; x_wconf 87' lang='lat' dir='ltr'><strong>Qui</strong></span> <span class='ocrx_word' id='word_1_62' title='bbox 2491 751 2792 806; x_wconf 72' lang='lat' dir='ltr'><strong>voluntarie</strong></span> <span class='ocrx_word' id='word_1_63' title='bbox 2839 750 3185 806; x_wconf 87' lang='lat' dir='ltr'><strong>homicidium</strong></span> <span class='ocrx_word' id='word_1_64' title='bbox 3234 750 3483 819; x_wconf 78' lang='lat' dir='ltr'><strong>fecerint,</strong></span> <span class='ocrx_word' id='word_1_65' title='bbox 3533 767 3732 820; x_wconf 71' lang='lat' dir='ltr'><strong>prun...</strong></span> 
     </span>
    </p>
   </div>
   <div class='ocr_carea' id='block_1_13' title="bbox 2108 839 3695 911">
    <p class='ocr_par' dir='ltr' id='par_1_13' title="bbox 2108 839 3695 911">
     <span class='ocr_line' id='line_1_13' title="bbox 2108 839 3695 911; baseline 0 -18"><span class='ocrx_word' id='word_1_66' title='bbox 2108 840 2289 894; x_wconf 76' lang='lat' dir='ltr'><strong>tentia:</strong></span> <span class='ocrx_word' id='word_1_67' title='bbox 2317 840 2530 910; x_wconf 88' lang='lat' dir='ltr'><strong>quidem</strong></span> <span class='ocrx_word' id='word_1_68' title='bbox 2549 839 2748 908; x_wconf 88' lang='lat' dir='ltr'><strong>jugiter</strong></span> <span class='ocrx_word' id='word_1_69' title='bbox 2793 854 2853 895; x_wconf 91' lang='lat' dir='ltr'><strong>se</strong></span> <span class='ocrx_word' id='word_1_70' title='bbox 2895 839 3253 895; x_wconf 83' lang='lat' dir='ltr'><strong>submittant:</strong></span> <span class='ocrx_word' id='word_1_71' title='bbox 3305 841 3695 911; x_wconf 78' lang='lat' dir='ltr'><strong>perfectionem</strong></span> 
     </span>
    </p>
   </div>
   <div class='ocr_carea' id='block_1_14' title="bbox 422 930 3244 1026">
    <p class='ocr_par' dir='ltr' id='par_1_14' title="bbox 422 930 3244 1026">
     <span class='ocr_line' id='line_1_14' title="bbox 422 930 3244 1026; baseline -0 -15"><span class='ocrx_word' id='word_1_72' title='bbox 422 973 637 1026; x_wconf 78' lang='lat' dir='ltr'><strong>quoque</strong></span> <span class='ocrx_word' id='word_1_73' title='bbox 665 959 838 1010; x_wconf 89' lang='lat' dir='ltr'><strong>honor</strong></span> <span class='ocrx_word' id='word_1_74' title='bbox 868 953 1061 1010; x_wconf 85' lang='lat' dir='ltr'><strong>talibus</strong></span> <span class='ocrx_word' id='word_1_75' title='bbox 1091 953 1382 1020; x_wconf 84' lang='lat' dir='ltr'><strong>auferatur,</strong></span> <span class='ocrx_word' id='word_1_76' title='bbox 1409 951 1644 1022; x_wconf 85' lang='lat' dir='ltr'><strong>fiantque</strong></span> <span class='ocrx_word' id='word_1_77' title='bbox 1668 953 2010 1010; x_wconf 82' lang='lat' dir='ltr'><strong>damnatione</strong></span> <span class='ocrx_word' id='word_1_78' title='bbox 2107 945 2239 986; x_wconf 60' lang='lat' dir='ltr'><strong>vero</strong></span> <span class='ocrx_word' id='word_1_79' title='bbox 2263 930 2406 986; x_wconf 63' lang='lat' dir='ltr'><strong>Circa</strong></span> <span class='ocrx_word' id='word_1_80' title='bbox 2434 932 2558 986; x_wconf 59' lang='lat' dir='ltr'><strong>Vim</strong></span> <span class='ocrx_word' id='word_1_81' title='bbox 2586 931 2792 986; x_wconf 54' lang='lat' dir='ltr'><strong>“imm</strong></span> <span class='ocrx_word' id='word_1_82' title='bbox 2821 940 3244 1000; x_wconf 62' lang='grc' dir='ltr'><strong>θοηδθίῖυδηιυτ·</strong></span> 
     </span>
    </p>
   </div>
   <div class='ocr_carea' id='block_1_15' title="bbox 429 1049 712 1101">
    <p class='ocr_par' dir='ltr' id='par_1_15' title="bbox 429 1049 712 1101">
     <span class='ocr_line' id='line_1_15' title="bbox 429 1049 712 1101; baseline 0.004 -1"><span class='ocrx_word' id='word_1_83' title='bbox 429 1049 712 1101; x_wconf 79' lang='lat' dir='ltr'><strong>notabiles.</strong></span> 
     </span>
    </p>
   </div>
   <div class='ocr_carea' id='block_1_16' title="bbox 423 1155 2010 1229">
    <p class='ocr_par' dir='ltr' id='par_1_16' title="bbox 423 1155 2010 1229">
     <span class='ocr_line' id='line_1_16' title="bbox 423 1155 2010 1229; baseline 0 -18"><span class='ocrx_word' id='word_1_84' title='bbox 423 1157 504 1213; x_wconf 86' lang='lat' dir='ltr'><strong>De</strong></span> <span class='ocrx_word' id='word_1_85' title='bbox 529 1159 608 1212; x_wconf 74' lang='lat' dir='ltr'><strong>Itis</strong></span> <span class='ocrx_word' id='word_1_86' title='bbox 647 1161 732 1229; x_wconf 97' lang='lat' dir='ltr'><strong>qui</strong></span> <span class='ocrx_word' id='word_1_87' title='bbox 769 1159 1116 1229; x_wconf 82' lang='lat' dir='ltr'><strong>uirginitatem</strong></span> <span class='ocrx_word' id='word_1_88' title='bbox 1157 1157 1394 1229; x_wconf 66' lang='lat' dir='ltr'><strong>professi</strong></span> <span class='ocrx_word' id='word_1_89' title='bbox 1420 1165 1558 1221; x_wconf 85' lang='lat' dir='ltr'><strong>sunt,</strong></span> <span class='ocrx_word' id='word_1_90' title='bbox 1609 1163 1656 1208; x_wconf 87' lang='lat' dir='ltr'><strong>et</strong></span> <span class='ocrx_word' id='word_1_91' title='bbox 1699 1155 1762 1209; x_wconf 86' lang='lat' dir='ltr'><strong>de</strong></span> <span class='ocrx_word' id='word_1_92' title='bbox 1790 1157 1869 1210; x_wconf 82' lang='lat' dir='ltr'><strong>his</strong></span> <span class='ocrx_word' id='word_1_93' title='bbox 1896 1172 2010 1227; x_wconf 78' lang='lat' dir='ltr'><strong>qua:</strong></span> 
     </span>
    </p>
   </div>
   <div class='ocr_carea' id='block_1_17' title="bbox 529 1225 1900 1296">
    <p class='ocr_par' dir='ltr' id='par_1_17' title="bbox 529 1225 1900 1296">
     <span class='ocr_line' id='line_1_17' title="bbox 529 1225 1900 1296; baseline -0.003 -14"><span class='ocrx_word' id='word_1_94' title='bbox 529 1229 622 1282; x_wconf 97' lang='lat' dir='ltr'><strong>sub</strong></span> <span class='ocrx_word' id='word_1_95' title='bbox 651 1225 1051 1283; x_wconf 53' lang='lat' dir='ltr'><strong>sororis&#39;ltabitu</strong></span> <span class='ocrx_word' id='word_1_96' title='bbox 1082 1225 1196 1280; x_wconf 83' lang='lat' dir='ltr'><strong>cum</strong></span> <span class='ocrx_word' id='word_1_97' title='bbox 1217 1225 1467 1296; x_wconf 82' lang='lat' dir='ltr'><strong>aliquibus</strong></span> <span class='ocrx_word' id='word_1_98' title='bbox 1493 1235 1900 1280; x_wconf 73' lang='lat' dir='ltr'><strong>Commorantur.</strong></span> 
     </span>
    </p>
   </div>
   <div class='ocr_carea' id='block_1_18' title="bbox 499 1338 2013 1408">
    <p class='ocr_par' dir='ltr' id='par_1_18' title="bbox 499 1338 2013 1408">
     <span class='ocr_line' id='line_1_18' title="bbox 499 1338 2013 1408; baseline 0.001 -16"><span class='ocrx_word' id='word_1_99' title='bbox 499 1338 784 1393; x_wconf 78' lang='lat' dir='ltr'><strong>XXXVIII.</strong></span> <span class='ocrx_word' id='word_1_100' title='bbox 825 1338 1102 1406; x_wconf 89' lang='lat' dir='ltr'><strong>Quotquot</strong></span> <span class='ocrx_word' id='word_1_101' title='bbox 1124 1338 1479 1406; x_wconf 81' lang='lat' dir='ltr'><strong>virginitatem</strong></span> <span class='ocrx_word' id='word_1_102' title='bbox 1501 1338 1874 1408; x_wconf 84' lang='lat' dir='ltr'><strong>promittentes</strong></span> <span class='ocrx_word' id='word_1_103' title='bbox 1893 1339 2013 1393; x_wconf 87' lang='lat' dir='ltr'><strong>irri—</strong></span> 
     </span>
    </p>
   </div>
   <div class='ocr_carea' id='block_1_19' title="bbox 429 1427 2008 1497">
    <p class='ocr_par' dir='ltr' id='par_1_19' title="bbox 429 1427 2008 1497">
     <span class='ocr_line' id='line_1_19' title="bbox 429 1427 2008 1497; baseline -0.001 -15"><span class='ocrx_word' id='word_1_104' title='bbox 429 1437 538 1483; x_wconf 88' lang='lat' dir='ltr'><strong>tam</strong></span> <span class='ocrx_word' id='word_1_105' title='bbox 565 1430 761 1483; x_wconf 78' lang='lat' dir='ltr'><strong>taciunt</strong></span> <span class='ocrx_word' id='word_1_106' title='bbox 789 1428 1134 1497; x_wconf 84' lang='lat' dir='ltr'><strong>sponsionem</strong></span> <span class='ocrx_word' id='word_1_107' title='bbox 1157 1467 1172 1492; x_wconf 87' lang='lat'><strong>,</strong></span> <span class='ocrx_word' id='word_1_108' title='bbox 1209 1428 1350 1481; x_wconf 86' lang='lat' dir='ltr'><strong>inter</strong></span> <span class='ocrx_word' id='word_1_109' title='bbox 1398 1427 1640 1496; x_wconf 81' lang='lat' dir='ltr'><strong>bigamos</strong></span> <span class='ocrx_word' id='word_1_110' title='bbox 1669 1436 2008 1482; x_wconf 79' lang='lat' dir='ltr'><strong>censeantur.</strong></span> 
     </span>
    </p>
   </div>
   <div class='ocr_carea' id='block_1_20' title="bbox 428 1517 2012 1593">
    <p class='ocr_par' dir='ltr' id='par_1_20' title="bbox 428 1517 2012 1593">
     <span class='ocr_line' id='line_1_20' title="bbox 428 1517 2012 1593; baseline 0 -19"><span class='ocrx_word' id='word_1_111' title='bbox 428 1519 675 1593; x_wconf 84' lang='lat' dir='ltr'><strong>Virgines</strong></span> <span class='ocrx_word' id='word_1_112' title='bbox 697 1527 894 1581; x_wconf 89' lang='lat' dir='ltr'><strong>autem,</strong></span> <span class='ocrx_word' id='word_1_113' title='bbox 927 1534 1046 1587; x_wconf 71' lang='lat' dir='ltr'><strong>qua:</strong></span> <span class='ocrx_word' id='word_1_114' title='bbox 1074 1519 1400 1572; x_wconf 81' lang='lat' dir='ltr'><strong>conveniunt</strong></span> <span class='ocrx_word' id='word_1_115' title='bbox 1427 1534 1546 1572; x_wconf 90' lang='lat' dir='ltr'><strong>cum</strong></span> <span class='ocrx_word' id='word_1_116' title='bbox 1578 1517 1861 1587; x_wconf 83' lang='lat' dir='ltr'><strong>aliquibus,</strong></span> <span class='ocrx_word' id='word_1_117' title='bbox 1889 1527 2012 1573; x_wconf 64' lang='lat' dir='ltr'><strong>tan-v</strong></span> 
     </span>
    </p>
   </div>
   <div class='ocr_carea' id='block_1_21' title="bbox 431 1608 1524 1680">
    <p class='ocr_par' dir='ltr' id='par_1_21' title="bbox 431 1608 1524 1680">
     <span class='ocr_line' id='line_1_21' title="bbox 431 1608 1524 1680; baseline -0.003 -15"><span class='ocrx_word' id='word_1_118' title='bbox 431 1626 594 1680; x_wconf 88' lang='lat' dir='ltr'><strong>quam</strong></span> <span class='ocrx_word' id='word_1_119' title='bbox 618 1626 854 1677; x_wconf 85' lang='lat' dir='ltr'><strong>sorores,</strong></span> <span class='ocrx_word' id='word_1_120' title='bbox 883 1610 1125 1663; x_wconf 80' lang='lat' dir='ltr'><strong>habitare</strong></span> <span class='ocrx_word' id='word_1_121' title='bbox 1153 1608 1524 1678; x_wconf 87' lang='lat' dir='ltr'><strong>prohibemus.</strong></span> 
     </span>
    </p>
   </div>
   <div class='ocr_carea' id='block_1_22' title="bbox 434 1719 2013 1793">
    <p class='ocr_par' dir='ltr' id='par_1_22' title="bbox 434 1719 2013 1793">
     <span class='ocr_line' id='line_1_22' title="bbox 434 1719 2013 1793; baseline -0.001 -17"><span class='ocrx_word' id='word_1_122' title='bbox 434 1722 513 1778; x_wconf 86' lang='lat' dir='ltr'><strong>De</strong></span> <span class='ocrx_word' id='word_1_123' title='bbox 542 1723 621 1776; x_wconf 83' lang='lat' dir='ltr'><strong>his</strong></span> <span class='ocrx_word' id='word_1_124' title='bbox 650 1723 736 1793; x_wconf 85' lang='lat' dir='ltr'><strong>qui</strong></span> <span class='ocrx_word' id='word_1_125' title='bbox 763 1721 1026 1776; x_wconf 82' lang='lat' dir='ltr'><strong>adulteras</strong></span> <span class='ocrx_word' id='word_1_126' title='bbox 1055 1719 1238 1773; x_wconf 83' lang='lat' dir='ltr'><strong>habent</strong></span> <span class='ocrx_word' id='word_1_127' title='bbox 1262 1735 1469 1784; x_wconf 67' lang='lat' dir='ltr'><strong>umores,</strong></span> <span class='ocrx_word' id='word_1_128' title='bbox 1493 1721 1570 1774; x_wconf 82' lang='lat' dir='ltr'><strong>vel</strong></span> <span class='ocrx_word' id='word_1_129' title='bbox 1594 1721 1642 1774; x_wconf 91' lang='lat' dir='ltr'><strong>si</strong></span> <span class='ocrx_word' id='word_1_130' title='bbox 1671 1719 1768 1788; x_wconf 86' lang='lat' dir='ltr'><strong>ipsi</strong></span> <span class='ocrx_word' id='word_1_131' title='bbox 1791 1720 2013 1774; x_wconf 82' lang='lat' dir='ltr'><strong>adulteri</strong></span> 
     </span>
    </p>
   </div>
   <div class='ocr_carea' id='block_1_23' title="bbox 1015 1793 1432 1860">
    <p class='ocr_par' dir='ltr' id='par_1_23' title="bbox 1015 1793 1432 1860">
     <span class='ocr_line' id='line_1_23' title="bbox 1015 1793 1432 1860; baseline -0.005 -16"><span class='ocrx_word' id='word_1_132' title='bbox 1015 1793 1432 1860; x_wconf 81' lang='lat' dir='ltr'><strong>comprobantur.</strong></span> 
     </span>
    </p>
   </div>
   <div class='ocr_carea' id='block_1_24' title="bbox 500 1898 2014 1972">
    <p class='ocr_par' dir='ltr' id='par_1_24' title="bbox 500 1898 2014 1972">
     <span class='ocr_line' id='line_1_24' title="bbox 500 1898 2014 1972; baseline 0 -16"><span class='ocrx_word' id='word_1_133' title='bbox 500 1902 743 1956; x_wconf 80' lang='lat' dir='ltr'><strong>XXXIX.</strong></span> <span class='ocrx_word' id='word_1_134' title='bbox 783 1902 838 1956; x_wconf 89' lang='lat' dir='ltr'><strong>Si</strong></span> <span class='ocrx_word' id='word_1_135' title='bbox 869 1902 1021 1971; x_wconf 88' lang='lat' dir='ltr'><strong>cujus</strong></span> <span class='ocrx_word' id='word_1_136' title='bbox 1045 1917 1182 1955; x_wconf 80' lang='lat' dir='ltr'><strong>uxor</strong></span> <span class='ocrx_word' id='word_1_137' title='bbox 1202 1899 1441 1955; x_wconf 89' lang='lat' dir='ltr'><strong>adultera</strong></span> <span class='ocrx_word' id='word_1_138' title='bbox 1485 1898 1782 1967; x_wconf 81' lang='lat' dir='ltr'><strong>fuerit,‘vel</strong></span> <span class='ocrx_word' id='word_1_139' title='bbox 1811 1901 1854 1956; x_wconf 92' lang='lat' dir='ltr'><strong>si</strong></span> <span class='ocrx_word' id='word_1_140' title='bbox 1903 1901 2014 1972; x_wconf 88' lang='lat' dir='ltr'><strong>ipsc</strong></span> 
     </span>
    </p>
   </div>
   <div class='ocr_carea' id='block_1_25' title="bbox 433 1993 2016 2063">
    <p class='ocr_par' dir='ltr' id='par_1_25' title="bbox 433 1993 2016 2063">
     <span class='ocr_line' id='line_1_25' title="bbox 433 1993 2016 2063; baseline -0.003 -13"><span class='ocrx_word' id='word_1_141' title='bbox 433 1995 754 2050; x_wconf 86' lang='lat' dir='ltr'><strong>adulterium</strong></span> <span class='ocrx_word' id='word_1_142' title='bbox 787 1994 1137 2061; x_wconf 83' lang='lat' dir='ltr'><strong>commiserit,</strong></span> <span class='ocrx_word' id='word_1_143' title='bbox 1163 2001 1368 2062; x_wconf 86' lang='lat' dir='ltr'><strong>septem</strong></span> <span class='ocrx_word' id='word_1_144' title='bbox 1411 2008 1674 2047; x_wconf 89' lang='lat' dir='ltr'><strong>annorum</strong></span> <span class='ocrx_word' id='word_1_145' title='bbox 1705 1993 2016 2063; x_wconf 69' lang='lat' dir='ltr'><strong>paenitentia</strong></span> 
     </span>
    </p>
   </div>
   <div class='ocr_carea' id='block_1_26' title="bbox 2209 1063 3601 1136">
    <p class='ocr_par' dir='ltr' id='par_1_26' title="bbox 2209 1063 3601 1136">
     <span class='ocr_line' id='line_1_26' title="bbox 2209 1063 3601 1136; baseline -0.002 -19"><span class='ocrx_word' id='word_1_146' title='bbox 2209 1063 2288 1119; x_wconf 86' lang='lat' dir='ltr'><strong>De</strong></span> <span class='ocrx_word' id='word_1_147' title='bbox 2309 1065 2388 1118; x_wconf 78' lang='lat' dir='ltr'><strong>bis</strong></span> <span class='ocrx_word' id='word_1_148' title='bbox 2412 1066 2499 1136; x_wconf 86' lang='lat' dir='ltr'><strong>qui</strong></span> <span class='ocrx_word' id='word_1_149' title='bbox 2527 1081 2630 1119; x_wconf 89' lang='lat' dir='ltr'><strong>non</strong></span> <span class='ocrx_word' id='word_1_150' title='bbox 2659 1071 2840 1134; x_wconf 81' lang='lat' dir='ltr'><strong>sponte</strong></span> <span class='ocrx_word' id='word_1_151' title='bbox 2865 1063 3196 1118; x_wconf 82' lang='lat' dir='ltr'><strong>homicidium</strong></span> <span class='ocrx_word' id='word_1_152' title='bbox 3219 1065 3601 1118; x_wconf 82' lang='lat' dir='ltr'><strong>commiserunt.</strong></span> 
     </span>
    </p>
   </div>
   <div class='ocr_carea' id='block_1_27' title="bbox 2182 1173 3701 1244">
    <p class='ocr_par' dir='ltr' id='par_1_27' title="bbox 2182 1173 3701 1244">
     <span class='ocr_line' id='line_1_27' title="bbox 2182 1173 3701 1244; baseline -0.003 -14"><span class='ocrx_word' id='word_1_153' title='bbox 2182 1175 2340 1230; x_wconf 85' lang='lat' dir='ltr'><strong>XLII.</strong></span> <span class='ocrx_word' id='word_1_154' title='bbox 2382 1175 2456 1230; x_wconf 92' lang='lat' dir='ltr'><strong>De</strong></span> <span class='ocrx_word' id='word_1_155' title='bbox 2478 1174 2780 1230; x_wconf 89' lang='lat' dir='ltr'><strong>homicidiis</strong></span> <span class='ocrx_word' id='word_1_156' title='bbox 2808 1191 2914 1229; x_wconf 90' lang='lat' dir='ltr'><strong>non</strong></span> <span class='ocrx_word' id='word_1_157' title='bbox 2951 1182 3144 1244; x_wconf 88' lang='lat' dir='ltr'><strong>sponte</strong></span> <span class='ocrx_word' id='word_1_158' title='bbox 3183 1174 3498 1239; x_wconf 85' lang='lat' dir='ltr'><strong>commissis,</strong></span> <span class='ocrx_word' id='word_1_159' title='bbox 3549 1173 3701 1243; x_wconf 87' lang='lat' dir='ltr'><strong>prior</strong></span> 
     </span>
    </p>
   </div>
   <div class='ocr_carea' id='block_1_28' title="bbox 2015 1261 3701 1336">
    <p class='ocr_par' dir='ltr' id='par_1_28' title="bbox 2015 1261 3701 1336">
     <span class='ocr_line' id='line_1_28' title="bbox 2015 1261 3701 1336; baseline -0.002 -16"><span class='ocrx_word' id='word_1_160' title='bbox 2015 1292 2019 1296; x_wconf 90' lang='lat'><strong><em>-</em></strong></span> <span class='ocrx_word' id='word_1_161' title='bbox 2111 1267 2327 1336; x_wconf 83' lang='lat' dir='ltr'><strong>quidem</strong></span> <span class='ocrx_word' id='word_1_162' title='bbox 2355 1265 2599 1321; x_wconf 86' lang='lat' dir='ltr'><strong>definitio</strong></span> <span class='ocrx_word' id='word_1_163' title='bbox 2623 1273 2746 1334; x_wconf 89' lang='lat' dir='ltr'><strong>post</strong></span> <span class='ocrx_word' id='word_1_164' title='bbox 2773 1272 3090 1334; x_wconf 89' lang='lat' dir='ltr'><strong>septennem</strong></span> <span class='ocrx_word' id='word_1_165' title='bbox 3123 1263 3489 1334; x_wconf 74' lang='lat' dir='ltr'><strong>pmnitentiam</strong></span> <span class='ocrx_word' id='word_1_166' title='bbox 3518 1261 3701 1332; x_wconf 87' lang='lat' dir='ltr'><strong>perfe-</strong></span> 
     </span>
    </p>
   </div>
   <div class='ocr_carea' id='block_1_29' title="bbox 2114 1357 3701 1427">
    <p class='ocr_par' dir='ltr' id='par_1_29' title="bbox 2114 1357 3701 1427">
     <span class='ocr_line' id='line_1_29' title="bbox 2114 1357 3701 1427; baseline -0.002 -14"><span class='ocrx_word' id='word_1_167' title='bbox 2114 1359 2350 1413; x_wconf 89' lang='lat' dir='ltr'><strong>ctionem</strong></span> <span class='ocrx_word' id='word_1_168' title='bbox 2403 1357 2660 1425; x_wconf 84' lang='lat' dir='ltr'><strong>consequi</strong></span> <span class='ocrx_word' id='word_1_169' title='bbox 2709 1358 2996 1427; x_wconf 68' lang='lat' dir='ltr'><strong>praecipit:</strong></span> <span class='ocrx_word' id='word_1_170' title='bbox 3054 1357 3287 1412; x_wconf 85' lang='lat' dir='ltr'><strong>secunda</strong></span> <span class='ocrx_word' id='word_1_171' title='bbox 3334 1372 3483 1422; x_wconf 86' lang='lat' dir='ltr'><strong>vero,</strong></span> <span class='ocrx_word' id='word_1_172' title='bbox 3536 1357 3701 1426; x_wconf 88' lang='lat' dir='ltr'><strong>quin-</strong></span> 
     </span>
    </p>
   </div>
   <div class='ocr_carea' id='block_1_30' title="bbox 2111 1449 2833 1521">
    <p class='ocr_par' dir='ltr' id='par_1_30' title="bbox 2111 1449 2833 1521">
     <span class='ocr_line' id='line_1_30' title="bbox 2111 1449 2833 1521; baseline -0.003 -17"><span class='ocrx_word' id='word_1_173' title='bbox 2111 1450 2333 1521; x_wconf 92' lang='lat' dir='ltr'><strong>quennii</strong></span> <span class='ocrx_word' id='word_1_174' title='bbox 2362 1457 2572 1520; x_wconf 86' lang='lat' dir='ltr'><strong>tempus</strong></span> <span class='ocrx_word' id='word_1_175' title='bbox 2599 1449 2833 1518; x_wconf 75' lang='lat' dir='ltr'><strong>explere.</strong></span> 
     </span>
    </p>
   </div>
   <div class='ocr_carea' id='block_1_31' title="bbox 2425 1583 3379 1656">
    <p class='ocr_par' dir='ltr' id='par_1_31' title="bbox 2425 1583 3379 1656">
     <span class='ocr_line' id='line_1_31' title="bbox 2425 1583 3379 1656; baseline 0.001 -19"><span class='ocrx_word' id='word_1_176' title='bbox 2425 1583 2505 1638; x_wconf 85' lang='lat' dir='ltr'><strong>De</strong></span> <span class='ocrx_word' id='word_1_177' title='bbox 2533 1585 2611 1638; x_wconf 84' lang='lat' dir='ltr'><strong>his</strong></span> <span class='ocrx_word' id='word_1_178' title='bbox 2639 1586 2723 1656; x_wconf 89' lang='lat' dir='ltr'><strong>qui</strong></span> <span class='ocrx_word' id='word_1_179' title='bbox 2743 1585 3087 1640; x_wconf 77' lang='lat' dir='ltr'><strong>divinationes</strong></span> <span class='ocrx_word' id='word_1_180' title='bbox 3116 1594 3379 1656; x_wconf 82' lang='lat' dir='ltr'><strong>expetunt.</strong></span> 
     </span>
    </p>
   </div>
   <div class='ocr_carea' id='block_1_32' title="bbox 2187 1699 3703 1769">
    <p class='ocr_par' dir='ltr' id='par_1_32' title="bbox 2187 1699 3703 1769">
     <span class='ocr_line' id='line_1_32' title="bbox 2187 1699 3703 1769; baseline -0.002 -14"><span class='ocrx_word' id='word_1_181' title='bbox 2187 1699 2372 1755; x_wconf 87' lang='lat' dir='ltr'><strong>XLIII.</strong></span> <span class='ocrx_word' id='word_1_182' title='bbox 2412 1700 2513 1766; x_wconf 90' lang='lat' dir='ltr'><strong>Qui</strong></span> <span class='ocrx_word' id='word_1_183' title='bbox 2542 1700 2900 1756; x_wconf 88' lang='lat' dir='ltr'><strong>divinationes</strong></span> <span class='ocrx_word' id='word_1_184' title='bbox 2925 1706 3203 1769; x_wconf 83' lang='lat' dir='ltr'><strong>expetunt,</strong></span> <span class='ocrx_word' id='word_1_185' title='bbox 3238 1707 3294 1754; x_wconf 91' lang='lat' dir='ltr'><strong>et</strong></span> <span class='ocrx_word' id='word_1_186' title='bbox 3332 1713 3536 1753; x_wconf 87' lang='lat' dir='ltr'><strong>morem</strong></span> <span class='ocrx_word' id='word_1_187' title='bbox 3568 1714 3703 1768; x_wconf 81' lang='lat' dir='ltr'><strong>gen-</strong></span> 
     </span>
    </p>
   </div>
   <div class='ocr_carea' id='block_1_33' title="bbox 2051 1792 3706 1864">
    <p class='ocr_par' dir='ltr' id='par_1_33' title="bbox 2051 1792 3706 1864">
     <span class='ocr_line' id='line_1_33' title="bbox 2051 1792 3706 1864; baseline 0.001 -15"><span class='ocrx_word' id='word_1_188' title='bbox 2051 1798 2092 1856; x_wconf 87' lang='lat' dir='ltr'><strong>B</strong></span> <span class='ocrx_word' id='word_1_189' title='bbox 2122 1796 2292 1849; x_wconf 91' lang='lat' dir='ltr'><strong>tilium</strong></span> <span class='ocrx_word' id='word_1_190' title='bbox 2323 1794 2739 1864; x_wconf 89' lang='lat' dir='ltr'><strong>subsequuntur,</strong></span> <span class='ocrx_word' id='word_1_191' title='bbox 2773 1801 2866 1847; x_wconf 89' lang='lat' dir='ltr'><strong>aut</strong></span> <span class='ocrx_word' id='word_1_192' title='bbox 2892 1794 2943 1847; x_wconf 91' lang='lat' dir='ltr'><strong>in</strong></span> <span class='ocrx_word' id='word_1_193' title='bbox 2967 1793 3157 1847; x_wconf 90' lang='lat' dir='ltr'><strong>domos</strong></span> <span class='ocrx_word' id='word_1_194' title='bbox 3178 1807 3302 1848; x_wconf 91' lang='lat' dir='ltr'><strong>suas</strong></span> <span class='ocrx_word' id='word_1_195' title='bbox 3329 1792 3706 1858; x_wconf 76' lang='lat' dir='ltr'><strong>hujuscemodi</strong></span> 
     </span>
    </p>
   </div>
   <div class='ocr_carea' id='block_1_34' title="bbox 2121 1883 3709 1953">
    <p class='ocr_par' dir='ltr' id='par_1_34' title="bbox 2121 1883 3709 1953">
     <span class='ocr_line' id='line_1_34' title="bbox 2121 1883 3709 1953; baseline 0 -15"><span class='ocrx_word' id='word_1_196' title='bbox 2121 1885 2368 1938; x_wconf 86' lang='lat' dir='ltr'><strong>homines</strong></span> <span class='ocrx_word' id='word_1_197' title='bbox 2397 1884 2765 1949; x_wconf 89' lang='lat' dir='ltr'><strong>introducunt,</strong></span> <span class='ocrx_word' id='word_1_198' title='bbox 2796 1883 3109 1953; x_wconf 80' lang='lat' dir='ltr'><strong>exquirendi</strong></span> <span class='ocrx_word' id='word_1_199' title='bbox 3156 1883 3352 1952; x_wconf 89' lang='lat' dir='ltr'><strong>aliquid</strong></span> <span class='ocrx_word' id='word_1_200' title='bbox 3385 1894 3499 1938; x_wconf 87' lang='lat' dir='ltr'><strong>arte</strong></span> <span class='ocrx_word' id='word_1_201' title='bbox 3536 1884 3709 1938; x_wconf 89' lang='lat' dir='ltr'><strong>male-</strong></span> 
     </span>
    </p>
   </div>
   <div class='ocr_carea' id='block_1_35' title="bbox 2120 1973 3708 2044">
    <p class='ocr_par' dir='ltr' id='par_1_35' title="bbox 2120 1973 3708 2044">
     <span class='ocr_line' id='line_1_35' title="bbox 2120 1973 3708 2044; baseline 0.001 -17"><span class='ocrx_word' id='word_1_202' title='bbox 2120 1975 2238 2040; x_wconf 87' lang='lat' dir='ltr'><strong>fica,</strong></span> <span class='ocrx_word' id='word_1_203' title='bbox 2290 1983 2382 2029; x_wconf 89' lang='lat' dir='ltr'><strong>aut</strong></span> <span class='ocrx_word' id='word_1_204' title='bbox 2434 1973 2687 2043; x_wconf 80' lang='lat' dir='ltr'><strong>expiandi</strong></span> <span class='ocrx_word' id='word_1_205' title='bbox 2735 1989 2918 2038; x_wconf 89' lang='lat' dir='ltr'><strong>causa,</strong></span> <span class='ocrx_word' id='word_1_206' title='bbox 2969 1976 3068 2028; x_wconf 91' lang='lat' dir='ltr'><strong>sub</strong></span> <span class='ocrx_word' id='word_1_207' title='bbox 3122 1975 3306 2041; x_wconf 83' lang='lat' dir='ltr'><strong>regula</strong></span> <span class='ocrx_word' id='word_1_208' title='bbox 3354 1974 3708 2044; x_wconf 88' lang='lat' dir='ltr'><strong>quinquennii</strong></span> 
     </span>
    </p>
   </div>
   <div class='ocr_carea' id='block_1_36' title="bbox 435 2062 2027 2155">
    <p class='ocr_par' dir='ltr' id='par_1_36' title="bbox 435 2084 2024 2155">
     <span class='ocr_line' id='line_1_36' title="bbox 435 2084 2024 2155; baseline -0.001 -16"><span class='ocrx_word' id='word_1_209' title='bbox 435 2092 654 2155; x_wconf 86' lang='lat' dir='ltr'><strong>oportet</strong></span> <span class='ocrx_word' id='word_1_210' title='bbox 680 2101 802 2140; x_wconf 90' lang='lat' dir='ltr'><strong>eum</strong></span> <span class='ocrx_word' id='word_1_211' title='bbox 839 2084 1226 2154; x_wconf 86' lang='lat' dir='ltr'><strong>perfectionem</strong></span> <span class='ocrx_word' id='word_1_212' title='bbox 1267 2084 1545 2153; x_wconf 90' lang='lat' dir='ltr'><strong>consequi,</strong></span> <span class='ocrx_word' id='word_1_213' title='bbox 1579 2085 1870 2138; x_wconf 88' lang='lat' dir='ltr'><strong>secundum</strong></span> <span class='ocrx_word' id='word_1_214' title='bbox 1917 2086 2024 2154; x_wconf 85' lang='lat' dir='ltr'><strong>pri-</strong></span> 
     </span>
    </p>
   </div>
   <div class='ocr_carea' id='block_1_37' title="bbox 2142 2062 3558 2155">
    <p class='ocr_par' dir='ltr' id='par_1_37' title="bbox 2143 2062 3558 2132">
     <span class='ocr_line' id='line_1_37' title="bbox 2143 2062 3558 2132; baseline 0.002 -16"><span class='ocrx_word' id='word_1_215' title='bbox 2143 2072 2356 2130; x_wconf 90' lang='lat' dir='ltr'><strong>aceant,</strong></span> <span class='ocrx_word' id='word_1_216' title='bbox 2385 2062 2678 2118; x_wconf 85' lang='lat' dir='ltr'><strong>secundum</strong></span> <span class='ocrx_word' id='word_1_217' title='bbox 2703 2063 2900 2130; x_wconf 82' lang='lat' dir='ltr'><strong>gradus</strong></span> <span class='ocrx_word' id='word_1_218' title='bbox 2937 2062 3263 2132; x_wconf 65' lang='lat' dir='ltr'><strong>poenitentiae</strong></span> <span class='ocrx_word' id='word_1_219' title='bbox 3291 2063 3558 2120; x_wconf 87' lang='lat' dir='ltr'><strong>definitos.</strong></span> 
     </span>
    </p>
   </div>
   <div class='ocr_carea' id='block_1_38' title="bbox 433 2176 848 2245">
    <p class='ocr_par' dir='ltr' id='par_1_38' title="bbox 433 2176 848 2245">
     <span class='ocr_line' id='line_1_38' title="bbox 433 2176 848 2245; baseline -0.002 -14"><span class='ocrx_word' id='word_1_220' title='bbox 433 2178 606 2232; x_wconf 89' lang='lat' dir='ltr'><strong>stinos</strong></span> <span class='ocrx_word' id='word_1_221' title='bbox 636 2176 848 2245; x_wconf 83' lang='lat' dir='ltr'><strong>gradus.</strong></span> 
     </span>
    </p>
   </div>
   <div class='ocr_carea' id='block_1_39' title="bbox 443 2286 2017 2369">
    <p class='ocr_par' dir='ltr' id='par_1_39' title="bbox 443 2286 2017 2369">
     <span class='ocr_line' id='line_1_39' title="bbox 443 2286 2017 2369; baseline -0.002 -26"><span class='ocrx_word' id='word_1_222' title='bbox 443 2288 522 2343; x_wconf 87' lang='lat' dir='ltr'><strong>De</strong></span> <span class='ocrx_word' id='word_1_223' title='bbox 551 2289 630 2342; x_wconf 78' lang='lat' dir='ltr'><strong>Itis</strong></span> <span class='ocrx_word' id='word_1_224' title='bbox 676 2289 762 2358; x_wconf 84' lang='lat' dir='ltr'><strong>qui</strong></span> <span class='ocrx_word' id='word_1_225' title='bbox 809 2297 988 2357; x_wconf 82' lang='lat' dir='ltr'><strong>partus</strong></span> <span class='ocrx_word' id='word_1_226' title='bbox 1008 2304 1127 2369; x_wconf 77' lang='lat' dir='ltr'><strong>suos</strong></span> <span class='ocrx_word' id='word_1_227' title='bbox 1158 2305 1221 2368; x_wconf 61' lang='lat' dir='ltr'><strong>ea;</strong></span> <span class='ocrx_word' id='word_1_228' title='bbox 1251 2287 1592 2357; x_wconf 75' lang='lat' dir='ltr'><strong>fornicatione</strong></span> <span class='ocrx_word' id='word_1_229' title='bbox 1619 2286 1830 2340; x_wconf 81' lang='lat' dir='ltr'><strong>diversis</strong></span> <span class='ocrx_word' id='word_1_230' title='bbox 1851 2287 2017 2341; x_wconf 85' lang='lat' dir='ltr'><strong>modis</strong></span> 
     </span>
    </p>
   </div>
   <div class='ocr_carea' id='block_1_40' title="bbox 1063 2367 1382 2411">
    <p class='ocr_par' dir='ltr' id='par_1_40' title="bbox 1063 2367 1382 2411">
     <span class='ocr_line' id='line_1_40' title="bbox 1063 2367 1382 2411; baseline 0 -1"><span class='ocrx_word' id='word_1_231' title='bbox 1063 2367 1382 2411; x_wconf 75' lang='lat' dir='ltr'><strong>interimunt.</strong></span> 
     </span>
    </p>
   </div>
   <div class='ocr_carea' id='block_1_41' title="bbox 505 2466 2014 2538">
    <p class='ocr_par' dir='ltr' id='par_1_41' title="bbox 505 2466 2014 2538">
     <span class='ocr_line' id='line_1_41' title="bbox 505 2466 2014 2538; baseline 0 -16"><span class='ocrx_word' id='word_1_232' title='bbox 505 2467 618 2522; x_wconf 91' lang='lat' dir='ltr'><strong>XL.</strong></span> <span class='ocrx_word' id='word_1_233' title='bbox 663 2468 736 2522; x_wconf 89' lang='lat' dir='ltr'><strong>De</strong></span> <span class='ocrx_word' id='word_1_234' title='bbox 767 2468 1077 2522; x_wconf 88' lang='lat' dir='ltr'><strong>mulieribus</strong></span> <span class='ocrx_word' id='word_1_235' title='bbox 1105 2483 1223 2538; x_wconf 63' lang='lat' dir='ltr'><strong>quae</strong></span> <span class='ocrx_word' id='word_1_236' title='bbox 1251 2466 1582 2523; x_wconf 90' lang='lat' dir='ltr'><strong>fornicantur</strong></span> <span class='ocrx_word' id='word_1_237' title='bbox 1603 2476 1653 2522; x_wconf 90' lang='lat' dir='ltr'><strong>et</strong></span> <span class='ocrx_word' id='word_1_238' title='bbox 1681 2475 1867 2537; x_wconf 89' lang='lat' dir='ltr'><strong>partus</strong></span> <span class='ocrx_word' id='word_1_239' title='bbox 1887 2483 2014 2522; x_wconf 90' lang='lat' dir='ltr'><strong>suos</strong></span> 
     </span>
    </p>
   </div>
   <div class='ocr_carea' id='block_1_42' title="bbox 2217 2175 3611 2248">
    <p class='ocr_par' dir='ltr' id='par_1_42' title="bbox 2217 2175 3611 2248">
     <span class='ocr_line' id='line_1_42' title="bbox 2217 2175 3611 2248; baseline 0.004 -20"><span class='ocrx_word' id='word_1_240' title='bbox 2217 2175 2299 2229; x_wconf 85' lang='lat' dir='ltr'><strong>De</strong></span> <span class='ocrx_word' id='word_1_241' title='bbox 2328 2176 2406 2230; x_wconf 83' lang='lat' dir='ltr'><strong>his</strong></span> <span class='ocrx_word' id='word_1_242' title='bbox 2427 2177 2510 2248; x_wconf 83' lang='lat' dir='ltr'><strong>qui</strong></span> <span class='ocrx_word' id='word_1_243' title='bbox 2538 2176 2789 2247; x_wconf 79' lang='lat' dir='ltr'><strong>uirginum</strong></span> <span class='ocrx_word' id='word_1_244' title='bbox 2812 2176 3222 2247; x_wconf 83' lang='lat' dir='ltr'><strong>corruptionibus</strong></span> <span class='ocrx_word' id='word_1_245' title='bbox 3251 2178 3444 2232; x_wconf 86' lang='lat' dir='ltr'><strong>conscii</strong></span> <span class='ocrx_word' id='word_1_246' title='bbox 3471 2188 3611 2233; x_wconf 87' lang='lat' dir='ltr'><strong>sunt.</strong></span> 
     </span>
    </p>
   </div>
   <div class='ocr_carea' id='block_1_43' title="bbox 2193 2271 3710 2362">
    <p class='ocr_par' dir='ltr' id='par_1_43' title="bbox 2193 2271 3710 2362">
     <span class='ocr_line' id='line_1_43' title="bbox 2193 2271 3710 2362; baseline 0.006 -20"><span class='ocrx_word' id='word_1_247' title='bbox 2193 2287 2376 2343; x_wconf 84' lang='lat' dir='ltr'><strong>XLIV.</strong></span> <span class='ocrx_word' id='word_1_248' title='bbox 2417 2289 2642 2356; x_wconf 87' lang='lat' dir='ltr'><strong>Quidam</strong></span> <span class='ocrx_word' id='word_1_249' title='bbox 2692 2305 2944 2360; x_wconf 86' lang='lat' dir='ltr'><strong>sponsam</strong></span> <span class='ocrx_word' id='word_1_250' title='bbox 2995 2271 3236 2356; x_wconf 80' lang='lat' dir='ltr'><strong>habens,</strong></span> <span class='ocrx_word' id='word_1_251' title='bbox 3288 2307 3533 2348; x_wconf 86' lang='lat' dir='ltr'><strong>sororem</strong></span> <span class='ocrx_word' id='word_1_252' title='bbox 3589 2295 3710 2362; x_wconf 86' lang='lat' dir='ltr'><strong>ejus</strong></span> 
     </span>
    </p>
   </div>
   <div class='ocr_carea' id='block_1_44' title="bbox 2121 2381 3708 2456">
    <p class='ocr_par' dir='ltr' id='par_1_44' title="bbox 2121 2381 3708 2456">
     <span class='ocr_line' id='line_1_44' title="bbox 2121 2381 3708 2456; baseline 0.003 -21"><span class='ocrx_word' id='word_1_253' title='bbox 2121 2381 2360 2446; x_wconf 81' lang='lat' dir='ltr'><strong>violavit,</strong></span> <span class='ocrx_word' id='word_1_254' title='bbox 2389 2389 2447 2436; x_wconf 90' lang='lat' dir='ltr'><strong>et</strong></span> <span class='ocrx_word' id='word_1_255' title='bbox 2480 2381 2752 2450; x_wconf 75' lang='lat' dir='ltr'><strong>gravidam</strong></span> <span class='ocrx_word' id='word_1_256' title='bbox 2790 2382 3058 2437; x_wconf 86' lang='lat' dir='ltr'><strong>reddidit:</strong></span> <span class='ocrx_word' id='word_1_257' title='bbox 3100 2384 3440 2452; x_wconf 67' lang='lat' dir='ltr'><strong>postmodum</strong></span> <span class='ocrx_word' id='word_1_258' title='bbox 3469 2385 3708 2456; x_wconf 85' lang='lat' dir='ltr'><strong>despon-</strong></span> 
     </span>
    </p>
   </div>
   <div class='ocr_carea' id='block_1_45' title="bbox 2120 2472 3706 2545">
    <p class='ocr_par' dir='ltr' id='par_1_45' title="bbox 2120 2472 3706 2545">
     <span class='ocr_line' id='line_1_45' title="bbox 2120 2472 3706 2545; baseline 0.002 -19"><span class='ocrx_word' id='word_1_259' title='bbox 2120 2481 2294 2526; x_wconf 86' lang='lat' dir='ltr'><strong>satam</strong></span> <span class='ocrx_word' id='word_1_260' title='bbox 2325 2472 2426 2526; x_wconf 88' lang='lat' dir='ltr'><strong>sibi</strong></span> <span class='ocrx_word' id='word_1_261' title='bbox 2447 2472 2603 2526; x_wconf 83' lang='lat' dir='ltr'><strong>duxit</strong></span> <span class='ocrx_word' id='word_1_262' title='bbox 2623 2487 2871 2540; x_wconf 85' lang='lat' dir='ltr'><strong>uxorem,</strong></span> <span class='ocrx_word' id='word_1_263' title='bbox 2895 2473 2984 2526; x_wconf 85' lang='lat' dir='ltr'><strong>illa</strong></span> <span class='ocrx_word' id='word_1_264' title='bbox 3005 2487 3158 2538; x_wconf 83' lang='lat' dir='ltr'><strong>vero,</strong></span> <span class='ocrx_word' id='word_1_265' title='bbox 3181 2487 3300 2542; x_wconf 68' lang='lat' dir='ltr'><strong>qua:</strong></span> <span class='ocrx_word' id='word_1_266' title='bbox 3325 2485 3573 2545; x_wconf 86' lang='lat' dir='ltr'><strong>corrupta</strong></span> <span class='ocrx_word' id='word_1_267' title='bbox 3603 2485 3706 2541; x_wconf 84' lang='lat' dir='ltr'><strong>est,</strong></span> 
     </span>
    </p>
   </div>
   <div class='ocr_carea' id='block_1_46' title="bbox 436 2560 3706 2639">
    <p class='ocr_par' dir='ltr' id='par_1_46' title="bbox 436 2560 3706 2639">
     <span class='ocr_line' id='line_1_46' title="bbox 436 2560 3706 2639; baseline 0.003 -25"><span class='ocrx_word' id='word_1_268' title='bbox 436 2569 650 2624; x_wconf 83' lang='lat' dir='ltr'><strong>necant,</strong></span> <span class='ocrx_word' id='word_1_269' title='bbox 677 2560 760 2613; x_wconf 90' lang='lat' dir='ltr'><strong>vel</strong></span> <span class='ocrx_word' id='word_1_270' title='bbox 799 2573 919 2627; x_wconf 76' lang='lat' dir='ltr'><strong>quze</strong></span> <span class='ocrx_word' id='word_1_271' title='bbox 965 2568 1129 2626; x_wconf 85' lang='lat' dir='ltr'><strong>agunt</strong></span> <span class='ocrx_word' id='word_1_272' title='bbox 1172 2575 1375 2624; x_wconf 90' lang='lat' dir='ltr'><strong>secum,</strong></span> <span class='ocrx_word' id='word_1_273' title='bbox 1420 2569 1478 2614; x_wconf 91' lang='lat' dir='ltr'><strong>ut</strong></span> <span class='ocrx_word' id='word_1_274' title='bbox 1526 2568 1681 2615; x_wconf 90' lang='lat' dir='ltr'><strong>utero</strong></span> <span class='ocrx_word' id='word_1_275' title='bbox 1727 2570 2019 2630; x_wconf 88' lang='lat' dir='ltr'><strong>conceptos</strong></span> <span class='ocrx_word' id='word_1_276' title='bbox 2119 2566 2314 2635; x_wconf 86' lang='lat' dir='ltr'><strong>laqueo</strong></span> <span class='ocrx_word' id='word_1_277' title='bbox 2342 2582 2401 2620; x_wconf 85' lang='lat' dir='ltr'><strong>se</strong></span> <span class='ocrx_word' id='word_1_278' title='bbox 2427 2567 2675 2637; x_wconf 89' lang='lat' dir='ltr'><strong>peremit.</strong></span> <span class='ocrx_word' id='word_1_279' title='bbox 2732 2567 2798 2620; x_wconf 76' lang='lat' dir='ltr'><strong>Hi</strong></span> <span class='ocrx_word' id='word_1_280' title='bbox 2825 2568 2916 2636; x_wconf 88' lang='lat' dir='ltr'><strong>qui</strong></span> <span class='ocrx_word' id='word_1_281' title='bbox 2957 2562 3171 2623; x_wconf 75' lang='lat' dir='ltr'><strong>fuerunt</strong></span> <span class='ocrx_word' id='word_1_282' title='bbox 3193 2570 3417 2633; x_wconf 86' lang='lat' dir='ltr'><strong>conscii,</strong></span> <span class='ocrx_word' id='word_1_283' title='bbox 3464 2578 3588 2639; x_wconf 88' lang='lat' dir='ltr'><strong>post</strong></span> <span class='ocrx_word' id='word_1_284' title='bbox 3616 2571 3706 2624; x_wconf 85' lang='lat' dir='ltr'><strong>de-</strong></span> 
     </span>
    </p>
   </div>
   <div class='ocr_carea' id='block_1_47' title="bbox 436 2649 2018 2720">
    <p class='ocr_par' dir='ltr' id='par_1_47' title="bbox 436 2649 2018 2720">
     <span class='ocr_line' id='line_1_47' title="bbox 436 2649 2018 2720; baseline 0 -14"><span class='ocrx_word' id='word_1_285' title='bbox 436 2653 742 2718; x_wconf 80' lang='lat' dir='ltr'><strong>excutiant,</strong></span> <span class='ocrx_word' id='word_1_286' title='bbox 774 2651 990 2718; x_wconf 85' lang='lat' dir='ltr'><strong>antiqua</strong></span> <span class='ocrx_word' id='word_1_287' title='bbox 1021 2650 1239 2720; x_wconf 90' lang='lat' dir='ltr'><strong>quidem</strong></span> <span class='ocrx_word' id='word_1_288' title='bbox 1257 2651 1499 2706; x_wconf 88' lang='lat' dir='ltr'><strong>definitio</strong></span> <span class='ocrx_word' id='word_1_289' title='bbox 1530 2667 1697 2720; x_wconf 89' lang='lat' dir='ltr'><strong>usque</strong></span> <span class='ocrx_word' id='word_1_290' title='bbox 1725 2649 1795 2706; x_wconf 87' lang='lat' dir='ltr'><strong>ad</strong></span> <span class='ocrx_word' id='word_1_291' title='bbox 1818 2653 2018 2706; x_wconf 81' lang='lat' dir='ltr'><strong>exitum</strong></span> 
     </span>
    </p>
   </div>
   <div class='ocr_carea' id='block_1_48' title="bbox 2124 2656 3707 2730">
    <p class='ocr_par' dir='ltr' id='par_1_48' title="bbox 2124 2656 3707 2730">
     <span class='ocr_line' id='line_1_48' title="bbox 2124 2656 3707 2730; baseline 0.004 -20"><span class='ocrx_word' id='word_1_292' title='bbox 2124 2670 2353 2710; x_wconf 90' lang='lat' dir='ltr'><strong>cennem</strong></span> <span class='ocrx_word' id='word_1_293' title='bbox 2379 2656 2803 2712; x_wconf 84' lang='lat' dir='ltr'><strong>satisfactionem</strong></span> <span class='ocrx_word' id='word_1_294' title='bbox 2828 2657 2962 2725; x_wconf 90' lang='lat' dir='ltr'><strong>jussi</strong></span> <span class='ocrx_word' id='word_1_295' title='bbox 2993 2668 3118 2714; x_wconf 91' lang='lat' dir='ltr'><strong>sunt</strong></span> <span class='ocrx_word' id='word_1_296' title='bbox 3143 2662 3364 2730; x_wconf 54' lang='lat' dir='ltr'><strong>suscipi,</strong></span> <span class='ocrx_word' id='word_1_297' title='bbox 3410 2662 3707 2717; x_wconf 85' lang='lat' dir='ltr'><strong>secundum</strong></span> 
     </span>
    </p>
   </div>
   <div class='ocr_carea' id='block_1_49' title="bbox 440 2740 3048 2820">
    <p class='ocr_par' dir='ltr' id='par_1_49' title="bbox 440 2740 3048 2820">
     <span class='ocr_line' id='line_1_49' title="bbox 440 2740 3048 2820; baseline 0.003 -26"><span class='ocrx_word' id='word_1_298' title='bbox 440 2743 561 2794; x_wconf 72' lang='lat' dir='ltr'><strong>vita:</strong></span> <span class='ocrx_word' id='word_1_299' title='bbox 585 2757 677 2796; x_wconf 91' lang='lat' dir='ltr'><strong>eas</strong></span> <span class='ocrx_word' id='word_1_300' title='bbox 701 2743 768 2795; x_wconf 91' lang='lat' dir='ltr'><strong>ab</strong></span> <span class='ocrx_word' id='word_1_301' title='bbox 790 2740 1027 2795; x_wconf 87' lang='lat' dir='ltr'><strong>Ecclesia</strong></span> <span class='ocrx_word' id='word_1_302' title='bbox 1054 2749 1329 2795; x_wconf 86' lang='lat' dir='ltr'><strong>removet:</strong></span> <span class='ocrx_word' id='word_1_303' title='bbox 1359 2741 1643 2794; x_wconf 87' lang='lat' dir='ltr'><strong>humanius</strong></span> <span class='ocrx_word' id='word_1_304' title='bbox 1673 2750 1850 2794; x_wconf 87' lang='lat' dir='ltr'><strong>autem</strong></span> <span class='ocrx_word' id='word_1_305' title='bbox 1881 2757 2024 2797; x_wconf 90' lang='lat' dir='ltr'><strong>nunc</strong></span> <span class='ocrx_word' id='word_1_306' title='bbox 2123 2749 2325 2816; x_wconf 86' lang='lat' dir='ltr'><strong>gradus</strong></span> <span class='ocrx_word' id='word_1_307' title='bbox 2351 2751 2680 2820; x_wconf 57' lang='lat' dir='ltr'><strong>paenitentia;</strong></span> <span class='ocrx_word' id='word_1_308' title='bbox 2709 2752 3048 2807; x_wconf 85' lang='lat' dir='ltr'><strong>constitutos.</strong></span> 
     </span>
    </p>
   </div>
   <div class='ocr_carea' id='block_1_50' title="bbox 953 2877 3659 2914">
    <p class='ocr_par' dir='ltr' id='par_1_50' title="bbox 953 2877 3659 2914">
     <span class='ocr_line' id='line_1_50' title="bbox 953 2877 3659 2914; baseline 0 -24"><span class='ocrx_word' id='word_1_309' title='bbox 953 2877 3659 2914; x_wconf 45' lang='grc' dir='ltr'><strong>-..Μ</strong></span> 
     </span>
    </p>
   </div>
   <div class='ocr_carea' id='block_1_51' title="bbox 971 2935 2248 3007">
    <p class='ocr_par' dir='ltr' id='par_1_51' title="bbox 971 2935 2248 3007">
     <span class='ocr_line' id='line_1_51' title="bbox 971 2935 2248 3007; baseline 0.005 -7"><span class='ocrx_word' id='word_1_310' title='bbox 971 2935 1286 3001; x_wconf 71' lang='lat' dir='ltr'><strong>lEGUL/E</strong></span> <span class='ocrx_word' id='word_1_311' title='bbox 1353 2940 1746 3000; x_wconf 72' lang='lat' dir='ltr'><strong>PROLA&#39;UE</strong></span> <span class='ocrx_word' id='word_1_312' title='bbox 1801 2944 1871 3000; x_wconf 84' lang='lat' dir='ltr'><strong>iN</strong></span> <span class='ocrx_word' id='word_1_313' title='bbox 1931 2945 2248 3007; x_wconf 86' lang='lat' dir='ltr'><strong>SYNODO</strong></span> 
     </span>
    </p>
   </div>
   <div class='ocr_carea' id='block_1_52' title="bbox 1824 3065 2079 3080">
    <p class='ocr_par' dir='ltr' id='par_1_52' title="bbox 1824 3065 2079 3080">
     <span class='ocr_line' id='line_1_52' title="bbox 1824 3065 2079 3080; baseline 0.004 -4"><span class='ocrx_word' id='word_1_314' title='bbox 1824 3065 2079 3080; x_wconf 68' lang='lat'><strong>_—-__.__</strong></span> 
     </span>
    </p>
   </div>
   <div class='ocr_carea' id='block_1_53' title="bbox 2323 2951 3190 3012">
    <p class='ocr_par' dir='ltr' id='par_1_53' title="bbox 2323 2951 3190 3012">
     <span class='ocr_line' id='line_1_53' title="bbox 2323 2951 3190 3012; baseline 0.002 -4"><span class='ocrx_word' id='word_1_315' title='bbox 2323 2951 2966 3012; x_wconf 67' lang='lat' dir='ltr'><strong>NEUCJESABIENSI</strong></span> <span class='ocrx_word' id='word_1_316' title='bbox 3023 2953 3190 3012; x_wconf 75' lang='lat' dir='ltr'><strong>XIV.</strong></span> 
     </span>
    </p>
   </div>
   <div class='ocr_carea' id='block_1_54' title="bbox 2081 3069 2308 3087">
    <p class='ocr_par' dir='ltr' id='par_1_54' title="bbox 2081 3069 2308 3087">
     <span class='ocr_line' id='line_1_54' title="bbox 2081 3069 2308 3087; baseline 0 -3"><span class='ocrx_word' id='word_1_317' title='bbox 2081 3069 2308 3087; x_wconf 42' lang='lat' dir='ltr'><strong>ﬂ</strong></span> 
     </span>
    </p>
   </div>
   <div class='ocr_carea' id='block_1_55' title="bbox 509 3122 3710 3208">
    <p class='ocr_par' dir='ltr' id='par_1_55' title="bbox 509 3122 3710 3208">
     <span class='ocr_line' id='line_1_55' title="bbox 509 3122 3710 3208; baseline 0.004 -30"><span class='ocrx_word' id='word_1_318' title='bbox 509 3124 577 3179; x_wconf 90' lang='lat' dir='ltr'><strong>Et</strong></span> <span class='ocrx_word' id='word_1_319' title='bbox 606 3125 689 3178; x_wconf 73' lang='lat' dir='ltr'><strong>lue</strong></span> <span class='ocrx_word' id='word_1_320' title='bbox 711 3125 908 3192; x_wconf 76' lang='lat' dir='ltr'><strong>regulae</strong></span> <span class='ocrx_word' id='word_1_321' title='bbox 929 3133 1050 3194; x_wconf 92' lang='lat' dir='ltr'><strong>post</strong></span> <span class='ocrx_word' id='word_1_322' title='bbox 1073 3139 1163 3178; x_wconf 87' lang='lat' dir='ltr'><strong>eas</strong></span> <span class='ocrx_word' id='word_1_323' title='bbox 1184 3122 1396 3192; x_wconf 88' lang='lat' dir='ltr'><strong>quidem</strong></span> <span class='ocrx_word' id='word_1_324' title='bbox 1424 3122 1720 3193; x_wconf 89' lang='lat' dir='ltr'><strong>probantur</strong></span> <span class='ocrx_word' id='word_1_325' title='bbox 1747 3137 1886 3187; x_wconf 75' lang='lat' dir='ltr'><strong>esse,</strong></span> <span class='ocrx_word' id='word_1_326' title='bbox 1909 3139 2026 3192; x_wconf 65' lang='lat' dir='ltr'><strong>quae</strong></span> <span class='ocrx_word' id='word_1_327' title='bbox 2056 3132 2097 3187; x_wconf 68' lang='grc' dir='ltr'><strong>(ἶ</strong></span> <span class='ocrx_word' id='word_1_328' title='bbox 2131 3139 2238 3186; x_wconf 91' lang='lat' dir='ltr'><strong>tem</strong></span> <span class='ocrx_word' id='word_1_329' title='bbox 2285 3134 2652 3203; x_wconf 88' lang='lat' dir='ltr'><strong>deprehensus</strong></span> <span class='ocrx_word' id='word_1_330' title='bbox 2713 3137 2874 3191; x_wconf 84' lang='lat' dir='ltr'><strong>fuerit</strong></span> <span class='ocrx_word' id='word_1_331' title='bbox 2928 3149 3187 3208; x_wconf 84' lang='lat' dir='ltr'><strong>peccans,</strong></span> <span class='ocrx_word' id='word_1_332' title='bbox 3220 3139 3263 3193; x_wconf 92' lang='lat' dir='ltr'><strong>si</strong></span> <span class='ocrx_word' id='word_1_333' title='bbox 3296 3138 3512 3208; x_wconf 85' lang='lat' dir='ltr'><strong>quidem</strong></span> <span class='ocrx_word' id='word_1_334' title='bbox 3565 3152 3710 3206; x_wconf 79' lang='lat' dir='ltr'><strong>genu</strong></span> 
     </span>
    </p>
   </div>
   <div class='ocr_carea' id='block_1_56' title="bbox 442 3212 2018 3286">
    <p class='ocr_par' dir='ltr' id='par_1_56' title="bbox 442 3212 2018 3286">
     <span class='ocr_line' id='line_1_56' title="bbox 442 3212 2018 3286; baseline -0.002 -16"><span class='ocrx_word' id='word_1_335' title='bbox 442 3217 581 3286; x_wconf 81' lang='lat' dir='ltr'><strong>apud</strong></span> <span class='ocrx_word' id='word_1_336' title='bbox 612 3215 877 3286; x_wconf 84' lang='lat' dir='ltr'><strong>Ancyram</strong></span> <span class='ocrx_word' id='word_1_337' title='bbox 907 3216 1165 3285; x_wconf 79' lang='lat' dir='ltr'><strong>exposite</strong></span> <span class='ocrx_word' id='word_1_338' title='bbox 1206 3223 1363 3268; x_wconf 89' lang='lat' dir='ltr'><strong>sunt:</strong></span> <span class='ocrx_word' id='word_1_339' title='bbox 1396 3213 1488 3268; x_wconf 83' lang='lat' dir='ltr'><strong>sed</strong></span> <span class='ocrx_word' id='word_1_340' title='bbox 1521 3212 1748 3268; x_wconf 79' lang='lat' dir='ltr'><strong>Nicacnis</strong></span> <span class='ocrx_word' id='word_1_341' title='bbox 1778 3213 2018 3267; x_wconf 88' lang='lat' dir='ltr'><strong>anterio-</strong></span> 
     </span>
    </p>
   </div>
   <div class='ocr_carea' id='block_1_57' title="bbox 381 3309 932 3378">
    <p class='ocr_par' dir='ltr' id='par_1_57' title="bbox 381 3309 932 3378">
     <span class='ocr_line' id='line_1_57' title="bbox 381 3309 932 3378; baseline -0.005 -16"><span class='ocrx_word' id='word_1_342' title='bbox 381 3321 386 3328; x_wconf 85' lang='lat'>‘</span> <span class='ocrx_word' id='word_1_343' title='bbox 445 3325 530 3363; x_wconf 83' lang='lat' dir='ltr'><strong>res</strong></span> <span class='ocrx_word' id='word_1_344' title='bbox 551 3309 932 3378; x_wconf 37' lang='lat' dir='ltr'><strong>reperiuntur“</strong></span> 
     </span>
    </p>
   </div>
   <div class='ocr_carea' id='block_1_58' title="bbox 445 3417 2020 3490">
    <p class='ocr_par' dir='ltr' id='par_1_58' title="bbox 445 3417 2020 3490">
     <span class='ocr_line' id='line_1_58' title="bbox 445 3417 2020 3490; baseline -0.003 -17"><span class='ocrx_word' id='word_1_345' title='bbox 445 3419 524 3473; x_wconf 87' lang='lat' dir='ltr'><strong>De</strong></span> <span class='ocrx_word' id='word_1_346' title='bbox 543 3418 850 3489; x_wconf 82' lang='lat' dir='ltr'><strong>presbyteris</strong></span> <span class='ocrx_word' id='word_1_347' title='bbox 871 3419 958 3490; x_wconf 84' lang='lat' dir='ltr'><strong>qui</strong></span> <span class='ocrx_word' id='word_1_348' title='bbox 979 3435 1168 3473; x_wconf 71' lang='lat' dir='ltr'><strong>uxores</strong></span> <span class='ocrx_word' id='word_1_349' title='bbox 1190 3426 1509 3487; x_wconf 75' lang='lat' dir='ltr'><strong>acceperunt,</strong></span> <span class='ocrx_word' id='word_1_350' title='bbox 1533 3417 1610 3472; x_wconf 82' lang='lat' dir='ltr'><strong>vel</strong></span> <span class='ocrx_word' id='word_1_351' title='bbox 1623 3417 1866 3488; x_wconf 67' lang='lat' dir='ltr'><strong>fornicati</strong></span> <span class='ocrx_word' id='word_1_352' title='bbox 1884 3424 2020 3470; x_wconf 86' lang='lat' dir='ltr'><strong>sunt.</strong></span> 
     </span>
    </p>
   </div>
   <div class='ocr_carea' id='block_1_59' title="bbox 518 3509 2027 3582">
    <p class='ocr_par' dir='ltr' id='par_1_59' title="bbox 518 3509 2027 3582">
     <span class='ocr_line' id='line_1_59' title="bbox 518 3509 2027 3582; baseline -0.001 -19"><span class='ocrx_word' id='word_1_353' title='bbox 518 3509 677 3564; x_wconf 87' lang='lat' dir='ltr'><strong>XLV.</strong></span> <span class='ocrx_word' id='word_1_354' title='bbox 718 3509 1022 3582; x_wconf 85' lang='lat' dir='ltr'><strong>Presbyter,</strong></span> <span class='ocrx_word' id='word_1_355' title='bbox 1053 3511 1096 3563; x_wconf 91' lang='lat' dir='ltr'><strong>si</strong></span> <span class='ocrx_word' id='word_1_356' title='bbox 1129 3525 1350 3564; x_wconf 81' lang='lat' dir='ltr'><strong>uxorem</strong></span> <span class='ocrx_word' id='word_1_357' title='bbox 1391 3510 1679 3577; x_wconf 89' lang='lat' dir='ltr'><strong>acceperit,</strong></span> <span class='ocrx_word' id='word_1_358' title='bbox 1729 3510 1796 3562; x_wconf 83' lang='lat' dir='ltr'><strong>ab</strong></span> <span class='ocrx_word' id='word_1_359' title='bbox 1839 3509 2027 3563; x_wconf 89' lang='lat' dir='ltr'><strong>ordine</strong></span> 
     </span>
    </p>
   </div>
   <div class='ocr_carea' id='block_1_60' title="bbox 447 3598 2026 3669">
    <p class='ocr_par' dir='ltr' id='par_1_60' title="bbox 447 3598 2026 3669">
     <span class='ocr_line' id='line_1_60' title="bbox 447 3598 2026 3669; baseline -0.002 -16"><span class='ocrx_word' id='word_1_360' title='bbox 447 3599 790 3669; x_wconf 75' lang='lat' dir='ltr'><strong>deponatur:</strong></span> <span class='ocrx_word' id='word_1_361' title='bbox 825 3601 870 3654; x_wconf 88' lang='lat' dir='ltr'><strong>si</strong></span> <span class='ocrx_word' id='word_1_362' title='bbox 896 3615 1027 3654; x_wconf 85' lang='lat' dir='ltr'><strong>vero</strong></span> <span class='ocrx_word' id='word_1_363' title='bbox 1058 3600 1348 3654; x_wconf 78' lang='lat' dir='ltr'><strong>fornicatus</strong></span> <span class='ocrx_word' id='word_1_364' title='bbox 1377 3599 1555 3664; x_wconf 83' lang='lat' dir='ltr'><strong>fuerit,</strong></span> <span class='ocrx_word' id='word_1_365' title='bbox 1589 3608 1679 3652; x_wconf 91' lang='lat' dir='ltr'><strong>aut</strong></span> <span class='ocrx_word' id='word_1_366' title='bbox 1706 3598 2026 3652; x_wconf 87' lang='lat' dir='ltr'><strong>adulterium</strong></span> 
     </span>
    </p>
   </div>
   <div class='ocr_carea' id='block_1_61' title="bbox 448 3689 2027 3761">
    <p class='ocr_par' dir='ltr' id='par_1_61' title="bbox 448 3689 2027 3761">
     <span class='ocr_line' id='line_1_61' title="bbox 448 3689 2027 3761; baseline 0.001 -19"><span class='ocrx_word' id='word_1_367' title='bbox 448 3691 851 3758; x_wconf 87' lang='lat' dir='ltr'><strong>perpetraverit,</strong></span> <span class='ocrx_word' id='word_1_368' title='bbox 879 3691 1106 3760; x_wconf 89' lang='lat' dir='ltr'><strong>amplius</strong></span> <span class='ocrx_word' id='word_1_369' title='bbox 1131 3690 1256 3761; x_wconf 86' lang='lat' dir='ltr'><strong>pelli</strong></span> <span class='ocrx_word' id='word_1_370' title='bbox 1285 3690 1464 3754; x_wconf 85' lang='lat' dir='ltr'><strong>debet,</strong></span> <span class='ocrx_word' id='word_1_371' title='bbox 1487 3698 1542 3744; x_wconf 90' lang='lat' dir='ltr'><strong>et</strong></span> <span class='ocrx_word' id='word_1_372' title='bbox 1569 3689 1635 3743; x_wconf 90' lang='lat' dir='ltr'><strong>ad</strong></span> <span class='ocrx_word' id='word_1_373' title='bbox 1658 3690 2027 3759; x_wconf 77' lang='lat' dir='ltr'><strong>pmnitentiam</strong></span> 
     </span>
    </p>
   </div>
   <div class='ocr_carea' id='block_1_62' title="bbox 449 3779 637 3846">
    <p class='ocr_par' dir='ltr' id='par_1_62' title="bbox 449 3779 637 3846">
     <span class='ocr_line' id='line_1_62' title="bbox 449 3779 637 3846; baseline 0 -15"><span class='ocrx_word' id='word_1_374' title='bbox 449 3779 637 3846; x_wconf 79' lang='lat' dir='ltr'><strong>redigi.</strong></span> 
     </span>
    </p>
   </div>
   <div class='ocr_carea' id='block_1_63' title="bbox 452 3883 2030 3962">
    <p class='ocr_par' dir='ltr' id='par_1_63' title="bbox 452 3883 2030 3962">
     <span class='ocr_line' id='line_1_63' title="bbox 452 3883 2030 3962; baseline 0.001 -18"><span class='ocrx_word' id='word_1_375' title='bbox 452 3883 530 3944; x_wconf 85' lang='lat' dir='ltr'><strong>De</strong></span> <span class='ocrx_word' id='word_1_376' title='bbox 557 3891 638 3943; x_wconf 80' lang='lat' dir='ltr'><strong>Itis</strong></span> <span class='ocrx_word' id='word_1_377' title='bbox 665 3905 778 3962; x_wconf 70' lang='lat' dir='ltr'><strong>quae</strong></span> <span class='ocrx_word' id='word_1_378' title='bbox 805 3889 1004 3944; x_wconf 89' lang='lat' dir='ltr'><strong>duobus</strong></span> <span class='ocrx_word' id='word_1_379' title='bbox 1033 3891 1280 3961; x_wconf 77' lang='lat' dir='ltr'><strong>fratribus</strong></span> <span class='ocrx_word' id='word_1_380' title='bbox 1318 3893 1600 3962; x_wconf 76' lang='lat' dir='ltr'><strong>nupserim,</strong></span> <span class='ocrx_word' id='word_1_381' title='bbox 1648 3891 1725 3944; x_wconf 77' lang='lat' dir='ltr'><strong>eet</strong></span> <span class='ocrx_word' id='word_1_382' title='bbox 1771 3892 1856 3962; x_wconf 85' lang='lat' dir='ltr'><strong>qui</strong></span> <span class='ocrx_word' id='word_1_383' title='bbox 1901 3893 2030 3946; x_wconf 85' lang='lat' dir='ltr'><strong>duas</strong></span> 
     </span>
    </p>
   </div>
   <div class='ocr_carea' id='block_1_64' title="bbox 861 3963 1614 4031">
    <p class='ocr_par' dir='ltr' id='par_1_64' title="bbox 861 3963 1614 4031">
     <span class='ocr_line' id='line_1_64' title="bbox 861 3963 1614 4031; baseline 0.001 -18"><span class='ocrx_word' id='word_1_384' title='bbox 861 3977 1063 4014; x_wconf 85' lang='lat' dir='ltr'><strong>sorores</strong></span> <span class='ocrx_word' id='word_1_385' title='bbox 1091 3977 1278 4015; x_wconf 75' lang='lat' dir='ltr'><strong>uxores</strong></span> <span class='ocrx_word' id='word_1_386' title='bbox 1305 3963 1614 4031; x_wconf 80' lang='lat' dir='ltr'><strong>acceperint.</strong></span> 
     </span>
    </p>
   </div>
   <div class='ocr_carea' id='block_1_65' title="bbox 521 4049 2032 4122">
    <p class='ocr_par' dir='ltr' id='par_1_65' title="bbox 521 4049 2032 4122">
     <span class='ocr_line' id='line_1_65' title="bbox 521 4049 2032 4122; baseline 0.001 -16"><span class='ocrx_word' id='word_1_387' title='bbox 521 4049 703 4106; x_wconf 83' lang='lat' dir='ltr'><strong>XLVI.</strong></span> <span class='ocrx_word' id='word_1_388' title='bbox 745 4049 953 4117; x_wconf 84' lang='lat' dir='ltr'><strong>Mulier,</strong></span> <span class='ocrx_word' id='word_1_389' title='bbox 985 4053 1030 4105; x_wconf 92' lang='lat' dir='ltr'><strong>si</strong></span> <span class='ocrx_word' id='word_1_390' title='bbox 1059 4053 1265 4106; x_wconf 90' lang='lat' dir='ltr'><strong>duobus</strong></span> <span class='ocrx_word' id='word_1_391' title='bbox 1288 4052 1540 4107; x_wconf 85' lang='lat' dir='ltr'><strong>fratribus</strong></span> <span class='ocrx_word' id='word_1_392' title='bbox 1587 4053 1864 4121; x_wconf 87' lang='lat' dir='ltr'><strong>nupserit,</strong></span> <span class='ocrx_word' id='word_1_393' title='bbox 1895 4053 2032 4122; x_wconf 82' lang='lat' dir='ltr'><strong>abji-</strong></span> 
     </span>
    </p>
   </div>
   <div class='ocr_carea' id='block_1_66' title="bbox 453 4141 2037 4214">
    <p class='ocr_par' dir='ltr' id='par_1_66' title="bbox 453 4141 2037 4214">
     <span class='ocr_line' id='line_1_66' title="bbox 453 4141 2037 4214; baseline 0.002 -18"><span class='ocrx_word' id='word_1_394' title='bbox 453 4141 627 4196; x_wconf 89' lang='lat' dir='ltr'><strong>ciatnr</strong></span> <span class='ocrx_word' id='word_1_395' title='bbox 656 4157 824 4210; x_wconf 83' lang='lat' dir='ltr'><strong>usque</strong></span> <span class='ocrx_word' id='word_1_396' title='bbox 849 4143 918 4196; x_wconf 88' lang='lat' dir='ltr'><strong>ad</strong></span> <span class='ocrx_word' id='word_1_397' title='bbox 947 4151 1176 4197; x_wconf 84' lang='lat' dir='ltr'><strong>mortem</strong></span> <span class='ocrx_word' id='word_1_398' title='bbox 1203 4160 1215 4195; x_wconf 91' lang='lat'><strong>:</strong></span> <span class='ocrx_word' id='word_1_399' title='bbox 1249 4151 1618 4197; x_wconf 86' lang='lat' dir='ltr'><strong>verumtamen</strong></span> <span class='ocrx_word' id='word_1_400' title='bbox 1659 4145 1710 4198; x_wconf 93' lang='lat' dir='ltr'><strong>in</strong></span> <span class='ocrx_word' id='word_1_401' title='bbox 1742 4145 1887 4199; x_wconf 78' lang='lat' dir='ltr'><strong>exitu</strong></span> <span class='ocrx_word' id='word_1_402' title='bbox 1917 4161 2037 4214; x_wconf 86' lang='lat' dir='ltr'><strong>pro-</strong></span> 
     </span>
    </p>
   </div>
   <div class='ocr_carea' id='block_1_67' title="bbox 455 4233 2034 4302">
    <p class='ocr_par' dir='ltr' id='par_1_67' title="bbox 455 4233 2034 4302">
     <span class='ocr_line' id='line_1_67' title="bbox 455 4233 2034 4302; baseline 0.003 -17"><span class='ocrx_word' id='word_1_403' title='bbox 455 4240 578 4300; x_wconf 86' lang='lat' dir='ltr'><strong>pter</strong></span> <span class='ocrx_word' id='word_1_404' title='bbox 605 4233 1052 4298; x_wconf 87' lang='lat' dir='ltr'><strong>misericordiam,</strong></span> <span class='ocrx_word' id='word_1_405' title='bbox 1085 4233 1131 4287; x_wconf 91' lang='lat' dir='ltr'><strong>si</strong></span> <span class='ocrx_word' id='word_1_406' title='bbox 1161 4233 1488 4301; x_wconf 87' lang='lat' dir='ltr'><strong>promiserit,</strong></span> <span class='ocrx_word' id='word_1_407' title='bbox 1514 4234 1660 4302; x_wconf 88' lang='lat' dir='ltr'><strong>quod</strong></span> <span class='ocrx_word' id='word_1_408' title='bbox 1707 4233 1846 4289; x_wconf 79' lang='lat' dir='ltr'><strong>facta</strong></span> <span class='ocrx_word' id='word_1_409' title='bbox 1882 4235 2034 4289; x_wconf 86' lang='lat' dir='ltr'><strong>ineo-</strong></span> 
     </span>
    </p>
   </div>
   <div class='ocr_carea' id='block_1_68' title="bbox 458 4323 2034 4392">
    <p class='ocr_par' dir='ltr' id='par_1_68' title="bbox 458 4323 2034 4392">
     <span class='ocr_line' id='line_1_68' title="bbox 458 4323 2034 4392; baseline 0.001 -16"><span class='ocrx_word' id='word_1_410' title='bbox 458 4323 634 4387; x_wconf 84' lang='lat' dir='ltr'><strong>tumis,</strong></span> <span class='ocrx_word' id='word_1_411' title='bbox 675 4323 835 4391; x_wconf 88' lang='lat' dir='ltr'><strong>hujus</strong></span> <span class='ocrx_word' id='word_1_412' title='bbox 869 4325 1264 4392; x_wconf 74' lang='lat' dir='ltr'><strong>coniunctionis</strong></span> <span class='ocrx_word' id='word_1_413' title='bbox 1290 4324 1464 4378; x_wconf 87' lang='lat' dir='ltr'><strong>vincla</strong></span> <span class='ocrx_word' id='word_1_414' title='bbox 1500 4325 1774 4388; x_wconf 86' lang='lat' dir='ltr'><strong>dissolvat,</strong></span> <span class='ocrx_word' id='word_1_415' title='bbox 1806 4327 2034 4380; x_wconf 86' lang='lat' dir='ltr'><strong>fructum</strong></span> 
     </span>
    </p>
   </div>
   <div class='ocr_carea' id='block_1_69' title="bbox 459 4413 2116 4483">
    <p class='ocr_par' dir='ltr' id='par_1_69' title="bbox 459 4413 2116 4483">
     <span class='ocr_line' id='line_1_69' title="bbox 459 4413 2116 4483; baseline 0.001 -17"><span class='ocrx_word' id='word_1_416' title='bbox 459 4413 787 4482; x_wconf 67' lang='lat' dir='ltr'><strong>pmnitentiaa</strong></span> <span class='ocrx_word' id='word_1_417' title='bbox 816 4423 1195 4483; x_wconf 87' lang='lat' dir='ltr'><strong>consequatur.</strong></span> <span class='ocrx_word' id='word_1_418' title='bbox 1253 4413 1409 4480; x_wconf 92' lang='lat' dir='ltr'><strong>Quod</strong></span> <span class='ocrx_word' id='word_1_419' title='bbox 1454 4413 1498 4468; x_wconf 88' lang='lat' dir='ltr'><strong>si</strong></span> <span class='ocrx_word' id='word_1_420' title='bbox 1544 4413 1804 4470; x_wconf 86' lang='lat' dir='ltr'><strong>defecerit</strong></span> <span class='ocrx_word' id='word_1_421' title='bbox 1848 4415 2038 4468; x_wconf 87' lang='lat' dir='ltr'><strong>mulier</strong></span> <span class='ocrx_word' id='word_1_422' title='bbox 2114 4439 2116 4441; x_wconf 46' lang='grc'>&gt;</span> 
     </span>
    </p>
   </div>
   <div class='ocr_carea' id='block_1_70' title="bbox 460 4490 2113 4576">
    <p class='ocr_par' dir='ltr' id='par_1_70' title="bbox 460 4490 2113 4576">
     <span class='ocr_line' id='line_1_70' title="bbox 460 4490 2113 4576; baseline 0.001 -20"><span class='ocrx_word' id='word_1_423' title='bbox 460 4510 557 4556; x_wconf 86' lang='lat' dir='ltr'><strong>aut</strong></span> <span class='ocrx_word' id='word_1_424' title='bbox 585 4503 664 4554; x_wconf 88' lang='lat' dir='ltr'><strong>vir</strong></span> <span class='ocrx_word' id='word_1_425' title='bbox 691 4502 745 4555; x_wconf 90' lang='lat' dir='ltr'><strong>in</strong></span> <span class='ocrx_word' id='word_1_426' title='bbox 775 4502 968 4557; x_wconf 88' lang='lat' dir='ltr'><strong>talibus</strong></span> <span class='ocrx_word' id='word_1_427' title='bbox 995 4505 1213 4574; x_wconf 88' lang='lat' dir='ltr'><strong>nuptiis,</strong></span> <span class='ocrx_word' id='word_1_428' title='bbox 1239 4505 1470 4560; x_wconf 77' lang='lat' dir='ltr'><strong>difficilis</strong></span> <span class='ocrx_word' id='word_1_429' title='bbox 1490 4504 1594 4562; x_wconf 89' lang='lat' dir='ltr'><strong>erit</strong></span> <span class='ocrx_word' id='word_1_430' title='bbox 1637 4505 1950 4576; x_wconf 54' lang='lat' dir='ltr'><strong>paenitentia</strong></span> <span class='ocrx_word' id='word_1_431' title='bbox 1979 4505 2032 4558; x_wconf 93' lang='lat' dir='ltr'><strong>in</strong></span> <span class='ocrx_word' id='word_1_432' title='bbox 2062 4490 2113 4548; x_wconf 83' lang='grc' dir='ltr'><strong>Ῐ)</strong></span> 
     </span>
    </p>
   </div>
   <div class='ocr_carea' id='block_1_71' title="bbox 462 4593 958 4663">
    <p class='ocr_par' dir='ltr' id='par_1_71' title="bbox 462 4593 958 4663">
     <span class='ocr_line' id='line_1_71' title="bbox 462 4593 958 4663; baseline 0 -16"><span class='ocrx_word' id='word_1_433' title='bbox 462 4593 571 4648; x_wconf 85' lang='lat' dir='ltr'><strong>vita</strong></span> <span class='ocrx_word' id='word_1_434' title='bbox 602 4593 958 4663; x_wconf 90' lang='lat' dir='ltr'><strong>permanenti.</strong></span> 
     </span>
    </p>
   </div>
   <div class='ocr_carea' id='block_1_72' title="bbox 1037 4702 1450 4763">
    <p class='ocr_par' dir='ltr' id='par_1_72' title="bbox 1037 4702 1450 4763">
     <span class='ocr_line' id='line_1_72' title="bbox 1037 4702 1450 4763; baseline 0.01 -4"><span class='ocrx_word' id='word_1_435' title='bbox 1037 4702 1113 4760; x_wconf 74' lang='lat' dir='ltr'><strong>De</strong></span> <span class='ocrx_word' id='word_1_436' title='bbox 1133 4707 1450 4763; x_wconf 82' lang='lat' dir='ltr'><strong>muttinubis.</strong></span> 
     </span>
    </p>
   </div>
   <div class='ocr_carea' id='block_1_73' title="bbox 534 4788 2040 4866">
    <p class='ocr_par' dir='ltr' id='par_1_73' title="bbox 534 4788 2040 4866">
     <span class='ocr_line' id='line_1_73' title="bbox 534 4788 2040 4866; baseline 0.001 -20"><span class='ocrx_word' id='word_1_437' title='bbox 534 4788 742 4846; x_wconf 83' lang='lat' dir='ltr'><strong>XLVII.</strong></span> <span class='ocrx_word' id='word_1_438' title='bbox 784 4790 858 4846; x_wconf 90' lang='lat' dir='ltr'><strong>De</strong></span> <span class='ocrx_word' id='word_1_439' title='bbox 886 4792 967 4848; x_wconf 88' lang='lat' dir='ltr'><strong>his</strong></span> <span class='ocrx_word' id='word_1_440' title='bbox 989 4795 1082 4864; x_wconf 91' lang='lat' dir='ltr'><strong>qui</strong></span> <span class='ocrx_word' id='word_1_441' title='bbox 1122 4796 1174 4850; x_wconf 92' lang='lat' dir='ltr'><strong>in</strong></span> <span class='ocrx_word' id='word_1_442' title='bbox 1202 4796 1458 4866; x_wconf 87' lang='lat' dir='ltr'><strong>plurimas</strong></span> <span class='ocrx_word' id='word_1_443' title='bbox 1483 4795 1694 4866; x_wconf 80' lang='lat' dir='ltr'><strong>nuptias</strong></span> <span class='ocrx_word' id='word_1_444' title='bbox 1715 4793 2040 4860; x_wconf 82' lang='lat' dir='ltr'><strong>inciderunt,</strong></span> 
     </span>
    </p>
   </div>
   <div class='ocr_carea' id='block_1_74' title="bbox 465 4884 2044 4954">
    <p class='ocr_par' dir='ltr' id='par_1_74' title="bbox 465 4884 2044 4954">
     <span class='ocr_line' id='line_1_74' title="bbox 465 4884 2044 4954; baseline 0.004 -18"><span class='ocrx_word' id='word_1_445' title='bbox 465 4891 522 4936; x_wconf 90' lang='lat' dir='ltr'><strong>et</strong></span> <span class='ocrx_word' id='word_1_446' title='bbox 544 4891 751 4952; x_wconf 90' lang='lat' dir='ltr'><strong>tempus</strong></span> <span class='ocrx_word' id='word_1_447' title='bbox 786 4884 1001 4951; x_wconf 90' lang='lat' dir='ltr'><strong>quidem</strong></span> <span class='ocrx_word' id='word_1_448' title='bbox 1047 4887 1366 4954; x_wconf 65' lang='lat' dir='ltr'><strong>praefinitum</strong></span> <span class='ocrx_word' id='word_1_449' title='bbox 1411 4887 1751 4942; x_wconf 76' lang='lat' dir='ltr'><strong>manifestum</strong></span> <span class='ocrx_word' id='word_1_450' title='bbox 1799 4894 1900 4953; x_wconf 80' lang='lat' dir='ltr'><strong>est,</strong></span> <span class='ocrx_word' id='word_1_451' title='bbox 1948 4885 2044 4942; x_wconf 88' lang='lat' dir='ltr'><strong>sed</strong></span> 
     </span>
    </p>
   </div>
   <div class='ocr_carea' id='block_1_75' title="bbox 465 4973 1857 5048">
    <p class='ocr_par' dir='ltr' id='par_1_75' title="bbox 465 4973 1857 5048">
     <span class='ocr_line' id='line_1_75' title="bbox 465 4973 1857 5048; baseline 0 -19"><span class='ocrx_word' id='word_1_452' title='bbox 465 4973 808 5029; x_wconf 85' lang='lat' dir='ltr'><strong>conversatio</strong></span> <span class='ocrx_word' id='word_1_453' title='bbox 829 4989 1040 5039; x_wconf 85' lang='lat' dir='ltr'><strong>eorum,</strong></span> <span class='ocrx_word' id='word_1_454' title='bbox 1069 4985 1125 5030; x_wconf 92' lang='lat' dir='ltr'><strong>et</strong></span> <span class='ocrx_word' id='word_1_455' title='bbox 1149 4975 1302 5045; x_wconf 84' lang='lat' dir='ltr'><strong>fides,</strong></span> <span class='ocrx_word' id='word_1_456' title='bbox 1328 4984 1537 5048; x_wconf 85' lang='lat' dir='ltr'><strong>tempus</strong></span> <span class='ocrx_word' id='word_1_457' title='bbox 1561 4976 1857 5031; x_wconf 87' lang='lat' dir='ltr'><strong>abbreviat.</strong></span> 
     </span>
    </p>
   </div>
   <div class='ocr_carea' id='block_1_76' title="bbox 631 5084 1974 5157">
    <p class='ocr_par' dir='ltr' id='par_1_76' title="bbox 631 5084 1974 5157">
     <span class='ocr_line' id='line_1_76' title="bbox 631 5084 1974 5157; baseline 0.002 -20"><span class='ocrx_word' id='word_1_458' title='bbox 631 5084 712 5138; x_wconf 87' lang='lat' dir='ltr'><strong>De</strong></span> <span class='ocrx_word' id='word_1_459' title='bbox 758 5085 838 5139; x_wconf 84' lang='lat' dir='ltr'><strong>his</strong></span> <span class='ocrx_word' id='word_1_460' title='bbox 871 5086 956 5155; x_wconf 87' lang='lat' dir='ltr'><strong>qui</strong></span> <span class='ocrx_word' id='word_1_461' title='bbox 981 5095 1320 5155; x_wconf 83' lang='lat' dir='ltr'><strong>proponentes</strong></span> <span class='ocrx_word' id='word_1_462' title='bbox 1351 5086 1602 5157; x_wconf 79' lang='lat' dir='ltr'><strong>fornicari</strong></span> <span class='ocrx_word' id='word_1_463' title='bbox 1620 5093 1873 5140; x_wconf 79' lang='lat' dir='ltr'><strong>celantur.</strong></span> <span class='ocrx_word' id='word_1_464' title='bbox 1971 5086 1974 5088; x_wconf 52' lang='grc'>⁷</span> 
     </span>
    </p>
   </div>
   <div class='ocr_carea' id='block_1_77' title="bbox 538 5174 2043 5246">
    <p class='ocr_par' dir='ltr' id='par_1_77' title="bbox 538 5174 2043 5246">
     <span class='ocr_line' id='line_1_77' title="bbox 538 5174 2043 5246; baseline -0.001 -16"><span class='ocrx_word' id='word_1_465' title='bbox 538 5174 766 5234; x_wconf 78' lang='lat' dir='ltr'><strong>XLVIII.</strong></span> <span class='ocrx_word' id='word_1_466' title='bbox 825 5176 879 5232; x_wconf 92' lang='lat' dir='ltr'><strong>Si</strong></span> <span class='ocrx_word' id='word_1_467' title='bbox 921 5177 1041 5246; x_wconf 88' lang='lat' dir='ltr'><strong>quis</strong></span> <span class='ocrx_word' id='word_1_468' title='bbox 1088 5177 1367 5230; x_wconf 90' lang='lat' dir='ltr'><strong>mulierem</strong></span> <span class='ocrx_word' id='word_1_469' title='bbox 1412 5176 1800 5244; x_wconf 84' lang='lat' dir='ltr'><strong>concupiscens</strong></span> <span class='ocrx_word' id='word_1_470' title='bbox 1841 5189 2043 5244; x_wconf 87' lang='lat' dir='ltr'><strong>propo-</strong></span> 
     </span>
    </p>
   </div>
   <div class='ocr_carea' id='block_1_78' title="bbox 466 5264 2044 5333">
    <p class='ocr_par' dir='ltr' id='par_1_78' title="bbox 466 5264 2044 5333">
     <span class='ocr_line' id='line_1_78' title="bbox 466 5264 2044 5333; baseline -0.003 -10"><span class='ocrx_word' id='word_1_471' title='bbox 466 5267 636 5324; x_wconf 77' lang='lat' dir='ltr'><strong>snerit</strong></span> <span class='ocrx_word' id='word_1_472' title='bbox 662 5282 782 5320; x_wconf 87' lang='lat' dir='ltr'><strong>cum</strong></span> <span class='ocrx_word' id='word_1_473' title='bbox 809 5282 872 5320; x_wconf 92' lang='lat' dir='ltr'><strong>ea</strong></span> <span class='ocrx_word' id='word_1_474' title='bbox 902 5267 1282 5333; x_wconf 78' lang='lat' dir='ltr'><strong>concumbere,</strong></span> <span class='ocrx_word' id='word_1_475' title='bbox 1305 5272 1361 5319; x_wconf 91' lang='lat' dir='ltr'><strong>et</strong></span> <span class='ocrx_word' id='word_1_476' title='bbox 1379 5266 1636 5333; x_wconf 86' lang='lat' dir='ltr'><strong>cogitatio</strong></span> <span class='ocrx_word' id='word_1_477' title='bbox 1657 5264 1772 5333; x_wconf 87' lang='lat' dir='ltr'><strong>ejus</strong></span> <span class='ocrx_word' id='word_1_478' title='bbox 1800 5279 2044 5333; x_wconf 85' lang='lat' dir='ltr'><strong>nonper—</strong></span> 
     </span>
    </p>
   </div>
   <div class='ocr_carea' id='block_1_79' title="bbox 469 5351 2044 5422">
    <p class='ocr_par' dir='ltr' id='par_1_79' title="bbox 469 5351 2044 5422">
     <span class='ocr_line' id='line_1_79' title="bbox 469 5351 2044 5422; baseline 0.001 -15"><span class='ocrx_word' id='word_1_479' title='bbox 469 5355 651 5409; x_wconf 83' lang='lat' dir='ltr'><strong>veniat</strong></span> <span class='ocrx_word' id='word_1_480' title='bbox 677 5354 743 5407; x_wconf 91' lang='lat' dir='ltr'><strong>ad</strong></span> <span class='ocrx_word' id='word_1_481' title='bbox 770 5353 1038 5418; x_wconf 80' lang='lat' dir='ltr'><strong>effectum,</strong></span> <span class='ocrx_word' id='word_1_482' title='bbox 1094 5361 1317 5422; x_wconf 83' lang='lat' dir='ltr'><strong>apparet</strong></span> <span class='ocrx_word' id='word_1_483' title='bbox 1369 5354 1511 5422; x_wconf 89' lang='lat' dir='ltr'><strong>quod</strong></span> <span class='ocrx_word' id='word_1_484' title='bbox 1559 5351 1653 5408; x_wconf 83' lang='lat' dir='ltr'><strong>Dei</strong></span> <span class='ocrx_word' id='word_1_485' title='bbox 1694 5354 1863 5422; x_wconf 82' lang='lat' dir='ltr'><strong>gratia</strong></span> <span class='ocrx_word' id='word_1_486' title='bbox 1907 5352 2044 5408; x_wconf 88' lang='lat' dir='ltr'><strong>libe-</strong></span> 
     </span>
    </p>
   </div>
   <div class='ocr_carea' id='block_1_80' title="bbox 471 5443 734 5500">
    <p class='ocr_par' dir='ltr' id='par_1_80' title="bbox 471 5443 734 5500">
     <span class='ocr_line' id='line_1_80' title="bbox 471 5443 734 5500; baseline -0.008 -1"><span class='ocrx_word' id='word_1_487' title='bbox 471 5453 617 5500; x_wconf 87' lang='lat' dir='ltr'><strong>ratus</strong></span> <span class='ocrx_word' id='word_1_488' title='bbox 645 5443 734 5498; x_wconf 91' lang='lat' dir='ltr'><strong>sit.</strong></span> 
     </span>
    </p>
   </div>
   <div class='ocr_carea' id='block_1_81' title="bbox 829 5553 1678 5626">
    <p class='ocr_par' dir='ltr' id='par_1_81' title="bbox 829 5553 1678 5626">
     <span class='ocr_line' id='line_1_81' title="bbox 829 5553 1678 5626; baseline 0 -18"><span class='ocrx_word' id='word_1_489' title='bbox 829 5555 904 5608; x_wconf 89' lang='lat' dir='ltr'><strong>De</strong></span> <span class='ocrx_word' id='word_1_490' title='bbox 929 5553 1305 5610; x_wconf 81' lang='lat' dir='ltr'><strong>catechumenis</strong></span> <span class='ocrx_word' id='word_1_491' title='bbox 1329 5554 1678 5626; x_wconf 78' lang='lat' dir='ltr'><strong>peccantibus.</strong></span> 
     </span>
    </p>
   </div>
   <div class='ocr_carea' id='block_1_82' title="bbox 2130 3221 3710 3298">
    <p class='ocr_par' dir='ltr' id='par_1_82' title="bbox 2130 3221 3710 3298">
     <span class='ocr_line' id='line_1_82' title="bbox 2130 3221 3710 3298; baseline 0.006 -24"><span class='ocrx_word' id='word_1_492' title='bbox 2130 3221 2314 3288; x_wconf 83' lang='lat' dir='ltr'><strong>flectit,</strong></span> <span class='ocrx_word' id='word_1_493' title='bbox 2340 3225 2539 3291; x_wconf 84' lang='lat' dir='ltr'><strong>audiat,</strong></span> <span class='ocrx_word' id='word_1_494' title='bbox 2582 3235 2639 3280; x_wconf 91' lang='lat' dir='ltr'><strong>ut</strong></span> <span class='ocrx_word' id='word_1_495' title='bbox 2666 3243 2772 3281; x_wconf 91' lang='lat' dir='ltr'><strong>non</strong></span> <span class='ocrx_word' id='word_1_496' title='bbox 2819 3227 3093 3298; x_wconf 85' lang='lat' dir='ltr'><strong>delinquat</strong></span> <span class='ocrx_word' id='word_1_497' title='bbox 3135 3229 3389 3282; x_wconf 85' lang='lat' dir='ltr'><strong>ulterius:</strong></span> <span class='ocrx_word' id='word_1_498' title='bbox 3421 3229 3464 3282; x_wconf 91' lang='lat' dir='ltr'><strong>si</strong></span> <span class='ocrx_word' id='word_1_499' title='bbox 3495 3245 3623 3282; x_wconf 85' lang='lat' dir='ltr'><strong>vero</strong></span> <span class='ocrx_word' id='word_1_500' title='bbox 3653 3240 3710 3283; x_wconf 88' lang='lat' dir='ltr'><strong>et</strong></span> 
     </span>
    </p>
   </div>
   <div class='ocr_carea' id='block_1_83' title="bbox 2127 3315 3038 3389">
    <p class='ocr_par' dir='ltr' id='par_1_83' title="bbox 2127 3315 3038 3389">
     <span class='ocr_line' id='line_1_83' title="bbox 2127 3315 3038 3389; baseline 0.008 -22"><span class='ocrx_word' id='word_1_501' title='bbox 2127 3315 2347 3371; x_wconf 90' lang='lat' dir='ltr'><strong>audiens</strong></span> <span class='ocrx_word' id='word_1_502' title='bbox 2370 3321 2692 3386; x_wconf 86' lang='lat' dir='ltr'><strong>peccaverit,</strong></span> <span class='ocrx_word' id='word_1_503' title='bbox 2722 3321 3038 3389; x_wconf 79' lang='lat' dir='ltr'><strong>expellatur.</strong></span> 
     </span>
    </p>
   </div>
   <div class='ocr_carea' id='block_1_84' title="bbox 2521 3435 3321 3508">
    <p class='ocr_par' dir='ltr' id='par_1_84' title="bbox 2521 3435 3321 3508">
     <span class='ocr_line' id='line_1_84' title="bbox 2521 3435 3321 3508; baseline 0.001 -19"><span class='ocrx_word' id='word_1_504' title='bbox 2521 3435 2597 3490; x_wconf 84' lang='lat' dir='ltr'><strong>De</strong></span> <span class='ocrx_word' id='word_1_505' title='bbox 2624 3437 2983 3490; x_wconf 70' lang='lat' dir='ltr'><strong>cates/rumeno</strong></span> <span class='ocrx_word' id='word_1_506' title='bbox 3003 3446 3321 3508; x_wconf 70' lang='lat' dir='ltr'><strong>prargnante.</strong></span> 
     </span>
    </p>
   </div>
   <div class='ocr_carea' id='block_1_85' title="bbox 2198 3537 3704 3615">
    <p class='ocr_par' dir='ltr' id='par_1_85' title="bbox 2198 3537 3704 3615">
     <span class='ocr_line' id='line_1_85' title="bbox 2198 3537 3704 3615; baseline 0.003 -18"><span class='ocrx_word' id='word_1_507' title='bbox 2198 3537 2260 3598; x_wconf 57' lang='lat' dir='ltr'><strong>L&#39;.</strong></span> <span class='ocrx_word' id='word_1_508' title='bbox 2299 3543 2584 3598; x_wconf 80' lang='lat' dir='ltr'><strong>Gravidam</strong></span> <span class='ocrx_word' id='word_1_509' title='bbox 2623 3552 2839 3614; x_wconf 89' lang='lat' dir='ltr'><strong>oportet</strong></span> <span class='ocrx_word' id='word_1_510' title='bbox 2884 3546 3162 3615; x_wconf 83' lang='lat' dir='ltr'><strong>baptizari,</strong></span> <span class='ocrx_word' id='word_1_511' title='bbox 3197 3545 3410 3614; x_wconf 85' lang='lat' dir='ltr'><strong>quando</strong></span> <span class='ocrx_word' id='word_1_512' title='bbox 3441 3547 3704 3614; x_wconf 86' lang='lat' dir='ltr'><strong>voluerit;</strong></span> 
     </span>
    </p>
   </div>
   <div class='ocr_carea' id='block_1_86' title="bbox 2128 3633 3704 3704">
    <p class='ocr_par' dir='ltr' id='par_1_86' title="bbox 2128 3633 3704 3704">
     <span class='ocr_line' id='line_1_86' title="bbox 2128 3633 3704 3704; baseline 0.002 -17"><span class='ocrx_word' id='word_1_513' title='bbox 2128 3633 2260 3687; x_wconf 93' lang='lat' dir='ltr'><strong>nihil</strong></span> <span class='ocrx_word' id='word_1_514' title='bbox 2296 3636 2438 3688; x_wconf 82' lang='lat' dir='ltr'><strong>enim</strong></span> <span class='ocrx_word' id='word_1_515' title='bbox 2476 3636 2529 3689; x_wconf 94' lang='lat' dir='ltr'><strong>in</strong></span> <span class='ocrx_word' id='word_1_516' title='bbox 2564 3636 2669 3690; x_wconf 93' lang='lat' dir='ltr'><strong>hoc</strong></span> <span class='ocrx_word' id='word_1_517' title='bbox 2696 3649 2815 3704; x_wconf 79' lang='lat' dir='ltr'><strong>quae</strong></span> <span class='ocrx_word' id='word_1_518' title='bbox 2851 3636 2991 3702; x_wconf 89' lang='lat' dir='ltr'><strong>parit</strong></span> <span class='ocrx_word' id='word_1_519' title='bbox 3033 3636 3274 3690; x_wconf 85' lang='lat' dir='ltr'><strong>nascenti</strong></span> <span class='ocrx_word' id='word_1_520' title='bbox 3303 3637 3704 3690; x_wconf 87' lang='lat' dir='ltr'><strong>communicat:</strong></span> 
     </span>
    </p>
   </div>
   <div class='ocr_carea' id='block_1_87' title="bbox 2130 3725 3708 3796">
    <p class='ocr_par' dir='ltr' id='par_1_87' title="bbox 2130 3725 3708 3796">
     <span class='ocr_line' id='line_1_87' title="bbox 2130 3725 3708 3796; baseline 0.003 -19"><span class='ocrx_word' id='word_1_521' title='bbox 2130 3732 2412 3793; x_wconf 89' lang='lat' dir='ltr'><strong>propterea</strong></span> <span class='ocrx_word' id='word_1_522' title='bbox 2442 3725 2587 3793; x_wconf 88' lang='lat' dir='ltr'><strong>quod</strong></span> <span class='ocrx_word' id='word_1_523' title='bbox 2632 3727 3047 3796; x_wconf 87' lang='lat' dir='ltr'><strong>uniuscujusque</strong></span> <span class='ocrx_word' id='word_1_524' title='bbox 3091 3741 3246 3780; x_wconf 88' lang='lat' dir='ltr'><strong>suum</strong></span> <span class='ocrx_word' id='word_1_525' title='bbox 3288 3728 3622 3796; x_wconf 89' lang='lat' dir='ltr'><strong>propositum</strong></span> <span class='ocrx_word' id='word_1_526' title='bbox 3653 3729 3708 3782; x_wconf 86' lang='lat' dir='ltr'><strong>in</strong></span> 
     </span>
    </p>
   </div>
   <div class='ocr_carea' id='block_1_88' title="bbox 2131 3814 2815 3870">
    <p class='ocr_par' dir='ltr' id='par_1_88' title="bbox 2131 3814 2815 3870">
     <span class='ocr_line' id='line_1_88' title="bbox 2131 3814 2815 3870; baseline 0 -2"><span class='ocrx_word' id='word_1_527' title='bbox 2131 3814 2471 3869; x_wconf 89' lang='lat' dir='ltr'><strong>confessione</strong></span> <span class='ocrx_word' id='word_1_528' title='bbox 2493 3815 2815 3870; x_wconf 88' lang='lat' dir='ltr'><strong>declaretur.</strong></span> 
     </span>
    </p>
   </div>
   <div class='ocr_carea' id='block_1_89' title="bbox 2135 3919 3706 3998">
    <p class='ocr_par' dir='ltr' id='par_1_89' title="bbox 2135 3919 3706 3998">
     <span class='ocr_line' id='line_1_89' title="bbox 2135 3919 3706 3998; baseline 0.004 -24"><span class='ocrx_word' id='word_1_529' title='bbox 2135 3919 2284 3986; x_wconf 84' lang='lat' dir='ltr'><strong>Quod</strong></span> <span class='ocrx_word' id='word_1_530' title='bbox 2305 3940 2404 3978; x_wconf 79' lang='lat' dir='ltr'><strong>non</strong></span> <span class='ocrx_word' id='word_1_531' title='bbox 2427 3934 2661 3994; x_wconf 84' lang='lat' dir='ltr'><strong>oporteat</strong></span> <span class='ocrx_word' id='word_1_532' title='bbox 2682 3927 2734 3978; x_wconf 87' lang='lat' dir='ltr'><strong>in</strong></span> <span class='ocrx_word' id='word_1_533' title='bbox 2757 3925 2943 3996; x_wconf 88' lang='lat' dir='ltr'><strong>bigami</strong></span> <span class='ocrx_word' id='word_1_534' title='bbox 2963 3927 3155 3996; x_wconf 81' lang='lat' dir='ltr'><strong>nuptiis</strong></span> <span class='ocrx_word' id='word_1_535' title='bbox 3174 3944 3323 3982; x_wconf 87' lang='lat' dir='ltr'><strong>orare</strong></span> <span class='ocrx_word' id='word_1_536' title='bbox 3336 3926 3706 3998; x_wconf 78' lang='lat' dir='ltr'><strong>presbyterum.</strong></span> 
     </span>
    </p>
   </div>
   <div class='ocr_carea' id='block_1_90' title="bbox 2205 4035 3712 4108">
    <p class='ocr_par' dir='ltr' id='par_1_90' title="bbox 2205 4035 3712 4108">
     <span class='ocr_line' id='line_1_90' title="bbox 2205 4035 3712 4108; baseline 0.002 -18"><span class='ocrx_word' id='word_1_537' title='bbox 2205 4036 2289 4090; x_wconf 90' lang='lat' dir='ltr'><strong>LI.</strong></span> <span class='ocrx_word' id='word_1_538' title='bbox 2333 4035 2710 4106; x_wconf 84' lang='lat' dir='ltr'><strong>Presbyterum</strong></span> <span class='ocrx_word' id='word_1_539' title='bbox 2736 4037 2786 4091; x_wconf 85' lang='lat' dir='ltr'><strong>in</strong></span> <span class='ocrx_word' id='word_1_540' title='bbox 2819 4037 3019 4106; x_wconf 85' lang='lat' dir='ltr'><strong>nuptiis</strong></span> <span class='ocrx_word' id='word_1_541' title='bbox 3055 4037 3250 4104; x_wconf 83' lang='lat' dir='ltr'><strong>bigami</strong></span> <span class='ocrx_word' id='word_1_542' title='bbox 3290 4037 3554 4108; x_wconf 89' lang='lat' dir='ltr'><strong>prandere</strong></span> <span class='ocrx_word' id='word_1_543' title='bbox 3601 4054 3712 4094; x_wconf 84' lang='lat' dir='ltr'><strong>non</strong></span> 
     </span>
    </p>
   </div>
   <div class='ocr_carea' id='block_1_91' title="bbox 2135 4126 3712 4197">
    <p class='ocr_par' dir='ltr' id='par_1_91' title="bbox 2135 4126 3712 4197">
     <span class='ocr_line' id='line_1_91' title="bbox 2135 4126 3712 4197; baseline 0.001 -14"><span class='ocrx_word' id='word_1_544' title='bbox 2135 4126 2405 4192; x_wconf 88' lang='lat' dir='ltr'><strong>convenit,</strong></span> <span class='ocrx_word' id='word_1_545' title='bbox 2439 4127 2561 4194; x_wconf 87' lang='lat' dir='ltr'><strong>quia</strong></span> <span class='ocrx_word' id='word_1_546' title='bbox 2591 4142 2710 4181; x_wconf 90' lang='lat' dir='ltr'><strong>cum</strong></span> <span class='ocrx_word' id='word_1_547' title='bbox 2750 4126 3062 4196; x_wconf 67' lang='lat' dir='ltr'><strong>poenitentia</strong></span> <span class='ocrx_word' id='word_1_548' title='bbox 3101 4127 3341 4194; x_wconf 82' lang='lat' dir='ltr'><strong>bigamus</strong></span> <span class='ocrx_word' id='word_1_549' title='bbox 3380 4136 3552 4195; x_wconf 83' lang='lat' dir='ltr'><strong>egeat,</strong></span> <span class='ocrx_word' id='word_1_550' title='bbox 3588 4129 3712 4197; x_wconf 89' lang='lat' dir='ltr'><strong>quis</strong></span> 
     </span>
    </p>
   </div>
   <div class='ocr_carea' id='block_1_92' title="bbox 2136 4217 3712 4288">
    <p class='ocr_par' dir='ltr' id='par_1_92' title="bbox 2136 4217 3712 4288">
     <span class='ocr_line' id='line_1_92' title="bbox 2136 4217 3712 4288; baseline 0 -14"><span class='ocrx_word' id='word_1_551' title='bbox 2136 4221 2241 4275; x_wconf 89' lang='lat' dir='ltr'><strong>erit</strong></span> <span class='ocrx_word' id='word_1_552' title='bbox 2264 4219 2539 4288; x_wconf 85' lang='lat' dir='ltr'><strong>presbyter</strong></span> <span class='ocrx_word' id='word_1_553' title='bbox 2563 4219 2652 4286; x_wconf 91' lang='lat' dir='ltr'><strong>qui</strong></span> <span class='ocrx_word' id='word_1_554' title='bbox 2704 4226 2922 4287; x_wconf 88' lang='lat' dir='ltr'><strong>propter</strong></span> <span class='ocrx_word' id='word_1_555' title='bbox 2949 4217 3251 4272; x_wconf 89' lang='lat' dir='ltr'><strong>convivium</strong></span> <span class='ocrx_word' id='word_1_556' title='bbox 3290 4219 3482 4274; x_wconf 79' lang='lat' dir='ltr'><strong>talibus</strong></span> <span class='ocrx_word' id='word_1_557' title='bbox 3512 4221 3712 4288; x_wconf 84' lang='lat' dir='ltr'><strong>nuptiis</strong></span> 
     </span>
    </p>
   </div>
   <div class='ocr_carea' id='block_1_93' title="bbox 2137 4309 2952 4380">
    <p class='ocr_par' dir='ltr' id='par_1_93' title="bbox 2137 4309 2952 4380">
     <span class='ocr_line' id='line_1_93' title="bbox 2137 4309 2952 4380; baseline -0.005 -16"><span class='ocrx_word' id='word_1_558' title='bbox 2137 4309 2306 4380; x_wconf 89' lang='lat' dir='ltr'><strong>possit</strong></span> <span class='ocrx_word' id='word_1_559' title='bbox 2330 4309 2570 4378; x_wconf 69' lang='lat' dir='ltr'><strong>praebere</strong></span> <span class='ocrx_word' id='word_1_560' title='bbox 2596 4309 2952 4363; x_wconf 88' lang='lat' dir='ltr'><strong>consensum?</strong></span> 
     </span>
    </p>
   </div>
   <div class='ocr_carea' id='block_1_94' title="bbox 2329 4419 3650 4493">
    <p class='ocr_par' dir='ltr' id='par_1_94' title="bbox 2329 4419 3650 4493">
     <span class='ocr_line' id='line_1_94' title="bbox 2329 4419 3650 4493; baseline 0 -21"><span class='ocrx_word' id='word_1_561' title='bbox 2329 4419 2407 4474; x_wconf 84' lang='lat' dir='ltr'><strong>De</strong></span> <span class='ocrx_word' id='word_1_562' title='bbox 2435 4421 2510 4474; x_wconf 83' lang='lat' dir='ltr'><strong>his</strong></span> <span class='ocrx_word' id='word_1_563' title='bbox 2538 4421 2624 4493; x_wconf 86' lang='lat' dir='ltr'><strong>qui</strong></span> <span class='ocrx_word' id='word_1_564' title='bbox 2642 4421 2936 4475; x_wconf 85' lang='lat' dir='ltr'><strong>mulieribus</strong></span> <span class='ocrx_word' id='word_1_565' title='bbox 2965 4421 3210 4474; x_wconf 72' lang='lat' dir='ltr'><strong>adstiteris</strong></span> <span class='ocrx_word' id='word_1_566' title='bbox 3223 4421 3392 4490; x_wconf 85' lang='lat' dir='ltr'><strong>juncti</strong></span> <span class='ocrx_word' id='word_1_567' title='bbox 3411 4430 3547 4474; x_wconf 86' lang='lat' dir='ltr'><strong>sunt.</strong></span> <span class='ocrx_word' id='word_1_568' title='bbox 3647 4435 3650 4437; x_wconf 50' lang='grc' dir='ltr'>λ</span> 
     </span>
    </p>
   </div>
   <div class='ocr_carea' id='block_1_95' title="bbox 2215 4514 3718 4601">
    <p class='ocr_par' dir='ltr' id='par_1_95' title="bbox 2215 4514 3718 4601">
     <span class='ocr_line' id='line_1_95' title="bbox 2215 4514 3718 4601; baseline -0.001 -15"><span class='ocrx_word' id='word_1_569' title='bbox 2215 4532 2320 4587; x_wconf 92' lang='lat' dir='ltr'><strong>LII.</strong></span> <span class='ocrx_word' id='word_1_570' title='bbox 2362 4533 2552 4588; x_wconf 83' lang='lat' dir='ltr'><strong>Mulier</strong></span> <span class='ocrx_word' id='word_1_571' title='bbox 2591 4533 2866 4601; x_wconf 86' lang='lat' dir='ltr'><strong>cujusdam</strong></span> <span class='ocrx_word' id='word_1_572' title='bbox 2903 4533 3200 4587; x_wconf 87' lang='lat' dir='ltr'><strong>adulterata</strong></span> <span class='ocrx_word' id='word_1_573' title='bbox 3245 4533 3366 4586; x_wconf 85' lang='lat' dir='ltr'><strong>laici</strong></span> <span class='ocrx_word' id='word_1_574' title='bbox 3415 4514 3718 4596; x_wconf 66' lang='lat' dir='ltr'><strong>constituti,</strong></span> 
     </span>
    </p>
   </div>
   <div class='ocr_carea' id='block_1_96' title="bbox 2143 4622 3719 4691">
    <p class='ocr_par' dir='ltr' id='par_1_96' title="bbox 2143 4622 3719 4691">
     <span class='ocr_line' id='line_1_96' title="bbox 2143 4622 3719 4691; baseline -0.003 -10"><span class='ocrx_word' id='word_1_575' title='bbox 2143 4626 2190 4681; x_wconf 82' lang='lat' dir='ltr'><strong>si</strong></span> <span class='ocrx_word' id='word_1_576' title='bbox 2216 4625 2491 4680; x_wconf 88' lang='lat' dir='ltr'><strong>evidenter</strong></span> <span class='ocrx_word' id='word_1_577' title='bbox 2510 4633 2780 4691; x_wconf 81' lang='lat' dir='ltr'><strong>arguatur,</strong></span> <span class='ocrx_word' id='word_1_578' title='bbox 2812 4624 2933 4679; x_wconf 90' lang='lat' dir='ltr'><strong>talis</strong></span> <span class='ocrx_word' id='word_1_579' title='bbox 2977 4624 3043 4677; x_wconf 90' lang='lat' dir='ltr'><strong>ad</strong></span> <span class='ocrx_word' id='word_1_580' title='bbox 3082 4623 3431 4676; x_wconf 88' lang='lat' dir='ltr'><strong>ministerium</strong></span> <span class='ocrx_word' id='word_1_581' title='bbox 3473 4622 3605 4676; x_wconf 89' lang='lat' dir='ltr'><strong>cleri</strong></span> <span class='ocrx_word' id='word_1_582' title='bbox 3636 4639 3719 4676; x_wconf 63' lang='lat' dir='ltr'><strong>ve</strong></span> 
     </span>
    </p>
   </div>
   <div class='ocr_carea' id='block_1_97' title="bbox 2146 4711 3718 4784">
    <p class='ocr_par' dir='ltr' id='par_1_97' title="bbox 2146 4711 3718 4784">
     <span class='ocr_line' id='line_1_97' title="bbox 2146 4711 3718 4784; baseline -0.003 -13"><span class='ocrx_word' id='word_1_583' title='bbox 2146 4717 2260 4772; x_wconf 87' lang='lat' dir='ltr'><strong>nire</strong></span> <span class='ocrx_word' id='word_1_584' title='bbox 2287 4733 2391 4770; x_wconf 92' lang='lat' dir='ltr'><strong>non</strong></span> <span class='ocrx_word' id='word_1_585' title='bbox 2421 4715 2638 4784; x_wconf 80' lang='lat' dir='ltr'><strong>poterit.</strong></span> <span class='ocrx_word' id='word_1_586' title='bbox 2671 4715 2726 4768; x_wconf 92' lang='lat' dir='ltr'><strong>Si</strong></span> <span class='ocrx_word' id='word_1_587' title='bbox 2755 4731 2881 4768; x_wconf 88' lang='lat' dir='ltr'><strong>vero</strong></span> <span class='ocrx_word' id='word_1_588' title='bbox 2905 4721 3027 4784; x_wconf 88' lang='lat' dir='ltr'><strong>post</strong></span> <span class='ocrx_word' id='word_1_589' title='bbox 3055 4713 3446 4769; x_wconf 85' lang='lat' dir='ltr'><strong>ordinationem</strong></span> <span class='ocrx_word' id='word_1_590' title='bbox 3502 4711 3718 4767; x_wconf 89' lang='lat' dir='ltr'><strong>adulte-</strong></span> 
     </span>
    </p>
   </div>
   <div class='ocr_carea' id='block_1_98' title="bbox 2145 4804 3720 4873">
    <p class='ocr_par' dir='ltr' id='par_1_98' title="bbox 2145 4804 3720 4873">
     <span class='ocr_line' id='line_1_98' title="bbox 2145 4804 3720 4873; baseline -0.003 -10"><span class='ocrx_word' id='word_1_591' title='bbox 2145 4816 2260 4863; x_wconf 86' lang='lat' dir='ltr'><strong>rata</strong></span> <span class='ocrx_word' id='word_1_592' title='bbox 2287 4807 2463 4872; x_wconf 86' lang='lat' dir='ltr'><strong>fuerit,</strong></span> <span class='ocrx_word' id='word_1_593' title='bbox 2491 4807 2760 4860; x_wconf 92' lang='lat' dir='ltr'><strong>dimittere</strong></span> <span class='ocrx_word' id='word_1_594' title='bbox 2780 4821 2897 4859; x_wconf 90' lang='lat' dir='ltr'><strong>eam</strong></span> <span class='ocrx_word' id='word_1_595' title='bbox 2927 4805 3180 4860; x_wconf 90' lang='lat' dir='ltr'><strong>convenit</strong></span> <span class='ocrx_word' id='word_1_596' title='bbox 3204 4823 3216 4856; x_wconf 94' lang='lat'><strong>:</strong></span> <span class='ocrx_word' id='word_1_597' title='bbox 3249 4804 3393 4873; x_wconf 90' lang='lat' dir='ltr'><strong>quod</strong></span> <span class='ocrx_word' id='word_1_598' title='bbox 3415 4805 3458 4858; x_wconf 89' lang='lat' dir='ltr'><strong>si</strong></span> <span class='ocrx_word' id='word_1_599' title='bbox 3481 4819 3603 4858; x_wconf 93' lang='lat' dir='ltr'><strong>cum</strong></span> <span class='ocrx_word' id='word_1_600' title='bbox 3630 4805 3720 4859; x_wconf 89' lang='lat' dir='ltr'><strong>illa</strong></span> 
     </span>
    </p>
   </div>
   <div class='ocr_carea' id='block_1_99' title="bbox 2145 4895 3722 4962">
    <p class='ocr_par' dir='ltr' id='par_1_99' title="bbox 2145 4895 3722 4962">
     <span class='ocr_line' id='line_1_99' title="bbox 2145 4895 3722 4962; baseline -0.002 -8"><span class='ocrx_word' id='word_1_601' title='bbox 2145 4898 2462 4962; x_wconf 84' lang='lat' dir='ltr'><strong>convixerit,</strong></span> <span class='ocrx_word' id='word_1_602' title='bbox 2518 4897 2869 4952; x_wconf 90' lang='lat' dir='ltr'><strong>ministerium</strong></span> <span class='ocrx_word' id='word_1_603' title='bbox 2916 4897 3017 4950; x_wconf 90' lang='lat' dir='ltr'><strong>sibi</strong></span> <span class='ocrx_word' id='word_1_604' title='bbox 3070 4895 3420 4953; x_wconf 86' lang='lat' dir='ltr'><strong>commissum</strong></span> <span class='ocrx_word' id='word_1_605' title='bbox 3474 4896 3722 4951; x_wconf 85' lang='lat' dir='ltr'><strong>obtinere</strong></span> 
     </span>
    </p>
   </div>
   <div class='ocr_carea' id='block_1_100' title="bbox 2145 4989 2496 5060">
    <p class='ocr_par' dir='ltr' id='par_1_100' title="bbox 2145 4989 2496 5060">
     <span class='ocr_line' id='line_1_100' title="bbox 2145 4989 2496 5060; baseline -0.006 -16"><span class='ocrx_word' id='word_1_606' title='bbox 2145 5002 2255 5044; x_wconf 90' lang='lat' dir='ltr'><strong>non</strong></span> <span class='ocrx_word' id='word_1_607' title='bbox 2279 4989 2496 5060; x_wconf 85' lang='lat' dir='ltr'><strong>poterit.</strong></span> 
     </span>
    </p>
   </div>
   <div class='ocr_carea' id='block_1_101' title="bbox 2145 5099 3722 5182">
    <p class='ocr_par' dir='ltr' id='par_1_101' title="bbox 2145 5099 3722 5182">
     <span class='ocr_line' id='line_1_101' title="bbox 2145 5099 3722 5182; baseline 0.001 -27"><span class='ocrx_word' id='word_1_608' title='bbox 2145 5099 2226 5155; x_wconf 85' lang='lat' dir='ltr'><strong>De</strong></span> <span class='ocrx_word' id='word_1_609' title='bbox 2253 5101 2446 5182; x_wconf 52' lang='lat' dir='ltr'><strong>bisqui</strong></span> <span class='ocrx_word' id='word_1_610' title='bbox 2473 5100 2541 5182; x_wconf 75' lang='lat' dir='ltr'><strong>ad</strong></span> <span class='ocrx_word' id='word_1_611' title='bbox 2574 5101 2939 5182; x_wconf 76' lang='lat' dir='ltr'><strong>presbyterium</strong></span> <span class='ocrx_word' id='word_1_612' title='bbox 2973 5111 3353 5182; x_wconf 67' lang='lat' dir='ltr'><strong>promoventur,</strong></span> <span class='ocrx_word' id='word_1_613' title='bbox 3395 5111 3443 5156; x_wconf 87' lang='lat' dir='ltr'><strong>et</strong></span> <span class='ocrx_word' id='word_1_614' title='bbox 3482 5111 3601 5182; x_wconf 65' lang='lat' dir='ltr'><strong>ante</strong></span> <span class='ocrx_word' id='word_1_615' title='bbox 3630 5121 3722 5157; x_wconf 81' lang='lat' dir='ltr'><strong>or-</strong></span> 
     </span>
    </p>
   </div>
   <div class='ocr_carea' id='block_1_102' title="bbox 2324 5170 3538 5240">
    <p class='ocr_par' dir='ltr' id='par_1_102' title="bbox 2324 5170 3538 5240">
     <span class='ocr_line' id='line_1_102' title="bbox 2324 5170 3538 5240; baseline 0.002 -16"><span class='ocrx_word' id='word_1_616' title='bbox 2324 5170 2637 5224; x_wconf 80' lang='lat' dir='ltr'><strong>dinationem</strong></span> <span class='ocrx_word' id='word_1_617' title='bbox 2673 5180 3000 5240; x_wconf 85' lang='lat' dir='ltr'><strong>peccatorum</strong></span> <span class='ocrx_word' id='word_1_618' title='bbox 3036 5170 3133 5225; x_wconf 83' lang='lat' dir='ltr'><strong>sibi</strong></span> <span class='ocrx_word' id='word_1_619' title='bbox 3171 5181 3290 5225; x_wconf 83' lang='lat' dir='ltr'><strong>sunt</strong></span> <span class='ocrx_word' id='word_1_620' title='bbox 3327 5174 3538 5226; x_wconf 81' lang='lat' dir='ltr'><strong>conscii.</strong></span> 
     </span>
    </p>
   </div>
   <div class='ocr_carea' id='block_1_103' title="bbox 2218 5276 3721 5352">
    <p class='ocr_par' dir='ltr' id='par_1_103' title="bbox 2218 5276 3721 5352">
     <span class='ocr_line' id='line_1_103' title="bbox 2218 5276 3721 5352; baseline 0.001 -18"><span class='ocrx_word' id='word_1_621' title='bbox 2218 5276 2346 5334; x_wconf 89' lang='lat' dir='ltr'><strong>LIII.</strong></span> <span class='ocrx_word' id='word_1_622' title='bbox 2387 5277 2696 5351; x_wconf 82' lang='lat' dir='ltr'><strong>Presbyter,</strong></span> <span class='ocrx_word' id='word_1_623' title='bbox 2739 5281 2784 5334; x_wconf 92' lang='lat' dir='ltr'><strong>si</strong></span> <span class='ocrx_word' id='word_1_624' title='bbox 2827 5290 3232 5351; x_wconf 71' lang='lat' dir='ltr'><strong>prmoccupatus</strong></span> <span class='ocrx_word' id='word_1_625' title='bbox 3277 5283 3542 5352; x_wconf 85' lang='lat' dir='ltr'><strong>corporali</strong></span> <span class='ocrx_word' id='word_1_626' title='bbox 3590 5298 3721 5352; x_wconf 88' lang='lat' dir='ltr'><strong>pee-</strong></span> 
     </span>
    </p>
   </div>
   <div class='ocr_carea' id='block_1_104' title="bbox 2146 5370 3724 5442">
    <p class='ocr_par' dir='ltr' id='par_1_104' title="bbox 2146 5370 3724 5442">
     <span class='ocr_line' id='line_1_104' title="bbox 2146 5370 3724 5442; baseline 0.001 -17"><span class='ocrx_word' id='word_1_627' title='bbox 2146 5381 2270 5426; x_wconf 89' lang='lat' dir='ltr'><strong>cato</strong></span> <span class='ocrx_word' id='word_1_628' title='bbox 2292 5373 2634 5442; x_wconf 88' lang='lat' dir='ltr'><strong>provehatur,</strong></span> <span class='ocrx_word' id='word_1_629' title='bbox 2667 5379 2720 5426; x_wconf 91' lang='lat' dir='ltr'><strong>et</strong></span> <span class='ocrx_word' id='word_1_630' title='bbox 2747 5371 3020 5427; x_wconf 89' lang='lat' dir='ltr'><strong>confessus</strong></span> <span class='ocrx_word' id='word_1_631' title='bbox 3048 5370 3209 5426; x_wconf 88' lang='lat' dir='ltr'><strong>fuerit</strong></span> <span class='ocrx_word' id='word_1_632' title='bbox 3235 5373 3300 5426; x_wconf 89' lang='lat' dir='ltr'><strong>de</strong></span> <span class='ocrx_word' id='word_1_633' title='bbox 3321 5389 3398 5440; x_wconf 85' lang='lat' dir='ltr'><strong>se,</strong></span> <span class='ocrx_word' id='word_1_634' title='bbox 3431 5373 3573 5440; x_wconf 91' lang='lat' dir='ltr'><strong>quod</strong></span> <span class='ocrx_word' id='word_1_635' title='bbox 3595 5383 3724 5427; x_wconf 89' lang='lat' dir='ltr'><strong>ante</strong></span> 
     </span>
    </p>
   </div>
   <div class='ocr_carea' id='block_1_105' title="bbox 2147 5463 3725 5532">
    <p class='ocr_par' dir='ltr' id='par_1_105' title="bbox 2147 5463 3725 5532">
     <span class='ocr_line' id='line_1_105' title="bbox 2147 5463 3725 5532; baseline -0.001 -14"><span class='ocrx_word' id='word_1_636' title='bbox 2147 5463 2536 5518; x_wconf 87' lang='lat' dir='ltr'><strong>ordinationem</strong></span> <span class='ocrx_word' id='word_1_637' title='bbox 2561 5463 2860 5532; x_wconf 90' lang='lat' dir='ltr'><strong>deliquerit,</strong></span> <span class='ocrx_word' id='word_1_638' title='bbox 2897 5463 3076 5517; x_wconf 86' lang='lat' dir='ltr'><strong>oblata</strong></span> <span class='ocrx_word' id='word_1_639' title='bbox 3119 5480 3225 5517; x_wconf 92' lang='lat' dir='ltr'><strong>non</strong></span> <span class='ocrx_word' id='word_1_640' title='bbox 3273 5475 3579 5522; x_wconf 87' lang='lat' dir='ltr'><strong>consecret;</strong></span> <span class='ocrx_word' id='word_1_641' title='bbox 3614 5481 3725 5517; x_wconf 82' lang='lat' dir='ltr'><strong>rna-</strong></span> 
     </span>
    </p>
   </div>
   <div class='ocr_carea' id='block_1_106' title="bbox 2149 5552 3718 5624">
    <p class='ocr_par' dir='ltr' id='par_1_106' title="bbox 2149 5552 3718 5624">
     <span class='ocr_line' id='line_1_106' title="bbox 2149 5552 3718 5624; baseline 0 -16"><span class='ocrx_word' id='word_1_642' title='bbox 2149 5569 2282 5608; x_wconf 89' lang='lat' dir='ltr'><strong>nens</strong></span> <span class='ocrx_word' id='word_1_643' title='bbox 2322 5553 2376 5607; x_wconf 92' lang='lat' dir='ltr'><strong>in</strong></span> <span class='ocrx_word' id='word_1_644' title='bbox 2433 5553 2650 5622; x_wconf 88' lang='lat' dir='ltr'><strong>reliquis</strong></span> <span class='ocrx_word' id='word_1_645' title='bbox 2685 5552 2897 5619; x_wconf 83' lang='lat' dir='ltr'><strong>ofﬁciis,</strong></span> <span class='ocrx_word' id='word_1_646' title='bbox 2947 5561 3168 5624; x_wconf 89' lang='lat' dir='ltr'><strong>propter</strong></span> <span class='ocrx_word' id='word_1_647' title='bbox 3207 5555 3436 5608; x_wconf 90' lang='lat' dir='ltr'><strong>studium</strong></span> <span class='ocrx_word' id='word_1_648' title='bbox 3493 5553 3718 5608; x_wconf 88' lang='lat' dir='ltr'><strong>bonum.</strong></span> 
     </span>
    </p>
   </div>
   <div class='ocr_carea' id='block_1_107' title="bbox 543 5641 3724 5716">
    <p class='ocr_par' dir='ltr' id='par_1_107' title="bbox 543 5641 3724 5716">
     <span class='ocr_line' id='line_1_107' title="bbox 543 5641 3724 5716; baseline 0 -15"><span class='ocrx_word' id='word_1_649' title='bbox 543 5645 725 5701; x_wconf 82' lang='lat' dir='ltr'><strong>XLIX.</strong></span> <span class='ocrx_word' id='word_1_650' title='bbox 766 5645 1196 5702; x_wconf 77' lang='lat' dir='ltr'><strong>Catechumenus</strong></span> <span class='ocrx_word' id='word_1_651' title='bbox 1224 5647 1268 5702; x_wconf 90' lang='lat' dir='ltr'><strong>si</strong></span> <span class='ocrx_word' id='word_1_652' title='bbox 1298 5647 1626 5716; x_wconf 82' lang='lat' dir='ltr'><strong>ingrediatur</strong></span> <span class='ocrx_word' id='word_1_653' title='bbox 1658 5648 1960 5710; x_wconf 75' lang='lat' dir='ltr'><strong>ecclesram,</strong></span> <span class='ocrx_word' id='word_1_654' title='bbox 1993 5657 2050 5703; x_wconf 91' lang='lat' dir='ltr'><strong>et</strong></span> <span class='ocrx_word' id='word_1_655' title='bbox 2147 5641 2278 5696; x_wconf 88' lang='lat' dir='ltr'><strong>Nam</strong></span> <span class='ocrx_word' id='word_1_656' title='bbox 2308 5653 2528 5712; x_wconf 86' lang='lat' dir='ltr'><strong>peccata</strong></span> <span class='ocrx_word' id='word_1_657' title='bbox 2568 5644 2770 5713; x_wconf 82' lang='lat' dir='ltr'><strong>reliqua</strong></span> <span class='ocrx_word' id='word_1_658' title='bbox 2809 5645 3054 5714; x_wconf 84' lang='lat' dir='ltr'><strong>plerique</strong></span> <span class='ocrx_word' id='word_1_659' title='bbox 3096 5647 3345 5700; x_wconf 78' lang='lat' dir='ltr'><strong>dixerunt</strong></span> <span class='ocrx_word' id='word_1_660' title='bbox 3392 5662 3490 5716; x_wconf 83' lang='lat' dir='ltr'><strong>per</strong></span> <span class='ocrx_word' id='word_1_661' title='bbox 3530 5663 3724 5703; x_wconf 90' lang='lat' dir='ltr'><strong>manus</strong></span> 
     </span>
    </p>
   </div>
   <div class='ocr_carea' id='block_1_108' title="bbox 410 5730 2046 5809">
    <p class='ocr_par' dir='ltr' id='par_1_108' title="bbox 410 5730 2046 5809">
     <span class='ocr_line' id='line_1_108' title="bbox 410 5730 2046 5809; baseline 0.002 -14"><span class='ocrx_word' id='word_1_662' title='bbox 410 5730 419 5740; x_wconf 81' lang='grc'><em>’</em></span> <span class='ocrx_word' id='word_1_663' title='bbox 475 5740 532 5795; x_wconf 84' lang='lat' dir='ltr'><strong>in</strong></span> <span class='ocrx_word' id='word_1_664' title='bbox 557 5739 797 5796; x_wconf 82' lang='lat' dir='ltr'><strong>ordinem</strong></span> <span class='ocrx_word' id='word_1_665' title='bbox 829 5751 1018 5796; x_wconf 78' lang='lat' dir='ltr'><strong>eorum</strong></span> <span class='ocrx_word' id='word_1_666' title='bbox 1050 5737 1141 5809; x_wconf 77' lang='lat' dir='ltr'><strong>qui</strong></span> <span class='ocrx_word' id='word_1_667' title='bbox 1179 5738 1514 5796; x_wconf 81' lang='lat' dir='ltr'><strong>instruuntur</strong></span> <span class='ocrx_word' id='word_1_668' title='bbox 1549 5739 1804 5796; x_wconf 81' lang='lat' dir='ltr'><strong>assistat:</strong></span> <span class='ocrx_word' id='word_1_669' title='bbox 1829 5739 1918 5797; x_wconf 81' lang='lat' dir='ltr'><strong>hic</strong></span> <span class='ocrx_word' id='word_1_670' title='bbox 1946 5755 2046 5798; x_wconf 82' lang='lat' dir='ltr'><strong>au-</strong></span> 
     </span>
    </p>
   </div>
   <div class='ocr_carea' id='block_1_109' title="bbox 2145 5735 3723 5810">
    <p class='ocr_par' dir='ltr' id='par_1_109' title="bbox 2145 5735 3723 5810">
     <span class='ocr_line' id='line_1_109' title="bbox 2145 5735 3723 5810; baseline 0.001 -18"><span class='ocrx_word' id='word_1_671' title='bbox 2145 5735 2542 5809; x_wconf 76' lang='lat' dir='ltr'><strong>impositionem</strong></span> <span class='ocrx_word' id='word_1_672' title='bbox 2573 5753 2730 5809; x_wconf 86' lang='lat' dir='ltr'><strong>posse</strong></span> <span class='ocrx_word' id='word_1_673' title='bbox 2752 5739 2965 5798; x_wconf 88' lang='lat' dir='ltr'><strong>dimitti.</strong></span> <span class='ocrx_word' id='word_1_674' title='bbox 2999 5740 3152 5810; x_wconf 85' lang='lat' dir='ltr'><strong>Quod</strong></span> <span class='ocrx_word' id='word_1_675' title='bbox 3175 5741 3220 5797; x_wconf 89' lang='lat' dir='ltr'><strong>si</strong></span> <span class='ocrx_word' id='word_1_676' title='bbox 3243 5742 3312 5798; x_wconf 85' lang='lat' dir='ltr'><strong>de</strong></span> <span class='ocrx_word' id='word_1_677' title='bbox 3334 5755 3393 5798; x_wconf 84' lang='lat' dir='ltr'><strong>se</strong></span> <span class='ocrx_word' id='word_1_678' title='bbox 3422 5755 3528 5797; x_wconf 85' lang='lat' dir='ltr'><strong>non</strong></span> <span class='ocrx_word' id='word_1_679' title='bbox 3559 5739 3723 5797; x_wconf 84' lang='lat' dir='ltr'><strong>fuerit</strong></span> 
     </span>
    </p>
   </div>
  </div>
