4012 6474
321 351 425 407 157

1324 336 1548 395 CODEX
1584 333 1913 393 CANONUM
1950 330 2643 389 ECCLESIASTICORUM.

3488 328 3601 385 158

320 478 437 535 ipse
462 462 769 525 conlessus,
798 469 852 515 ct
887 458 1037 526 argui
1074 452 1352 510 manifeste
1392 451 1708 521 nequiverit,
1740 454 1897 519 pote-
1932 450 1976 507 Α
2006 448 2103 501 nisi
2147 445 2284 501 forte
2314 454 2534 516 propter
2559 460 2791 514 sequens
2833 446 3068 501 studium
3108 442 3253 513 djus,
3304 454 3358 499 ct
3405 444 3584 511 ﬁdem,

322 558 473 612 statis
499 569 610 610 suae
628 551 830 623 judicio
853 550 1207 618 relinquatur.

814 656 893 713 De
920 656 1153 710 diaconi:
1182 628 1435 708 similiter.

396 776 523 831 LIV.
566 774 739 830 Simili
768 772 930 825 modo
958 770 1122 825 etiam
1143 768 1417 830 diaconus,
1454 766 1498 819 si
1535 764 1729 819 eodem
1777 776 1903 833 pec-

323 878 444 926 cato
471 865 835 925 succubuerit,
866 864 934 917 ab
960 860 1148 917 ordine
1174 857 1450 913 ministerii
1470 854 1835 911 subtrahatur.

456 977 567 1043 Quo
590 988 817 1043 temziore
843 971 1192 1045 presbyterum
1216 968 1481 1022 conveniat
1510 965 1777 1020 ordinare.

396 1086 504 1140 LV.
549 1085 840 1154 Presbyter
864 1088 988 1135 ante
1018 1079 1342 1135 tricesimum
1370 1075 1543 1131 relatis
1566 1088 1675 1129 suae
1703 1084 1903 1128 annum

328 1180 631 1233 nullatenus
654 1174 952 1234 ordinetur,
982 1172 1109 1226 licet
1130 1170 1285 1224 valde
1321 1169 1392 1223 sit
1415 1168 1603 1235 dignus
1635 1184 1647 1219 :
1681 1165 1774 1220 sed
1806 1165 1911 1217 hoc

330 1279 541 1338 tempus
590 1266 861 1321 observet.
909 1263 1044 1317 Nam
1100 1261 1357 1317 Dominus
1401 1266 1585 1313 noster
1638 1255 1912 1311 tricesimo

329 1362 501 1417 aetatis
529 1375 639 1414 sua:
667 1374 808 1412 anno
838 1356 1139 1426 baptizatus
1162 1360 1265 1418 est,
1305 1359 1362 1406 et
1388 1351 1466 1407 sic
1509 1349 1674 1419 coepit
1694 1348 1911 1404 docere.

417 1471 493 1525 De
523 1471 603 1524 his
629 1470 716 1541 qui
735 1470 789 1522 in
815 1465 1120 1538 wgritudine
1144 1465 1403 1534 baptisma
1427 1468 1827 1532 consequuntur.

272 1658 279 1661 _
403 1582 537 1638 LVI.
586 1580 643 1635 Si
683 1581 805 1648 quis
832 1579 887 1632 in
917 1575 1236 1645 aegritudine
1280 1573 1438 1629 fuerit
1466 1573 1804 1642 baptizatus,
1846 1568 1916 1624 ad

329 1676 594 1729 honorem
620 1669 937 1741 presbyterii
960 1683 1068 1723 non
1090 1674 1272 1736 potest
1292 1664 1622 1735 promoveri,
1643 1662 1786 1733 quod
1808 1677 1915 1717 non

329 1778 400 1820 ex
426 1763 706 1833 proposito
727 1760 856 1814 ﬁdes
879 1758 1015 1827 ejus,
1041 1757 1138 1812 sed
1168 1771 1235 1811 ex
1256 1754 1577 1810 necessitate
1598 1752 1913 1809 descendit:

327 1885 659 1911 r————.

2007 545 2168 606 atque
2197 536 2470 591 hominum
2503 536 2774 591 raritatem
2806 537 2924 591 talis
2953 537 3123 606 possit
3144 536 3377 591 admitti.

2441 647 2519 701 De
2546 648 2855 718 presbyteris
2877 664 3141 720 agrorum.

2079 739 2233 795 LVII.
2251 734 2553 810 Presbyteri
2568 741 2705 793 ruris
2727 741 2777 793 in
2791 738 3031 794 Ecclesia
3053 738 3307 801 civitatis,
3331 737 3583 807 episcopo

2009 837 2273 901 praesente
2292 870 2307 895 ,
2338 828 2420 881 vel
2461 828 2786 899 presbyteris
2815 828 2960 882 urbis
2989 823 3152 897 ipsius
3173 869 3189 895 ,
3237 828 3430 881 ollerre
3478 842 3587 879 non

2011 926 2255 990 possunt,
2303 933 2401 972 nec
2426 933 2616 987 panem
2649 915 3041 972 sanctiﬁcatum
3071 917 3219 978 dare,
3257 916 3588 984 calicemquc

2011 1010 2305 1078 porrigere.
2337 1006 2394 1061 Si
2424 1022 2558 1062 vero
2577 1006 2825 1061 absentes
2845 1006 2900 1059 hi
2932 1005 3160 1073 fuerint,
3189 1014 3243 1059 et
3265 1004 3329 1058 ad
3359 1003 3587 1059 dandam

2014 1100 2312 1154 orationem
2331 1089 2608 1158 vocentur.
2627 1097 2727 1154 soli
2750 1097 2880 1151 dare
2902 1097 3188 1150 debebunt.
3207 1094 3586 1163 Cborepiscopi

2014 1206 2227 1261 quoque
2249 1191 2313 1244 ad
2334 1189 2635 1259 exemplum
2663 1188 2898 1257 quidem,
2924 1197 2978 1253 et
3000 1189 3221 1241 formam
3249 1186 3616 1263 septuaginta,

2014 1283 2264 1336 videntur
2288 1295 2409 1336 esse
2442 1298 2453 1332 :
2487 1287 2546 1334 ut
2590 1279 2945 1334 comministri
2974 1284 3153 1331 autem
3175 1319 3188 1344 ,
3230 1284 3452 1346 propter
3473 1284 3587 1329 stu-

2016 1370 2160 1425 dium
2190 1370 2333 1439 quod
2363 1382 2491 1436 erga
2518 1382 2786 1437 pauperes
2815 1367 3105 1432 exhibent,
3134 1367 3484 1421 honorentur.

2374 1476 2453 1530 De
2476 1494 2685 1531 numero
2713 1486 2851 1531 certo
2876 1478 3231 1530 diaconorum.

2088 1565 2262 1621 LVIII.
2285 1565 2504 1621 Diaconi
2525 1574 2732 1636 septem
2756 1567 2955 1621 debent
2983 1581 3125 1633 esse,
3152 1566 3303 1634 juxta
3328 1562 3590 1631 regulam,

2018 1656 2144 1712 licet
2170 1665 2223 1712 et
2262 1656 2417 1710 valde
2454 1671 2645 1725 magna
2684 1657 2754 1710 sit
2794 1657 3001 1712 civitas.
3050 1656 3282 1727 ldipsum
3323 1665 3500 1710 autem
3541 1662 3598 1710 et

2020 1750 2247 1805 Actuum
2271 1747 2636 1818 apostolorum
2664 1747 2798 1803 liber
2824 1747 3077 1801 insinuat.

670 1866 3585 1906 MM...-

356 1993 703 2057 REGULJE
761 1987 1282 2059 GANGRENSES
1313 1986 1461 2062 XX,
1496 1984 1682 2060 QUJE
1737 1984 1933 2047 POST
1982 1982 2365 2045 NICIENUM
2400 1981 2837 2044 CONCILIUM
2895 1981 3317 2043 EXPOSITE
3369 1980 3595 2044 SUNT.

656 2226 738 2281 De
764 2227 842 2281 his
865 2225 949 2297 qui
978 2223 1185 2293 nuptias
1228 2226 1584 2276 exsecrantur.

410 2320 540 2377 LIX.
562 2320 620 2376 Si
643 2319 759 2387 quis
787 2320 1058 2387 vituperat
1085 2315 1315 2383 nuptias,
1344 2319 1398 2367 et
1417 2310 1774 2365 dormientem
1797 2320 1918 2360 cum

332 2415 453 2471 viro
499 2421 600 2466 suo
642 2408 851 2463 ﬁdelem
880 2422 943 2460 ac
973 2404 1273 2473 religiosam
1323 2401 1642 2461 detestatur,
1677 2403 1768 2448 aut
1806 2394 1921 2448 cul-

333 2502 544 2575 pabiles
573 2499 832 2561 mstimat,
885 2495 1033 2548 velut
1062 2494 1152 2575 qui
1195 2493 1247 2547 in
1293 2504 1516 2560 regnum
1554 2487 1647 2541 Dei
1696 2483 1919 2538 introire

334 2610 443 2649 non
474 2592 684 2662 possint
711 2607 724 2641 :
751 2588 1038 2642 anathema
1066 2584 1157 2639 sit.

378 2728 454 2781 De
486 2729 567 2781 his
595 2728 679 2798 qui
710 2724 1075 2779 abominantur
1101 2736 1187 2775 eos
1217 2719 1303 2790 qui
1330 2715 1571 2771 carnibus
1597 2720 1884 2769 vescuntur.

409 2840 521 2896 LX.
574 2838 631 2895 Si
675 2839 794 2907 quis
818 2849 1010 2892 carnes
1035 2831 1315 2898 edentem,
1364 2836 1559 2899 praeter
1586 2824 1919 2892 sanguinem,

335 2943 395 2991 et
423 2931 581 2986 idolis
609 2928 962 2991 immolatum,
996 2920 1051 2978 et
1091 2921 1444 2987 suil‘ocatum,
1488 2933 1614 2973 cum
1640 2915 1922 2984 religione,

328 3036 397 3081 et
437 3024 564 3087 ﬁde,
596 3021 951 3085 condemnat,
980 3017 1126 3073 velut
1152 3030 1333 3085 spem,
1378 3018 1600 3083 propter
1621 3004 1925 3078 hujusmodi

338 3115 765 3188 perceptionem,
800 3126 906 3165 non
934 3110 1224 3163 habentem
1255 3124 1267 3159 :
1298 3104 1584 3159 anathema
1604 3102 1693 3155 sit.

342 3251 421 3307 De
441 3250 599 3305 servis
624 3248 711 3320 qui
724 3246 906 3317 jugum
935 3244 1217 3364 famtglatus
1241 3238 1490 3309 abjiciunt
1520 3231 1925 3290 Christianitatis

1019 3330 1046 3364 ο
1087 3320 1244 3364 lentu.

1019 3320 1244 3365 obtentu.

412 3431 542 3486 LXI.
587 3430 643 3484 Si
688 3427 808 3499 quis
849 3439 1085 3486 servum,
1119 3426 1381 3491 pmctextu
1413 3415 1575 3472 divini
1599 3413 1792 3477 cultus,
1824 3410 1925 3465 do-

345 3530 465 3577 ceat
491 3498 766 3574 deminum
798 3523 1144 3569 contemnere
1170 3507 1443 3578 pmprium
1470 3522 1483 3556 :
1518 3510 1576 3557 ut
1600 3500 1836 3555 discedat
1858 3498 1926 3551 ab

1942 2221 1990 2279 B

2184 2208 2262 2263 De
2286 2210 2365 2262 his
2391 2224 2505 2281 quae
2532 2210 2585 2263 in
2614 2225 2735 2262 usus
2760 2225 3041 2280 pauperum
3069 2209 3425 2279 conferuntur.

2092 2298 2271 2355 LXVI.
2302 2300 2498 2369 Siquis
2528 2299 2753 2365 dederit,
2785 2299 2870 2352 vel
2901 2298 3170 2369 acceperit
3202 2298 3383 2351 oblata
3412 2304 3604 2365 printer

2021 2392 2334 2462 episcopum
2354 2429 2368 2453 ,
2409 2389 2495 2443 vel
2523 2399 2645 2442 eum
2684 2387 2775 2457 qui
2824 2387 3145 2443 constitutus
3170 2393 3255 2440 est
3301 2385 3368 2439 ab
3399 2400 3465 2439 eo
3487 2425 3504 2452 ,
3537 2385 3604 2439 ad

2021 2481 2428 2554 dispensandam
2459 2479 2877 2535 misericordiam
2907 2478 3228 2549 pauperibus
3254 2496 3267 2529 :
3294 2485 3351 2531 ct
3372 2476 3463 2546 qui
3488 2478 3603 2542 dat,

2023 2585 2080 2630 et
2104 2576 2195 2644 qui
2229 2573 2445 2643 accipit,
2477 2572 2765 2626 anathema
2798 2570 2886 2625 sit.

2077 2685 2158 2740 De
2185 2686 2264 2738 his
2291 2686 2376 2756 qui
2396 2685 2450 2736 in
2479 2682 2769 2753 virginitate
2796 2678 3212 2748 continentiaque
3239 2677 3537 2746 pe’rsistunt.

2096 2795 2296 2852 LXVII.
2316 2794 2629 2862 Quicunque
2646 2790 3000 2859 virginitatem
3017 2787 3340 2851 cus’todiens,
3362 2795 3452 2840 aut
3469 2801 3604 2841 ceno

2027 2888 2262 2944 tinentim
2285 2886 2530 2948 studens,
2564 2883 2712 2937 velut
2753 2883 3073 2935 horrescens
3110 2878 3324 2947 nuptias
3356 2884 3603 2940 temerat,

2026 2995 2128 3037 nec
2154 2985 2373 3050 propter
2409 2976 2533 3041 hoc,
2565 2974 2707 3045 quod
2733 2974 2936 3028 bonum
2980 2979 3037 3025 et
3085 2976 3331 3024 sanctum
3359 2978 3475 3034 est,
3507 2981 3604 3022 no-

2027 3089 2149 3130 men
2176 3069 2493 3141 virginitatis
2514 3066 2737 3123 assumit
2768 3082 2780 3118 :
2814 3062 3099 3119 anathema
3121 3062 3208 3117 sit.

2276 3181 2355 3237 De
2381 3181 2458 3235 his
2485 3180 2570 3252 qui
2595 3194 2687 3247 pro
2716 3176 3008 3247 virginitate
3032 3170 3349 3240 superbiant.

2099 3298 2325 3355 LXVIII.
2365 3296 2423 3352 Si
2450 3296 2571 3365 quis
2610 3309 2680 3351 ex
2732 3293 2816 3348 his
2861 3291 2953 3361 qui
3000 3289 3355 3358 virginitatem
3384 3297 3607 3357 propter

2029 3393 2311 3449 Dominum
2353 3396 2597 3451 servant,
2655 3385 2930 3442 extollitur
2953 3384 3241 3440 adversum
3267 3384 3602 3450 conjugatos,

2028 3482 2315 3538 anathema
2345 3480 2433 3534 sit.

346 3613 465 3680 ejus
488 3609 773 3678 obsequio,
799 3621 900 3659 nec
929 3603 976 3658 ei
1004 3605 1130 3657 'cum
1176 3595 1551 3654 benevolentia
1580 3601 1635 3648 et
1656 3590 1802 3647 omni
1823 3589 1924 3643 bo-
1951 3589 1998 3652 C
2030 3592 2112 3647 De
2141 3592 2219 3647 his
2259 3590 2347 3662 qui
2373 3602 2599 3660 agapas,
2641 3587 2800 3680 iddest
2826 3585 3093 3655 pastiones
3116 3596 3433 3653 pauperum,
3477 3582 3585 3636 risu

346 3718 480 3756 nore
506 3699 774 3755 deserviat
795 3715 807 3749 ε
828 3694 1109 3749 anathema
1132 3690 1219 3745 sit.

607 3835 687 3889 De
715 3830 1024 3906 presbyteris
1054 3828 1138 3899 qui
1168 3824 1389 3879 habuere
1414 3819 1678 3892 conjugia.

416 3947 572 4003 LXII.
605 3946 920 4012 Quicunque
945 3936 1201 3995 discernit
1228 3950 1257 3988 a
1284 3933 1599 4003 presbytero
1617 3968 1633 3995 ,
1679 3924 1770 3995 qui
1791 3930 1929 3978 uxo-

347 4057 462 4096 rem
492 4011 697 4100 habuit,
741 4011 885 4104 quod
917 4046 1023 4085 non
1056 4032 1325 4097 Oporteat,
1353 4037 1419 4077 eo
1446 4020 1814 4081 ministrante,
1863 4011 1931 4067 de

346 4129 625 4186 oblatione
649 4124 928 4196 percipere
957 4138 970 4174 :
1004 4117 1289 4173 anathema
1318 4112 1405 4167 sit.

350 4264 429 4317 De
457 4263 535 4315 his
562 4261 648 4332 qui
673 4256 923 4311 Ecclesia:
950 4256 1226 4308 conventus
1253 4242 1569 4317 spernendos
1607 4240 1925 4293 existimant.

424 4370 601 4429 LXIll.
642 4370 699 4424 Si
737 4368 855 4438 quis
895 4366 1056 4420 docet
1085 4361 1305 4417 domum
1336 4357 1428 4411 Dei
1477 4349 1934 4421 contemptibilem

350 4479 500 4528 esse,
526 4470 582 4516 et
625 4466 924 4515 conventus
967 4451 1060 4521 qui
1087 4450 1142 4503 in
1162 4463 1225 4503 ea
1255 4445 1617 4507 celebrantur,
1649 4439 1934 4494 anathema

354 4667 435 4720 De
461 4667 539 4719 his
579 4665 664 4735 qui
707 4658 1059 4797 ecclesiastic?
1093 4651 1380 4737 ministeria
1406 4656 1593 4720 prwter
1638 4641 1931 4698 Ecclesium

1058 4732 1250 4778 actum.

1058 4732 1250 4778 aciunt.

427 4848 604 4903 LXIV.
630 4846 684 4902 Si
715 4845 832 4916 quis
862 4849 1015 4898 extra
1044 4836 1341 4893 Ecclesiam
1370 4844 1614 4887 seorsum
1637 4831 1937 4882 conventus

2687 3657 2954 3725 deputant.

2101 3772 2282 3829 LXIX.
2309 3772 2364 3827 Si
2392 3770 2511 3842 quis
2538 3768 2763 3839 despicit
2806 3781 2903 3822 eos
2929 3766 3021 3835 qui
3052 3763 3279 3819 ﬁdeliter
3307 3776 3523 3833 agapas,
3552 3762 3607 3818 id

2030 3876 2113 3924 est
2130 3867 2391 3931 convivia,
2408 3861 2731 3934 pauperibus
2746 3859 3019 3924 exhibent,
3040 3867 3091 3912 et
3110 3863 3329 3927 propter
3345 3856 3608 3911 honorem

2032 3959 2240 4014 Domini
2268 3963 2571 4014 convocant
2600 3951 2822 4017 fratres,
2854 3958 2908 4004 ct
2947 3950 3180 4003 noluerit
3213 3949 3611 4003 communicare

2030 4048 2403 4120 hujuscemodi
2430 4044 2822 4106 vocationibus,
2871 4038 3263 4112 parvipendens
3290 4038 3433 4107 quod
3473 4037 3611 4105 geri-

2032 4153 2137 4211 tur,
2170 4141 2453 4196 anathema
2483 4139 2573 4193 sit.

2120 4251 2200 4306 De
2228 4252 2306 4304 his
2335 4250 2421 4320 qui
2448 4247 2622 4320 palliis
2647 4251 2881 4307 utuntur,
2910 4248 2957 4295 et
2980 4239 3176 4294 idcirco
3202 4237 3519 4323 superbiant.

2104 4359 2263 4416 LXX.
2297 4359 2353 4415 Si
2381 4358 2500 4427 quis
2532 4356 2765 4410 virorum
2796 4361 3019 4422 propter
3045 4349 3429 4405 continentiam
3448 4391 3463 4414 ,
3490 4363 3613 4418 qua)

2035 4460 2253 4525 putatur
2275 4492 2290 4517 ,
2334 4448 2535 4503 amictu
2564 4444 2709 4515 pallii
2742 4443 2937 4507 utitur,
2970 4441 3122 4511 quasi
3151 4455 3247 4509 per
3278 4439 3384 4495 hoc
3410 4441 3617 4494 habere

2035 4558 2094 4600 se
2114 4541 2372 4610 justitiam
2402 4536 2645 4599 credens,
2702 4542 2757 4588 et
2780 4532 3008 4603 despicit
3035 4545 3130 4585 eos
3170 4529 3261 4600 qui
3310 4546 3430 4586 cum
3460 4546 3614 4587 reve-

2035 4632 2207 4689 rentia
2245 4631 2406 4686 birris
2460 4633 2515 4683 et
2540 4624 2656 4680 aliis
2685 4622 3058 4680 communibus
3085 4628 3140 4677 et
3168 4620 3339 4676 solitis
3368 4628 3612 4687 utuntur,

2037 4723 2320 4779 anathema
2346 4719 2432 4774 sit.

2145 4833 2224 4886 De
2247 4828 2541 4885 mulieribus
2562 4842 2673 4897 qua:
2691 4832 2903 4878 utuntur
2921 4821 3148 4877 virilibus
3176 4821 3505 4877 indumentis.

348 4940 605 5002 celebrat,
625 4943 680 4990 et
702 4914 1000 5003 despiciens
1021 4926 1336 4990 Ecclesiam,
1361 4938 1425 4978 ea
1445 4936 1566 4992 quae
1594 4926 1726 5013 sunt
1746 4914 1933 5009 Eccle-
1964 4955 2014 5013 υ
2108 4941 2289 4998 LXXL
2340 4938 2397 4994 Si
2439 4952 2545 5008 qua
2573 4935 2766 4991 mulier
2792 4940 3016 5004 propter
3062 4929 3464 4994 continentiam,
3494 4943 3615 4997 qua

346 5033 445 5087 sia:
481 5028 713 5084 voluerit
742 5037 1002 5093 usurpare
1020 5062 1034 5086 ,
1072 5035 1179 5075 non
1209 5014 1562 5073 conveniente
1588 5009 1927 5081 presbytero,

345 5124 501 5195 juxta
527 5121 802 5175 decretum
831 5110 1086 5186 episc0pi,
1119 5108 1408 5164 anathema
1437 5103 1525 5158 sit.

342 5256 432 5312 De
459 5258 715 5327 fructuum
735 5244 1095 5388 oblationibtfis,
1120 5256 1233 5315 qua:
1257 5237 1510 5295 ministris
1540 5232 1785 5289 Ecclesia:
1806 5247 1937 5286 con-

1042 5324 1276 5369 eruatur.

1042 5324 1276 5369 'eruntur.

420 5439 579 5496 LXV.
621 5438 678 5494 Si
704 5438 824 5507 quis
852 5434 1155 5490 oblationes
1180 5404 1428 5484 Ecclesia:
1456 5436 1609 5480 extra
1638 5418 1932 5475 Ecclesium

337 5535 596 5605 accipere
620 5532 705 5587 vel
754 5530 881 5585 dare
907 5524 1152 5588 voluerit,
1178 5532 1372 5593 prmter
1399 5512 1779 5573 conscientiam
1821 5509 1933 5579 epi-

336 5626 539 5696 scopi,
586 5623 672 5679 vel
716 5620 833 5689 ejus
881 5619 966 5673 cui
1008 5610 1376 5683 hujuscemodi
1426 5605 1601 5662 oflicia
1649 5600 1936 5658 commissa

338 5725 509 5782 sunt,
561 5730 665 5770 nec
704 5727 827 5768 cum
867 5710 983 5781 ejus
1008 5704 1239 5765 voluerit
1275 5714 1436 5772 agere
1483 5696 1708 5754 consilio
1742 5713 1754 5748 :
1798 5708 1934 5749 ana-

341 5813 536 5868 thema
561 5806 648 5863 sit.
1713 5800 1717 5804 '

2038 5043 2274 5107 putatur,
2297 5029 2535 5085 habitum
2554 5033 2744 5091 mutat,
2778 5032 2853 5092 et,
2879 5038 2977 5093 pro
2999 5022 3159 5077 solito
3185 5019 3453 5086 muliebri,
3482 5019 3615 5074 ami-

2038 5134 2183 5183 ctum
2206 5122 2412 5178 virilem
2438 5119 2619 5186 sumit,
2649 5116 2935 5171 anathema
2954 5114 3043 5169 sit.

2042 5259 2119 5314 De
2128 5259 2206 5312 his
2218 5255 2321 5329 qui,
2336 5254 2468 5309 velut
2484 5259 2767 5324 peccatum,
2780 5246 3016 5316 copulam
3037 5243 3277 5296 deserunt
3295 5240 3611 5311 nuptiarum.

2111 5369 2313 5426 LXXII.
2344 5367 2401 5422 Si
2429 5380 2534 5437 qua
2562 5363 2754 5418 mulier
2782 5358 2955 5414 virum
2980 5355 3253 5427 proprium
3285 5354 3616 5422 relinquens,

2041 5460 2321 5519 discedere
2349 5456 2595 5521 voluerit,
2630 5452 2841 5522 nuptias
2870 5463 3182 5513 exsecrans,
3213 5446 3497 5500 anathema
3528 5444 3616 5499 sit.

2042 5578 2121 5632 De
2159 5576 2238 5629 his
2276 5573 2396 5645 qui,
2423 5566 2830 5624 Christianitatis
2859 5563 3097 5628 obtentu,
3131 5561 3416 5632 despiciunt
3461 5559 3620 5628 ﬁlios.

2112 5683 2337 5741 LXXIII.
2362 5681 2418 5736 Si
2441 5680 2561 5749 quis
2585 5677 2726 5732 ﬁlios
2745 5690 2874 5731 suos
2894 5675 3223 5744 relinquens,
3248 5688 3353 5727 non
3375 5684 3469 5725 eos
3488 5682 3623 5723 enu-

2047 5782 2159 5852 trit,
2184 5788 2240 5836 et
2266 5774 2411 5849 quod
2438 5773 2506 5830 ad
2531 5787 2591 5829 se
2610 5770 2866 5846 pertinet,
2894 5766 2961 5825 ad
2988 5765 3245 5838 pietatem
3266 5762 3430 5823 divini
3448 5760 3627 5819 cultus

3683 1880 3887 1907 ίκ-ι-η-κ--κ
