4012 6498
415 347 518 405 159

415 549 702 603 anathema
729 547 816 602 sit.

423 708 499 762 De
537 709 617 762 his
640 709 730 774 qui
759 716 994 779 parentes
1018 745 1033 771 ,
1085 700 1494 758 Christianitatis
1523 701 1824 765 occasione,
1872 715 1998 754 con-

1081 782 1328 828 temnunt.

489 907 715 962 LXXIV.
743 907 1058 978 Quicunque
1083 906 1172 960 Iilii
1197 921 1226 959 a
1253 904 1586 975 parentibus,
1609 902 1710 957 sub
1733 910 1998 971 prietextu

420 999 583 1054 divini
613 1000 813 1062 cultus,
865 997 1192 1063 abscedunt,
1239 1011 1340 1050 nec
1381 995 1616 1050 debitam
1644 995 2000 1050 reverentiam

421 1090 734 1158 dependunt
755 1089 880 1157 illis,
909 1090 1002 1156 qui
1031 1088 1266 1142 divinum
1289 1087 1492 1140 cultum
1522 1086 1622 1141 sibi
1650 1083 2001 1155 proculdubio

420 1181 730 1251 prtcl’erunt,
761 1181 1050 1234 anathema
1081 1180 1170 1235 sit.

423 1353 505 1407 De
539 1354 837 1408 mulieribus
871 1371 986 1424 qua:
1014 1370 1068 1408 se
1107 1352 1374 1408 attondent
1401 1393 1417 1420 ,
1463 1351 1869 1407 Christianitatis
1911 1351 2004 1406 ob-

1133 1432 1294 1476 tenta.

498 1555 702 1610 LXXV.
735 1555 787 1610 Si
812 1571 916 1624 qua
945 1557 1155 1620 mulier,
1186 1564 1409 1624 propter
1433 1554 1668 1610 divinum
1698 1555 1920 1618 cultum,
1950 1563 2007 1608 ut

426 1649 687 1710 restituat,
717 1647 899 1701 crines
927 1646 1193 1710 attondet,
1225 1661 1363 1714 quos
1388 1646 1438 1699 ei
1471 1645 1608 1700 Deus
1630 1645 1696 1700 ad
1726 1645 2012 1712 subjectio-

429 1737 513 1790 nis
535 1735 846 1789 memoriam
878 1735 1080 1802 tribuit,
1096 1743 1346 1802 tanquam
1362 1742 1688 1804 praiceptum
1713 1733 2010 1789 dissolvens

431 1829 770 1895 obedientim,
803 1829 1086 1883 anathema
1116 1829 1202 1882 sit.

1697 331 2054 393 DIONYSIUS
2088 333 2246 390 EXIG
2255 334 2406 391 UUS.

415 459 696 526 informat,
749 457 843 512 sed
873 471 970 527 per
1010 451 1349 509 occasionem
1379 446 1726 523 continentia:
1754 446 1996 514 negligit,
2029 449 2075 506 Α
2102 443 2181 498 De
2208 445 2289 498 his
2312 445 2397 515 qui
2421 443 2683 499 dontinico
2835 441 2864 510 j

3583 326 3685 381 I60

2801 457 2812 494 ε
2835 441 3096 562 jzjunant,
3126 445 3372 510 tanquam
3418 438 3548 492 nihil
3579 453 3692 507 pra:

2801 513 2838 564 is
2898 511 3150 578 i/Terente.

2639 522 2838 566 εωιεντδ
2861 522 3150 566 aiﬂerente.

2176 601 2402 657 LXXVI.
2435 602 2492 656 Si
2519 602 2640 672 quis
2669 609 2890 670 propter
2915 600 3336 662 continentiam,
3385 614 3504 666 qua:
3533 607 3689 667 puta-

2103 705 2214 765 tur,
2243 703 2335 749 aut
2357 679 2770 757 contumaciam,
2808 693 2858 744 in
2890 692 2977 744 die
3005 690 3275 745 dominico
3300 689 3526 758 jejnuat,
3559 704 3662 741 ana

2105 785 2285 839 thema
2315 786 2404 839 sit.

2107 876 2182 930 De
2211 876 2288 929 his
2317 877 2402 946 qui
2437 873 2790 928 ecclesiastica
2808 872 3011 994 jtlrjunia
3033 871 3221 941 absque
3251 870 3552 922 necessitate
3573 869 3686 919 dis-

2777 960 2835 994 so
2861 950 2998 993 eunt.

2777 950 2998 996 sotvunt.

2176 1032 2429 1088 LXXVII.
2478 1033 2536 1088 Si
2577 1033 2697 1102 quis
2725 1047 2913 1087 eorum
2943 1032 3033 1100 qui
3064 1029 3406 1084 continentia:
3445 1027 3683 1090 student,

2105 1127 2311 1196 absque
2337 1127 2659 1181 necessitate
2687 1139 2972 1192 corporea,
3005 1122 3197 1176 tradita
3221 1122 3272 1174 in
3297 1135 3580 1175 commune
3608 1118 3693 1187 je-

2100 1216 2269 1286 junia,
2316 1225 2372 1272 et
2398 1217 2464 1272 ab
2504 1215 2746 1270 Ecclesia
2773 1213 3076 1277 custodita,
3108 1209 3466 1281 superbiendo
3495 1208 3692 1263 dissol-

2105 1308 2200 1373 vit,
2228 1307 2441 1362 stimulo
2467 1321 2577 1360 suae
2600 1305 2943 1374 cogitationis
2972 1304 3232 1372 impulsus
3249 1342 3264 1366 ,
3296 1301 3580 1380 anathema
3601 1301 3694 1353 sit.

2109 1397 2188 1452 De
2216 1399 2296 1451 his
2326 1400 2410 1467 qui
2459 1397 2700 1451 collectas
2742 1413 2854 1467 qum
2883 1396 3014 1464 ﬁunt
3051 1397 3106 1448 in
3135 1405 3419 1463 martyrum
3459 1407 3690 1446 comme—

2506 1465 2902 1532 morationibus,
2927 1474 3278 1518 exsecrantur.

2179 1557 2460 1612 LXXVIII.
2491 1556 2548 1612 Si
2577 1557 2696 1625 quis
2723 1556 2984 1625 superbia:
3013 1570 3138 1608 usus
3163 1551 3357 1606 all'ectu
3397 1557 3697 1604 conventus

2109 1653 2468 1716 abominatur,
2493 1652 2585 1721 qui
2606 1650 2675 1704 ad
2706 1651 3074 1705 confessiones
3095 1656 3390 1716 martyrum
3413 1643 3697 1698 celebran-

2111 1751 2220 1809 tur,
2245 1751 2300 1796 et
2323 1743 2618 1797 ministeria
2641 1757 2760 1811 quae
2787 1741 2839 1795 in
2871 1741 2949 1795 eis
2978 1738 3130 1803 ﬁunt,
3161 1737 3322 1791 simul
3351 1750 3475 1789 cum
3505 1747 3695 1788 eorum

2115 1833 2410 1898 memoriis,
2434 1839 2766 1896 exsecratur,
2788 1829 3071 1884 anathema
3091 1828 3179 1881 sit.

827 2005 1167 2064 BEGULIE
1219 2004 1634 2064 EXI’OSlT/E
1695 2005 1900 2066 APUD
1962 2007 2463 2069 AN'I‘IOCHIAM
2525 2009 2607 2076 IN
2663 2007 3052 2069 ENCJENIIS
3100 1984 3321 2066 XXV.-

438 2191 520 2245 De
563 2191 642 2244 his
659 2191 756 2261 _qui
786 2189 1049 2261 contraria
1091 2196 1274 2261 gerunt
1322 2189 1401 2261 his
1441 2203 1555 2257 qua:
1601 2187 1908 2261 regulariter
1949 2187 2012 2240 de
2049 2195 2082 2248 li
2115 2187 2194 2243 De
2221 2191 2298 2244 his
2327 2193 2412 2261 qui
2443 2193 2507 2244 ab
2537 2192 2644 2244 alia
2671 2191 2922 2261 parochia
2963 2200 3152 2260 pratter
3180 2191 3549 2244 conscientiam
3590 2193 3704 2260 epi-

694 2260 851 2312 uscha
872 2267 1066 2311 statuta
1092 2255 1212 2311 sunt
1241 2258 1294 2310 in
1325 2255 1546 2310 Nicazno
1570 2255 1806 2310 concilio.

511 2395 741 2449 LXXIX.
768 2394 966 2453 Omnes
995 2397 1084 2463 qui
1127 2395 1244 2449 ausi
1287 2393 1485 2448 fuerint
1512 2394 1806 2450 dissolvere
1833 2394 2019 2448 deﬁni-

446 2487 646 2540 tionem
670 2487 840 2540 sancti
874 2494 928 2540 et
955 2486 1131 2553 magni
1175 2486 1389 2540 concilii
1423 2485 1567 2554 quod
1623 2486 1762 2556 apud
1790 2485 2020 2539 Nicaeam

440 2587 825 2646 congregatum
849 2586 953 2644 est,
973 2578 1071 2631 sub
1101 2578 1386 2646 praesentia
1412 2577 1634 2646 piissimi
1658 2585 1712 2631 et
1734 2575 2021 2630 venerandi

441 2667 699 2736 principis
719 2665 1076 2730 Constantini,
1101 2666 1166 2720 de
1194 2665 1467 2720 salutifera
1489 2665 1831 2721 solemnitate
1851 2681 2026 2719 sacra-

443 2757 661 2811 tissima:
691 2754 926 2821 Paschae,
965 2757 1539 2819 excommunicandos,
1582 2763 1637 2824 et
1687 2754 1755 2810 de
1783 2755 2024 2810 Ecclesia

446 2849 723 2919 pellendos
739 2864 860 2903 esse
897 2863 1200 2913 censemus,
1233 2849 1277 2902 si
1307 2857 1485 2902 tamen
1515 2848 1904 2903 contentiosius
1932 2848 2027 2903 ad-

443 2953 631 2993 versus
685 2954 745 2992 ea
794 2953 915 3006 quae
965 2938 1104 2992 bene
1143 2947 1268 2992 sunt
1295 2937 1512 2993 decreta
1552 2940 1930 3008 perstiterint:
1973 2947 2029 2993 et

447 3030 563 3085 haec
581 3029 795 3097 quidem
819 3028 885 3082 de
908 3028 1060 3084 laicis
1081 3028 1221 3082 dicta
1244 3029 1369 3084 sint.
1415 3029 1470 3084 Si
1495 3031 1618 3108 quis
1638 3038 1816 3084 autem
1842 3045 2026 3085 eorum

446 3119 540 3188 qui
568 3134 797 3188 praaesse
823 3128 1118 3174 noscuntur
1147 3118 1425 3187 Ecclesiae,
1461 3131 1553 3176 aut
1589 3124 1905 3193 episc0pus,
1938 3130 2031 3177 aut

449 3210 750 3280 presbyter,
781 3217 876 3263 aut
904 3208 1182 3275 diaconus,
1208 3220 1328 3280 post
1351 3211 1490 3266 hanc
1519 3211 1881 3268 definitionem
1914 3222 2032 3268 ten-

455 3301 650 3354 taverit
678 3300 746 3354 ad
774 3302 1176 3356 subversionem
1201 3302 1540 3370 populorum,
1564 3301 2032 3370 Ecclesiarumque

455 3390 953 3458 perturbationem,
997 3406 1238 3445 seorsum
1268 3391 1540 3461 colligere,
1594 3402 1649 3446 et
1689 3408 1809 3446 cum
1837 3391 2034 3447 Judceis

458 3478 666 3535 Pascha
695 3482 971 3536 celebrare
996 3501 1009 3535 :
1035 3491 1218 3536 sancta
1250 3483 1484 3554 synodus
1515 3484 1654 3538 hunc
1674 3485 1904 3538 alienum
1920 3483 2033 3552 jam

2319 2260 2592 2331 scaporum
2623 2278 2850 2326 suorum,
2883 2262 2937 2314 in
2964 2261 3083 2314 aliis
3106 2260 3465 2313 immorantur.

2190 2367 2370 2425 XXCI.
2403 2371 2458 2424 Si
2487 2371 2606 2440 quis
2634 2371 2933 2441 presbyter,
2961 2380 3055 2426 aut
3077 2369 3354 2436 diaconus,
3397 2361 3704 2426 et'omnino

2119 2459 2344 2528 quilibet
2372 2475 2440 2514 ex
2472 2461 2636 2526 clero,
2670 2462 2978 2528 parochiam
3011 2463 3280 2530 propriam
3313 2462 3586 2530 deserens,
3635 2462 3704 2516 ad

2123 2548 2280 2601 aliam
2313 2551 2684 2618 properaverit
2717 2570 2728 2603 :
2761 2552 2884 2606 dein
2913 2552 3135 2607 omnino
3164 2551 3484 2620 demigrans,
3515 2554 3569 2606 in
3599 2552 3705 2607 alia

2123 2639 2377 2706 parochia
2402 2655 2498 2708 per
2527 2641 2692 2694 multa
2724 2650 2966 2709 tempora
3014 2642 3200 2694 nititur
3228 2641 3534 2704 immorari,
3569 2641 3708 2695 ulte-

2124 2729 2233 2783 rius
2273 2715 2469 2783 ibidem
2498 2746 2604 2784 non
2637 2731 2903 2785 ministret
2934 2749 2946 2783 :
2977 2730 3230 2794 maxime,
3275 2731 3319 2785 si
3349 2731 3562 2784 vocanti
3607 2747 3708 2786 suo

2127 2818 2398 2888 episcopo,
2425 2827 2481 2873 et
2503 2818 2714 2887 regredi
2736 2819 2803 2873 ad
2832 2819 3104 2889 propriam
3126 2820 3434 2888 parochiam
3462 2835 3707 2875 commo~

2126 2910 2273 2963 nenti
2294 2909 2510 2963 obedire
2531 2911 2930 2979 contempserit.
2953 2908 3108 2976 Quod
3135 2911 3176 2964 si
3206 2911 3259 2964 in
3290 2911 3390 2965 hac
3415 2911 3706 2982 indiscipli-

2127 2999 2346 3053 natione
2374 3000 2649 3068 perdurat,
2683 3014 2712 3052 a
2745 3000 3041 3054 ministerio
3070 3001 3242 3054 modis
3264 3001 3510 3056 omnibus
3537 3017 3712 3074 remo:

2126 3095 2319 3142 veatur
2351 3106 2363 3140 :
2396 3090 2468 3142 ita
2498 3096 2558 3142 ut
2607 3103 2946 3157 nequaquam
2979 3089 3155 3144 locum
3182 3091 3531 3144 restitutionis
3561 3092 3710 3146 inve-

2130 3180 2258 3234 niat.
2291 3179 2348 3234 Si
2374 3197 2504 3235 vero
2538 3195 2636 3250 pro
2679 3182 2779 3235 hac
2809 3197 2967 3236 causa
2997 3183 3302 3236 damnatum
3335 3182 3472 3236 alter
3499 3185 3715 3253 episco-

2131 3289 2230 3344 pus
2245 3274 2518 3343 suscipiat,
2533 3275 2619 3328 hic
2634 3275 2793 3328 etiam
2811 3289 2841 3328 a
2863 3275 3130 3328 communi
3149 3283 3467 3329 coerceatur
3483 3275 3714 3345 synodo,

2132 3367 2280 3422 velut
2307 3368 2397 3437 qui
2427 3368 2787 3423 ecclesiastica
2813 3369 3101 3423 constituta
3132 3367 3409 3421 dissolvat.

2348 3475 2427 3530 De
2451 3477 2730 3542 damnatis,
2764 3486 2813 3530 et
2841 3477 3139 3530 ministrare
3169 3471 3502 3528 tentantibus.

460 3570 589 3626 hinc
618 3571 684 3626 ab
713 3570 956 3628 Ecclesia
979 3572 1252 3641 judicavit,
1278 3572 1421 3643 quod
1449 3589 1558 3628 non
1588 3574 1760 3629 solum
1790 3574 1913 3642 sibi,
1937 3573 2032 3628 sed
2063 3561 2104 3623 C
2207 3587 2410 3642 Χχοιι,
2442 3588 2500 3643 Si
2527 3589 2647 3657 quis
2675 3589 2958 3658 episcopus
2985 3588 3266 3641 damnatus
3293 3601 3324 3639 ε
3361 3585 3567 3656 synodo
3586 3626 3602 3651 ν
3637 3600 3720 3642 νε,

455 3670 514 3716 et
541 3661 783 3731 plurimis
812 3677 976 3716 causa
1020 3665 1381 3733 corruptionis
1410 3672 1467 3719 et
1492 3665 1910 3734 perturbationis
1937 3680 2034 3718 ex-

455 3751 672 3806 stiterit.
715 3751 825 3808 Nec
852 3753 1026 3806 solum
1063 3753 1200 3808 tales
1227 3769 1257 3806 a
1287 3754 1586 3809 ministerio
1635 3762 1896 3819 removet,
1943 3754 2035 3808 sed

457 3843 623 3898 etiam
668 3844 788 3898 illos
826 3845 916 3913 qui
959 3852 1084 3913 post
1108 3843 1509 3898 damnationem
1539 3844 1843 3921 huiusmodi
1890 3861 2039 3900 com-

459 3933 736 3986 municare
787 3935 1111 3987 tentaverint
1141 3953 1152 3986 :
1187 3934 1465 3988 damnatos
1493 3945 1672 3989 autem
1716 3936 1861 3989 omni
1906 3950 2040 4004 quo-

458 4035 565 4088 que
594 4021 927 4075 extrinsecus
956 4023 1162 4076 honore
1190 4022 1405 4091 privari,
1435 4039 1594 4092 quem
1621 4035 1806 4078 sancta
1836 4027 2036 4094 regula,

457 4119 516 4164 et
543 4109 904 4164 sacerdotium
935 4111 1045 4181 Dei_
1057 4112 1372 4181 promeruit.

461 4240 541 4296 De
569 4244 646 4296 his
675 4245 761 4314 qui
795 4259 849 4297 se
875 4260 906 4296 a
928 4244 1254 4312 perceptione
1275 4253 1468 4313 sancta:
1495 4245 1868 4300 communionis
1889 4261 2040 4296 aver-

535 4323 677 4379 tunt,
707 4322 756 4366 et
785 4317 869 4382 qui
909 4315 1361 4368 excommunicatis
1391 4332 1482 4385 per
1522 4315 1701 4369 domos
1756 4315 2044 4368 communi—

530 4392 674 4436 cant.

536 4491 694 4545 XXC.
740 4490 936 4547 Omnes
973 4494 1065 4562 qui
1115 4493 1484 4564 ingrediuntur
1512 4493 1808 4550 Ecclesiam
1839 4495 1957 4562 Dei,
1989 4503 2046 4549 et

461 4581 770 4651 Scripturas
797 4597 977 4636 sacras
1001 4582 1238 4648 audiunt,
1284 4600 1383 4639 nec
1410 4585 1811 4640 communicant
1839 4585 1892 4638 in
1915 4599 2043 4638 ora-

466 4675 614 4729 tione
643 4690 764 4727 cum
796 4673 1017 4742 populo,
1043 4675 1136 4728 sed
1161 4691 1257 4744 pro
1286 4675 1514 4744 quadam
1544 4676 1956 4745 intemperantia
1987 4690 2046 4730 se

467 4781 498 4818 a
526 4765 872 4835 perceptione
900 4774 1096 4821 sancta:
1136 4768 1530 4822 cominunidnis
1559 4775 1809 4821 avertunt
1841 4785 1853 4820 :
1888 4768 1942 4821 hi
1980 4767 2047 4821 de

469 4857 705 4915 Ecclesia
731 4868 1126 4924 removeantur,
1152 4861 1387 4929 quandiu
1412 4876 1508 4932 per
1529 4859 1921 4915 confessionem
1939 4876 2048 4930 ptes

463 4953 706 5007 nitentias
736 4951 938 5007 fructus
967 4953 1281 5022 ostendant,
1312 4961 1367 5008 et
1386 4954 1634 5024 precibus
1659 4952 2042 5022 indulgentiam
2071 4943 2120 5002 D

465 5056 878 5118 consequantur.
905 5045 1039 5101 Cum
1061 5047 1534 5103 excommunicatis
1555 5055 1732 5100 autem
1754 5062 1860 5100 non
1878 5046 2042 5101 licere

464 5143 859 5198 communicare
885 5161 898 5208 ;
950 5156 1051 5197 nec
1079 5158 1201 5196 cum
1243 5141 1327 5194 his
1377 5141 1469 5210 qui
1499 5156 1597 5210 per
1623 5141 1814 5194 domos
1843 5152 2042 5194 conve-

466 5233 642 5299 niunt,
671 5231 973 5286 devitantes
995 5230 1266 5285 orationes
1294 5227 1567 5292 Ecclesiae,
1601 5227 1756 5282 simul
1784 5225 2043 5282 orandum

470 5330 554 5376 est
584 5339 596 5375 :
628 5323 694 5376 ab
723 5322 824 5376 alia
852 5337 1067 5390 quoque
1093 5320 1334 5376 Ecclesia
1362 5335 1470 5373 non
1500 5318 1919 5388 suscipiendum,
1953 5317 2044 5385 qui

473 5411 528 5465 in
559 5413 662 5465 alia
685 5413 903 5467 minime
930 5422 1304 5482 congregatur.
1332 5411 1387 5466 Si
1408 5412 1526 5481 quis
1557 5421 1733 5464 autem
1758 5410 1822 5464 de
1847 5411 2048 5480 episco-

477 5502 588 5572 pis,
629 5512 720 5555 aut
749 5505 1072 5573 presbyteris
1096 5542 1110 5565 ,
1153 5502 1238 5556 vel
1269 5503 1528 5570 diaconis,
1579 5518 1673 5557 seu
1714 5502 1938 5570 quilibet
1978 5517 2048 5555 ex

473 5592 623 5646 clero
653 5593 1017 5662 deprehensus
1046 5594 1204 5649 fuerit
1231 5609 1351 5648 cum
1381 5594 1857 5650 excommunicatis
1901 5608 2048 5646 com-

471 5681 768 5748 municare,
799 5684 959 5737 etiam
987 5683 1087 5737 iste
1109 5684 1346 5752 privetur
1372 5685 1772 5751 communione,
1795 5692 2045 5754 tanquam

469 5775 564 5845 qui
591 5773 827 5846 regulam
855 5774 1146 5832 contundat
1175 5773 1446 5830 Ecclesiae.

2139 3681 2448 3750 presbyter,
2482 3690 2574 3733 aut
2601 3680 2880 3746 diaconus,
2911 3695 2940 3733 a
2967 3675 3065 3734 suo
3094 3679 3349 3748 episcopo
3371 3679 3483 3732 ausi
3524 3678 3722 3735 fuerint

2141 3770 2336 3838 aliquid
2363 3769 2427 3822 de
2456 3771 2752 3823 ministerio
2776 3784 2929 3824 sacro
2958 3770 3270 3836 contingere
3310 3787 3325 3821 ι
3371 3769 3483 3823 sive
3510 3769 3724 3838 episco-

2099 3896 2101 3898 -
2139 3875 2260 3930 pus,
2299 3858 2451 3928 juxta
2483 3852 2869 3927 praecedentem
2901 3859 3364 3925 consuetudinem,
3423 3859 3535 3914 sive
3563 3875 3723 3929 pres-

2143 3949 2315 4020 byter,
2337 3949 2441 4002 aut
2470 3949 2748 4012 diaconus,
2780 3951 2926 4004 nullo
2943 3951 3104 4005 modo
3135 3951 3293 4005 liccat
3315 3953 3386 4019 ei,
3415 3967 3514 4006 nec
3541 3951 3594 4005 iii
3620 3952 3725 4006 alia

2144 4038 2370 4110 synodo,
2404 4039 2757 4094 restitutionis
2780 4026 2934 4109 spem
2982 4049 3074 4094 aut
3127 4042 3303 4096 locum
3333 4043 3532 4096 habere
3561 4044 3726 4096 satis-

2144 4129 2388 4185 factionis
2417 4149 2428 4182 :
2460 4130 2555 4185 sed
2587 4140 2641 4185 et
2670 4132 3131 4186 communicantes
3170 4133 3220 4186 ei
3249 4147 3438 4186 omnes
3466 4132 3624 4200 abjiei
3655 4132 3727 4187 de

2146 4217 2404 4288 Ecclesia,
2434 4229 2489 4275 et
2517 4221 2748 4276 maxime
2771 4223 2814 4276 si
2841 4230 3189 4292 posteaquam
3229 4223 3507 4277 didicerint
3533 4223 3726 4276 adver—

2146 4325 2265 4364 sum
2295 4319 2622 4366 memoratos
2652 4313 2914 4382 prolatam
2945 4313 3106 4368 fuisse
3132 4314 3480 4378 sententiam,
3519 4311 3729 4366 eisdem

2147 4401 2544 4455 communicare
2573 4402 2915 4456 tentaverint.

2147 4509 2227 4564 De
2254 4511 2331 4564 his
2360 4512 2446 4582 qui
2474 4528 2529 4565 se
2557 4528 2589 4564 a
2612 4513 2898 4566 ministerio
2928 4514 3275 4567 ecclesiastico
3299 4512 3640 4577 subtrahunt,
3679 4521 3730 4566 et

2669 4599 2897 4637 seorsum
2925 4584 3194 4654 colligunt.

2217 4689 2440 4744 XXCIII.
2471 4689 2526 4746 Si
2551 4691 2671 4761 quis
2711 4692 3018 4762 presbyter,
3061 4700 3154 4746 aut
3181 4692 3469 4756 diaconus,
3521 4691 3730 4760 epist».

2148 4799 2273 4853 pum
2295 4785 2569 4855 proprium
2598 4793 2968 4850 contemnens,
2997 4800 3056 4839 se
3084 4786 3151 4839 ab
3171 4783 3408 4839 Ecclesia
3433 4793 3730 4854 sequestra-

2147 4877 2245 4943 vit,
2275 4885 2330 4931 et
2357 4891 2596 4931 seorsum
2641 4876 2898 4944 colligens
2940 4877 3109 4931 altare
3138 4878 3447 4942 constituit,
3496 4887 3551 4930 et
3579 4893 3726 4932 com-

2146 4967 2386 5022 monenti
2425 4969 2679 5036 episcopo
2717 4982 2824 5020 non
2880 4967 3241 5034 acquieverit,
3294 4983 3396 5022 nec
3423 4966 3732 5023 consentire

2149 5061 2233 5114 vel
2261 5060 2479 5115 obedire
2500 5060 2928 5136 volueritsemel,
2949 5068 3002 5114 et
3031 5060 3223 5115 iterum
3254 5060 3576 5116 convocanti
3601 5078 3614 5112 :
3646 5060 3735 5114 hic

2147 5151 2430 5205 damnetur
2451 5152 2782 5216 omnimodo,
2809 5167 2906 5206 nec
2931 5152 3070 5206 ultra
3101 5153 3393 5207 remedium
3425 5169 3728 5223 consequa-

2150 5251 2254 5309 tur,
2281 5245 2405 5314 quia
2432 5259 2582 5298 suam
2604 5245 2848 5312 recipere
2877 5259 2983 5297 non
3013 5252 3191 5313 potest
3211 5244 3545 5313 dignitatem.
3580 5244 3734 5310 Quod

2149 5338 2194 5393 si
2224 5336 2516 5392 Ecclesiam
2547 5337 2869 5392 conturbare
2894 5345 2950 5391 et
2997 5338 3288 5391 sollicitare
3317 5339 3590 5406 persistat,
3619 5346 3736 5390 tan-
3829 5375 3836 5388 .

2150 5445 2308 5499 quam
2337 5431 2622 5485 seditiosus
2640 5471 2654 5495 ,
2691 5446 2787 5500 per
2808 5438 3108 5501 potestates
3137 5440 3352 5485 exteras
3379 5432 3733 5501 opprimatur.

2418 5541 2490 5596 De
2513 5543 2711 5598 clericis
2742 5547 3202 5597 excommunicatis
3231 5552 3279 5597 et
3310 5545 3478 5598 laicis.

2221 5633 2447 5707 XXCIV.
2490 5651 2544 5706 Si
2582 5655 2699 5723 quis
2729 5669 2758 5706 a
2788 5651 3009 5722 preprio
3057 5656 3311 5723 episeopo
3361 5669 3738 5708 communione

2151 5746 2393 5819 privatus
2413 5754 2518 5816 est,
2548 5761 2656 5802 non
2686 5755 2810 5801 ante
2839 5747 3163 5818 suscipiatur
3190 5745 3256 5800 ab
3279 5745 3413 5811 aliis,
3447 5759 3608 5816 quam
3640 5759 3738 5803 suo
