4012 6474
252 314 350 369 iGi
1250 312 1472 371 CODEX
1511 313 1839 371 CANONUM
1879 265 2581 376 ECCLESIASTICORUM.
3440 311 3542 367 {63

250 429 634 484 reconcilietur
673 429 931 498 episcopo
949 466 964 493 ,
999 434 1091 481 aut
1124 436 1272 482 certe
1300 428 1369 481 ad
1398 428 1664 499 synodum
1682 469 1697 494 ,
1728 443 1848 497 qua:
1877 434 1927 493 Λ
1952 430 2045 498 qui
2066 430 2119 484 in
2141 430 2330 485 eadem
2354 428 2627 498 provincia
2651 435 3057 485 commorantur
3076 466 3091 490 ,
3114 426 3203 493 qui
3231 424 3393 479 etiam
3416 439 3543 493 pro-

251 528 633 587 congregatur,
660 533 955 573 occurrens
980 532 1080 587 pro
1102 532 1163 572 se
1187 517 1513 582 satisfaciat,
1547 526 1601 573 et
1625 533 1851 588 persua-
1956 519 2281 574 iiciscentem
2311 520 2423 574 suis
2453 526 2847 588 prosequantur
2870 518 3132 586 epistolis.

254 609 390 663 deus
404 610 633 664 concilio
651 609 976 663 sententiam
992 608 1251 693 suscipiat
1267 608 1511 662 alteram.
1526 606 1653 663 Hrec
1668 618 1850 663 autem
1956 629 2036 684 De
2062 631 2323 684 damnati,
2345 631 2619 700 episcopis,
2652 640 2739 682 σαι
2764 631 2964 683 deria-8
2994 630 3299 683 adeuntibus
3325 630 3546 699 impera-

256 700 500 755 deﬁnitio
529 709 750 755 maneat
780 700 923 756 circa
953 700 1141 764 laicus,
1173 710 1228 754 et
1256 701 1619 771 presbyteros,
1649 709 1705 754 et
1734 701 1853 755 dia-

258 806 461 857 conos,
508 805 808 859 omnesque
836 791 929 860 qui
958 790 1058 845 sub
1088 789 1276 859 regula
1304 805 1425 844 esse
1463 798 1851 845 monstrantur.

2658 710 2841 753 torem.

2031 788 2139 843 XC.
2175 789 2231 844 Si
2261 791 2383 859 quis
2414 806 2442 844 a
2474 791 2699 863 proprio
2725 791 2983 858 episcopo
3014 792 3295 859 presbyter
3319 796 3412 841 aut
3440 788 3546 841 cia-

630 903 710 958 De
730 905 1119 975 peregrinorum
1148 905 1488 974 susceptione.

332 1016 547 1073 XXCV.
582 1018 768 1073 Nullus
795 1018 1205 1088 peregrinorum
1234 1018 1349 1073 sine
1380 1016 1635 1087 pacificis,
1667 1014 1720 1069 id
1752 1023 1853 1079 est,

269 1110 725 1165 commendatitiis
749 1109 1073 1179 suscipiatur
1098 1108 1360 1177 epistolis.

270 1221 349 1275 De
362 1222 596 1291 paciﬁcis
608 1222 1019 1291 peregrinorum,
1032 1220 1085 1273 id
1106 1228 1181 1273 est
1198 1220 1629 1275 commendatitiis
1651 1222 1857 1275 litteris.

345 1328 577 1384 XXCVI.
622 1328 929 1401 Presbyteri
968 1330 1059 1400 qui
1103 1337 1227 1384 sunt
1274 1330 1327 1383 in
1386 1329 1525 1396 agris
1572 1330 1862 1384 canonicas

274 1422 531 1492 epistolas
563 1422 694 1476 dare
721 1438 828 1476 non
869 1428 1112 1490 possunt,
1146 1420 1211 1473 ad
1253 1420 1398 1474 solos
1429 1428 1632 1473 tantum
1662 1420 1864 1476 vicinos

274 1514 559 1583 episcopos
606 1513 813 1567 litteras
855 1511 1216 1565 destinabant.
1269 1510 1651 1579 Chorepiscopi
1683 1521 1863 1564 autem

276 1605 367 1675 qui
393 1613 518 1658 sunt
548 1601 1071 1673 irrepreheusibiles,
1102 1601 1231 1656 dare
1261 1609 1485 1671 possunt
1512 1599 1777 1671 pacificus,
1814 1600 1865 1655 id

276 1704 361 1750 est
391 1696 672 1764 generales
702 1693 980 1763 epistolas.

425 1807 502 1862 De
530 1806 942 1877 metropolitanis
967 1805 1289 1875 singularum
1315 1805 1713 1874 provinciarum.

348 1918 606 1975 XXCVII.
642 1918 743 1971 Per
770 1917 1008 1986 singulas
1036 1916 1286 1983 regiones
1309 1916 1594 1985 episcopos
1619 1916 1873 1970 convenit

281 2025 465 2075 nosse,
496 2011 971 2080 metropolitanum
1003 2009 1315 2078 episcopum
1340 2006 1754 2062 sollicitudinem
1784 2017 1872 2062 to-

284 2107 394 2160 tius
421 2104 712 2174 provinciae
738 2116 925 2169 gerere
953 2119 965 2153 :
997 2108 1223 2172 propter
1250 2099 1395 2170 quod
1423 2098 1491 2153 ad
1529 2098 1874 2170 metropolim

282 2212 477 2253 omnes
506 2194 741 2261 undique
770 2192 861 2259 qui
892 2192 1106 2259 negotia
1133 2190 1384 2244 videntur
1406 2190 1625 2254 habere,
1651 2206 1879 2245 concur-

283 2294 432 2341 runt.
462 2283 613 2338 Unde
634 2282 837 2351 placuit
859 2297 982 2336 eum
1008 2288 1065 2335 et
1084 2281 1293 2335 honore
1313 2281 1641 2351 praecellere,
1672 2290 1728 2337 et
1748 2282 1877 2337 nihil

284 2376 518 2444 amplius
538 2383 733 2442 praeter
754 2388 875 2426 eum
904 2380 1129 2427 cancros
1157 2372 1445 2442 episcopos
1474 2387 1654 2441 agere,
1680 2389 1877 2429 secun-

288 2466 419 2520 dum
452 2464 727 2532 antiquam
763 2478 791 2515 a
827 2462 1071 2533 patribus
1102 2462 1301 2518 nostris
1345 2464 1586 2531 regulam
1614 2464 1879 2519 constitu-

298 2565 409 2611 tam
444 2574 456 2607 :
490 2556 589 2609 nisi
612 2570 675 2609 ea
704 2563 913 2607 tantum
963 2568 1084 2622 qua:
1133 2554 1200 2608 ad
1229 2570 1380 2609 suam
1409 2556 1686 2610 dimeesim
1717 2557 1883 2625 perti-

291 2656 453 2711 nent,
485 2646 963 2715 possessionesque
991 2645 1280 2716 subiectas.
1328 2632 1702 2717 Unusquisque
1739 2648 1882 2702 enim

288 2738 586 2809 episcopus
613 2736 809 2789 habeat
836 2751 948 2789 sua:
976 2735 1245 2804 parochias
1270 2743 1612 2804 potestatem,
1645 2742 1703 2789 ut
1733 2743 1886 2804 regat

288 2829 443 2897 juxta
473 2826 832 2880 reverentiam
862 2825 1084 2893 singulis
1128 2835 1545 2895 competentem,
1595 2833 1651 2880 et
1699 2827 1883 2895 provi-

216 2956 223 2963 ι
290 2918 535 2973 dentiam
564 2923 718 2985 gerat
746 2916 923 2969 omnis
961 2914 1322 2983 possessionis
1357 2928 1478 2982 quae
1514 2915 1613 2969 sub
1660 2915 1777 2983 ejus
1806 2923 1888 2970 est

291 3012 519 3066 civitate
548 3028 559 3061 :
593 3009 665 3062 ita
698 3015 755 3061 ut
781 3007 1127 3078 presbyteros
1155 3015 1210 3061 et
1238 3006 1498 3062 diaconos
1544 3005 1780 3071 ordinet,
1831 3014 1887 3061 et

290 3102 507 3170 singula
536 3116 636 3154 suo
676 3099 879 3168 judicio
918 3097 1362 3167 comprehendat.
1413 3097 1656 3165 Amplius
1702 3106 1884 3151 autem

1960 895 2149 945 conus,
2181 888 2273 933 aut
2301 896 2330 933 a
2360 880 2565 951 synodo
2588 880 2747 933 fuerit
2769 880 3054 948 episcopus
3078 878 3213 933 forte
3235 878 3545 943 damnatus,

1964 978 2020 1023 et
2034 969 2375 1039 imperatoris
2395 970 2613 1023 auribus
2634 969 2893 1024 molestus
2912 969 3177 1024 exstiterit
3202 986 3214 1022 :
3242 977 3456 1037 oportet
3477 968 3545 1022 ad

1964 1059 2139 1128 majus
2168 1060 2543 1130 episcoporum
2565 1060 2811 1115 converti
2838 1060 3146 1127 concilium,
3176 1068 3231 1114 et
3257 1076 3376 1128 quae
3396 1067 3551 1127 puta-

1962 1152 2140 1205 verint
2180 1151 2381 1205 habere
2406 1150 2583 1219 justa,
2637 1150 2880 1219 plurimis
2919 1150 3185 1219 episcopis
3230 1156 3545 1219 suggerant,

1965 1255 2261 1308 eorumque
2272 1240 2637 1295 discussiones
2650 1255 2713 1295 ac
2720 1239 2920 1308 judicia
2940 1239 3336 1309 priestolentur.
3352 1239 3405 1293 Si
3423 1254 3553 1294 vero

1966 1334 2080 1386 haec
2111 1333 2559 1401 parvipendeutes
2588 1332 2800 1388 molesti
2828 1330 3027 1386 fuerint
3070 1332 3407 1401 imperatori,
3450 1333 3553 1386 hos

1967 1421 2111 1475 nulla
2134 1424 2288 1475 venia
2320 1424 2511 1492 dignos
2536 1438 2675 1488 esse,
2707 1438 2807 1477 nec
2840 1423 3017 1476 locum
3041 1421 3425 1477 satisfactionis
3451 1423 3552 1477 ha-

1967 1511 2113 1577 bere,
2144 1528 2243 1567 nec
2263 1529 2415 1582 Spem
2444 1512 2635 1567 futurae
2658 1513 3015 1568 restitutionis
3042 1514 3255 1582 penitus
3284 1514 3544 1583 Opperiri.

1969 1621 2048 1677 De
2077 1624 2157 1677 his
2184 1626 2269 1695 qui
2298 1641 2411 1678 cum
2441 1633 2559 1678 sunt
2581 1640 2643 1676 ea:
2675 1626 2782 1677 alia
2811 1626 3094 1695 provincia,
3125 1627 3181 1680 in
3209 1626 3328 1680 aliis
3358 1627 3551 1680 audent

2464 1695 2820 1749 ordinationes
2846 1696 3062 1764 efﬁcere.

1895 1805 1939 1862 Β
2040 1785 2170 1840 XCI.
2205 1786 2388 1841 Nullus
2420 1787 2703 1856 episcopus
2730 1802 2797 1840 ex
2827 1787 2932 1841 alia
2964 1788 3240 1857 provincia
3266 1788 3462 1843 audeat
3490 1788 3557 1844 ad

1974 1878 2135 1932 aliam
2169 1878 2497 1947 transgredi,
2544 1887 2597 1932 et
2628 1878 2695 1931 ad
2724 1880 3121 1947 promotionem
3149 1881 3431 1933 ministerii
3463 1880 3557 1934 ali-

1975 1985 2113 2039 quos
2144 1970 2197 2023 iu
2225 1968 2481 2025 Ecclesiis
2510 1967 2786 2035 ordinare,
2820 1968 2947 2023 licet
2976 1984 3297 2023 consensum
3338 1970 3554 2023 videan-

1978 2068 2063 2115 tur
2090 2061 2331 2131 praebere
2359 2060 2601 2114 nonnulli
2627 2078 2639 2113 :
2668 2060 2771 2115 nisi
2798 2060 2988 2115 litteris
3008 2069 3114 2115 tam
3135 2062 3561 2131 metropolitani,

1976 2138 2135 2221 quam
2179 2159 2531 2216 ezcterorum,
2582 2150 2674 2219 qui
2703 2165 2825 2205 eum
2856 2166 2921 2204 eo
2962 2162 3112 2216 sunt,
3162 2151 3562 2220 episcoporum,

1978 2248 2195 2308 rogatus
2243 2240 2530 2306 adveniat,
2582 2248 2637 2295 et
2681 2240 2760 2295 sie
2802 2241 2871 2295 ad
2899 2241 3163 2295 actionem
3206 2241 3563 2297 ordinationis

1980 2334 2222 2389 accedat.
2249 2331 2305 2386 Si
2335 2349 2466 2387 vero
2499 2333 2646 2387 nullo
2672 2341 2921 2396 vocante,
2960 2334 3266 2388 inordinato
3294 2349 3444 2388 more
3472 2334 3564 2388 de-

1980 2431 2235 2493 properet
2256 2437 2421 2492 super
2445 2422 2715 2490 aliquibus
2749 2422 3177 2477 ordinationibus
3207 2432 3261 2477 et
3307 2424 3565 2478 ecclesia-

1982 2512 2131 2565 sticis
2161 2510 2408 2579 negotiis,
2461 2511 2527 2564 ad
2557 2526 2682 2564 eum
2732 2526 2839 2565 non
2880 2511 3294 2581 pertinentibus,
3346 2528 3566 2582 compo-

1983 2600 2205 2665 nendis,
2232 2600 2383 2654 irrita
2431 2599 2648 2669 quidem
2688 2614 2808 2669 quae
2833 2600 2900 2654 ab
2930 2616 2996 2654 eo
3022 2610 3281 2668 geruntur
3310 2602 3565 2666 existant,

1986 2691 2101 2760 ipse
2156 2707 2284 2746 vero
2344 2692 2686 2760 incompositi
2735 2700 2914 2748 motus
2959 2692 3042 2746 sui
3085 2701 3139 2746 et
3187 2692 3569 2748 irrationabilis

1985 2782 2223 2837 audaciae
2267 2783 2456 2837 subeat
2486 2784 2778 2850 ultionem,
2829 2798 2897 2837 ex
2942 2783 3047 2838 hoc
3087 2782 3197 2852 jam
3228 2783 3510 2838 damnatus
3538 2800 3567 2837 a

1986 2881 2172 2927 sancto
2203 2872 2455 2927 concilio.

1990 2985 2069 3040 De
2092 2987 2414 3042 dissensione
2460 3003 2573 3059 qua:
2612 3004 2766 3058 super
2793 2990 3147 3059 episcoporum
3202 2990 3573 3059 dijudicatione

2096 3059 2370 3128 contingit,
2405 3058 2779 3128 appellantium
2805 3058 3147 3128 provinciales
3187 3058 3461 3113 antistites.

296 3166 429 3244 nihil
459 3202 620 3257 agere
642 3166 834 3250 tentet,
854 3166 1366 3255 pratteriantistitem
1394 3172 1888 3253 metropolitanum,
1915 3170 1962 3232 C
2061 3166 2219 3221 XCH-
2252 3166 2307 3221 Si
2329 3168 2448 3238 (Ιυῖδ
2474 3168 2758 3237 episcopus
2787 3166 2855 3223 de
2883 3169 3045 3222 θθτίῖε
3087 3169 3398 3224 criminibus
3432 3169 3575 3238 illd"

298 3298 403 3336 nec
451 3277 903 3347 metropolitanus
938 3277 1056 3331 sine
1102 3284 1421 3331 czeterortmi
1470 3284 1625 3346 gerat
1668 3275 1893 3331 consilio

298 3372 673 3428 sacerdotum.

612 3477 694 3531 De
720 3477 798 3531 his
829 3476 913 3549 qui
934 3484 1182 3531 vocantur
1207 3475 1579 3546 chorepiscopi.

383 3566 661 3623 XXCVlll.
694 3567 794 3632 Qui
852 3566 905 3619 in
959 3566 1094 3620 vicis
1138 3565 1221 3619 vel
1264 3564 1693 3635 possessionibus
1738 3564 1899 3620 chor-

306 3660 577 3730 cpiscopi'
600 3659 968 3721 nominantur,
986 3658 1252 3727 quamvis
1279 3672 1470 3712 manus
1499 3657 1896 3727 impositionem

306 3754 693 3822 episcoporum
738 3750 1106 3820 perceperint,
1161 3758 1215 3803 et
1247 3756 1308 3803 ut
1335 3749 1573 3819 episcopi
1599 3750 1899 3804 consecrati

308 3847 421 3901 sint
451 3887 466 3911 ,
516 3854 697 3899 tamen
727 3857 927 3899 sanetae
956 3847 1164 3913 synodo
1193 3841 1411 3911 placuit,
1446 3849 1505 3895 ut
1530 3841 1746 3896 modum
1772 3855 1901 3910 pro—

310 3935 488 4004 prium
538 3940 968 4001 recognoscant,
1030 3939 1088 3985 ut
1135 3931 1437 3998 gubernent
1482 3929 1753 3998 subjectas
1802 3930 1901 3983 sibi

312 4024 607 4087 Ecclesias,
644 4037 937 4091 earumque
996 4020 1364 4075 moderamine
1400 4036 1635 4088 curaque
1663 4020 1903 4074 contenti

312 4113 443 4167 sint.
484 4110 749 4165 Ordinent
778 4112 939 4164 etiam
988 4110 1217 4164 lectores
1256 4118 1307 4163 et
1338 4110 1697 4163 subdiaconus
1744 4118 1906 4177 atque

313 4202 656 4265 exorcistas;
702 4200 896 4269 quibus
934 4200 1307 4269 promotiones
1335 4199 1446 4252 istm
1476 4198 1762 4254 sufﬁciant.
1797 4200 1907 4255 Nec

316 4292 698 4363 presbyterum
729 4306 856 4345 vero
878 4331 893 4357 ,
927 4305 1025 4343 nee
1053 4289 1341 4343 diaconum
1373 4287 1607 4341 audeant
1635 4290 1907 4357 ordinare,

322 4394 522 4454 praeter
543 4382 777 4436 civitatis
804 4381 1138 4450 episcopum,
1170 4380 1253 4433 cui
1286 4379 1398 4448 ipse
1427 4394 1546 4433 cum
1569 4381 1909 4449 possessione

324 4475 601 4542 subjectus
628 4482 729 4527 est.
762 4471 972 4540 Siquis
1009 4479 1188 4525 autem
1219 4470 1517 4538 transgredi
1552 4479 1751 4525 statuta
1791 4480 1908 4527 ten-

1995 3268 2167 3324 cetur,
2198 3266 2252 3313 et
2281 3260 2557 3327 contingat
2581 3258 2648 3313 de
2674 3273 2741 3313 eo
2768 3258 3126 3327 provinciales
3159 3261 3441 3329 episcopos
3467 3261 3575 3315 dis-

1996 3352 2170 3407 sidere
2198 3392 2212 3415 ,
2248 3367 2370 3405 eum
2417 3350 2687 3419 judicatus
2730 3349 2798 3403 ab
2846 3350 2962 3403 aliis
3011 3349 3272 3404 innocens
3317 3351 3575 3417 creditur,

1998 3461 2121 3499 reus
2151 3444 2217 3497 ab
2261 3443 2378 3497 aliis
2414 3461 2425 3496 :
2459 3458 2558 3513 pro
2612 3445 2775 3498 totius
2828 3443 3189 3510 ambiguitatis
3220 3443 3576 3509 absolutione,

1999 3544 2197 3589 sancta:
2230 3533 2435 3604 synodo
2476 3534 2696 3602 placuit,
2730 3540 2789 3586 ut
2816 3533 3262 3602 metropolitanus
3293 3534 3578 3603 episcopus

2001 3639 2031 3677 a
2060 3625 2231 3677 vicina
2266 3623 2539 3692 provincia
2592 3622 2801 3691 judices
2832 3622 2967 3677 aiios
3012 3632 3295 3688 convocet,
3325 3624 3413 3691 qui
3445 3639 3577 3675 con-

2002 3717 2314 3771 troversiam
2342 3716 2569 3782 tollant,
2604 3724 2661 3768 ut
2702 3730 2798 3784 per
2836 3728 2930 3769 eos
2958 3714 3117 3768 simul
3146 3722 3201 3767 et
3236 3729 3332 3783 per
3362 3716 3580 3783 provin-

2002 3807 2165 3861 ciales
2210 3806 2510 3875 episcopos,
2544 3803 2688 3873 quod
2735 3802 2935 3873 justum
2967 3802 3136 3856 visum
3172 3800 3352 3868 fuerit,
3383 3817 3579 3871 appro-

2001 3898 2176 3951 betur.

2009 4003 2085 4057 .’)e
2111 4004 2359 4074 episcopis
2406 4001 2469 4055 ab
2500 4000 2725 4072 ejusdem
2774 4000 3047 4074 provincia:
3075 3998 3424 4053 sacerdotibus
3451 4015 3579 4052 con-

2549 4080 2793 4124 sonanter
2815 4070 3056 4123 exclusis.

2075 4181 2252 4236 XClll.
2288 4181 2345 4236 Si
2373 4181 2492 4250 quis
2515 4182 2798 4251 episcopus
2818 4179 2885 4233 de
2912 4179 3073 4233 certis
3094 4178 3404 4231 criminibus
3432 4193 3583 4232 accu-

2007 4282 2153 4329 satus
2193 4273 2579 4325 condemnetur
2625 4271 2692 4323 ab
2737 4268 2983 4322 omnibus
3033 4267 3299 4337 episcoriis
3344 4266 3583 4335 ejusdem

2009 4363 2331 4434 provinciae,
2365 4360 2648 4427 cunctique
2699 4372 3059 4412 consonanter
3105 4357 3349 4411 eamdem
3395 4368 3585 4411 contra

2011 4469 2133 4509 eum
2162 4452 2388 4506 formam
2440 4449 2640 4504 decreti
2696 4448 3016 4518 protulerint
3043 4447 3204 4513 hunc,
3263 4447 3403 4517 apud
3453 4447 3588 4501 alios

326 4565 563 4627 taverit,
608 4562 918 4631 depositus,
972 4576 1081 4629 quo
1121 4560 1373 4615 utebatur
1414 4561 1621 4616 honore
1647 4561 1892 4631 privetur.

2015 4545 2160 4599 nullo
2186 4543 2345 4597 modo
2362 4539 2610 4609 judicari,
2639 4538 2737 4593 sed
2774 4537 2978 4593 ﬁrmam
3005 4537 3446 4593 concordantium
3470 4538 3557 4608 epi
3586 4568 3591 4573 ε

323 4655 787 4727 Ciiorepiscupum
818 4668 948 4707 vero
978 4651 1211 4708 civitatis
1239 4652 1523 4722 episcopus
1550 4653 1794 4719 ordinet,
1824 4652 1910 4708 cui

325 4746 421 4801 ille
442 4744 713 4813 subjectus
736 4752 837 4798 est.

442 4856 523 4909 De
540 4857 790 4926 episcopis
813 4864 861 4909 et
882 4856 1080 4909 clericis
1104 4854 1407 4909 adeuntibus
1424 4856 1805 4925 imperatorem.

404 4946 636 5002 XXCIX.
668 4948 725 5001 Si
754 4948 874 5016 quis
896 4948 1196 5016 episcopus,
1230 4954 1325 5001 aut
1351 4947 1649 5018 presbyter,
1684 4955 1775 5000 aut
1798 4946 1917 5016 qui—

332 5039 471 5094 libet
492 5039 689 5107 regula:
716 5037 1281 5107 subjectusEcclesizc,
1307 5046 1506 5108 praeter
1545 5038 1827 5093 consilium
1861 5045 1917 5092 et

336 5131 547 5183 litteras
575 5129 952 5197 episcoporum
976 5128 1295 5196 provinciae,
1337 5136 1392 5183 et
1416 5129 1686 5197 prteeipue
1715 5138 1921 5185 metro-

334 5218 596 5288 politaui,
639 5218 833 5272 adierit
884 5218 1276 5287 imperatorem
1301 5257 1317 5284 ,
1358 5218 1517 5274 hunc.
1550 5219 1830 5288 reprobari
1868 5228 1924 5275 et

334 5308 505 5378 abjici
538 5316 812 5378 oportere,
844 5323 951 5363 non
981 5308 1155 5362 solum
1179 5323 1209 5361 a
1231 5309 1629 5374 communione,
1651 5325 1838 5365 verum
1867 5318 1923 5367 et

334 5403 407 5456 ab
468 5401 674 5454 honore
719 5400 871 5468 cujus
911 5399 1182 5469 particeps
1228 5398 1439 5455 videtur
1484 5400 1735 5455 existere.
1785 5400 1921 5467 Quia

331 5491 639 5548 venerandi
669 5490 924 5559 principis
966 5489 1184 5543 auribus
1222 5489 1527 5543 molestiam
1573 5491 1797 5544 tentavit
1842 5491 1926 5545 in-

335 5587 512 5649 ferre,
538 5591 725 5637 contra
755 5582 899 5649 leges
913 5579 1183 5636 Ecclesiae.
1207 5578 1261 5633 Si
1286 5580 1447 5649 igitur
1468 5580 1614 5635 adire
1635 5582 1929 5651 principem

336 5680 656 5737 necessaria
694 5694 854 5733 causa
884 5677 1153 5747 deposcit,
1182 5676 1292 5733 hoe
1340 5685 1525 5746 agatur
1552 5688 1673 5733 cum
1704 5685 1934 5733 tractatu

341 5784 401 5827 et
427 5772 654 5828 consilio
677 5772 1099 5843 metropolitani,
1122 5782 1177 5829 et
1196 5782 1514 5829 caeterorum
1560 5774 1932 5844 episcoporum

2014 4650 2296 4705 seoporum
2327 4632 2615 4703 provincia:
2644 4644 2862 4684 manere
2892 4628 3235 4684 sententiam.

2454 4742 2533 4795 De
2558 4740 2857 4795 vacantibus
2885 4739 3159 4805 episcopis.

2088 4834 2267 4890 XClV.
2314 4834 2371 4888 Si
2400 4835 2520 4903 quis
2547 4832 2830 4902 episcopus
2865 4845 3063 4885 vacans
3091 4830 3142 4883 in
3173 4826 3468 4883 Ecclesiam
3499 4843 3601 4881 va-

2019 4937 2230 4984 cantem
2255 4928 2517 4997 prosiliat,
2545 4927 2834 4994 sedemque
2882 4924 3138 4994 pervadat
3160 4925 3360 4991 absque
3388 4923 3596 4989 integro

2026 5017 2374 5088 perfectoque
2413 5016 2663 5080 concilio,
2706 5015 2793 5069 hie
2822 5012 3104 5081 abjieiatur
3128 5027 3347 5066 necesse
3369 5020 3470 5073 est,
3497 5009 3598 5067 etsi

2027 5120 2252 5167 cunctus
2293 5109 2539 5179 populus,
2561 5122 2719 5177 quem
2750 5106 2987 5176 diripuit,
3012 5120 3133 5159 eum
3162 5104 3361 5157 habere
3388 5102 3599 5169 delege-

2028 5202 2117 5255 rit.
2148 5199 2451 5253 Perfectum
2480 5213 2610 5253 vero
2638 5196 2923 5252 concilium
2950 5195 3077 5248 illud
3106 5202 3207 5259 est,
3230 5194 3323 5247 ubi
3349 5192 3601 5247 interfue‘

2031 5294 2102 5347 rit
2126 5292 2571 5361 metropolitanus
2592 5290 2834 5344 antistes.

2102 5406 2182 5461 De
2202 5407 2279 5460 Itis
2301 5407 2405 5475 qui,
2437 5421 2551 5458 cum
2580 5403 2649 5456 ad
2668 5403 3015 5472 episcopatum
3037 5406 3299 5459 vocantur,
3322 5398 3531 5450 evitant.

2104 5495 2262 5551 XCV.
2291 5495 2347 5549 Si
2377 5495 2494 5563 quis
2520 5494 2805 5561 episcopus
2851 5506 3042 5543 manus
3065 5488 3460 5558 impositionem
3492 5487 3605 5555 epi-

2034 5596 2286 5657 scopatus
2314 5585 2602 5653 acceperit,
2634 5592 2709 5647 et,
2758 5596 2991 5651 prmesse
3020 5582 3218 5651 populo
3247 5581 3571 5636 constitutus
3590 5621 3607 5647 ,

2035 5680 2388 5737 ministerium
2411 5677 2593 5731 subire
2615 5675 2926 5743 neglexerit,
2959 5690 3062 5728 nec
3084 5674 3412 5742 acquieverit
3438 5675 3512 5727 ire
3541 5672 3608 5727 ad

2039 5770 2332 5828 Ecclesiam
2382 5768 2483 5824 sibi
2532 5766 2873 5824 commissam
2909 5783 2920 5819 :
2954 5766 3095 5821 hunc
3130 5772 3347 5834 oportet
3371 5778 3607 5821 commu-
