4104 6462
1782 283 2136 354 nonvsms
2171 295 2486 354 EXIGUUS.

478 306 579 362 I63
1782 292 2136 354 “DIONYSIIJS
2171 295 2486 354 EXIGUUS.
3635 291 3740 358 ίϐι

479 422 640 475 nione
659 418 877 489 privari,
914 417 1086 472 donec
1115 413 1410 482 susceperit
1436 420 1653 468 coactus
1680 410 1941 474 ofﬁcium,
1967 419 2061 464 aut
2090 419 2134 473 Α
2161 425 2263 464 nec
2293 409 2588 464 constituat
2642 407 2984 478 presbyteros
3014 416 3108 461 aut
3131 404 3394 462 diaconos
3427 407 3582 463 alteri
3609 412 3742 467 sub-

479 520 627 566 certe
652 512 717 565 de
761 526 826 564 eo
856 508 1055 579 aliquid
1086 509 1291 574 integra
1319 504 1624 560 decreverit
1650 502 1891 572 ejusdem
1931 517 2060 572 pro-
2158 499 2337 568 jectos
2363 499 2644 568 episcopo,
2696 497 2798 550 nisi
2838 496 2981 552 forte
3033 511 3156 552 eum
3196 498 3422 553 consilio
3451 508 3507 555 et
3550 499 3741 554 volun--

481 603 669 656 vincite
698 601 936 673 synodus
963 599 1320 654 sacerdotum.
2165 597 2276 642 tate
2316 588 2549 654 regionis
2595 587 2856 655 episcopi.
2906 585 2965 642 Si
3003 587 3126 656 quis
3170 597 3350 642 autem
3386 589 3492 645 tale
3536 590 3741 660 aliquid

2162 677 2342 733 facere
2371 677 2675 739 tentaverit,
2727 677 2877 732 irrita
2903 677 2974 732 sit
3017 676 3133 746 ejus
3169 677 3474 742 ordinatio,
3526 688 3581 734 et
3623 679 3742 749 ipse

2165 778 2481 825 coercentur
2502 783 2532 822 a
2563 767 2790 840 synodo,
2822 782 2945 824 nam
2975 767 3019 822 si
3047 769 3299 826 ordinare
3340 784 3449 824 non
3481 771 3738 842 potuerit,

2167 861 2470 914 nullatenus
2491 860 2774 930 judicabit.

490 714 565 768 De
611 715 689 769 his
727 715 810 784 qui
867 719 1228 789 promerentur
1266 708 1334 761 ad
1372 708 1742 776 episc0patum,
1790 723 1884 760 nec
1924 705 2060 760 reci-

1159 787 1390 848 piantur.

473 918 481 922 -
553 875 733 931 XCVI.
765 874 818 929 Si
845 875 967 944 quis
1003 873 1286 941 episcopus
1329 870 1605 923 ordinatus
1645 868 1711 922 ad
1756 867 2064 936 parochiam

486 967 704 1021 minime
739 966 822 1020 cui
867 971 952 1017 est
989 963 1198 1017 electus
1247 960 1564 1022 accesserit,
1608 974 1716 1011 non
1763 973 1863 1012 suo
1901 958 2061 1019 vitio,

485 1059 578 1114 sed
605 1057 749 1126 quod
785 1071 910 1111 cum
940 1064 1034 1108 aut
1081 1053 1310 1123 populus
1351 1053 1502 1115 vitet,
1527 1059 1622 1104 aut
1662 1057 1881 1119 propter
1907 1048 2064 1101 aliam

487 1164 721 1213 causam,
750 1164 856 1203 non
910 1157 1089 1202 tamen
1115 1145 1234 1214 ejus
1280 1145 1413 1199 vitio
1465 1149 1830 1211 perpetratam
1859 1157 1872 1192 :
1904 1140 1990 1193 hic
2011 1147 2068 1192 et

2236 1148 2320 1204 CI.
2355 1148 2620 1219 Episcopo
2651 1164 2758 1204 non
2789 1149 2955 1204 licere
2981 1165 3080 1218 pro
3125 1163 3183 1203 se
3211 1149 3436 1205 alterum
3465 1166 3749 1208 successo-

487 1241 709 1296 ltonoris
735 1240 824 1302 sit,
849 1247 905 1292 et
931 1235 1208 1294 ministerii
1238 1236 1522 1304 particeps,
1538 1231 1828 1286 dummodo
1852 1231 1924 1285 nil
1952 1245 2071 1282 mo-

2182 1256 2282 1295 rem
2315 1241 2414 1295 sibi
2442 1241 2786 1308 constituere,
2813 1239 2939 1294 licet
2965 1239 3029 1293 ad
3059 1240 3260 1294 exitum
3284 1241 3404 1294 vita:
3434 1241 3746 1310 perveniat:

488 1332 656 1386 lestus
679 1329 934 1385 Ecclesia!
962 1327 1122 1382 rebus
1171 1327 1385 1390 existat,
1418 1324 1506 1378 ubi
1536 1322 1840 1377 ministrare
1868 1335 2067 1389 cogno—
2170 1331 2313 1400 quod
2336 1330 2379 1384 si
2409 1332 2516 1386 mle
2562 1331 2760 1398 aliquid
2791 1332 2986 1385 factum
3013 1329 3208 1396 fuerit,
3239 1331 3449 1386 irritum
3478 1347 3599 1388 esse
3644 1332 3752 1388 hu-

488 1425 674 1480 scitur.
708 1423 877 1488 Quem
907 1421 1070 1475 etiam
1125 1419 1414 1472 observare
1469 1413 1755 1470 conveniet
1810 1409 2068 1480 quidquid

2182 1423 2460 1487 Luscemodi
2491 1423 2856 1477 constitutum.
2897 1424 3152 1478 Servetur
3179 1431 3358 1477 autem
3388 1422 3476 1491 jus
3497 1424 3753 1479 ecclesia-

489 1514 728 1586 synodus
757 1511 993 1582 perfecta
1023 1507 1334 1580 provinciae,
1360 1503 1503 1575 quod
1535 1503 1704 1558 visum
1734 1500 1910 1565 fuerit,
1930 1497 2072 1568 judi-

2182 1514 2385 1577 sticnm,
2409 1513 2464 1567 id
2484 1515 2769 1568 continens
2784 1521 3037 1582 oportere
3057 1529 3164 1569 nou
3178 1513 3334 1569 aliter
3344 1514 3476 1580 fieri,
3495 1516 3597 1570 nisi
3622 1531 3752 1570 cum

2172 969 2239 1025 Ut
2270 970 2444 1024 nullus
2493 970 2562 1050 ad
2607 970 2966 1091 episcOpatun‘t’
2991 984 3083 1046 pro
3137 984 3191 1022 se
3222 969 3501 1024 constituat
3527 985 3741 1040 promo-

2838 1055 2926 1091 ren
2968 1055 3072 1091 um.

2838 1055 2995 1092 renau
3003 1055 3072 1092 ηε.

492 1603 667 1658 cando
688 1600 1008 1656 decreverit.

617 1716 695 1770 De
720 1709 1096 1785 episcopalibus
1121 1711 1176 1763 in
1203 1706 1478 1778 provinciis
1508 1699 1946 1758 ordinationibus.

2173 1603 2380 1674 synodo
2427 1611 2481 1657 et
2519 1604 2720 1672 judicio
2767 1603 3174 1673 episcoporum,
3228 1605 3318 1676 qui
3370 1615 3496 1676 post
3540 1605 3751 1661 obitum

2175 1695 2501 1764 quiescentis
2530 1701 2853 1764 potestatem
2879 1693 3104 1762 habent,
3135 1710 3278 1762 eum,
3310 1697 3401 1765 qui
3431 1696 3619 1767 dignus
3648 1711 3752 1751 ex-

562 1826 769 1883 XCV'II.
801 1823 1094 1896 Episcopus
1125 1827 1318 1890 praeter
1343 1815 1606 1888 synodum
1653 1822 1708 1866 et
1735 1808 2069 1881 praesentiam
2103 1785 2152 1843 Β
2177 1785 2391 1849 sulem,
2414 1799 2753 1854 Ρτοηιονετθ-

493 1914 900 1987 metropolitani
923 1913 1228 1966 nullatenus
1251 1908 1547 1961 ordinetur.
1568 1903 1682 1958 Hoc
1703 1911 1881 1957 autem
1904 1897 2076 1956 tnodis

497 2009 746 2065 omnibus
775 2019 954 2059 coram
983 2002 1158 2072 posito
1188 1998 1379 2053 melius
1420 1994 1633 2064 quidem
1663 2001 1763 2051 est.
1795 1999 1855 2044 ut
1891 2001 2076 2042 omnes

497 2094 656 2160 simul
704 2091 881 2146 adsint
932 2088 1168 2159 ejusdem
1223 2084 1511 2157 provinciae
1561 2080 1910 2135 sacerdotes:
1943 2091 2079 2144 quos

497 2183 949 2253 metropolitanus
997 2179 1280 2251 cpiscopus
1331 2175 1596 2232 advocare
1641 2171 1874 2226 debebit.
1917 2168 1979 2221 Et
2032 2167 2075 2222 si

498 2275 717 2344 quidem
741 2286 930 2327 omnes
959 2267 1314 2337 occurrerint,
1347 2265 1575 2338 optime;
1608 2262 1751 2332 quod
1779 2261 1823 2316 si
1849 2261 1952 2313 hoc
1979 2255 2080 2311 dif-

500 2365 641 2420 licile
670 2363 847 2426 fuerit,
875 2361 1064 2414 saltem
1093 2359 1274 2430 plures
1297 2355 1485 2415 adesse
1525 2351 1836 2408 omnimodo
1876 2363 2077 2404 convc-

502 2458 581 2512 nit
614 2474 626 2510 :
661 2462 754 2518 aut
803 2460 948 2506 certe
995 2451 1206 2520 scriptis
1236 2447 1475 2518 ejusdem
1509 2444 1788 2499 sententia:
1831 2455 2080 2509 compro-

501 2548 637 2615 bari,
668 2555 723 2600 et
777 2545 848 2598 ita
897 2544 995 2598 sub
1042 2541 1392 2612 plurimorum
1423 2536 1506 2591 vel
1558 2533 1838 2605 praesentia
1867 2532 1955 2587 vel
1983 2529 2082 2586 de~

499 2645 650 2692 creto
692 2634 963 2698 ordinatio
986 2631 1305 2687 celebretur.
1335 2627 1490 2695 Quod
1517 2627 1560 2680 si
1590 2640 1745 2680 secus
1771 2631 1957 2678 contra
1986 2621 2082 2675 de-

499 2724 648 2787 ﬁnita
677 2725 874 2780 factum
900 2722 1076 2784 fuerit,
1105 2721 1276 2774 nullas
1303 2717 1569 2772 ordinatio
1600 2713 1742 2768 vires
1768 2711 1966 2766 habeat
1991 2727 2007 2777 ;
2033 2709 2078 2762 si

498 2832 629 2872 vero
670 2815 820 2884 juxta
865 2811 1140 2866 deﬁnitam
1171 2809 1407 2876 regulam
1441 2800 1555 2872 lial,
1597 2812 1653 2858 ct
1695 2800 1936 2857 nonnulli
1981 2815 2080 2870 pro

499 2911 847 2967 contentione
874 2903 1096 2975 propria
1128 2899 1521 2964 contradicant,
1554 2895 1795 2952 obtineat
1813 2893 2080 2949 sententia

497 3000 871 3071 plurimorum.

498 3113 580 3170 De
604 3111 812 3183 synodis
835 3124 946 3182 qua:
967 3104 1190 3183 _debent_
1214 3099 1277 3182 alr
1307 3100 1558 3183 episcopis
1577 3137 1599 3179 ,_
1614 3097 1722 3152 suis
1745 3093 2075 3164 temporibus,

960 3179 1016 3230 in
1049 3172 1311 3246 provincia
1336 3168 1619 3223 celebrari.

567 3289 798 3348 XCVIII.
821 3289 1050 3358 Propter
1094 3284 1350 3340 utilitates
1390 3277 1814 3341 ecclesiasticas,
1848 3285 1904 3330 et
1925 3275 2083 3330 abso-

497 3385 735 3440 lutiones
765 3395 948 3436 earum
973 3391 1148 3431 rerum
1177 3387 1295 3443 quae
1336 3369 1722 3424 dubitationem
1769 3374 2084 3419 controver-

497 3475 739 3543 siamque
789 3468 1075 3538 recipiunt,
1127 3463 1328 3534 optime
1379 3458 1583 3530 placuit
1609 3466 1670 3510 ut
1710 3471 1806 3525 per
1849 3452 2084 3522 singulas

497 3578 739 3634 quasque
761 3557 1068 3630 provincias
1097 3554 1178 3609 bis
1208 3553 1260 3607 in
1290 3565 1431 3605 anno
1458 3548 1833 3619 episcoporum
1856 3543 2082 3600 concilia

500 3657 864 3712 celebrentur.
893 3649 1070 3709 Semel
1093 3647 1310 3717 quidem
1340 3653 1463 3714 post
1492 3643 1702 3696 tertiam
1728 3639 2082 3709 septimanam

503 3749 628 3804 festi
657 3744 934 3800 Paschalis
959 3762 971 3797 :
1006 3743 1079 3797 ita
1112 3748 1171 3794 ut
1191 3746 1382 3808 quarta
1410 3735 1708 3807 septimana
1736 3730 2084 3786 Pcutecostes

502 3837 793 3894 conveniat
847 3833 1111 3905 synodus,
1143 3827 1559 3898 metropolitano
1590 3823 1946 3894 provinciales
1973 3821 2087 3890 epi-

497 3943 699 4000 scopos
746 3926 1093 3980 admonente.
1127 3916 1380 3976 Secunda
1408 3933 1538 3971 vero
1586 3914 1820 3986 synodus
1849 3913 1942 3965 tiat
1969 3911 2087 3966 idus

497 4019 771 4084 Octobris,
803 4017 856 4071 id
887 4025 988 4081 est,
1013 4015 1200 4083 quinto
1242 4010 1454 4066 decimo
1484 4007 1569 4062 die
1598 4006 1797 4060 mensis
1815 4003 2080 4066 Octobris,

494 4125 655 4180 quem
707 4107 1160 4179 Hyperberelmon
1205 4101 1378 4157 Grtnci
1425 4095 1827 4166 cognominant.
1857 4092 1916 4145 In
1957 4093 2085 4162 ipsis

499 4211 681 4259 autem
704 4199 949 4255 conciliis
978 4197 1153 4252 adsint
1175 4191 1496 4264 presbyteri,
1527 4197 1582 4244 et
1607 4185 1840 4250 diaconi,
1875 4194 1929 4239 et
1967 4200 2084 4238 om—

504 4309 601 4350 nes
631 4293 723 4362 qui
751 4306 811 4346 sc
853 4291 1009 4344 lassos
1045 4287 1350 4342 existimant
1378 4301 1392 4335 :
1425 4290 1480 4336 et
1507 4278 1696 4351 synodi
1740 4275 2084 4346 experiantur

496 4399 745 4439 examen.
775 4381 943 4434 Nullis
978 4393 1108 4432 vero
1138 4377 1298 4431 liceat
1338 4373 1481 4445 apud
1509 4386 1567 4425 se
1590 4368 1868 4424 celebrare
1897 4365 2085 4421 conci-

498 4475 587 4540 lia,
619 4476 814 4542 praeter
836 4485 928 4524 eos
968 4467 1161 4538 quibus
1182 4481 1212 4520 a
1239 4460 1666 4533 metropolitanis
1689 4457 1937 4513 videntur
1964 4467 2083 4508 esse

496 4564 613 4636 jura
639 4561 943 4617 commissa.

505 4673 574 4730 Ut
597 4673 740 4728 nullo
762 4672 911 4727 modo
943 4671 1006 4725 de
1025 4668 1274 4740 parochia
1313 4665 1382 4719 ad
1423 4665 1582 4716 aliam
1625 4660 1926 4733 parochiam
1958 4657 2077 4730 epi-

1060 4753 1247 4808 scopus
1275 4743 1524 4789 transeat.

567 4851 727 4909 XCIX
773 4851 1070 4921 Episcopus
1097 4849 1162 4902 ab
1189 4846 1291 4900 alia
1321 4842 1580 4917 parocbia
1610 4853 1948 4911 nequaquam
1976 4837 2078 4891 mi-

496 4955 613 5016 gret
639 4946 706 5000 ad
745 4943 926 5008 aliam,
957 4955 1058 4994 nec
1087 4945 1277 5009 sponte
1306 4950 1402 4991 sua
1432 4948 1654 5003 prorsus
1682 4931 1942 4994 insiliens,
1974 4942 2076 4983 nec

494 5038 550 5092 vi
578 5043 801 5092 coaetus
829 5047 859 5086 a
888 5028 1133 5101 populis,
1173 5040 1274 5080 nec
1327 5025 1395 5078 ab
1447 5023 1705 5093 episcopo
1754 5018 2077 5074 necessitate

496 5125 848 5196 compulsus:
879 5125 1097 5176 maneat
1141 5124 1322 5171 autem
1371 5115 1425 5168 in
1470 5112 1710 5168 Ecclesia
1753 5125 1914 5179 quam
1968 5107 2078 5179 pri-

495 5219 658 5275 mitus
680 5232 712 5271 a
740 5216 850 5271 Deo
896 5213 1119 5268 sortitus
1147 5217 1249 5275 est,
1301 5221 1404 5262 nec
1433 5205 1558 5260 inde
1589 5203 1946 5270 transmigrct,
1983 5213 2074 5254 se-

498 5306 732 5361 cundum
755 5303 1036 5374 pristinum
1067 5299 1134 5354 de
1161 5298 1265 5352 hac
1298 5310 1358 5350 re
1389 5294 1675 5350 terminum
1705 5290 2074 5347 constitutum.

501 5416 570 5473 Ut
597 5417 652 5472 in
675 5415 836 5470 altera
863 5412 1108 5485 parochia
1128 5409 1338 5485 clericos
1360 5407 1574 5485 alterius
1599 5403 1860 5476 parochite
1882 5401 2082 5472 episco-

965 5499 1058 5554 pus
1079 5481 1369 5535 nullatenus
1390 5478 1616 5534 ordinet.

567 5579 630 5636 (Ξ.
658 5576 958 5646 Episcopus
1000 5574 1230 5630 alienam
1277 5572 1576 5634 civitatem,
1607 5580 1729 5635 qum
1763 5578 1870 5618 non
1890 5572 1980 5646 est
2004 5561 2080 5646 illi

495 5645 757 5740 subjecta,
783 5681 890 5721 non
919 5664 1075 5722 adeat
1106 5681 1120 5716 :
1149 5679 1251 5720 nec
1307 5660 1377 5715 ad
1422 5657 1825 5731 possessionem
1855 5645 2081 5708 accedat

497 5773 617 5832 qua
627 5757 695 5816 ad
712 5771 835 5816 cum
845 5769 952 5815 non
971 5754 1378 5828 pertinetsuper
1387 5745 1728 5806 ordinatione
1739 5742 2076 5812 cujusquam,

2176 1896 2257 1950 De
2292 1897 2443 1952 rebus
2477 1897 2546 1950 ad
2597 1897 2886 1980 Ecclesium
2927 1899 3331 1980 pertinentibus,
3362 1909 3410 1952 et
3449 1900 3513 1954 de
3539 1901 3617 1956 his
3641 1917 3756 1971 qua:

2487 1983 2701 2037 praprta
2729 1984 2954 2038 eptswpt
2983 1985 3094 2022 esse
3126 1980 3427 2024 noscuntur.

2245 2074 2354 2132 Cll.
2378 2077 2506 2142 Qutc
2534 2085 2657 2131 sunt
2687 2077 2957 2144 Ecclesiae,
2987 2079 3088 2133 sub
3113 2079 3260 2133 omni
3291 2079 3665 2147 sollicitudine,
3696 2088 3754 2136 et
3829 2108 3833 2111 -

2177 2169 2503 2222 conscientia
2528 2168 2686 2231 bona,
2705 2175 2762 2223 ct
2783 2168 2884 2223 fide
2908 2183 3027 2239 quae
3057 2169 3110 2224 in
3134 2169 3300 2223 Deum
3322 2175 3425 2235 est,
3449 2169 3539 2238 qui
3560 2178 3755 2225 cuncta

2177 2259 2500 2324 considerat,
2526 2257 2867 2328 judicatque,
2909 2267 3209 2325 serventur,
3253 2273 3373 2328 qua:
3426 2259 3590 2314 etiam
3642 2259 3755 2314 dis-

2178 2350 2450 2419 pensanda
2499 2361 2625 2407 sunt
2663 2350 2866 2421 judicio
2914 2359 2969 2406 et
3031 2358 3300 2420 potestate
3347 2351 3614 2420 pontificis
3667 2351 3754 2407 cui

2181 2443 2497 2497 commissura
2523 2450 2607 2498 est
2633 2442 2885 2512 populus,
2915 2448 2971 2496 et
3020 2441 3212 2495 anima:
3239 2454 3358 2511 qua:
3395 2441 3534 2495 intra
3565 2440 3756 2498 Eccle-

2179 2532 2312 2586 siam
2359 2542 2774 2602 congregantur.
2802 2531 3082 2587 Manifesta
3107 2545 3237 2587 vero
3277 2532 3408 2599 sint,
3435 2545 3555 2600 qua:
3581 2532 3755 2601 perti-

2178 2636 2310 2676 nere
2336 2621 2583 2680 videntur
2611 2622 2676 2675 ad
2705 2619 3022 2690 Ecclesiam,
3051 2635 3174 2676 cum
3197 2619 3388 2674 notitia
3408 2620 3756 2690 presbytero-

2179 2723 2296 2767 rum
2344 2719 2400 2766 et
2439 2711 2788 2767 diaconorum
2839 2711 2931 2780 qui
2976 2711 3119 2766 circa
3167 2710 3338 2779 ipsum
3373 2719 3542 2765 sunt:
3573 2709 3649 2764 ita
3695 2718 3755 2765 ut

2179 2807 2492 2870 agnoscant,
2518 2816 2621 2857 nec
2648 2801 2915 2870 ignorent,
2947 2815 3068 2870 qua:
3103 2800 3211 2856 sint
3236 2799 3487 2855 Ecclesia:
3511 2801 3752 2871 propria,

2178 2905 2281 2946 nec
2331 2905 2428 2948 eos
2457 2891 2654 2960 aliquid
2703 2892 2888 2946 lateat.
2925 2889 2996 2946 Ut
3033 2890 3080 2945 si
3108 2889 3394 2958 contigerit
3441 2889 3757 2960 episcopum

2179 2981 2409 3049 migrare
2445 2981 2513 3035 de
2563 2979 2780 3047 aesculo,
2809 2980 2973 3036 certis
3023 2979 3377 3035 existentibus
3425 2979 3605 3048 rebus,
3636 2994 3757 3050 qum

2181 3083 2302 3128 sunt
2333 3073 2600 3139 Ecclesire,
2631 3090 2733 3130 nec
2769 3075 2899 3145 ipsa:
2921 3075 3170 3145 collapsa:
3188 3073 3500 3143 depereant,
3522 3089 3623 3129 nec
3637 3089 3758 3144 quae

2183 3165 2398 3234 propria
2447 3165 2744 3234 probantur
2787 3165 3045 3236 episcopi,
3092 3165 3191 3220 sub
3241 3163 3528 3220 occasione
3575 3179 3758 3218 rerum

2187 3252 2550 3322 pervadantur
2577 3251 2843 3310 Ecclesiae.
2873 3251 3082 3308 Justum
3123 3266 3376 3321 namque,
3397 3260 3453 3306 et
3477 3261 3759 3322 acceptum

2182 3349 2264 3395 est
2292 3356 2474 3396 coram
2501 3341 2613 3397 Deo
2641 3350 2699 3398 et
2737 3341 3074 3410 hominibus,
3103 3348 3164 3396 ut
3205 3355 3300 3395 sua
3328 3341 3612 3411 episcopus
3635 3342 3760 3411 qui-

2183 3433 2285 3488 bus
2308 3434 2557 3498 voluerit,
2589 3432 2959 3502 derelinquat,
2991 3439 3047 3486 et
3072 3447 3194 3501 qure
3221 3430 3476 3486 Ecclesia;
3503 3439 3648 3496 sunt,
3680 3431 3758 3486 ei-

2181 3529 2302 3584 dem
2329 3533 2717 3583 eonserventur
2745 3523 3021 3590 Ecclesiae,
3047 3532 3106 3578 ut
3136 3540 3236 3580 nec
3273 3523 3510 3579 Ecclesia
3541 3523 3759 3594 aliquod

2185 3621 2419 3689 patiatur
2447 3615 2847 3673 incommodum
2866 3653 2882 3680 ,
2911 3629 3010 3669 nec
3038 3615 3322 3684 episcopus
3346 3614 3447 3668 sub
3475 3615 3762 3670 occasione

2182 3709 2546 3782 proscribatur
2571 3705 2844 3768 Ecclesiae,
2877 3713 2933 3760 et
2975 3705 3028 3759 in
3053 3718 3243 3760 causas
3288 3703 3545 3771 incidant,
3567 3704 3660 3772 qui
3692 3703 3762 3759 ad

2183 3817 2307 3856 eum
2337 3801 2638 3870 permeat,
2682 3805 2738 3852 et
2764 3796 2880 3867 ipse
2908 3803 3032 3866 post
3059 3795 3263 3852 obitum
3293 3795 3763 3851 maledictiouibus

2186 3894 2510 3961 ingravetur.

2189 4005 2257 4061 Ut
2281 4005 2546 4076 episcopus
2575 4002 2909 4074 dispensandi
2942 4018 3022 4055 res
3049 4000 3424 4056 ecclesiasticas
3454 3999 3640 4055 habeat
3667 4018 3763 4072 po-

2840 4080 3094 4126 testatem.

2253 4185 2384 4240 CIII.
2411 4185 2706 4256 Episcopus
2734 4183 3219 4239 ecclesiasticarum
3245 4197 3424 4237 rerum
3446 4181 3642 4235 habeat
3663 4196 3764 4251 po-

2189 4285 2456 4342 testatem,
2490 4276 2560 4331 ad
2607 4273 3024 4345 dispensandum
3081 4288 3207 4342 erga
3260 4287 3449 4328 omnes
3503 4273 3592 4343 qui
3621 4272 3764 4327 indi-

2185 4376 2332 4438 gent,
2364 4383 2486 4422 cum
2526 4381 2736 4422 summa
2789 4363 3092 4419 reverentia
3121 4371 3177 4418 et
3220 4363 3413 4418 timore
3443 4363 3555 4417 Dei.
3587 4361 3766 4418 Parti-

2189 4458 2332 4527 cipet
2359 4465 2537 4512 autem
2567 4463 2622 4510 et
2677 4455 2792 4525 ipse
2840 4452 3036 4528 quibus
3061 4451 3282 4521 indiget,
3341 4452 3385 4507 si
3415 4461 3594 4507 tamen
3624 4452 3764 4507 indi-

2187 4557 2297 4619 get,
2329 4557 2440 4603 tam
2477 4550 2604 4616 suis,
2631 4562 2791 4618 quam
2819 4545 3060 4612 fratrum,
3089 4545 3182 4614 qui
3201 4546 3269 4601 ab
3291 4559 3356 4600 eo
3377 4545 3764 4614 suscipiuntur,

2185 4639 2504 4694 necessariis
2524 4639 2706 4694 usibus
2731 4634 3042 4708 profuturis,
3074 4635 3148 4690 ita
3173 4644 3233 4690 ut
3255 4635 3309 4690 in
3336 4633 3482 4689 nulla
3521 4633 3766 4704 qualibet

2186 4731 2469 4785 occasione
2496 4729 2830 4795 fraudentur,
2857 4727 3010 4796 juxta
3055 4733 3300 4781 sanctum
3343 4724 3659 4794 Apostolum
3685 4724 3764 4780 sic

2184 4818 2448 4875 dicentem
2481 4836 2494 4871 :
2527 4817 2796 4872 Habentes
2861 4815 3061 4871 victum
3120 4822 3178 4870 et
3231 4822 3632 4884 tegumentum,
3677 4813 3764 4868 his

2182 4911 2422 4968 contenti
2451 4925 2655 4965 sumus.
2685 4909 2840 4976 Quod
2860 4909 2906 4963 si
2935 4914 3223 4963 contentus
3249 4905 3366 4962 istis
3393 4905 3614 4960 minime
3643 4902 3758 4960 fue-

2183 5001 2274 5068 rit,
2301 5008 2584 5057 convertat
2609 5008 2791 5056 autem
2820 5014 2908 5054 res
2953 4999 3215 5055 Ecclesia
3244 4999 3299 5054 in
3343 5013 3470 5053 suos
3504 5011 3632 5055 usus
3658 4997 3760 5053 do-

2184 5095 2460 5158 mesticos,
2489 5101 2545 5148 et
2571 5093 2687 5162 ejus
2706 5091 2990 5148 commoda
3009 5091 3096 5146 vel
3128 5105 3380 5160 agrorum
3401 5088 3626 5155 fructus,
3652 5103 3760 5145 non

2185 5203 2307 5244 cum
2336 5186 2767 5257 presbyterorum
2787 5183 3122 5241 conscientia
3167 5181 3630 5250 diaconorumque
3647 5193 3766 5250 per-

2187 5288 2402 5349 tractat,
2431 5278 2526 5335 sed
2570 5278 2764 5333 horum
2791 5283 3116 5346 potestatem
3145 5271 3458 5328 domesticis
3507 5269 3642 5338 suis,
3670 5277 3764 5324 aut

2186 5371 2527 5443 propinquis,
2583 5375 2677 5422 aut
2721 5365 2996 5434 fratribus,
3050 5362 3279 5432 ﬁliisque
3325 5360 3670 5417 committat:
3703 5369 3764 5413 ut

2182 5477 2279 5532 per
2330 5457 2633 5529 huiusmodi
2672 5470 2934 5528 personas
2977 5453 3192 5510 occulte
3236 5459 3446 5508 caetera:
3501 5447 3766 5503 tradantur

2181 5553 2451 5619 Ecclesiae,
2483 5549 2688 5622 synodo
2715 5547 3006 5619 provinciae
3025 5559 3218 5616 poenas
3240 5544 3342 5600 iste
3381 5540 3672 5612 persolvat.
3705 5537 3765 5593 Si

2181 5652 2360 5700 autem
2387 5651 2442 5697 et
2468 5640 2626 5696 aliter
2652 5647 2935 5713 accusetur
2964 5637 3280 5707 episcopus,
3325 5641 3418 5687 aut
3462 5628 3760 5701 presbyteri

2180 5738 2413 5810 quicum
2435 5736 2550 5806 ipso
2579 5740 2724 5798 sunt,
2771 5729 2916 5800 quod
2943 5744 3008 5785 ea
3032 5742 3152 5798 qua:
3180 5727 3449 5798 pertinent
3474 5721 3540 5776 ad
3567 5720 3756 5776 Eccle-
