4104 6478
334 310 439 381 l65

1300 315 1522 373 CODEX
1555 312 1884 369 CANONUM
1923 306 2613 368 ECCLESIASTICORUM.

3517 306 3615 361 £06

328 444 487 503 siam,
520 434 607 493 vel
636 450 705 490 ex
727 432 888 503 agris,
920 433 1007 488 vel
1043 448 1111 488 ex
1138 432 1243 487 alia
1271 431 1509 499 qualibet
1546 428 1915 485 ecclesiastica
1944 428 1997 489 Α
2021 432 2134 480 tam
2162 439 2341 479 sermo
2392 419 2810 492 prtedicationis,
2844 404 3018 490 quani
3046 419 3098 474 hi
3151 418 3241 488 qui
3270 417 3600 489 dispensant,

328 526 588 584 facultate
613 523 832 583 sibimet
861 531 1153 593 usurpant,
1171 522 1260 578 'ita
1288 530 1348 576 ut
1386 536 1453 575 ex
1483 520 1588 575 hoc
1617 517 1920 587 allligantur

331 616 549 685 quidem
596 628 866 685 pauperes
917 612 1279 670 criminationi
1328 625 1463 666 vero
1491 618 1548 665 et
1573 607 1923 679 hlaSphemiis

2024 516 2205 572 taliter
2230 521 2588 584 ‘exponantur
2622 530 2633 564 :
2664 520 2723 565 et
2776 514 2873 567 hos
2922 520 3136 580 oportet
3166 511 3381 580 corrigi,
3412 522 3600 566 sancta

2027 607 2258 680 synodo,
2289 606 2343 663 id
2370 604 2515 675 quod
2543 603 2823 666 condecet,
2856 604 3212 673 approbante.

344 761 3603 790 _________________________________.______________.

942 857 1285 920 REGULIE
1349 856 1557 919 APUD
1610 852 2060 915 LAODICIAM
2112 848 2533 911 EXPOSITIE
2600 848 2791 910 NUM.
2830 848 2993 909 LIX.

403 1065 603 1121 Sancta
646 1064 882 1137 synodus
930 1078 1051 1135 quae
1106 1058 1248 1133 apud
1304 1061 1625 1116 Laodiceam
1670 1059 1919 1131 Phrygia:

335 1158 640 1214 Pacatiana:
665 1156 917 1213 convenit
935 1154 1255 1211 exdiversis
1275 1146 1763 1223 regionibus'Asiaz,
1793 1152 1926 1206 deﬁ-

334 1251 570 1305 nitiones
596 1249 849 1318 exposuit
873 1248 1274 1304 ecclesiasticas
1303 1262 1422 1316 quae
1462 1246 1651 1302 subter
1699 1259 1925 1301 annexa:

333 1349 485 1396 sum.

958 1446 1037 1501 De
1066 1448 1305 1519 bigamis.

406 1538 535 1594 CIV.
589 1539 665 1593 De
708 1538 793 1593 his
820 1538 931 1607 qui,
982 1539 1275 1593 secundum
1308 1537 1731 1593 ecclesiasticam
1770 1549 1932 1605 regu-

336 1630 471 1697 lam,
504 1629 675 1683 libere
702 1644 766 1682 ac
806 1628 1048 1697 legitime
1074 1627 1327 1682 secundis
1357 1628 1557 1697 nuptiis
1578 1627 1751 1695 juncti
1780 1635 1925 1694 sunt,

337 1734 441 1773 nec
470 1720 686 1773 occulte
734 1719 1042 1787 nuptiarum
1094 1718 1342 1787 c0pulam
1381 1716 1625 1773 fecerunt
1668 1735 1682 1771 :
1715 1724 1930 1788 oportet

338 1818 417 1873 ut,
451 1824 622 1879 parvo
647 1820 891 1877 tempore
920 1816 1226 1873 transacto,
1273 1819 1470 1863 vacent
1498 1809 1833 1864 orationibus
1874 1816 1930 1863 et

2023 1053 2106 1109 De
2125 1055 2209 1109 his
2235 1054 2324 1128 qui
2356 1054 2426 1108 ad
2462 1053 3119 1176 Iuereticorumdspeluncas
3147 1071 3307 1109 causa
3353 1056 3612 1110 orationis

2684 1140 2802 1176 acce
2842 1134 2952 1176 unt.

2684 1134 2952 1177 accedunt.

2102 1214 2261 1271 CXII.
2294 1216 2447 1284 Quod
2476 1233 2583 1272 non
2630 1217 3011 1288 permittantur
3037 1217 3383 1273 ecclesiastici
3410 1219 3475 1273 ad
3502 1219 3612 1273 lue-

2033 1307 2328 1363 reticorum
2356 1308 2666 1363 cremeteria
2692 1346 2706 1370 ,
2750 1306 2836 1361 vel
2881 1308 2946 1361 ad
2971 1323 3035 1361 ea
3064 1322 3181 1376 qua:
3210 1309 3277 1361 ab
3324 1309 3401 1362 eis
3426 1310 3609 1379 appel-

2034 1396 2217 1451 lantur
2260 1399 2540 1469 martyria,
2571 1398 2830 1454 orationis
2870 1414 3031 1451 causa
3057 1398 3139 1451 vel
3185 1399 3427 1453 sanitatis
3455 1414 3612 1453 acce-

2036 1486 2165 1542 dere
2198 1504 2212 1540 :
2244 1489 2336 1542 sed
2370 1487 2673 1556 hujusmodi
2699 1529 2714 1555 ,
2760 1488 2803 1543 si
2848 1488 3027 1541 ﬁdeles
3054 1487 3267 1552 fuerint,
3297 1497 3445 1542 certo
3478 1500 3612 1543 tem-

2034 1594 2167 1651 pore
2195 1582 2573 1634 communione
2622 1580 2823 1650 privari
2870 1598 2882 1632 :
2930 1582 3255 1649 paenitenter;
3299 1590 3511 1649 autem,
3560 1593 3611 1637 et

2035 1668 2356 1725 conﬁtentes
2378 1686 2437 1725 se
2464 1670 2769 1739 deliquisse,
2797 1673 3045 1725 convenit
3075 1673 3293 1742 suscipi.

2034 1775 2114 1830 De
2142 1777 2219 1830 his
2242 1779 2327 1848 qui
2350 1795 2464 1831 cum
2506 1779 2758 1833 hcereticis
2780 1782 3075 1850 nuptiarum
3095 1782 3606 1854 copula‘junguntur.

333 1864 599 1971 ieiuniis,
643 1864 837 1969 quibus
867 1900 1027 1955 etiam
1054 1900 1210 1969 juxta
1255 1900 1640 1969 indulgentiam
1685 1915 1928 1956 commu-
1963 1887 2003 1945 Β
2062 1864 2281 1971 .931"-
2337 1866 2491 1971 9“?d
2542 1883 2649 1923 non
2703 1877 2956 1971 91mm“
2982 1870 3379 1971 _‘"d‘?‘fefe"‘e’
3434 1874 3610 1971 6E9!”

337 1993 558 2047 nionem
589 1989 740 2049 reddi
770 1990 1130 2046 decrevimus.

338 2103 423 2157 De
453 2105 533 2157 his
556 2104 642 2175 qui
664 2120 759 2175 pro
788 2103 1005 2157 diversis
1029 2104 1218 2156 erratis
1245 2103 1613 2172 paenitudinem
1643 2103 1931 2174 ferventius

993 2181 1291 2244 exegerunt.

415 2285 522 2341 CV.
552 2284 628 2340 De
657 2284 741 2341 bis
771 2284 863 2355 qui
902 2283 1127 2341 diversis
1166 2282 1493 2338 facinoribus
1533 2268 1918 2355 peccaverunt,

337 2389 399 2434 et
437 2385 844 2448 perseverantes
888 2376 943 2429 in
989 2376 1236 2430 oratione
1282 2374 1635 2435 confessionis
1665 2383 1721 2428 et
1755 2374 1932 2442 poeni-

342 2472 528 2525 tentize
574 2468 991 2524 conversionem
1021 2482 1052 2521 a
1104 2466 1261 2520 malis
1308 2466 1547 2523 habuere
1583 2464 1876 2534 perfectam
1910 2480 1924 2517 :

342 2578 445 2633 pro
467 2544 730 2632 qualitate
759 2560 945 2615 delicti
964 2598 978 2621 ,
1012 2560 1210 2617 talibus
1237 2560 1563 2630 paenitentia:
1590 2568 1799 2628 tempus
1828 2559 1929 2612 im-

336 2668 565 2723 pensum
596 2658 820 2721 propter
849 2650 1192 2704 clementiam
1232 2657 1286 2703 et
1319 2648 1614 2704 bonitatem
1646 2649 1741 2703 Dei
1772 2663 1925 2703 com-

334 2745 523 2799 munio
552 2743 903 2799 concedatur.

376 2849 527 2917 Quod
553 2870 657 2907 non
688 2860 922 2923 oporteat
950 2851 1019 2905 ad
1057 2853 1263 2934 clerum.
1286 2851 1461 2906 statim
1489 2857 1603 2923 post
1634 2851 1890 2923 baptisma

976 2938 1281 2990 promovert.

410 3010 544 3067 CVI.
577 3011 654 3067 De
681 3013 767 3068 his
793 3014 885 3082 qui
912 3028 1091 3083 nuper
1118 3020 1243 3068 sunt
1270 3011 1555 3066 illuminati
1580 3012 1923 3081 baptismate,

331 3104 482 3174 quod
512 3120 608 3159 eos
637 3105 690 3158 in
737 3105 1063 3161 sacerdotali
1107 3121 1217 3160 non
1258 3105 1548 3159 conveniat
1590 3105 1780 3160 ordine
1807 3121 1928 3176 pro-

332 3208 567 3249 ωογθιιι.

742 3304 822 3358 De
852 3312 1079 3375 tempore
1106 3307 1516 3362 ordiuationum.

409 3392 565 3449 CVII.
599 3394 755 3460 Quod
791 3411 898 3450 non
946 3404 1197 3465 oporteat
1241 3399 1610 3454 ordinationes
1653 3398 1753 3454 sub
1794 3412 1930 3453 con-

333 3496 527 3555 spectu
552 3486 889 3540 audientium
914 3486 1198 3541 celebrari.

442 3596 511 3651 Ut
541 3597 591 3650 hi
619 3597 706 3668 qui
736 3596 968 3650 sacrario
994 3597 1219 3650 serviunt
1248 3612 1434 3649 usuras
1462 3612 1561 3649 non
1592 3598 1825 3666 exigant.

409 3708 589 3765 CVIII.
630 3708 787 3776 Quod
815 3724 923 3764 non
966 3716 1216 3778 oporteat
1263 3707 1574 3763 sacerdotes
1615 3716 1671 3762 et
1697 3707 1926 3763 clericos

335 3804 647 3859 fencrantes
686 3818 877 3858 usuras
904 3843 920 3869 ,
969 3803 1056 3857 vel
1104 3818 1223 3872 qua:
1270 3802 1521 3857 dicuntur
1549 3803 1826 3873 sescupla,
1877 3802 1930 3858 id

335 3905 423 3948 est
452 3903 508 3948 et
533 3907 797 3947 summam
826 3893 1016 3963 capitis
1045 3902 1102 3949 et
1144 3894 1419 3948 dimidium
1451 3909 1672 3949 summa:
1692 3935 1707 3961 ,
1755 3893 1932 3965 perci-

336 3998 496 4053 pere.

334 4097 421 4152 De
481 4095 741 4152 hereticis
795 4093 1109 4149 intrantibus
1162 4094 1217 4146 in
1264 4094 1508 4148 ecclesias
1565 4094 1641 4149 vel
1691 4093 1933 4150 basilicas

990 4174 1298 4234 martyrum.

411 4276 552 4333 CIX.
582 4276 737 4344 Quod
768 4276 1010 4331 hmretici
1040 4291 1148 4331 non
1193 4276 1541 4346 permittendi
1576 4277 1685 4333 sint
1729 4279 1939 4349 ingredi

336 4370 396 4423 in
426 4369 643 4421 domum
675 4367 801 4433 Dei,
835 4366 887 4420 in
917 4365 1106 4420 haeresi
1147 4374 1548 4434 permanentes.

449 4476 530 4532 De
558 4478 639 4531 his
673 4478 760 4547 qui
794 4477 864 4530 ad
906 4476 1151 4530 ecclesias
1195 4474 1260 4529 ab
1300 4476 1559 4531 haereticis
1588 4479 1815 4531 veniunt.

412 4568 525 4624 CX.
556 4568 631 4623 De
659 4569 743 4624 bis
770 4569 861 4637 qui
891 4568 959 4622 ab
996 4567 1264 4624 haereticis
1293 4576 1703 4636 convertuntur,
1740 4568 1792 4623 id
1825 4576 1925 4635 est,

334 4660 675 4725 Novatianis,
726 4666 819 4713 aut
860 4658 1216 4725 Photinianis,
1259 4668 1351 4714 aut
1396 4658 1929 4716 Tessaresc'edecati-

339 4755 429 4819 tis,
479 4752 592 4807 sive
623 4749 879 4820 baptizati
928 4750 1035 4804 sint
1062 4750 1138 4804 illi
1165 4792 1182 4820 ,
1230 4764 1327 4805 seu
1369 4752 1776 4818 eatechumeni,
1816 4734 1927 4807 non

336 4853 469 4898 ante
495 4841 876 4911 suscipiantur,
906 4856 1066 4911 quam
1103 4856 1292 4896 omnes
1318 4840 1552 4896 haereses
1578 4842 1930 4897 anathemati-

336 4940 488 4998 zent,
518 4940 578 4988 et
617 4931 887 5002 praecipue
931 4932 1076 4986 illam
1121 4946 1226 5002 qua
1254 4932 1648 4987 detinebantur.
1705 4932 1773 4987 Et
1802 4942 1929 4989 tunc

335 5023 558 5080 demum
592 5024 649 5078 hi
692 5024 787 5092 qui
828 5022 971 5094 apud
1000 5038 1096 5078 eos
1147 5023 1464 5079 dicebantur
1492 5023 1699 5089 ﬁdeles,
1730 5034 1929 5081 nostra:

334 5118 640 5172 doceantur
681 5113 805 5171 ﬁdei
831 5115 1155 5187 symbolum,
1191 5122 1247 5171 et
1271 5116 1419 5171 uncti
1446 5124 1635 5173 sancto
1663 5118 1924 5175 chrisma-

338 5216 417 5277 te,
449 5208 528 5266 sic
555 5208 825 5279 mysteriis
851 5208 1257 5263 communicent
1273 5210 1650 5265 sacrosanctis.

461 5318 541 5373 De
572 5319 655 5373 his
692 5320 777 5389 qui
804 5318 1013 5375 uariunt
1039 5317 1105 5373 ab
1128 5320 1310 5375 baresi
1341 5317 1814 5391 Cataphrygaruus.

408 5427 549 5489 CXI.
580 5428 655 5484 De
683 5429 766 5485 his
792 5430 882 5505 qui
924 5436 1316 5485 convertuntur
1354 5430 1422 5484 ab
1450 5430 1640 5485 hmresi
1675 5445 1794 5500 qua:
1846 5432 1927 5486 di-

336 5523 485 5579 citur
510 5519 992 5590 Cataphrygarum,
1039 5519 1142 5575 etsi
1170 5519 1224 5574 in
1262 5520 1407 5575 clero
1432 5560 1448 5589 ,
1490 5521 1615 5590 quia
1645 5521 1787 5590 apud
1835 5535 1929 5577 eos

331 5628 469 5669 esse
494 5610 753 5675 creditur,
791 5609 1010 5675 iuerint,
1035 5611 1137 5666 etsi
1180 5610 1401 5669 maximi
1430 5612 1798 5678 nominentur,
1830 5612 1930 5669 hos

326 5706 443 5761 sub
473 5703 622 5757 omni
652 5703 927 5771 diligentia
971 5704 1037 5756 ab
1059 5702 1329 5771 episcopis
1358 5699 1637 5773 Ecclesiae,
1664 5705 1749 5760 vel
1780 5720 1932 5776 pres-

326 5795 572 5867 byteris,
596 5795 803 5851 'instrui
831 5803 886 5852 et
913 5794 1174 5863 baptizari
1204 5794 1510 5850 conveniet.

2030 1956 2298 2019 siasticos,
2340 1955 2544 2013 ﬁndere
2588 1957 2893 2025 nuptiarum
2918 1998 2933 2025 ,
2982 1958 3250 2013 hatreticis
3288 1976 3415 2016 suos
3473 1962 3612 2015 ﬁlios

2030 2047 2276 2118 ﬁliasque
2304 2049 2653 2121 conjungere.

2064 2157 2191 2213 Non
2220 2175 2500 2230 congruere
2533 2158 2856 2230 presbyteras
2898 2160 2949 2213 in
2980 2160 3277 2213 mulieribus
3308 2160 3569 2213 ordinari.

2098 2266 2280 2322 CXIV.
2314 2267 2468 2334 Quod
2490 2284 2597 2323 non
2628 2277 2877 2338 oporteat
2916 2284 3007 2325 eas
3035 2285 3154 2341 qua:
3183 2272 3431 2325 dicuntur
3455 2288 3607 2340 pres-

2026 2359 2230 2432 byterze
2259 2361 2343 2414 vel
2367 2361 2713 2429 praesidentes
2739 2362 2793 2415 in
2820 2362 3060 2418 ecclesiis
3090 2363 3351 2417 ordinari.

2338 2470 2418 2525 De
2446 2472 2823 2541 episcopalibus
2849 2472 3284 2527 ordinationibus.

2098 2558 2251 2614 CXV.
2287 2559 2358 2614 Ut
2395 2562 2635 2630 episcopi
2675 2562 2877 2630 judicio
2920 2563 3460 2633 metrOpolitanorum
3485 2603 3500 2628 ,
3551 2574 3608 2619 et

2028 2666 2213 2705 eorum
2270 2652 2645 2721 episcoporum
2692 2653 2781 2721 qui
2820 2653 3169 2707 circumcirca
3216 2654 3362 2716 sint,
3412 2671 3604 2723 prove-

2026 2739 2223 2793 hantur
2278 2740 2344 2793 ad
2391 2742 2809 2796 ecclesiasticam
2851 2752 3175 2812 potestatem
3220 2745 3319 2797 :lii
3361 2747 3609 2801 videlicet

2025 2830 2118 2898 qui
2158 2830 2391 2899 plurimo
2455 2840 2697 2900 tempore
2744 2831 3039 2902 probantur
3087 2834 3410 2889 tam.verbo
3462 2835 3603 2901 ﬁdei,

2025 2936 2187 2992 quam
2216 2930 2378 2978 recta:
2403 2923 2830 2977 conversationis
2857 2922 3126 2992 exemplo.

2096 3033 2303 3087 Iudicio
2326 3032 2667 3087 multitudinis
2688 3033 3044 3087 ordinationes
3066 3034 3183 3102 ﬁeri
3204 3050 3304 3087 non
3331 3034 3531 3088 debere.

2097 3122 2279 3179 CXVI.
2310 3123 2464 3190 Quod
2504 3140 2610 3178 non
2642 3125 2711 3180 sit
2737 3125 3153 3194 permittendum
3187 3128 3356 3184 turbis
3383 3130 3603 3184 electio-

2030 3228 2124 3267 nes
2152 3228 2336 3267 eorum
2367 3213 2547 3269 facere
2572 3254 2586 3278 ,
2628 3216 2719 3283 qui
2749 3225 2874 3270 sunt
2919 3217 2986 3270 ad
3015 3219 3373 3271 sacerdotium
3406 3236 3606 3288 prove-

2029 3302 2210 3358 hendL

2026 3411 2109 3464 Ad
2137 3411 2271 3465 alias
2299 3414 2569 3483 parochias
2596 3416 2843 3538 ergogias,
2876 3434 2987 3541 qluar
3014 3418 3201 3474 oblata:
3230 3431 3366 3484 siml,
3400 3425 3607 3477 minime

2675 3498 2873 3540 estman
2916 3505 2994 3541 as.

2675 3498 2994 3543 esttnandas.

2098 3571 2298 3627 CXVII.
2333 3572 2485 3639 Quod
2514 3586 2701 3630 sancta
2748 3580 2897 3632 nullo
2941 3581 3122 3643 modo,
3174 3597 3333 3634 causa
3364 3583 3606 3649 eulogia-

2030 3680 2173 3732 rum,
2203 3674 2445 3733 tempore
2477 3665 2750 3723 Paschalis
2781 3669 2920 3733 festi,
2953 3678 3018 3723 ad
3047 3672 3181 3724 alias
3206 3674 3488 3740 parochias
3509 3677 3606 3729 de-

2031 3753 2193 3808 beant
2221 3754 2510 3810 destinare.

2031 3864 2111 3923 De
2139 3867 2217 3922 his
2260 3868 2347 3938 qui
2395 3865 2612 3923 debeant
2657 3870 2712 3923 in
2763 3868 2999 3944 amboue,
3055 3871 3111 3924 id
3158 3878 3265 3939 est,
3306 3873 3357 3925 in
3389 3874 3607 3944 pulpito,

2694 3942 2937 4010 psallere.

2108 4049 2337 4106 CXVIII.
2372 4050 2526 4118 Quod
2568 4067 2676 4106 non
2704 4059 2954 4121 oporteat
2983 4052 3212 4122 amplius
3232 4093 3247 4116 ,
3292 4063 3485 4122 praeter
3513 4068 3608 4107 eos

2033 4141 2125 4209 qui
2154 4142 2474 4209 regulariter
2499 4151 2753 4196 cantores
2797 4142 3063 4205 existunt,
3097 4143 3186 4211 qui
3224 4151 3279 4196 et
3318 4142 3385 4195 de
3424 4143 3609 4196 codice

2034 4238 2254 4295 canunt,
2288 4230 2422 4285 alios
2443 4231 2496 4284 in
2519 4232 2781 4301 pulpitum
2802 4231 3184 4295 conscendere,
3214 4240 3268 4285 et
3298 4231 3350 4285 in
3379 4232 3607 4287 ecclesia

2036 4323 2287 4393 psallere.

2143 4437 2221 4491 De
2249 4438 2551 4492 lectionibus
2578 4455 2691 4510 quce
2724 4439 2937 4492 debeant
2976 4438 3201 4492 sabbatis
3229 4440 3500 4493 recenseri.

2105 4530 2287 4586 CXIX.
2319 4532 2471 4598 Quod
2514 4533 2566 4586 in
2593 4533 2832 4588 sabbatis
2873 4533 3148 4601 evangelia
3174 4548 3293 4587 cum
3336 4534 3451 4588 aliis
3472 4531 3611 4588 Scri-

1958 4619 2007 4678 D
2034 4621 2205 4690 pturis
2234 4621 2337 4690 legi
2364 4622 2668 4676 conveniat.

2039 4736 2189 4801 Quod
2236 4737 2569 4791 interstitium
2599 4738 2916 4876 psalrlport’tim
2942 4737 3138 4819 ⁸ὀρύξαι
3170 4738 3223 4791 in
3254 4738 3613 4809 congregatio-

2492 4833 2497 4838 -
2664 4823 2716 4859 m
2755 4824 2813 4860 us
2878 4823 2973 4861 ert.

2664 4823 2813 4860 ηιυιιε
2840 4823 2973 4861 nert.

2106 4894 2267 4949 CXX.
2327 4895 2479 4962 Quod
2545 4897 2597 4950 in
2651 4906 2919 4951 conventu
2975 4897 3209 4953 ﬁdelium
3274 4913 3611 4967 nequaquam

2038 4985 2273 5055 psalmos
2298 4985 2611 5039 continuare
2640 4986 2927 5039 conveniat
2959 5003 2972 5038 :
3005 4986 3098 5039 sed
3125 5001 3219 5055 per
3248 4985 3615 5050 intervallum,

2037 5074 2091 5128 id
2129 5081 2231 5138 est,
2259 5090 2357 5145 per
2384 5075 2620 5145 psalmos
2664 5075 2903 5144 singulos
2945 5075 3215 5129 recenseri
3268 5075 3498 5130 debeant
3535 5075 3616 5129 le-

2031 5164 2256 5219 ctiones.

2238 5272 2315 5327 De
2338 5274 2572 5343 precibus
2601 5292 2739 5330 nona
2764 5284 2813 5328 et
2835 5290 3044 5344 vespera
3069 5254 3408 5327 celebrandis.

2104 5363 2285 5420 CXXI.
2320 5364 2474 5432 Quod
2523 5367 2696 5437 ipsum
2726 5381 2938 5436 semper
2966 5363 3201 5420 ofﬁcium
3250 5380 3466 5435 precum
3513 5380 3618 5421 no-

2035 5469 2103 5508 na
2128 5462 2182 5508 et
2207 5468 2429 5523 vespera
2459 5470 2673 5524 semper
2701 5454 2895 5511 debeat
2924 5454 3185 5511 exhiberi.

2032 5565 2113 5620 De
2138 5566 2369 5638 precibus
2397 5575 2512 5638 post
2537 5565 2793 5631 homilias,
2822 5568 2878 5621 id
2900 5577 2996 5638 est,
3032 5577 3145 5638 post
3177 5583 3432 5622 sermones
3470 5566 3619 5621 habi-

2107 5646 2182 5689 tos
2213 5636 2284 5687 ad
2293 5636 2584 5714 .populum,
2628 5637 2955 5717 proferendis
2979 5677 2994 5700 ,
3022 5636 3091 5719 ξε(
3122 5638 3187 5690 de
3214 5638 3295 5691 his
3319 5654 3449 5708 quos
3472 5639 3623 5691 intra

2105 5720 2389 5759 sacrarium
2414 5715 2790 5759 communicare
2817 5715 3093 5760 conueniat

2106 5789 2314 5847 CXXII.
2345 5791 2499 5858 Quod
2528 5802 2780 5864 oporteat
2821 5809 3060 5852 seorsum
3090 5796 3341 5875 primum,
3382 5801 3508 5870 post
3540 5794 3618 5849 al-
