4104 6468
444 323 536 378 167

1725 313 2079 372 DIONYSIUS
2123 312 2441 370 EXIGUUS.

3622 287 3726 348 158

441 431 738 485 locutiones
777 443 1150 499 epIscoporum
1178 470 1193 497 ,
1247 428 1545 484 orationem
1588 443 1753 497 super
1779 427 2026 483 catechu-
2055 434 2100 488 Α
2130 435 2187 481 et
2235 427 2391 481 otiari
2442 427 2494 480 in
2539 427 2782 492 sabbato,
2815 427 2908 482 scd
2943 441 3157 496 operarI
3179 440 3274 482 eos
3302 429 3354 483 in
3385 427 3576 483 eodem
3601 425 3692 484 die

439 537 631 578 menos
659 522 915 576 celebrari
947 540 959 573 :
1006 530 1060 575 et
1088 529 1373 590 postquam
1420 518 1792 574 catechumeni
1823 518 2024 586 egressi

441 613 656 676 fuerint,
690 626 852 680 super
879 626 1004 678 eos,
1051 610 1142 679 qui
1173 617 1301 664 sunt
1343 610 1395 663 in
1441 609 1773 678 Imnitcntia,
1807 621 2025 678 precem

444 704 582 758 lieri.
623 702 718 758 His
747 702 908 756 etiam
938 700 1316 755 accedentibus
1361 699 1426 754 ad
1459 714 1674 754 manum
1705 697 2022 764 sacerdotis,

445 805 499 850 et
535 792 957 856 discedentibus,
1007 799 1120 845 tres
1169 791 1444 844 orationes
1493 786 1855 844 consummari
1893 783 2028 838 ﬁde-

449 884 573 937 lium
607 900 620 936 :
645 883 717 936 ita
746 889 806 936 ut
833 881 1003 951 prima
1027 881 1247 949 quidem
1279 880 1377 934 sub
1403 879 1640 944 silentio,
1672 877 1905 932 secunda
1935 891 2026 930 ve-

446 986 508 1026 ro
534 979 590 1026 et
620 971 774 1025 tertia
798 983 893 1038 per
921 969 1347 1024 exclamationes
1389 969 1578 1025 solitas
1607 967 1945 1037 expleantur,
1973 974 2028 1019 et

447 1062 519 1116 ita
555 1062 770 1116 demum
810 1075 997 1131 pacem
1035 1061 1136 1114 sibi
1175 1061 1402 1115 invicem
1443 1059 1669 1115 dabunt.
1715 1059 1782 1112 Et
1812 1066 2028 1129 postea-

446 1170 607 1224 quam
648 1154 858 1209 dederit
898 1155 1188 1224 episcopus
1226 1155 1554 1226 presbyteris
1583 1153 1826 1209 osculum
1856 1151 2027 1222 pacis,

447 1255 575 1301 tunc
605 1245 727 1302 laici
766 1246 868 1300 sibi
913 1245 1172 1300 tribuent.
1215 1243 1280 1298 Et
1326 1246 1398 1298 ita
1441 1252 1627 1300 sancta
1670 1241 2030 1298 celebrabitur

447 1338 670 1393 oblatio.
704 1335 845 1392 Solis
887 1345 1069 1391 autem
1098 1337 1397 1391 ministerio
1427 1351 1583 1391 sacro
1608 1335 1804 1390 deditis
1843 1334 1912 1388 ad
1952 1332 2031 1387 al-

450 1437 565 1483 tare
594 1427 818 1496 ingredi,
845 1435 902 1482 et
927 1427 1325 1482 communicare
1346 1426 1544 1482 ibidem
1573 1426 1754 1481 liceat.

519 1539 598 1593 De
618 1539 810 1594 honore
835 1555 982 1610 quem
1009 1536 1317 1610 presbyteris
1342 1537 1574 1610 diaconi,
1604 1537 1688 1608 qui
1712 1535 1804 1590 sub
1831 1534 1958 1606 ipsis

909 1616 1058 1674 sunt,
1090 1607 1273 1660 debent
1303 1607 1563 1660 exhibere.

521 1698 747 1756 CXXIII.
773 1697 926 1766 Quod
950 1714 1055 1752 non
1087 1705 1338 1768 oporteat
1357 1697 1647 1751 diaconum
1667 1710 1851 1751 coram
1879 1709 2033 1764 pres-

451 1792 643 1863 bytero
672 1789 888 1853 sedere,
939 1788 1034 1843 sed
1070 1789 1312 1857 jussione
1353 1787 1654 1858 presbyteri
1698 1786 1898 1840 sedeat.
1945 1784 2030 1838 Si-
2060 1786 2108 1844 B

455 1881 650 1934 militcr
679 1888 858 1933 autem
889 1886 943 1932 et
971 1878 1209 1932 diaconis
1255 1879 1428 1932 honor
1455 1878 1718 1931 habeatur
1759 1876 1826 1929 ab
1866 1876 2025 1930 obse-

459 1971 763 2039 quentibus,
798 1969 849 2023 id
877 1975 960 2023 est
989 1967 1336 2024 subdiaconis
1363 1975 1418 2022 et
1445 1967 1692 2023 omnibus
1713 1965 1942 2021 clericis.

459 2079 610 2144 Quod
637 2080 941 2132 subdiaconi
971 2097 1002 2132 α
1031 2079 1323 2146 diaconico,
1354 2077 1410 2131 id
1436 2086 1512 2131 est
1544 2093 1576 2130 a
1599 2064 1898 2142 secretario,
1933 2075 2037 2128 sint

1144 2171 1345 2224 remoti.

527 2261 759 2316 CXXIV.
801 2261 955 2328 Quod
1002 2277 1108 2315 non
1154 2269 1410 2330 'oporteat
1451 2260 1808 2316 subdiaconos
1838 2259 2038 2314 habere

385 2360 634 2454 \l’oenm
663 2357 716 2410 in
745 2355 1044 2423 diaconico,
1077 2363 1131 2409 et
1158 2354 1426 2409 dominica
1447 2368 1573 2408 vasa
1599 2353 1932 2407 continuere.

399 2464 454 2530 ,κ’
565 2467 920 2522 Subdiaconos
951 2483 1066 2520 cum
1093 2469 1280 2521 orariis
1323 2467 1567 2520 assistere
1595 2481 1698 2519 non
1726 2464 1927 2517 debere.

530 2558 736 2612 CXXV.
769 2557 924 2625 Quod
955 2574 1062 2612 non
1109 2565 1358 2628 oporteat
1387 2557 1770 2612 subdiaconum
1810 2555 1885 2609 uti
1911 2568 2008 2608 ora

461 2650 561 2714 rio,
584 2664 690 2706 nec
716 2649 851 2703 ostia
881 2648 1273 2717 derelinquere.

464 2761 702 2816 Lectores
728 2771 1060 2833 cantorrsque
1090 2779 1204 2815 cum
1234 2763 1422 2833 orariis
1454 2777 1604 2832 agere
1637 2776 1786 2814 suum
1819 2759 2041 2829 ofﬁcium

1087 2848 1191 2885 non
1213 2830 1412 2885 debere.
1490 2830 1501 2832 “
1961 2843 1966 2849 ’

533 2920 766 2976 CXXVI.
797 2921 954 2986 Quod
998 2935 1104 2975 non
1133 2929 1384 2990 oporteat
1419 2920 1650 2974 lectores
1677 2928 1768 2974 aut
1795 2927 2046 2975 cantores

467 3013 656 3068 orariis
684 3012 781 3076 uti,
807 3019 862 3066 et
885 3012 960 3066 ita
990 3011 1169 3080 legere
1195 3013 1278 3065 vel
1312 3012 1557 3081 psallere.

538 3281 786 3338 CXXVII.
827 3281 980 3348 Quod
1009 3297 1116 3335 non
1147 3289 1398 3349 oporteat
1435 3298 1590 3337 sacro
1619 3282 1916 3338 ministerio
1956 3282 2053 3338 de-

469 3373 609 3428 ditos
653 3389 684 3427 a
723 3373 1050 3443 presbyteris
1077 3386 1244 3441 usque
1275 3371 1342 3424 ad
1369 3372 1647 3436 diaconos,
1680 3382 1737 3428 et
1783 3373 2050 3442 reliquum

470 3464 890 3518 ecclesiasticum
919 3462 1162 3516 ordinem
1189 3501 1205 3527 ,
1253 3461 1305 3514 id
1336 3469 1418 3514 est
1459 3476 1628 3529 usque
1657 3461 1724 3515 ad
1765 3461 2053 3517 subdiaco-

470 3569 586 3619 nos,
618 3554 866 3616 lectores,
899 3560 1169 3617 cantores,
1191 3552 1488 3607 exorcistas
1514 3560 1569 3607 et
1591 3553 1857 3618 ostiarios,
1899 3562 1952 3607 et
1982 3568 2051 3609 ex

470 3659 694 3700 numero
722 3643 1113 3698 continentium
1162 3651 1219 3697 et
1243 3643 1635 3698 monachorum
1665 3686 1681 3712 ,
1720 3643 1928 3714 ingredi
1970 3652 2052 3698 ta-

472 3735 685 3790 bernus.

474 3850 624 3916 Quod
651 3850 946 3904 subdiaconi
995 3866 1098 3903 non
1129 3849 1345 3902 debeant
1399 3849 1714 3917 benedicere,
1771 3852 1849 3904 vel
1904 3849 2054 3904 bene-

988 3919 1261 3973 dictionem
1291 3919 1530 3974 tribuere.

540 4007 816 4063 CXXVIII.
846 4007 1002 4074 Quod
1041 4024 1146 4063 non
1177 4017 1426 4078 oporteat
1451 4009 1810 4066 subdiaconos
1850 4024 2046 4080 panem

474 4099 623 4164 dare,
656 4093 742 4154 vel
773 4099 996 4152 calicem
1024 4097 1366 4152 benedicere.

552 4211 631 4288 De
654 4213 920 4266 exorcistis
945 4214 1031 4284 qui
1060 4228 1163 4266 non
1189 4223 1308 4267 stmt
1340 4210 1405 4264 ab
1442 4214 1693 4283 episcopis
1721 4215 1970 4268 ordinati.

545 4295 776 4359 CXXIX.
817 4303 968 4368 Quod
1001 4304 1052 4362 hi
1093 4304 1184 4373 qui
1214 4319 1320 4357 non
1351 4311 1475 4357 sunt
1504 4305 1571 4357 ab
1598 4304 1866 4374 episcopis
1916 4303 2055 4358 ordi-

474 4392 607 4457 nati,
631 4400 739 4444 tam
771 4392 820 4444 in
851 4391 1113 4454 ecclesiis,
1147 4407 1304 4460 quam
1341 4392 1392 4445 in
1442 4391 1711 4457 domibus,
1743 4392 2051 4446 exorcizare

473 4499 585 4540 non
614 4483 839 4552 possint.
1747 4481 1753 4486 '

476 4587 626 4653 Quod
649 4589 711 4641 de
732 4589 972 4642 conviviis
1000 4605 1215 4663 qureex
1246 4608 1409 4663 agape
1437 4592 1588 4661 ﬁunt,
1619 4609 1852 4646 escarum
1876 4602 2046 4663 partes

976 4660 1139 4726 accipi
1169 4677 1271 4714 non
1302 4660 1536 4714 debeant.

541 4745 751 4802 CXXX.
779 4745 932 4812 Quod
964 4764 1069 4801 non
1097 4758 1347 4818 oporteat
1373 4767 1528 4805 sacro
1557 4752 1856 4807 ministerio
1895 4752 2047 4808 dedi-

474 4846 558 4894 tos
594 4839 818 4893 clericos
861 4846 954 4892 aut
991 4839 1157 4894 laicos
1192 4841 1258 4894 ad
1309 4855 1533 4911 agapem
1556 4851 1780 4898 vocatos
1807 4845 2044 4898 ciborum

473 4936 653 4998 partes
697 4928 967 4997 accipere,
1012 4939 1298 4999 prepterea
1349 4932 1493 5000 quod
1523 4931 1647 4987 hinc
1675 4932 2044 4990 ecclesiastico

473 5017 644 5071 ordini
673 5016 762 5071 ﬁat
793 5018 1010 5087 injuria.

711 5132 775 5184 In
805 5133 1029 5187 ecclesiis
1064 5135 1284 5203 prandia
1320 5135 1435 5204 ﬁeri
1465 5153 1567 5191 non
1598 5137 1805 5192 debere.

541 5217 774 5278 CXXXI.
800 5220 950 5286 Quod
973 5237 1080 5276 non
1101 5231 1350 5292 oporteat
1373 5224 1426 5277 in
1449 5224 1734 5282 domiciliis
1756 5227 1969 5294 divinis,
1994 5230 2047 5285 id

475 5316 557 5364 est
584 5311 636 5364 in
667 5311 927 5378 ecclesiis,
953 5313 1195 5368 convivia
1218 5328 1336 5381 quae
1357 5323 1619 5370 vocantur
1644 5332 1848 5387 agapae,
1881 5317 1997 5375 ﬁeri
2024 5341 2036 5374 :

474 5415 572 5454 nec
601 5402 738 5454 intra
767 5401 981 5456 domum
1013 5403 1106 5457 Dei
1133 5404 1438 5472 comedere,
1470 5407 1554 5461 vel
1599 5409 1878 5466 accubitus
1906 5419 2046 5466 ster-

474 5507 623 5547 nere.

479 5601 546 5656 De
577 5601 987 5682 Christianisqui
1008 5603 1346 5682 sabbatizare,
1373 5607 1450 5660 vel
1460 5607 1616 5677 juxta
1636 5611 1908 5682 quemdam
1933 5629 2046 5664 mo—

863 5675 984 5727 dum
1026 5676 1321 5746 judaizare,
1353 5675 1653 5732 noscuntur.

538 5759 783 5816 CXXXII.
811 5762 963 5828 Quod
991 5779 1097 5818 non
1122 5773 1369 5834 oporteat
1395 5764 1726 5825 Christianos
1762 5768 2041 5837 judaizare

2079 4513 2128 4572 D

2131 511 2482 568 Pneferentes
2512 523 2692 569 autem
2722 515 2776 569 in
2818 516 3167 570 veneratione
3195 514 3519 570 dominicum
3549 515 3719 582 diem,

2127 606 2172 659 si
2201 620 2398 660 vacare
2429 607 2731 673 voluerint,
2781 615 2838 660 nt
2864 605 3152 660 Christiani
3183 607 3287 661 hoc
3311 604 3529 661 faciant.
3560 607 3718 672 Quod

2127 699 2173 750 si
2203 698 2399 766 reperti
2427 696 2624 751 fuerint
2649 697 2942 766 judaizare,
2977 697 3258 754 anathema
3285 697 3391 750 sint
3419 712 3448 750 a
3478 696 3716 751 Christo.

2233 806 2314 862 De
2347 808 2469 862 viris
2507 825 2623 862 cum
2655 807 2950 862 mulieribus
2975 809 3184 861 lavacra
3213 806 3604 862 celebrantibus.

2199 914 2473 970 CXXXIII.
2507 915 2662 982 Quod
2712 931 2820 970 non
2876 922 3127 980 oporteat
3154 914 3320 968 sacris
3342 913 3534 968 oﬂiciis
3563 913 3716 968 dedi-

2129 1012 2213 1060 tos
2238 1013 2332 1058 aut
2353 1005 2601 1070 clericos,
2627 1013 2720 1058 aut
2760 1003 3099 1060 continentes
3147 1003 3235 1056 vel
3282 1017 3496 1056 omnem
3519 992 3717 1056 laicum

2128 1094 2510 1160 Christianum,
2542 1095 2755 1149 lavacra
2785 1109 2906 1148 cum
2937 1091 3250 1147 mulieribus
3277 1092 3571 1158 celebrare,
3591 1091 3720 1162 quia
3788 1126 3798 1135 -

2129 1185 2243 1240 haec
2267 1185 2406 1254 apud
2427 1194 2617 1252 gentes
2642 1184 2991 1253 reprehensio
3012 1184 3183 1253 prima
3213 1191 3314 1237 est.

2135 1297 2211 1351 De
2234 1298 2312 1352 his
2334 1299 2418 1370 qui
2448 1313 2562 1351 cum
2599 1297 2854 1350 haereticis
2892 1296 3116 1366 jungunt
3158 1295 3353 1366 {rudera
3390 1297 3712 1365 nuptiarum.

2201 1405 2476 1462 CXXXIV.
2509 1405 2666 1471 Quod
2715 1422 2820 1460 non
2868 1414 3118 1476 oporteat
3147 1420 3266 1460 cum
3298 1405 3565 1460 haereticis
3595 1407 3720 1460 uni-

2131 1495 2302 1549 versis
2349 1493 2656 1562 nuptiarum
2715 1492 2919 1548 l'oedera
2966 1493 3264 1556 celebrare,
3299 1509 3399 1548 nec
3453 1495 3531 1548 eis
3580 1494 3722 1550 tilios

2134 1583 2264 1637 dare
2296 1583 2378 1638 vel
2427 1582 2583 1647 tilias,
2614 1581 2708 1637 sed
2746 1582 2916 1648 magis
2944 1567 3191 1651 accipere
3228 1582 3311 1636 :si
3342 1591 3518 1636 tamen
3563 1582 3717 1636 Chri-

2133 1675 2339 1728 stianos
2365 1689 2424 1728 se
2447 1673 2560 1727 ﬁeri
2585 1673 2918 1741 promittant.

2309 1783 2386 1836 Ab
2424 1783 2681 1838 Icareticis
2709 1782 2941 1853 eulogias
2967 1783 3197 1852 accipere
3216 1797 3320 1834 non
3335 1781 3535 1835 debere.

2205 1893 2459 1949 CXXXV.
2499 1892 2652 1960 Quod
2676 1908 2782 1947 non
2810 1899 3059 1961 oporteat
3082 1891 3148 1946 ab
3181 1892 3451 1946 haereticis
3479 1891 3722 1960 eulogias

2135 1987 2404 2055 accipere,
2428 1999 2546 2054 quzr
2571 1993 2694 2038 sunt
2722 1982 3124 2038 maledictiones
3148 1983 3326 2052 potius
3367 1997 3528 2052 quam
3557 1983 3722 2038 bene-

2137 2077 2422 2132 dictiones.

2699 2184 2780 2239 De
2805 2185 3167 2239 schismaticis.

2209 2276 2487 2333 CXXXVI.
2517 2275 2672 2344 Quod
2709 2292 2816 2330 non
2868 2285 3118 2346 Oporteat
3165 2291 3288 2331 cum
3331 2275 3591 2347 hatreticis
3621 2285 3716 2332 aut

2141 2367 2501 2422 schismaticis
2525 2367 2729 2438 pariter
2749 2380 2926 2420 orare.

2508 2475 2588 2529 De
2628 2473 2941 2546 martyribus
2989 2475 3362 2530 hazreticorum.

2213 2589 2512 2646 CXXXVII.
2545 2589 2698 2657 Quod
2741 2605 2958 2644 omnem
3007 2589 3368 2643 Christianum
3397 2573 3515 2643 ‘non
3555 2606 3720 2658 opor-

2145 2690 2256 2738 teat
2274 2684 2526 2738 deserere
2554 2691 2816 2751 martyres
2839 2681 3058 2746 Christi,
3089 2687 3143 2736 et
3176 2683 3252 2736 ire
3278 2681 3342 2735 ad
3380 2681 3724 2751 pseudomar-

2145 2783 2310 2844 tyres,
2337 2772 2390 2827 id
2419 2781 2500 2827 est
2527 2773 2921 2834 haereticorum,
2955 2780 3010 2825 et
3037 2787 3172 2841 quos
3201 2773 3344 2841 ipsos
3371 2781 3580 2826 constet
3613 2773 3724 2826 lizc~

2144 2862 2343 2916 retices
2369 2861 2655 2927 exstitisse,
2685 2861 2733 2913 hi
2767 2875 2998 2928 namque
3031 2869 3154 2912 sunt
3197 2861 3354 2914 alieni
3377 2876 3408 2913 a
3440 2861 3545 2915 Deo
3581 2877 3593 2913 :
3624 2863 3728 2915 sint

2147 2951 2307 3020 igitur
2330 2951 2640 3016 anathema,
2667 2951 2757 3018 qui
2783 2951 2849 3004 ad
2874 2949 3006 3003 tales
3033 2951 3380 3004 accesserint.

2561 3062 2641 3116 De
2666 3063 2742 3116 his
2773 3062 2862 3133 qui
2883 3061 3094 3132 angelos
3117 3061 3312 3115 colunt.

2075 3154 2123 3217 ϐ
2225 3173 2548 3230 CXXXVIII.
2581 3173 2735 3240 Quod
2779 3189 2886 3228 non
2914 3182 3162 3243 oporteat
3187 3173 3519 3229 Christianos
3548 3173 3727 3232 Eccle-

2153 3269 2286 3324 siam
2318 3268 2409 3321 Dei
2437 3268 2763 3334 relinquere,
2799 3274 2853 3319 et
2874 3266 2972 3330 ire,
3005 3276 3167 3334 atque
3189 3266 3406 3333 angelos
3434 3269 3738 3332 nominare,

2153 3371 2207 3416 et
2234 3359 2676 3429 congregationes
2704 3357 2884 3412 facere
2917 3375 2929 3409 :
2962 3372 3082 3425 qua:
3110 3358 3390 3413 interdicta
3419 3370 3730 3414 noscuntur.

2153 3451 2210 3507 Si
2235 3456 2355 3520 quis
2375 3450 2800 3519 igituriinventus
2829 3449 2988 3504 fuerit
3012 3449 3133 3503 huic
3167 3449 3390 3504 occulta:
3418 3448 3732 3510 idololatria:

2152 3543 2411 3607 serviens,
2442 3541 2512 3596 sit
2559 3541 2866 3603 anathema,
2903 3540 3028 3608 quia
3075 3539 3396 3608 derelinquit
3448 3540 3732 3602 Dominum

2154 3640 2395 3686 nostrum
2426 3630 2608 3686 Jesum
2635 3629 2928 3696 Christum,
2957 3629 3148 3684 Filium
3187 3631 3302 3698 Dei,
3335 3639 3391 3687 et
3415 3646 3474 3687 se
3505 3633 3732 3688 idolola-

2153 3723 2268 3778 trite
2298 3721 2532 3776 tradidit.

2187 3830 2268 3885 De
2298 3833 2376 3885 his
2417 3834 2502 3904 qui
2532 3832 2980 3886 incantationibus
3021 3840 3065 3889 et
3102 3833 3437 3904 phylacteriis
3461 3843 3697 3894 utuntur.

2223 3943 2500 3999 CXXXIX.
2521 3944 2672 4011 Quod
2693 3961 2803 3999 non
2827 3953 3075 4014 oporteat
3095 3946 3262 4000 sacris
3287 3946 3478 4002 oﬂiciis
3499 3947 3729 4014 deditos,

2152 4035 2238 4089 vel
2266 4034 2510 4101 clericos,
2542 4048 2726 4103 magos
2754 4045 2847 4089 aut
2874 4037 3238 4093 incantatores
3267 4037 3514 4103 existere,
3544 4051 3636 4094 aut
3657 4039 3735 4096 ra.

2154 4140 2279 4180 cere
2309 4125 2636 4196 phylacteria
2687 4143 2699 4178 :
2747 4140 2865 4194 qua:
2910 4128 3206 4180 animarum
3253 4143 3471 4182 suarum
3520 4129 3732 4186 vinculo

2153 4218 2589 4286 comprobantur.
2617 4215 2723 4271 Eos
2763 4225 2942 4271 autem
2985 4218 3077 4286 qui
3115 4218 3198 4273 his
3245 4226 3483 4284 utuntur,
3525 4221 3592 4274 ab
3621 4219 3734 4276 Ec-

2153 4308 2314 4362 clesia
2343 4309 2467 4378 pelli
2497 4308 2853 4378 prwcipimus.

2155 4418 2233 4473 De
2259 4419 2337 4472 his
2366 4420 2450 4491 qui
2485 4418 2548 4472 ab
2580 4419 2857 4494 hazreticis,
2884 4420 2962 4473 vel
2988 4418 3208 4494 udwis,
3233 4395 3530 4494 festivitatis
3557 4442 3735 4481 eorum

2723 4489 2859 4543 dona
2881 4490 3186 4558 suscipiunt.

2222 4599 2377 4654 CXL.
2401 4597 2558 4666 Quod
2584 4615 2694 4654 non
2723 4608 2978 4670 oporteat
3025 4614 3056 4652 a
3099 4598 3296 4655 Judmis
3343 4602 3424 4656 vel
3469 4602 3733 4660 haereticis

2153 4704 2362 4758 ea-quze
2389 4690 2672 4744 mittuntur
2698 4703 2922 4744 munera
2954 4687 3142 4743 festiva
3169 4691 3460 4761 suscipere,
3486 4708 3584 4748 nec
3609 4710 3732 4748 cum

2152 4780 2230 4835 eis
2260 4778 2392 4835 festa
2422 4779 2717 4835 celebrare.

2222 4890 2302 4953 De
2331 4887 2638 4944 Christianis
2683 4889 2770 4962 qui
2810 4888 3109 4944 Iudaeorum
3140 4907 3323 4961 azyma
3359 4893 3654 4962 comedunt.

2223 4980 2399 5036 CXLI.
2430 4981 2584 5046 Quod
2614 4997 2722 5037 non
2748 4988 2999 5050 oporteat
3033 4996 3223 5050 azyma
3270 4998 3301 5036 a
3350 4981 3547 5038 ludatis
3585 4986 3730 5042 acci-

2152 5087 2303 5140 pere,
2325 5082 2378 5126 et
2403 5071 2800 5126 communicare
2822 5071 3186 5140 impietatibus
3211 5087 3415 5126 eorum.

2287 5181 2363 5236 De
2391 5180 2698 5237 Christi-anis
2723 5181 3101 5236 celebrantibus
3124 5185 3257 5255 festa
3294 5187 3579 5255 gentilium.

2219 5290 2419 5346 CXLII.
2451 5290 2604 5358 Quod
2633 5307 2740 5345 non
2783 5301 3034 5362 oporteat
3079 5309 3199 5349 cum
3250 5299 3540 5363 gentilibus
3588 5300 3726 5358 festa

2146 5383 2442 5450 celebrare,
2472 5391 2527 5438 et
2569 5385 2965 5440 communicare
3011 5387 3368 5455 pravitatibus
3399 5407 3588 5447 eorum
3635 5394 3727 5464 qui

2147 5477 2260 5530 sine
2291 5475 2403 5531 Deo
2431 5484 2573 5532 sunt.

2148 5589 2224 5644 De
2252 5590 2595 5661 episcopisqui
2614 5607 2703 5644 eas
2721 5607 2834 5661 quae
2853 5592 3336 5717 [iqnttevocationes
3370 5599 3439 5650 ad
3465 5599 3717 5669 synodum

2843 5679 2891 5716 In
2915 5679 2982 5716 an
3012 5702 3026 5715 .

2843 5679 3026 5716 υιιαηι.

2214 5770 2431 5830 CXLIII.
2463 5773 2615 5841 Quod
2644 5791 2751 5830 non
2772 5785 3020 5847 oporteat
3047 5777 3328 5850 episcopos
3365 5779 3429 5835 ad
3457 5781 3721 5852 synodum
