4104 6474
322 298 426 352 169

1293 287 1516 355 CODEX
1552 297 1876 356 CANONUM
1914 297 2605 359 ECCLESIASTICOBUM.

3483 303 3587 359 170

315 415 542 462 vocatos
563 420 786 462 ommno
805 415 1187 474 contemnere,
1216 407 1310 462 scd
1334 409 1578 477 protinus
1604 409 1708 472 ire,
1739 417 1792 464 et
1811 409 1903 463 do-
1931 413 1981 472 Α
2006 408 2128 465 Non
2157 412 2334 466 debsre
2383 415 2437 467 in
2486 413 2668 467 diebus
2699 414 3025 484 jejuniorum
3073 423 3589 478 commemoratione:

313 511 466 561 cere,
491 495 579 550 vel
625 495 838 552 discere
864 511 930 550 ea
970 512 1090 566 qua:
1123 497 1192 552 ad
1225 500 1618 552 correctionem
1653 498 1908 555 Ecclesia:

313 586 402 640 vel
435 585 764 654 reliquarum
799 586 1074 656 pertinent
1111 602 1309 641 rerum.
1351 585 1598 657 Seipsum
1635 602 1785 654 vero,
1816 588 1911 656 qui

312 677 732 747 contempserit,
759 677 1062 744 accusabit,
1095 676 1197 733 nisi
1225 677 1364 734 forte
1407 692 1505 748 per
1539 677 1910 746 aegritudinem

314 769 400 826 Ire
418 785 526 824 non
548 768 740 838 possit.

315 858 478 926 Quod
520 862 634 914 sine
682 859 872 914 litteris
908 875 1060 914 sacro
1109 859 1395 913 ministerio
1433 861 1708 914 servientes
1748 857 1911 930 proﬁ-

852 931 979 984 cisci
1005 946 1109 985 non
1137 930 1374 984 debeant.

389 1019 616 1076 CXLIV.
647 1020 802 1088 Quod
840 1035 948 1076 non
984 1027 1236 1090 oporteat
1253 1019 1612 1086 sacerdotem,
1637 1019 1724 1074 vel
1748 1018 1912 1077 cleri-

317 1127 472 1178 cum,
499 1113 618 1167 sine
640 1111 839 1166 litteris
867 1110 1134 1180 prolicisci
1162 1109 1452 1165 canonicis.

318 1199 479 1266 Quod
507 1211 695 1271 praeter
722 1203 1016 1272 episcopum
1053 1201 1268 1255 clericus
1291 1202 1552 1271 proﬁcisci
1575 1217 1679 1256 non
1704 1202 1906 1255 debeat.

395 1288 604 1344 CXLV.
635 1288 792 1356 Quod
833 1306 939 1345 non
977 1298 1229 1359 oporteat
1255 1291 1615 1358 sacerdotem,
1637 1291 1724 1346 vel
1755 1291 1916 1347 cleri-

317 1394 472 1448 cum,
501 1390 696 1450 praeter
719 1368 1122 1448 jussionem'sui
1148 1380 1413 1451 proﬁcisci
1443 1382 1728 1451 pontiﬁcis.

610 1470 680 1525 Ut
704 1471 1009 1532 subdiaconi
1029 1471 1099 1525 ad
1127 1474 1262 1527 ostia
1289 1483 1630 1543 perseverent.

397 1558 624 1614 CXLVI.
657 1559 814 1626 Quod
865 1577 976 1617 non
1026 1571 1280 1632 oporteat
1311 1564 1688 1633 subdiaconos,
1721 1567 1910 1623 saltem

323 1650 628 1722 paululum,
655 1651 866 1720 januasr
880 1651 1149 1719 deserere,
1173 1661 1230 1707 et
1257 1654 1488 1709 orationi
1518 1670 1728 1711 vacare.

514 1738 582 1793 Ut
610 1740 680 1793 ad
704 1741 994 1794 sacrarium
1031 1742 1270 1796 mulieres
1311 1759 1417 1798 non
1455 1745 1733 1800 introeant.

401 1832 651 1888 CXLVII.
694 1834 850 1900 Quod
895 1851 1006 1890 non
1061 1843 1313 1905 oporteat
1342 1837 1548 1906 ingredi
1569 1839 1821 1895 mulieros
1849 1841 1917 1898 ad

324 1921 526 1977 altare.

326 2009 413 2065 De
464 2010 542 2065 his
581 2012 667 2083 qui
719 2013 859 2066 circa
900 2013 1125 2095 mediam
1159 2015 1501 2138 se‘ptimanam
1544 2016 1614 2070 ad
1654 2016 1910 2090 baptisma

1011 2101 1196 2138 uemun
1227 2124 1240 2137 .
1493 2119 1498 2132 .

1011 2101 1240 2138 ueniunt.

401 2171 672 2228 CXLVIII.
699 2174 852 2240 Quod
897 2191 1005 2229 non
1048 2184 1299 2246 oporteat
1326 2177 1394 2232 ad
1432 2178 1694 2248 baptisma
1723 2195 1915 2248 quem-

325 2273 495 2330 quam
523 2271 646 2334 post
669 2263 802 2318 duas
821 2263 1256 2334 Quadragesima:
1287 2266 1651 2324 hebdomadas
1677 2271 1908 2325 admitti.

697 2375 776 2429 De
803 2376 1090 2431 redditione
1118 2377 1564 2447 baptizandorum.

400 2463 630 2519 CXLIX.
657 2464 812 2532 Quod
863 2475 1112 2537 oporteat
1141 2484 1236 2524 eos
1264 2471 1355 2539 qui
1393 2473 1462 2526 ad
1505 2473 1771 2543 baptisma
1821 2491 1916 2531 ve-

325 2555 486 2611 niunt
513 2557 671 2612 ﬁdem
701 2558 927 2624 discere,
960 2567 1016 2614 et
1043 2561 1229 2629 quinta
1274 2561 1410 2618 feria
1455 2569 1772 2636 septimana:
1799 2584 1915 2624 ma-

323 2646 461 2719 ioris
486 2649 740 2720 episcopo
762 2655 856 2702 aut
886 2650 1219 2720 presbyteris
1246 2653 1491 2708 reddere.

580 2761 658 2816 De
687 2763 766 2818 his
793 2765 878 2834 qui
907 2765 962 2818 in
991 2766 1300 2836 (egritudine
1320 2767 1666 2838 baptizantnr.

2575 496 2859 555 martyrum
2881 486 3018 554 ﬁeri.

2079 597 2256 652 CLIV.
2286 599 2439 666 Quod
2472 615 2580 655 non
2610 606 2860 668 oporteat
2897 599 2949 652 in
2979 599 3400 671 Quadragesima
3447 617 3595 660 mar-

2012 697 2186 759 tyrum
2214 690 2454 743 natalitia
2483 690 2764 755 celebrari,
2793 690 2886 745 sed
2915 705 3102 746 eorum
3142 703 3332 749 sancta
3362 709 3596 750 comme-

2011 780 2241 833 moratio
2272 781 2324 833 in
2349 780 2537 836 diebus
2576 781 2924 837 sabbatorum
2953 793 3008 837 et
3041 783 3432 839 dominicorum
3473 785 3590 842 ﬁeri

2011 873 2316 926 conveniat.

2016 975 2084 1034 Ut
2113 984 2354 1036 natatitia
2390 984 2468 1038 uel
2498 985 2692 1054 nuptite
2731 987 2785 1038 in
2828 983 3242 1059 Quadragesima
3289 1005 3393 1043 non
3430 991 3590 1060 ﬁant.

2082 1094 2234 1149 CLV.
2257 1088 2419 1161 .Quo‘d
2475 1112 2582 1151 non
2628 1106 2878 1166 oporteat
2924 1098 2978 1152 in
3023 1096 3460 1167 Quadragesima,
3501 1111 3596 1156 aut

2014 1189 2247 1258 nuptias,
2274 1197 2364 1242 aut
2395 1190 2632 1244 natalitia
2654 1189 2912 1247 celebrar.

2199 1300 2267 1354 Ut
2291 1303 2346 1354 in
2374 1299 2788 1356 Christianorum
2809 1318 2911 1356 non
2943 1305 3162 1358 saltetur
3185 1306 3406 1374 nuptiis.

2082 1391 2254 1448 CLVI.
2275 1392 2429 1459 Quod
2451 1409 2557 1448 non
2585 1401 2835 1462 oporteat
2854 1394 3186 1449 Christianos
3210 1402 3398 1449 euntes
3415 1395 3481 1449 ad
3498 1410 3597 1448 nu-

2013 1486 2154 1557 ptias
2175 1485 2454 1555 plaudere,
2481 1486 2568 1540 vel
2593 1485 2812 1548 saltare,
2866 1486 2965 1542 sed
2991 1485 3369 1541 venerabiliter
3409 1501 3597 1542 omna-

2013 1593 2091 1644 re,
2105 1578 2187 1631 vel
2219 1578 2506 1647 prandere,
2532 1579 2669 1633 sicut
2692 1577 3026 1633 Christianos
3053 1577 3226 1634 decet.

2094 1685 2218 1740 Non
2246 1687 2400 1741 licere
2425 1687 2624 1740 clericis
2652 1686 2866 1740 ludicris
2901 1686 3209 1757 spectaculis
3246 1689 3512 1742 interesse.

1941 1769 1988 1829 Β
2081 1775 2278 1830 CLVII.
2313 1775 2465 1842 Quod
2497 1792 2606 1830 non
2627 1783 2875 1846 oporteat
2901 1775 3227 1840 sacerdotes,
3252 1785 3346 1830 aut
3373 1777 3596 1832 clericos

2015 1867 2423 1937 quibuscunque
2470 1868 2809 1939 spectaculis,
2843 1869 2895 1922 in
2939 1869 3127 1933 cci-nis,
3157 1877 3251 1921 aut
3291 1869 3344 1922 in
3375 1871 3596 1938 nuptiis,

2015 1959 2278 2014 interesse
2309 1977 2321 2012 :
2353 1959 2448 2014 sed
2468 1969 2757 2029 antequam
2783 1960 3058 2030 thymelici
3088 1959 3472 2027 ingrediantur,
3497 1976 3596 2015 ex-

2014 2065 2236 2120 surgere
2264 2067 2360 2107 eos
2387 2053 2657 2118 convenit,
2682 2061 2843 2121 atque
2872 2051 2995 2106 inde
3025 2051 3302 2107 discedere

2017 2161 2142 2218 Non
2193 2179 2471 2234 congruere
2522 2164 2724 2246 penitus
2775 2162 3087 2217 Christianis
3137 2162 3596 2217 comessationibus

2677 2243 2942 2288 interesse.

2086 2323 2306 2380 CLVIII.
2339 2325 2494 2400 Quod
2540 2340 2648 2380 non
2692 2332 2942 2395 oporteat
2969 2323 3299 2391 sacerdotes,
3329 2331 3422 2378 aut
3443 2323 3599 2378 cleri-

2017 2431 2112 2471 cos
2155 2431 2221 2471 ex
2252 2415 2465 2469 collatis
2491 2415 2578 2469 vel
2623 2414 3107 2470 comessationibus
3161 2415 3406 2468 convivia
3452 2413 3598 2469 cele-

2017 2506 2205 2571 brare;
2238 2507 2342 2560 hoc
2370 2515 2547 2559 autem
2577 2519 2676 2558 nec
2703 2504 2856 2558 Iaicis
2885 2519 3044 2573 posse
3074 2517 3391 2570 congruere.

2020 2618 2144 2676 Non
2182 2620 2334 2674 licere
2359 2617 2681 2689 presbyteris
2711 2617 2930 2689 introire
2957 2614 3026 2667 ad
3072 2615 3242 2666 altare
3261 2655 3276 2680 ,
3299 2614 3596 2683 priusquam

2479 2684 2807 2757 ingrediatur
2850 2684 3138 2754 episcopus.

2091 2779 2268 2837 CLIX.
2302 2779 2454 2845 Quod
2497 2793 2606 2833 non
2651 2782 2902 2846 oporteat
2950 2773 3297 2844 presbyteros
3319 2783 3443 2827 ante
3472 2787 3596 2842 pro-

402 2854 508 2908 CL.
534 2855 688 2922 Quod
717 2866 974 2926 oporteat
1016 2874 1110 2914 eos
1164 2861 1256 2930 qui
1305 2861 1358 2915 in
1403 2863 1717 2930 aegritudine
1742 2867 1919 2934 perci-
2021 2873 2321 2928 cessionem
2385 2867 2622 2938 episcopi
2674 2865 2896 2919 introire
2937 2863 3232 2918 sacrarium
3285 2870 3341 2916 et
3387 2862 3598 2926 sedere,

323 2946 484 3016 piunt
508 2945 799 3016 baptisma,
831 2955 1115 3019 postquam
1164 2951 1554 3018 convaluerint,
1585 2952 1743 3008 ﬁdem
1788 2971 1916 3026 per-

322 3034 559 3103 discere,
593 3043 649 3091 et
676 3037 816 3091 scire
845 3036 997 3106 cujus
1041 3039 1280 3095 muneris
1326 3041 1615 3111 participes
1633 3043 1758 3098 facti
1787 3045 1914 3103 sint.

654 3152 723 3207 Ut
747 3163 864 3225 post
903 3154 1159 3225 baptisma
1178 3158 1400 3211 chrisma
1425 3158 1593 3212 detur.

392 3238 529 3296 CLI.
564 3243 719 3309 Quod
775 3254 1024 3315 oporteat
1078 3262 1174 3304 eos
1226 3249 1318 3317 qui
1372 3237 1741 3318 baptizantur,
1792 3263 1914 3324 post

323 3332 625 3397 lavacrum,
651 3333 882 3389 chrisma
904 3336 1123 3392 caeleste
1144 3339 1436 3409 percipere.
1458 3348 1512 3394 et
1539 3342 1688 3411 regni
1717 3342 1913 3399 Christi

321 3422 615 3493 participes
644 3424 890 3480 inveniri.

390 3535 696 3593 Oblationes
717 3539 894 3607 oﬁ'erri
917 3542 971 3594 in
996 3538 1411 3615 Quadragesima
1449 3561 1554 3600 non
1582 3556 1834 3616 oportere.

388 3626 546 3684 CLII.
577 3629 735 3696 Quod
787 3647 897 3687 non
943 3642 1191 3702 oporteat
1235 3636 1289 3690 in
1336 3635 1787 3707 Quadragesima,
1816 3658 1912 3712 pa-

318 3733 445 3774 nem
471 3719 864 3776 benedictionis
901 3721 1084 3779 oﬁerri
1133 3725 1186 3778 in
1239 3726 1464 3782 sabbato
1518 3737 1574 3782 et
1619 3729 1906 3786 dominico.

315 3825 445 3884 Non
492 3829 682 3886 debere
709 3832 972 3903 jejunium
1011 3835 1140 3915 solui
1180 3839 1236 3891 in
1283 3839 1466 3908 quinta
1517 3840 1651 3910 feria
1697 3843 1910 3912 majoris

957 3914 1278 3975 septimanae.

384 3989 564 4045 CLIII.
597 3991 756 4059 Quod
810 4010 920 4050 non
977 4006 1231 4065 Oporteat
1278 4000 1331 4053 in
1381 4000 1820 4073 Quadragesima,
1853 4007 1910 4062 in

312 4085 508 4141 ultima
535 4089 836 4156 septimana
853 4089 1051 4158 quinta:
1074 4089 1220 4146 feria:
1241 4094 1257 4112 ‘
1274 4091 1535 4162 jejunium
1566 4098 1795 4162 solvere,
1821 4106 1908 4154 to-

310 4185 537 4244 tamque
564 4177 1044 4249 Quadragcsimam
1095 4183 1212 4237 sine
1264 4187 1614 4242 veneratione
1654 4189 1907 4258 transire,

309 4267 594 4336 magisque
614 4271 900 4325 conveniat
919 4287 1133 4327 omnem
1154 4273 1635 4344 Quadragesimam
1656 4278 1904 4336 districto

310 4359 565 4412 venerari
590 4359 817 4428 jejunio.

2021 2961 2116 3018 sed
2168 2977 2288 3016 cum
2338 2959 2593 3029 episcopo
2623 2957 2819 3011 debent
2848 2954 3076 3022 ingredi,
3106 2954 3193 3008 vel
3233 2952 3285 3007 in
3333 2953 3599 3008 subselliis

2023 3052 2232 3117 sedere,
2264 3051 2366 3106 nisi
2397 3047 2618 3104 forsitan
2649 3046 2960 3100 inﬁrmitate
2979 3045 3302 3111 detineatur,
3325 3053 3417 3098 aut
3437 3043 3602 3114 proﬁ-

1945 3137 1993 3199 C
2023 3145 2258 3200 ciscatur
2281 3143 2583 3212 cpiscopus.

2097 3255 2200 3321 Qui
2220 3257 2273 3310 in
2303 3255 2445 3326 agris
2475 3256 2551 3308 rel
2578 3252 2984 3323 possessionibus
3009 3251 3226 3308 debeant
3264 3253 3521 3308 ordinari.

2093 3344 2248 3401 CLX.
2275 3345 2427 3412 Quod
2457 3361 2563 3400 non
2581 3351 2829 3414 oporteat
2845 3344 2896 3398 in
2919 3344 3114 3399 villulis
3137 3351 3228 3398 aut
3250 3344 3301 3397 in
3325 3344 3465 3411 agris
3485 3343 3600 3414 cpi-

2019 3455 2214 3509 scopos
2230 3438 2506 3506 constitui,
2529 3437 2621 3492 sed
2642 3437 2967 3492 visitatores.
2981 3435 3362 3492 Verumtamen
3373 3435 3600 3505 jampri-

2021 3530 2142 3585 dem
2165 3530 2436 3586 constituti
2463 3527 2593 3582 nihil
2615 3527 2813 3582 I'aciant
2855 3526 3460 3598 prmter'conscientiam
3487 3528 3600 3596 cpi-

2021 3623 2169 3689 sc0pi
2181 3619 2411 3673 civitatis
2427 3637 2439 3685 ;
2453 3619 2698 3672 similiter
2709 3626 2762 3672 et
2773 3618 3090 3688 presbyteri,
3106 3624 3300 3687 prrcter
3314 3615 3597 3671 consilium

1999 3709 2254 3781 episcopi
2286 3710 2414 3764 nihil
2439 3719 2618 3778 agant.

2173 3820 2472 3876 Oblationes
2497 3821 2675 3890 oﬁ‘erri
2701 3823 2755 3876 iu
2779 3819 3011 3875 domibus
3040 3835 3143 3874 non
3173 3827 3429 3889 oportere.

2087 3912 2266 3970 CLXI.
2298 3913 2453 3980 Quod
2508 3928 2618 3968 non
2663 3919 2914 3982 oporteat
2941 3911 2993 3965 in
3023 3909 3268 3964 domibus
3297 3908 3600 3964 oblationes

2016 4005 2280 4062 celebrari
2304 4005 2370 4059 ab
2399 4003 2668 4074 episcopis
2689 4043 2704 4068 ,
2738 4003 2822 4058 vel
2852 4001 3195 4072 presbyteris.

2123 4094 2250 4159 Qum
2278 4093 2497 4164 psallere
2525 4095 2599 4146 vel
2628 4092 2794 4164 legere
2837 4093 2893 4144 in
2938 4090 3164 4144 ecclesiis
3195 4090 3480 4143 conveniat.

2083 4184 2284 4240 CLXII.
2315 4183 2469 4250 Quod
2519 4198 2626 4237 non
2673 4188 2924 4251 oporteat
2977 4177 3216 4250 plebeios
3270 4178 3509 4248 psalmos
3538 4176 3593 4230 in

2015 4277 2242 4334 ecclesia
2273 4285 2514 4340 cantare,
2546 4290 2649 4329 nec
2678 4273 2864 4341 libros,
2897 4280 3090 4342 przcter
3118 4285 3403 4337 canonem,
3434 4270 3535 4339 legi
3577 4287 3592 4324 :

2019 4369 2113 4426 sed
2127 4369 2240 4426 sola
2263 4382 2420 4424 sacra
2440 4367 2713 4422 volumina
2732 4363 2867 4419 Novi
2888 4362 3236 4427 Testamenti,
3260 4361 3591 4419 velVeteris.

313 4479 3572 4508 ____._.__________________________________________.

1245 4543 1588 4606 REGULIE
1649 4541 2648 4609 CONSTANTINOPOLITANIE.

379 4693 498 4751 Sub
511 4693 826 4796 I'l‘heodosio
846 4698 1088 4770 piissimo
1119 4699 1446 4772 imperatore
1469 4705 1612 4775 apud
1637 4703 1904 4762 Constan-

2011 4746 2127 4787 eam
2171 4729 2377 4785 Iirmam
2403 4737 2458 4785 et
2496 4729 2775 4796 stabilem;
2805 4737 2860 4784 et
2888 4731 3443 4786 anathematizandam
3473 4747 3586 4787 om-

299 4785 600 4853 tinopolim
645 4789 873 4856 expositi
915 4797 1040 4842 sunt
1074 4806 1308 4847 canones
1339 4803 1467 4850 tres.
1501 4796 1607 4850 Hro-
1630 4796 1903 4852 deﬁnitio-

296 4891 410 4932 nes
437 4877 700 4945 expositae
725 4886 850 4932 sunt
892 4879 960 4934 ab
987 4881 1256 4952 episcopis
1284 4883 1406 4951 I50,
1437 4887 1528 4954 qui
1569 4887 1624 4940 in
1670 4887 1901 4956 idipsum

295 4967 452 5038 apud
479 4966 1010 5040 Constantinopolim
1047 4985 1434 5044 convenerunt,
1465 4978 1679 5047 quando
1713 4980 1902 5035 beatus

293 5059 596 5116 Nectarius
622 5062 911 5133 episcopus
942 5073 1029 5119 est
1056 5065 1354 5122 ordinatus.

295 5159 375 5216 Ut
424 5176 483 5213 ea
548 5177 662 5231 qua:
715 5162 854 5232 apud
909 5161 1149 5218 Nicwam
1193 5169 1471 5222 constituta
1519 5179 1639 5222 sunt
1681 5170 1894 5225 immota

368 5241 822 5305 permaneantiet
862 5233 928 5305 de
963 5235 1298 5305 anathemate,
1331 5239 1668 5305 Arianorum,
1712 5240 1894 5295 Euno-

365 5301 687 5374 mianorum,
720 5301 1240 5374 Macedonianorum,
1273 5301 1714 5374 Sabellianorum,
1747 5309 1894 5364 Plio-

365 5371 713 5434 tinianorum,
764 5370 1235 5429 Marcellianorum'
1269 5387 1318 5429 et
1354 5370 1889 5448 Apollinarianorum.

365 5457 599 5513 CLXIII.
641 5459 827 5515 Fidem
883 5479 993 5517 non
1043 5465 1345 5521 violandam
1389 5467 1608 5524 Patrum
1662 5469 1768 5524 518
1804 5470 1896 5538 qui

2011 4837 2132 4877 nem
2191 4822 2474 4890 hieresim,
2542 4829 2599 4876 et
2644 4822 2952 4891 specialiter
2996 4821 3452 4878 Eunomianorum
3506 4825 3588 4879 vel

2008 4915 2452 4981 Anomianorum,
2486 4922 2541 4969 et
2571 4914 2891 4969 Arianorum
2916 4915 3002 4970 vel
3051 4914 3505 4974 Eudoxianorum.
3534 4926 3588 4971 et

2006 5005 2515 5062 Macedonianorum
2555 5005 2640 5058 vel
2682 5003 2903 5074 Spiritui
2959 5013 3147 5060 sancto
3203 5005 3581 5075 resistentium,

2007 5104 2062 5150 et
2089 5094 2534 5160 Sabellianorum,
2567 5101 2622 5149 et
2642 5093 3122 5161 Marcellianorum,
3155 5103 3208 5149 et
3240 5092 3580 5150 Photiniano-

2005 5202 2146 5252 rum,
2176 5195 2232 5242 et
2263 5184 2804 5255 Apollinarianorum.

1999 5306 2076 5361 De
2121 5308 2302 5380 ordine
2361 5307 2683 5380 singularum
2709 5307 3052 5380 _diteces_eon,
3095 5314 3170 5380 et__
3196 5306 3580 5380 de‘priuilegiis

2065 5395 2180 5500 Zur:
2201 5376 2274 5499 11:3
2280 5375 2488 5448 gyptiis,
2512 5377 2842 5431 Antiocltenis
2889 5375 3580 5450 Constantinopolitanisque

2107 5466 2132 5500 ε
2168 5465 2230 5501 en
2256 5465 2337 5501 ur.

282 5549 444 5622 apud
487 5549 719 5605 Nicaeam
767 5551 1030 5623 Bithynia:
1076 5567 1491 5626 convenerunt,
1541 5561 1637 5616 sed
1677 5576 1897 5617 manere
2070 5557 2290 5614 CLXIV.
2333 5557 2434 5626 Qui
2462 5568 2587 5616 sunt
2612 5575 2772 5630 super
2792 5558 3064 5615 dioecesim
3095 5557 3351 5630 episcopi,
3377 5575 3578 5630 nequa-

366 5685 388 5703 θ
419 5681 730 5767 Legendum
759 5684 957 5739 ultimm
985 5690 1287 5757 septimana:
1315 5691 1492 5760 quinta
1523 5693 1671 5762 feria.
1708 5693 1973 5749 Caeterum
2015 5698 2193 5748 textus
2236 5692 2397 5761 hujus
2437 5693 2640 5751 codicis
2690 5709 2836 5766 smpe
2884 5711 3078 5767 magna
3119 5695 3448 5754 obscuritate
3500 5697 3576 5752 la-

285 5757 478 5813 borat.
511 5751 664 5806 Enn.

549 5847 828 5908 Psnon.
877 5849 1138 5910 LXVII.
1903 5929 1908 5933 _
3016 5858 3052 5918 6
