4104 6464
488 255 574 310 ΙἨ
639 267 644 272 ·

1761 253 2115 310 DIONYSIUS
2154 254 2469 311 EXIGUUS.

3657 261 3762 316 179

478 382 640 438 quant
663 365 733 422 ad
771 364 1039 424 Ecclesias
1067 381 1185 436 quae
1211 373 1340 422 sunt
1364 372 1516 421 extra
1547 363 1797 438 praefixos
1828 367 1930 423 sibi
1954 375 2066 422 ter-
2097 377 2142 431 Α
2174 383 2312 423 ciam
2362 369 2531 439 ipsrus
2560 369 2849 439 provincia:
2888 369 3128 441 synodus
3151 370 3448 441 dispenset,
3480 373 3618 430 sicut
3664 375 3760 430 bii-

479 459 655 514 minos
677 456 963 526 accedant,
986 471 1087 512 nec
1115 471 1208 512 eas
1234 457 1339 512 hac
1369 457 1792 528 praesumptione
1835 457 2067 512 confun-

479 546 612 602 dant
629 563 643 601 :
660 545 776 614 sed,
794 545 948 615 juxta
969 560 1226 611 canones,
1255 545 1654 602 Alexandrinus
1681 548 1928 614 antistes,
1951 560 2069 616 qua:

481 647 609 694 sunt
643 637 696 692 in
727 636 962 710 Egypto
991 645 1144 705 regat
1171 637 1539 704 solummodo,
1571 647 1628 694 et
1674 638 1912 695 Orientis
1957 640 2074 710 epi-

481 729 631 802 scopi
657 726 934 795 Orientem
981 735 1192 784 tantum
1232 729 1556 798 gubernem,
1597 731 1827 787 servatis
1851 731 2071 801 privile-

482 820 582 890 giis
631 833 752 889 quas
793 818 1022 873 Nicaenis
1065 820 1368 874 canonibus
1419 819 1674 876 Ecclesia:
1723 821 2073 876 Antiochense

484 913 684 969 tributa
727 919 870 967 sunt.
902 909 1116 966 Asiana:
1162 927 1380 982 quoque
1408 913 1708 968 dimceseos
1736 913 1976 985 episcopi
2008 928 2072 967 ea

483 1006 656 1060 solum
687 1018 806 1074 quae
833 1012 957 1058 sunt
997 1005 1050 1058 in
1079 1003 1282 1060 Asiana
1324 1005 1546 1062 dioecesi
1582 1007 1914 1077 dispensent.
1966 1007 2076 1062 Nec

484 1109 592 1148 non
621 1100 677 1148 et
703 1090 862 1148 Ponti
890 1093 1134 1164 episcopi
1164 1108 1228 1149 ea
1253 1103 1460 1150 tantum
1485 1111 1606 1165 quae
1627 1105 1752 1151 sunt
1779 1098 1834 1152 in
1877 1095 2070 1162 Ponto,

484 1191 540 1238 et
593 1181 950 1241 Thraciarum
997 1195 1118 1251 qua:
1171 1183 1224 1237 in
1267 1181 1516 1239 Thraciis
1582 1191 1709 1239 sunt
1753 1185 2072 1252 gubernem.

485 1273 602 1328 Non
630 1273 810 1328 vocati
838 1281 1020 1329 autem
1042 1272 1285 1346 episcopi
1329 1275 1470 1330 ultra
1493 1291 1646 1330 suam
1669 1275 1944 1331 dimcesim
1969 1291 2074 1331 non

484 1365 770 1427 accedant,
793 1373 1017 1436 propter
1043 1365 1421 1425 ordinationes
1449 1367 1726 1423 faciendas
1749 1368 1835 1422 vel
1857 1376 2078 1438 prepter

486 1456 621 1511 alias
644 1455 1080 1526 dispensationes
1099 1456 1516 1512 ecclesiasticas.
1539 1456 1768 1512 Servata
1786 1472 1917 1511 vero
1958 1471 2078 1526 qua:

488 1546 687 1615 scripta
732 1553 816 1599 est
857 1543 925 1600 de
969 1545 1452 1614 gubernationibus
1499 1547 1709 1617 regula,
1736 1549 2076 1603 manifestum

489 1644 571 1690 est
598 1633 746 1706 quod
795 1634 886 1691 illa
934 1649 1058 1705 qua
1093 1644 1220 1692 sunt
1248 1653 1345 1707 per
1381 1653 1816 1711 unamquamque
1859 1641 2079 1710 provin-

2172 475 2322 517 canto
2362 469 2577 517 constat
2610 461 2884 518 decretum
2921 478 3041 520 esse
3067 463 3324 519 concilio.
3355 462 3630 521 Ecclesias
3657 482 3759 520 au-

2174 560 2281 608 tem
2311 554 2408 609 Dei
2435 555 2488 608 in
2514 554 2810 610 barbaricis
2844 555 3095 623 gentibus
3119 557 3442 611 constitutas
3464 556 3762 624 gubernari

2172 645 2444 712 convenit,
2471 645 2624 715 juxta
2662 647 3141 716 consuetudinem,
3167 662 3288 716 quae
3316 657 3400 704 est
3437 664 3468 702 a
3509 647 3764 705 Patrihus

2174 734 2482 789 observata.
2533 734 2918 791 Verumtamen
2967 735 3594 808 Constantinopolitanae
3640 740 3763 810 epi-

2175 837 2371 895 sc0pus
2423 825 2620 880 habeat
2671 826 2894 882 honoris
2939 827 3229 898 primatum
3282 836 3406 899 post
3454 829 3764 886 Romanqu

2175 915 2488 986 episcopum
2533 934 2546 969 :
2591 926 2880 988 propterea
2929 918 3074 986 quod
3122 919 3253 976 urbs
3303 921 3418 990 ipsa
3469 920 3540 976 sit
3577 920 3766 990 junior

2177 1003 2370 1060 Roma.

2503 1095 2584 1150 De
2611 1095 2842 1152 Maximi
2867 1099 3054 1153 illicita
3081 1100 3427 1155 ordinatione.

2247 1185 2447 1243 CLXV.
2463 1187 2540 1243 De
2555 1187 2788 1245 Maximo
2804 1188 3026 1260 Cynico,
3042 1197 3098 1245 et
3109 1189 3223 1259 ejus
3238 1191 3540 1246 inordinata
3555 1191 3766 1247 consti-

2177 1277 2407 1341 tutione,
2431 1293 2551 1348 quae
2570 1276 3038 1349 Constantinopoli
3065 1278 3202 1334 facta
3229 1289 3333 1344 est,
3360 1279 3562 1349 placuit
3587 1294 3768 1348 neque

2177 1367 2467 1424 Maximum
2499 1371 2811 1440 episcopum
2844 1386 2982 1436 esse,
3011 1371 3096 1426 vel
3127 1372 3306 1436 fuisse,
3339 1388 3439 1428 nec
3467 1388 3561 1428 eos
3581 1374 3670 1441 qui
3695 1372 3767 1427 ab

2179 1458 2320 1528 ipso,
2352 1459 2406 1512 in
2447 1461 2689 1530 quolibet
2725 1460 2917 1528 gradu,
2948 1459 3135 1515 clerici
3187 1470 3313 1516 sunt
3352 1461 3606 1525 ordinati,
3638 1441 3767 1515 cuin

2181 1547 2360 1602 omnia
2409 1563 2529 1618 quae
2574 1549 2642 1603 ab
2680 1549 2875 1604 eodem
2928 1558 3240 1621 perpetrata
3289 1557 3413 1604 sunt
3454 1551 3508 1605 in
3555 1551 3768 1605 irritum

2180 1637 2409 1694 deducta
2439 1653 2560 1696 esse
2586 1639 2888 1694 videantur.

493 1745 3711 1776 WW

1485 1817 1829 1880 REGULJE
1861 1819 2494 1883 ECCLESIASTICJE
2533 1819 2773 1880 XXVII

1299 1935 1734 1980 PROMULGATB
1791 1937 1826 1979 Δ
1863 1937 2385 1982 CHALCBDONENSI
2441 1935 2680 1982 SANCTO
2725 1935 3036 1982 CONCILIO.

743 2123 822 2180 De
851 2123 1135 2179 canonibus
1163 2123 1569 2193 uniuscujusque
1596 2122 1828 2178 concilii.

565 2217 607 2272 1.
646 2215 880 2285 Regulus
923 2221 1236 2270 sanctorum
1283 2211 1524 2277 Patrum,
1555 2226 1654 2281 per
1693 2210 1901 2280 singula
1943 2225 2087 2266 nunc

495 2321 666 2377 rsque
701 2303 932 2362 concilia
960 2303 1298 2366 constitutas,
1333 2301 1610 2373 pr0prium
1643 2299 1808 2355 robur
1836 2300 2088 2356 obtinere

497 2398 852 2458 decrevimus.

497 2540 651 2610 Quod
683 2556 786 2596 non
827 2543 1062 2610 oporteat
1089 2536 1386 2610 episcopos,
1420 2541 1511 2610 aut
1547 2529 1821 2610 quemlibet
1849 2545 1914 2584 ea:
1950 2529 2088 2584 clero

966 2623 1057 2677 per
1083 2602 1331 2676 pecunias
1359 2602 1620 2658 ordinari.

566 2721 633 2778 Il.
671 2719 730 2777 Si
753 2718 874 2790 quis
901 2716 1193 2787 episcopus
1218 2729 1316 2785 per
1341 2713 1628 2784 pecuniam
1660 2711 1852 2766 fecerit
1873 2709 2089 2765 ordina-

499 2817 724 2879 tionem,
764 2820 822 2868 et
860 2811 960 2866 sub
998 2809 1176 2881 pretio
1213 2806 1487 2876 redegerit
1522 2805 1750 2876 gratiam
1769 2847 1788 2873 ,
1827 2820 1949 2874 qua:
1983 2819 2091 2860 non

499 2911 680 2976 potest
723 2900 912 2965 vendi,
961 2897 1397 2966 ordinaveritque
1434 2911 1533 2966 per
1572 2894 1831 2965 pecunias
1879 2894 2091 2964 episco-

503 3009 654 3066 pum,
684 2998 779 3048 aut
802 2989 1200 3062 presbyterum,
1229 2992 1324 3041 aut
1347 2985 1657 3049 diaconum,
1687 2984 1772 3040 vel
1799 2984 2094 3054 quemlibet

508 3106 578 3146 ex
621 3089 706 3145 his
749 3088 841 3158 qui
869 3090 1330 3158 connumerantnr
1357 3081 1412 3136 in
1441 3080 1610 3144 clero,
1641 3088 1737 3135 aut
1760 3077 2093 3150 promoverit

504 3198 602 3255 per
647 3155 906 3253 pecunias
955 3155 1406 3248 dispensatorem,
1458 3181 1554 3228 aut
1598 3171 1958 3236 defensorem,
2005 3170 2093 3224 vel

502 3287 848 3347 quemquam,
879 3270 970 3342 qui
995 3268 1272 3338 subjectus
1293 3275 1378 3322 est
1401 3266 1622 3335 regulae,
1649 3281 1750 3336 pro
1771 3280 1871 3320 suo
1894 3263 2092 3336 turpis-

501 3364 623 3422 simi
644 3363 778 3420 lucri
801 3361 1087 3418 commodo
1110 3377 1125 3412 :
1148 3359 1213 3424 is,
1241 3358 1330 3413 cui
1358 3358 1460 3413 hoc
1487 3355 1775 3412 attentanti
1805 3354 2092 3425 probatum

503 3453 682 3521 tuerit,
712 3450 918 3524 proprii
933 3448 1145 3532 .gradus
1171 3445 1414 3518 periculo
1437 3443 1756 3515 subjacebit.
1788 3442 1855 3497 Et
1883 3442 1972 3512 qui
2004 3457 2093 3496 or-

504 3511 839 3614 dinatus-est,
867 3511 1090 3594 nihilex
1109 3511 1212 3593 hac
1237 3511 1600 3601 ordinatione,
1620 3534 1710 3589 vel
1729 3511 2090 3604 promotione,
2121 3511 2165 3574 Ο

506 3649 625 3706 quae
652 3641 736 3690 est
775 3647 872 3704 per
910 3627 1337 3698 negotiationem
1381 3625 1545 3691 laeta,
1589 3623 1872 3694 proficiat:
1904 3622 1998 3677 sed
2026 3623 2096 3675 sit

503 3725 710 3780 alienus
743 3737 776 3776 a
815 3720 1100 3790 dignitate,
1128 3717 1215 3773 vel
1245 3715 1630 3794 sollicitudine,
1661 3728 1821 3783 quam
1852 3711 2095 3782 pecuniis

504 3814 765 3887 qumsivit.
801 3813 857 3868 Si
884 3811 1007 3881 quis
1035 3825 1164 3866 vero
1193 3808 1464 3864 mediator
1485 3816 1597 3860 tam
1629 3803 1876 3874 turpibus
1902 3809 1958 3856 et
1993 3817 2092 3856 ne-

505 3907 675 3963 fandis
721 3905 861 3960 datis
886 3904 972 3958 vel
1002 3902 1243 3972 acceptis
1291 3899 1565 3955 exstiterit
1593 3937 1610 3962 ,
1641 3895 1906 3967 siquidem
1935 3893 2096 3952 cleri-

505 4014 600 4054 cus
627 3997 807 4061 fuerit,
837 3994 1059 4065 proprio
1087 3991 1258 4062 gradu
1287 3990 1533 4056 decidat;
1556 3987 1602 4044 si
1631 4003 1759 4044 vero
1789 3986 1978 4053 laicus,
2003 3993 2096 4041 aut

504 4085 823 4152 monachus,
849 4082 1359 4139 anathematizetur.

507 4201 658 4265 Quod
693 4216 796 4256 non
839 4203 1089 4270 oporteat“
1113 4195 1400 4270 episcopos,
1442 4192 1659 4270 clericos
1696 4199 1746 4245 et
1785 4188 2090 4254 monachos,

924 4266 1125 4339 prmdia
1144 4263 1331 4320 aliena
1361 4263 1670 4319 conducere.

573 4380 662 4436 lll.
701 4377 956 4434 Pervenit
983 4376 1053 4431 ad
1079 4385 1327 4431 sanctam
1378 4372 1646 4446 synodum
1676 4370 1822 4441 quod
1851 4368 2096 4440 quidam,

505 4470 598 4540 qui
643 4469 700 4525 in
745 4468 893 4524 clero
939 4467 1188 4522 videntur
1233 4464 1437 4528 allecti,
1467 4470 1689 4533 propter
1730 4461 1877 4516 lucra
1919 4457 2096 4528 turpia

505 4562 868 4619 conductores
890 4559 1194 4614 alienarum
1221 4556 1628 4627 possessionum
1658 4553 1812 4618 fiant,
1839 4560 1895 4606 et
1920 4565 2092 4606 Siccu-

505 4654 643 4708 iaria
687 4651 907 4722 negotia
936 4649 1038 4706 sub
1075 4663 1208 4704 cura
1249 4662 1346 4704 sua
1391 4644 1726 4715 suscipiant:
1757 4643 1850 4697 Dei
1880 4639 2094 4711 quidem

505 4743 862 4802 ministerium
883 4740 1360 4813 parvipendentes,
1381 4736 1715 4792 saecularium
1739 4748 1869 4789 vero
1891 4733 2095 4787 discur-

503 4845 684 4892 rentes
710 4835 924 4900 domos,
953 4841 1011 4888 et
1053 4839 1274 4902 propter
1309 4829 1598 4884 avaritiam
1642 4825 2091 4897 patrimoniorum

499 4925 891 4984 sollicitudines
929 4933 1277 4979 assumcntes.
1330 4920 1578 4975 Decrevit
1623 4919 1804 4986 itaque
1847 4923 2090 4970 sanctum

501 5021 608 5076 hoc
649 5029 1011 5087 magnumque
1058 5013 1370 5078 concilium,
1417 5011 1624 5065 nullum
1673 5007 1949 5076 deinceps,
1981 5019 2089 5058 non

501 5107 836 5181 episcopum,
868 5119 977 5160 non
1021 5103 1297 5168 clericum,
1329 5101 1416 5157 vel
1458 5099 1809 5162 monachum,
1839 5103 1931 5150 aut
1961 5110 2090 5165 pos-

500 5203 773 5260 sessiones
822 5197 1130 5255 conducere
1152 5235 1169 5262 ,
1219 5203 1314 5249 aut
1361 5194 1592 5264 negotiis
1637 5188 1985 5247 saecularibus
2031 5201 2090 5242 se

500 5292 750 5358 miscere,
805 5297 1004 5362 prteter
1048 5286 1410 5360 pupiliorum,
1455 5284 1500 5339 si
1544 5281 1686 5337 forte
1729 5279 1876 5346 leges
1916 5277 2091 5346 impo-

501 5391 651 5446 nant,
681 5377 1104 5436 inexcusabilem
1152 5389 1358 5436 curam,
1393 5381 1486 5427 aut
1529 5369 1761 5426 civitatis
1800 5366 2088 5438 episcopus

500 5470 991 5530 ecclesiasticarum
1035 5482 1216 5522 rerum
1257 5462 1681 5521 sollicitudinem
1710 5457 1915 5514 habere
1943 5471 2085 5526 pne-

499 5564 681 5636 cipiat,
730 5568 824 5616 aut
869 5559 1257 5631 orphanorum,
1309 5565 1366 5611 et
1409 5553 1691 5609 viduarum
1719 5591 1734 5617 ,
1791 5560 2085 5616 earumque

500 5672 620 5729 quae
657 5654 775 5709 sine
823 5651 932 5708 ulla
978 5650 1286 5722 provisione
1333 5655 1460 5704 sunt
1531 5657 1890 5718 personarum
1917 5682 1932 5708 ,
1964 5653 2085 5710 quae

503 5749 736 5806 maxime
794 5744 1164 5802 ecclesiastico
1212 5741 1453 5810 indigent
1499 5737 1809 5807 adjutorio,
1861 5739 2082 5805 propter

2111 2129 2158 2189 Β
2184 2125 2432 2180 timorem
2449 2124 2660 2181 Domini
2681 2097 2843 2180 causa
2863 2123 3139 2194 deposcat.
3160 2121 3217 2179 Si
3242 2124 3360 2193 quis
3385 2131 3562 2180 autem
3586 2134 3771 2183 trans-

2185 2216 2333 2285 gredi
2376 2215 2446 2273 de
2493 2225 2691 2272 cattero
2734 2223 2932 2271 statuta
2968 2215 3276 2280 tentavcrit,
3333 2213 3639 2284 hujusmodi
3677 2232 3774 2273 ec-

2187 2306 2507 2362 clesiasticis
2536 2304 2992 2376 increpationibus
3021 2303 3341 2373 subiacebit.

2187 2415 2266 2470 De
2299 2417 2492 2471 honore
2520 2416 2786 2470 monac/iis
2821 2424 3164 2485 competente,
3201 2424 3252 2470 et
3283 2423 3340 2469 ut
3379 2416 3552 2470 nullus
3589 2433 3773 2472 eorum

2260 2496 2417 2541 tentet
2437 2487 2785 2558 ecclesiastica
2816 2493 2902 2538 aut
2936 2486 3208 2539 swcularia
3229 2487 3516 2558 inquietare
3538 2488 3768 2558 negotia,

2258 2573 2351 2610 nec
2397 2557 2625 2610 alienum
2671 2571 2875 2609 servum
2919 2562 3110 2626 prater
3155 2557 3525 2610 conscientiam
3568 2557 3771 2611 domini

2260 2627 2370 2696 ejus
2399 2627 2679 2695 suscipere.

2259 2718 2347 2772 ιν.
2389 2716 2494 2783 Qui
2523 2731 2649 2770 vere
2699 2723 2754 2771 et
2782 2716 2991 2770 sincere
3026 2715 3354 2783 singularem
3382 2722 3660 2770 sectantur
3685 2716 3770 2768 vi-

2194 2821 2325 2879 tam,
2362 2820 2737 2882 competenter
2777 2812 3112 2865 honorentur
3146 2829 3160 2863 :
3192 2811 3447 2880 quoniam
3483 2825 3614 2866 vero
3647 2812 3773 2881 qui—

2192 2903 2337 2969 dam,
2367 2910 2582 2957 utentes
2619 2901 2805 2957 habitu
2835 2902 3111 2970 monachi,
3161 2901 3522 2958 ecclesiastica
3557 2904 3778 2973 negotia

2193 2990 2474 3062 civiliaque
2493 2993 2838 3057 conturbant,
2871 2993 3264 3047 circumeuntes
3294 2991 3659 3048 indiderenter
3683 3009 3776 3048 ur-

2191 3080 2308 3145 bes,
2340 3095 2443 3136 nec
2470 3097 2576 3135 non
2604 3089 2660 3136 et
2681 3083 3007 3136 monasteria
3042 3082 3144 3136 sibi
3188 3083 3453 3138 instruere
3479 3089 3779 3147 tentantes,

2193 3173 2397 3242 placuit
2417 3173 2618 3227 nullum
2641 3173 2856 3242 quidem
2885 3189 3110 3243 usquam
3141 3172 3411 3228 aedificare
3455 3183 3549 3229 aut
3572 3175 3777 3228 consti-

2195 3272 2349 3318 tuere
2393 3265 2800 3331 monasterium,
2842 3265 2930 3320 vel
2977 3264 3238 3320 orationis
3280 3265 3535 3328 domum,
3579 3275 3779 3335 praeter

2195 3356 2582 3411 conscientiam
2621 3356 2854 3412 civitatis
2889 3357 3146 3426 episcopi.
3181 3356 3477 3412 Monachus
3500 3371 3631 3411 vero
3675 3371 3780 3426 per

2200 3461 2634 3516 unamquamque
2675 3447 2980 3512 civitatem,
3023 3455 3116 3501 aut
3160 3447 3454 3514 regionem,
3501 3447 3782 3516 subjectos

2197 3551 2316 3592 esse
2355 3536 2635 3607 episcopo,
2659 3546 2714 3592 et
2739 3539 2998 3608 quietem-
3019 3536 3264 3604 diligere,
3301 3545 3358 3591 et
3389 3537 3630 3592 intentos
3656 3551 3782 3592 esse

2197 3627 2570 3682 tantummodo
2600 3627 2828 3697 jejunio,
2853 3636 2908 3683 et
2939 3628 3190 3694 orationi,
3219 3627 3277 3682 in
3302 3627 3435 3682 locis
3467 3627 3663 3698 quibus
3689 3643 3782 3684 re—

2198 3719 2585 3775 nuntiaverunt
2613 3721 2810 3776 saeculo
2859 3728 3260 3790 permanentes.
3299 3719 3410 3776 Nec
3444 3720 3780 3778 ecclesiasti-

2196 3811 2275 3866 cis
2302 3826 2454 3879 vero,
2476 3826 2578 3866 nec
2606 3812 2951 3868 saecularibus
2982 3813 3214 3882 negotiis
3237 3813 3658 3881 communicent,
3689 3812 3784 3869 vel

2197 3903 2252 3956 in
2281 3902 2461 3972 aliquo
2488 3903 2598 3958 sint
2625 3903 2864 3970 molesti,
2888 3906 3109 3974 propria
3154 3907 3482 3960 monasteria
3521 3904 3786 3961 deseren-

2198 4002 2280 4051 tes
2301 4037 2318 4062 ,
2347 3995 2452 4051 nisi
2490 3993 2630 4050 forte
2669 3993 2754 4049 his
2794 3995 3139 4066 praecipiatur
3165 4004 3390 4066 propter
3418 4011 3553 4065 opus
3582 4011 3785 4050 neces-

2196 4089 2396 4144 sarium
2424 4087 2492 4143 ab
2521 4087 2776 4158 episcopo
2806 4088 3058 4143 civitatis.
3103 4086 3316 4142 Nullum
3362 4102 3492 4142 vero
3535 4088 3785 4157 recipere

2195 4179 2251 4234 in
2281 4177 2626 4234 monasteriis
2659 4193 2875 4233 servum
2915 4179 3144 4233 obtentu
3176 4177 3448 4246 monachi,
3477 4187 3674 4247 prmter
3695 4177 3784 4234 sui

2195 4270 2399 4326 domini
2447 4269 2858 4326 conscientiam.
2905 4267 3414 4336 Transgredientem
3461 4283 3592 4323 vero
3640 4267 3786 4325 hanc

2195 4359 2560 4415 definitionem
2610 4367 2854 4414 nostram
2884 4358 3409 4412 excommunicatum
3438 4371 3557 4412 esse
3585 4357 3782 4412 decre-

2193 4451 2390 4519 vimus,
2441 4465 2511 4507 ne
2552 4465 2754 4505 nomen
2794 4449 2888 4504 Dei
2930 4449 3353 4520 blasphemetur.
3394 4448 3785 4504 Verumtamen

2195 4544 2506 4615 episcopum
2534 4543 2785 4599 convenit
2811 4542 3044 4599 civitatis
3077 4549 3473 4613 competentem
3502 4550 3786 4597 monaste-

2194 4637 2399 4693 riorum
2420 4635 2814 4706 providentiam
2833 4648 3042 4704 gerere.

2304 4750 2430 4808 Non
2467 4749 2940 4821 transmigrandum
2968 4749 3032 4804 de
3060 4749 3266 4803 civitate
3291 4749 3348 4802 in
3375 4748 3652 4802 ciuitatem.

2263 4853 2334 4908 νς
2363 4852 2439 4908 De
2459 4853 2541 4907 Itis
2567 4852 2658 4922 qui
2682 4849 3060 4920 transmigrant
3089 4847 3159 4905 de
3178 4849 3396 4904 civitate
3431 4848 3484 4902 in
3505 4848 3784 4906 civitatem

2197 4943 2486 5016 episcopis,
2535 4951 2628 4997 aut
2680 4940 2912 5008 clericis,
2955 4939 3155 5010 placuit
3196 4947 3257 4993 ut
3291 4953 3531 4993 canones
3571 4937 3664 5009 qui
3707 4938 3781 4994 de

2197 5036 2299 5091 hac
2327 5049 2385 5089 re
2413 5049 2444 5088 a
2488 5033 2687 5088 sanctis
2731 5030 2980 5086 Patribus
3007 5028 3191 5084 statuti
3220 5037 3350 5096 sunt
3387 5028 3623 5083 habeant
3650 5043 3781 5098 pro-

2195 5127 2366 5198 priam
2395 5124 2720 5180 firmitatem.

2305 5236 2455 5304 Quod
2479 5254 2583 5292 non
2613 5243 2844 5308 oporteat
2869 5231 3100 5288 absolute
3130 5229 3378 5304 quoslibet
3409 5227 3664 5283 ordinari.

2269 5355 2352 5412 Vl.
2397 5353 2610 5410 Nullum
2640 5353 2884 5414 absolute
2904 5348 3139 5405 ordinari
3160 5347 3359 5402 debere
3381 5345 3782 5416 presbyterum,

2197 5458 2290 5504 aut
2313 5448 2624 5512 diaconum,
2654 5460 2755 5500 nec
2781 5442 3074 5513 quemlibet
3102 5441 3157 5494 in
3183 5436 3352 5508 gradu
3375 5434 3735 5492 ecclesiastico
3762 5469 3786 5497 ,

2195 5541 2298 5597 nisi
2338 5537 2642 5611 specialiter
2679 5534 2934 5590 Ecclesiae
2969 5530 3220 5597 civitatis,
3261 5537 3356 5584 aut
3398 5524 3783 5599 possessionis,

2195 5642 2288 5690 aut
2312 5630 2572 5702 martyrii,
2606 5636 2700 5683 aut
2728 5626 3037 5682 monasterii
3063 5624 3154 5694 qui
3182 5619 3507 5678 ordinandus
3529 5627 3612 5675 est
3648 5630 3783 5687 pro-

2195 5725 2486 5780 nuntietur.
2536 5721 2636 5788 Qui
2679 5735 2810 5775 vero
2855 5718 3099 5774 absolute
3146 5714 3460 5771 ordinantur
3536 5707 3774 5765 decrevit
