4104 6464
482 217 586 276 I75

1778 225 2133 284 DIONYSIUS
2172 227 2489 290 EXIGUUS.

3665 246 3773 300 Πϋ

480 337 729 386 asserunt
770 331 911 402 apud
950 341 1193 390 sanctam
1239 336 1505 408 synodum
1548 339 1838 409 provinciae
1883 340 1952 398 de
1989 341 2074 394 his
2103 342 2148 400 A
2178 354 2301 396 cere
2358 346 2714 416 tentaverint,
2770 349 3029 418 graduum
3059 366 3280 409 suorum
3309 354 3550 425 periculo
3577 361 3764 428 subia-

478 437 700 479 movere
727 431 1024 481 certamen.
1055 425 1212 494 Quod
1239 429 1283 483 si
1315 430 1436 498 quis
1463 445 1494 484 a
1525 431 1948 502 metropolitano
1978 431 2069 486 lm-

475 511 643 582 ditur,
674 513 818 585 apud
846 515 1130 585 primatem
1159 518 1485 584 dimcescos,
1511 528 1605 576 aut
1625 521 1769 592 apud
1797 519 2068 578 Constan-

478 603 888 675 tinopolitanam
909 607 1093 664 sedem
1108 607 1406 680 judicetur,
1430 612 1571 668 sicut
1598 612 1846 682 superius
1867 613 2069 668 dictum

475 705 576 754 est.
619 695 676 753 Si
720 712 827 768 qua
871 715 1004 754 vero
1033 701 1224 757 civitas
1271 711 1543 773 potestate
1572 704 1841 774 imperiali
1870 711 2067 759 novata

473 796 575 854 est,
623 797 717 843 aut
752 789 800 844 si
827 789 1071 860 protinus
1100 791 1424 863 innovetur,
1469 794 1656 850 civiles
1683 794 2068 864 dispositiones

471 887 531 933 et
574 879 816 948 publicas
865 881 1359 939 ecclesiasticarum
1417 899 1638 954 quoque
1685 883 2066 955 parochiarum

473 970 690 1028 ordines
717 972 1134 1044 subsequantur.

746 1085 826 1140 De
851 1088 1237 1156 coniuratione,
1270 1091 1349 1144 vel
1372 1091 1790 1162 conspiratione.

539 1171 723 1232 XVIII.
775 1177 1181 1249 Conjurationis
1239 1181 1325 1237 vel
1385 1183 1801 1254 conspirationis
1860 1183 2066 1237 crimen

469 1276 524 1325 et
551 1268 618 1323 ab
647 1269 850 1325 exteris
881 1271 1090 1339 legibus
1120 1279 1205 1327 est
1234 1273 1456 1328 omnino
1489 1273 1822 1343 prohibitum
1853 1290 1866 1326 :
1897 1272 2068 1326 multo

473 1359 648 1426 magis
674 1359 779 1414 hoc
807 1359 858 1413 in
887 1359 980 1416 Dei
1012 1359 1252 1418 Ecclesia
1281 1378 1352 1417 ne
1380 1363 1493 1432 liat,
1522 1363 1820 1419 admonere
1861 1377 2067 1418 conve-

471 1449 601 1504 niet.
637 1449 694 1504 Si
724 1449 816 1518 qui
841 1465 974 1520 ergo
1004 1452 1184 1507 clerici
1231 1461 1328 1508 aut
1356 1455 1607 1509 monachi
1638 1455 1846 1524 reperti
1867 1454 2071 1510 fuerint

469 1542 842 1612 eonjurantes,
872 1551 967 1598 aut
995 1544 1393 1614 conspirantes,
1427 1553 1521 1600 aut
1548 1546 1769 1600 insidias
1803 1554 2068 1615 ponentes

474 1633 744 1705 episcopis
783 1643 878 1689 aut
914 1635 1147 1703 clericis,
1197 1636 1366 1705 gradu
1410 1636 1634 1708 pr0prio
1675 1637 1890 1708 penitus
1933 1635 2070 1705 abji-

478 1723 711 1780 ciantnr.

470 1833 625 1902 Quod
663 1845 901 1909 oporteat
950 1855 1046 1909 per
1096 1839 1395 1911 provincias
1437 1839 1514 1895 bis
1556 1840 1612 1894 in
1658 1855 1798 1895 anno
1844 1839 2066 1895 concilia

1133 1910 1408 1965 celebrari.

541 1996 677 2052 XIX.
707 1997 960 2055 Pervenit
982 1997 1052 2054 ad
1080 2014 1240 2056 aures
1268 2011 1503 2070 nostras,
1526 2000 1671 2071 quod
1699 2001 1754 2056 in
1776 2001 2067 2071 provinciis

469 2095 672 2146 statuta
710 2091 1090 2160 episcoporum
1139 2091 1368 2147 concilia
1414 2092 1637 2146 minime
1680 2091 2061 2156 celebrentur,

472 2186 528 2234 et
556 2191 623 2233 ex
649 2178 756 2234 hoc
785 2179 1016 2250 plurima
1047 2181 1389 2251 negligantur
1410 2182 1902 2237 ecclesiasticarum
1929 2197 2063 2237 cau-

471 2285 674 2338 sarum,
705 2287 827 2342 qua:
861 2274 1199 2329 correctione
1245 2274 1541 2343 indigeant.
1582 2274 1833 2330 Decrevit
1883 2274 2066 2344 itaque

473 2371 661 2418 sancta
707 2364 965 2436 synodus,
1015 2365 1311 2420 secundum
1352 2381 1591 2422 canones
1623 2365 1842 2421 Patrum
1885 2365 1970 2420 bis
2009 2365 2064 2419 in

475 2471 618 2512 anno
657 2457 944 2526 episcopos
970 2457 1023 2510 in
1069 2457 1319 2527 idipsum,
1354 2459 1406 2512 in
1437 2472 1758 2528 unaquaque
1787 2458 2062 2528 provincia

474 2547 790 2616 convenire,
842 2561 951 2616 quo
980 2549 1432 2618 metropolitanus
1460 2551 1686 2605 antistes
1727 2549 2060 2620 probaverit,

469 2649 526 2697 et.
569 2640 843 2710 corrigere
886 2639 1128 2708 singula,
1179 2641 1224 2695 si
1263 2656 1371 2710 qua
1420 2639 1668 2715 fortassis
1717 2641 2058 2696 emerserint.

470 2730 789 2800 Quicunque
819 2745 949 2785 vero
989 2745 1097 2785 non
1145 2730 1466 2787 advenerint
1515 2733 1776 2802 episcopi,
1823 2733 2064 2789 resident

470 2828 652 2874 autem
683 2819 735 2873 in
765 2820 878 2874 suis
902 2819 1234 2885 civitatibus,
1265 2820 1472 2886 ethoc,
1504 2821 1631 2875 dum
1655 2822 1709 2875 in
1739 2837 1834 2876 sua
1863 2822 2066 2878 incolu-

473 2907 660 2964 mitate
686 2908 1010 2977 conslistunt,
1059 2911 1314 2979 omnique
1344 2910 1695 2966 inexcusabili
1731 2919 1786 2967 et
1813 2927 2062 2969 necessa-

470 3002 550 3056 ria
581 3001 941 3071 occupatione
969 3002 1267 3072 probantur
1291 3003 1465 3070 liberi,
1496 3004 1734 3062 fraterno
1763 3008 2062 3077 corripian-

471 3099 560 3146 tur
587 3089 806 3146 affectu.

593 3199 747 3280 Quod
765 3205 973 3260 minime
993 3205 1206 3260 clericos
1239 3209 1607 3280 transmigrari
1636 3211 1928 3266 conveniat.

539 3271 658 3348 XX.
691 3294 929 3353 Clericos
968 3297 1024 3351 in
1061 3299 1291 3354 ecclesia
1322 3301 1712 3367 ministrantes,
1761 3306 1901 3360 sicut
1947 3305 2059 3375 jam

469 3387 867 3457 constituimus,
917 3391 969 3444 in
1003 3390 1225 3447 alterius
1267 3392 1506 3449 civitatis
1557 3397 1785 3452 ecclesia
1827 3407 2057 3456 statutos

471 3481 588 3537 licri
633 3498 740 3538 non
770 3492 988 3554 oportet
1017 3502 1029 3537 :
1063 3485 1157 3540 sed
1188 3495 1472 3542 contentos
1503 3503 1622 3543 esse
1674 3489 1730 3545 in
1759 3491 1955 3560 quibus
1994 3492 2061 3547 ab

471 3573 631 3631 initio
658 3574 964 3631 ministrare
993 3588 1330 3648 meruerunt,
1378 3582 1620 3652 exceptis
1650 3582 1756 3637 illis
1786 3583 1897 3652 qui,
1929 3600 2060 3654 pro-

474 3663 621 3734 prias
650 3663 956 3720 amittentes
1002 3668 1330 3738 provincias,
1363 3684 1428 3724 ex
1457 3673 1782 3728 necessitate
1811 3673 1877 3728 ad
1903 3675 2061 3730 aliam

468 3753 754 3810 ecclesiam
782 3758 1128 3812 transierunt.
1160 3758 1218 3814 Si
1247 3761 1367 3828 quis
1409 3769 1587 3816 autem
1632 3765 1915 3834 episcopus
1942 3777 2063 3836 post

469 3841 610 3897 hanc
652 3842 1020 3900 deﬁnitionem
1057 3849 1357 3918 susceperit
1379 3849 1632 3906 clericum
1662 3853 1727 3906 ad
1753 3853 1915 3908 alium
1945 3856 2060 3925 epi-

469 3946 697 4003 scopum
729 3936 1086 4004 pertinentem
1114 3979 1129 4004 ,
1162 3939 1361 4007 placuit
1386 3949 1441 3995 et
1480 3952 1792 4013 susceptum
1820 3954 1876 4001 et
1901 3949 2065 4002 susci-

471 4022 708 4092 pientem
740 4025 1125 4080 communione
1153 4027 1374 4096 privari,
1418 4029 1590 4087 donec
1625 4033 1673 4088 is
1719 4035 1810 4103 qui
1865 4036 2064 4105 migra-

470 4120 622 4167 verat
664 4113 896 4172 clericus
949 4115 1017 4171 ad
1047 4118 1323 4188 propriam
1359 4118 1521 4176 fuerit
1567 4137 1847 4193 regressus
1885 4127 2063 4183 eccle-

467 4217 628 4260 stam.

574 4315 656 4372 Ile
702 4335 1056 4390 episcoporum
1083 4331 1173 4376 aut
1199 4325 1503 4381 clericorum
1533 4330 1946 4388 accusatoribus.

2177 433 2395 488 cebnnt.

2177 547 2256 599 De
2283 550 2484 628 clericis
2532 556 2903 628 et.monachts
2956 558 3062 628 qui,
3091 567 3281 628 praeter
3323 564 3641 616 uoluntatem
3681 563 3767 617 sui

2246 618 2502 740 episctopi,
2545 621 2615 675 ad
2655 623 2834 679 urbem
2891 618 3102 698 reg'iant'
3131 627 3638 701 Constantinopolim
3681 651 3759 688 re-

2246 703 2370 740 mun
2401 729 2414 740 .

2245 703 2414 742 munt.

2246 776 2433 834 XXIII.
2487 780 2740 840 Pervenit
2790 787 2858 840 ad
2909 802 3068 845 aures
3126 791 3297 845 sancti
3349 794 3565 848 concilii
3615 796 3764 864 quod

2173 869 2388 938 quidam
2419 873 2618 942 clerici,
2653 885 2708 931 et
2731 880 3001 946 monachi,
3053 884 3249 951 quibus
3285 884 3360 937 nil
3391 885 3458 939 ab
3497 887 3764 956 episcopo

2173 974 2273 1014 suo
2300 965 2759 1037 oommissum_est
2783 1011 2800 1037 ,
2847 981 2930 1025 est
2955 979 3134 1027 autem
3164 974 3381 1042 quando
3420 985 3476 1030 et
3519 993 3762 1032 comnm-

2173 1050 2339 1106 nioue
2385 1055 2454 1109 ab
2482 1070 2549 1110 eo
2595 1057 2895 1126 privantur,
2945 1065 3324 1131 pervenientes
3353 1065 3420 1121 ad
3452 1068 3637 1123 urbem
3666 1085 3763 1124 re-

2173 1140 2314 1208 giam
2342 1139 3014 1217 Constantinopolitanam,
3047 1153 3102 1207 in
3145 1168 3207 1208 ea
3239 1154 3439 1211 diutius
3469 1159 3762 1213 immoren-

2173 1239 2280 1295 tur,
2305 1233 2604 1291 excitantes
2631 1238 2833 1305 turbas,
2858 1249 2914 1296 et
2938 1250 3139 1298 statum
3162 1246 3586 1304 ecclesiasticum
3608 1266 3762 1305 com-

2172 1333 2473 1392 moventes,
2517 1327 2892 1385 subvertentes
2921 1333 3086 1388 etiam
3132 1338 3493 1404 quorumdam
3523 1339 3756 1398 domos:

2172 1411 2412 1469 decrevit
2452 1428 2640 1474 sancta
2687 1423 2927 1492 synodus
2969 1426 3275 1494 hnjusmodi
3325 1431 3498 1500 primo
3537 1433 3761 1502 quidem
3827 1487 3830 1490 .

2173 1520 2270 1576 per
2294 1506 2634 1565 defensorem
2678 1511 3289 1588 Constantinopolitanae
3333 1533 3536 1579 sancta:
3561 1523 3757 1582 Eccle-

2171 1599 2264 1654 sia:
2291 1605 2642 1670 commoneri,
2677 1615 2736 1661 ut
2763 1609 3112 1676 egrediantur
3138 1615 3206 1669 ab
3234 1617 3365 1671 urbe
3398 1619 3546 1688 regia
3572 1637 3585 1671 :
3609 1621 3757 1690 quod

2099 1724 2144 1783 Β
2170 1688 2214 1742 si
2240 1688 2428 1743 iisdem
2457 1694 2688 1760 negotiis
2715 1695 3055 1767 impudenter
3077 1701 3345 1773 insistant,
3377 1707 3539 1761 etiam
3563 1688 3760 1764 nolen-

2171 1787 2250 1833 tcs
2280 1779 2419 1834 idem
2459 1780 2711 1840 defensor
2735 1789 2991 1857 expellat,
3037 1800 3094 1846 ut
3121 1792 3190 1846 ad
3232 1796 3452 1864 propria
3481 1796 3598 1852 loca
3631 1814 3755 1869 per-

2167 1871 2405 1927 veniant.

2169 1957 2320 2025 Quod
2347 1980 2452 2018 non
2497 1967 2650 2050 licent
2690 1973 3038 2050 monasteria,
3084 1991 3220 2050 quas
3244 1988 3545 2050 consecrata
3592 1993 3753 2050 sunt,

2567 2037 2852 2094 diversoria
2881 2037 3154 2099 swcularia
3181 2048 3316 2116 ﬁeri.

2236 2123 2420 2180 XXIV.
2453 2125 2584 2194 Quae
2613 2132 2777 2186 semel
2807 2133 3054 2190 dedicata
3085 2147 3210 2192 sunt
3235 2142 3582 2208 monasteria,
3614 2159 3750 2198 con-

2164 2215 2286 2272 silio
2338 2219 2738 2289 episcoporum,
2791 2235 3047 2282 maneant
3092 2239 3356 2301 perpetuo
3397 2238 3747 2302 monasteria,

2164 2312 2220 2360 et
2265 2320 2352 2360 res
2398 2322 2517 2377 quas
2561 2309 2627 2364 ad
2667 2326 2730 2366 ea
2781 2316 3052 2382 pertinent
3091 2322 3433 2377 monasteriis
3460 2327 3748 2389 reservari,

2163 2413 2267 2453 nec
2311 2415 2472 2468 posse
2507 2417 2570 2456 ea
2603 2403 2741 2458 ultra
2783 2404 2898 2461 fieri
2947 2411 3221 2466 saecularia
3262 2413 3605 2469 habitacula:
3656 2418 3751 2485 qni

2163 2504 2294 2545 vero
2322 2490 2426 2547 hoc
2454 2492 2568 2548 ﬁeri
2600 2498 2960 2567 permiserint,
3003 2517 3272 2559 canonum
3298 2509 3592 2563 sententiis
3620 2511 3751 2565 sub-

2160 2580 2441 2651 iacebunt.

2167 2693 2318 2759 Quod

2365 2716 2467 2756 non
2537 2712 2772 2772 aporteat
2831 2707 3188 2846 Ὲγὲξηαιὶοηεε
3248 2709 3605 2781 episcoporum
3661 2715 3749 2766 diu

2880 2794 2896 2829 ι
2941 2794 3074 2832 erre.
3710 2831 3715 2835 .

2880 2794 3074 2832 inerre.

2237 2855 2403 2914 XXV.
2434 2859 2699 2929 Quoniam
2730 2867 2948 2936 quidam
2977 2871 3542 2942 metropolitanorum,
3586 2889 3752 2945 quan-

2165 2955 2275 3001 tum
2305 2953 2690 3022 comperimus,
2722 2957 2998 3026 negligunt
3025 2963 3363 3029 commissos,
3388 2964 3491 3020 sibi
3537 2982 3748 3038 greges,

2090 3077 2135 3139 Ο
2165 3045 2220 3091 et
2263 3039 2631 3099 ordinationes
2675 3047 3055 3118 episcoporum
3104 3051 3283 3108 facere
3319 3054 3594 3124 differunt,
3645 3060 3753 3129 pla-

2168 3129 2280 3184 cuit
2305 3132 2512 3202 synodo
2555 3135 2692 3190 intra
2731 3143 2840 3193 tres
2882 3154 3096 3196 menses
3143 3143 3514 3201 ordinationes
3541 3149 3752 3216 episco-

2167 3235 2359 3288 porum
2387 3222 2648 3280 celebrari
2674 3245 2686 3278 :
2740 3228 2842 3282 nisi
2871 3228 3012 3285 forte
3042 3233 3336 3288 necessitas
3366 3235 3756 3293 inexcusabilis

2169 3323 2434 3385 prmparet
2479 3325 2690 3388 tempus
2733 3320 3006 3377 dilationis
3057 3327 3275 3382 extendi
3311 3345 3324 3381 :
3377 3329 3522 3398 quod
3569 3331 3614 3384 si
3645 3331 3753 3387 hoc

2166 3404 2388 3460 minime
2417 3406 2627 3475 fecerit,
2657 3414 2985 3482 correptioni
3011 3416 3390 3474 ecclesiastica:
3411 3419 3711 3489 subiacebit
3737 3462 3753 3489 ,

2166 3504 2536 3554 verumtamen
2575 3501 2812 3556 redditus
2849 3503 3106 3578 Ecclesia:
3136 3507 3365 3563 viduatae
3411 3526 3576 3580 penes
3604 3527 3755 3569 ceco-

2167 3598 2387 3640 nomum
2415 3587 2657 3658 ejusdem
2686 3590 2940 3648 Ecclesia:
2964 3595 3160 3664 integri
3189 3609 3552 3654 reserventur.

2309 3698 2390 3752 De
2419 3699 2857 3771 dispensatoribus
2881 3706 3202 3775 singularum
3230 3705 3604 3763 Ecclesiarum.

2239 3789 2426 3845 XXVI.
2453 3792 2718 3858 Quoniam
2743 3795 2795 3848 in
2817 3797 3135 3865 quibusdam
3155 3797 3428 3865 Ecclesiis,
3452 3810 3510 3856 ut
3534 3817 3756 3858 rumore

2167 3885 2553 3954 comperimus,
2603 3895 2801 3955 praeter
2830 3903 3166 3958 oaconomos,
3200 3891 3440 3962 episcopi
3466 3892 3757 3950 facultates

2168 3978 2564 4034 ecclesiasticas
2609 3988 2886 4048 tractant,
2947 3984 3151 4054 placuit
3191 4000 3407 4041 omnem
3452 3985 3756 4043 Ecclesium

2167 4069 2455 4126 habentem
2503 4072 2816 4142 episcopum
2871 4075 3072 4131 habere
3116 4091 3460 4132 meonomum
3490 4078 3558 4132 de
3605 4080 3756 4134 clero

2166 4161 2410 4230 proprio,
2457 4162 2548 4232 qui
2578 4161 2855 4232 dispenset
2881 4180 2972 4220 res
3012 4166 3423 4233 ecclesiasticas,
3457 4170 3754 4225 secundum

2163 4253 2490 4310 sententiam
2520 4255 2759 4325 episcopi
2785 4258 3010 4327 proprii,
3060 4259 3135 4313 ita
3162 4266 3220 4313 ut
3247 4259 3502 4317 Ecclesiae
3529 4263 3756 4332 dispen-

2165 4345 2305 4401 satio
2335 4356 2530 4416 przeter
2559 4349 2925 4405 testimonium
2958 4367 3065 4405 non
3095 4351 3184 4419 sit,
3231 4363 3288 4408 et
3315 4369 3385 4408 ex
3411 4355 3515 4410 hoc
3535 4355 3750 4426 disper-

539 4427 680 4485 XXI.
711 4429 951 4489 Clericos
999 4443 1095 4490 aut
1143 4437 1312 4496 laicos
1375 4452 1694 4498 accusantes
1751 4447 2056 4518 episcopos,
2086 4463 2139 4524 ι)
2167 4445 2361 4506 Βδηωΐ
2381 4437 2764 4496 θοάθδίθδῐίαθ
2807 4440 3107 4509 facultates,
3161 4449 3218 4498 εί
3244 4445 3554 4500 δῧοθνάοίίο
3582 4447 3755 4502 male‘

469 4529 564 4576 aut
593 4521 820 4579 clericos
849 4525 1070 4594 passim,
1112 4536 1168 4581 et
1195 4528 1313 4584 sine
1342 4531 1682 4604 probatione,
1731 4535 1799 4590 ad
1827 4553 2052 4593 accusa-

466 4610 670 4667 tionem
702 4613 868 4685 recipi
898 4631 1004 4671 non
1033 4616 1254 4689 debere,
1295 4619 1398 4679 nisi
1423 4623 1572 4692 prius
1593 4639 1781 4680 eorum
1801 4627 2059 4685 discutia-

470 4711 560 4760 tur
587 4706 1003 4766 existimationis
1031 4713 1237 4783 opinio.

466 4812 620 4882 Quod
641 4829 748 4872 non
775 4819 929 4907 liceat
958 4821 1159 4879 clericis
1184 4835 1313 4907 post
1339 4839 1553 4907 mortem
1592 4833 1672 4887 sui
1712 4836 1940 4907 episcopi
1972 4854 2054 4892 res

848 4890 919 4943 ad
937 4909 1052 4946 eum
1080 4890 1390 4964 pertinentes
1427 4900 1670 4970 diripere.

533 4975 699 5034 XXII.
742 4979 858 5036 Non
888 4981 1056 5039 licere
1081 4985 1313 5056 clericis,
1343 5001 1466 5060 post
1495 4993 1703 5049 obitum
1734 4997 1815 5052 sui
1846 4998 2060 5069 episco-

466 5069 541 5140 pi,
586 5086 674 5126 res
701 5072 768 5126 ad
796 5089 918 5129 eum
966 5077 1301 5146 pertinentes
1340 5082 1593 5155 diripere,
1646 5089 1786 5144 sicut
1825 5094 2061 5162 antiquis

469 5177 682 5233 quoque
710 5172 794 5220 est
832 5169 1133 5226 canonibus
1173 5176 1548 5232 constitutum.
1599 5178 1753 5246 Quod
1783 5183 1830 5239 si
1860 5185 1962 5241 hoc
1987 5187 2062 5243 fa-

2168 4527 2422 4583 dictionis
2449 4527 2732 4597 derogatio
2761 4543 3086 4601 procuretur
3110 4551 3123 4586 :
3155 4534 3302 4603 quod
3327 4535 3374 4590 si
3402 4536 3507 4592 hoc
3528 4537 3755 4593 minime

2166 4617 2376 4689 fecerit,
2405 4620 2598 4677 divinis
2625 4623 3098 4680 constitutionibus
3130 4625 3447 4696 subiacebit.

2558 4734 2638 4790 De
2667 4737 2748 4791 his
2791 4739 2879 4809 qui
2908 4741 3118 4809 rapiunt
3143 4742 3363 4810 puellas.

2240 4823 2449 4879 XXVII.
2481 4826 2587 4882 Eos
2617 4829 2708 4897 qui
2753 4829 2971 4899 rapiunt
3000 4831 3273 4900 mulieres,
3305 4833 3405 4888 sub
3435 4833 3652 4888 nomine
3677 4836 3761 4888 si-

2167 4915 2278 4970 mul
2304 4915 2600 4982 habitandi,
2647 4925 3019 4986 cooperantes,
3065 4928 3158 4974 aut
3186 4922 3537 4977 conniventes
3565 4932 3752 4991 rapto-

2167 5007 2316 5062 ribus
2342 5047 2356 5073 ,
2401 5007 2639 5062 decrevit
2665 5016 2851 5062 sancta
2879 5010 3138 5080 synodus,
3186 5019 3244 5064 ut
3275 5012 3539 5098 siquidem
3567 5013 3755 5068 clerici

2165 5104 2309 5162 sunt,
2344 5096 2597 5152 decidant
2625 5097 2790 5168 gradu
2821 5099 3040 5169 proprio
3069 5117 3084 5168 ;
3115 5100 3162 5154 si
3193 5116 3321 5157 vero
3341 5096 3490 5166 laici,
3520 5104 3754 5157 anathe-

2166 5190 2508 5246 matizentur.

461 5347 492 5368 ”
1344 5381 1708 5447 CANONES
1768 5389 2055 5456 svnom
2111 5396 2619 5462 SARDICENSIS
2673 5401 2853 5462 xxx.
2899 5435 2916 5450 ο

461 5529 541 5587 De
575 5531 830 5604 episcopis
863 5539 1020 5620 etiam
1043 5539 1200 5626 “laico
1244 5549 1600 5602 communione
1638 5553 1926 5624 privandis,
1970 5557 2056 5626 qui

959 5619 1184 5665 civitates
1215 5625 1553 5672 mutaverunt.

531 5711 575 5771 ι
604 5711 761 5774 Ocius
789 5717 1072 5794 episcopus
1096 5722 1266 5782 dixit:
1296 5725 1413 5785 Non
1443 5732 1621 5793 minus
1648 5737 1789 5795 mala
1819 5753 2056 5800 consue-

2169 5558 2320 5625 tudo,
2371 5575 2534 5630 quam
2562 5565 2866 5633 perniciosa
2907 5567 3238 5637 corruptela,
3283 5566 3519 5624 funditus
3564 5583 3757 5624 eram-

2167 5652 2335 5707 canda
2363 5662 2446 5709 est
2466 5695 2481 5721 ,
2516 5670 2583 5711 ne
2609 5657 2696 5712 cui
2731 5658 2890 5714 liceat
2915 5660 3172 5729 episcopo
3201 5659 3268 5716 de
3309 5661 3525 5716 civitate
3558 5677 3651 5716 sua
3683 5663 3756 5718 ad

2165 5741 2325 5800 aliam
2355 5746 2582 5805 transire
2610 5748 2922 5819 civitatem;
2973 5751 3258 5811 manifesta
3303 5761 3389 5812 est
3412 5755 3557 5813 enim
3582 5771 3750 5814 causa
