4104 6464
356 354 463 411 I77

1357 349 1579 407 CUDEX
1614 346 1940 406 CAXONUM
1980 345 2675 404 ECCLESIASTICORUM.
3539 352 3635 409 {78

346 483 459 541 qua
491 471 593 526 hoc
619 468 797 524 facere
826 471 993 522 tentat
1025 503 1043 532 ,
1088 478 1214 522 cum
1245 464 1425 520 nullus
1450 466 1504 519 in
1534 464 1635 519 hac
1667 478 1726 519 re
1757 462 1944 516 inven—
1972 464 2024 524 Α
2048 461 2336 516 ostendere
2383 463 2527 532 quod
2569 462 2754 534 populi
2813 471 3003 534 petant
3060 462 3161 521 sibi
3219 472 3485 522 rectorem
3510 506 3529 536 ,
3580 480 3638 524 et

346 573 440 621 tus
468 565 536 619 sit
557 563 853 633 episcopus
898 559 988 629 qui
1013 559 1081 614 de
1108 558 1312 628 majore
1343 558 1561 612 civitate
1589 555 1657 609 ad
1678 555 1944 609 minorem

345 655 623 710 transiret.
667 649 825 707 Unde
854 657 1084 720 apparet
1134 648 1373 702 avaritia:
1403 647 1595 702 ardore
1626 661 1720 700 eos
1742 645 1947 698 inﬂam-

345 745 514 811 Inari,
565 751 619 797 et
674 740 958 795 ambitioni
1010 738 1235 803 servire,
1295 745 1352 792 et
1408 744 1464 790 ut
1518 733 1945 789 dominationem

345 842 532 899 agant.
584 829 641 885 Si
692 828 943 885 omnibus
970 827 1168 897 placet,
1215 823 1522 894 bujusmodi
1552 823 1818 893 pernicies
1846 837 1947 877 sa:-

344 923 471 977 vius
515 930 569 976 et
596 920 868 975 austerius
900 918 1224 983 vindicetur,
1256 924 1315 970 ut
1344 930 1444 969 nec
1470 914 1662 969 laicam
1698 928 1945 969 commu-

346 1014 569 1068 nionem
600 1011 799 1065 habeat
818 1010 911 1079 qui
941 1007 1065 1063 talis
1090 1015 1195 1062 est.
1236 1004 1656 1076 Responderunt
1675 1003 1942 1059 universi:

350 1104 557 1159 Placet.

348 1216 483 1271 Item
504 1217 569 1271 de
594 1215 779 1270 iisdem
806 1213 1084 1284 episwpis,
1116 1220 1173 1265 ut
1211 1212 1256 1266 si
1283 1227 1377 1281 per
1397 1207 1727 1284 ambitionem
1764 1206 1937 1284 sedem

421 1287 753 1351 mutaverint,
781 1276 873 1339 nec
900 1286 956 1337 in
984 1276 1127 1337 exitu
1153 1276 1581 1343 communionem,
1626 1278 1811 1331 saltem
1838 1276 1941 1330 lai-

417 1375 554 1421 cam,
586 1366 993 1428 consequantur.

415 1448 483 1503 ll.
512 1446 673 1503 Osius
719 1448 1006 1517 episcopus
1049 1444 1223 1499 dixit:
1269 1441 1459 1523 Etiam
1489 1440 1536 1497 si
1571 1439 1692 1495 talis
1745 1437 1940 1507 aliquis

341 1541 619 1598 exstiterit
648 1538 991 1602 temerarius,
1020 1543 1079 1590 ut
1105 1533 1349 1590 fortassis
1369 1531 1774 1588 excusationem
1810 1526 1941 1583 atie-

340 1645 468 1687 rens
514 1638 792 1686 asseveret
817 1628 963 1698 quod
1000 1626 1187 1696 populi
1231 1625 1440 1680 litteras
1468 1622 1761 1692 acceperit,
1815 1635 1940 1676 cum

339 1722 688 1779 manifestum
718 1722 790 1777 sit
835 1721 1077 1791 potuisse
1105 1718 1289 1788 plures
1337 1717 1560 1788 prmmio
1598 1724 1654 1770 et
1680 1712 1935 1769 mercede

2051 550 2155 605 hoc
2178 551 2379 621 justum
2402 567 2541 619 esse,
2573 562 2631 607 ut
2657 562 2712 608 et
2739 554 2841 623 ipsi
2864 556 3096 620 veniant,
3124 564 3177 609 et
3203 571 3324 612 cum
3349 556 3466 626 ipso
3486 556 3634 611 ordi-

2051 652 2179 696 nent
2211 644 2544 714 episcopum.
2575 644 2729 711 Quod
2758 646 2801 700 si
2830 656 3128 701 conventus
3155 648 3350 702 litteris
3378 648 3629 715 tacuerit,

2050 740 2103 788 et
2131 733 2562 801 dissimulaverit,
2603 736 2843 807 nihilque
2886 738 3245 807 rescripserit,
3292 736 3628 793 satisfacien-

2050 822 2177 878 dum
2206 839 2325 879 esse
2357 825 2588 894 populis,
2645 835 2704 880 ut
2746 827 2964 881 veniant
3006 843 3075 883 ex
3129 827 3302 883 vicina
3350 830 3631 899 provincia

2048 914 2306 984 episcOpi,
2336 926 2391 970 et
2418 915 2669 971 ordinent
2697 918 3029 989 episcopum.

2048 1026 2128 1083 De
2172 1045 2277 1085 non
2319 1029 2626 1093 ordinandis
2673 1032 2924 1114 episcOpis
2981 1049 3073 1102 per
3119 1034 3256 1087 vicos
3311 1040 3361 1087 et
3397 1034 3633 1091 modicas

2718 1112 2967 1157 civitates.

2116 1188 2206 1245 Vl.
2236 1189 2475 1246 Licentia
2495 1206 2626 1247 vero
2654 1191 2827 1247 danda
2859 1209 2965 1247 non
2991 1202 3075 1249 est
3103 1194 3387 1250 ordinandi
3417 1194 3631 1265 episco-

2045 1296 2174 1351 pum
2222 1290 2315 1335 aut
2367 1282 2422 1335 in
2479 1282 2597 1338 vico
2644 1282 2847 1352 aliquo,
2905 1294 2999 1338 aut
3049 1285 3103 1339 in
3151 1284 3359 1341 modica
3390 1286 3629 1350 civitate,

2043 1378 2131 1433 cui
2187 1377 2381 1433 sufficit
2432 1394 2570 1434 unus
2623 1380 2923 1450 presbyter,
2972 1381 3099 1450 quia
3138 1396 3246 1437 non
3288 1388 3372 1435 est
3411 1395 3633 1435 necesse

2043 1467 2117 1522 ibi
2144 1468 2457 1539 episcopum
2487 1469 2623 1533 ﬁeri,
2672 1484 2740 1523 ne
2789 1469 3011 1525 vilescat
3054 1485 3251 1525 nomen
3296 1471 3533 1539 episcopi
3573 1477 3633 1524 et

2043 1561 2355 1616 auctoritas.
2380 1561 2496 1615 Non
2520 1561 2719 1616 debent
2744 1562 2853 1617 illic
2879 1576 2947 1617 ex
2974 1562 3079 1617 alia
3110 1562 3386 1632 provincia
3414 1561 3628 1616 invitati

2042 1654 2220 1709 facere
2261 1654 2607 1725 episcopum,
2635 1654 2736 1710 nisi
2780 1663 2874 1709 aut
2915 1655 2969 1710 in
3019 1655 3102 1710 bis
3150 1654 3462 1710 civitatibus
3507 1668 3629 1721 qua:

2040 1743 2324 1813 episcopos
2346 1742 2667 1809 habuerunt,
2694 1750 2786 1797 aut
2813 1745 2858 1798 si
2883 1759 2990 1814 qua
3021 1744 3163 1812 talis,
3190 1751 3285 1798 aut
3310 1751 3421 1796 tam
3450 1758 3627 1812 popu-

336 1814 618 1906 09"“ml’i
668 1812 886 1906 ξοδ-ηυξ
911 1810 1181 1906 Since"
1227 1807 1387 1863 ﬁdem
1436 1822 1546 1906 ηοιι
1599 1806 1819 1906 δῆιξθηίν
1847 1810 1933 1906 Am
1962 1826 2006 1887 Β
2040 1806 2155 1891 ldsa
2182 1806 2390 1902 civitas,
2421 1850 2540 1905 qua:
2581 1806 2821 1891 meretur
2843 1806 3044 1891 habere
3073 1806 3407 1906 episcopum.
3438 1806 3495 1889 Si
3524 1806 3628 1891 hoc

339 1905 637 1959 clamarent
681 1904 734 1957 in
760 1901 1024 1966 Ecclesia,
1075 1908 1131 1955 et
1159 1901 1333 1969 ipsum
1378 1905 1566 1969 petere
1619 1896 1931 1952 viderentur

340 1995 653 2064 epismpum
693 2011 706 2048 :
752 1993 974 2047 omnino
1020 1991 1118 2047 llas
1168 1988 1382 2044 fraudes
1430 1987 1765 2043 damnandas
1813 2002 1933 2042 esse

338 2086 609 2149 arbitror,
662 2084 735 2138 ita
782 2091 840 2137 ut
888 2098 989 2137 nec
1035 2083 1226 2137 laicam
1270 2083 1324 2135 in
1355 2080 1459 2136 line
1491 2081 1932 2136 communionem

338 2176 461 2230 talis
486 2176 737 2244 accipiat.
770 2174 827 2228 Si
858 2176 1008 2230 vobis
1031 2174 1279 2228 omnibus
1301 2174 1499 2243 placet,
1547 2173 1785 2227 statuite.
1833 2171 1934 2244 Sy-

339 2266 512 2323 nodus
542 2268 824 2339 respondit
859 2286 869 2319 :
904 2267 1103 2323 Placet.

342 2374 410 2431 Ut
435 2379 571 2431 inter
590 2379 855 2450 discordes
883 2380 1149 2450 episcopos
1190 2378 1930 2450 comprovincialesantistites

408 2450 663 2515 audiant;
697 2448 831 2520 quod
870 2451 914 2501 si
945 2449 1225 2520 damnatus
1266 2448 1605 2519 appellaverit
1636 2449 1928 2504 Romanum

407 2519 726 2588 pontiﬁcem,
752 2519 807 2571 id
836 2519 1207 2572 observandum
1236 2519 1370 2589 quod
1398 2522 1508 2590 ipse
1538 2522 1814 2573 censuerit.

407 2609 495 2665 ill.
526 2606 683 2663 Osius
704 2610 993 2678 episcOpus
1021 2608 1155 2662 dixit
1180 2610 1193 2661 ἑ
1227 2607 1361 2662 Illud
1389 2624 1605 2679 quoque
1626 2610 1930 2664 necessario

335 2700 705 2770 adjiciendum
736 2708 839 2765 est,
894 2706 952 2753 ut
979 2698 1221 2769 episcopi
1269 2700 1337 2754 de
1385 2714 1483 2754 sua
1531 2701 1812 2771 provincia
1861 2701 1929 2755 ad

336 2793 496 2845 aliam
526 2792 879 2861 provinciam,
927 2792 983 2845 in
1011 2806 1116 2860 qua
1157 2799 1283 2848 sunt
1311 2792 1569 2862 episcopi,
1617 2808 1725 2848 non
1757 2801 1931 2848 trans-

340 2896 466 2939 eant
489 2928 503 2951 ,
541 2887 647 2940 nisi
692 2886 833 2941 forte
865 2901 894 2939 a
922 2885 1180 2941 fratribus
1212 2886 1323 2941 suis
1347 2886 1575 2953 invitati,
1608 2903 1677 2944 ne
1708 2888 1929 2944 videan-

337 2983 426 3029 tur
464 2976 689 3045 januam
718 2977 972 3033 claudere
1001 2978 1302 3033 charitatis.
1353 2977 1509 3044 Quod
1552 2980 1598 3034 si
1647 2981 1699 3034 in
1750 2981 1927 3050 aliqua

334 3069 618 3138 provincia
663 3069 857 3137 aliquis
910 3070 1199 3141 episc0pus
1248 3079 1436 3125 contra
1488 3072 1712 3126 fratrem
1772 3089 1925 3128 suum

331 3158 653 3228 episc0pum
676 3158 824 3213 litem
854 3159 1141 3227 habuerit,
1191 3175 1327 3215 unus
1376 3159 1444 3215 de
1487 3160 1697 3216 duobus
1725 3177 1792 3216 ex
1822 3163 1923 3216 alia

332 3250 614 3319 provincia
660 3248 889 3304 advocet
932 3250 1246 3320 episcopum
1293 3252 1647 3319 cognitorem.
1695 3252 1849 3318 Quod
1880 3254 1926 3309 si

330 3342 529 3410 aliquis
557 3342 844 3411 episcopus
861 3341 1133 3410 judicatus
1160 3344 1325 3397 luerit
1355 3344 1408 3398 in
1436 3345 1613 3413 aliqua
1650 3361 1836 3409 causa,
1869 3354 1926 3401 et

330 3448 489 3510 putat
516 3454 577 3496 se
600 3429 796 3493 bonam
826 3453 1042 3493 causam
1066 3439 1265 3492 habere
1290 3481 1305 3506 ,
1339 3446 1397 3493 ut
1424 3440 1615 3495 iterum
1638 3442 1925 3496 concilium

329 3539 647 3596 renovetur,
679 3534 724 3585 si
747 3531 900 3585 vobis
927 3532 1128 3601 placet,
1158 3532 1327 3586 sancti
1354 3531 1497 3586 Petri
1546 3533 1780 3603 apostoli
1811 3548 1926 3589 me—

328 3624 564 3680 moriam
594 3624 956 3686 honoremus,
989 3630 1047 3675 ut
1075 3623 1340 3676 scribatur
1390 3623 1457 3678 ab
1484 3624 1565 3677 his
1590 3623 1681 3693 qui
1709 3638 1924 3678 causam

327 3716 721 3770 examinarunt
770 3710 914 3768 Julio
946 3712 1192 3769 Romano
1223 3715 1502 3785 episcopo,
1529 3723 1584 3770 et
1624 3716 1670 3769 si
1708 3715 1922 3785 judica-

326 3807 475 3860 verit
512 3806 879 3861 renovandum
908 3820 1030 3860 esse
1055 3805 1335 3874 judicium,
1386 3816 1696 3874 renovetur,
1751 3816 1807 3863 et
1834 3808 1926 3864 det

326 3896 543 3967 judices
570 3914 584 3950 :
614 3897 661 3952 si
691 3903 871 3952 autem
913 3898 1225 3966 probaverit
1250 3897 1413 3953 talem
1443 3914 1662 3955 causam
1693 3915 1835 3965 esse,
1866 3908 1927 3955 ut

326 4006 440 4044 non
472 3988 795 4045 refricentur
839 4004 904 4044 ea
932 4003 1053 4058 qua:
1095 3997 1215 4043 acta
1263 3996 1408 4054 sunt,
1457 4004 1579 4058 quae
1622 3991 1927 4046 decreverit

324 4081 653 4136 conﬁrmata
684 4086 860 4134 erunt.
906 4079 962 4132 Si
1003 4080 1109 4134 hoc
1144 4080 1395 4135 omnibus
1420 4080 1621 4150 placet.
1672 4080 1927 4151 Synodus

324 4170 614 4240 respondit
640 4189 651 4222 :
681 4169 884 4229 Placet.

500 4281 569 4335 Ut
599 4281 769 4334 nullus
801 4282 1032 4335 accusati
1069 4282 1238 4336 sedem
1267 4294 1479 4353 usurpet
1508 4286 1755 4356 episcopi.

405 4370 494 4427 IV.
548 4372 879 4427 Gaudentius
920 4374 1206 4443 episcopus
1255 4375 1427 4428 dixit:
1479 4375 1832 4443 Addendum,
1879 4377 1925 4432 si

324 4465 530 4536 placet,
564 4464 689 4518 huic
717 4464 1020 4530 sententim,
1050 4479 1210 4532 quam
1242 4466 1457 4534 plenam
1486 4467 1774 4521 sanctitate
1793 4482 1925 4536 pro-

2037 1927 2287 1983 omnibus
2312 1927 2509 1996 placet.
2538 1925 2789 1998 Synodus
2817 1927 3099 1996 respondit
3126 1946 3139 1981 :
3174 1927 3377 1983 Placet.

2039 2036 2116 2091 De
2142 2036 2663 2109 provincialisyngdo
2686 2038 3016 2091 retractanda
3038 2056 3128 2108 per
3148 2040 3367 2093 vicarios
3396 2040 3625 2109 episcopi

2372 2107 2514 2161 urbis
2545 2107 2743 2174 Romw,
2775 2110 2820 2161 si
2850 2109 2959 2178 ipse
2993 2107 3286 2163 decreverit.

2108 2196 2215 2252 Vll.
2266 2197 2422 2253 Osius
2449 2199 2737 2269 episcopus
2765 2199 2941 2253 dixit:
2996 2198 3205 2255 Placuit
3253 2209 3434 2256 autem
3478 2209 3538 2256 ut
3577 2201 3624 2256 si

2034 2289 2318 2358 episcopus
2340 2297 2622 2343 accusatus
2653 2289 2830 2356 fuerit,
2856 2298 2911 2343 et
2926 2289 3288 2358 judicaverint
3307 2291 3622 2360 congregati

2034 2380 2274 2449 episcopi
2306 2379 2544 2448 regionis
2576 2379 2760 2449 ipsius,
2804 2388 2859 2435 et
2887 2381 2954 2435 de
2982 2380 3154 2449 gradu
3184 2397 3283 2436 suo
3310 2396 3433 2436 etim
3464 2382 3618 2451 deje-

2033 2471 2205 2526 cerint
2230 2509 2243 2533 ,
2277 2471 2321 2526 si
2352 2471 2706 2540 appellaverit
2745 2473 2836 2541 qui
2893 2471 3134 2540 dejectus
3179 2480 3341 2527 estet
3369 2473 3621 2542 confuge-

2030 2562 2104 2616 rit
2131 2560 2196 2615 ad
2226 2561 2539 2631 episcopum
2586 2560 2845 2616 Romanae
2886 2562 3160 2631 Ecclesiae,
3209 2571 3263 2619 et
3291 2564 3525 2619 voluerit
3560 2581 3620 2621 se

2034 2653 2245 2718 audiri;
2288 2654 2332 2707 si
2358 2652 2561 2721 justum
2609 2655 2880 2722 putaverit
2933 2662 2991 2708 ut
3034 2665 3325 2711 renovetur
3364 2672 3617 2726 examen,

2032 2744 2270 2798 scribere
2300 2744 2381 2799 his
2435 2743 2705 2813 episcopis
2732 2743 3001 2813 dignetur,
3053 2746 3143 2814 qui
3194 2747 3245 2799 in
3288 2747 3512 2801 finitima
3563 2756 3620 2802 et

2031 2838 2331 2908 propinqua
2372 2837 2651 2907 provincia
2692 2844 2836 2902 sunt,
2870 2845 2929 2891 ut
2956 2837 3055 2907 ipsi
3085 2837 3368 2907 diligenter
3394 2840 3619 2894 omnino

2031 2932 2330 2999 requirant,
2361 2939 2417 2983 et
2441 2929 2594 2998 juxta
2625 2928 2783 2984 fidem
2814 2930 3057 2985 veritatis
3077 2929 3332 2985 deliniant
3361 2951 3373 2983 :
3405 2932 3549 3000 quod
3572 2933 3619 2987 si

2032 3021 2077 3075 is
2120 3021 2212 3089 qui
2251 3028 2405 3089 rogat
2451 3034 2668 3074 causam
2709 3035 2862 3074 suam
2912 3020 3105 3075 iterum
3138 3022 3309 3076 audiri
3361 3022 3620 3092 depreca-

2031 3114 2180 3167 tione
2207 3128 2302 3166 sua
2334 3111 2567 3166 moverit
2594 3113 2906 3182 episcopum
2932 3112 3252 3179 Romanum,
3296 3122 3355 3169 ut
3385 3130 3416 3169 e
3442 3115 3613 3169 latere

1950 3198 1997 3260 (Ξ
2030 3222 2128 3262 suo
2159 3207 2530 3278 presbyterum
2567 3206 2763 3271 mittat,
2818 3206 2923 3260 erit
2952 3206 3005 3259 in
3049 3215 3321 3276 potestate
3372 3208 3616 3277 episcopi

2031 3298 2158 3368 quid
2182 3299 2332 3360 velit,
2367 3296 2575 3366 etquid
2604 3298 2851 3352 aestimet.
2894 3296 2958 3351 Et
2987 3299 3033 3353 si
3060 3298 3364 3354 decreverit
3392 3300 3616 3356 mitten-

2030 3390 2128 3446 dos
2166 3405 2285 3444 esse
2313 3389 2403 3458 qui
2457 3399 2749 3459 praesentes
2777 3404 2898 3444 cum
2929 3392 3197 3462 episcOpis
3226 3392 3490 3461 judicent,
3518 3394 3618 3447 ha.-

2029 3482 2217 3536 bentes
2247 3479 2363 3548 ejus
2392 3480 2769 3535 auctoritatem
2821 3496 2849 3534 a
2881 3496 2989 3550 quo
3020 3482 3274 3539 destinati
3320 3492 3463 3551 sunt,
3512 3485 3620 3539 erit

2030 3572 2083 3626 in
2132 3587 2230 3625 suo
2262 3571 2519 3635 arbitrio;
2570 3570 2613 3623 si
2654 3585 2783 3624 vero
2824 3571 3111 3626 crediderit
3151 3573 3435 3643 episcopos
3464 3573 3615 3627 sum.

2028 3677 2152 3719 cere
2202 3668 2259 3715 ut
2306 3663 2524 3730 negotio
2568 3662 2853 3715 terminum
2902 3663 3207 3731 imponant,
3252 3663 3412 3717 faciet
3462 3663 3612 3733 quod

2029 3752 2425 3824 sapientissimo
2453 3753 2679 3807 consilio
2703 3752 3044 3822 judicaverit.

2032 3865 2272 3933 Quando,
2319 3873 2369 3919 et
2410 3865 2463 3919 iu
2503 3862 2682 3936 quibus
2710 3866 2901 3929 causis,
2942 3866 3167 3936 episcoyi
3204 3867 3273 3921 ad
3314 3869 3617 3925 comitatum

2100 4004 2234 4061 Vill.
2265 4005 2423 4061 Osius
2459 3952 2744 4076 episcopi;
2760 3936 3427 4076 diiifiitimportunitates
3452 4015 3507 4063 et
3536 4009 3618 4063 ni-

2029 4099 2136 4153 mia
2178 4098 2480 4168 frequentia
2504 4139 2519 4165 ,
2551 4105 2607 4153 et
2650 4099 2863 4166 injustae
2902 4099 3191 4168 petitiones
3242 4098 3488 4154 fecerunt
3515 4116 3615 4157 nos

2030 4208 2137 4246 non
2167 4200 2371 4246 tantam
2401 4192 2601 4246 habere
2629 4191 2713 4245 vel
2742 4194 3009 4260 gratiam,
3044 4192 3127 4246 vel
3172 4191 3416 4247 fiduciam
3441 4235 3455 4257 ,
3487 4193 3615 4247 dum

2029 4282 2246 4353 quidam
2292 4299 2400 4337 non
2447 4290 2663 4337 cessant
2688 4282 2754 4336 ad
2786 4283 3100 4337 comitatum
3143 4284 3222 4338 ire
3250 4285 3486 4355 episcopi
3515 4324 3531 4350 ,
3562 4295 3617 4341 et

2030 4373 2263 4427 maxime
2292 4371 2426 4439 Afri,
2456 4372 2564 4442 qui,
2588 4372 2727 4425 sicut
2754 4369 3103 4440 cognovimus
3122 4412 3136 4439 ,
3162 4374 3485 4429 sanctissimi
3505 4374 3616 4429 fra-

2031 4462 2123 4515 tris
2146 4472 2200 4517 et
2221 4462 2526 4531 coepiscopi
2551 4462 2719 4517 nostri
2744 4461 2893 4517 Grati
2939 4464 3193 4519 salutaria
3216 4467 3436 4521 consilia
3467 4483 3617 4537 sper-

324 4556 501 4611 tulisti
527 4596 542 4623 ,
577 4563 638 4610 ut
660 4571 781 4610 cum
812 4555 1005 4623 aliquis
1035 4557 1320 4626 episcopus
1343 4558 1621 4625 depositus
1650 4558 1810 4613 fuerit
1832 4574 1923 4614 eo-
1953 4579 2006 4638 D
2032 4562 2164 4607 nunt
2187 4561 2351 4623 atque
2390 4561 2761 4621 contemnunt,
2784 4564 2843 4609 ut
2870 4570 2977 4608 non
3002 4556 3177 4610 solum
3204 4557 3272 4611 ad
3303 4559 3616 4612 comitatum

324 4662 458 4700 rum
505 4646 882 4716 episcoporum
910 4646 1112 4716 judicio
1162 4648 1255 4716 qui
1308 4649 1359 4701 in
1393 4648 1582 4703 vicinis
1612 4650 1744 4704 locis
1774 4666 1926 4705 com-

324 4745 635 4802 morantur,
668 4747 722 4792 et
762 4739 1177 4807 proclamaverit
1210 4738 1474 4806 agendum
1517 4738 1619 4793 sibi
1647 4741 1923 4808 negotium

325 4830 388 4883 in
422 4827 553 4883 urbe
582 4826 752 4883 Roma
779 4870 794 4896 ,
827 4830 965 4883 alter
989 4830 1277 4901 episcopus
1304 4830 1357 4884 in
1388 4830 1503 4899 ejus
1524 4831 1774 4886 cathedra
1804 4841 1926 4903 post

326 4921 753 4990 appellationem
780 4921 898 4989 ejus
916 4924 1009 4992 qui
1036 4923 1249 4977 videtur
1277 4936 1397 4977 esse
1426 4923 1720 4994 depositus,
1751 4924 1927 4979 omni-

327 5029 407 5069 no
432 5030 540 5067 non
571 5013 851 5068 ordinetur
872 5052 887 5077 ,
921 5014 1021 5068 nisi
1042 5029 1202 5069 causa
1232 5011 1392 5068 fuerit
1417 5013 1469 5066 in
1487 5013 1692 5083 judicio
1714 5015 1919 5086 episco-

323 5107 390 5179 pi
418 5105 647 5161 Romani
675 5090 1056 5161 delerminata.

335 5216 566 5282 Quando
619 5218 732 5287 quis
791 5216 974 5270 debeat
1036 5233 1094 5288 a7
1128 5218 1307 5271 vicinis
1349 5218 1628 5287 provinciae
1672 5218 1924 5288 episcopis

999 5287 1253 5342 ordinari.

407 5376 475 5433 li.
506 5376 662 5445 ()sius
688 5376 972 5447 episcopus
999 5376 1135 5431 dixit
1159 5393 1171 5429 :
1200 5375 1257 5431 Si
1286 5377 1569 5447 contigerit
1600 5378 1651 5432 in
1675 5393 1783 5432 una
1799 5393 1927 5448 pro-

324 5470 531 5535 vincia,
561 5470 615 5523 in
654 5484 761 5538 qua
792 5469 1007 5540 plurimi
1050 5467 1251 5523 fuerint
1280 5469 1539 5539 episcopi,
1586 5485 1751 5523 unum
1782 5469 1923 5525 forte

323 5563 977 5634 remanere‘episcopum,
1010 5562 1101 5617 ille
1123 5578 1252 5617 vero
1285 5577 1383 5632 per
1412 5562 1790 5631 negligentiam
1821 5579 1923 5618 no-

323 5655 496 5712 luerit
542 5654 793 5709 ordinare
842 5654 1175 5723 episcopum,
1217 5662 1273 5708 et
1318 5654 1501 5723 populi
1549 5656 1920 5720 convenerint,

324 5738 621 5823 episcbpos
647 5750 834 5804 vicinze
863 5749 1155 5820 provincia:
1199 5747 1399 5803 debere
1446 5748 1593 5801 illum
1620 5748 1766 5818 prius
1793 5763 1923 5803 con-

333 5844 520 5902 venire
548 5843 859 5916 episcopum
909 5841 1002 5915 qui
1042 5842 1096 5898 in
1143 5855 1206 5898 ea
1248 5840 1526 5914 provincia
1556 5850 1819 5908 moratur,
1858 5849 1913 5897 et

2029 4645 2257 4710 multas,
2291 4653 2347 4699 et
2391 4644 2664 4710 diversas,
2689 4645 2938 4701 Ecclesia:
2968 4663 3073 4701 non
3103 4648 3410 4717 profuturas
3440 4649 3617 4720 perfe-

2028 4744 2151 4789 rant
2178 4750 2386 4800 causas,
2412 4749 2585 4803 neque
2609 4744 2666 4788 ut
2687 4735 2800 4790 fieri
2828 4737 2989 4805 Solet,
3019 4744 3114 4790 aut
3134 4747 3370 4807 oportet,
3403 4750 3463 4793 ut
3484 4754 3617 4808 pan-

2028 4828 2261 4899 peribus,
2294 4835 2388 4881 aut
2410 4827 2603 4893 viduis,
2646 4836 2740 4882 aut
2768 4828 2983 4897 pupillis
3011 4830 3382 4895 subveniatur,
3411 4829 3509 4883 sed
3563 4837 3617 4883 et

2027 4919 2315 4988 dignitates
2335 4919 2638 4983 satoulares,
2670 4925 2727 4972 et
2753 4918 3266 4982 administrationes,
3297 4918 3616 4988 quibusdam

2028 5011 2318 5083 postulent.
2349 5010 2475 5065 Haec
2503 5010 2684 5079 itaque
2707 5011 2941 5079 pravitas
2970 5011 3098 5065 olim
3129 5027 3234 5083 non
3265 5011 3439 5064 solum
3467 5023 3617 5064 mur-

2028 5104 2379 5170 murationes,
2430 5103 2528 5158 sed
2568 5110 2625 5158 et
2665 5103 2918 5158 scandala
2958 5104 3177 5157 excitat.
3212 5100 3510 5155 Honestum
3535 5108 3617 5158 est

2030 5207 2208 5252 autem
2244 5203 2306 5252 ut
2349 5195 2589 5266 episcopi
2632 5195 3071 5251 intercessionem
3121 5193 3205 5247 his
3232 5200 3493 5261 praestent
3520 5191 3618 5263 qui

2030 5291 2211 5358 iniqua
2238 5289 2291 5343 vi
2322 5288 2700 5358 opprimuntur
2722 5324 2738 5349 ,
2771 5294 2865 5340 aut
2900 5286 2945 5341 si
2988 5285 3146 5339 vidua
3185 5282 3473 5353 aflligatur,
3523 5298 3615 5343 aut

2026 5381 2261 5451 pupillus
2287 5379 2618 5449 exspolietur
2643 5396 2654 5432 :
2682 5377 2729 5433 si
2752 5387 2931 5432 tamen
2952 5377 3138 5432 isthicc
3168 5378 3395 5432 nomina-
3414 5377 3622 5447 justam

2031 5475 2265 5528 habeant
2305 5486 2526 5526 causam
2556 5478 2649 5524 aut
2677 5468 3010 5539 petitionem.
3043 5467 3099 5523 Si
3143 5468 3299 5524 vobis
3329 5484 3487 5544 ergo,
3517 5477 3618 5533 ira.

2029 5573 2138 5618 tres
2175 5561 2475 5619 charissimi
2504 5600 2519 5625 ,
2555 5560 2732 5629 placet
2760 5599 2776 5626 ,
2827 5558 3101 5614 decernite
3129 5600 3144 5626 ,
3176 5562 3519 5640 neepiscopi
3554 5567 3620 5623 ad

2029 5653 2342 5707 comitatum
2390 5651 2648 5706 accedant
2669 5687 2685 5715 ,
2718 5648 2819 5703 nisi
2856 5646 2995 5703 forte
3024 5648 3077 5703 hi
3120 5650 3213 5719 qui
3242 5651 3485 5731 religiosi
3519 5659 3621 5711 ίηι..

2026 5747 2293 5815 peratoris
2323 5745 2514 5799 litteris
2542 5743 2623 5798 vel
2669 5742 2877 5804 invitati
2924 5741 3010 5797 vel
3038 5740 3219 5798 vocati
3263 5744 3486 5803 fuerint.
3518 5745 3622 5803 Sed

2030 5838 2280 5911 quoniam
2309 5851 2452 5907 saepe
2494 5837 2755 5908 contingit
2784 5843 2841 5894 ut
2869 5836 2939 5894 ad
2966 5836 3398 5896 misericordiam
3428 5841 3621 5899 Eccle-
