4104 6462
506 282 604 337 (τί)

1791 285 2148 342 DIONYSIUS
2177 285 2491 344 EXIGUUS.

3679 303 3786 359 ιω

502 403 593 455 sia:
627 394 938 466 confugiant
979 398 1069 467 qui
1113 397 1360 465 injuriam
1393 367 1683 468 patiuntur,
1717 407 1811 452 aut
1838 398 1930 468 qui
1963 414 2085 464 pec-
2116 403 2161 460 Α
2190 400 2510 453 memoravit
2536 404 2795 460 sanctitas
2815 411 3013 470 vestra,
3041 416 3263 477 propter
3301 408 3564 466 desideria
3586 422 3640 468 et
3671 431 3784 472 am.

501 485 687 546 cantes
717 490 772 543 in
813 489 1005 544 exsilio
1051 488 1136 542 vel
1190 490 1377 544 insulis
1419 490 1767 558 damnantur,
1813 498 1908 543 aut
1935 498 2084 544 certe

501 594 878 653 quamcunque
920 578 1240 634 sententiam
1283 579 1603 651 suscipiunt,
1659 580 2083 636 subveniendum

503 679 588 726 est
632 670 715 724 his
743 710 758 737 ,
791 676 847 725 et
894 671 1013 724 sine
1065 668 1400 724 dubitatione
1447 671 1678 740 petenda
1730 669 2078 738 indulgentia.

502 767 618 818 Hoc
642 775 772 830 ergo
799 759 1072 816 decernite
1096 800 1110 824 ,
1140 761 1186 816 si
1232 762 1385 817 vobis
1415 762 1610 834 placet.
1660 761 1906 818 Universi
1935 762 2085 818 dixe-

500 863 623 907 runt
650 871 662 906 :
696 851 880 907 Placet
909 860 964 906 et
992 853 1370 907 constituatur.

747 962 828 1016 De
849 963 1083 1018 diaconis
1105 964 1174 1016 ad
1190 967 1486 1019 comitatum
1509 965 1813 1036 dirigendis.

567 1052 655 1108 IX.
686 1049 843 1109 Osius
883 1053 1172 1124 episcopus
1199 1055 1334 1109 dixit
1365 1074 1378 1108 :
1412 1054 1528 1111 Hoc
1551 1071 1765 1124 quoque
1797 1054 2086 1125 providen-

499 1143 569 1198 tia
595 1152 775 1204 vestra
806 1152 1041 1206 tractare
1064 1145 1248 1209 debet,
1287 1146 1378 1214 qui
1414 1145 1747 1210 decrevistis,
1779 1161 1849 1200 ne
1879 1145 2082 1216 episco-

495 1251 686 1306 porum
717 1236 1034 1306 improbitas
1061 1236 1286 1306 nitatur,
1318 1247 1376 1292 ut
1395 1237 1464 1292 ad
1491 1237 1804 1293 comitatum
1831 1247 2079 1308 pergant.

496 1331 812 1400 Quicunque
863 1345 1030 1398 ergo,
1084 1331 1273 1398 quales
1323 1331 1567 1400 superius
1628 1329 2077 1396 memoravimus,

493 1437 682 1491 preces
702 1423 1005 1486 habuerint,
1026 1422 1109 1476 vel
1137 1424 1462 1492 acceperint,
1492 1439 1588 1493 per
1615 1423 1902 1478 diaconum
1927 1437 2082 1477 suum

2182 489 2418 545 bitiones
2443 491 2509 547 ad
2532 493 2846 549 comitatum
2869 506 3080 566 pergat,
3110 513 3208 553 nec
3229 499 3281 554 in
3307 499 3498 558 litteris
3521 503 3638 574 ejus
3657 506 3784 564 sub-

2187 582 2472 651 scribatur,
2504 599 2679 654 neque
2706 586 2759 639 in
2787 588 3222 644 communionem
3249 591 3560 663 recipiatur.
3593 595 3651 651 Si
3679 615 3781 655 vo-

2186 668 2268 724 bis
2296 671 2498 740 placet,
2530 674 2768 728 omnium
2807 677 3075 731 sententia
3103 677 3413 736 continuari
3437 683 3618 741 debet.
3643 684 3777 742 Uni-

2185 761 2331 814 versi
2367 760 2618 816 dixerunt
2661 761 2949 820 honestum
2979 781 3129 835 esse,
3163 777 3218 824 et
3263 771 3478 841 placere
3504 773 3606 830 sibi
3633 777 3783 836 hanc

2189 852 2648 908 constitutionem.

2186 957 2267 1014 De
2293 961 2372 1016 his
2413 963 2500 1034 qui
2547 963 2793 1035 ignorant
2837 967 2962 1039 quid
2989 970 3056 1023 sit
3093 971 3149 1024 in
3177 973 3376 1042 synodo
3405 979 3768 1036 constitutum.

2261 1050 2370 1105 XII.
2401 1051 2558 1109 Osius
2601 1055 2886 1126 episcopus
2926 1057 3061 1115 dixit
3093 1079 3106 1114 :
3139 1061 3248 1117 Sed
3275 1073 3329 1119 et
3358 1067 3657 1126 moderatio
3683 1087 3774 1128 ne-

2187 1145 2422 1200 cessaria
2450 1155 2562 1216 est,
2614 1148 2948 1206 dilectissimi
2989 1151 3207 1222 fratres,
3255 1173 3324 1214 ne
3367 1162 3546 1218 subito
3595 1165 3778 1220 adhuc

2186 1234 2371 1304 aliqui,
2387 1238 2687 1293 nescientes
2707 1241 2833 1310 quid
2849 1240 3126 1299 decretum
3147 1247 3215 1300 sit
3235 1247 3289 1302 in
3306 1251 3534 1320 synodo,
3552 1256 3778 1312 veniant

2187 1323 2255 1378 ad
2297 1325 2542 1382 civitates
2587 1343 2680 1384 eas
2729 1344 2850 1398 quae
2907 1333 2961 1386 in
3016 1337 3192 1392 canali
3237 1349 3384 1395 sunt.
3433 1342 3608 1400 Debet
3639 1361 3775 1416 ergo

2185 1416 2469 1487 episcopus
2492 1420 2723 1476 civitatis
2749 1424 2914 1493 ipsius
2943 1427 3240 1486 admonere
3256 1446 3379 1486 eum
3408 1444 3463 1489 et
3481 1437 3774 1508 instruere,

493 1512 750 1579 mittant,
792 1512 919 1581 quia
949 1527 1178 1581 persona
1210 1513 1436 1566 ministri
1462 1513 1726 1568 invidiosa
1755 1529 1862 1569 non
1892 1521 1993 1576 est,
2027 1521 2077 1568 et

2179 1513 2241 1561 et
2258 1523 2323 1562 ex
2347 1523 2414 1563 eo
2443 1509 2565 1565 loco
2600 1511 2882 1569 diaconum
2909 1533 3062 1573 suum
3089 1519 3288 1578 mittat.
3318 1523 3625 1584 admonitus
3652 1529 3774 1600 ipse

493 1616 612 1671 qua:
655 1599 1050 1671 impetraverit,
1098 1603 1328 1658 celerius
1372 1605 1572 1673 poterit
1599 1602 1832 1670 referre;
1878 1612 1933 1658 et
1974 1605 2081 1661 hoc

493 1707 832 1761 consequens
883 1707 1004 1748 esse
1046 1693 1274 1760 videtur,
1331 1702 1390 1748 ut
1432 1694 1500 1749 de
1535 1694 1775 1765 qualibet
1802 1697 2078 1767 provincia

492 1783 734 1853 episcopi
778 1783 847 1838 ad
893 1798 1013 1838 eum
1061 1784 1280 1839 fratrem
1320 1795 1376 1840 et
1414 1787 1792 1857 coepiscopum
1827 1795 2070 1842 nostrum
2105 1768 2151 1828 Β

494 1890 682 1944 preces
706 1875 950 1940 mittant,
972 1876 1062 1944 qui
1097 1876 1149 1930 in
1181 1877 1466 1946 metropoli
1515 1877 1778 1940 consistit,
1825 1887 1881 1932 ut
1910 1878 1997 1933 ille
2025 1887 2081 1934 et

493 1964 783 2019 diaconum
823 1965 968 2030 ejus,
1011 1975 1066 2018 et
1113 1965 1530 2034 supplicationes
1555 1966 1814 2024 destinet.
1841 1967 2079 2024 tribuens

492 2052 959 2108 commendatitias
985 2055 1242 2124 epistolas
1271 2057 1386 2125 pari
1417 2059 1625 2113 ratione
1666 2059 1735 2114 ad
1786 2058 1979 2114 fratres
2024 2069 2080 2114 et

492 2146 847 2216 toepiscopos
868 2157 1101 2212 nostros,
1133 2149 1220 2216 qui
1248 2148 1299 2202 in
1332 2149 1424 2204 illo
1447 2158 1688 2219 tempore
1717 2152 1768 2204 in
1791 2151 1876 2205 his
1903 2152 2079 2220 regio-

492 2233 651 2289 nibus
671 2277 685 2301 ,
710 2245 766 2290 et
794 2237 1014 2292 urbibus
1040 2247 1354 2307 mox'antur,
1405 2240 1459 2294 in
1490 2241 1682 2308 quibus
1715 2239 1838 2295 felix
1872 2250 1925 2295 et
1947 2243 2072 2297 bea-

493 2332 578 2378 tus
627 2324 898 2394 Augustus
937 2329 1320 2398 rempublicam
1364 2331 1646 2398 gubernat.
1677 2330 1733 2386 Si
1759 2349 1887 2388 vero
1917 2334 2080 2388 habet

492 2415 778 2485 episcopus
822 2417 1024 2472 amicos
1059 2419 1112 2472 in
1144 2419 1362 2488 palatio,
1391 2421 1481 2489 qui
1505 2422 1654 2490 cupit
1679 2421 1900 2491 aliquid,
1933 2425 2078 2493 quod

494 2514 670 2560 tamen
695 2507 978 2560 honestum
1009 2517 1111 2569 est.
1147 2511 1435 2578 impetrare
1459 2553 1476 2579 ,
1507 2527 1612 2566 non
1649 2513 1962 2582 prohibetur
1982 2529 2080 2582 per

491 2595 775 2649 diaconum
817 2612 969 2650 suum
1001 2611 1228 2666 rogare,
1270 2614 1336 2654 ac
1373 2600 1676 2669 significare
1706 2601 1785 2656 his
1813 2617 1950 2670 quos
1979 2603 2080 2657 scit

491 2684 774 2756 benignam
806 2687 1246 2745 intercessionem
1281 2691 1492 2745 absenti
1523 2707 1684 2762 posse
1715 2703 1971 2762 prmstare
1990 2733 2005 2760 ,
2031 2694 2078 2750 si

494 2785 673 2831 tamen
704 2786 1066 2848 Opportunum
1096 2777 1274 2833 fuerit.

497 2889 647 2954 Quod
667 2889 736 2943 ad
755 2892 1054 2944 comitatum
1070 2909 1162 2962 pro
1196 2893 1406 2962 pupillis
1433 2903 1484 2948 et
1509 2897 1694 2962 viduis,
1718 2914 1780 2950 ac
1800 2900 2079 2955 necessita-

891 2968 989 3014 tem
1013 2961 1343 3031 patientibus,
1369 2967 1436 3017 sit
1463 2961 1707 3020 eundum.

564 3047 626 3102 X.
659 3047 762 3114 Qui
809 3065 940 3106 vero
970 3049 1194 3106 Romam
1228 3056 1510 3119 venerint,
1542 3057 1680 3112 sicut
1731 3058 1929 3115 dictum
1961 3070 2073 3128 est,

492 3139 833 3195 sanctissimo
873 3138 1022 3195 fratri
1048 3153 1103 3196 et
1129 3145 1454 3215 coepiscopo
1477 3156 1665 3203 nostro
1693 3148 1947 3206 Romana:
1971 3152 2073 3208 Ec-
2101 3147 2146 3209 C

493 3229 672 3284 clesite
700 3247 905 3301 preces,
932 3247 1067 3302 quas
1099 3235 1315 3301 habent,
1367 3238 1596 3304 tradant,
1632 3250 1690 3294 ut
1718 3248 1773 3296 et
1800 3241 1914 3311 ipse
1931 3245 2078 3312 prius

491 3323 806 3387 examinet,
839 3325 881 3378 si
913 3325 1152 3379 honestae
1203 3335 1258 3380 et
1289 3327 1444 3395 justas
1473 3337 1624 3396 sunt,
1674 3339 1728 3385 et
1756 3342 1970 3400 prmstet
1998 3335 2073 3388 di-

493 3413 770 3482 ligentiam
818 3423 980 3486 atque
1026 3418 1480 3489 sollicitudinem,
1531 3430 1588 3476 ut
1629 3424 1699 3478 ad
1763 3428 2077 3481 comitatum

491 3504 851 3576 perferantur.
904 3505 1150 3565 Universi
1196 3511 1444 3568 dixerunt
1484 3515 1700 3584 placere
1730 3517 1831 3572 sibi
1860 3557 1873 3581 ,
1904 3528 1959 3572 et
1987 3520 2080 3575 ho-

491 3605 704 3650 nestum
733 3611 854 3653 esse
896 3600 1201 3654 consilium.
1234 3603 1456 3674 Alypius
1493 3606 1780 3676 episcopus
1809 3608 1943 3663 dixit
1973 3627 1985 3661 :
2017 3608 2071 3663 Si

490 3697 712 3759 propter
739 3692 969 3761 pupillos
1014 3701 1070 3748 et
1106 3694 1322 3761 viduas,
1355 3697 1441 3750 vel
1474 3697 1803 3768 laborantes,
1831 3701 1920 3770 qui
1950 3717 2077 3756 cau-

489 3793 578 3832 sas
619 3779 829 3848 iniquas
867 3783 1107 3849 habent,
1137 3787 1474 3854 susceperint
1514 3789 1961 3856 peregrinationis
1989 3791 2076 3844 in-

491 3869 795 3935 commoda,
826 3872 1098 3927 habebunt
1123 3875 1322 3942 aliquid
1347 3877 1599 3942 rationis;
1625 3895 1766 3933 nunc
1793 3894 1923 3934 vero
1954 3896 2075 3935 cum

490 3975 556 4014 ea
580 3962 853 4029 postulent
871 3965 1160 4035 praecipue,
1190 3981 1309 4034 quze
1333 3967 1449 4022 sine
1477 3970 1672 4024 invidia
1698 3972 1996 4041 hominum,
2019 3983 2075 4028 et

489 4051 606 4105 sine
632 4043 1056 4122 reprehensione
1078 4071 1198 4111 esse
1215 4073 1321 4112 non
1349 4059 1577 4128 possint,
1601 4076 1710 4116 non
1739 4078 1962 4119 necesse
1990 4073 2076 4121 est

490 4140 666 4210 ipsum
686 4141 765 4198 ire
794 4144 862 4199 ad
891 4147 1226 4201 comitatum.

495 4253 566 4310 Ut
607 4259 692 4328 qui
731 4259 788 4312 in
817 4261 988 4314 canali
1031 4268 1150 4343 sunt
1175 4263 1440 4343 ’episcopi
1463 4274 1637 4320 euntes
1684 4267 1755 4321 ad
1773 4270 2074 4326 comitatum

1019 4331 1237 4386 sollicite
1257 4331 1556 4388 discutiant.

562 4414 653 4470 XI.
672 4417 1003 4473 Gaudentius
1025 4420 1312 4491 episcopus
1346 4423 1517 4478 dixit:
1543 4424 1620 4479 Ea
1646 4443 1766 4496 qum
1786 4429 2075 4484 salubriter

2184 1607 2364 1654 tamen
2391 1601 2582 1657 redeat
2607 1604 2660 1658 in
2689 1607 3002 1674 parochiam
3029 1625 3202 1665 suam.

2397 1711 2479 1766 De
2506 1713 2651 1768 laicis
2673 1733 2777 1771 non
2800 1725 2985 1774 temere
3005 1723 3259 1791 faciendis
3282 1726 3553 1799 episcopis.

2254 1819 2383 1904 XIII.
2415 1821 2567 1879 Osius
2580 1827 2863 1897 episcopus
2885 1831 3017 1886 dixit
3033 1853 3045 1886 :
3061 1831 3128 1888 Et
3144 1835 3246 1892 hoc
3261 1843 3620 1898 necessarium
3632 1846 3774 1901 arbi-

2183 1917 2324 1978 tror,
2362 1915 3121 1990 utdiligentissimetractctis,
3158 1927 3200 1980 si
3238 1927 3377 1984 forte
3398 1933 3654 1990 autdives
3675 1948 3773 1993 aut

2183 2002 2535 2061 scholasticus
2555 2007 2620 2061 de
2648 2007 2788 2078 foro,
2803 2020 2895 2066 aut
2917 2029 2986 2068 ex
3005 2016 3466 2078 administratione
3487 2026 3774 2098 episcopus

2181 2091 2341 2147 fuerit
2375 2096 2704 2164 postulatus,
2734 2109 2794 2155 ut
2823 2118 2928 2157 non
2961 2105 3108 2174 prius
3151 2109 3428 2166 ordinetur
3464 2091 3565 2168 nisi
3595 2127 3650 2170 et
3669 2091 3767 2173 le-

2181 2183 2350 2238 ctoris
2401 2201 2624 2243 munere
2657 2197 2711 2243 et
2733 2190 2912 2248 officio
2934 2194 3144 2251 diaconi
3167 2208 3258 2253 aut
3283 2202 3584 2275 presbyteri
3606 2208 3772 2264 fuerit

2181 2273 2510 2342 perfunctus,
2547 2288 2604 2332 ut
2633 2295 2731 2348 per
2769 2281 3006 2352 singulos
3032 2287 3259 2355 gradus,
3290 2290 3336 2345 si
3357 2273 3547 2361 dignus
3573 2295 3766 2363 fuerit,

2181 2365 2438 2420 ascendat
2464 2367 2529 2421 ad
2552 2369 2763 2424 culmen
2779 2372 3140 2443 episc0patus.
3166 2375 3351 2434 Potest
3379 2383 3520 2436 enim
3549 2400 3647 2454 per
3668 2386 3771 2442 has

2181 2457 2571 2522 promotiones,
2595 2474 2714 2528 qua:
2739 2461 3012 2518 habebunt
3041 2465 3223 2535 utique
3235 2470 3502 2538 prolixum
3529 2481 3766 2545 tempus,

2180 2546 2400 2614 probari
2423 2562 2526 2615 qua
2566 2547 2669 2604 fide
2697 2552 2793 2618 sit,
2825 2567 2929 2622 qua
2960 2557 3240 2624 modestia,
3267 2575 3368 2629 qua
3401 2565 3688 2634 gravitate,
3711 2577 3770 2622 et

2180 2639 2521 2693 verecundia.
2557 2639 2622 2694 Et
2652 2642 2694 2695 si
2721 2643 2910 2710 dignus
2938 2645 3100 2702 fuerit
3126 2650 3386 2718 probatus
3410 2693 3425 2720 ,
3457 2655 3641 2712 divino
3679 2674 3770 2714 sa-

2179 2726 2422 2782 cerdotio
2471 2729 2770 2786 illustretur
2792 2774 2807 2798 ,
2859 2737 2985 2804 quia
3020 2741 3345 2798 conveniens
3374 2760 3479 2799 non
3510 2755 3592 2802 est
3616 2788 3632 2813 ,
3664 2765 3770 2806 nec

2180 2816 2318 2871 ratio
2357 2819 2444 2872 vel
2489 2819 2769 2890 disciplina
2799 2825 3020 2893 patitur,
3046 2836 3102 2880 ut
3142 2836 3346 2886 temere
3377 2840 3433 2886 et
3461 2833 3651 2890 leviter
3676 2855 3771 2892 oro

2179 2904 2396 2961 dinetur
2420 2916 2512 2962 aut
2537 2911 2844 2981 episcopus,
2874 2923 2968 2968 aut
2994 2917 3277 2988 presbyter
3299 2960 3315 2986 ,
3362 2932 3455 2976 aut
3481 2923 3765 2995 diaconus,

2179 2997 2412 3052 maxime
2440 3014 2562 3053 cum
2584 3008 2639 3055 et
2669 3003 2924 3073 magister
2948 3008 3187 3073 gentium
3238 3009 3525 3080 Apostolus
3552 3032 3622 3071 ne
3661 3018 3769 3076 hoc

2179 3085 2723 3149 ﬂeret'denuntiasse
2763 3104 2818 3149 et
2864 3097 3204 3166 prohibuisse
3245 3102 3508 3182 videatur,
3556 3109 3658 3163 sed
3709 3110 3768 3165 lii

2182 3195 2408 3249 quorum
2452 3198 2548 3252 per
2586 3185 2803 3252 longum
2846 3193 3056 3258 tempus
3085 3193 3392 3249 examinata
3438 3197 3509 3252 sit
3558 3201 3667 3254 vita
3712 3210 3771 3256 et

2180 3271 2371 3325 merita
2398 3272 2597 3328 fuerint
2625 3279 2997 3346 comprobata.

2325 3381 2568 3448 Quandiu
2585 3388 2856 3458 episcopus
2877 3391 2930 3442 in
2951 3390 3121 3446 aliena
3149 3393 3354 3449 civitate
3376 3408 3619 3456 moretur.

2251 3497 2391 3553 XIV.
2453 3499 2610 3555 Osius
2661 3503 2947 3574 episcopus
3003 3488 3138 3561 dixit
3200 3527 3214 3560 :
3291 3509 3355 3563 Et
3400 3512 3504 3568 hoc
3551 3527 3772 3583 quoque

2178 3597 2418 3645 statuere
2468 3591 2706 3657 debetis,
2751 3603 2808 3649 ut
2855 3611 2923 3650 ex
2972 3599 3076 3652 alia
3133 3601 3351 3656 civitate
3387 3618 3510 3658 cum
3557 3607 3772 3660 venerit

2179 3682 2247 3736 ad
2304 3684 2464 3737 aliam
2525 3685 2841 3754 civitatem,
2904 3688 2991 3743 vel
3043 3706 3111 3745 ex
3181 3694 3458 3761 provincia
3530 3710 3625 3750 sua
3697 3699 3773 3752 ad

2179 3771 2342 3824 aliam
2373 3774 2746 3842 provinciam,
2777 3785 2833 3829 et
2876 3778 3157 3834 ambitioni
3203 3781 3372 3849 magis
3398 3797 3558 3851 quam
3598 3785 3770 3839 devo-

2177 3862 2312 3916 tioni
2344 3866 2584 3920 serviens
2614 3866 2842 3921 voluerit
2867 3871 2922 3922 in
2969 3870 3145 3926 aliena
3183 3873 3404 3927 civitate
3432 3874 3600 3928 multo
3629 3884 3773 3930 tem-

2175 3973 2310 4028 pore
2335 3959 2593 4014 residere.
2626 3960 2789 4018 Forte
2808 3967 2951 4020 enim
2973 3967 3155 4021 evenit
3188 3967 3501 4038 episcopum
3528 3969 3632 4025 loci
3655 3987 3769 4026 non

2176 4063 2294 4103 esse
2323 4057 2432 4103 tam
2485 4050 2803 4108 instructum
2827 4095 2842 4121 ,
2887 4071 3062 4125 neque
3109 4065 3216 4111 tam
3254 4057 3492 4124 doctum,
3531 4061 3578 4116 is
3627 4076 3768 4118 vero

2175 4141 2266 4208 qui
2293 4141 2508 4195 advenit
2535 4143 2758 4213 incipiat
2785 4155 3136 4204 contemnere
3178 4163 3332 4217 eum,
3365 4159 3422 4206 et
3449 4153 3768 4222 frequenter

2175 4227 2361 4306 facere
2405 4245 2748 4300 sermonem,
2789 4244 2850 4291 ut
2898 4237 3220 4293 dehonestet
3264 4249 3320 4295 et
3357 4240 3590 4296 infirmet
3618 4243 3768 4297 illius

2174 4336 2462 4390 personam
2487 4363 2503 4390 ,
2531 4325 2604 4378 ita
2628 4333 2687 4380 ut
2713 4341 2781 4381 ex
2803 4328 2906 4382 hac
2927 4329 3212 4384 occasione
3235 4346 3344 4385 non
3374 4331 3583 4388 dubitet
3599 4331 3770 4386 relin-

2175 4425 2341 4480 quere
2370 4414 2697 4482 assignatam
2727 4417 2829 4471 sibi
2859 4416 3182 4484 Ecclesiam,
3207 4429 3260 4475 et
3283 4429 3518 4483 transeat
3538 4423 3605 4476 ad
3633 4424 3768 4478 alie-

490 4508 799 4578 providistis
837 4510 1215 4566 convenientia
1241 4553 1258 4580 ,
1287 4521 1342 4567 et
1369 4516 1727 4572 testimatione
1747 4521 1988 4574 omnium
2019 4530 2074 4576 et
2102 4523 2154 4582 D
2179 4517 2324 4555 “am-
2357 4503 2583 4560 θθίίηίιθ
2613 4520 2743 4575 ergo
2797 4514 3010 4579 tempus
3033 4549 3049 4575 ν
3080 4511 3205 4580 quia
3229 4520 3284 4566 ει
3311 4527 3418 4567 υοη
3448 4513 3616 4582 “Cipi
3644 4514 3769 4584 ei)"

493 4599 606 4654 Dco
624 4600 902 4669 placitura,
933 4610 1118 4656 tenere
1134 4603 1273 4658 hanc
1297 4602 1603 4660 ﬁrmitatem
1627 4619 1872 4676 possunt,
1897 4611 1941 4664 si
1964 4627 2072 4666 me-

493 4702 582 4749 tus
603 4694 731 4749 huic
756 4696 1037 4751 sententia:
1063 4695 1439 4765 conjungatur.
1460 4698 1671 4754 Scimus
1700 4701 1840 4756 enim
1871 4710 1926 4756 et
1968 4703 2067 4773 ipsi

489 4787 786 4858 smpissime
810 4795 1032 4860 propter
1044 4804 1337 4859 paucorum
1358 4791 1740 4861 impudentiam
1763 4795 2068 4862 religiosum

489 4879 826 4937 sacerdotale
852 4895 1048 4936 nomen
1078 4881 1241 4936 fuisse
1262 4883 1667 4952 reprehensum.
1700 4885 1756 4938 Si
1787 4886 1947 4953 igitur
1967 4887 2069 4942 ali-

489 4971 609 5040 quis
632 4979 823 5028 contra
852 4973 1089 5028 omnium
1114 4975 1433 5029 sententiam
1463 4977 1608 5031 nisus
1636 4977 1868 5032 voluerit
1895 4980 2064 5034 ambi-

493 5064 622 5118 tioni
668 5065 838 5132 magis
858 5063 1078 5134 placere
1099 5080 1259 5134 quam
1303 5065 1438 5135 Deo,
1465 5067 1512 5121 is
1537 5066 1696 5124 debet
1715 5069 1870 5137 scire,
1893 5072 2071 5127 causis

487 5153 739 5218 redditis,
789 5155 1052 5210 honorem
1103 5155 1637 5226 dignitatemquese
1700 5144 2064 5216 amissurum:

487 5241 631 5308 quod
674 5243 749 5297 ita
793 5243 1008 5299 demum
1049 5247 1306 5317 compleri
1351 5249 1566 5316 poterit,
1609 5248 1654 5303 si
1705 5251 2069 5320 unusquisque

491 5338 728 5385 nostrum
746 5373 761 5398 ,
789 5335 880 5402 qui
909 5335 960 5388 in
990 5336 1163 5390 canali
1187 5337 1516 5393 constitutus
1542 5347 1665 5407 est,
1694 5355 1814 5394 cum
1838 5355 2066 5410 progre-

489 5419 725 5474 dientem
750 5424 1060 5495 episcopum
1088 5427 1280 5483 viderit
1305 5469 1320 5494 ,
1353 5429 1588 5498 inquirat
1612 5432 1897 5486 transitum
1928 5432 2064 5500 ejus,

487 5523 679 5564 causas
701 5511 903 5582 videat,
931 5530 1038 5584 quo
1068 5517 1253 5587 tendat
1274 5530 1558 5588 agnoscat;
1583 5528 1639 5574 et
1659 5521 1920 5589 siquidem
1944 5537 2066 5576 eum

490 5601 754 5657 invenerit
781 5603 856 5658 ire
882 5605 950 5660 ad
975 5609 1288 5663 comitatum
1315 5652 1332 5678 ,
1364 5612 1604 5680 requirat
1647 5619 1702 5666 et
1730 5612 1879 5678 illud,
1917 5613 2064 5682 quod

487 5695 734 5764 superius
756 5698 1203 5768 comprehensum
1241 5711 1342 5768 est,
1406 5718 1474 5756 ne
1504 5705 1642 5759 forte
1681 5705 1934 5761 invitatus
1962 5716 2064 5770 est,

491 5795 552 5841 ut
575 5785 624 5842 ei
646 5786 870 5846 facultas
895 5788 1057 5846 cuudi
1084 5793 1444 5857 permittatur.
1472 5795 1528 5851 Si
1557 5811 1714 5861 vero,
1746 5807 1801 5852 ut
1823 5799 2067 5866 superius

2178 4607 2401 4662 scopum
2430 4594 2778 4651 inhumanum
2801 4608 2904 4662 est,
2930 4607 2986 4654 et
3013 4599 3056 4655 si
3084 4602 3281 4655 diutius
3303 4602 3560 4666 resideat,
3581 4605 3767 4673 perni-

2178 4683 2382 4738 ciosum
2413 4693 2533 4740 est:
2566 4687 2671 4742 hoc
2691 4703 2820 4758 ergo
2850 4705 2918 4744 ne
2941 4690 3066 4758 fiat,
3097 4692 3485 4761 providendum
3516 4703 3617 4748 est.
3652 4694 3769 4749 Me-

2177 4774 2307 4828 mini
2327 4784 2505 4831 autem
2535 4779 2815 4847 superiore
2844 4781 3073 4836 concilio
3103 4781 3296 4838 fratres
3327 4793 3538 4838 nostros
3563 4785 3770 4838 consti-

2180 4866 2347 4920 tuisse
2402 4875 2462 4921 ut
2511 4868 2555 4922 si
2601 4871 2720 4938 quis
2768 4871 2936 4926 laicus
2967 4873 3018 4926 in
3049 4888 3111 4928 ea
3137 4916 3153 4941 ,
3183 4875 3236 4927 in
3264 4889 3368 4943 qua
3397 4884 3770 4931 commoratur

2180 4955 2414 5023 civitate,
2441 4967 2548 5013 tres
2578 4959 2877 5019 dominicos
2906 4963 3038 5030 dies,
3075 4965 3126 5019 id
3156 4975 3238 5019 est
3260 4983 3356 5035 per
3379 4975 3487 5022 tres
3516 4969 3772 5037 septima-

2175 5063 2290 5113 nas,
2313 5063 2416 5102 non
2447 5049 2773 5106 celebrasset
2801 5065 3148 5125 conventum,
3179 5060 3559 5112 communione
3579 5059 3764 5128 priva-

2172 5151 2340 5197 retur.
2391 5143 2449 5198 Si
2498 5144 2615 5200 haec
2643 5147 2785 5201 circa
2832 5148 3000 5205 laicos
3040 5153 3333 5206 constituta
3381 5160 3544 5219 sunt,
3593 5153 3764 5206 multo

2173 5233 2342 5301 magis
2369 5235 2627 5305 episcopo
2646 5251 2745 5293 nec
2769 5237 2916 5304 licet,
2942 5256 3042 5296 nec
3090 5241 3278 5308 decet,
3308 5243 3352 5296 si
3377 5243 3521 5296 nulla
3551 5244 3621 5298 sit
3651 5252 3765 5298 tam

2171 5326 2346 5394 gravis
2387 5328 2680 5382 necessitas
2718 5344 2836 5398 qua:
2865 5331 3104 5385 detineat
3150 5339 3210 5386 ut
3248 5333 3477 5402 amplius
3506 5347 3537 5386 a
3566 5348 3765 5402 supra-

2176 5415 2376 5484 scripto
2405 5424 2647 5486 tempore
2675 5419 2870 5474 absens
2897 5421 2968 5475 sit
2996 5421 3063 5475 ab
3103 5419 3344 5477 Ecclesia
3365 5437 3481 5477 sua.
3514 5421 3767 5480 Universi

2175 5503 2427 5558 dixerunt
2457 5507 2672 5574 placere
2699 5508 2820 5561 sibi.
3423 5501 3427 5508 ’

2176 5615 2261 5670 Ne
2301 5618 2452 5672 liceat
2477 5622 2720 5696 episcopo
2751 5639 2784 5676 a
2812 5639 2905 5696 sua
2949 5621 3182 5696 Ecclesia
3223 5624 3338 5691 plus
3371 5625 3533 5679 tribus
3562 5624 3765 5678 hebdo-

2733 5693 2967 5747 madibus
2998 5691 3192 5750 abesse.
3585 5725 3614 5752 ο

2249 5798 2357 5856 XV.
2391 5799 2547 5858 Osius
2577 5804 2858 5876 cpiscopus
2882 5805 3016 5863 dixit
3049 5824 3060 5862 :
3095 5806 3227 5874 Quia
3260 5807 3390 5864 nihil
3421 5807 3762 5880 praetermitti
