4104 6480
463 273 565 331 183

1744 267 2100 328 DIONYSIUS
2126 265 2436 328 EXIGUUS.

3621 266 3728 321 186

461 392 686 454 dissent,
707 373 1006 444 astantibus
1025 384 1288 453 diaconis,
1311 385 1556 442 Aurelius
1575 385 1864 457 episcopus
1881 385 2035 441 dixit:
2069 392 2120 450 Α
2148 387 2204 441 in
2233 392 2505 458 potestate
2530 384 2768 454 episcopi
2795 383 2922 455 quid
2957 383 3123 450 velit,
3151 391 3210 439 et
3254 384 3385 454 quid
3431 383 3726 442 existimet.

463 478 592 533 l’ost
611 478 754 532 diem
783 477 1134 548 ptzestitntam
1162 475 1401 542 concilii,
1430 483 1490 530 ut
1515 475 1899 543 recordamini,
1927 474 2038 530 fra-

463 575 573 622 tres
614 566 928 629 beatissimi,
979 565 1145 619 multa
1173 562 1412 631 ﬁagitata
1454 573 1608 630 sunt,
1665 574 2042 636 exspectantes

463 657 658 712 fratres
694 667 927 725 nostros,
949 657 1038 725 qui
1069 672 1208 712 nunc
1229 657 1296 737 ad
1326 666 1642 728 przesentem
1671 658 1934 729 synodum
1972 658 2044 713 le-

463 749 574 819 gati
619 749 967 813 advenerunt,
996 763 1115 818 qua:
1154 748 1319 815 gestis
1348 763 1570 804 necesse
1608 757 1691 803 est
1718 749 1994 804 socientur
2024 766 2037 802 :

465 856 568 909 qua
598 839 666 895 de
695 855 754 894 re
787 839 1013 893 Domino
1035 840 1146 894 Deo
1178 847 1361 893 nostro
1385 838 1452 893 de
1475 848 1638 892 tanta:
1663 838 2041 909 congregatio-

469 930 552 984 nis
592 937 732 984 cmtu
759 930 958 997 gratias
995 927 1296 982 referimus.
1339 926 1600 998 Superest
1637 935 1697 981 ut
1724 935 1833 981 tam
1860 942 2045 982 exem-

467 1021 639 1092 plaria
664 1021 863 1076 Nicazni
893 1019 1138 1084 concilii,
1170 1033 1288 1088 qum
1312 1033 1455 1073 nunc
1477 1018 1734 1074 habemus
1756 1059 1772 1085 ,
1803 1025 1860 1074 et
1887 1034 1916 1072 a
1942 1016 2047 1074 Pa-

467 1110 637 1166 tribus
664 1109 956 1165 constituta
980 1116 1136 1176 sunt,
1169 1124 1329 1179 quam
1358 1109 1520 1163 etiam
1546 1109 1636 1163 hic
1685 1125 1715 1164 a
1743 1108 2046 1166 decessori-

468 1201 568 1256 bus
597 1200 796 1256 nostris
824 1200 1068 1256 eamdem
1096 1200 1360 1273 synodum
1387 1199 1682 1268 ﬁrmantes,
1705 1201 1790 1256 vel
1817 1215 1937 1270 quat
1960 1218 2047 1259 se-

467 1293 702 1350 cundum
756 1293 983 1349 formam
1026 1309 1124 1364 per
1169 1309 1358 1352 omnes
1404 1293 1725 1350 clericorum
1771 1296 1986 1364 gradus,
2017 1311 2049 1351 a

468 1399 684 1440 summo
713 1399 884 1454 usque
909 1385 977 1440 ad
1006 1385 1274 1450 ultimum,
1319 1385 1609 1441 salubriter
1652 1385 1898 1441 ordinata
1926 1395 2052 1442 sunt

468 1477 524 1530 in
546 1475 780 1531 medium
809 1475 1170 1546 proferantur.
1195 1475 1277 1532 Ab
1304 1476 1556 1532 universo
1585 1476 1819 1532 concilio
1847 1477 2049 1532 dictum

467 1575 553 1622 est
575 1585 589 1621 :
615 1566 982 1623 Proferantur.

542 1656 728 1711 Daniel
757 1657 996 1712 notarius
1015 1656 1284 1712 recitavit.
1315 1655 1516 1711 Nicaani
1545 1656 1761 1710 concilii
1790 1655 1910 1711 ﬁdei
1930 1671 2052 1726 pro-

2141 475 2214 532 Et
2253 477 2301 532 si
2343 476 2647 532 decreverit
2691 476 2984 534 mittendos
3019 489 3139 532 esse
3165 477 3257 546 qui
3283 485 3580 546 pmsentes
3601 491 3730 530 cum

2143 567 2412 636 episcopis
2433 565 2694 636 judicent,
2721 567 2982 622 habentes
3003 568 3380 624 auctoritatem
3403 566 3538 636 ejus,
3563 581 3596 621 a
3617 582 3732 636 quo

2143 657 2394 712 destinati
2419 666 2560 724 sunt,
2584 659 2688 713 erit
2709 658 2762 712 in
2783 658 2903 727 ejus
2931 659 3174 715 arbitrio.
3206 657 3263 715 Si
3287 675 3418 714 vero
3439 659 3733 715 crediderit

2143 748 2393 804 sufﬁcere
2415 749 2700 818 episcopos
2725 788 2742 814 ,
2769 757 2828 802 ut
2855 750 3074 818 negotio
3102 751 3387 804 terminum
3416 750 3730 818 imponant,

2143 838 2308 894 faciet
2330 829 2472 908 quod
2512 838 2913 908 sapientissimo
2937 839 3166 894 consilio
3193 855 3291 894 suo
3312 839 3655 908 judicaverit.

2217 930 2285 985 Et
2313 945 2437 986 cum
2463 923 2742 997 recitaret,
2770 929 2992 1001 Alypius
3018 931 3307 1001 episcopus
3335 929 3590 986 Ecclesia:
3625 929 3732 984 Tac

2145 1021 2433 1091 gastensis,
2481 1021 2695 1088 legatus
2749 1020 3043 1090 provincia:
3098 1020 3377 1101 Numidiae,
3427 1021 3608 1075 dixit:
3653 1020 3732 1076 De

2146 1111 2254 1165 hoc
2303 1109 2416 1179 jam
2460 1110 2827 1181 superioribus
2871 1111 3032 1165 etiam
3080 1111 3272 1166 litteris
3314 1112 3530 1167 concilii
3559 1111 3732 1166 nostri

2146 1203 2543 1273 rescripsimus.
2591 1209 2646 1256 et
2679 1203 2730 1258 id
2757 1217 2856 1258 nos
2878 1211 3188 1258 servaturos
3215 1202 3562 1272 proﬁtemur,
3585 1201 3732 1272 quod

2149 1294 2202 1348 in
2229 1293 2443 1348 Niczeno
2462 1294 2694 1348 concilio
2717 1294 3066 1349 constitutum
3097 1301 3208 1360 est;
3241 1294 3416 1348 adhuc
3444 1303 3621 1349 tamen
3644 1309 3734 1349 me

2148 1390 2364 1448 movet,
2396 1382 2669 1454 quomodo
2701 1398 2824 1437 cum
2871 1384 3263 1453 inspiceremus
3309 1382 3493 1438 Graeca
3541 1399 3732 1440 exem-

2149 1473 2320 1544 plaria
2349 1472 2508 1542 hujus
2536 1473 2726 1543 synodi
2752 1473 3009 1539 Nicaeum,
3043 1474 3145 1530 ista
3174 1473 3277 1538 ibi,
3305 1475 3488 1529 nescio
3516 1489 3623 1543 qua
3644 1489 3735 1528 ra-

2152 1566 2303 1622 tione
2329 1603 2344 1629 ,
2377 1565 2599 1619 minime
2644 1565 2970 1634 invenimus,
2998 1565 3142 1620 unde
3169 1565 3400 1635 petimus
3427 1565 3735 1620 veneratio-

2152 1669 2276 1708 nem
2306 1663 2450 1708 tuam
2476 1696 2491 1720 ,
2518 1661 2704 1709 sancte
2732 1669 2870 1724 papa
2902 1654 3104 1722 Aureli,
3137 1663 3194 1710 ut
3217 1655 3343 1724 quia
3371 1654 3477 1711 hoc
3500 1655 3735 1710 authen-

468 1749 662 1818 fcssio,
693 1750 778 1805 vel
805 1757 1005 1804 statuta
1040 1750 1115 1804 ita
1163 1764 1224 1805 se
1268 1750 1470 1805 habent
1495 1791 1512 1816 ,
1546 1757 1601 1804 et
1645 1764 1765 1805 cum
1794 1749 2001 1804 diceret
2029 1791 2046 1818 ,
2079 1752 2124 1812 Β
2152 1745 2318 1799 ticum
2345 1745 2628 1800 concilium
2663 1745 2935 1801 Nicaznum
2977 1747 3031 1800 in
3058 1748 3191 1802 urbe
3216 1745 3412 1802 dicitur
3441 1761 3558 1802 esse
3585 1745 3735 1802 Con-

468 1839 754 1895 Faustinus
767 1840 1053 1911 episcopus
1079 1839 1250 1909 plebis
1279 1839 1599 1904 Potentinae,
1628 1839 1918 1908 provincia:
1945 1837 2051 1892 ita-

471 1933 556 1987 lia:
583 1929 765 1986 Piceni
795 1973 812 1998 ,
859 1929 1070 1998 legatus
1098 1928 1256 1983 Rom.
1287 1927 1542 1984 Ecclesia:
1585 1929 1719 1984 dixit
1745 1947 1757 1980 :
1807 1928 2050 1997 Injuncta

471 2026 626 2080 nobis
653 2035 780 2080 sunt
807 2038 838 2077 a
879 2023 1006 2077 sede
1031 2021 1332 2092 apostolica
1360 2021 1541 2090 aliqua
1569 2037 1666 2091 per
1692 2022 2013 2091 scripturam
2032 2063 2048 2088 ,

471 2107 652 2185 ali'qua
695 2113 942 2169 etiamin
992 2112 1292 2180 mandatis,
1341 2128 1462 2166 cum
1507 2121 1684 2167 vestra
1723 2112 2053 2167 beatitudine

475 2202 759 2258 tractanda
784 2244 798 2269 ,
830 2205 970 2256 sicut
998 2202 1048 2254 in
1079 2201 1243 2269 gestis
1286 2201 1653 2270 superioribus
1679 2200 2016 2256 meminimus
2035 2241 2051 2267 ,

471 2292 577 2349 hoc
605 2303 690 2350 est
719 2293 784 2346 de
823 2292 1053 2346 Nicacnis
1097 2292 1413 2355 canonibus,
1456 2299 1515 2346 ut
1564 2300 1970 2358 conserventur,
2000 2299 2054 2346 et

471 2386 768 2440 constituta
797 2397 984 2438 eorum
1004 2423 1019 2448 ,
1050 2391 1106 2436 et
1135 2380 1494 2448 consuetudo,
1521 2381 1646 2449 quia
1672 2388 1726 2435 et
1748 2380 1931 2448 aliqua
1960 2395 2055 2434 or-

471 2475 597 2531 dine
641 2483 698 2529 et
749 2488 957 2528 canone
987 2479 1272 2539 tenentur,
1324 2471 1504 2539 aliqua
1551 2470 1941 2526 consuetudine
1967 2470 2058 2524 ﬁr-

471 2575 613 2622 mata
639 2571 783 2620 sunt.
817 2564 892 2619 De
921 2563 1006 2617 his
1034 2575 1163 2630 ergo
1206 2562 1452 2632 primitus
1475 2601 1490 2626 ,
1522 2561 1568 2615 si
1597 2560 1776 2629 placet
1817 2560 2054 2614 beatitu-

471 2657 577 2712 dini
606 2663 796 2710 vestrae
819 2697 836 2723 ,
868 2661 1196 2720 tractemus,
1226 2659 1280 2706 et
1306 2659 1495 2720 postea
1541 2659 1738 2703 caetera
1787 2664 1907 2718 quae
1936 2658 2056 2702 acta

471 2748 557 2802 vel
587 2747 841 2800 inchoata
885 2752 1011 2798 sunt
1058 2743 1259 2796 inserta
1309 2739 1692 2804 ﬁrmabuntur,
1718 2746 1777 2791 ut
1806 2747 1860 2791 et
1885 2737 1952 2792 ad
1973 2752 2054 2793 se-

471 2838 595 2893 dem
623 2834 986 2894 venerandam
1017 2833 1298 2901 rescriptis
1318 2831 1511 2886 vestris
1541 2832 1788 2886 intimare
1808 2833 2053 2902 possitis,

471 2931 542 2986 ad
592 2945 712 3000 qua:
760 2944 861 2984 nos
910 2927 1253 2981 admonuisse
1302 2924 1446 2993 apud
1473 2925 1830 2979 venerabilem
1861 2940 2055 2994 papam

423 3066 426 3070 .
471 3022 752 3077 evidenter
780 3019 1011 3083 clareat,
1043 3015 1173 3070 licet
1198 3023 1253 3070 et
1281 3014 1518 3084 capitula
1540 3014 1812 3068 actionum
1833 3015 1945 3083 jam
1969 3015 2054 3069 in-

2152 1838 2652 1907 stantinopolitana,
2693 1839 2902 1909 aliquos
2925 1854 3044 1894 cum
3067 1840 3283 1910 scriptis
3303 1847 3408 1894 tua:
3432 1837 3738 1894 sanctitatis

2153 1931 2368 1984 mittere
2393 1929 2624 1997 digneris
2649 1968 2662 1994 ,
2695 1939 2751 1985 et
2794 1947 2903 1986 non
2952 1931 3127 1986 solum
3175 1931 3242 1986 ad
3282 1931 3454 2002 ipsum
3485 1939 3736 1986 sanctum

2151 2019 2374 2074 fratrem
2419 2030 2662 2076 nostrum
2709 2010 3360 2090 Constantinopolitanum
3382 2022 3694 2092 episcopum
3714 2058 3738 2088 ,

2153 2111 2251 2166 sed
2282 2111 2446 2166 etiam
2475 2112 2543 2166 ad
2588 2111 3007 2167 Alexandrinum
3037 2155 3053 2179 ,
3083 2120 3138 2166 et
3158 2110 3549 2166 Antiochenum
3575 2127 3740 2166 vene-

2155 2201 2355 2257 rabiles
2405 2203 2755 2267 sacerdotes,
2819 2203 2910 2273 qui
2959 2204 3066 2258 hoc
3118 2203 3275 2258 nobis
3312 2204 3596 2258 concilium
3639 2204 3741 2259 sub

2155 2293 2544 2363 astipulatione
2589 2294 2892 2350 litterarum
2921 2310 3138 2350 suarum
3161 2286 3166 2290 ’
3189 2295 3442 2363 dirigant,
3474 2304 3534 2350 ut
3565 2297 3744 2352 omnis

2156 2383 2502 2452 postmodum
2534 2384 2855 2451 ambiguitas
2885 2384 3161 2440 auferatur
3183 2423 3198 2449 ,
3230 2386 3356 2456 quia
3405 2401 3504 2440 nos
3554 2385 3650 2452 ita,
3685 2396 3744 2441 ut

2156 2473 2325 2528 frater
2345 2473 2634 2529 Faustinus
2668 2475 2874 2540 attulit,
2907 2476 3126 2529 minime
3154 2476 3453 2530 invenimus
3476 2477 3578 2530 ista
3596 2519 3610 2541 ,
3641 2492 3744 2532 nos

2158 2575 2337 2619 tamen
2365 2566 2639 2635 paulisper
2668 2573 3002 2633 servaturos,
3032 2574 3091 2620 ut
3117 2574 3276 2620 antea
3304 2565 3431 2631 dixi,
3461 2566 3633 2622 donec
3662 2567 3746 2620 in-

2158 2664 2308 2724 tegra
2337 2656 2671 2724 exemplaria
2700 2657 2959 2722 veniant,
2992 2657 3325 2727 profitemur.
3373 2658 3636 2712 Petendus
3662 2665 3746 2712 est

2157 2755 2338 2800 autem
2370 2746 2565 2801 litteris
2593 2747 2792 2801 nostris
2813 2747 2976 2801 etiam
3005 2747 3327 2802 venerabilis
3353 2746 3605 2802 Ecclesiae
3635 2746 3747 2800 Rn-

2157 2852 2330 2891 manaa
2360 2839 2645 2907 episcopus
2675 2825 3003 2903 Bonifacius,
3033 2845 3092 2891 ut
3120 2839 3233 2907 ipse
3254 2851 3470 2906 quoque
3497 2837 3748 2905 dignetur

2157 2926 2222 2980 ad
2264 2935 2594 2980 memoratas
2626 2925 2897 2979 Ecclesias
2927 2926 3140 2994 aliquos
3167 2926 3400 2989 mittere,
3435 2928 3524 2994 qui
3552 2928 3745 2982 eadem

2157 3015 2485 3083 exemplaria
2505 3015 2739 3070 debeant
2761 3014 3072 3068 secundum'
3107 3013 3220 3084 ejus
3251 3015 3451 3083 scripta
3483 3015 3744 3084 perferre,

472 3122 618 3168 serta
670 3112 779 3166 sint
805 3109 987 3179 gestis.
1040 3108 1116 3162 De
1163 3107 1292 3177 ipsis
1335 3122 1464 3177 ergo
1491 3147 1508 3174 ,
1542 3115 1599 3160 ut
1635 3108 1880 3177 superius
1904 3107 2053 3173 dixi,
2081 3111 2128 3174 ο
2159 3120 2301 3159 nunc
2329 3113 2509 3159 autem
2539 3105 2824 3158 memorati
2853 3104 3053 3158 Nicami
3097 3105 3315 3160 concilii
3359 3106 3541 3174 qualia
3569 3122 3747 3161 exem-

473 3204 600 3276 qnid
629 3210 821 3257 vestra;
848 3199 1162 3254 beatitudini
1181 3199 1424 3268 placeat,
1461 3213 1619 3267 agere
1641 3199 1916 3254 debemus.
1946 3199 2054 3253 Ve—

471 3296 587 3350 niat
615 3307 743 3362 ergo
772 3291 1242 3347 commonitorium
1266 3290 1318 3343 in
1344 3290 1598 3356 medium,
1632 3299 1689 3344 ut
1719 3293 1858 3346 scire
1883 3293 2053 3361 possit

469 3395 649 3442 vestra
673 3383 950 3441 beatitudo
979 3381 1105 3451 quid
1137 3381 1191 3435 in
1233 3396 1300 3436 eo
1345 3381 1723 3451 contineatur,
1762 3391 1821 3435 ut
1849 3382 1916 3436 ad
1943 3384 2053 3436 sin-

469 3477 593 3545 gula
625 3477 1039 3544 reSpoiuleatur.

543 3566 789 3622 Aurelius
808 3566 1095 3634 episcopus
1123 3564 1261 3620 dixit
1293 3583 1306 3618 :
1338 3562 1652 3620 Proferatur
1689 3564 2052 3620 commonito-

471 3657 630 3721 rium,
661 3655 805 3726 quod
853 3655 1048 3710 fratres
1095 3663 1150 3710 et
1195 3655 1612 3711 consacerdotes
1631 3656 1801 3710 nostri
1833 3655 1885 3709 in
1915 3656 2053 3710 actis

468 3764 640 3818 nuper
682 3747 1092 3815 allegaverunt,
1124 3754 1178 3801 et
1224 3754 1420 3801 caetera
1452 3761 1572 3816 qua:
1618 3754 1740 3800 acta
1787 3754 1912 3800 sunt
1965 3746 2053 3800 vel

467 3841 674 3908 agenda
713 3849 839 3895 sunt
868 3841 1281 3909 subsequentur.

541 3932 728 3986 Daniel
770 3932 1011 3986 notarius
1061 3933 1324 3985 recitavit.
1377 3921 1861 3985 Commonitorium
1899 3931 2050 3984 fratri

465 4022 743 4087 Faustino,
776 4031 830 4076 et
857 4020 979 4075 ﬁliis
1001 4019 1265 4090 Philippo,
1292 4030 1345 4074 et
1373 4021 1553 4076 Asello
1582 4022 1926 4091 presbyteris,
1951 4021 2052 4076 Ζο-

465 4115 633 4169 simus
660 4114 967 4183 episcopus.
1000 4111 1165 4167 Vobis
1195 4113 1484 4168 commissa
1513 4111 1724 4179 negotia
1754 4126 1859 4166 non
1879 4111 2051 4166 latent

465 4219 593 4270 vos,
625 4203 698 4257 ita
729 4219 793 4257 ac
835 4204 876 4257 si
909 4212 1125 4268 nostra,
1160 4203 1268 4257 imo
1312 4204 1438 4272 quia
1483 4211 1667 4257 nostra
1711 4202 1783 4257 ibi
1815 4203 1869 4255 in
1901 4202 2050 4257 vobis

465 4296 749 4364 praesentia
781 4302 888 4360 est,
923 4305 1114 4349 cuncta
1148 4297 1418 4364 peragite,
1451 4297 1684 4350 maxime
1713 4311 1833 4349 cum
1867 4304 1920 4348 et
1945 4295 2049 4350 hoc

463 4395 705 4439 nostrum
734 4386 950 4453 possitis
973 4385 1175 4440 habere
1205 4386 1516 4440 mandatum
1540 4425 1556 4450 ,
1587 4395 1642 4440 et
1683 4387 1844 4441 verba
1883 4402 2050 4441 cauo—

2153 3196 2326 3266 plaria
2355 3195 2618 3250 habemus
2640 3237 2654 3260 ,
2687 3195 2771 3249 his
2797 3197 2960 3264 gestis
2985 3197 3276 3251 sociamus.

2223 3286 2512 3355 Faustinus
2561 3289 2867 3358 episcopus,
2901 3289 3105 3354 legatus
3155 3285 3412 3342 Ecclesia:
3465 3287 3746 3354 Romanae,

2153 3377 2288 3433 dixit
2315 3394 2327 3430 :
2363 3376 2474 3433 Nec
2502 3387 2682 3433 vestra
2723 3378 2978 3433 sanctitas
3008 3378 3322 3448 przejudicat
3360 3377 3615 3433 Ecclesia:
3643 3377 3748 3434 Ro-

2154 3485 2343 3536 manaa,
2374 3471 2488 3524 sive
2524 3470 2592 3524 de
2621 3469 2726 3524 hoc
2774 3469 3042 3538 capitulo,
3072 3469 3188 3524 sive
3215 3470 3282 3524 de
3323 3470 3458 3535 aliis,
3500 3469 3625 3540 quia
3657 3470 3743 3523 di-

2151 3578 2277 3618 cere
2305 3562 2552 3630 dignatus
2599 3571 2684 3618 est
2710 3561 2875 3616 frater
2902 3569 3087 3616 noster
3125 3570 3182 3617 et
3227 3564 3586 3632 coepiscopus
3613 3563 3746 3638 Aly-

2151 3654 2292 3724 pius,
2315 3652 2504 3708 dubios
2525 3668 2644 3708 esse
2665 3667 2902 3708 canones
2935 3670 2945 3704 :
2977 3651 3075 3707 sed
3115 3653 3227 3706 haec
3252 3653 3368 3722 ipsa
3399 3654 3466 3706 ad
3499 3639 3747 3708 sanctum

2153 3754 2209 3801 et
2247 3745 2614 3800 beatissimum
2642 3760 2836 3814 papam
2877 3753 3121 3798 nostrum
3151 3744 3390 3800 scribere
3431 3744 3745 3812 dignemini,

2152 3845 2212 3891 ut
2230 3845 2285 3891 et
2313 3837 2431 3907 ipse
2459 3837 2695 3904 integros
2725 3851 2964 3890 canones
2986 3837 3258 3906 inquirens
3280 3852 3402 3890 cum
3429 3847 3607 3892 vestra
3627 3852 3750 3890 san-

2153 3927 2341 3981 ctitate
2371 3927 2438 3980 de
2465 3927 2714 3981 omnibus
2743 3927 3049 3980 constitutis
3080 3933 3313 3980 tractare
3342 3927 3530 3997 possit.
3581 3927 3746 3980 Sulli-

2153 4018 2226 4072 cit
2252 4027 2430 4072 autem
2459 4026 2516 4070 ut
2543 4017 2659 4087 ipse
2689 4017 3030 4072 beatissimus
3053 4019 3340 4087 episcopus
3369 4019 3516 4074 urbis
3534 4019 3745 4085 Boium,

2152 4110 2290 4164 sicut
2315 4119 2369 4164 et
2390 4118 2566 4164 vestra
2594 4111 2852 4164 sanctitas
2901 4109 3042 4180 apud
3089 4126 3148 4166 se
3187 4119 3404 4180 tractat,
3433 4112 3504 4167 ita
3532 4122 3588 4167 et
3629 4113 3747 4182 ipse

2152 4200 2407 4269 inquirat,
2436 4215 2504 4255 ne
2531 4201 2806 4255 contentio
2839 4200 2980 4254 inter
3005 4201 3273 4256 Ecclesias
3298 4203 3447 4257 nasci
3479 4203 3745 4271 videatur,

2152 4295 2245 4346 sed
2285 4293 2453 4362 magis
2482 4294 2743 4348 cbaritate
2770 4293 3002 4348 fraterna
3034 4295 3331 4350 deliberare
3360 4297 3597 4365 possitis,
3627 4296 3746 4366 ipso

2153 4383 2504 4448 rescribente,
2532 4383 2672 4452 quod
2702 4383 2894 4438 melius
2915 4385 3189 4438 observari
3217 4385 3430 4440 debeat.

465 4491 614 4540 num,
643 4490 761 4544 quae
792 4475 842 4529 in
871 4476 1166 4544 pleniorem
1199 4475 1504 4531 firmitatem
1527 4477 1652 4533 huic
1685 4479 2044 4533 commonito-
2078 4479 2124 4536 ί)
2223 4473 2468 4526 Aurelius
2485 4474 2768 4542 episcopus
2788 4472 2953 4526 άὶΧίῐε
2979 4471 3318 4537 Pl‘i’eleriSla.
3350 4490 3468 4543 quae
3487 4475 3742 4544 deprum-

464 4567 548 4621 rio
577 4565 920 4620 inseruimus.
966 4565 1044 4620 lta
1075 4567 1216 4622 enim
1244 4568 1495 4622 dixerunt
1525 4568 1718 4623 fratres
1747 4570 1801 4622 in
1832 4568 2050 4623 Nicazno

464 4655 717 4721 concilio,
751 4669 872 4709 cum
903 4655 971 4711 de
997 4657 1375 4728 episc0pornm
1405 4658 1768 4727 appellatione
1796 4658 2051 4713 decerne-

461 4755 604 4802 rent.

533 4837 740 4894 Placuit
779 4846 959 4894 autem
990 4847 1048 4894 ut
1076 4839 1120 4893 si
1148 4840 1432 4910 episcOpus
1462 4847 1752 4894 accusatus
1783 4838 1965 4904 fuerit,
1994 4849 2050 4895 et

457 4913 817 5000 judicaverint
845 4932 1158 4999 congregati
1204 4931 1444 5000 episcopi
1475 4931 1712 4998 regionis
1755 4931 1923 5000 ipsius
1945 4971 1959 4996 ,
1992 4944 2050 4987 et

460 5022 528 5077 de
553 5023 719 5091 gradu
749 5037 846 5076 suo
869 5021 1299 5090 dejeecrinteum
1318 5061 1332 5085 ,
1365 5031 1421 5075 et
1447 5021 1746 5092 appellasse
1765 5022 2044 5090 videatur,

460 5125 516 5168 et
545 5131 644 5168 con
657 5114 850 5184 fugerit
886 5116 954 5169 ad
985 5115 1353 5169 beatissimum
1378 5113 1636 5168 Ecclesize
1665 5113 1922 5168 Romana:
1944 5115 2053 5184 epi-

459 5195 796 5274 scopumfet
823 5205 1057 5259 voluerit
1086 5205 1290 5269 audiri,
1321 5213 1377 5258 et
1419 5204 1620 5273 justum
1654 5207 1959 5274 putaverit,
1991 5214 2052 5260 ut

457 5304 752 5350 renovetur
779 5311 1007 5350 examen
1031 5337 1046 5362 ,
1091 5296 1331 5350 scribere
1361 5295 1443 5348 his
1476 5295 1744 5364 episcopis
1776 5295 2046 5364 dignetur,

457 5387 550 5454 qui
580 5386 634 5439 in
665 5384 888 5439 finitima
928 5393 985 5441 et
1010 5388 1311 5456 propinqua
1345 5387 1622 5456 provincia
1653 5396 1797 5452 sunt,
1858 5397 1914 5441 ut
1945 5388 2045 5458 ipsi

458 5474 744 5541 diligenter
768 5477 948 5529 omnia
978 5457 1286 5546 requirant,
1330 5485 1386 5530 et
1429 5475 1582 5545 juxta
1615 5475 1774 5544 ﬁdem
1804 5457 2048 5532 veritatis

457 5564 737 5621 definiant.
791 5565 943 5634 Quod
987 5567 1031 5621 si
1074 5567 1195 5637 quis
1230 5575 1387 5634 rogat
1427 5583 1643 5622 causam
1675 5583 1824 5622 suam
1850 5569 2041 5622 iterum

455 5656 629 5710 audiri
656 5697 670 5723 ,
701 5665 756 5711 et
783 5657 1164 5728 deprecatione
1186 5673 1283 5714 sua
1318 5646 1547 5713 moverit
1577 5659 1890 5730 episcopum
1932 5658 2042 5712 Ro-

457 5763 700 5820 manum,
742 5759 803 5806 ut
847 5751 914 5808 de
939 5751 1110 5810 latere
1137 5766 1236 5808 suo
1263 5752 1635 5823 presbyterum
1679 5751 1882 5815 mittat,
1941 5751 2045 5807 erit

2153 4565 2356 4634 psimus
2399 4565 2550 4627 actis,
2585 4578 2809 4618 necesse
2838 4572 2921 4617 est
2951 4572 3010 4617 ut
3037 4565 3200 4617 etiam
3230 4573 3430 4618 nostrae
3459 4566 3741 4634 parvitatis

2152 4657 2344 4710 litteris
2370 4664 2562 4710 sancto
2586 4653 2733 4708 fratri
2765 4662 2820 4708 et
2848 4654 3223 4710 consacerdoti
3251 4663 3438 4710 nostro
3465 4655 3744 4712 Bonifacio

2151 4751 2356 4821 singula
2406 4764 2525 4819 quae
2574 4757 2868 4804 tractamus
2906 4748 3214 4818 plenissime
3243 4749 3564 4805 intimemus.
3600 4747 3746 4819 Ergo

2151 4857 2195 4897 sn
2219 4841 2466 4896 omnibus
2485 4841 2663 4910 placet
2681 4840 2986 4911 prosecutio
3009 4848 3214 4906 nostra,
3239 4854 3334 4894 ore
3357 4841 3598 4894 omnium
3622 4855 3748 4896 con-

2150 4936 2436 4990 discamus.
2465 4931 2785 4987 Universum
2813 4933 3101 4987 concilium
3131 4933 3293 4988 dixit:
3326 4932 3532 4988 Placet.

2219 5028 2456 5083 hovatus
2493 5030 2799 5098 episcopus,
2839 5029 3047 5097 legatus
3075 5030 3408 5087 Mauritania:
3450 5029 3743 5100 Sitifensis,

2152 5118 2286 5174 dixit
2317 5138 2328 5171 :
2363 5120 2515 5175 Nunc
2543 5122 2884 5176 meminimus
2908 5122 3012 5178 hoc
3031 5123 3449 5177 commonitorio
3483 5123 3644 5177 etiam
3678 5125 3746 5177 de

2151 5210 2483 5282 presbyteris
2530 5213 2616 5266 vel
2657 5212 2974 5268 diaconibus
3023 5214 3308 5277 contineri,
3368 5215 3602 5282 qualiter
3649 5230 3742 5268 au-

2151 5300 2250 5353 diri
2282 5301 2348 5354 ab
2377 5302 2643 5372 episc0pis
2671 5302 2782 5357 suis
2811 5303 2894 5357 vel
2940 5318 2970 5356 a
3013 5303 3249 5358 ﬁnitimis
3301 5303 3558 5373 debeant,
3599 5304 3744 5373 quod

2158 5389 2210 5444 in
2237 5391 2453 5447 Nicamo
2482 5393 2710 5448 concilio
2736 5394 2955 5450 minime
2995 5393 3242 5463 legimus,
3272 5393 3413 5450 unde
3446 5395 3553 5450 hoc
3573 5395 3744 5464 ipsum

2149 5480 2339 5548 jubeat
2367 5484 2622 5538 sanctitas
2650 5494 2827 5539 vestra
2853 5485 3088 5539 recitari.

2226 5572 2473 5627 Aurelius
2499 5574 2780 5644 episcopus
2795 5575 2932 5630 dixit
2957 5595 2968 5627 :
2995 5576 3272 5630 Recitetur
3293 5575 3358 5630 ad
3381 5575 3556 5630 locum
3579 5577 3744 5630 etiam

2151 5677 2256 5718 noc
2302 5663 2445 5732 quod
2474 5664 2804 5734 deposcitur.
2874 5665 3061 5722 Daniel
3091 5665 3333 5721 notarius
3364 5667 3633 5721 recitavit.
3659 5666 3738 5721 De

2153 5751 2605 5823 appellationibus
2656 5763 2834 5812 autem
2893 5755 3231 5826 clericorum,
3288 5754 3338 5810 id
3389 5764 3472 5812 est
3520 5756 3744 5814 minoris
