4104 6474
282 353 395 413 185

1260 352 1484 409 CODEX
1520 351 1845 409 CANONUM
1884 352 2584 413 ECCLESIASTICORUM.

3466 362 3567 417 138

283 472 419 541 loci,
439 479 524 528 est
552 471 716 542 ipsius
738 469 929 543 synodi
954 476 1099 526 certa
1125 470 1425 539 responsio,
1447 470 1514 525 de
1538 484 1717 538 quare
1739 468 1865 537 quid
1894 474 1943 531 Α
1971 468 2179 525 Asellus
2211 486 2395 527 secum
2433 472 2749 539 attulerunt,
2794 480 2886 527 aut
2920 472 3116 528 ibidem
3145 483 3377 543 reperta,
3408 490 3436 529 a
3470 493 3567 529 no-

282 563 462 619 acturi
488 562 632 628 sitis,
663 562 933 617 credimus
966 560 1337 629 inserendum,
1368 559 1513 630 quod
1559 560 1739 614 taliter
1786 558 1871 613 di-

286 660 436 708 ctum
467 659 568 707 est.

360 739 518 797 Osius
537 742 825 813 episc0pus
845 740 977 795 dixit
1002 758 1014 794 :
1039 738 1175 806 Quid
1204 755 1289 793 me
1318 739 1492 793 adhuc
1514 747 1712 805 movet,
1745 740 1874 795 reti-

286 849 417 913 cere
444 850 551 889 non
594 833 789 888 debeo.
819 832 875 886 Si
924 832 1210 901 episcopus
1238 830 1356 900 quis
1405 829 1540 883 forte
1588 830 1875 885 iracundus

286 1015 548 1071 adversus
570 1015 963 1086 presbyterum,
994 1015 1106 1069 sive
1127 1013 1409 1068 diaconum
1426 1028 1602 1077 suum,
1628 1022 1683 1068 et
1703 1022 1875 1069 exter-

285 1107 500 1161 minare
527 1122 648 1160 eum
697 1106 765 1161 de
806 1105 1045 1161 Ecclesia
1094 1104 1342 1169 voluerit,
1375 1103 1762 1173 providendum
1793 1112 1874 1158 est

285 1211 361 1252 ne
388 1200 650 1253 innocens
677 1198 989 1262 damnetur,
1022 1204 1114 1249 aut
1160 1199 1348 1265 perdat
1396 1196 1830 1249 communionem
1860 1214 1873 1248 :

285 1289 490 1345 habeat
510 1298 831 1360 potestatem
853 1289 1077 1359 ejectus,
1111 1294 1169 1341 ut
1194 1285 1445 1340 ﬁnitimos
1467 1286 1788 1355 interpellet,
1822 1294 1880 1341 ut

288 1394 456 1434 causa
480 1378 596 1446 ejus
620 1378 884 1443 audiatur,
909 1385 965 1431 et
984 1375 1288 1444 diligentius
1311 1381 1591 1435 tractetur,
1622 1374 1745 1441 quia
1768 1390 1876 1427 non

288 1477 513 1537 oportet
540 1481 739 1535 negare
769 1467 819 1521 ei
846 1465 1171 1520 audientiam
1201 1464 1431 1533 roganti.
1458 1462 1525 1516 Et
1545 1463 1634 1517 ille
1663 1464 1877 1532 episco-

288 1570 413 1625 pus,
444 1558 533 1625 qui
564 1563 660 1610 aut
694 1556 837 1626 juste
866 1562 959 1607 aut
986 1553 1181 1621 injuste
1211 1569 1333 1607 eum
1372 1552 1578 1620 rejecit,
1611 1554 1879 1622 patienter

288 1646 549 1708 accipiat,
575 1654 635 1701 ut
680 1648 956 1717 negotium
1010 1646 1346 1711 discutiatur,
1391 1653 1451 1699 ut
1499 1652 1589 1698 aut
1625 1645 1879 1715 probetur

288 1744 433 1806 ejus,
462 1746 554 1791 aut
582 1738 899 1791 emendetur
922 1737 1208 1801 sententia,
1235 1744 1339 1791 etc.

1978 560 2058 613 bis
2086 560 2467 625 firmabuntur;
2504 571 2596 615 aut
2622 563 2666 616 si
2691 578 2797 617 non
2830 563 3193 628 inveniantur,
3222 564 3447 619 collecta
3479 580 3570 636 sy-

1979 648 2144 713 nodo,
2166 650 2233 705 de
2262 652 2437 705 hocin
2459 652 2702 720 sequenti
2729 655 3092 707 tractabimus.
3119 654 3301 707 Daniel
3322 656 3565 709 notarius

1976 738 2173 793 Nicami
2203 741 2414 795 concilii
2439 742 2824 808 professionem
2858 743 2976 797 fidei
3002 744 3087 797 vel
3117 745 3230 813 ejus
3256 754 3455 798 statuta
3479 760 3563 799 re-

1958 829 2164 885 ~citavit
2188 829 2241 883 in
2272 830 2500 884 concilio
2529 829 2798 884 Africano.

286 912 462 996 (quod
490 938 609 978 esse
635 939 743 978 non
768 920 948 993 debet)
973 924 1079 977 cito
1108 930 1199 975 aut
1244 936 1433 991 aspere
1466 930 1873 977 commoveatur
1966 912 2023 983 ,ν’

2297 939 2560 1009 Professio
2590 941 2713 1009 ﬁdei
2760 939 2966 995 Nica’m'
2994 943 3221 996 concilii.

2050 1026 2333 1084 Credimus
2356 1030 2408 1082 in
2442 1046 2604 1082 unum
2646 1030 2834 1093 Deum,
2863 1028 3077 1084 Patrem
3121 1042 3569 1103 omnipotentem,

1979 1122 2267 1176 visibilium
2297 1130 2351 1175 et
2380 1121 2721 1176 invisibilium
2770 1121 3047 1186 factorem,
3090 1133 3143 1177 et
3182 1125 3232 1177 in
3265 1142 3427 1179 unum
3461 1127 3570 1182 Do-

1980 1210 2183 1263 minum
2212 1208 2392 1263 Jesuni
2421 1208 2715 1276 Christum,
2742 1209 2931 1263 Filium
2963 1210 3081 1276 Dei,
3107 1220 3289 1265 natum
3319 1214 3386 1267 de
3410 1212 3570 1270 Patre

1984 1302 2334 1370 unigenitum,
2379 1301 2483 1357 hoc
2510 1310 2593 1355 est
2637 1301 2707 1355 de
2733 1302 3031 1356 substantia
3078 1304 3267 1368 Patris,
3294 1304 3461 1357 Deum
3490 1304 3560 1360 de

1982 1392 2114 1455 Deo,
2157 1393 2337 1446 lumen
2378 1390 2448 1445 de
2492 1391 2713 1455 lumine,
2742 1392 2907 1446 Deum
2949 1410 3136 1448 verum
3164 1395 3231 1449 de
3261 1395 3371 1449 Deo
3406 1411 3562 1459 vero,

1981 1491 2185 1545 natum,
2200 1498 2306 1536 non
2324 1482 2538 1547 factum,
2562 1483 2717 1536 unius
2738 1484 3049 1538 substantia:
3070 1500 3189 1539 cum
3214 1484 3391 1550 Patre,
3418 1485 3566 1555 quod

1982 1573 2150 1629 Gmci
2181 1574 2365 1627 dicunt
2394 1572 2671 1625 omousion
2696 1611 2709 1632 ,
2738 1588 2834 1641 per
2856 1588 3014 1640 quem
3046 1577 3226 1627 omnia
3252 1573 3391 1627 facta
3418 1581 3566 1639 sunt,

1983 1668 2095 1721 sive
2124 1681 2242 1734 qua:
2263 1666 2317 1719 in
2346 1665 2504 1730 cmlo,
2536 1664 2648 1717 sive
2676 1679 2795 1732 qua:
2825 1666 2875 1718 in
2903 1674 3065 1719 terra.
3099 1666 3198 1730 Qui
3234 1676 3456 1735 propter
3472 1680 3571 1720 nos

1986 1760 2250 1823 homines,
2284 1766 2339 1812 et
2383 1763 2606 1827 pr0pter
2631 1767 2871 1811 nostram
2904 1757 3131 1810 salutem
3161 1756 3463 1825 descendit,
3516 1764 3574 1811 et

362 1827 609 1898 Cumque
630 1830 1003 1895 recitarentur,
1038 1829 1363 1897 Augustinus
1386 1829 1668 1898 episcopus
1699 1827 1879 1882 Eccle-

1986 1850 2289 1902 incarnatus
2311 1855 2415 1915 est,
2437 1847 2602 1902 homo
2635 1845 2822 1911 factus,
2855 1862 3042 1915 passus
3065 1853 3170 1911 est,
3192 1854 3247 1900 et
3274 1847 3573 1900 resurrexit

290 1920 386 1975 sia:
414 1920 774 1989 Hipponensis
810 1921 1103 1990 provincia:
1145 1920 1405 1974 Numidia:
1453 1920 1587 1973 dixit
1619 1937 1631 1973 :
1667 1919 1732 1973 Et
1778 1920 1883 1974 hoc

293 2028 394 2067 nos
422 2019 733 2065 servaturos
764 2009 1096 2081 profitemur,
1130 2010 1275 2065 salva
1320 2010 1657 2079 diligentiore
1701 2008 1879 2076 inqui-

290 2103 489 2157 sitione
517 2102 727 2161 concilii
770 2101 989 2155 Nicceni.
1027 2101 1273 2155 Aurelius
1300 2102 1585 2170 episcopus
1612 2101 1744 2155 dixit
1779 2118 1790 2151 :
1823 2099 1881 2154 Si

292 2192 400 2246 hoc
430 2192 591 2245 etiam
623 2191 859 2245 omnium
890 2198 1081 2245 vestra:
1110 2191 1359 2244 charitati
1411 2192 1605 2261 placet,
1658 2206 1883 2259 respon-

292 2285 447 2337 sione
487 2282 716 2336 firmate.
761 2282 1080 2337 Universum
1125 2284 1409 2337 concilium
1458 2284 1589 2336 dixit
1629 2300 1642 2335 :
1692 2282 1880 2337 Omnia

291 2390 416 2443 qua:
457 2374 510 2427 in
556 2370 771 2428 Nicaano
801 2374 1033 2428 concilio
1062 2382 1257 2428 statuta
1288 2383 1412 2427 sunt
1452 2375 1606 2428 nobis
1636 2376 1882 2429 omnibus

291 2466 529 2532 placent.
554 2463 841 2530 Jocundus,
870 2466 1155 2534 episcopus
1176 2465 1427 2520 Ecclesia:
1441 2466 1717 2531 Sufﬁtulte,
1734 2468 1881 2534 lega-

294 2564 380 2608 tus
411 2556 697 2623 provincia:
736 2554 1024 2626 Byzacenre
1048 2557 1179 2610 dixit
1206 2575 1217 2608 :
1250 2556 1400 2622 Quod
1433 2565 1688 2611 statutum
1718 2568 1799 2612 est
1828 2559 1881 2613 in

290 2642 512 2698 Niceno
537 2643 787 2710 concilio,
836 2644 1080 2699 violaria
1119 2662 1392 2715 quoquam
1441 2648 1743 2703 nullatenus
1779 2664 1881 2719 po-

290 2742 421 2787 test.

362 2824 651 2880 Faustinus
699 2826 1019 2896 episcopus,
1063 2828 1272 2896 legatus
1319 2828 1573 2885 Ecclesiae
1603 2830 1879 2903 Romante,

286 2912 425 2967 dixit
452 2931 465 2965 :
503 2912 690 2969 Adhuc
712 2914 1005 2968 secundum
1044 2915 1437 2984 professionem
1464 2919 1761 2974 sanctitatis
1792 2935 1883 2974 ve-

287 3014 437 3062 stite.
468 3015 579 3059 tam
606 3006 775 3060 sancti
799 3006 995 3077 Alypii,
1021 3022 1183 3076 quam
1213 3011 1375 3063 etiam
1400 3011 1578 3065 fratris
1601 3014 1769 3067 nostri
1789 3013 1882 3067 Jo-

290 3096 477 3159 cundi,
528 3095 703 3165 aliqua
751 3097 1009 3151 infirmari
1039 3099 1223 3164 credo,
1272 3100 1450 3170 aliqua
1477 3100 1696 3169 ﬁrmari,
1738 3104 1882 3174 quod

291 3202 402 3241 non
430 3187 649 3251 debeat,
680 3203 802 3242 eum
827 3187 939 3257 jam
960 3190 1023 3274 in
1064 3189 1282 3244 dubium
1331 3192 1428 3261 ipsi
1455 3208 1690 3249 canones
1716 3211 1882 3251 vene-
1905 3211 1955 3277 ς

290 3278 420 3332 rint.
452 3277 615 3344 Ergo,
656 3286 716 3331 ut
738 3278 917 3347 placet
942 3266 998 3333 et
1024 3279 1202 3346 nobis,
1236 3288 1291 3335 et
1320 3280 1637 3337 beatitudini
1669 3295 1880 3355 vestrae,

290 3368 359 3421 ad
382 3376 629 3421 sanctum
650 3377 705 3422 et
727 3370 1088 3423 venerabilem
1120 3369 1372 3425 Ecclesia:
1396 3372 1651 3427 Romana:
1682 3376 1890 3444 episco-

290 3472 419 3527 pum
442 3466 623 3511 vestra
645 3459 902 3513 sanctitas
924 3458 1127 3513 referre
1146 3460 1416 3528 dignetur,
1441 3472 1501 3515 ut
1520 3471 1575 3517 et
1595 3464 1727 3533 ipse,
1747 3465 1889 3534 quod

289 3560 513 3608 sanctus
534 3551 866 3619 Augustinus
906 3560 1146 3607 statuere
1174 3552 1423 3622 dignatus
1463 3564 1564 3619 est,
1591 3542 1889 3612 deliberare

290 3642 485 3711 possit,
538 3650 846 3696 utrumnam
872 3650 929 3694 et
967 3642 1071 3696 hoc
1098 3643 1509 3698 concedendum
1539 3646 1627 3710 sit,
1660 3661 1728 3699 an
1759 3647 1889 3701 reti-

290 3732 549 3795 cendum,
583 3733 688 3789 hoc
715 3741 834 3798 est,
867 3732 936 3786 de
979 3733 1344 3802 appellatione
1379 3734 1649 3790 inferioris
1668 3738 1882 3805 gradus.

289 3826 349 3881 Si
384 3840 515 3894 ergo
540 3824 717 3879 adhuc
755 3825 809 3878 in
853 3825 1071 3879 dubium
1102 3826 1269 3890 venit,
1315 3835 1369 3881 et
1399 3825 1468 3880 de
1501 3828 1605 3881 hoc
1650 3828 1887 3897 capitulo

286 3918 497 3986 justum
543 3924 631 3970 est
662 3924 720 3970 ut
759 3915 1080 3970 beatissima:
1108 3915 1248 3970 sedis
1287 3917 1578 3985 episcopus
1607 3918 1888 3973 informari

288 4009 512 4074 debeat,
543 4009 588 4063 si
618 4016 799 4061 tamen
846 4007 1156 4076 approbatis
1198 4009 1494 4062 canonibus
1535 4010 1636 4063 hoc
1664 4010 1886 4065 inveniri

288 4102 488 4171 possit.
520 4099 771 4154 Aurelius
799 4099 1083 4168 episcopus
1110 4098 1242 4153 dixit
1276 4118 1288 4150 :
1321 4097 1495 4153 Etiam
1524 4115 1642 4167 qua:
1685 4100 1886 4153 dudum

290 4200 491 4247 vestra:
520 4189 766 4245 charitati
812 4188 1193 4250 intimavimus,
1225 4205 1367 4243 nunc
1409 4190 1654 4258 patimini
1699 4206 1885 4244 exem-

292 4286 473 4357 plaria
490 4291 813 4338 statutorum
847 4282 1045 4337 Nicaeni
1071 4282 1316 4346 concilii,
1350 4281 1447 4336 sed
1469 4290 1523 4335 et
1550 4296 1668 4350 quae
1694 4282 1780 4335 hie
1808 4298 1888 4335 sa-

290 4376 525 4430 lubriter
552 4389 583 4427 a
613 4372 811 4427 nostris
856 4361 1251 4435 deeessoribus,
1306 4372 1600 4425 secundum
1646 4371 1884 4439 ejusdem

288 4467 511 4524 concilii
542 4466 790 4528 formam,
822 4464 906 4519 vel
930 4480 1049 4533 qua:
1070 4481 1212 4519 nunc
1234 4480 1263 4517 a
1289 4466 1443 4520 nobis
1466 4465 1711 4519 ordinata
1740 4475 1881 4531 sunt,

1987 1940 2142 1992 tertia
2174 1938 2281 2005 die,
2325 1939 2565 1991 ascendit
2590 1938 2639 1991 in
2673 1938 2859 2001 ccelos,
2893 1937 3045 1990 sedet
3069 1936 3135 1989 ad
3164 1938 3443 1990 dexteram
3470 1934 3573 1990 Pa-

1986 2030 2097 2091 tris,
2135 2029 2273 2082 unde
2328 2037 2586 2083 venturus
2616 2036 2699 2081 est
2750 2028 2993 2096 judicare
3024 2029 3171 2081 vivos
3212 2036 3265 2080 et
3308 2036 3572 2091 mortuos,

1984 2129 2039 2174 et
2061 2121 2111 2172 in
2142 2118 2396 2189 Spiritum
2445 2128 2708 2173 sanctum.
2741 2116 2845 2172 Eos
2875 2127 3053 2172 autem
3084 2120 3174 2186 qui
3204 2118 3405 2182 dicunt,
3443 2116 3575 2171 Erat

1983 2210 2200 2278 quando
2224 2226 2327 2263 non
2352 2218 2489 2273 erat,
2523 2220 2576 2263 et
2606 2212 2921 2279 priusquam
2953 2218 3266 2264 nasceretur
3296 2226 3401 2263 non
3432 2217 3569 2273 erat,

1985 2312 2041 2353 et
2068 2301 2190 2369 quia
2221 2315 2289 2353 ex
2317 2300 2478 2353 nullis
2519 2301 2856 2354 exstantibus
2898 2299 3072 2355 factus
3097 2309 3208 2365 est,
3242 2301 3325 2353 vel
3368 2316 3433 2353 ex
3466 2300 3571 2353 alia

1984 2392 2302 2453 Substantia,
2328 2392 2567 2445 dicentes
2599 2391 2937 2456 mutabilem,
2972 2400 3025 2445 et
3047 2391 3453 2445 convertibilem
3478 2390 3571 2444 Fi-

1984 2482 2111 2535 lium
2158 2482 2271 2548 Dei,
2303 2483 2403 2536 bos
2432 2483 2853 2536 anathematizat
2881 2484 3147 2537 catholica
3184 2491 3237 2536 et
3276 2484 3573 2552 apostolica

1984 2569 2241 2625 Ecclesia.

2056 2662 2265 2717 Statuta
2288 2678 2502 2732 quoque
2527 2662 2726 2718 Niczeni
2770 2662 2981 2717 concilii
3020 2663 3072 2716 in
3102 2662 3289 2730 viginti
3321 2661 3572 2730 capitulis

1985 2742 2231 2810 similiter
2253 2756 2474 2808 recitata
2507 2756 2809 2821 sunt,sieut
2836 2755 2886 2807 in
2914 2755 3279 2823 superioribns
3301 2753 3572 2806 inveniun-

1985 2855 2073 2900 tur
2106 2846 2357 2914 ascripta.
2394 2844 2594 2898 Deinde
2624 2862 2742 2914 qua:
2773 2846 2823 2898 in
2867 2846 3107 2898 conciliis
3134 2844 3399 2897 Africanis
3446 2858 3573 2913 pro-

1984 2937 2220 3004 mulgata
2250 2943 2392 3000 sunt,
2427 2936 2560 2989 actis
2592 2936 2941 3003 przesentibus
2962 2936 3160 2989 inserta
3185 2943 3494 2988 noscuntur.

1990 3070 2060 3125 Ut
2110 3087 2224 3139 quin
2264 3072 2317 3124 in
2370 3068 2589 3124 Nicazno
2634 3069 2852 3123 concilio
2896 3078 3091 3123 statuta
3120 3078 3237 3122 sunt
3276 3068 3571 3125 omnimodo

2593 3150 2972 3196 conserventur.

2060 3253 2102 3309 1.
2144 3253 2388 3308 Aurelius
2410 3252 2693 3321 episcopus
2717 3249 2851 3304 dixit
2881 3269 2893 3302 2
2920 3249 3045 3305 Haec
3082 3250 3153 3303 ita
3176 3247 3315 3318 apud
3345 3264 3443 3303 nos
3470 3249 3571 3303 ha-

1990 3346 2183 3401 bentur
2196 3344 2520 3412 exemplaria
2545 3350 2866 3396 statutorum
2889 3357 3007 3410 qua:
3029 3350 3155 3395 tunc
3180 3340 3366 3395 Patres
3399 3339 3571 3395 nostri

1990 3438 2059 3492 de
2090 3436 2319 3491 concilio
2358 3435 2573 3507 l‘jicaeno
2610 3450 2792 3489 secum
2813 3434 3140 3501 detulerunt,
3163 3433 3313 3502 cujus
3342 3432 3571 3486 formam

1990 3535 2286 3590 servantes,
2320 3528 2433 3581 haec
2471 3542 2590 3595 qua:
2636 3536 2930 3596 sequentur
2957 3526 3270 3593 constituta,
3302 3525 3509 3579 firmata
3538 3538 3572 3579 a

1989 3620 2145 3676 nobis
2164 3618 2555 3673 custodientur.

2409 3725 2488 3779 De
2521 3725 2773 3779 Trinitate
2793 3726 3147 3795 prmdicanda.

2060 3818 2124 3872 ll.
2166 3816 2483 3872 Universum
2508 3815 2795 3869 concilium
2824 3815 2959 3868 dixit
2993 3833 3006 3868 :
3036 3814 3150 3870 Deo
3171 3815 3425 3885 propitio,
3456 3814 3570 3885 pari

1991 3908 2356 3979 professione,
2391 3904 2521 3959 fides
2551 3904 2935 3970 ecclesiastica,
2960 3919 3080 3972 qum
3096 3920 3192 3971 per
3220 3920 3318 3959 nos
3347 3905 3574 3963 traditur

1990 4000 2043 4053 in
2067 4000 2170 4053 huc
2198 4006 2341 4051 cmtu
2386 3995 2645 4064 glorioso,
2696 3994 2945 4063 primitus
2984 3993 3287 4048 conﬁtenda
3313 4005 3415 4058 est,
3449 4002 3574 4049 tunc

1988 4091 2201 4146 demum
2234 4089 2367 4143 ordo
2398 4087 2797 4143 ecclesiasticus
2834 4086 3186 4150 singulorum,
3216 4094 3271 4139 et
3303 4100 3573 4139 consensu

1989 4182 2225 4236 omnium
2256 4178 2629 4233 asservandus.
2663 4176 2741 4228 Ad
2787 4175 3216 4230 corroborandas
3257 4182 3435 4227 autem
3469 4173 3575 4227 fra-

1989 4280 2128 4328 trum
2156 4280 2210 4325 et
2237 4270 2681 4338 coepiscoporum
2740 4274 3046 4319 nostrorum
3085 4278 3256 4332 nuper
3286 4270 3567 4333 promoto-

1987 4378 2107 4417 rum
2138 4370 2362 4424 mentes,
2407 4374 2469 4412 ea
2498 4355 2845 4426 proponenda
2893 4362 3036 4418 sunt,
3084 4369 3203 4420 qua:
3257 4369 3287 4406 a
3332 4353 3574 4423 patribus

1988 4462 2136 4508 certa
2184 4450 2538 4520 dispositione
2574 4446 2909 4515 accepimus,
2959 4453 3017 4499 ut
3060 4445 3356 4510 Trinitatis,
3408 4460 3574 4512 quam

288 4558 538 4619 recitari,
597 4565 649 4609 et
690 4556 855 4625 gestis
907 4555 1091 4609 inseri.
1140 4553 1311 4608 Omne
1368 4555 1653 4609 concilium
1704 4555 1879 4608 dixit:
1914 4544 2189 4638 DHOSlriS
2218 4540 2463 4595 SBﬂSibUS
2493 4546 2869 4593 00958“an
2914 4537 3235 4601 retinemus.
3265 4534 3468 4602 Ρειῑΐίδι
3519 4542 3574 4591 ϐῑ

287 4650 637 4719 Exemplarja
687 4650 830 4712 ﬁdei,
861 4657 915 4702 et
934 4656 1134 4702 statuta
1166 4648 1395 4701 Νίυωητε
1423 4648 1632 4718 synodi,
1675 4663 1794 4715 qua
1818 4648 1886 4701 ad
1914 4628 1959 4638 ν
1989 4636 2127 4699 Filii,
2159 4642 2215 4688 et
2241 4631 2471 4701 Spiritus
2496 4631 2670 4685 SIUlCll
2713 4630 2994 4693 unitatem,
3019 4643 3139 4697 qum
3165 4628 3367 4719 nullam
3396 4628 3573 4682 ηοεοὶ-

289 4750 540 4795 nostrum
571 4740 851 4794 concilium
875 4754 972 4808 per
996 4740 1168 4793 beata:
1190 4739 1580 4793 recordationis
1608 4739 1736 4793 olim
1758 4754 1889 4807 pra:-

288 4830 639 4885 decessorem
664 4839 766 4883 tua:
789 4830 1105 4893 sanctitatis,
1137 4830 1230 4899 qui
1255 4828 1513 4891 interfuit,
1545 4828 1886 4884 Caecilianum

290 4923 609 4991 episcopum
634 4920 792 4974 allata
814 4929 958 4983 sunt,
984 4919 1081 4974 sed
1110 4928 1167 4973 et
1188 4935 1307 4987 qua:
1338 4918 1525 4973 Patres
1554 4936 1615 4974 ea
1638 4921 1885 4989 exempla

289 5023 589 5084 sequentes
614 5016 703 5069 hic
729 5016 1145 5075 constituerunt,
1180 5015 1264 5068 vel
1296 5030 1436 5067 nunc
1467 5014 1738 5068 communi
1779 5022 1887 5069 tra-

288 5115 444 5160 ctatu
475 5107 772 5169 statuimus,
809 5106 888 5158 his
914 5106 1080 5174 gestis
1110 5105 1487 5160 ecclesiasticis
1532 5105 1731 5159 inserta
1773 5119 1887 5159 ma-

287 5196 523 5261 nebunt,
558 5196 631 5249 ita
678 5205 755 5261 ut,
790 5195 1245 5264 quemadmodum
1274 5196 1520 5265 superius
1549 5195 1750 5249 dictum
1773 5202 1877 5263 est,

285 5287 692 5343 venerabilibus
721 5288 847 5342 viris
877 5287 1245 5351 Antiocheam,
1276 5296 1332 5341 et
1358 5287 1755 5353 Alexandrinte,
1786 5288 1884 5342 sed

284 5386 352 5433 et
395 5376 1011 5446 Ctnstantinopolitana:
1058 5374 1415 5431 Ecelesiarum
1446 5377 1712 5447 episcopis
1755 5377 1886 5430 scri-

286 5472 426 5527 bere
445 5479 627 5525 vestra
652 5469 925 5524 beatitudo
966 5468 1233 5537 dignetur,
1268 5477 1326 5521 ut
1353 5469 1682 5538 exemplaria
1712 5469 1885 5523 veris-

284 5566 428 5620 sima
446 5563 660 5618 concilii
686 5561 885 5616 Niczeni
918 5561 1017 5615 sub
1032 5560 1417 5631 astipulatione
1440 5561 1738 5614 litterarum
1762 5574 1887 5613 sua-

287 5669 411 5707 rum
434 5653 687 5720 dirigant,
712 5665 839 5719 quo,
867 5649 1135 5705 declarata
1158 5652 1403 5717 veritate,
1428 5665 1491 5704 ea
1511 5650 1743 5719 capitula
1767 5665 1887 5719 qua:

286 5746 343 5800 in
377 5742 799 5804 commonitorio
830 5755 1065 5812 prtesens
1105 5742 1271 5797 frater
1306 5750 1361 5796 et
1400 5728 1753 5810 coepiscopus
1782 5756 1884 5795 no-

291 5850 411 5893 ster
452 5835 756 5900 Faustinus,
790 5834 888 5890 sed
937 5841 994 5889 et
1040 5834 1463 5903 compresbyteri
1511 5832 1786 5903 Philippus
1830 5840 1885 5890 et

1989 4736 2077 4781 tur
2105 4726 2304 4779 habere
2342 4721 2735 4785 differentiam,
2769 4721 2929 4775 sicuti
2956 4720 3211 4777 dicimus.
3251 4719 3327 4772 ita
3354 4717 3449 4771 Dei
3473 4734 3573 4784 po-

1989 4818 2145 4889 pulos
2174 4817 2522 4869 instruamus.
2550 4812 2685 4867 ltem
2715 4813 2784 4866 ab
2816 4812 3077 4867 universis
3105 4811 3376 4880 episcopis
3402 4825 3573 4878 nuper

1988 4906 2251 4977 promotis
2277 4904 2476 4959 dictum
2500 4913 2613 4957 est:
2642 4902 2805 4956 Plane
2838 4903 2915 4957 sic
2944 4902 3269 4971 accepimus,
3298 4902 3375 4955 sic
3416 4908 3572 4954 tene-

1992 5014 2143 5063 mus,
2187 4999 2265 5051 sic
2306 4995 2564 5049 docemus
2605 4993 2766 5048 fidem
2821 4993 3183 5059 evangelicam
3228 5006 3350 5045 cum
3391 4997 3571 5044 vestra

1993 5086 2236 5141 doctrina
2264 5091 2577 5153 sequentes.

2561 5195 2641 5250 De
2666 5195 3002 5250 continentia.

2064 5292 2150 5346 Ill.
2195 5290 2445 5346 Aurelius
2493 5290 2780 5359 episcopus
2822 5289 3003 5343 dixit:
3036 5286 3170 5342 Cum
3214 5286 3266 5341 in
3296 5287 3573 5357 praeterito

1993 5384 2223 5439 concilio
2270 5382 2337 5435 de
2384 5380 2737 5445 continentia,
2788 5386 2843 5433 et
2892 5378 3157 5433 castitatis
3203 5377 3575 5432 moderamine

1993 5480 2334 5533 tractaretur,
2364 5469 2563 5538 gradus
2608 5469 2693 5523 isti
2736 5475 2865 5533 tres,
2891 5469 2985 5536 qui
3015 5469 3399 5524 eonstrictione
3437 5483 3574 5539 qua-

1991 5563 2112 5617 dam
2143 5561 2403 5617 castitatis
2442 5574 2539 5628 per
2567 5558 3003 5612 consecrationes
3054 5559 3251 5613 annexi
3280 5569 3425 5619 sunt,
3457 5558 3576 5628 epi-

1990 5667 2203 5723 scopos,
2228 5652 2462 5718 inquam,
2490 5648 2851 5718 presbyteros,
2879 5655 2935 5701 et
2954 5647 3232 5714 diaconos,
3257 5650 3329 5703 ita
3352 5648 3572 5719 placuit,

1991 5752 2050 5797 ut
2078 5741 2338 5797 condecet
2364 5753 2548 5793 sacros
2576 5737 2862 5802 antistites,
2892 5752 2956 5793 ac
2985 5736 3079 5793 Dei
3109 5739 3440 5807 sacerdotes,
3473 5752 3574 5792 nec

1992 5847 2097 5887 non
2122 5839 2173 5886 et
2199 5830 2407 5899 levitas,
2431 5828 2517 5885 vel
2538 5827 2629 5898 qui
2656 5828 3008 5885 sacramentis
3030 5826 3226 5909 divinis
3248 5830 3571 5895 inserviunt,
