4104 6508
556 330 661 386 187

1823 327 2182 388 DlONYSlUS
2218 325 2534 384 EXIGUUS.

3717 330 3826 387 £83

544 453 888 511 continentes
912 465 1035 506 esse
1061 450 1113 504 in
1140 446 1407 513 omnibus,
1430 460 1538 516 quo
1559 445 1765 515 possint
1785 445 2124 515 simpliciter,
2159 443 2213 504 Α
2241 440 2316 495 De
2337 441 2417 496 his
2437 440 2524 514 qui
2548 443 2732 496 merito
2766 442 3055 516 {acinorum
3083 456 3290 516 suorum
3321 439 3384 492 ab
3423 438 3675 496 Ecclesia:
3695 459 3827 497 con-

548 541 692 614 quod
721 557 752 596 a
793 541 1017 598 Domino
1045 537 1339 609 postulant,
1378 536 1688 604 impetrare,
1732 543 1790 588 ut
1813 533 1959 604 quod
1989 549 2126 603 apo-

545 634 669 688 stoli
691 631 1009 698 docuerunt,
1041 636 1098 683 et
1123 628 1236 698 ipsa
1265 626 1500 680 servavit
1521 624 1837 693 antiquitas,
1864 639 1962 678 nos
1985 637 2130 692 quo-

549 737 654 790 que
681 721 1066 776 custodiamus.

656 809 732 863 De
762 810 970 862 diversis
1000 806 1261 861 ordinibus
1296 807 1358 860 ab
1393 805 1640 859 uxoribus
1669 803 2012 859 abstinendis.

616 900 706 955 Ν.
748 900 1033 953 Faustinus
1056 899 1338 968 episcopus
1366 897 1620 951 Ecclesia:
1659 894 1978 960 Potentinre,
2015 909 2134 964 pro-

545 993 735 1049 vinciae
759 990 959 1054 Piceni,
987 989 1193 1057 legatus
1219 988 1474 1043 Romanun
1503 986 1771 1051 Ecclesiae,
1797 987 1932 1040 dixit
1962 1005 1974 1040 :
2010 985 2134 1040 Pla-

544 1094 634 1141 cet
663 1093 722 1140 ut
743 1084 1045 1154 episcopus,
1080 1081 1380 1151 presbyter,
1411 1089 1465 1134 et
1499 1079 1777 1146 diaconus,
1800 1079 1886 1132 vel
1916 1078 2010 1147 qui
2041 1093 2128 1131 sa-

544 1184 817 1232 cramenta
839 1181 1199 1237 contrectant,
1213 1171 1478 1241 pudicitia:
1495 1169 1769 1235 custodes,
1792 1169 1858 1222 ab
1874 1167 2132 1222 uxoribus

543 1283 603 1321 se
657 1267 986 1320 abstineant.
1019 1263 1100 1318 Ab
1156 1261 1420 1316 universis
1449 1260 1717 1329 episc0pis
1762 1258 1960 1312 dictum
2004 1265 2124 1310 est:

544 1353 747 1421 Placet,
775 1363 834 1408 ut
857 1355 908 1407 in
938 1351 1186 1408 omnibus
1211 1349 1462 1420 pudicitia
1485 1347 1834 1413 custodiatur,
1853 1346 1942 1416 qui
1974 1346 2128 1400 altari

543 1448 866 1504 inserviunt.

1152 1533 1233 1589 De
1259 1535 1502 1588 avaritia.

627 1627 689 1684 V.
730 1627 979 1683 Aurelius
1007 1627 1293 1697 episcopus
1339 1625 1475 1678 dixit
1508 1641 1521 1676 :
1555 1621 1806 1676 Avaritiae
1841 1620 2125 1690 cupiditas,

548 1735 710 1792 quam
755 1735 935 1774 rerum
965 1719 1201 1774 omnium
1228 1716 1488 1769 malarum
1530 1721 1758 1767 matrem
1801 1728 1939 1777 esse,
1969 1727 2129 1766 nemo

2726 510 3026 583 gregatioue
3050 510 3331 581 pelluntur.

2301 619 2394 674 1X.
2438 621 2770 690 Augustinus
2801 622 3107 691 episcopus,
3140 621 3350 690 legatus
3391 622 3681 692 provinciae
3709 623 3826 680 Nu-

2231 711 2435 778 midiaz,
2465 712 2600 766 dixit
2632 729 2645 766 :
2678 711 2793 767 Hoc
2815 720 3052 767 statuere
3080 711 3391 780 dignemini,
3417 721 3475 768 ut
3498 713 3543 772 si
3571 714 3661 783 qui
3684 712 3830 770 forte

2231 803 2426 856 merito
2458 803 2755 857 facinorum
2782 818 3002 876 suorum
3043 803 3112 857 ab
3140 802 3383 858 Ecclesia
3415 804 3555 872 pulsi
3599 813 3742 870 sunt,
3767 813 3828 859 et

2231 893 2344 949 sive
2373 895 2439 947 ab
2483 895 2664 964 aliquo
2694 895 2986 964 episcopo,
3036 895 3122 950 vel
3148 896 3468 967 presbytero
3524 894 3721 950 fuerint
3767 895 3829 950 in

2233 985 2616 1039 communione
2665 985 2918 1054 suscepti,
2956 987 3120 1040 etiam
3171 987 3285 1055 ipse
3315 988 3431 1056 pari
3461 1003 3582 1042 cum
3611 987 3692 1044 eis
3718 988 3828 1042 cri-

2232 1071 2378 1126 mine
2407 1079 2654 1128 teneatur
2676 1072 2966 1139 obnoxius,
2995 1074 3327 1144 refugientes
3355 1076 3435 1130 sui
3466 1076 3707 1146 episcOpi
3737 1091 3829 1130 re-

2233 1164 2418 1232 gulare
2454 1163 2734 1234 judicium.
2771 1164 2852 1219 Ab
2882 1165 3146 1220 universis
3174 1167 3440 1236 episcopis
3469 1165 3668 1221 dictum
3697 1173 3782 1222 est
3808 1184 3824 1219 :

2232 1251 2492 1308 Omnibus
2513 1254 2710 1323 placet.

2275 1361 2350 1416 De
2398 1364 2713 1435 presbyteris
2765 1365 2853 1436 qui
2912 1381 2945 1418 a
2991 1367 3218 1447 propriis
3279 1367 3628 1436 corripiuntur
3671 1367 3784 1436 epi-

2931 1452 3120 1504 scopis.

2306 1524 2369 1577 X.
2413 1525 2634 1596 Alypius
2660 1527 2967 1597 episcopus,
3001 1527 3208 1596 legatus
3239 1527 3529 1598 provinciae
3556 1527 3822 1583 Numidia!

2231 1617 2365 1672 dixit
2393 1635 2405 1670 :
2439 1617 2548 1672 Nec
2569 1618 2698 1672 illud
2723 1620 3238 1688 praetermittendum
3262 1628 3364 1686 est,
3389 1628 3448 1675 ut
3475 1621 3519 1674 si
3540 1620 3659 1690 quis
3679 1621 3825 1676 forte

2229 1709 2513 1777 presbyter
2534 1709 2600 1762 ab
2625 1710 2878 1779 episcopo
2906 1725 3005 1764 suo
3027 1719 3322 1779 correptus,
3357 1718 3586 1777 tumore,
3613 1710 3702 1766 vel
3730 1728 3824 1766 su-

545 1811 637 1880 qui
663 1810 885 1873 dubitet,
916 1808 1145 1878 proinde
1204 1802 1495 1860 inhibenda
1526 1812 1629 1869 est,
1676 1818 1742 1857 ne
1764 1803 1882 1870 quis
1923 1801 2130 1855 alienos
2162 1807 2208 1869 Β
2234 1798 2417 1868 perbia
2447 1797 2660 1854 inﬂatus
2689 1800 2961 1870 putaverit
2988 1801 3281 1868 separatim
3313 1801 3571 1855 sacrificia
3595 1801 3710 1856 Deo
3737 1800 3825 1854 of-

549 1899 680 1954 Iines
728 1889 978 1969 usurpet,
1009 1908 1102 1951 aut
1137 1911 1235 1966 per
1272 1895 1549 1965 praemium
1597 1894 1858 1948 terminos
1910 1891 2127 1945 Patrum

544 1997 781 2046 statutos
803 1987 1164 2050 transcendat.
1186 2002 1284 2041 nec
1305 1985 1523 2040 omnino
1540 1984 1786 2054 cuiquam
1812 1982 2129 2037 clericorum

547 2082 705 2137 liceat
745 2081 811 2136 de
850 2080 1087 2150 qualibet
1129 2094 1186 2133 re
1216 2078 1368 2132 fenus
1391 2077 1658 2145 accipere.
1684 2074 1998 2142 Quanquam
2028 2089 2128 2126 no-

547 2171 698 2226 vellze
745 2170 1140 2239 suggestiones,
1181 2183 1301 2236 qua:
1346 2166 1432 2221 vel
1463 2166 1702 2220 obscura:
1730 2173 1872 2230 sunt,
1903 2163 1988 2217 vel
2029 2163 2128 2217 sub

547 2280 746 2335 genere
792 2265 982 2331 latent,
1017 2263 1273 2333 inspectae
1303 2277 1332 2315 a
1362 2261 1536 2326 nobis,
1588 2258 1811 2313 formam
1841 2257 2125 2326 accipient,

547 2364 802 2413 cmterum
862 2358 929 2410 de
972 2356 1165 2425 quibus
1221 2353 1558 2425 apertissime
1613 2351 1794 2406 divina
1850 2349 2129 2419 Scriptura

545 2447 745 2514 sanxit,
780 2461 884 2499 non
916 2454 999 2500 est
1046 2443 1261 2498 ferenda
1291 2443 1578 2508 sententia,
1629 2441 1723 2495 sed
1765 2441 1944 2510 potius
1962 2427 2130 2495 exse-

544 2536 777 2606 quenda.
833 2535 1067 2590 Proinde
1119 2536 1265 2605 quod
1311 2536 1364 2590 in
1418 2535 1566 2589 laicis
1617 2533 2052 2602 reprehenditur,
2077 2533 2126 2587 id

543 2625 714 2680 multo
740 2627 904 2692 magis
927 2625 1086 2680 debet
1110 2625 1161 2679 in
1185 2625 1395 2680 clericis
1417 2623 1791 2694 prmdamnari.
1814 2621 2129 2678 Universum

541 2717 831 2772 concilium
860 2718 996 2772 dixit
1025 2735 1038 2769 :
1065 2715 1232 2772 Nemo
1258 2725 1447 2772 contra
1475 2715 1794 2784 Prophetas,
1823 2730 1984 2769 nemo
2008 2729 2132 2768 con-

543 2816 625 2864 tra
647 2806 936 2876 Evangelia
968 2806 1094 2861 facit
1122 2808 1238 2860 sine
1263 2806 1526 2876 periculo.

841 2917 911 2973 Ut
931 2918 1156 2972 chrisma
1186 2935 1220 2973 a
1247 2917 1557 2988 presbyteris
1587 2933 1690 2971 non
1718 2917 1830 2987 ﬁat.

618 3010 705 3066 Vl.
745 3008 1071 3064 Fortunatus
1100 3008 1386 3077 episcopus
1405 3007 1539 3061 dixit
1563 3025 1576 3059 :
1601 3006 1658 3060 ln
1687 3007 1973 3077 praeteritis
1993 3023 2127 3063 con-

541 3101 682 3160 ciliis
726 3107 987 3155 statutum
1019 3100 1361 3155 meminimus
1389 3114 1528 3164 esse,
1560 3105 1618 3152 ut
1645 3098 1896 3165 chrisma,
1927 3102 2014 3153 vel
2043 3114 2131 3154 re-

2231 1888 2470 1954 ferenda,
2494 1889 2580 1943 vel
2609 1890 2751 1944 aliud
2775 1890 3088 1957 erigendum
3113 1891 3304 1958 altare,
3334 1900 3524 1945 contra
3555 1891 3818 1946 ecclesia-

2231 1986 2418 2040 sticam
2448 1983 2628 2050 ﬁdem,
2661 1986 2746 2040 vel
2796 1986 3152 2055 disciplinam,
3181 1985 3490 2054 crediderit,
3522 2001 3629 2040 non
3657 1994 3822 2039 exeat

2230 2076 2544 2146 impunitus.
2560 2076 2876 2131 Valentinus
2898 2077 3082 2146 prima:
3107 2077 3250 2132 sedis
3265 2078 3550 2147 provincia:
3562 2077 3824 2131 Numidia:

2229 2167 2368 2221 dixit
2409 2166 2766 2222 :Necessario
2818 2167 3111 2237 disciplinae
3163 2166 3540 2221 ecclesiasticae
3584 2175 3640 2221 et
3696 2165 3823 2221 fidei

2231 2269 2467 2322 Congrua
2511 2262 2654 2321 sunt,
2684 2271 2803 2325 qum
2847 2254 3012 2310 frater
3039 2264 3224 2310 noster
3253 2255 3474 2325 Alypius
3503 2265 3824 2325 prosecutus

2232 2358 2344 2415 est;
2385 2349 2613 2419 proinde
2634 2350 2762 2419 quid
2784 2350 3029 2404 videatur
3049 2358 3243 2404 vestra:
3271 2350 3569 2414 dilectioni,
3601 2349 3820 2405 edicite.

2231 2463 2293 2518 Si
2339 2465 2452 2534 quis
2501 2462 2764 2534 presbyter
2814 2472 2998 2534 contra
3063 2465 3357 2532 episcopum
3407 2479 3556 2515 suum
3607 2462 3825 2532 inﬂatus

2593 2535 2816 2586 schisma
2844 2533 3052 2604 fecerit,
3077 2534 3352 2586 anathema
3372 2534 3457 2586 sit.

2303 2645 2390 2699 Xl.
2435 2646 2516 2700 Ab
2572 2646 2835 2701 universis
2888 2646 3158 2715 episcopis
3187 2645 3385 2701 dictum
3426 2651 3510 2698 est
3542 2661 3555 2696 :
3588 2643 3646 2698 Si
3697 2645 3826 2711 quis

2235 2739 2573 2808 presbytera
2604 2737 2894 2807 prmposito
2941 2752 3040 2791 suo
3090 2742 3372 2804 correptus
3425 2731 3604 2790 fuerit.
3657 2734 3824 2790 debet

2235 2831 2420 2897 utique
2467 2829 2607 2899 apud
2638 2829 2843 2884 vicinos
2871 2829 3158 2898 episcopos
3199 2827 3478 2896 conqueri,
3509 2838 3566 2881 ut
3592 2829 3660 2882 ab
3689 2827 3823 2896 ipsis

2235 2920 2348 2988 ejus
2373 2935 2536 2974 causa
2564 2921 2734 2990 possit
2761 2919 2961 2985 audiri,
2987 2935 3051 2975 ac
3099 2935 3194 2988 rer
3238 2920 3384 2988 ipsos
3412 2934 3510 2974 suo
3558 2919 3823 2988 episeopo

2230 3012 2573 3077 reconciliari
2604 3031 2618 3065 :
2650 3012 2794 3082 quod
2824 3013 2922 3068 nisi
2956 3011 3161 3077 fecerit,
3193 3013 3287 3067 sed
3333 3012 3583 3081 superbia
3624 3013 3641 3082 (
3672 3011 3824 3081 quod

2234 3101 2393 3166 absit)
2420 3100 2634 3156 inﬂatus
2662 3102 3055 3158 secernendum
3091 3117 3150 3156 se
3177 3102 3244 3155 ab
3273 3103 3509 3172 episcopi
3536 3104 3620 3157 sui
3666 3119 3824 3158 com-

541 3192 849 3248 conciliatio
878 3191 1271 3261 pmnitentium,
1305 3205 1404 3242 nec
1444 3203 1550 3242 non
1587 3195 1642 3242 et
1671 3189 1973 3258 puellarum
1996 3204 2130 3243 con-
2158 3180 2202 3241 C
2235 3195 2489 3249 munione
2517 3194 2752 3257 duxerit,
2782 3209 2846 3249 ac
2865 3195 3176 3264 separatim,
3200 3209 3320 3248 cum
3353 3193 3619 3262 aliquibus
3647 3194 3825 3250 schis-

541 3283 772 3339 secratio
830 3298 859 3336 a
913 3281 1247 3352 presbyteris
1303 3295 1409 3332 non
1467 3278 1640 3332 fiant:
1684 3279 1729 3332 si
1775 3279 1894 3347 quis
1943 3287 2124 3332 autem

540 3372 828 3428 emerserit
854 3372 958 3426 hoc
1009 3369 1232 3434 faciens,
1284 3368 1411 3438 quid
1441 3368 1508 3422 de
1553 3382 1619 3423 eo
1646 3368 1992 3422 statuendum
2023 3369 2126 3423 sit?

541 3463 790 3519 Atrelius
837 3462 1125 3532 episcopus
1175 3460 1309 3513 dixit
1357 3478 1368 3512 :
1424 3457 1640 3512 Audivit
1677 3459 1914 3525 dignatio
1943 3468 2125 3514 vestra

538 3553 936 3622 suggestionem
967 3550 1147 3604 fratris
1173 3557 1228 3604 et
1257 3549 1566 3618 coepiscopi
1593 3549 1765 3602 nostri
1796 3547 2076 3602 Fortunati
2107 3565 2121 3614 ;

537 3642 666 3714 quid
693 3643 762 3697 ad
791 3642 905 3696 hazc
952 3641 1166 3695 dicitis?
1195 3639 1276 3693 Ab
1318 3640 1578 3693 universis
1622 3640 1891 3709 episcopis
1919 3639 2123 3694 dictum

535 3742 620 3789 est
650 3750 664 3786 :
690 3732 948 3787 Cbrismte
975 3730 1262 3796 confectio,
1288 3738 1344 3784 et
1371 3731 1668 3800 puellarum
1699 3731 2056 3796 consecratio,
2090 3745 2121 3785 a

535 3825 866 3896 presbyteris
895 3839 1002 3878 non
1033 3822 1126 3876 fiat
1146 3861 1161 3886 ,
1212 3822 1298 3877 vel
1328 3821 1684 3875 reconciliare
1713 3836 2037 3890 quemquam
2067 3822 2122 3875 in

535 3915 751 3986 publica
779 3916 939 3970 missa
969 3915 1286 3986 presbytero
1331 3929 1440 3968 non
1485 3914 1668 3980 licere,
1721 3913 1828 3969 hoc
1875 3914 2123 3969 omnibus

533 4005 732 4076 placet.

700 4095 780 4150 De
805 4095 885 4150 his
911 4098 996 4167 qui
1025 4097 1079 4150 in
1100 4098 1328 4164 periculo
1351 4097 1504 4168 positi
1527 4097 1948 4152 reconciliantur.

608 4185 719 4242 Vll.
761 4187 1009 4242 Aurelius
1037 4188 1326 4258 episcopus
1353 4187 1489 4242 dixit
1516 4206 1528 4240 :
1558 4187 1613 4242 Si
1638 4188 1920 4257 quisquam
1943 4191 1994 4244 in
2027 4205 2123 4259 pe-

529 4278 709 4334 riculo
762 4277 924 4333 fuerit
975 4279 1332 4343 constitutus,
1373 4287 1430 4333 et
1457 4293 1516 4334 se
1545 4280 1896 4334 reconciliare
1926 4279 2121 4336 divinis

538 4369 797 4423 altaribus
841 4370 1074 4437 petierit,
1117 4370 1163 4424 si
1198 4370 1486 4440 episcopus
1513 4370 1708 4426 absens
1736 4370 1916 4437 fuerit,
1962 4372 2124 4427 debet

534 4459 719 4527 utique
746 4459 1027 4529 presbyter
1055 4459 1337 4514 consulere
1366 4461 1696 4530 episcopum,
1749 4471 1805 4516 et
1850 4464 1928 4518 sic
1979 4464 2121 4532 peri-

2232 3301 2316 3338 ma
2359 3285 2577 3350 faciens,
2608 3284 2935 3340 sacrificium
2961 3285 3072 3339 Deo
3100 3284 3378 3351 obtulerit,
3409 3285 3694 3339 anathema
3713 3285 3823 3340 ha—

2227 3377 2438 3441 beatur,
2473 3383 2530 3430 et
2557 3375 2736 3430 locum
2757 3377 2969 3429 amittat
2993 3391 3006 3440 ;
3035 3389 3098 3429 ac
3126 3375 3171 3428 si
3201 3375 3591 3442 querimoniam
3612 3374 3821 3443 justam

2229 3467 2483 3520 adversus
2506 3466 2822 3536 episcopum
2853 3480 2964 3519 non
2987 3464 3255 3528 habuerit,
3281 3463 3656 3532 inquirendum
3685 3467 3816 3520 erit.

2229 3575 2288 3630 Si
2317 3576 2428 3648 quis
2473 3577 2744 3645 episcopus
2791 3575 2979 3648 absque
3002 3583 3243 3648 tempore
3274 3574 3474 3648 synodi
3520 3576 3575 3628 in
3603 3576 3820 3631 crimine

2440 3648 2675 3700 detentus
2697 3649 2875 3717 fuerit,
2897 3645 2938 3699 7a
2963 3645 3029 3699 12
3055 3647 3308 3716 episcopis
3337 3647 3595 3699 audiatur.

2297 3756 2410 3812 ΧΠ.
2450 3756 2602 3812 Felix
2639 3758 2929 3827 episcopus
2976 3756 3155 3810 dixit:
3208 3755 3466 3824 Suggero,
3519 3756 3818 3811 secundum

2225 3855 2429 3901 statuta
2461 3856 2704 3900 veterum
2733 3846 3107 3910 conciliorum,
3165 3853 3225 3900 ut
3273 3845 3319 3900 si
3369 3846 3489 3914 quis
3527 3847 3819 3916 episcopus

2227 3936 2391 4007 (quod
2424 3953 2530 3991 non
2575 3938 2857 4007 optamus)
2888 3939 2940 3991 in
2989 3945 3198 3991 reatum
3246 3935 3476 4005 aliquem
3507 3937 3816 4003 incurrerit,

2225 4038 2282 4083 et
2309 4027 2471 4082 fuerit
2501 4029 2551 4082 ei
2581 4028 2744 4082 nimia
2769 4028 3064 4083 necessitas
3093 4043 3204 4082 non
3223 4042 3386 4098 posse
3406 4027 3669 4097 plurimos
3691 4043 3820 4083 con-

2224 4135 2487 4191 gregare,
2542 4137 2611 4176 ne
2666 4122 2719 4176 in
2760 4122 2987 4177 crimine
3032 4131 3333 4188 remaneat,
3367 4136 3397 4175 a
3432 4121 3500 4174 η
3547 4123 3820 4192 episcOpis

2229 4213 2501 4279 audiatur,
2548 4221 2603 4268 et
2647 4213 2928 4284 presbyter
2953 4228 2982 4266 a
3010 4229 3108 4268 sex
3145 4213 3416 4282 episcopis
3442 4227 3565 4266 cum
3594 4215 3819 4283 proprio

2222 4316 2322 4356 suo
2351 4303 2608 4372 episcopo
2639 4302 2906 4368 audiatur,
2940 4309 2996 4356 et
3023 4300 3282 4356 diaconus
3316 4316 3345 4354 a
3377 4301 3564 4355 tribus.

2229 4407 2297 4468 Ut
2344 4432 2447 4469 non
2479 4416 2629 4469 liceat
2671 4416 2966 4486 episc0pum
3003 4416 3106 4469 nisi
3153 4431 3186 4467 a
3238 4415 3487 4486 plurimis
3524 4415 3814 4481 ordinari;

2293 4487 2385 4539 sed
2407 4488 2452 4563 si
2494 4485 2773 4563 necessitas
2800 4488 2972 4550 fuerit,
3005 4486 3084 4539 vel
3131 4503 3164 4539 a
3195 4485 3356 4538 tribus
3393 4485 3662 4540 ordinetur
3692 4488 3810 4556 epi-

533 4549 812 4604 clitantem
841 4549 958 4618 ejus
995 4559 1262 4626 praecepto
1290 4551 1666 4616 reconciliare,
1691 4565 1852 4620 quam
1875 4569 1989 4607 rem
2018 4552 2118 4608 de-
2149 4549 2196 4608 D
2291 4557 2482 4625 scopis.

529 4640 724 4695 bemus
752 4639 953 4694 salubri
982 4639 1212 4695 consilio
1258 4642 1534 4696 roborare.
1568 4641 1650 4696 Ab
1696 4643 1962 4698 universis
2001 4644 2116 4713 epi-

530 4732 711 4802 scopis
740 4731 940 4786 dictum
969 4741 1052 4786 est
1082 4750 1094 4784 :
1121 4731 1306 4787 Placet
1359 4734 1502 4802 quod
1534 4733 1788 4788 sanctitas
1808 4741 1988 4789 vestra
2013 4749 2112 4789 ne-

529 4823 768 4878 cessario
787 4837 887 4878 nos
918 4823 1184 4878 instruere
1202 4821 1416 4890 dignata
1438 4831 1539 4878 est.

531 4934 612 4990 De
657 4936 735 4989 liis
772 4935 858 5006 qui
905 4936 960 4989 in
990 4936 1371 4988 accusationem
1399 4935 1614 5005 majoris
1644 4945 1768 4989 natu
1798 4938 2042 5003 veniunt;
2063 4949 2114 4993 et

671 5017 729 5060 ut
756 5008 1045 5076 episcOpum
1073 5007 1201 5058 nulli
1229 5006 1504 5059 criminosa
1534 5007 1687 5059 liceat
1707 5023 1968 5062 accusare.

607 5097 736 5152 ΠΗ.
777 5098 1056 5152 Numidius
1087 5098 1371 5167 episcopus
1394 5097 1752 5152 Maxulitanus
1771 5098 1906 5152 dixit
1932 5116 1944 5151 :
1969 5098 2112 5154 Prte-

532 5198 682 5245 terea
704 5197 832 5244 sunt
846 5188 1226 5258 quamplurimi
1248 5202 1355 5242 non
1377 5188 1532 5242 boum
1554 5189 1999 5252 conversationis,
2024 5191 2114 5258 qui

531 5284 845 5340 existimant
865 5282 1097 5351 majores
1121 5291 1270 5344 natu,
1300 5281 1385 5336 vel
1415 5281 1716 5350 episcopos,
1745 5283 1943 5351 passim
1964 5297 2118 5351 vage-

532 5389 642 5442 que
667 5373 720 5426 in
770 5374 1169 5428 accusationem
1210 5371 1531 5442 pulsandos;
1559 5371 1754 5428 debent
1800 5382 1910 5427 tam
1958 5374 2114 5430 facile

535 5463 773 5528 admitti,
824 5465 1029 5519 necne?
1071 5462 1318 5519 Aurelius
1366 5463 1651 5533 episcopus
1705 5463 1884 5519 dixit:
1932 5464 2114 5522 Placet

534 5555 695 5623 igitur
721 5556 970 5611 charitati
995 5563 1189 5611 vestra:
1219 5563 1276 5609 ut
1328 5555 1372 5610 is
1414 5555 1504 5626 qui
1533 5555 1798 5625 aliquibus
1821 5557 2114 5613 sceleribus

533 5645 776 5702 irretitus
823 5654 908 5701 est
937 5662 1122 5704 vocem
1149 5646 1404 5702 adversus
1433 5646 1698 5715 majorem
1739 5655 1866 5702 natu
1895 5664 2003 5705 non
2024 5651 2115 5728 ha:

532 5738 660 5792 beat
685 5739 991 5794 accusandi.
1021 5741 1102 5794 Ab
1151 5741 1411 5795 universis
1459 5741 1730 5809 episcopis
1751 5741 1953 5799 dictum
1980 5753 2062 5801 est
2094 5762 2106 5798 :

532 5828 593 5884 Si
621 5829 939 5888 criminosus
963 5839 1066 5899 est,
1096 5847 1204 5888 non
1229 5832 1559 5899 admittatur,
1591 5830 1786 5902 placet.

2293 4645 2430 4700 Xlll.
2457 4645 2708 4700 Aurelius
2748 4646 3037 4715 episcopus
3060 4645 3199 4700 dixit
3223 4662 3235 4698 :
3268 4645 3404 4711 Quid
3433 4644 3501 4699 ad
3546 4644 3664 4700 haec
3683 4644 3817 4700 dicit

2219 4739 2478 4794 sanctitas
2501 4739 2721 4792 vestra?
2744 4738 2824 4793 Ab
2854 4739 3120 4793 universis
3149 4739 3420 4808 episcopis
3457 4737 3657 4794 dictum
3686 4749 3811 4793 est:

2221 4831 2266 4884 A
2286 4831 2443 4885 nobis
2471 4841 2717 4884 veterum
2759 4838 2962 4885 statuta
2985 4830 3185 4885 debere
3209 4830 3434 4894 servari,
3467 4829 3626 4885 sicuti
3651 4841 3706 4884 et
3727 4831 3814 4884 in-

2219 4920 2466 4976 consulto
2488 4920 2718 4988 primate
2742 4920 3030 4987 cujuslibet
3059 4919 3372 4988 provinciae,
3398 4927 3506 4973 tam
3531 4918 3686 4972 facile
3699 4934 3816 4973 non

2223 5016 2551 5082 praesumant
2579 5009 2728 5062 multi
2759 5010 3069 5076 congregati
3097 5008 3339 5078 episcopi
3371 5007 3682 5077 episcopum
3713 5023 3812 5062 or-

2222 5100 2410 5154 dinare
2431 5115 2443 5149 :
2461 5097 2562 5152 nisi
2581 5095 2672 5170 [F.
2691 5097 2836 5166 quod
2864 5095 2931 5168 si]
2956 5098 3248 5152 necessitas
3268 5097 3449 5164 fuerit,
3467 5106 3579 5152 tres
3607 5096 3816 5165 episco-

2223 5191 2308 5261 pi,
2341 5190 2396 5243 in
2425 5203 2748 5257 quocunque
2777 5188 2900 5243 loco
2943 5188 3067 5252 sint,
3095 5187 3212 5256 ejus
3258 5195 3526 5258 percepto
3558 5185 3812 5240 ordinare

2221 5283 2494 5340 debebunt
2533 5283 2876 5351 episcopum;
2916 5289 2972 5336 et
3017 5281 3063 5334 si
3091 5282 3212 5349 quis
3259 5288 3448 5335 contra
3478 5293 3629 5334 suam
3678 5294 3815 5347 pro-

2221 5377 2532 5438 fessionem,
2564 5374 2651 5428 vel
2679 5373 3128 5443 subscriptionem
3149 5372 3361 5427 venerit
3381 5373 3433 5425 in
3455 5371 3659 5440 aliquo,
3691 5372 3812 5442 ipse

2221 5481 2280 5522 se
2307 5467 2514 5522 honore
2543 5465 2791 5535 privabit.

2224 5579 2292 5633 Ut
2321 5580 2383 5631 de
2409 5577 2606 5700 Trifoli
2634 5593 2765 5659 unus
2802 5577 3071 5659 episcopus
3117 5578 3170 5630 in
3201 5575 3510 5658 legationem
3535 5573 3725 5656 penita,
3754 5583 3813 5628 st

2292 5660 2344 5700 ut
2373 5666 2488 5700 pres
2527 5657 2636 5700 uter
2660 5648 2846 5700 ibidem
2877 5665 2910 5700 a
2935 5664 3156 5700 autnaue
3185 5662 3437 5700 emscoms
3467 5645 3728 5698 audiatur.

2292 5660 2344 5703 ut
2373 5645 2636 5718 presbyter
2660 5645 2846 5701 ibidem
2877 5665 2910 5700 a
2935 5645 3156 5718 quinque
3185 5645 3437 5716 episcopis
3467 5645 3728 5698 audiatur.

2293 5741 2428 5796 XIV.
2468 5741 2600 5796 Item
2651 5741 2855 5812 placuit
2897 5741 2965 5796 de
3018 5740 3247 5810 Tripoli,
3296 5747 3514 5810 propter
3564 5738 3807 5809 inepiam

2223 5834 2512 5902 pr0\'illCl:B
2564 5850 2700 5890 unus
2739 5834 3024 5906 episc0pus
3064 5833 3116 5889 in
3149 5834 3470 5904 legationem
3501 5832 3705 5897 veniat,
3747 5839 3807 5885 et
