4104 6474
342 357 445 413 189

1315 353 1535 411 CODEX
1576 348 1902 409 CANONUM
1943 345 2627 403 ECCLESIASTICORUM.

3498 314 3597 401 rso

335 477 402 522 ut
427 467 499 523 ibi
526 473 806 538 presnyter
836 480 864 518 a
892 464 1126 535 quinque
1155 464 1401 519 audiatur
1421 465 1702 536 episcOpis,
1728 471 1787 516 et
1808 460 1923 514 dia-
1954 462 2001 520 Α
2028 458 2285 526 scriptum
2314 464 2394 511 est
2414 457 2586 512 enim:
2612 455 2903 525 «Accipite,
2933 463 2986 510 et
3008 454 3203 521 edite,»
3226 456 3483 511 cadavera
3505 472 3600 510 au-

336 573 514 614 conus
539 572 569 612 a
591 558 781 619 tribus,
818 565 874 610 ut
896 556 1143 626 superius
1172 564 1527 611 memoratum
1557 563 1638 611 est
1656 596 1670 620 ,
1704 554 1923 627 proprio

336 650 600 721 episcopo
621 650 913 705 residente.

339 760 423 816 De
450 760 662 816 diversis
691 760 965 839 ordinibus
984 757 1232 839 Ecclesia:
1252 753 1586 839 servientibus
1609 775 1633 839 ,ε
1665 766 1721 839 ut
1748 759 1792 839 si
1812 758 1925 839 quis

414 848 627 885 causam
672 832 906 884 criminis
948 831 1243 893 incurrerit,
1293 839 1342 882 et
1400 829 1643 898 abjecerit
1688 829 1925 880 'udicium

414 902 833 952 ecclesiasticum.
878 898 1059 952 debeat
1096 899 1379 952 periclitari
1401 915 1419 952 :
1450 909 1500 952 et
1537 910 1593 951 ut
1616 847 1713 952 lilii
1746 911 1923 950 sacer-

410 902 833 963 ecclesiasticum,
878 898 1059 952 debeat
1096 899 1419 969 periclitari;
1450 909 1500 952 et
1537 910 1593 951 ut
1613 898 1713 967 ﬁlii
1746 911 1923 950 sacer-

410 973 587 1025 dotum
611 970 905 1040 spectacula
929 969 1204 1023 sazcularia
1225 986 1329 1022 non
1354 969 1565 1022 adeant.

412 1060 528 1115 XV.
573 1059 704 1114 Item
735 1059 935 1131 placuit
966 1066 1025 1112 ut
1053 1057 1294 1127 quisquis
1340 1058 1745 1128 episcoporum,
1774 1070 1919 1126 pres-

337 1152 677 1223 byterorum,
728 1162 784 1204 et
812 1150 1185 1211 diaconorum,
1220 1164 1317 1202 seu
1343 1148 1687 1211 clericorum,
1720 1162 1838 1202 cum
1870 1147 1925 1203 in

334 1243 582 1299 Ecclesia
615 1243 664 1296 ei
694 1241 854 1296 fuerit
872 1242 1076 1296 crimen
1106 1241 1430 1301 institutum,
1454 1238 1539 1292 vel
1562 1238 1734 1292 civilis
1761 1252 1925 1292 causa

338 1334 505 1389 fuerit
532 1340 802 1388 commota
825 1373 842 1399 ,
885 1333 953 1398 si,
981 1332 1171 1387 relicto
1201 1329 1565 1384 ecclesiastico
1589 1328 1811 1397 judicio,
1835 1344 1927 1399 pu-

336 1426 498 1479 blicis
513 1423 727 1492 judiciis
754 1423 971 1494 purgari
992 1421 1243 1485 voluerit,
1266 1420 1475 1475 etiamsi
1496 1435 1594 1492 pro
1617 1420 1734 1489 ipso
1762 1418 1926 1472 fuerit

337 1514 549 1585 prolata
581 1512 872 1577 sententia,
923 1512 1102 1567 locum
1153 1526 1309 1564 suum
1347 1509 1584 1572 amittat,
1632 1516 1688 1563 et
1737 1508 1924 1562 hocin

337 1602 638 1668 criminati;
670 1603 725 1656 in
746 1602 889 1656 civili
914 1617 1041 1656 vero
1065 1601 1263 1672 perdat
1288 1600 1429 1669 quod
1459 1599 1640 1664 evicit,
1672 1599 1716 1652 si
1746 1598 1923 1652 locum

337 1708 497 1747 suum
518 1692 762 1748 obtinere
790 1691 1059 1745 maluerit.
1082 1690 1199 1744 Hoc
1229 1690 1390 1744 etiam
1422 1689 1637 1760 placuit,
1671 1694 1728 1741 ut
1753 1702 1782 1739 a
1814 1686 1927 1753 qui-

341 1785 658 1852 buscunque
703 1783 972 1851 judicibus
1026 1781 1405 1835 ecclesiasticis
1444 1779 1510 1833 ad
1542 1778 1676 1832 alios
1715 1777 1924 1846 judiccs

339 1873 763 1941 ecclesiasticos,
793 1873 883 1928 ubi
919 1881 1002 1927 est
1035 1872 1208 1940 major
1242 1872 1557 1939 auctoritas,
1605 1870 1768 1923 fuerit
1796 1884 1924 1941 pro-

340 1976 615 2033 vocatum,
670 1981 780 2020 non
827 1966 907 2020 eis
949 1963 1089 2020 obsit
1120 1979 1348 2032 quorum
1377 1962 1539 2016 fuerit
1584 1962 1762 2016 soluta
1794 1975 1921 2015 sen-

341 2057 531 2122 tentia,
554 2057 598 2111 si
638 2056 884 2111 convinci
913 2071 1017 2109 non
1045 2055 1342 2126 potuerint,
1374 2054 1457 2107 vel
1493 2052 1710 2107 inimico
1741 2051 1921 2106 animo

338 2146 627 2216 iudicasse,
651 2149 739 2203 vel
791 2149 968 2217 aliqua
998 2146 1292 2219 cupiditate
1316 2154 1408 2199 aut
1433 2146 1601 2213 gratia
1624 2144 1918 2215 depravati.

340 2237 485 2293 Sane
512 2238 555 2294 si
586 2255 653 2294 ex
703 2256 972 2295 consensu
1002 2241 1233 2312 partium
1283 2238 1439 2292 electi
1472 2236 1668 2291 fuerint
1690 2236 1919 2304 judices,

341 2327 502 2381 etiam
526 2342 556 2381 a
581 2329 821 2398 pauciori
852 2345 1094 2394 numero,
1119 2343 1277 2398 quam
1310 2327 1657 2381 constitutum
1683 2333 1781 2391 est,
1814 2342 1922 2381 non

342 2418 506 2472 liceat
547 2421 848 2488 provocari.
883 2419 948 2474 Et
989 2428 1065 2474 ut
1094 2420 1184 2472 lilii
1235 2418 1572 2473 sacerdotum
1617 2417 1923 2486 spectacula

340 2508 615 2562 saecularia
642 2525 749 2563 non
780 2510 1090 2576 exhibeant,
1121 2507 1215 2562 sed
1250 2522 1347 2561 nec
1375 2514 1640 2575 spectent,
1673 2488 1797 2559 licet
1819 2505 1921 2559 hoc

337 2612 554 2666 semper
573 2598 891 2653 Christianis
916 2598 1160 2653 omnibus
1189 2595 1442 2651 indictum
1471 2595 1560 2660 sit,
1583 2602 1639 2649 et
1658 2593 1747 2649 ubi
1776 2593 1920 2647 blas-

338 2686 567 2754 phemiae
595 2695 737 2752 sunt,
771 2702 878 2741 non
908 2686 1184 2741 accedant.

339 2795 412 2851 Ut
440 2800 612 2853 nullus
635 2802 919 2869 episcopus,
952 2798 1233 2869 presbyter,
1262 2808 1312 2852 et
1358 2798 1603 2849 diaconus
1640 2796 1918 2869 conductor

405 2818 411 2849 ι
440 2818 612 2853 nuuus
635 2818 803 2867 episco
842 2818 919 2863 us,
952 2818 1233 2869 presbyter,
1262 2818 1311 2852 et
1358 2818 1603 2849 amconus
1640 2818 1918 2849 conultcwr

405 2871 628 2933 existat;
651 2881 699 2922 et
722 2882 777 2922 ut
798 2818 1011 2923 ﬁctores
1026 2885 1214 2922 uxores
1235 2869 1522 2937 accipiant;
1545 2876 1592 2918 et
1613 2866 1781 2918 clerici
1802 2867 1922 2919 abs-

409 2940 609 2992 tineant
630 2939 692 2993 ab
714 2942 917 3005 usuris;
947 2950 996 2992 et
1016 2956 1113 3009 quo
1138 2950 1359 3007 tempore
1381 2937 1454 2990 cel
1467 2938 1584 3007 ipsi,
1608 2937 1683 2989 vel
1702 2938 1919 3006 virgines

408 3025 684 3065 consecren
693 3020 792 3062 tur.

407 3101 547 3156 XVI.
591 3102 723 3157 Item
757 3102 957 3171 placuit
996 3112 1055 3156 ut
1095 3102 1353 3172 episcOpi,
1398 3098 1694 3170 presbyteri
1723 3106 1777 3152 et
1800 3097 1911 3152 dia-

2024 555 2131 600 tem
2176 562 2277 602 nec
2317 548 2565 616 accipere
2618 556 2864 616 possunt,
2895 562 2993 601 nec
3037 545 3241 613 edere;
3278 555 3335 600 et
3374 563 3444 602 ne
3489 546 3601 614 jam

2022 647 2269 693 mortuos
2334 640 2582 694 homines
2637 639 2899 708 baptizari
2954 638 3115 694 faciat
3164 640 3603 711 presbyterorum

2024 731 2234 799 ignavia
2268 749 2280 783 :
2308 746 2407 800 pro
2436 746 2541 801 qua
2562 745 2622 785 re
2650 729 3075 786 confirmandum
3098 739 3180 786 est
3207 733 3262 787 in
3293 733 3394 786 hac
3414 739 3601 787 sancta

2023 820 2227 891 synodo
2252 828 2328 886 ut,
2359 821 2654 876 secundum
2676 821 2890 875 Nicaeus
2914 829 3131 887 statuta,
3164 831 3383 892 propter
3410 837 3604 877 causas

2023 914 2440 981 ecclesiasticas,
2462 929 2579 980 quae
2608 913 2675 967 ad
2698 914 2988 982 perniciem
3029 914 3261 984 plebium
3291 929 3437 983 stepe
3454 921 3604 969 vete-

2022 1010 2267 1065 rascunt,
2294 1002 2514 1068 singulis
2554 1001 2854 1072 quibusque
2879 1001 3033 1058 annis
3081 1004 3367 1057 concilium
3398 1016 3604 1057 convo-

2023 1098 2201 1159 cetur,
2231 1092 2296 1145 ad
2323 1091 2466 1162 quod
2497 1106 2684 1147 omnes
2714 1092 3021 1160 provinciae,
3062 1107 3180 1160 qua:
3210 1092 3407 1163 primas
3447 1091 3606 1149 sedes

2024 1180 2241 1243 habent,
2274 1181 2340 1234 de
2369 1180 2611 1235 conciliis
2640 1180 2751 1234 suis
2799 1181 2974 1245 binos,
3023 1191 3117 1235 aut
3137 1190 3368 1248 quantos
3389 1180 3602 1248 delege-

2023 1271 2152 1335 rint,
2175 1271 2459 1339 episcopos
2489 1270 2694 1337 legatos
2723 1272 2939 1325 mittant
2966 1310 2981 1336 ,
3016 1279 3075 1325 ut
3118 1279 3441 1341 congregato
3470 1285 3603 1326 con-

2023 1368 2185 1423 ventu
2210 1362 2367 1433 plena
2395 1361 2563 1438 possit
2593 1377 2711 1415 esse
2739 1363 3052 1416 auctoritas.

2029 1471 2098 1526 Ut
2142 1472 2189 1526 si
2230 1474 2343 1543 quis
2380 1474 2644 1544 episcOpus
2685 1483 2972 1539 accusatur,
3022 1475 3093 1527 ad
3138 1474 3407 1544 primatem
3439 1474 3602 1543 ipsius

2140 1596 2149 1603 ,
2438 1545 2713 1613 provincia:
2741 1560 2897 1596 causa
2920 1544 3194 1614 deferatur.

2096 1630 2233 1685 XIX.
2266 1633 2515 1687 Aurelius
2537 1634 2821 1701 episc0pus
2840 1634 2974 1686 dixit
3000 1650 3012 1685 :
3040 1632 3292 1702 Quisquis
3318 1633 3603 1702 episcopo-

2024 1736 2142 1775 rum
2173 1730 2472 1787 accusatur,
2503 1722 2567 1775 ad
2591 1722 2849 1791 primates
2877 1723 3166 1792 provincia:
3196 1722 3360 1792 ipsius
3387 1739 3602 1778 causam

1955 1820 1999 1879 Β
2026 1811 2233 1866 deferat
2282 1821 2591 1879 accusator;
2639 1827 2739 1867 nec
2767 1828 2795 1866 a
2820 1814 3197 1868 communione
3225 1812 3600 1883 suspendatur,

2026 1904 2112 1958 cui
2136 1903 2337 1958 crimen
2364 1903 2677 1969 intenditur,
2730 1903 2833 1957 nisi
2872 1905 2939 1957 ad
2968 1920 3184 1959 causam
3231 1920 3381 1959 suam
3421 1904 3604 1959 dicen-

2023 1993 2147 2048 dam
2171 1995 2465 2048 electorum
2490 1993 2748 2062 iudicum,
2781 1994 2867 2048 die
2905 2003 3128 2061 statuta,
3172 1995 3363 2049 litteris
3407 2009 3602 2050 evoca-

2026 2092 2134 2148 tus,
2164 2084 2382 2137 minime
2411 2084 2742 2149 occurrerit,
2778 2084 2883 2139 hoc
2912 2093 2995 2139 est
3024 2085 3160 2139 infra
3188 2086 3415 2157 spatium
3454 2100 3603 2139 men-

2023 2174 2117 2239 sis,
2150 2189 2215 2227 ex
2237 2189 2299 2227 ea
2328 2174 2435 2236 die,
2461 2190 2563 2243 qua
2592 2190 2715 2229 eum
2746 2175 2951 2230 litteras
2973 2176 3244 2245 accepisse
3269 2176 3601 2231 constiterit:

2022 2265 2165 2334 quod
2196 2266 2239 2319 si
2262 2266 2467 2334 aliquas
2494 2282 2651 2321 veras
2680 2267 3019 2323 necessitatis
3058 2283 3245 2322 causas
3273 2267 3601 2337 probaverit,

2022 2357 2217 2425 quibus
2246 2372 2366 2410 eum
2398 2373 2679 2413 occurrere
2708 2374 2815 2413 non
2847 2360 3088 2427 potuisse
3128 2357 3468 2412 manifestum
3511 2358 3601 2425 sit,

2022 2460 2198 2500 causa:
2228 2445 2467 2501 dicendae
2492 2448 2631 2502 intra
2674 2448 2903 2503 alterum
2944 2464 3184 2503 mensem
3215 2449 3473 2516 integram
3502 2449 3599 2503 ha-

2022 2537 2147 2592 beat
2177 2535 2516 2603 facultatem;
2543 2554 2726 2593 verum
2750 2548 2855 2593 tam
2885 2540 2974 2595 diu
2995 2548 3119 2609 post
3145 2556 3383 2594 mensem
3405 2556 3599 2595 secun-

2022 2626 2146 2680 dum
2176 2643 2288 2680 non
2317 2628 2701 2696 communicet,
2732 2629 2904 2683 donec
2932 2638 3212 2699 purgetur.
3247 2629 3304 2683 Si
3334 2637 3512 2684 autem
3532 2630 3599 2684 ad

2021 2716 2306 2771 concilium
2330 2718 2634 2771 universale
2662 2719 3085 2773 anniversarium
3108 2735 3393 2774 occurrere
3415 2720 3600 2775 nolue-

2021 2806 2110 2874 rit,
2140 2815 2195 2860 ut
2216 2808 2298 2861 vel
2326 2808 2395 2862 ibi
2425 2823 2581 2862 causa
2609 2808 2725 2877 ejus
2755 2810 3070 2864 terminetur
3089 2850 3104 2876 ,
3137 2809 3253 2880 ipse
3285 2811 3337 2864 in
3364 2826 3424 2865 se
3446 2811 3598 2865 dam—

2020 2895 2255 2951 nationis
2296 2898 2615 2951 sententiam
2644 2899 2842 2953 dixisse
2875 2898 3162 2967 judlcetur,
3196 2908 3435 2970 tempore
3464 2916 3596 2955 sane

2020 3002 2129 3057 quo
2157 3004 2263 3043 non
2292 2991 2671 3055 communicat,
2702 3006 2800 3045 nec
2827 2991 2880 3046 in
2907 3006 3003 3047 sua
3032 2991 3293 3058 Ecclesia,
3318 2994 3401 3047 vel
3432 3010 3592 3063 paro-

2021 3079 2139 3133 chia
2165 3081 2542 3135 communicet.
2572 3080 2868 3136 Accusator
2889 3090 3067 3137 autem
3094 3083 3227 3153 ejus,
3254 3085 3298 3138 si
3324 3100 3595 3156 nunquam

332 3196 483 3260 coni,
508 3211 616 3249 non
645 3196 755 3249 sint
776 3171 1159 3258 conductores,
1192 3188 1287 3247 aint
1315 3200 1711 3261 procuratores,
1734 3204 1919 3257 neque
1944 3185 1989 3246 ϐ
2023 3171 2210 3227 diebus
2239 3188 2412 3228 causa“
2442 3173 2678 3228 dicendi“
2724 3172 2971 3241 (Ῐοῖυθΐίῑν
3014 3191 3045 3229 ³
3075 3177 3453 3231 communione
3480 3193 3589 3244 non

333 3285 449 3339 ullo
470 3284 612 3354 turpi
640 3285 877 3352 negotio,
902 3293 957 3339 et
980 3285 1265 3339 inhonesto
1287 3284 1483 3337 victum
1505 3292 1763 3354 quierant,
1792 3283 1917 3353 quia

334 3377 609 3446 respicere
625 3376 824 3431 debent
843 3378 1099 3446 scriptum
1124 3392 1268 3431 esse:
1297 3396 1315 3426 ‹
1338 3377 1523 3430 Nullus
1549 3377 1781 3429 militans
1810 3376 1917 3429 Deo

332 3467 580 3535 implicat
632 3482 692 3521 se
744 3468 975 3535 negotiis
1020 3467 1387 3522 saecularibus.
1421 3487 1439 3518 ι
1476 3466 1603 3520 Item
1632 3467 1831 3535 placuit
1863 3475 1918 3519 ut

335 3555 595 3621 lectores,
630 3571 750 3610 cum
778 3557 845 3610 ad
875 3572 1043 3611 annos
1082 3558 1382 3626 pubertatis
1433 3557 1794 3625 pervenerint,
1824 3570 1917 3609 co-

333 3654 533 3714 gantur
557 3655 650 3701 aut
678 3662 874 3701 uxores
898 3648 1113 3713 ducere,
1132 3655 1223 3701 aut
1243 3648 1625 3702 continentiam
1656 3645 1913 3717 proﬁteri.

332 3736 472 3790 Item
497 3736 699 3805 placuit
739 3744 797 3789 ut
818 3737 1067 3802 clericus,
1093 3738 1137 3791 si
1168 3736 1589 3792 commodaverit
1614 3736 1914 3805 pecuniam,

332 3827 622 3896 pecuniam
634 3829 861 3897 accipiat
876 3846 891 3891 ;
905 3828 947 3882 si
966 3829 1218 3897 speciem,
1235 3829 1474 3883 eamdem
1488 3828 1742 3897 speciem,
1757 3842 1921 3897 quan-

335 3925 450 3969 tam
470 3915 701 3985 dederit,
718 3918 973 3988 accipiat;
991 3925 1047 3970 et
1068 3927 1127 3971 ut
1147 3926 1272 3973 ante
1296 3918 1482 3986 viginti
1499 3919 1733 3986 quinque
1750 3933 1920 3972 annos

332 4007 517 4061 aetatis
545 4021 648 4062 nec
694 4007 910 4063 diaconi
959 4007 1296 4075 ordinentur,
1344 4025 1443 4063 nec
1463 4009 1694 4076 virgines
1723 4024 1917 4063 conse-

332 4104 594 4163 crentur;
626 4104 681 4151 et
710 4105 769 4151 ut
792 4097 1026 4153 lectores
1054 4098 1310 4168 populum
1339 4114 1445 4153 non
1484 4100 1735 4152 salutent.

340 4203 414 4259 Ut
433 4221 752 4277 unaqua'que
780 4210 1058 4276 provincia,
1076 4218 1299 4280 propter
1327 4209 1768 4279 longinquitatem,
1805 4211 1917 4280 pri-

778 4288 966 4332 matem
997 4279 1181 4332 habeat
1205 4280 1489 4347 proprium.

409 4362 575 4419 XVII.
608 4365 815 4422 Placuit
861 4377 920 4422 ut
955 4368 1269 4422 Mauritania
1301 4367 1600 4433 Sitifensis,
1647 4376 1707 4423 ut
1735 4377 1920 4440 postu-

339 4453 494 4519 lavit,
526 4455 811 4523 primatem
842 4457 1127 4526 provincias
1155 4456 1432 4519 Numidiae,
1480 4471 1548 4510 ex
1594 4458 1745 4525 cujus
1773 4464 1918 4511 cmtu

2019 3272 2387 3329 removeatur;
2419 3264 2463 3318 si
2501 3279 2630 3318 vero
2670 3263 2957 3333 aliquando
2984 3265 3229 3333 defuerit,
3273 3269 3593 3322 subtrahens

2017 3370 2096 3419 se,
2121 3356 2367 3409 restituto
2393 3356 2444 3409 in
2474 3356 2849 3412 communione
2874 3357 3143 3427 episcopo,
3178 3359 3290 3428 ipse
3318 3376 3594 3414 removea-

2018 3452 2104 3497 tur
2131 3460 2161 3497 a
2190 3446 2566 3499 communione
2595 3454 2875 3501 accusator
2899 3463 2913 3500 :
2953 3448 3026 3501 ita
3057 3457 3253 3513 tamen,
3284 3458 3341 3503 ut
3367 3466 3463 3505 nec
3492 3451 3592 3520 ipsi

2017 3534 2284 3588 adimatur
2311 3535 2536 3589 facultas
2565 3552 2740 3590 causae
2786 3539 3119 3607 peragendae,
3162 3542 3207 3593 si
3251 3556 3310 3595 se
3349 3540 3414 3594 ad
3453 3539 3592 3595 diem

2017 3643 2302 3682 occurrere
2331 3643 2439 3681 non
2468 3628 2733 3682 voluisse‘
2751 3629 2845 3683 sed
2868 3626 2973 3683 non
3002 3630 3239 3699 potuisse
3263 3631 3589 3699 probaverit.

2018 3716 2149 3771 Illud
2173 3733 2317 3782 vero,
2350 3726 2409 3771 ut
2433 3733 2553 3771 cum
2584 3732 2742 3786 agere
2765 3720 2994 3787 coeperit
3023 3721 3075 3771 in
3107 3720 3480 3788 episcoporum
3500 3720 3590 3789 ju-

2016 3808 2178 3874 dicio,
2210 3808 2254 3863 si
2282 3805 2441 3862 fuerit
2468 3809 2795 3862 accusatoris
2820 3825 3046 3878 persona
3071 3810 3367 3878 culpabilis,
3413 3814 3478 3863 ad
3508 3825 3592 3864 ar-

2017 3900 2285 3968 guendum
2330 3915 2434 3953 non
2466 3899 2798 3965 admittatur,
2830 3900 2926 3954 nisi
2960 3901 3201 3969 proprias
3244 3916 3455 3969 causas,
3487 3918 3592 3957 non

2018 3997 2195 4044 tamen
2224 3989 2634 4055 ecclesiasticas,
2667 4006 2909 4045 asserere
2937 3988 3187 4045 voluerit.

2272 4101 2348 4154 De
2374 4102 2705 4172 presbyteris,
2737 4102 2815 4154 vel
2841 4102 3040 4155 clericis
3069 4104 3340 4155 accusatis.

2095 4191 2205 4246 XX.
2236 4192 2290 4247 Si
2314 4202 2491 4247 autem
2522 4195 2841 4265 presbyteri,
2866 4194 2951 4247 vel
2975 4194 3185 4248 diaconi
3212 4193 3408 4248 fuerint
3434 4208 3592 4249 accu-

2018 4282 2140 4343 sati,
2186 4281 2441 4349 adjuncto
2469 4282 2567 4335 sibi
2597 4298 2664 4336 ex
2696 4283 2882 4336 vicinis
2911 4282 3043 4336 locis
3072 4299 3193 4337 cum
3226 4284 3443 4353 proprio
3477 4286 3594 4354 epi-

2020 4388 2185 4441 scopo
2214 4372 2452 4439 legitimo
2493 4387 2717 4426 numero
2750 4372 3076 4441 collegarum
3120 4388 3256 4442 quos
3308 4376 3377 4429 ab
3404 4376 3595 4430 eodem

2022 4463 2256 4517 accusati
2281 4462 2534 4531 petierint
2560 4480 2573 4515 :
2604 4461 2654 4516 id
2686 4469 2771 4516 est
2816 4478 2923 4516 una
2971 4478 3152 4518 secum
3200 4464 3255 4517 in
3301 4465 3596 4535 presbyteri

333 4553 644 4611 separatur,
687 4553 746 4599 ut
773 4560 929 4600 suum
965 4546 1162 4600 habeat
1208 4544 1492 4614 primatem
1518 4583 1533 4611 ,
1578 4558 1758 4612 quem,
1785 4559 1918 4598 con-

2024 4555 2239 4609 nomine
2266 4569 2356 4606 sex
2375 4591 2391 4618 ,
2443 4554 2495 4606 in
2535 4553 2747 4607 diaconi
2773 4562 2884 4608 tres
2911 4554 3146 4622 ipsorum
3175 4570 3390 4610 causam
3421 4555 3596 4610 discu-

338 4632 700 4691 scntientibus
728 4635 976 4690 omnibus
997 4633 1310 4704 primatibus
1346 4633 1741 4701 provinciarum
1767 4631 1907 4685 Afri-

336 4746 623 4793 canarum,
654 4728 740 4782 vel
770 4726 1018 4781 omnibus
1045 4724 1333 4794 episcOpis,
1354 4732 1577 4794 propter
1601 4723 1907 4793 longinqui-

342 4830 511 4876 tatem
532 4820 731 4873 habere
759 4817 1018 4888 permissa
1044 4822 1146 4868 est.

342 4912 409 4967 Si
446 4913 563 4981 quis
609 4911 826 4964 clericus
877 4908 1168 4981 ordinatur,
1221 4908 1416 4981 moneri
1466 4906 1616 4959 debet
1645 4907 1921 4981 constituta

415 4976 623 5037 servare
650 4996 669 5046 ,°
698 4988 748 5034 et
794 4987 851 5031 ut
901 4977 1200 5046 corporibus
1229 4976 1584 5046 defunctorum
1612 4977 1923 5029 eucltaristia

415 5069 522 5106 non
553 5052 722 5114 detur,
753 5065 844 5102 nec
883 5048 1177 5116 baptisma;
1208 5056 1255 5098 et
1303 5055 1359 5097 ut
1388 5062 1478 5113 per
1504 5047 1734 5116 singulos
1762 5063 1925 5098 annos

414 5138 509 5190 per
537 5136 712 5174 omnes
765 5119 1060 5188 provincias
1110 5115 1178 5168 ad
1222 5116 1497 5168 concilium
1548 5116 1926 5183 metropolitani

416 5190 770 5246 conveniatur.

414 5278 600 5332 XVIII.
643 5277 775 5333 Item
832 5275 1034 5346 placuit
1078 5283 1139 5329 ut
1204 5274 1461 5330 ordinatis
1515 5273 1782 5342 episcopis
1838 5272 1927 5327 vel

343 5371 580 5431 clericis,
610 5371 758 5439 prius
788 5371 853 5422 ab
883 5366 1278 5422 ordinatoribus
1300 5365 1410 5420 suis
1439 5364 1633 5434 placita
1663 5364 1921 5418 concilio-

339 5476 466 5516 rum
491 5461 708 5514 auribus
729 5474 912 5513 eorum
940 5457 1305 5522 inculcentur,
1329 5469 1397 5509 ne
1422 5470 1481 5509 se
1508 5453 1708 5523 aliquid
1737 5459 1927 5507 contra

338 5561 549 5608 statuta
592 5551 807 5607 concilii
854 5550 1048 5605 fecisse
1088 5548 1406 5618 pteniteant.
1449 5546 1583 5601 Item
1638 5545 1838 5614 placuit
1870 5551 1929 5598 ut

338 5643 669 5716 corporibus
731 5640 1108 5697 defunctorum
1177 5637 1500 5693 eucharistia
1559 5651 1666 5690 non
1730 5634 1924 5701 detur;

2028 4648 2178 4711 tiant,
2198 4647 2387 4701 eadem
2409 4646 2636 4712 dierum,
2667 4655 2721 4700 et
2741 4646 3075 4714 dilationum,
3101 4656 3155 4702 et
3176 4664 3205 4701 a
3228 4650 3598 4704 communione

2025 4738 2405 4803 retnotionum,
2430 4745 2482 4791 et
2511 4737 2807 4792 discussion
2824 4740 2866 4759 "
2883 4753 3254 4807 personarum,
3276 4739 3416 4794 inter
3439 4754 3600 4794 accu-

2024 4835 2234 4881 satores
2263 4834 2318 4880 et
2345 4841 2440 4881 eos
2468 4827 2559 4894 qui
2586 4834 2927 4893 accusantur,
2976 4826 3146 4881 forma
3189 4836 3421 4882 servata.
3452 4826 3599 4881 Reli-

2026 4929 2253 4983 quorum
2276 4924 2455 4968 autem
2477 4916 2794 4969 clericorum
2822 4930 3033 4981 causas,
3054 4916 3212 4970 etiam
3234 4916 3380 4969 solus
3400 4916 3599 4991 episco-

2029 5020 2128 5073 pus
2153 5004 2255 5058 loci
2285 5013 2560 5071 agnoscat,
2593 5012 2647 5058 et
2678 5005 2843 5057 finiat.

2033 5095 2103 5151 Ut
2132 5096 2231 5165 ﬁlii
2270 5096 2571 5149 clericorum
2607 5096 2661 5149 in
2698 5096 3026 5148 matrimonio
3055 5110 3157 5147 non
3179 5094 3468 5164 jungantur
3495 5095 3601 5149 Ita:~

2722 5166 2912 5218 reticis.

2108 5254 2249 5309 XXI.
2277 5254 2477 5309 Iterum
2506 5254 2705 5324 placuit
2731 5262 2787 5309 ut
2816 5253 2907 5306 lilii
2950 5253 3263 5308 clericorum
3292 5253 3597 5322 gentilibus,

2030 5347 2114 5402 vel
2144 5346 2405 5401 bmreticis
2434 5346 2774 5401 matrimonio
2800 5361 2907 5399 non
2925 5344 3232 5415 junguntur.

2040 5457 2108 5513 Ut
2142 5459 2366 5529 episcopi
2412 5459 2489 5512 vel
2521 5458 2691 5511 clerici
2720 5459 2773 5529 in
2818 5474 2902 5510 eos
2940 5458 3025 5528 qui
3055 5473 3157 5510 non
3195 5466 3313 5510 sunt
3366 5455 3601 5511 catholici

2596 5528 2725 5580 nillil
2752 5530 3037 5596 conferant.

2115 5628 2273 5684 XXII.
2330 5626 2398 5680 Et
2426 5633 2485 5679 ut
2528 5626 2581 5680 in
2623 5639 2717 5677 eos
2761 5624 2847 5689 qui
2892 5624 3143 5677 catholici
3184 5622 3469 5677 Christiani
3500 5637 3601 5679 lion

418 5775 436 5795 '
470 5772 778 5841 Legendum
835 5777 982 5827 certe
1027 5768 1272 5834 noluisse,
1318 5775 1377 5822 ut
1415 5780 1605 5823 sensus
1647 5771 1876 5821 constet.
1908 5795 1977 5804 -—
2036 5759 2200 5829 Infra,
2231 5758 2320 5814 ubi
2359 5756 2554 5828 duplex
2601 5754 2901 5820 θδῑετῖδευδν
2947 5754 3225 5823 legendum
3268 5754 3478 5809 νίέῖειίιτ
3522 5748 3601 5807 d5"

340 5862 393 5900 ετ
407 5844 648 5902 usionis.
675 5841 826 5898 Enrr.
1420 5862 1421 5867 π
