4104 6464
494 325 587 387 191
1766 323 2120 381 DIONYSIUS
2156 319 2481 379 EXIGUUS.

3667 319 3773 378 l9!

494 457 642 514 sunt,
685 447 894 501 etiamsi
935 442 1316 514 consanguinei
1367 441 1583 508 fuerint,
1631 455 1728 510 per
1755 441 2078 496 donationes
2108 442 2158 502 Α
2182 435 2425 491 hdelibus
2452 432 2626 498 Iaicis,
2658 431 3003 502 imponatur;
3037 447 3216 505 neque
3241 434 3682 505 permittendum,
3713 447 3774 492 ut

495 553 679 593 rerum
708 552 947 601 suarum,
977 535 1211 606 episcopi
1234 533 1319 587 vel
1349 533 1531 588 clerici
1559 532 1693 587 nihil
1720 532 2018 586 conferant.

667 627 735 682 Ut
763 629 985 697 episcopi
1017 637 1157 678 trans
1186 641 1329 678 mare
1358 639 1460 677 non
1490 623 1907 693 proﬁciscantur.

569 716 752 771 XXIII.
777 719 910 772 Item
953 725 1010 771 ut
1059 717 1296 785 episcopi
1343 723 1491 769 trans
1518 729 1668 769 mare
1711 730 1817 768 non
1860 713 2078 782 proﬁci-

494 819 734 873 scantur,
766 811 869 864 nisi
893 811 1142 864 consulto
1167 809 1356 879 prima:
1394 808 1538 862 sedis
1563 807 1816 876 episcopo
1843 821 1955 860 sua:
1976 821 2076 860 cu-

496 903 684 972 iusque
712 903 1003 974 provincia:
1025 943 1041 969 ,
1075 911 1134 956 ut
1161 902 1228 956 ab
1256 917 1322 956 eo
1343 901 1611 970 praecipue
1635 899 1844 969 possint
1865 911 2079 952 sumere

494 992 781 1047 formatam
805 994 893 1048 vel
919 992 1468 1048 commendationem.

498 1102 566 1158 Ut
601 1115 792 1174 prazter
816 1105 1120 1176 Scripturas
1145 1119 1424 1158 canonicas
1462 1100 1594 1154 nihil
1630 1101 1685 1153 in
1725 1097 1958 1152 Ecclesia
1989 1096 2074 1152 le-

1207 1183 1376 1246 gatur.

565 1283 753 1340 XXIV.
783 1285 916 1341 Item
939 1293 999 1340 ut
1022 1293 1217 1356 prmter
1236 1282 1541 1352 Seripturas
1563 1273 1852 1336 canonicas
1872 1276 2000 1332 nihil
2021 1276 2077 1330 in

494 1375 735 1433 Ecclesia
759 1377 967 1447 legatur
989 1377 1087 1432 sub
1114 1375 1331 1430 nomine
1349 1374 1648 1427 divinarum
1661 1370 2078 1440 Scripturarum.

494 1469 842 1524 Suntlautem
864 1469 1141 1523 canonicae
1161 1465 1477 1535 Scriptum,
1496 1462 1548 1516 id
1570 1470 1654 1516 est
1671 1459 1916 1523 Genesis,
1947 1457 2085 1512 Exo-

494 1559 614 1625 dus,
639 1558 924 1622 Leviticus,
956 1542 1724 1621 Numeri,iDeuteronomium,
1755 1548 1882 1604 Jesu
1911 1547 2077 1612 Nave,

493 1647 759 1713 Judicum,
805 1645 969 1712 Ruth,
1002 1645 1210 1713 Regum
1241 1643 1361 1698 libri
1391 1641 1442 1706 4,
1476 1638 1926 1708 Paralipomenon
1959 1636 2082 1691 libri

494 1740 550 1806 Ξ,
580 1739 701 1803 Job,
735 1739 1076 1801 Psalterium,
1114 1735 1422 1791 Salomonis
1451 1732 1571 1787 libri
1600 1731 1652 1798 5,
1700 1730 1821 1784 libri
1863 1727 1930 1781 1‘2
1950 1727 2085 1783 Pro-

495 1834 802 1903 phetarum,
826 1831 1013 1897 Isaias,
1054 1827 1336 1894 Jeremias,
1383 1824 1653 1890 Ezechiel,
1690 1821 1896 1886 Daniel,
1935 1819 2078 1874 Tho-

497 1925 633 1989 bias,
664 1922 861 1990 Iudith,
878 1922 1088 1987 Esther,
1109 1919 1213 1974 Esd
1223 1935 1292 1973 rm
1314 1918 1496 1982 libri2,
1515 1915 1940 1970 Maehabreorum
1958 1911 2080 1965 libri

496 2014 533 2067 9.
557 2037 572 2080 ,
599 2013 734 2068 Novi
769 2012 1098 2068 Testamenti
1128 2031 1139 2064 :
1166 2010 1572 2078 Evangeliorum
1604 2007 1724 2061 libri
1770 2005 1822 2071 4,
1853 2004 2080 2058 Actuum

502 2107 872 2176 apostolorum
927 2105 1062 2159 liber
1109 2112 1265 2170 unus,
1320 2101 1577 2171 Epistulae
1624 2099 1774 2153 I’auli
1806 2097 1892 2166 I4,
1936 2094 2082 2150 Petri

505 2198 736 2266 apostoli
767 2196 820 2261 2,
869 2194 1090 2251 Joannis
1137 2195 1366 2266 apostoli
1396 2193 1448 2258 5,
1491 2192 1676 2247 Jacobi
1703 2191 1932 2260 apostoli
1955 2204 2078 2255 una,

497 2289 650 2344 Judm
690 2289 920 2360 apostoli
970 2306 1092 2356 una,
1129 2288 1478 2359 Apocalypsis
1498 2285 1718 2341 Joannis
1748 2285 1881 2338 liber
1921 2298 2078 2336 unus.

499 2379 615 2435 Iluc
645 2383 805 2434 etiam
850 2381 999 2434 fratri
1045 2388 1102 2435 et
1146 2378 1518 2434 consacerdoti
1565 2385 1750 2431 nostro
1781 2374 2078 2438 Bonifacio,

497 2473 584 2526 vel
613 2473 730 2525 aliis
760 2487 943 2526 earum
990 2471 1219 2540 partium
1250 2468 1516 2539 episcopis
1563 2482 1662 2536 pro
1709 2461 2080 2520 conlirmando

499 2565 604 2618 isto
634 2579 842 2619 eamme
874 2563 1194 2623 innotescat,
1243 2561 1368 2630 quia
1399 2575 1429 2614 a
1460 2557 1710 2613 Patribus
1738 2557 1841 2611 ista
1867 2553 2080 2624 accepi-

499 2669 618 2709 ntus
650 2654 703 2707 in
727 2652 964 2708 Ecclesia
996 2652 1241 2720 legenda.

496 2767 577 2822 De
617 2769 903 2838 episcOpis,
945 2767 1022 2820 vel
1063 2765 1385 2838 sequentibus
1432 2762 1728 2838 ordinibus,
1768 2761 1864 2838 qui
1905 2775 2082 2838 sacro-

573 2828 749 2920 sancta
790 2828 1042 2920 'mySteria
1089 2828 1445 2898 contrectant,
1491 2833 1687 2904 placuit
1727 2828 1802 2883 ab
1836 2828 2080 2884 uxoribus

572 2919 846 2963 contineri.

573 3017 733 3074 XXV.
765 3017 1018 3074 Aurelius
1055 3018 1337 3088 episcopus
1385 3015 1554 3072 dixit:
1581 3015 1858 3080 Addimus,
1890 3013 2081 3068 fratres

497 3109 820 3176 charissimi,
838 3117 1119 3180 praeterea,
1142 3125 1264 3164 cum
1285 3108 1352 3163 de
1372 3107 1723 3177 quorumdam
1737 3105 2076 3167 clericorum,

497 3202 744 3272 quamvis
767 3201 1048 3263 lectorum,
1079 3214 1203 3268 erga
1234 3214 1431 3254 uxores
1455 3196 1701 3267 proprias
1751 3195 2084 3250 incontinen-
2107 3178 2152 3240 C
2187 3234 2248 3291 Si

499 3295 573 3346 tia
605 3292 914 3359 referretur,
959 3291 1177 3361 placuit,
1222 3289 1366 3359 quod
1388 3297 1442 3344 et
1488 3289 1541 3342 in
1572 3285 1796 3342 diversis
1841 3284 2082 3340 conciliis

498 3380 766 3435 ﬁrmatum
795 3389 898 3446 est,
931 3391 989 3434 ut
1010 3380 1344 3444 subdiaconi,
1373 3379 1462 3448 qui
1493 3393 1644 3434 sacra
1670 3377 1923 3449 mysteria
1951 3391 2080 3430 con-

499 3479 751 3539 trectant,
796 3480 852 3525 et
879 3471 1110 3535 diaconi,
1143 3471 1459 3541 presbyteri,
1488 3467 1580 3524 sed
1611 3475 1667 3524 et
1703 3467 1960 3538 episcopi,
1991 3480 2080 3521 se-

499 3563 735 3618 cundum
767 3561 982 3632 propria
1011 3548 1230 3628 statuta,
1281 3561 1440 3614 etiam
1471 3561 1538 3615 ab
1567 3559 1822 3613 uxoribus
1865 3573 1923 3611 se
1952 3573 2079 3612 eon-

497 3653 725 3719 tineant,
769 3661 825 3707 ut
864 3661 1118 3724 tanquam
1149 3667 1257 3707 non
1307 3652 1570 3707 habentes
1613 3649 1896 3705 videantur
1922 3661 2077 3702 esse:

497 3744 642 3812 quod
670 3745 768 3798 nisi
798 3742 1043 3808 fecerint,
1075 3743 1142 3798 ab
1169 3742 1536 3798 ecclesiastico
1563 3747 1944 3796 removeantur
1971 3737 2086 3793 oftl-

497 3836 604 3892 cio.
656 3835 892 3890 Caeteros
929 3844 1110 3890 autem
1151 3834 1378 3890 clericos
1402 3835 1470 3890 ad
1512 3833 1617 3886 hoc
1646 3846 1753 3886 non
1797 3830 1939 3898 cogi,
1982 3829 2082 3882 nisi

497 3926 781 3980 ntaturiori
818 3935 994 3980 astate.
1049 3925 1130 3979 Ab
1159 3926 1414 3980 universo
1459 3923 1692 3978 concilio
1721 3922 1925 3977 dictum
1958 3928 2078 3975 est:

495 4013 628 4081 Qua:
651 4025 829 4070 vestra
855 4017 1114 4071 sanctitas
1139 4024 1221 4070 est
1243 4015 1386 4084 juste
1409 4013 1686 4068 moderata
1715 4021 1770 4068 et
1792 4021 1997 4080 sancta,
2028 4019 2084 4067 et

496 4107 609 4163 Deo
638 4109 836 4181 placita
859 4119 1004 4177 sunt,
1033 4107 1438 4164 conlirmamus.

818 4220 885 4276 Ut
915 4237 995 4274 res
1025 4219 1275 4274 Ecclesiae
1300 4235 1450 4272 nemo
1481 4217 1758 4271 distrahat.

567 4332 753 4388 XXVI.
788 4333 920 4389 Item
968 4333 1170 4403 placuit
1217 4339 1275 4386 ut
1326 4347 1442 4387 rem
1470 4330 1722 4387 Ecclesia:
1755 4347 1916 4388 nemo
1943 4347 2078 4389 ven-

497 4421 592 4475 dat
617 4438 629 4474 :
661 4421 806 4491 quod
832 4423 877 4477 si
907 4421 1145 4476 redditus
1167 4438 1274 4476 non
1305 4422 1488 4488 habet,
1519 4430 1574 4477 et
1597 4423 1773 4492 aliqua
1803 4423 1966 4477 nimia
1994 4439 2083 4478 ne-

2182 525 2499 594 rebaptizati
2527 523 2596 577 ad
2623 523 2908 579 clericatus
2932 524 3153 592 gradum
3180 536 3624 596 promoveantur.

2181 636 2474 706 Presbyteri
2497 636 2724 707 diaconi,
2755 636 2832 689 vel
2860 637 3054 707 clerici,
3085 639 3168 707 qui
3198 653 3359 692 causa
3385 656 3482 692 sua
3510 641 3579 695 ad
3601 650 3768 698 trans-

2250 707 2453 759 marina
2499 706 2785 776 putaverint
2818 706 3214 776 appellandum,
3258 709 3314 762 in
3350 713 3764 768 communionem

2249 777 2459 829 minime
2485 777 2852 846 suscipiantur.

2250 887 2482 943 XXVIII.
2521 887 2660 968 Item
2694 889 2897 959 placuit
2943 897 3003 943 ut
3052 893 3375 962 presbyteri,
3415 893 3648 962 diaconi,
3681 897 3769 954 vel

2183 982 2362 1036 czetcri
2395 979 2673 1034 inferiores
2713 980 2912 1044 clerici,
2967 981 3017 1034 in
3049 983 3228 1037 causis
3272 1000 3405 1053 quas
3459 985 3768 1056 habuerint,

2181 1072 2227 1126 si
2272 1071 2338 1125 de
2377 1069 2591 1139 judiciis
2635 1071 3008 1140 episcoporum
3059 1087 3278 1127 suorum
3319 1077 3496 1143 questi
3545 1078 3771 1146 fuerint,

2179 1161 2343 1215 vicini
2373 1161 2610 1230 episcopi
2658 1175 2753 1215 eos
2788 1176 2908 1215 cum
2959 1177 3226 1217 consensu
3273 1166 3354 1218 sui
3399 1168 3638 1237 episcopi
3665 1184 3770 1224 au-

2181 1251 2348 1314 diant,
2381 1258 2438 1305 et
2464 1253 2606 1303 inter
2627 1265 2722 1304 eos
2745 1249 3004 1304 deliniant
3033 1252 3259 1306 adhibiti
3284 1255 3352 1308 ab
3380 1254 3461 1310 eis
3484 1256 3768 1327 episcopi:

2182 1338 2326 1408 quod
2353 1337 2398 1392 si
2422 1346 2474 1392 et
2506 1339 2573 1392 ab
2602 1338 2682 1392 eis
2711 1338 3113 1407 provocandam
3139 1343 3465 1410 putaverint,
3509 1359 3619 1399 non
3642 1361 3775 1414 pro.

2183 1435 2378 1482 vocent
2408 1426 2473 1480 ad
2502 1427 2856 1481 transmarina
2881 1427 3102 1496 judicia,
3134 1429 3226 1484 sed
3256 1430 3322 1484 ad
3345 1432 3600 1500 primates
3637 1450 3772 1490 sua—
3805 1501 3811 1505 _

2181 1532 2300 1570 rum
2328 1517 2724 1586 provinciarum
2750 1560 2765 1582 ,
2799 1519 2938 1573 sicut
2965 1529 3020 1574 et
3053 1519 3121 1574 de
3160 1522 3428 1592 episcopis
3459 1541 3602 1595 saepe
3631 1543 3773 1583 con-

2183 1607 2426 1660 stitutum
2457 1615 2558 1661 est.
2582 1607 2660 1661 Ad
2689 1610 3042 1665 transmarina
3066 1619 3244 1666 autem
3270 1615 3360 1681 qui
3384 1618 3650 1684 putaverit
3673 1635 3774 1689 ap-

2186 1695 2511 1764 pellandum,
2553 1712 2584 1750 a
2612 1697 2762 1752 nullo
2791 1698 2932 1752 intra
2961 1698 3194 1754 Africam
3223 1702 3289 1756 ad
3331 1707 3776 1762 communionem

2109 1807 2157 1866 B
2184 1786 2526 1857 suscipiatur.

2185 1899 2247 1954 Si
2276 1901 2386 1970 quis
2416 1902 2886 1957 excommunicatns
2911 1912 3030 1957 ante
3053 1906 3373 1960 audientiam
3395 1911 3776 1965 communicare

2279 1973 2684 2040 pra‘sumpserit,
2712 1974 2823 2042 ipse
2851 1976 2904 2027 in
2933 1991 2987 2028 se
3015 1975 3400 2031 damnationem
3429 1982 3660 2049 protulit.

2254 2079 2442 2133 XXIX.
2469 2079 2603 2134 Item
2649 2082 2848 2152 placuit
2897 2084 3146 2139 universo
3186 2087 3414 2141 concilio
3455 2097 3514 2142 ut
3549 2091 3639 2158 qui
3672 2107 3775 2146 ex-

2183 2173 2610 2227 communicatus
2641 2173 2797 2227 fuerit
2842 2191 2939 2244 pro
2968 2191 3066 2230 suo
3096 2177 3362 2246 neglectu,
3402 2181 3516 2235 sive
3558 2182 3775 2251 episco-

2182 2278 2302 2332 pus,
2327 2263 2438 2318 sive
2459 2263 2683 2332 quilibet
2708 2265 2957 2332 clericus,
2986 2276 3039 2321 et
3060 2276 3303 2339 tempore
3330 2275 3773 2328 excommunica-

2185 2354 2344 2408 tionis
2387 2370 2514 2418 sua),
2573 2365 2698 2410 ante
2749 2356 3099 2424 audientiam,
3151 2364 3584 2418 communionem
3631 2381 3775 2434 prm-

2183 2446 2512 2513 sumpserit,
2545 2446 2659 2516 ipse
2696 2447 2751 2500 in
2798 2463 2856 2502 se
2884 2449 3242 2506 damnationis
3283 2451 3555 2521 judieetur
3581 2463 3776 2526 protu~

2184 2534 2309 2588 lisse
2330 2536 2678 2590 sententiam.

2568 2647 2643 2702 De
2667 2660 2926 2717 accusata,
2950 2650 3029 2705 vel
3048 2662 3368 2710 accusatore.

2257 2759 2424 2814 XXX.
2468 2761 2600 2816 Item
2639 2761 2837 2831 placuit
2883 2772 2941 2817 ut
2981 2772 3261 2819 accusatus
3294 2765 3378 2820 vel
3405 2769 3766 2825 accusatori»

2184 2864 2252 2904 eo
2281 2850 2399 2905 loco
2440 2851 2580 2905 unde
2627 2858 2711 2906 est
2751 2851 2841 2905 ille
2879 2853 2972 2921 qui
2999 2862 3314 2920 accusatur,
3353 2856 3402 2910 si
3431 2858 3622 2912 metuit
3661 2859 3766 2914 ali-

2183 2954 2344 3008 quam
2391 2941 2496 2993 vim
2557 2941 2858 2995 temeraria:
2897 2943 3276 3010 multitudinis,
3327 2945 3505 3001 locum
3534 2949 3634 3003 sibi
3677 2949 3770 3006 eli-

2183 3039 2275 3098 gat
2310 3031 2634 3100 proximum,
2657 3047 2764 3100 quo
2787 3048 2893 3088 non
2915 3033 2985 3089 sit
3007 3033 3223 3090 difﬁcile
3248 3044 3412 3093 testes
3447 3017 3770 3108 perducere,

2185 3119 2275 3174 ubi
2303 3135 2464 3175 causa
2496 3121 2730 3176 ﬁniatur.

2272 3236 2356 3305 qui
2391 3237 2563 3308 clerici
2590 3235 2652 3288 ab
2679 3237 2932 3307 episc0pis
2962 3239 3068 3308 suis
3097 3240 3319 3308 promoti
3347 3244 3774 3307 contempserint.

2346 3321 2438 3358 nec
2464 3307 2570 3359 illic
2598 3317 2841 3360 maneant
2863 3307 2998 3361 unde
3040 3307 3275 3362 recedere
3304 3311 3596 3367 noluerunt.

2253 3415 2440 3469 XXXI.
2474 3416 2605 3470 Item
2647 3417 2847 3486 placuit
2892 3424 2949 3471 ut
2978 3418 3280 3488 quicunque
3311 3419 3510 3484 clerici,
3541 3421 3627 3475 vel
3651 3421 3772 3475 dia-

2181 3512 2305 3566 coni
2352 3527 2450 3582 pro
2491 3511 2903 3565 necessitatibus
2942 3509 3304 3565 Ecclesiarum
3346 3527 3452 3566 non
3485 3513 3773 3582 obtempe-

2183 3602 2420 3657 raverint
2457 3602 2725 3672 episcopis
2754 3601 2885 3666 suis,
2935 3601 3236 3656 volentibus
3281 3618 3376 3658 eos
3407 3604 3473 3657 ad
3503 3603 3772 3661 honorem

2185 3694 2501 3762 ampliorem
2543 3695 2594 3748 in
2627 3709 2722 3747 sua
2752 3692 2992 3748 Ecclesia
3021 3709 3341 3763 promovere
3363 3735 3378 3759 ,
3412 3711 3512 3750 nec
3540 3697 3646 3752 illic
3663 3697 3772 3754 mi.-

2186 3783 2416 3838 nistrent
2440 3785 2492 3838 in
2522 3784 2690 3853 gradu
2719 3800 2818 3840 suo
2855 3784 2995 3839 unde
3023 3785 3278 3839 recedere
3305 3786 3613 3842 noluerunt.

2185 3896 2247 3952 Si
2269 3897 2713 3968 quisclericorum
2741 3913 2943 3968 pauperi
2960 3906 3222 3966 promotus
3251 3899 3302 3950 in
3349 3899 3547 3959 ordine,
3587 3912 3772 3968 postea

2315 3966 2548 4020 habuerit
2580 3966 2794 4036 aliquid,
2819 3966 3068 4022 Ecclesia:
3088 3969 3328 4038 potestati
3358 3966 3638 4039 subjaceat.

2255 4081 2476 4136 XXXII.
2513 4082 2648 4136 Item
2698 4082 2903 4152 placuit
2932 4091 2990 4136 ut
3015 4083 3275 4152 episcopi,
3304 4085 3622 4155 presbyteri,
3653 4084 3775 4140 dia-

2184 4174 2327 4239 coni,
2356 4174 2442 4228 vel
2469 4174 2772 4243 quicunque
2809 4174 3014 4241 clerici,
3057 4175 3150 4243 qui
3181 4175 3311 4229 nihil
3339 4175 3598 4230 habentes
3618 4177 3768 4230 ordi-

2186 4273 2399 4329 nantur,
2453 4272 2509 4318 et
2555 4271 2799 4333 tempore
2844 4265 3184 4333 episcopatus
3221 4265 3308 4320 vel
3357 4265 3642 4320 clericatus
3681 4266 3767 4320 sui

2185 4368 2362 4422 agros,
2407 4355 2494 4409 vel
2521 4370 2851 4424 qmunque
2889 4355 3106 4425 praedia,
3141 4357 3357 4411 nomine
3403 4373 3501 4412 suo
3528 4372 3757 4427 compa-

2183 4454 2326 4508 rant,
2377 4453 2629 4514 tanquam
2661 4461 2840 4499 rerum
2887 4445 3272 4500 dominicarum
3321 4448 3609 4502 invasionis
3656 4449 3770 4502 cri-

496 4511 723 4566 cessilas
750 4512 916 4580 cogit,
960 4512 1099 4567 hanc
1127 4512 1500 4567 insinuandam
1542 4529 1662 4568 esse
1708 4514 1924 4583 primati
1953 4530 2079 4584 pro-

2186 4535 2326 4587 mine
2358 4542 2660 4598 teneantur,
2705 4535 2807 4589 nisi
2852 4535 3111 4589 admoniti
3153 4535 3206 4588 in
3231 4535 3529 4591 Ecclesiam
3569 4537 3766 4594 eadem

497 4598 689 4654 vincia:
719 4599 904 4668 ipsius,
945 4607 1004 4653 ut
1032 4615 1156 4654 cum
1196 4608 1399 4655 statuto
1439 4617 1665 4655 numero
1702 4603 2078 4671 episcoporum

497 4700 678 4748 utrum
711 4691 1010 4746 faciendum
1040 4693 1108 4748 sit
1137 4675 1636 4760 arbitreturJQuod
1665 4694 1710 4748 si
1742 4702 1887 4748 tanta
1926 4702 2082 4762 urget

497 4783 794 4838 necessitas
818 4781 1088 4848 Ecclesiae,
1145 4790 1202 4838 ut
1247 4798 1354 4837 non
1403 4785 1574 4853 possit
1627 4791 1751 4838 ante
1773 4785 2076 4850 consulere,

493 4874 688 4929 saltem
713 4873 920 4928 vicinos
947 4881 1112 4928 testes
1141 4882 1406 4930 convocet
1442 4874 1744 4944 episcopos,
1793 4889 1986 4929 curans
2012 4874 2078 4930 ad

495 4962 784 5018 concilium
812 4977 998 5018 omnes
1036 4962 1241 5018 referre
1278 4977 1388 5017 sum
1409 4961 1661 5018 Ecclesia:
1689 4963 2036 5017 necessitates
2061 4980 2074 5016 :

495 5055 641 5122 quod
669 5056 714 5110 si
744 5071 851 5110 non
874 5056 1084 5124 fecerit,
1113 5071 1239 5112 reus
1268 5055 1400 5120 Deo,
1450 5063 1507 5110 et
1553 5054 1783 5110 concilio
1811 5055 2074 5124 venditor,

494 5142 703 5200 honore
731 5146 951 5212 amisso,
983 5153 1247 5200 teneatur.

496 5283 793 5355 Presbyteri
832 5293 883 5338 et
920 5284 1128 5339 diaconi
1163 5286 1219 5338 in
1253 5284 1669 5356 gravioreculpa
1700 5290 1914 5341 convicti
1960 5305 2078 5341 ma-

567 5354 1084 5436 nus’impositionem,
1109 5354 1354 5426 tanquam
1382 5354 1522 5420 laici,
1564 5371 1880 5428 nequaquam
1915 5360 2078 5412 susci-

565 5435 732 5492 piant.

568 5533 763 5590 XXVII
815 5536 947 5592 Item
977 5537 1354 5593 conﬁrmatum
1406 5545 1573 5592 estut
1617 5538 1662 5592 si
1691 5539 1904 5608 quando
1930 5555 2081 5609 pres-

499 5624 673 5696 byteri
701 5627 786 5682 vel
815 5628 1027 5683 diaconi
1076 5628 1131 5682 in
1163 5627 1340 5696 aliqua
1385 5629 1618 5698 graviori
1663 5629 1820 5701 culpa
1850 5631 2080 5686 convicti

2184 4626 2298 4695 ipsa
2327 4627 2673 4681 contulerint.
2704 4626 2760 4682 Si
2790 4634 2969 4681 autem
3006 4628 3134 4696 ipsis
3163 4630 3380 4699 proprie
3408 4630 3607 4700 aliquid
3632 4631 3774 4687 libe-

2181 4717 2394 4772 ralitate
2420 4717 2645 4787 alicujus
2676 4717 2765 4772 vel
2807 4718 3146 4773 successione
3175 4721 3509 4788 cognationis
3528 4723 3770 4776 obvene-

2180 4807 2270 4874 rit,
2316 4807 2512 4862 faciant
2565 4808 2690 4863 inde
2733 4809 2878 4877 quod
2919 4823 3107 4864 eorum
3155 4812 3434 4880 proposito
3471 4814 3765 4880 congruit:

2179 4899 2324 4969 quod
2370 4901 2416 4954 si
2458 4915 2489 4953 a
2518 4916 2618 4955 suo
2654 4901 2934 4970 proposito
2980 4910 3276 4959 retrorsum
3321 4904 3770 4972 exorbitaverint,

2183 4989 2389 5044 honore
2417 4989 2786 5052 ecclesiastico
2815 4991 3038 5059 indigni,
3069 5001 3322 5062 tanquam
3360 4995 3595 5063 reprobi,
3617 4995 3771 5064 judi-

2183 5095 2282 5136 CCI'I
2289 5089 2394 5137 tur.

2187 5191 2255 5246 Ut
2281 5195 2563 5269 presbyteri
2596 5176 2710 5269 reni
2723 5194 2972 5269 Ecclesia:
3011 5196 3071 5269 in
3108 5215 3207 5269 qua
3228 5206 3348 5252 sunt
3376 5200 3637 5252 constituti
3662 5217 3768 5255 non

2254 5267 2496 5338 trudunt,
2544 5276 2592 5318 et
2620 5267 2749 5319 nulli
2777 5267 3014 5338 episcopo
3053 5267 3203 5322 liceat
3229 5284 3339 5322 rem
3368 5271 3503 5323 tituli
3531 5272 3767 5325 metricis

2254 5334 2504 5392 Ecclesia:
2531 5352 2802 5404 usurpare.

2251 5447 2488 5502 XXXIII.
2522 5448 2653 5504 Item
2702 5451 2903 5520 placuit
2944 5458 3004 5504 ut
3047 5451 3351 5524 presbyteri
3393 5469 3502 5507 non
3529 5453 3774 5508 vendant

2180 5555 2296 5594 rem
2324 5538 2578 5594 Ecclesia:
2607 5541 2693 5595 ubi
2741 5549 2868 5596 sunt
2906 5541 3204 5608 constituti,
3262 5545 3624 5600 nescientibus
3646 5546 3771 5614 epi-

2162 5629 2359 5700 seopis
2380 5632 2510 5695 suis,
2537 5632 2810 5700 quomodo
2839 5639 2894 5686 et
2931 5633 3199 5704 episcopis
3241 5650 3346 5690 non
3379 5635 3504 5690 licet
3531 5636 3774 5692 vendere

495 5713 714 5783 fuerint,
763 5733 869 5787 qua
897 5733 993 5774 eos
1021 5733 1052 5771 a
1080 5717 1376 5773 ministerio
1427 5734 1648 5775 necesse
1688 5720 1759 5775 sit
1789 5720 2079 5786 removeri,
2112 5703 2160 5802 β
2182 5722 2379 5791 praedia
2409 5721 2683 5789 Ecclesim,
2714 5725 2997 5794 ignorante
3033 5703 3285 5794 concilio,
3325 5729 3412 5784 vel
3439 5730 3773 5802 presbyteris
3817 5771 3822 5774 -

499 5820 607 5864 non
632 5808 711 5866 eis
748 5823 957 5878 manus,
991 5815 1242 5879 tanquam
1273 5808 1674 5880 paenitentibus.
1709 5810 1792 5866 vel
1822 5815 2076 5881 tanquam

2072 5901 2083 5928 l

2185 5811 2312 5868 suis.
2363 5811 2478 5869 Non
2519 5812 2750 5871 habente
2791 5804 2886 5881 [F.
2923 5815 3165 5890 habenti]
3205 5832 3336 5891 ergo
3365 5821 3771 5885 necessitatum,
