4104 6474
302 289 409 347 195

1281 283 1507 341 CODEX
1544 285 1872 342 CANONUM
1913 286 2615 349 ECCLESIASTICORUM.

3484 299 3586 359 I9!

297 420 405 462 nec
434 404 691 476 episcopo
731 401 896 456 liceat
930 398 1168 454 matricis
1209 396 1493 466 Ecclesiic,
1539 416 1638 456 nec
1668 402 1896 473 presby-
1928 405 1976 464 Α
2002 401 2195 470 viario,
2225 403 2370 472 quod
2398 403 2712 474 decerptum
2742 412 2827 461 est
2865 405 2934 461 de
2970 406 3201 462 concilio
3232 406 3584 478 Hipponensi,

296 510 419 551 tero
446 510 563 550 rem
603 493 745 547 tituli
780 492 862 546 sui
892 505 1171 561 usurpare.

371 584 618 640 Recitata
644 590 772 638 sunt
799 582 962 636 etiam
993 582 1046 635 in
1074 581 1175 635 ista
1198 581 1406 653 synodo
1429 582 1644 636 diversa
1664 583 1893 637 concilia

295 676 564 730 universae
611 674 903 745 provinciae
944 671 1171 739 Africae,
1227 673 1515 728 transactis
1561 674 1895 743 temporibus

294 769 505 825 Aurelii
533 767 979 835 Carthaginensis
1007 767 1249 838 episcopi
1281 768 1569 822 celebrata.

442 857 523 913 De
551 858 768 913 concilio
794 856 935 928 quod
958 857 1202 928 Hippone
1237 857 1396 929 Regio
1427 860 1619 929 factum
1649 867 1742 912 est.

367 953 771 1013 Gloriosissimo
817 953 1147 1023 imperatore
1186 951 1491 1006 Theodosio
1532 952 1773 1019 Augusto
1803 951 1888 1017 IIl,

294 1052 353 1101 et
378 1044 722 1099 Abundantio
743 1059 794 1097 v.
825 1058 901 1111 c.,
931 1058 1023 1097 vni
1052 1041 1172 1096 idus
1205 1041 1475 1105 Octobris,
1509 1039 1761 1111 Hippone
1784 1042 1890 1097 Rc-

293 1135 405 1204 gio,
458 1134 510 1187 in
547 1133 842 1188 secretario
868 1132 1107 1187 basilicce
1153 1131 1321 1201 pacis,
1372 1138 1427 1185 et
1468 1140 1679 1186 caetera.
1725 1130 1890 1186 Gesta

295 1227 460 1296 hujus
489 1226 705 1281 concilii
734 1224 856 1279 ideo
895 1224 1163 1294 descripta
1194 1238 1303 1277 non
1331 1231 1477 1290 sunt,
1502 1225 1627 1291 quia
1657 1238 1741 1287 ea,
1773 1238 1892 1292 qua:

295 1318 370 1372 ibi
399 1325 601 1372 statuta
626 1323 752 1371 sunt
781 1316 835 1370 in
858 1314 1225 1385 superioribus
1252 1315 1557 1384 probantur
1584 1315 1804 1368 inserta.

295 1431 377 1487 De
406 1433 626 1486 concilio
654 1429 1070 1499 Carthaginensi,
1095 1426 1189 1499 ubi
1224 1426 1387 1495 legati
1410 1429 1641 1499 episcopi
1668 1444 1891 1497 procon-

390 1504 590 1556 sulare:
613 1500 681 1554 ad
721 1498 994 1554 concilium
1022 1498 1415 1551 Adrumetinum
1439 1498 1785 1551 destinantur.

366 1590 779 1647 Gloriosissimis
800 1588 1219 1658 imperatoribus
1242 1586 1471 1640 Arcadio
1509 1585 1575 1639 lIl
1616 1595 1673 1640 et
1706 1585 1889 1641 Hono-

292 1686 379 1741 rio
408 1685 453 1739 ιι
508 1685 679 1754 Augg.
732 1698 934 1747 conss,
981 1697 1033 1736 v1
1081 1681 1183 1736 cal.
1215 1679 1400 1745 Julias,
1452 1678 1796 1748 Carthagine.
1830 1682 1885 1736 In

1999 492 2133 546 nihil
2163 494 2492 549 arbitramur
2516 510 2636 550 esse
2664 497 3080 562 emendandum,
3124 498 3210 553 vel
3240 501 3588 569 assuendum,

1997 582 2100 637 nisi
2146 591 2205 637 ut
2232 583 2347 639 dies
2383 593 2585 639 sancta:
2614 583 2830 641 Pascha:
2876 594 3124 657 tempore
3164 587 3381 643 concilii
3424 588 3589 644 inno-

1997 679 2190 727 tescat.

2002 759 2069 815 Ut
2098 763 2347 833 episcopi,
2388 766 2466 819 vel
2509 766 2706 832 clerici,
2734 784 2840 850 non
2872 768 3025 839 facile
3063 770 3202 839 ﬁlios
3241 787 3361 824 suos
3401 789 3586 827 eman-

2699 849 2889 890 canent.

2699 854 2889 908 cipent.

2067 922 2283 979 XXXV.
2320 925 2388 981 Ut
2429 928 2692 997 episcopi,
2738 930 2825 984 vel
2871 931 3075 996 clerici,
3109 932 3248 989 filios
3275 949 3402 987 suos
3428 950 3458 988 a
3486 949 3587 991 sua

1998 1023 2267 1082 potestate
2294 1032 2391 1085 per
2412 1020 2900 1090 emancipationem
2929 1022 3077 1077 exire
3106 1040 3214 1077 non
3242 1024 3422 1078 sinant
3441 1066 3456 1090 ,
3483 1027 3587 1081 nisi

1994 1102 2064 1158 de
2091 1106 2330 1160 moribus
2346 1104 2537 1161 eorum
2566 1108 2784 1169 fuerint.
2805 1119 2859 1164 et
2882 1112 2948 1165 de
2968 1119 3127 1166 aetate
3156 1115 3353 1181 securi,
3385 1123 3441 1169 ut
3466 1131 3588 1186 pos-

1995 1192 2100 1246 sint
2121 1194 2188 1248 ad
2218 1211 2312 1249 eos
2336 1198 2445 1265 jam
2468 1200 2685 1268 propria
2718 1201 2989 1269 pertinere
3017 1214 3260 1272 peccata.

1999 1300 2067 1354 Ut
2094 1304 2339 1375 episcopi,
2358 1307 2434 1362 vel
2456 1300 2652 1375 clerici,
2675 1327 2778 1364 non
2802 1312 3127 1381 ordinentur,
3151 1316 3253 1375 nisi
3265 1333 3441 1370 omnes
3461 1334 3583 1372 suos

2495 1381 2711 1449 fecerint
2741 1381 3085 1437 Christianos.

2065 1460 2303 1520 XXXVI.
2338 1465 2406 1521 Ut
2434 1468 2693 1538 episcopi,
2726 1478 2781 1525 et
2809 1472 3131 1543 presbyteri,
3163 1482 3218 1528 et
3237 1475 3447 1532 diaconi
3471 1494 3584 1534 non

1992 1554 2329 1622 ordinentur,
2362 1559 2668 1626 priusquam
2699 1577 2907 1629 omnes,
2934 1565 3026 1631 qui
3069 1573 3196 1619 sunt
3222 1567 3273 1620 in
3298 1567 3459 1624 domo
3487 1585 3584 1624 eo-

1990 1659 2129 1710 rum,
2160 1645 2499 1702 Christianos
2530 1650 2828 1707 catholicos
2858 1652 3103 1710 fecerint.

294 1776 404 1832 hoc
446 1742 676 1832 concilio
698 1775 863 1843 legati
893 1773 1089 1829 delecti
1119 1781 1243 1829 sunt
1269 1774 1508 1843 episc0pi
1538 1776 1871 1843 proconsula-

1996 1752 2146 1819 Quod
2175 1769 2364 1828 prteter
2393 1777 2600 1829 panem,
2641 1771 2691 1815 et
2707 1780 2913 1843 merum
2935 1768 3165 1843 mixtum
3192 1784 3345 1839 aqua,
3374 1771 3502 1826 nillil
3530 1773 3586 1827 in

293 1882 384 1921 res
410 1866 478 1921 ad
507 1866 800 1921 concilium
833 1864 1263 1918 Adrumetinum.

294 1955 378 2011 De
404 1956 623 2011 concilio
654 1955 1076 2026 Cartliaginensi,
1120 1955 1203 2008 ubi
1237 1955 1401 2008 multa
1441 1964 1560 2009 sunt
1586 1958 1882 2010 constituta.

366 2047 600 2103 Caesario
644 2055 698 2101 et
726 2047 902 2101 Attico
952 2061 1037 2098 vv.
1068 2060 1150 2099 cc.
1182 2060 1395 2113 conss.,
1437 2046 1627 2114 quinto
1652 2047 1759 2102 cal.
1785 2046 1885 2101 Se-

293 2138 576 2210 ptembris,
599 2136 927 2204 Carthagine
950 2136 1002 2189 in
1025 2136 1318 2189 secretario
1340 2136 1576 2191 basilicae
1606 2136 1884 2203 restitutae,

292 2245 416 2285 cum
450 2228 699 2282 Aurelius
746 2227 1033 2297 episcopus
1079 2240 1185 2278 una
1234 2240 1357 2279 cum
1394 2226 1660 2295 episcopis
1691 2241 1883 2280 conse-

292 2321 497 2384 disset,
532 2320 831 2372 astantibus
880 2316 1041 2370 etiam
1075 2314 1425 2375 diaconibus,
1473 2316 1885 2371 advenientibus

291 2426 509 2481 quoque
537 2410 754 2465 Victore
783 2424 913 2463 sene
943 2409 1336 2478 Puppianense,
1372 2406 1510 2461 Tuto
1540 2406 1880 2476 Migirpense,

291 2497 565 2569 Evangelo
595 2499 930 2553 Assuritano.

292 2589 548 2645 Allocutio
609 2588 678 2641 ad
735 2589 1001 2658 epist-epos
1050 2588 1247 2670 Aurelii
1296 2588 1721 2658 Carthaginiensis
1769 2592 1882 2662 epi-

1002 2675 1165 2728 scopi.

365 2749 614 2803 Aurelius
654 2748 939 2818 cpiscopus
965 2748 1138 2802 dixit:
1174 2746 1303 2803 Post
1339 2749 1480 2805 diem
1523 2754 1879 2820 praestitutam

287 2839 504 2895 concilii
532 2839 892 2901 consedimus,
946 2846 1005 2891 ut
1030 2839 1411 2904 recordamini,
1456 2840 1648 2895 fratres
1674 2843 1880 2897 beatis-

286 2929 506 2997 simi,et
530 2928 923 2983 arbitrabamur
938 2929 1179 2983 omnium
1203 2931 1601 2998 provinciarum
1626 2933 1877 3001 perAfri-

284 3034 409 3074 cam
441 3018 739 3087 legationes
768 3019 1088 3074 convenisse
1116 3020 1183 3074 ad
1213 3021 1374 3085 diem,
1421 3029 1479 3075 ut
1513 3022 1644 3089 dixi,
1670 3026 1880 3092 praesti-

2296 1892 2297 1895 η
2404 1835 2743 1885 sacramentis
2768 1835 2944 1901 o/I‘erri
2975 1835 3171 1891 debeat.

2060 1916 2324 1973 XXXVII.
2361 1918 2429 1973 Ut
2461 1922 2514 1973 in
2554 1925 2907 1978 sacramentis
2956 1928 3201 1995 corporis
3229 1937 3284 1983 et
3312 1933 3586 2000 sanguinis

1993 2006 2202 2063 Domini
2233 2011 2364 2064 nihil
2387 2012 2618 2080 amplius
2659 2011 2934 2081 olieratur,
2967 2031 3127 2085 quam
3158 2018 3300 2086 quod
3332 2022 3582 2090 ipse,l)o—

1989 2100 2167 2155 minus
2191 2104 2552 2172 tradidit,hoc
2573 2114 2657 2160 est
2685 2108 2855 2175 panis,
2877 2116 2932 2162 et
2946 2109 3128 2162 vinum
3158 2126 3293 2178 aqua
3324 2114 3582 2168 mixtum:

1989 2192 2237 2261 primitiae
2261 2209 2413 2255 vero,
2461 2210 2554 2250 seu
2586 2196 2712 2260 mel,
2746 2204 2803 2251 et
2832 2198 2932 2262 lac,
2961 2198 3105 2267 quod
3135 2215 3243 2254 uno
3269 2200 3356 2256 die
3386 2204 3585 2257 solem-

1988 2284 2210 2339 nissimo
2242 2287 2293 2339 in
2326 2286 2586 2341 infantum
2615 2290 2873 2359 mysterio
2920 2290 3061 2345 solet
3090 2289 3307 2356 oﬂ‘crri,
3339 2296 3583 2361 quamvis

1987 2371 2044 2426 in
2082 2372 2239 2427 altari
2270 2372 2593 2441 offerantur,
2640 2391 2791 2430 suam
2836 2385 3012 2431 tamen
3043 2378 3277 2433 habeant
3306 2383 3580 2450 propriam

1987 2465 2441 2529 benedictionem,
2493 2476 2609 2521 uta
2635 2476 2974 2523 sacramento
3020 2469 3291 2525 dominico
3335 2474 3583 2542 corporis

1987 2564 2045 2610 et
2072 2558 2346 2623 sanguinis
2372 2557 2788 2626 distinguantur,
2834 2575 2932 2615 nec
2980 2561 3208 2630 amplius
3248 2564 3300 2616 in
3332 2564 3581 2633 primitiis

1986 2645 2244 2700 offeratur
2272 2663 2434 2716 quam
2465 2648 2532 2703 de
2562 2650 2680 2703 uvis
2709 2658 2764 2703 et
2794 2650 3099 2705 frumentis.
3340 2646 3343 2649 ’

1989 2760 2056 2814 Ut
2084 2762 2276 2827 clerici,
2310 2762 2385 2814 vel
2412 2764 2752 2827 continentes,
2780 2764 2848 2835 ad
2872 2764 3117 2835 virgines,
3141 2764 3219 2818 vel
3246 2764 3446 2832 viduas,
3472 2783 3577 2821 non

2650 2834 2920 2887 accedant.

2055 2920 2336 2976 XXXVIII.
2370 2923 2585 2991 Clerici,
2627 2926 2712 2979 vel
2743 2925 3104 2991 continentes,
3154 2926 3222 2980 ad
3253 2927 3460 2995 viduas,
3490 2929 3576 2986 vel

1982 3014 2215 3083 virgines
2245 3056 2259 3081 ,
2312 3016 2413 3071 nisi
2452 3032 2519 3071 ex
2562 3016 2713 3085 jussu
2755 3018 2840 3072 vel
2887 3020 3152 3086 permissu
3201 3020 3577 3089 episcoporum

284 3117 459 3163 tutam
493 3109 664 3163 nostri
696 3118 989 3175 tractatus;
1018 3110 1112 3164 sed
1142 3126 1265 3165 cum
1291 3112 1632 3166 sacerdotum
1662 3127 1871 3170 nostro-

1983 3116 2075 3158 aut
2097 3107 2541 3187 presbyterorum
2566 3123 2670 3160 non
2694 3108 2956 3163 accedant
2986 3126 2998 3159 :
3032 3118 3085 3162 et
3109 3111 3210 3163 hoc
3236 3126 3345 3163 non
3374 3110 3473 3164 soli
3493 3109 3577 3165 fa-

283 3218 408 3257 ruin
436 3202 664 3271 epistola
694 3202 1096 3272 Byzaccnorum
1124 3202 1313 3257 fuisset
1342 3206 1585 3271 recitata,
1640 3208 1721 3261 vel
1751 3209 1878 3275 quid

282 3308 497 3348 mecum
528 3293 689 3346 iidem
712 3293 803 3361 qui
838 3302 1048 3362 tempus
1091 3303 1146 3347 et
1193 3294 1335 3347 diem
1367 3296 1576 3349 concilii
1606 3312 1878 3365 praevene-

280 3394 430 3452 rant,
465 3392 809 3452 tractassent,
856 3393 1050 3439 vestra:
1091 3385 1341 3439 charitati
1386 3387 1685 3454 legeretur,
1739 3390 1877 3443 lecta

279 3486 364 3532 est
392 3476 556 3530 etiam
585 3490 617 3529 a
642 3462 898 3529 fratribus
926 3474 1204 3530 IIonorato
1228 3485 1283 3530 et
1312 3476 1548 3543 Urbano,
1570 3480 1659 3547 qui
1689 3481 1873 3534 nobis-

278 3583 404 3622 cum
442 3567 603 3621 hodie
624 3567 913 3621 concilium
944 3567 1354 3636 participantur,
1387 3568 1585 3635 legatio
1606 3567 1873 3624 Sitifensis

276 3659 573 3728 provincia:
599 3657 882 3711 destinata.
916 3656 1108 3711 Frater
1137 3660 1296 3713 etiam
1341 3659 1578 3727 Reginus
1616 3659 1873 3716 Ecclesia:

275 3748 446 3817 Vegei
476 3749 729 3804 Selitanae
760 3750 970 3804 litteras
994 3752 1009 3769 ‘
1036 3750 1102 3803 ad
1145 3752 1463 3821 parvitatem
1506 3769 1679 3807 meam
1718 3755 1873 3809 datas

271 3839 651 3896 Crescentiani
683 3842 867 3910 prima:
894 3842 1054 3906 sedis,
1088 3853 1145 3896 ut
1174 3844 1288 3912 ipse
1315 3844 1571 3912 insinuat,
1597 3847 1870 3901 Numidia-

271 3950 419 3999 rum,
446 3941 501 3988 et
518 3934 744 3999 Aurelii,
772 3935 1216 4004 eoepiscoporum
1242 3946 1571 4004 nostrorum,
1597 3940 1648 3992 in
1678 3940 1872 4007 quibus

272 4027 497 4096 scriptis
520 4034 700 4081 vestra
722 4042 929 4081 mecum
952 4028 1188 4082 Charitas
1204 4030 1543 4099 recognoscit
1558 4032 1870 4099 promisisse

270 4116 521 4181 eosdem,
551 4117 695 4186 quod
724 4126 817 4170 aut
861 4118 964 4187 ipsi
1009 4119 1356 4186 dignarentur
1405 4122 1607 4188 venire,
1659 4132 1753 4177 aut
1800 4125 1870 4179 ad

266 4206 383 4261 hoc
410 4206 698 4261 concilium
729 4205 955 4261 fuissent
980 4222 1048 4261 ex
1088 4224 1239 4263 more
1268 4208 1587 4264 destinaturi
1618 4211 1823 4280 legatos
1849 4232 1861 4264 :

265 4295 371 4351 sed
400 4295 505 4350 hoc
529 4296 656 4364 quia
681 4296 905 4352 minime
930 4296 1131 4353 factum
1163 4299 1396 4365 videtur,
1427 4301 1518 4355 diu
1548 4317 1606 4355 se
1634 4302 1864 4359 detineri

266 4390 338 4441 de
364 4384 660 4455 longinquo
686 4388 969 4443 venientes
1014 4388 1176 4458 legati
1217 4389 1550 4445 Mauritaniae
1599 4391 1870 4450 Sitifensis

1981 3196 2145 3260 ciant,
2176 3195 2270 3249 sed
2312 3212 2432 3250 cum
2466 3199 2802 3263 conclerieis,
2853 3201 2938 3253 vel
2972 3215 3091 3255 cum
3120 3201 3201 3256 his
3230 3218 3351 3255 eum
3382 3204 3576 3270 quibus

1980 3287 2269 3356 episc0pus
2301 3298 2392 3342 aut
2433 3291 2715 3360 presbyter
2749 3291 2992 3358 jusserit,
3041 3309 3143 3348 nec
3191 3295 3290 3363 ipsi
3332 3297 3570 3366 episciipi

1981 3384 2035 3429 et
2075 3378 2375 3447 presbyteri
2408 3380 2507 3432 soli
2553 3380 2790 3433 habeant
2832 3397 3107 3435 accessum
3154 3384 3220 3436 ad
3258 3385 3574 3453 hujusmmli

1980 3467 2202 3520 feminas
2226 3509 2241 3531 ,
2276 3469 2368 3521 sed
2396 3470 2485 3523 ubi
2519 3479 2610 3523 aut
2636 3472 2817 3525 clerici
2847 3484 3141 3542 praesentes
3165 3483 3310 3541 sunt,
3339 3487 3573 3543 autgra-

1976 3573 2070 3611 ves
2098 3558 2259 3625 aliqui
2286 3558 2596 3613 Christiani.

2044 3647 2112 3702 Ut
2136 3652 2371 3718 princeps
2394 3653 2718 3705 sacerdotum
2748 3669 2851 3706 non
2884 3656 3170 3724 appelletur
3213 3674 3501 3729 episcopus.

2045 3738 2287 3793 XXXIX.
2327 3739 2393 3795 Ut
2436 3743 2620 3812 prima:
2650 3743 2794 3797 sedis
2821 3745 3107 3814 episcopus
3132 3762 3237 3801 non
3268 3750 3569 3817 appelletur

1974 3833 2224 3903 princeps
2280 3835 2657 3900 sacerdotum,
2712 3845 3090 3892 antsummus
3140 3841 3423 3906 sacerdos,
3474 3850 3569 3896 ant

1973 3925 2177 3993 aliquid
2226 3925 2533 3996 hujusmodi
2564 3967 2579 3992 ,
2621 3926 2715 3982 sed
2762 3934 2973 3981 tantum
3028 3931 3217 3998 prima:
3260 3931 3403 3985 sedis
3447 3934 3567 4001 epi-

1971 4033 2186 4089 scopus.

1975 4129 2044 4186 Ut
2083 4131 2255 4185 clerici
2296 4131 2572 4197 tabernas,
2633 4132 2737 4254 123i
2771 4134 2825 4186 in
2863 4134 3181 4205 peregrinis,
3234 4152 3338 4189 non
3384 4138 3564 4209 ingre-

2685 4204 2879 4254 iantur.

2685 4211 2879 4256 tantur.

2038 4289 2151 4345 XL.
2184 4290 2256 4345 Ut
2275 4291 2475 4357 clerici,
2506 4291 2701 4346 edendi
2727 4294 2812 4347 vel
2841 4293 3057 4347 bibendi
3088 4309 3275 4362 causa,
3307 4295 3561 4353 tabernas

1967 4399 2077 4440 non
2134 4382 2503 4451 ingrediantur
2527 4425 2542 4451 ,
2588 4383 2691 4438 nisi
2737 4385 3188 4453 peregrinationis
3240 4387 3563 4446 necessitate

261 4490 379 4530 non
404 4490 564 4544 posse
594 4484 879 4542 testantur;
901 4486 956 4533 et
983 4478 1127 4544 ideo,
1152 4476 1366 4546 fratres,
1394 4481 1439 4534 si
1469 4491 1659 4537 vestrae
1687 4486 1865 4538 chari-
1895 4483 1942 4543 D
1968 4475 2250 4545 COIDPUISi-

259 4565 369 4618 tati
399 4564 639 4631 videtur,
684 4566 878 4621 littera:
921 4566 1147 4623 fratrum
1194 4580 1502 4625 nostrorum
1551 4571 1859 4644 Byzaceno-

258 4670 409 4722 rum,
439 4656 534 4711 sed
564 4664 617 4711 et
646 4658 993 4727 breviarium,
1022 4659 1166 4727 quod
1196 4660 1371 4714 cidem
1403 4662 1644 4731 epistola:
1675 4663 1861 4732 adjun-

256 4756 485 4813 xerunt,
534 4749 601 4803 ad
630 4750 773 4805 hunc
801 4758 1000 4807 emtum
1051 4761 1394 4822 corrogatum
1423 4754 1690 4824 legantur,
1724 4765 1782 4810 ut
1812 4759 1858 4811 si

252 4854 370 4907 qua
398 4838 538 4894 forte
564 4840 673 4895 illic
696 4857 915 4896 movere
943 4844 1222 4900 charitatis
1242 4853 1433 4901 vestra:
1462 4847 1699 4901 animum
1729 4863 1855 4917 pos-

251 4936 406 4992 sunt,
461 4929 513 4982 in
563 4929 756 4984 eodem
811 4931 1078 4987 breviario
1128 4948 1248 5003 qum
1298 4934 1604 5003 diligentius
1657 4937 1856 4993 fuerint

252 5021 653 5087 animadversa,
687 5023 741 5075 in
771 5023 961 5077 melius
991 5023 1377 5080 reformentur.
1410 5025 1525 5081 Hoc
1569 5029 1710 5082 enim
1741 5028 1850 5082 fra-

252 5125 347 5167 ter
374 5121 428 5167 et
456 5115 811 5186 coepiscopus
832 5124 1016 5171 noster
1038 5118 1222 5186 prima:
1242 5119 1403 5186 sedis,
1428 5120 1513 5173 vir
1539 5132 1853 5191 perspectus

248 5204 457 5259 merito
502 5221 615 5259 sua:
659 5208 938 5274 gravitatis
983 5216 1145 5276 atque
1192 5208 1525 5278 prudentiae,
1594 5209 1852 5267 Mizonius

244 5295 501 5349 scribens
527 5295 593 5349 ad
616 5312 791 5351 meam
820 5298 1138 5367 parvitatem
1163 5300 1475 5368 postulavit.
1505 5300 1560 5356 Si
1585 5316 1713 5371 ergo
1735 5303 1851 5372 pla-

243 5391 363 5449 cet,
384 5398 504 5452 quae
540 5393 769 5440 tractata
826 5396 951 5442 sunt
976 5388 1242 5457 legantur,
1293 5397 1349 5445 et
1375 5392 1581 5461 singula
1612 5408 1643 5447 a
1671 5402 1850 5449 vestra

242 5474 522 5528 charitate
550 5475 983 5531 considerentur.

241 5561 403 5628 Quod
445 5564 577 5618 nihil
621 5564 685 5618 de
723 5564 1051 5638 Hipponensi
1081 5568 1303 5623 concilio
1336 5569 1408 5623 sit
1444 5573 1846 5631 emendandum.

316 5650 566 5709 XXXIV.
596 5651 892 5724 Epigonius
940 5659 1225 5728 episcopus
1264 5656 1436 5735 dixit:
1468 5658 1527 5715 In
1554 5648 1677 5718 hoc
1720 5664 1846 5720 bre-

2188 4566 2258 4621 Ut
2285 4584 2317 4621 a
2350 4568 2538 4638 iejanis
2571 4569 2675 4624 Deo
2704 4568 2968 4641 sacriﬁcia
2992 4572 3333 4631 celebrentur.

2034 4657 2171 4711 XLI.
2208 4657 2278 4714 Ut
2307 4669 2641 4715 sacramenta
2675 4662 2857 4717 altaris
2885 4679 2993 4717 non
3022 4665 3124 4718 nisi
3154 4682 3184 4719 a
3226 4666 3424 4736 jejunis
3452 4668 3556 4723 bo-

1962 4746 2197 4803 minibus
2237 4749 2599 4817 celebrentur,
2641 4759 2870 4819 excepto
2901 4768 3008 4806 uno
3047 4753 3135 4809 die
3163 4757 3554 4824 anniversario,

1963 4855 2071 4909 quo
2094 4855 2248 4895 ccena
2276 4839 2488 4894 Domini
2516 4840 2856 4907 celebratur;
2889 4857 3013 4896 nam
3051 4845 3095 4898 si
3127 4845 3425 4914 aliquorum
3457 4861 3554 4915 po-

1964 4929 2269 4986 meridiano
2302 4940 2546 5001 tempore
2576 4932 2972 5000 defunctorum,
3013 4937 3125 4993 sive
3153 4940 3549 5008 episcoporum,

1962 5019 2076 5074 sive
2106 5028 2425 5074 eaeteromm
2454 5022 2851 5077 commendatio
2877 5022 3119 5079 facienda
3142 5035 3243 5093 cst,
3274 5026 3400 5081 solis
3427 5043 3550 5083 ora-

1962 5111 2197 5165 tionibus
2240 5110 2334 5165 fiat
2359 5150 2374 5177 ,
2433 5112 2478 5167 si
2537 5111 2613 5166 illi
2656 5113 2750 5181 qui
2788 5112 2988 5169 faciunt
3031 5116 3141 5184 jam
3177 5117 3358 5186 pransi
3396 5119 3551 5174 inve-

1960 5201 2201 5256 niuntur.

2129 5295 2199 5351 Ut
2225 5298 2281 5350 in
2304 5298 2529 5352 ecclesiis
2550 5300 2779 5352 convivia
2803 5299 3014 5353 minime
3043 5298 3370 5359 celebrentur.

2031 5387 2185 5442 XLII.
2221 5388 2289 5443 Ut
2314 5390 2445 5443 nulli
2473 5391 2729 5462 episcopi,
2760 5391 2845 5444 vel
2871 5390 3052 5445 clerici
3080 5392 3133 5445 in
3168 5393 3394 5447 ecclesia
3421 5408 3547 5449 con»

1955 5483 2259 5550 veniantur,
2296 5485 2397 5538 nisi
2427 5483 2566 5538 forte
2599 5492 2940 5539 transeuntes
2974 5485 3325 5555 hospitiorum
3356 5502 3546 5542 neces-

1956 5574 2113 5629 sitate
2142 5575 2251 5629 illic
2278 5575 2548 5639 reficiant;
2579 5574 2763 5644 populi
2785 5575 2948 5628 etiam
2980 5576 3046 5630 ab
3076 5576 3376 5646 huiusI-nodi
3406 5595 3542 5635 con-

1956 5664 2135 5735 viviis,
2163 5668 2421 5733 quantum
2452 5663 2567 5719 fieri
2589 5672 2787 5734 potest,
2811 5665 3217 5736 prohibeantur.

322 5791 342 5817 ‘
367 5789 536 5850 Caret
562 5792 774 5864 phrasis
801 5792 989 5864 verbo,
1036 5808 1161 5864 quo
1187 5811 1294 5854 vox
1323 5796 1524 5855 litteras
1562 5808 1778 5871 regatur
1808 5820 1820 5857 :
1854 5801 1992 5860 forte
2017 5802 2445 5861 substituendum
2475 5802 2612 5875 legit.
2638 5801 2796 5865 EDIT.

3538 1222 3631 1301 \

3646 1132 3737 1167 M’r

3638 1178 3649 1187 ι

3638 1302 3686 1339 ἐς
