4104 6470
513 253 613 311 ωδ

1060 364 1136 420 De
1164 367 1383 434 pmuiten
1393 363 1541 416 tibus.

583 459 765 518 XLIII.
817 458 889 516 Ut
931 458 1352 530 paenitentibus,
1401 453 1693 510 secundum
1740 449 2095 530 differentiam

515 560 884 624 peccatorum,
934 527 1175 616 episcopi
1218 543 1441 600 arbitrio
1482 540 1812 610 paenitentiae
1854 527 2099 610 tempora

515 642 893 704 dccernantur,
916 643 971 691 et
992 645 1048 690 ut
1073 634 1352 705 presbyter
1380 631 1680 687 inconsulto
1710 632 1963 701 episcopo
1991 643 2101 684 non

517 730 827 788 reconciliet
871 725 1250 796 pmnitentem,
1279 722 1380 778 nisi
1425 721 1683 777 abscntim
1727 719 1964 790 episc0pi
2005 732 2102 772 ne—

513 821 766 878 cessitate
809 824 1054 886 cogeute.
1113 814 1491 882 Cujuscnnque
1548 820 1729 865 autem
1789 808 2103 880 pmnitentis

516 911 786 985 publicum
824 915 884 962 et
907 905 1331 974 vulgatissimnm
1361 903 1564 958 crimen
1591 907 1692 964 est,
1718 899 1862 970 quod
1886 898 2102 953 univer-

517 1016 630 1057 sam
656 999 952 1054 Ecclesiam
981 995 1356 1060 commoverit,
1407 1000 1536 1048 ante
1560 991 1797 1047 absidem
1835 1005 2028 1046 manus
2055 988 2107 1044 ei

517 1094 846 1163 imponatur.

1108 1202 1186 1258 De
1214 1201 1514 1274 virginibus.

593 1297 776 1353 XLIV.
809 1296 882 1352 Ut
909 1294 1144 1364 virgines
1188 1307 1378 1360 sacrm,
1429 1306 1552 1346 cum
1581 1287 1913 1361 parentibus,
1940 1285 2110 1354 aqui—

523 1389 624 1446 bus
672 1387 1141 1446 custodiebantur,
1194 1384 1417 1453 privatas
1464 1382 1689 1446 fuerint,
1740 1377 1979 1448 episcopi
2026 1376 2111 1430 vel
2145 1431 2170 1454 Χ

521 1478 840 1551 presbyteri,
892 1477 982 1530 ubi
1028 1474 1312 1545 cpiscopus
1352 1474 1544 1526 absens
1592 1477 1691 1534 est,
1749 1467 2106 1537 providentia,

527 1569 862 1641 gravioribus
891 1567 1101 1621 feminis
1130 1563 1596 1624 commendentur,
1639 1570 1729 1614 aut
1769 1558 1926 1614 simul
1957 1556 2100 1611 babi~

528 1671 709 1717 tantes
755 1661 985 1715 invicem
1032 1673 1090 1712 se
1135 1656 1459 1720 custodiant,
1516 1669 1586 1709 ne
1628 1653 1828 1722 passim
1869 1651 2112 1719 vagando

529 1751 782 1808 Ecclesia:
810 1749 1006 1804 laedant
1030 1746 1508 1802 existimationem.
1531 1763 1535 1767 ν

532 1866 610 1920 De
638 1863 1004 1936 wgrotantibus
1044 1861 1128 1932 qui
1157 1875 1249 1938 pro
1279 1875 1332 1912 se
1385 1856 1694 1926 respondere
1731 1872 1833 1909 non
1882 1864 2114 1925 possunt.

603 1952 762 2006 XLV.
799 1949 869 2005 Ut
914 1947 1240 2018 mgrotantes
1288 1947 1378 2016 qui
1422 1961 1519 2015 pro
1557 1959 1616 1999 se
1653 1944 1981 2014 respondere
2009 1958 2116 1998 non

537 2052 780 2120 possunt,
811 2059 935 2099 cum
992 2041 1280 2097 voluntatis
1309 2054 1494 2094 eorum
1526 2037 1888 2092 testiinonium
1917 2036 1998 2091 sui
2025 2051 2120 2106 pe-

535 2137 705 2192 riculo
744 2135 962 2206 prOprio
992 2132 1246 2196 dixerint,
1283 2129 1639 2199 baptizentur.
1676 2125 1742 2181 Ut
1769 2125 2017 2193 scenicis,
2041 2133 2122 2180 at-

534 2243 641 2296 que
665 2225 1034 2290 histrionibus,
1057 2221 1370 2289 cacterisque
1400 2217 1705 2286 hujusmodi
1735 2216 2000 2285 personis,
2032 2213 2120 2269 vel

535 2315 845 2387 apostaticis
871 2312 1145 2368 conversis
1173 2311 1258 2364 vel
1288 2307 1603 2378 rcversis_ad
1627 2306 1818 2370 Deum,
1840 2304 2014 2374 gratia
2037 2302 2122 2358 vel

537 2407 908 2464 reconciliatio
940 2420 1044 2459 non
1075 2411 1313 2471 negetur.

945 2515 1028 2570 De
1051 2512 1378 2586 passionibus
1405 2519 1692 2582 martyrum

605 2608 787 2664 XLVI.
818 2606 1003 2661 Liceat
1023 2604 1182 2658 etiam
1213 2603 1316 2668 legi
1344 2602 1622 2670 passiones
1654 2605 1967 2669 martyrum,
1999 2610 2124 2653 cum

537 2697 894 2756 anniversarii
921 2695 1038 2750 dies
1066 2708 1255 2748 eorum
1284 2691 1646 2747 celebrantur.

631 2809 712 2862 De
733 2807 960 2879 parvulis
991 2805 1078 2875 qui
1107 2802 1244 2872 apud
1286 2800 1593 2854 Donatistas
1615 2797 1862 2869 baptizati
1891 2805 2030 2851 sunt.

606 2899 816 2956 XLVII.
840 2899 917 2953 De
939 2894 1229 2952 Donatistis
1249 2891 1450 2963 placuit
1478 2899 1537 2945 ut
1575 2890 1917 2944 consulamus
1935 2889 2127 2944 fratres

536 3000 597 3049 et
615 2988 1026 3047 consacerdotes
1063 2992 1276 3040 nostros
1303 2981 1550 3036 Siricium
1573 2989 1627 3034 et
1646 2978 2044 3049 Simplicianum
2061 2977 2128 3032 de

539 3083 672 3139 solis
722 3080 1011 3135 infantibus
1055 3076 1148 3147 qui
1194 3074 1535 3145 baptizantur
1570 3087 1737 3143 penes
1763 3071 2012 3135 eosdem,
2059 3084 2126 3124 ne

539 3171 685 3242 quod
729 3185 828 3224 suo
877 3183 983 3222 non
1030 3165 1274 3220 fecerunt
1307 3161 1530 3231 judicio,
1579 3175 1701 3215 cum
1739 3160 1805 3212 ad
1832 3157 2125 3212 Ecclesiam

542 3263 640 3316 Dei
667 3259 866 3317 salubri
895 3257 1173 3328 proposito
1195 3253 1392 3307 fuerint
1415 3251 1680 3313 conversi,
1705 3257 1986 3319 parentum
2009 3248 2129 3302 illos

537 3365 694 3405 error
748 3347 1007 3418 impediat
1047 3360 1116 3400 ne
1152 3349 1570 3414 promoveantur
1612 3339 1752 3394 sacri
1799 3337 1980 3392 altaris
2023 3337 2128 3390 mi—

542 3440 720 3495 uistri.

612 3529 816 3597 Quibus
861 3526 1098 3589 insertis,
1147 3522 1456 3577 Honoratus
1502 3527 1558 3573 et
1585 3517 1831 3572 Urbanus
1867 3515 2124 3586 episcopi,

542 3622 704 3692 legati
725 3619 1014 3691 provinciae
1035 3614 1366 3670 Mauritaniae
1381 3609 1668 3673 Sitifensis,
1693 3608 1946 3662 dixerunt
1971 3623 1984 3658 :
2009 3605 2127 3659 iam

540 3715 766 3782 dudum,
796 3727 920 3767 cum
949 3708 1093 3779 apud
1133 3706 1472 3762 sanctitatem
1489 3709 1733 3786 .vestram
1776 3699 2131 3766 allegaremns

540 3805 762 3876 scripta,
812 3801 963 3857 dilati
1009 3813 1194 3854 sumus
1221 3812 1288 3852 ea
1323 3791 1802 3861 contemplatione,
1852 3801 2130 3856 quousque

543 3875 737 3948 fratres
779 3891 950 3947 nostri
989 3887 1243 3942 advenire
1287 3889 1511 3953 possent
1557 3879 1626 3934 de
1651 3876 1896 3936 Numidia
1928 3875 2128 3942 legati;

542 3985 636 4042 sed
661 3983 785 4053 quia
812 3996 919 4036 non
947 3977 1096 4049 parvi
1127 3976 1243 4030 dies
1289 3980 1432 4036 sunt,
1464 3971 1658 4040 quibus
1687 3966 1984 4036 exspectati
2025 3967 2130 4018 mi-

547 4078 690 4130 nime
710 4078 993 4136 venerunt,
1041 4067 1183 4122 ultra
1212 4063 1641 4135 praetermittere,
1668 4072 1786 4126 quae
1809 4056 1964 4110 nobis
1987 4069 2134 4107 man-

545 4169 672 4223 data
713 4173 838 4221 sunt
867 4179 897 4217 a
926 4159 1122 4216 nostris
1151 4154 1488 4226 coepiscopis
1529 4167 1636 4206 non
1678 4155 1918 4220 oportet;
1971 4155 2133 4216 atque

545 4261 688 4321 ideo,
704 4255 916 4318 fratres,
931 4248 1328 4320 suggestionem
1345 4252 1582 4300 nostram
1597 4241 1824 4295 libenter
1844 4237 2130 4292 admittite.

546 4351 626 4405 De
655 4348 759 4403 ﬁde
786 4347 930 4402 enim
959 4341 1159 4398 Nicaeui
1190 4345 1452 4394 tractatus
1479 4333 1807 4394 audivimus;
1833 4342 2018 4383 verum
2049 4333 2134 4381 est

545 4440 612 4494 de
643 4433 920 4496 sacrificiis
948 4430 1252 4487 inbibendis
1277 4436 1400 4498 post
1427 4425 1729 4498 prandium,
1770 4429 1830 4475 ut
1854 4435 1884 4474 a
1909 4418 2128 4488 jejunis,
2159 4455 2213 4515 Β

545 4531 688 4584 sicut
715 4527 931 4596 dignum
959 4530 1063 4588 est,
1090 4519 1405 4587 offerantur,
1433 4526 1487 4572 et
1513 4526 1657 4583 tunc,
1689 4521 1744 4570 et
1773 4527 1916 4568 nunc
1945 4509 2126 4564 firma-

547 4628 663 4674 tum
690 4625 792 4692 est.

550 4735 625 4791 De
653 4732 1218 4805 rebapttzationibus__et
1266 4723 1759 4805 reordinationibus,
1789 4721 1866 4775 vel
1896 4719 2128 4775 transla»

1026 4801 1246 4856 tionibus
1275 4800 1650 4868 episcoporum.

614 4893 846 4951 XLVIII.
887 4893 1021 4948 Illud
1052 4901 1228 4947 autem
1265 4887 1597 4958 suggerimus
1623 4883 1933 4938 mandatum
1953 4882 2128 4948 nobis,

539 4992 688 5061 quod
711 4989 944 5046 etiamin
961 4985 1228 5058 Capuensi
1247 4984 1486 5053 plenaria
1507 4980 1713 5054 synodo
1737 4978 1944 5033 videtur
1962 4984 2131 5031 statu-

543 5093 681 5148 tum,
705 5092 764 5137 ut
777 5096 884 5136 non
897 5080 1057 5135 liceat
1072 5077 1186 5132 fieri
1196 5075 1324 5130 reba
1332 5067 2132 5143 ptizationes,'reordiuationes,

544 5171 630 5227 vel
649 5170 1031 5226 translationes
1055 5168 1450 5238 episcoporum.
1475 5161 1607 5216 Nam
1629 5158 1950 5214 Cresconius
1973 5155 2134 5210 Villa-

545 5264 852 5332 Ithegensis
879 5261 1186 5330 episcopus,
1208 5256 1366 5327 plebe
1393 5268 1490 5308 sua
1517 5251 1796 5314 derelicta,
1828 5247 2137 5302 Tubunien-

540 5370 659 5409 sem
688 5353 882 5409 invasit
908 5349 1224 5411 Ecclesiam,
1249 5355 1304 5400 et
1342 5357 1512 5412 usque
1539 5340 1700 5395 hodie
1746 5336 2126 5401 commonitus,

542 5443 838 5500 secundum
865 5439 1010 5511 quod
1036 5445 1291 5494 statutum
1311 5435 1503 5499 fuerat,
1534 5433 1838 5502 relinquere
1864 5427 2129 5493 eamdem,

543 5545 706 5600 quam
730 5532 1018 5596 invaserat,
1053 5527 1288 5598 plebem,
1313 5523 1656 5594 contempsit.
1681 5521 1950 5575 Adversus
1971 5518 2131 5572 istum

542 5635 662 5690 qua:
691 5621 1036 5691 pronuntiata
1069 5617 1280 5674 fuerant
1322 5613 1635 5671 confirmata
1675 5611 1892 5682 quidem
1930 5607 2135 5663 audivi-

543 5728 662 5768 mus
687 5729 701 5775 ;
731 5711 823 5768 sed
853 5710 1106 5783 petimus,
1135 5705 1429 5764 secundum
1457 5703 1603 5775 quod
1635 5702 1788 5759 nobis
1819 5697 2131 5755 mandatum

1789 239 2144 298 DIONYSIUS
2183 237 2498 294 EXIGUUS.

2123 361 2171 418 Α
2201 365 2299 420 est,
2326 365 2385 410 ut
2410 354 2700 423 dignemini
2721 355 2850 408 dare
2869 350 3115 408 fiduciam
3135 351 3299 422 quod,
3319 350 3431 423 jam
3447 352 3784 408 necessitate

3680 233 3782 286 {96

2204 449 2316 518 ipsa
2345 453 2597 514 cogente,
2626 444 2848 499 liberum
2871 443 3026 498 nobis
3063 442 3135 497 sit
3173 452 3439 497 rectorem
3471 442 3782 509 provincias,

2198 537 2492 593 secundum
2523 543 2722 591 statuta
2759 532 3270 603 gloriosissimorum
3317 530 3640 600 principum,
3689 531 3788 584 ad-

2198 642 2387 682 versus
2406 625 2558 680 illum
2581 624 2751 689 adire,
2803 630 2863 678 ut
2893 621 2985 692 qui
3005 620 3121 675 miti
3173 619 3541 675 admonitione
3586 621 3786 676 sancti-

2201 718 2326 772 tatis
2347 724 2538 770 vestra:
2564 714 2912 783 acquiescere
2929 712 3120 780 uoluit,
3143 718 3197 766 et
3215 709 3505 766 emendare
3519 710 3790 782 illicitum,

2202 809 2524 865 auctoritate
2555 805 2838 876 judiciaria
2884 804 3127 875 protinus
3151 803 3486 858 excludatur.
3538 803 3791 858 Aurelius

2206 900 2489 970 episcopus
2512 897 2646 952 dixit
2671 915 2684 950 :
2728 896 2950 952 Servata
2975 894 3146 948 forma
3169 893 3478 962 disciplimc,
3511 908 3618 947 non
3645 894 3794 948 testi-

2205 989 2438 1044 mabitur
2464 987 2752 1058 appetitus,
2783 985 2826 1039 si
2857 1000 2886 1038 a
2913 993 3090 1039 vestra
3111 983 3371 1039 charitate
3394 983 3633 1038 modeste
3658 999 3796 1039 con-

2207 1087 2400 1134 ventus
2443 1078 2696 1134 recedere
2733 1076 3129 1139 detractaverit,
3165 1090 3285 1131 cum
3314 1073 3492 1140 fuerit,
3534 1089 3631 1128 suo
3658 1090 3798 1130 cun-

2205 1177 2436 1239 temptu,
2461 1176 2517 1224 et
2564 1167 2940 1234 contumacia,
2988 1165 3216 1220 faciente
3255 1167 3416 1220 etiam
3473 1167 3799 1222 auctoritate.

2205 1261 2506 1330 iudiciaria,
2537 1267 2850 1315 conventus.
2876 1255 3186 1312 Honoratus
3209 1265 3263 1310 et
3287 1255 3530 1311 Urbanus
3557 1258 3798 1328 episcopi

2210 1354 2493 1407 dixerunt:
2527 1351 2641 1407 Hoc
2688 1363 2818 1418 ergo
2863 1349 3111 1404 omnibus
3152 1350 3374 1418 placet?
3404 1348 3486 1404 Ab
3534 1350 3800 1405 universis

2213 1442 2476 1536 episcopis
2503 1443 2704 1496 dictum
2732 1449 2814 1496 est
2837 1458 2849 1493 :
2872 1439 3082 1496 Iustum
3111 1449 3214 1504 est,
3241 1440 3436 1510 placet.

2381 1546 2517 1612 Quot
2543 1549 2772 1619 episcopi
2800 1548 3044 1602 ordinare
3067 1550 3362 1620 episwpum
3389 1549 3628 1605 debeant.

2286 1641 2470 1697 XLIX.
2514 1641 2820 1696 Honoratus
2866 1647 2922 1696 et
2955 1638 3197 1695 Urbanus
3234 1641 3471 1712 episCOpi
3511 1643 3802 1698 dixerunt:

2147 1729 2192 1788 B
2219 1733 2288 1788 Et
2315 1735 2442 1789 illud
2470 1733 2627 1788 nobis
2664 1731 2975 1787 mandatum
3005 1740 3108 1800 est,
3146 1740 3206 1786 ut
3249 1733 3374 1801 quia
3403 1735 3650 1802 proxime
3696 1732 3808 1789 fra-

2216 1835 2327 1882 tres
2353 1826 2522 1892 nostri
2547 1823 2809 1878 Numidiae
2837 1823 2945 1878 duo
2979 1823 3217 1892 episcopi
3263 1823 3516 1880 ordinare
3553 1840 3808 1894 praesum-

2217 1925 2439 1988 pserunt
2460 1916 2804 1987 pontificem,
2852 1931 2960 1970 non
3001 1915 3104 1970 nisi
3149 1931 3180 1970 a
3226 1915 3509 1972 duodecim
3539 1919 3808 1974 censeatis

2223 2007 2484 2068 celebrari
2511 2007 2885 2075 episcoporum
2907 2004 3290 2060 ordinationes.
3313 2004 3561 2061 Aurelius
3589 2008 3808 2078 episco-

2219 2116 2320 2172 pus
2340 2099 2513 2154 dixit:
2543 2098 2739 2171 Forma
2764 2097 2983 2166 antiqua
3027 2097 3348 2164 servabitur,
3393 2104 3452 2151 ut
3477 2112 3584 2152 non
3626 2099 3809 2155 minus

2221 2205 2382 2260 quam
2411 2198 2522 2244 tres
2543 2189 2836 2257 sufficiant,
2863 2188 2954 2256 qui
2981 2187 3184 2242 fuerint
3211 2187 3458 2242 destinati
3489 2188 3558 2242 ad
3593 2190 3810 2258 episco-

2221 2296 2351 2352 pum
2380 2279 2750 2346 ordinandum.
2783 2278 3096 2348 Propterea,
3125 2279 3249 2347 quia
3292 2280 3344 2332 in
3389 2278 3593 2348 Tripoli
3639 2279 3810 2351 forte,

2223 2380 2280 2425 et
2325 2370 2378 2424 in
2424 2370 2632 2437 Arzuge
2677 2367 2996 2437 interjacere
3021 2369 3271 2423 videntur
3298 2369 3539 2424 barbarie
3576 2380 3808 2438 gentes;

2226 2477 2348 2516 nam
2374 2461 2428 2515 in
2458 2459 2679 2530 Tripoli,
2709 2467 2771 2514 ut
2789 2459 3065 2522 asseritur,
3115 2459 3356 2528 episcopi
3401 2467 3526 2514 sunt
3571 2459 3810 2528 quinque

2226 2552 2622 2620 tantummodo,
2651 2561 2707 2606 et
2750 2557 2982 2621 possunt
3024 2549 3165 2604 forte
3203 2550 3272 2605 de
3293 2550 3409 2619 ipso
3449 2563 3674 2604 numero
3719 2550 3811 2604 vel

2227 2646 2335 2702 duo
2361 2646 2678 2701 necessitate
2697 2643 2874 2712 aliqua
2902 2643 3175 2712 occupari,
3207 2640 3424 2696 diflicile
3460 2647 3544 2696 est
3577 2641 3720 2695 enim
3751 2649 3813 2695 ut

2227 2737 2296 2793 dc
2321 2737 2562 2806 quolibet
2590 2745 2813 2789 numero
2841 2747 3032 2789 omnes
3058 2732 3265 2803 possint
3291 2745 3615 2795 occurrere;
3667 2746 3814 2783 nun-

2229 2829 2356 2898 quid
2377 2828 2538 2883 debet
2557 2827 2664 2881 hoc
2685 2827 2859 2896 ipsum
2880 2823 3262 2894 impedimento
3283 2837 3401 2878 esse
3433 2821 3814 2877 ecclesiastica

2232 2919 2484 2974 utilitati?
2512 2916 2646 2972 Nam
2671 2925 2726 2971 et
2773 2916 2828 2970 in
2857 2915 2962 2969 hac
2990 2914 3252 2980 Ecclesia,
3299 2911 3366 2967 ad
3393 2925 3553 2982 quam
3595 2911 3815 2980 dignata

2231 3020 2314 3067 est
2339 3019 2517 3066 vestra
2560 3009 2817 3066 sanctitas
2856 3007 3162 3069 convenire,
3199 3005 3392 3060 crebro
3431 3019 3496 3058 ac
3548 3017 3688 3072 pene
3713 3017 3816 3072 per

2156 3093 2200 3156 C
2230 3101 2371 3156 diem
2399 3101 2719 3156 dominicam
2748 3096 3076 3154 ordinandos
3102 3096 3400 3160 habemus;
3446 3091 3814 3161 nunquidnant

2231 3196 2541 3265 frequenter
2586 3192 2870 3246 duodecim
2916 3197 3128 3259 potero,
3182 3188 3269 3242 vel
3313 3187 3523 3251 decem,
3570 3185 3658 3240 vel
3701 3199 3816 3240 non

2231 3288 2402 3342 multo
2430 3285 2607 3339 minus
2634 3285 2900 3338 advocare
2921 3277 3240 3350 episcopos?
3271 3278 3366 3332 sed
3389 3277 3544 3331 facile
3570 3282 3654 3330 est
3682 3275 3817 3330 mihi

2229 3377 2365 3432 duos
2399 3375 2708 3444 adjungere'
2735 3387 2868 3428 meae
2905 3371 3155 3442 parvitati
3199 3370 3425 3424 vicinos.
3475 3368 3818 3437 Quapropter

2232 3467 2407 3522 cernit
2452 3481 2660 3522 mecum
2690 3465 2924 3519 charitas
2952 3470 3131 3518 vestra
3158 3461 3264 3516 hoc
3306 3461 3480 3531 ipsum
3535 3459 3817 3516 observari

2229 3573 2336 3612 non
2361 3571 2540 3626 posse.

2236 3670 2368 3738 Quot
2397 3669 2520 3722 addi
2549 3666 2762 3720 debeant
2790 3666 3012 3734 episcopi
3035 3682 3244 3720 numero
3275 3665 3654 3738 ordinaturum,
3685 3663 3728 3716 si
3751 3662 3817 3716 de
3898 3696 3902 3697 ν

2441 3738 2736 3796 ordinanda
2753 3739 2987 3806 episwpo
3021 3738 3174 3807 fuerit
3203 3735 3597 3789 contradictum.

2304 3850 2365 3904 L.
2407 3849 2514 3904 Sed
2535 3848 2666 3904 illud
2695 3857 2778 3904 est
2803 3848 3167 3915 statuendum,
3197 3856 3258 3902 ut
3284 3847 3493 3916 quando
3514 3846 3582 3900 ad
3612 3845 3817 3916 eligen-

2232 3941 2358 3996 dum
2399 3941 2707 4009 episcopum
2749 3939 3176 4004 convenerimus,
3222 3939 3267 3994 si
3303 3953 3409 4008 qna
3457 3936 3817 3992 contradictio

2231 4031 2392 4087 fuerit
2420 4031 2630 4096 oborta,
2659 4030 2784 4099 quia
2815 4029 2942 4083 talia
2971 4036 3198 4084 tractata
3235 4036 3360 4082 sunt
3383 4027 3523 4096 apud
3556 4041 3678 4092 nos,
3706 4041 3817 4081 non

2231 4129 2556 4194 praesumant
2581 4120 2646 4174 ad
2684 4120 3019 4190 purgandum
3053 4134 3176 4173 eum
3217 4118 3308 4186 qui
3358 4116 3686 4171 ordinandus
3731 4123 3819 4169 est

2235 4221 2344 4269 tres
2368 4213 2499 4283 jam,
2543 4211 2637 4266 sed
2659 4211 2961 4281 postuletur
2983 4210 3049 4264 ad
3071 4223 3352 4263 numerum
3385 4205 3817 4276 supradictornut

2233 4321 2373 4360 unus
2395 4304 2480 4358 vel
2511 4302 2646 4368 duo,
2672 4311 2726 4356 et
2751 4303 2807 4355 in
2847 4302 3031 4355 eadem
3061 4299 3218 4370 plebe
3245 4299 3328 4353 cui
3360 4293 3709 4351 ordinandus
3731 4301 3818 4349 est

2237 4394 2592 4450 discutiantur
2640 4393 2815 4462 primo
2861 4403 3107 4460 persona:
3161 4385 3664 4442 contradicentium.
3711 4381 3814 4436 Po-

2236 4495 2440 4542 stremo
2470 4485 2632 4540 etiam
2662 4483 2752 4536 illa
2781 4496 2900 4551 quas
2929 4479 3253 4548 objiciuntur
3291 4481 3730 4546 pertractentur;
3761 4481 3818 4527 et

2236 4593 2359 4634 cum
2385 4583 2643 4646 purgatus
2665 4571 2825 4627 fuerit
2853 4572 2906 4625 in
2931 4577 3220 4639 conspectu
3245 4567 3476 4637 publico,
3505 4567 3577 4618 ita
3599 4563 3816 4618 demum

2234 4669 2530 4725 ordinetur.
2561 4664 2618 4720 Si
2644 4665 2747 4718 hoc
2773 4678 2894 4718 cum
2921 4669 3110 4716 vestra:
3141 4657 3442 4714 sanctitatis
3471 4656 3652 4710 animo
3680 4669 3817 4708 con-

2233 4758 2442 4822 cordat,
2470 4755 2758 4810 roboretur
2783 4759 2976 4807 vestrae
2995 4748 3317 4819 dignationis
3339 4746 3708 4815 responsione.
3733 4744 3819 4798 Ab

2235 4849 2498 4904 universis
2524 4845 2792 4916 episcopis
2813 4843 3016 4897 dictum
3043 4849 3160 4895 est:
3192 4838 3335 4895 Satis
3369 4839 3562 4907 placet.

2239 4960 2307 5017 Ut
2352 4960 2417 5015 de
2457 4957 2690 5012 Ecclesia
2732 4953 3062 5024 Carthaginis
3109 4951 3218 5006 dies
3267 4948 3485 5003 Pascha:
3531 4947 3817 5001 nuntietur.

2306 5050 2389 5104 LI.
2423 5049 2727 5104 Honoratus
2758 5054 2812 5099 et
2845 5043 3087 5098 Urbanus
3108 5041 3343 5112 episcopi
3365 5039 3611 5093 dixerunt
3635 5055 3648 5090 :
3673 5035 3819 5102 Quo-

2238 5144 2380 5199 niam
2401 5141 2470 5196 de
2489 5137 2901 5195 commonitorio
2926 5143 3111 5188 nostro
3133 5133 3312 5187 omnia
3335 5137 3561 5184 tractata
3584 5143 3821 5183 noscun-

2239 5241 2344 5295 tur,
2367 5231 2613 5286 addimus
2641 5229 2801 5282 etiam
2830 5225 2896 5280 de
2923 5225 3008 5279 die
3036 5222 3254 5278 Pascbas
3283 5221 3437 5274 nobis
3458 5234 3575 5273 esse
3597 5217 3816 5272 manda-

2242 5334 2375 5388 tum,
2399 5331 2458 5377 ut
2485 5323 2551 5376 de
2581 5317 2815 5374 Ecclesia
2847 5329 3061 5384 semper
3085 5311 3513 5386 Carlhaginensi,
3545 5309 3700 5364 sicuti
3733 5323 3823 5360 as-

2239 5418 2396 5482 solet,
2413 5417 2757 5474 instruamur,
2781 5418 2961 5464 etnon
2983 5408 3080 5462 sub
3102 5414 3326 5474 angusto
3349 5405 3604 5473 temporis
3621 5402 3819 5472 Spatio.

2242 5507 2485 5564 Aurelius
2514 5504 2799 5574 episcopus
2827 5500 2961 5555 dixit
2986 5517 2999 5552 :
3049 5497 3106 5552 Si
3135 5497 3404 5552 sanctitati
3436 5504 3627 5549 vestra:
3673 5493 3826 5546 vide-

2245 5610 2350 5660 tur,
2373 5598 2625 5668 quoniam
2655 5609 2754 5649 nos
2793 5591 3145 5663 spepondisse
3183 5589 3292 5659 jam
3323 5587 3521 5642 dudum
3569 5585 3823 5640 memini--

2241 5708 2374 5756 mus,
2410 5697 2468 5743 ut
2488 5687 2708 5756 singulis
2729 5685 3026 5756 quibusque
3055 5683 3207 5738 anuis
3232 5675 3300 5735 ad
3325 5675 3659 5735 tractandum
3691 5691 3818 5730 ccu-
