4104 6478
301 306 399 360 nn

1285 312 1509 370 CUDEX
1545 314 1871 372 CANONUM
1914 315 2604 382 ECCLESIASTICORUM.

3485 328 3598 384 1⁸38·

290 422 597 488 veniamus,
627 427 683 475 et
706 436 830 476 cum
861 423 1166 480 venerimus
1192 426 1246 480 in
1271 444 1458 498 unum,
1493 439 1619 487 tunc
1657 433 1893 501 divulga-
1922 441 1962 497 Λ
1995 435 2203 505 palibus
2226 438 2496 494 cathedris
2522 445 2923 495 removeantur.
2960 439 3186 511 Oportet
3215 439 3376 508 enim,
3408 451 3468 498 ut
3495 445 3590 513 qui

290 511 441 568 bitur
468 523 688 568 sanctus
719 511 939 568 Pascha:
967 514 1082 570 dies
1107 532 1208 586 per
1236 519 1443 587 legatos
1488 521 1580 590 qui
1613 521 1886 576 adfuerint

290 603 546 660 concilio.
579 603 891 659 Honoratus
938 613 993 660 et
1035 605 1285 663 Urbanus
1328 610 1568 681 episcopi
1597 610 1888 665 dixerunt:

291 692 450 750 Nunc
477 695 544 749 de
572 696 824 764 prmseuti
869 704 1012 751 ctetu
1041 697 1295 766 petimus,
1329 707 1388 754 ut
1434 701 1627 756 litteris
1675 703 1893 771 provin-

289 785 438 841 ciam
469 794 708 842 nostram
737 787 805 842 de
833 789 937 844 hac
982 789 1069 844 die
1097 790 1387 848 informare
1416 794 1727 862 dignemini.
1779 795 1891 850 Au-

289 879 468 934 relius
491 880 777 950 episcopus
805 880 943 935 dixit
967 899 980 934 :
1015 881 1093 936 Ita
1115 882 1210 937 fiat
1231 900 1452 940 necesse
1474 893 1579 940 est.

745 992 827 1048 De
854 996 1122 1050 uisitandis
1151 999 1446 1067 provinciis.

368 1100 476 1158 LII.
518 1102 829 1162 Honoratus
851 1112 908 1161 et
950 1103 1200 1163 Urbanus
1231 1110 1472 1180 episcopi
1503 1109 1755 1167 dixerunt
1782 1132 1794 1166 :
1827 1114 1893 1168 Et

299 1189 428 1246 illud
457 1193 611 1248 nobis
640 1195 804 1249 verbo
834 1195 1145 1250 mandatum
1168 1207 1271 1263 est,
1305 1208 1363 1253 ut
1389 1202 1513 1270 quia
1541 1203 1890 1257 constitutum

295 1291 385 1338 est
422 1283 474 1337 in
507 1284 741 1340 concilio
785 1285 1120 1357 Hipponensi
1150 1288 1388 1355 singulas
1428 1291 1626 1347 debere
1669 1297 1889 1362 provin-

295 1373 414 1428 clas
466 1381 711 1445 tempore
779 1377 992 1431 concilii
1038 1379 1334 1434 visitandas
1385 1397 1534 1447 esse,
1600 1385 1892 1453 dignemini

295 1463 487 1528 etiam,
518 1466 663 1533 quod
683 1466 787 1521 hoc
805 1480 948 1522 anno
977 1469 1271 1524 secundum
1302 1471 1545 1527 ordinem
1588 1474 1892 1547 distulistis,

295 1553 386 1607 vel
412 1553 520 1609 alio
549 1570 693 1611 anno
738 1555 1115 1612 Mauritaniam
1144 1563 1475 1631 provinciam
1509 1565 1744 1622 visitare.
1791 1568 1894 1622 Au-

297 1643 469 1698 relius
496 1645 784 1716 episcopus
802 1639 1161 1704 dixitzi'l‘unc
1196 1652 1263 1706 de
1313 1655 1586 1721 provincia
1635 1657 1894 1714 Maurita-

299 1733 411 1800 nia,
441 1744 734 1806 prOpterea
761 1738 906 1806 quod
933 1740 988 1794 in
1017 1740 1210 1798 finibus
1233 1741 1421 1800 Africa:
1451 1748 1625 1816 posita
1645 1749 1734 1815 sit,
1759 1751 1890 1805 nihil

298 1824 613 1892 statuimus,
643 1827 907 1898 siquidem
933 1829 1122 1885 vicime
1149 1843 1274 1889 sunt
1294 1833 1610 1903 barbarico;
1641 1839 1738 1893 sed
1764 1854 1894 1908 prac-

299 1920 410 1968 stet
439 1914 578 1970 Deus
608 1925 687 1985 ut,
733 1933 803 1974 ex
848 1921 1140 1976 abundanti
1189 1940 1294 1980 non
1326 1928 1666 2000 pollicentes,
1706 1933 1892 1990 venire

300 2003 569 2071 possimus
593 2008 660 2061 ad
681 2017 919 2064 vestram
963 2014 1314 2082 provinciam.
1347 2017 1598 2087 Cogitare
1626 2023 1769 2076 enim
1799 2023 1894 2078 de-

302 2093 465 2164 betis,
499 2097 716 2166 fratres,
746 2103 872 2171 quia
903 2103 1007 2158 hoc
1042 2106 1162 2170 sibi,
1195 2114 1249 2162 et
1273 2107 1610 2179 Tripolitani,
1642 2121 1697 2167 et
1723 2113 1894 2169 Arzu-

302 2184 470 2253 gitani
497 2187 691 2245 fratres
717 2200 970 2261 poterant
994 2196 1229 2263 exigere,
1259 2201 1304 2252 si
1329 2200 1467 2254 ratio
1488 2209 1783 2270 pateretur.

309 2297 378 2354 Ut
410 2299 671 2366 diwceses,
696 2303 801 2380 nisi
826 2321 894 2358 ex
918 2321 1171 2360 consensu
1199 2309 1424 2386 episcopi
1452 2315 1668 2382 proprii,
1694 2317 1892 2386 episco-

807 2391 929 2444 pum
965 2391 1067 2430 non
1115 2381 1394 2448 accipiant.

374 2480 511 2536 Llll.
547 2479 844 2551 Epigonius
871 2483 1157 2553 episcopus
1203 2485 1378 2540 dixit:
1423 2487 1604 2545 Multis
1649 2492 1894 2549 conciliis

305 2575 414 2630 hoc
432 2580 692 2629 statutum
717 2587 750 2626 a
777 2581 922 2628 coetu
950 2574 1273 2629 sacerdotali
1300 2585 1402 2643 est,
1457 2586 1516 2631 ut
1565 2580 1748 2649 plebes
1771 2597 1892 2650 quae

303 2668 361 2722 in
390 2666 710 2723 diwcesibus
737 2665 805 2720 ab
835 2664 1100 2736 episcopis
1145 2669 1465 2734 retinentur,
1515 2685 1636 2740 quas
1684 2673 1894 2743 episco-

304 2773 410 2830 pos
455 2772 728 2826 nunquam
775 2757 1098 2822 habuerunt,
1149 2775 1258 2814 non
1305 2762 1412 2818 nisi
1447 2779 1570 2817 cum
1615 2766 1896 2824 voluntate

302 2849 426 2918 ejus
469 2849 733 2919 episcopi,
781 2863 813 2902 a
853 2864 963 2918 quo
1001 2856 1276 2920 tenentur,
1331 2855 1582 2924 proprios
1629 2859 1896 2928 accipiant

303 2948 568 3005 rectores,
591 2938 643 2993 id
668 2947 772 3002 est,
811 2940 1115 3009 episcopos.
1164 2941 1234 2996 At
1270 2958 1402 3000 vero
1449 2947 1575 3013 quia
1629 2949 1890 3017 nonnulli,

299 3031 585 3087 dominatu
634 3031 869 3100 quodam
917 3031 1150 3101 adepto,
1195 3038 1624 3092 communionem
1667 3038 1892 3096 fratrum

301 3122 622 3186 abhorrent,
649 3121 736 3176 vel
756 3129 926 3188 certe,
963 3137 1085 3177 cum
1115 3123 1394 3193 depravati
1422 3125 1640 3196 fuerint,
1661 3131 1814 3197 quasi
1839 3132 1893 3184 in

1998 529 2264 585 universis
2294 530 2561 597 fratribus,
2607 547 2672 586 ac
2717 541 2833 588 toto
2873 535 3107 589 concilio
3147 535 3439 601 inhaeserit,
3481 552 3593 591 non

1995 620 2170 674 solum
2202 638 2352 676 suam
2377 623 2586 692 integro
2611 624 2752 693 jure,
2797 624 2892 680 sed
2921 633 2977 680 et
3004 626 3264 682 dimceses
3292 627 3608 697 possideat

1995 714 2066 766 At
2093 730 2243 777 vero,
2279 717 2368 783 qui
2391 715 2606 771 sibimet
2634 723 2826 786 putant
2845 717 3029 786 plebes
3058 717 3327 787 sufficere,
3352 719 3588 774 fraterna

1994 803 2284 861 dilectione
2309 815 2640 878 contempta,
2668 823 2776 861 non
2801 816 3002 862 tantum
3031 809 3292 866 dimceses
3319 810 3590 878 amittant,

1995 892 2108 959 sed,
2143 903 2200 948 ut
2229 895 2357 960 dixi,
2394 897 2557 950 etiam
2589 899 2819 966 propriis
2848 899 3059 968 publica
3103 911 3323 955 careant
3349 903 3588 958 auctori-

1997 993 2124 1052 tate,
2149 995 2207 1040 ut
2227 988 2455 1042 rebelles
2501 987 2806 1044 Honoratus
2828 997 2882 1044 et
2907 991 3154 1048 Urbanus
3177 994 3415 1065 episcopi
3434 995 3589 1049 dixe.

1995 1087 2155 1132 runt:
2183 1078 2400 1133 Summa
2430 1079 2668 1149 provisio
2698 1075 3000 1137 sanctitatis
3041 1091 3145 1138 tua:
3186 1085 3406 1140 cohaesit
3436 1101 3586 1141 men-

1997 1168 2136 1223 tibus
2183 1170 2534 1238 Singulorum,
2573 1179 2628 1225 et
2666 1180 2815 1241 puto,
2849 1173 3088 1228 omnium
3126 1177 3479 1245 responsione
3521 1191 3588 1232 ea

1995 1272 2112 1326 quae
2134 1261 2387 1329 prosequi
2411 1261 2660 1329 dignatus
2700 1277 2777 1322 es,
2812 1265 3136 1320 roboranda.
3192 1265 3433 1324 Universi
3481 1268 3590 1340 epi-

1994 1350 2142 1418 sc0pi
2166 1350 2418 1405 dixerunt
2442 1370 2454 1405 :
2489 1351 2693 1419 Placet,
2725 1354 2922 1422 placet.

2103 1459 2170 1513 Ut
2193 1461 2391 1516 alienus
2423 1463 2639 1517 clericus
2669 1466 2876 1519 minime
2905 1468 3220 1538 suscipiatur
3243 1470 3306 1523 ab
3349 1471 3474 1525 alio.

2065 1547 2195 1604 ων.
2237 1549 2530 1622 Epigonius
2559 1555 2848 1625 episcopus
2889 1557 3059 1611 dixit:
3105 1557 3162 1612 In
3192 1560 3374 1616 multis
3402 1563 3587 1618 conci-

1994 1639 2078 1694 liis
2097 1633 2202 1694 hoc
2241 1650 2503 1696 statutum
2550 1653 2652 1708 est,
2679 1647 2842 1700 etiam
2875 1662 3018 1702 nunc
3061 1648 3166 1704 hoc
3208 1651 3584 1708 confirmatum

1997 1739 2079 1784 est
2107 1746 2135 1783 a
2166 1739 2345 1785 vestra
2388 1733 2694 1801 prudentia,
2746 1735 3040 1792 beatissimi
3068 1737 3286 1810 fratres,
3329 1749 3390 1795 ut
3429 1742 3590 1797 cleri-

1927 1806 1970 1864 Β
1996 1835 2116 1874 cum
2148 1819 2382 1874 alienum
2415 1821 2591 1877 nullus
2613 1824 2712 1877 sibi
2753 1826 3027 1896 przeripiat
3067 1806 3350 1902 episcopus
3393 1840 3590 1902 praeter

1995 1911 2111 1981 ejus
2134 1913 2435 1980 arbitrium,
2467 1915 2620 1984 cujus
2642 1915 2803 1971 fuerit
2833 1919 3082 1978 clericus.
3127 1922 3258 1978 Dico
3289 1934 3467 1981 autem
3495 1925 3588 1981 Ju-

1994 2003 2216 2071 lianum,
2241 2005 2331 2074 qui
2356 2007 2597 2092 ingratps
2624 2017 2707 2063 est
2734 2008 2827 2063 Dei
2848 2011 3124 2067 beneficiis
3145 2029 3243 2082 per
3262 2031 3437 2070 meam
3462 2034 3588 2088 par-

1997 2095 2219 2151 vitatem
2250 2096 2303 2151 in
2329 2113 2388 2153 se
2417 2099 2628 2154 collatis
2653 2139 2667 2163 ,
2721 2101 2792 2156 ita
2844 2106 3188 2160 temerarium
3229 2115 3285 2161 et
3329 2108 3590 2166 audacem

1999 2188 2288 2254 exstitisse,
2315 2196 2370 2243 ut
2397 2205 2520 2244 eum
2550 2192 2641 2260 qui
2669 2208 2697 2246 a
2739 2208 2824 2246 me
2846 2193 3150 2264 baptizatus
3173 2205 3274 2264 est,
3303 2215 3424 2253 cum
3447 2210 3590 2256 esset

1999 2296 2132 2350 puer
2183 2273 2580 2348 egentissimus,
2622 2284 2750 2338 mihi
2799 2287 2867 2339 ab
2912 2287 3102 2341 eodem
3160 2291 3588 2357 commendatus,

1994 2387 2221 2440 cumque
2250 2374 2432 2428 multis
2455 2376 2609 2429 annis
2639 2392 2669 2430 a
2700 2392 2786 2430 me
2836 2377 3075 2433 aleretur
3114 2388 3275 2449 atque
3320 2382 3589 2440 incresce~

1993 2471 2094 2529 ret,
2127 2463 2288 2529 hunc,
2321 2471 2381 2518 ut
2411 2463 2541 2528 dixi,
2577 2467 2904 2536 baptizatum
2935 2484 3056 2524 esse
3085 2470 3138 2523 in
3166 2469 3404 2526 Ecclesia
3445 2487 3586 2538 mea,

1994 2568 2090 2624 per
2117 2569 2334 2607 manum
2365 2556 2643 2624 parvitatis
2672 2573 2808 2612 mea:
2829 2568 3040 2614 constat
3066 2579 3078 2612 :
3112 2561 3255 2616 idem
3285 2564 3339 2615 in
3370 2562 3591 2624 dicecesi

1993 2644 2344 2714 Mappaliensi
2397 2647 2568 2704 lector
2607 2665 2726 2703 esse
2768 2661 3030 2720 coeperat,
3080 2653 3189 2708 imo
3237 2655 3389 2710 annis
3422 2655 3590 2712 ferme

1994 2731 2201 2788 duobus
2241 2734 2468 2803 legerat,
2517 2737 2701 2792 nescio
2750 2753 2858 2807 quo
2908 2749 3224 2812 contemptu
3270 2744 3588 2802 humilitatis

1993 2839 2146 2889 meae,
2171 2823 2314 2878 idem
2353 2823 2600 2881 Julianus
2631 2843 2752 2882 eum
2783 2830 3028 2900 arripuit,
3075 2847 3236 2901 quem
3265 2833 3394 2888 dicit
3431 2837 3587 2904 quasi

1992 2916 2269 2984 proprium
2291 2916 2462 2970 civem
2500 2917 2584 2972 sui
2625 2919 2730 2974 loci
2775 2917 3101 2989 Vazaritani,
3151 2939 3239 2978 me
3285 2926 3590 2983 inconsulto

1995 3018 2275 3073 usurpare,
2309 3021 2432 3060 nam
2463 3015 2518 3060 et
2546 3008 2830 3064 diaconum
2862 3011 3012 3068 illum
3056 3014 3324 3069 ordinavit
3352 3033 3365 3068 :
3400 3016 3506 3072 hoc
3543 3017 3588 3072 si

1995 3092 2179 3160 liceat,
2213 3105 2396 3165 pateat
2425 3097 2540 3154 haec
2568 3099 2783 3155 licentia
2816 3104 2993 3174 nobis,
3021 3105 3318 3162 beatissimi
3361 3107 3587 3175 fratres,

305 3173 495 3176 “"‘m’
665 3173 734 3176 Ψ
885 3173 926 3188 ”
953 3173 1394 3228 .”““.ἶ’τ““’ῖ’“
1422 3173 1640 3232 ’““’”“’ἶ’
1663 3173 1814 3233 ’¹ἶ’“”’
1921 3173 1963 3233 C
1999 3183 2044 3237 si
2075 3185 2268 3250 minus,
2314 3194 2422 3240 tam
2453 3187 2735 3259 impudens
2764 3173 3102 3263 cohibeatur,
3154 3212 3222 3250 ne
3269 3212 3328 3252 se
3368 3199 3588 3258 misceat

301 3213 539 3282 quadam
584 3227 711 3268 arce
754 3220 1032 3284 tyrannica
1061 3215 1161 3269 Slbl
1192 3216 1526 3273 dominatum
1577 3221 1885 3290 vmdncant,
2004 3287 2047 3290 μ
2254 3275 2264 3285 .
2347 3275 2358 3287 .
2467 3278 2478 3288 .
2764 3279 2806 3290 -.
3159 3286 3170 3290 -
3436 3289 3440 3290 ν

299 3303 450 3372 quod
471 3302 712 3372 plerique
735 3303 946 3370 tumidi,
993 3313 1156 3373 atque
1189 3307 1390 3378 stolidi,
1441 3311 1722 3367 adversum
1770 3318 1888 3386 epi-

298 3405 528 3460 scopum
557 3406 684 3446 suas
713 3393 952 3446 cervices
981 3395 1193 3463 erigunt
1219 3398 1539 3470 presbyteri,
1577 3403 1662 3456 vel
1698 3407 1888 3461 convi-

298 3481 404 3536 viis
445 3481 548 3535 sibi
588 3482 975 3538 concinuantes
1015 3484 1249 3553 plebem,
1303 3489 1390 3543 vel
1439 3500 1586 3546 certe
1633 3509 1890 3562 persuasu

297 3573 558 3642 maligno,
584 3580 642 3627 ut
661 3573 849 3628 illicito
870 3572 1053 3630 favore
1075 3577 1296 3632 eosdem
1318 3580 1481 3634 velint
1502 3582 1601 3636 sibi
1623 3585 1890 3646 collocare

295 3675 578 3731 rectores;
603 3666 749 3736 quod
777 3667 995 3735 quidem
1034 3667 1244 3738 insigne
1291 3674 1488 3728 mentis
1519 3681 1619 3729 tua:
1647 3684 1890 3736 tenemus

295 3764 514 3824 votum,
541 3755 708 3811 frater
735 3757 988 3825 religiose
1013 3756 1219 3826 Aureli,
1242 3763 1334 3830 qui
1363 3763 1477 3819 haec
1503 3780 1646 3836 sazpe
1673 3784 1891 3839 oppres-

295 3852 440 3917 sisti,
467 3867 574 3906 non
605 3851 844 3907 curando
873 3853 1008 3909 tales
1038 3857 1338 3926 petitores;
1384 3861 1478 3916 sed
1522 3873 1744 3936 propter
1797 3882 1892 3922 eo-

291 3957 422 3998 rum
460 3941 634 3996 malos
670 3942 955 4012 cogitatus,
995 3953 1052 4000 et
1095 3961 1263 4015 prave
1300 3951 1620 4009 concinnata
1667 3958 1888 4013 consilia

293 4035 408 4090 hoc
427 4034 566 4099 dico,
596 4049 704 4089 non
727 4033 925 4102 debere
944 4046 1208 4094 rectorem
1239 4043 1488 4113 accipere
1507 4062 1626 4101 eam
1656 4049 1888 4122 plebem,

293 4139 422 4194 qua:
450 4123 503 4178 in
530 4123 752 4180 dioecesi
780 4140 993 4196 semper
1021 4129 1304 4198 subjacuit,
1346 4151 1449 4190 nec
1482 4153 1717 4207 unquam
1764 4157 1890 4212 pro-

290 4215 477 4285 prium
498 4214 810 4284 episcopum
832 4215 1038 4273 habuit.
1063 4219 1408 4292 Quapropter
1425 4228 1469 4282 si
1496 4229 1747 4288 universo
1767 4248 1892 4289 san-

290 4305 544 4360 ctissimo
584 4305 750 4360 οωιυὶ
790 4306 971 4375 placet
1013 4309 1149 4376 hoc,
1187 4315 1335 4382 quod
1382 4329 1706 4386 prosecutus
1745 4339 1886 4394 sum,

223 4407 228 4411 ‘
289 4396 668 4452 conﬁrmetur.
690 4396 940 4455 Aurelius
961 4402 1246 4474 episcopus
1265 4406 1398 4462 dixit
1422 4428 1437 4463 :
1460 4409 1661 4469 Fratris
1679 4424 1735 4469 et
1753 4432 1888 4473 con-

288 4489 599 4545 sacerdotis
643 4492 816 4546 nostri
855 4496 1224 4562 prosecutioni
1250 4515 1359 4554 non
1388 4503 1635 4560 obsisto:
1668 4509 1761 4563 sed
1784 4511 1886 4567 hoc

288 4591 388 4632 me
416 4584 474 4632 et
520 4577 712 4634 fecisse
741 4589 796 4635 et
839 4578 1109 4640 facttu'um
1148 4602 1270 4642 esse
1305 4591 1565 4658 profiteor
1607 4597 1749 4653 circa
1790 4615 1886 4657 eos

285 4683 452 4732 sane,
482 4670 574 4738 qui
601 4669 803 4727 fuerint
831 4677 1146 4743 concordes,
1177 4695 1284 4734 non
1311 4683 1653 4743 solum'circa
1693 4689 1884 4748 Eccle-

286 4759 433 4814 siam
476 4757 972 4830 Carthaginensem,
1005 4767 1101 4822 sed
1147 4769 1294 4825 circa
1343 4788 1504 4830 omne
1546 4779 1885 4839 sacerdotale

287 4851 656 4907 consortium.
701 4851 840 4908 Sunt
861 4856 1008 4911 enim
1052 4859 1294 4930 plerique
1339 4865 1713 4935 conspirantes
1757 4885 1880 4926 cum

285 4941 543 5012 plebibus
581 4945 837 5015 propriis,
885 4962 1022 5016 quas
1068 4951 1364 5022 decipiunt,
1421 4965 1484 5011 ut
1521 4959 1724 5016 dictum
1777 4975 1881 5034 est,

285 5049 481 5090 earum
513 5035 823 5106 scalpentes
852 5055 1035 5108 aures,
1065 5043 1246 5099 blandi
1275 5048 1343 5102 ad
1371 5049 1760 5120 seducendum,
1807 5058 1886 5112 vi-

286 5123 447 5179 tioste
465 5126 587 5180 vita:
611 5127 878 5193 homines,
905 5132 990 5186 vel
1033 5143 1184 5190 certe
1229 5135 1422 5208 inflati,
1454 5150 1509 5196 et
1533 5144 1600 5198 ab
1629 5145 1733 5202 hoc
1762 5165 1886 5204 con-

283 5217 466 5273 sortio
487 5221 741 5289 Separati,
763 5223 856 5292 qui
875 5232 1066 5294 putant
1090 5231 1321 5298 propriae
1337 5233 1478 5300 plebi
1500 5233 1880 5308 incubandum,

283 5318 348 5366 et
375 5325 766 5383 nonnunquam
791 5319 1044 5374 conventi
1069 5321 1134 5375 ad
1162 5325 1448 5380 concilium
1481 5331 1665 5386 venire
1704 5333 1883 5390 detre-

280 5409 463 5471 ctant,
519 5418 618 5460 sua
665 5404 802 5462 forte
853 5423 923 5464 ne
969 5411 1268 5480 prodantur
1318 5415 1516 5486 ﬂagitia
1558 5432 1878 5482 metuentes.

279 5490 446 5558 Dico,
471 5493 519 5549 si
549 5493 747 5565 placet,
779 5498 921 5554 circa
943 5500 1045 5558 hos
1090 5518 1198 5559 non
1245 5514 1450 5563 tantum
1477 5510 1742 5570 dimceses
1771 5533 1879 5573 non

280 5598 410 5640 esse
459 5587 772 5656 servandas,
804 5605 988 5648 verum
1033 5604 1089 5650 et
1113 5595 1180 5652 de
1208 5600 1422 5669 propria
1447 5599 1721 5675 Ecclesia,
1760 5623 1880 5678 quae

280 5676 393 5732 illis
421 5679 564 5734 male
591 5680 805 5751 faverit,
846 5687 1158 5744 omnimodo
1207 5692 1571 5762 adnitendum,
1616 5707 1672 5752 nt
1714 5676 1876 5757 etiam

281 5768 615 5826 auctoritate
642 5772 858 5842 publica
886 5775 1214 5848 rejiciantur,
1245 5790 1404 5852 atque
1428 5787 1496 5842 ab
1521 5787 1648 5858 ipsis
1675 5790 1876 5861 princi-

1995 3275 2361 3330 communioni
2394 3278 2730 3347 cujusquam.
2762 3279 3043 3338 Numidius
3086 3286 3371 3356 episcopus
3413 3289 3587 3344 dixit:

1993 3359 2050 3416 Si
2081 3377 2188 3417 non
2220 3368 2492 3434 postulata
2549 3385 2724 3438 neque
2765 3374 3008 3428 consulta
3051 3383 3138 3431 tua
3188 3377 3496 3446 dignatione
3536 3381 3587 3436 id

1993 3456 2202 3510 videtur
2224 3457 2412 3513 fecisse
2441 3458 2702 3530 Julianus,
2730 3464 3032 3532 judicamus
3062 3483 3250 3523 omnes
3279 3470 3463 3540 inique
3505 3472 3588 3527 fa-

1993 3555 2156 3611 ctum,
2189 3556 2350 3617 atque
2384 3551 2616 3619 indigne.
2643 3551 2984 3625 Quapropter
3021 3559 3122 3612 nisi
3165 3562 3306 3615 idem
3345 3561 3589 3620 Julianus

1992 3640 2291 3692 correxerit
2318 3655 2557 3695 errorem
2599 3658 2775 3708 suum,
2806 3654 2861 3700 ct
2889 3664 3010 3701 cum
3034 3649 3401 3707 satisfactione
3433 3669 3584 3710 eum-

1991 3726 2113 3781 dem
2145 3729 2419 3795 clericum,
2452 3746 2610 3800 quem
2641 3732 2816 3788 fuerat
2840 3752 3002 3791 ausus
3042 3737 3309 3806 ordinare,
3364 3758 3588 3797 revoca-

1991 3823 2130 3876 verit
2158 3831 2259 3877 tum
2289 3825 2452 3894 plebi,
2482 3835 2669 3881 contra
2699 3836 2898 3883 statuta
2945 3831 3156 3886 concilii
3187 3831 3408 3897 faciens,
3448 3850 3586 3891 con-

1991 3917 2240 3970 tumacia-3
2278 3933 2388 3971 suae
2413 3928 2695 3988 separatus
2733 3935 2762 3975 a
2793 3923 2968 3987 nobis,
3022 3924 3257 3994 excipiet
3299 3926 3577 3995 judicium.

1989 4005 2281 4076 Epigonius
2310 4011 2596 4082 episcopus
2622 4012 2756 4068 dixit
2783 4032 2795 4066 :
2821 4013 3006 4070 jEtate
3034 4027 3207 4086 pater,
3235 4026 3287 4073 et
3316 4019 3432 4090 ipsa
3459 4036 3586 4090 pro-

1991 4097 2231 4153 motione
2261 4101 2683 4169 antiquissimus,
2711 4103 2794 4156 vir
2821 4104 3129 4170 laudabilis,
3165 4108 3330 4162 frater
3367 4118 3424 4163 et
3469 4110 3578 4165 col-

1989 4184 2107 4252 lega
2137 4196 2322 4242 noster
2350 4189 2534 4245 Victor
2580 4191 2694 4245 vult
2732 4193 2873 4250 hanc
2913 4195 3230 4264 petitionem
3276 4199 3583 4266 generalem

1990 4276 2238 4330 omnibus
2267 4276 2427 4332 efﬁci.

1953 4342 2061 4443 \(Jt
2115 4364 2511 4438 Carthaginensi
2557 4374 2793 4443 episcopo
2861 4375 2998 4430 unde
3073 4377 3289 4433 voluerit
3341 4380 3584 4436 clericum

2557 4441 2708 4496 liceat
2729 4441 3001 4499 ordinare.

2061 4526 2168 4581 LV.
2210 4529 2459 4586 Aurelius
2509 4533 2794 4604 episcopus
2841 4536 3014 4592 dixit:
3047 4538 3364 4596 Sermonem
3402 4560 3583 4600 meum

1987 4618 2269 4686 admittite,
2301 4620 2512 4677 fratres.
2543 4622 2819 4693 Contingit
2862 4643 3270 4700 nonnunquam,
3316 4642 3374 4688 ut
3397 4644 3584 4704 postu-

1985 4709 2165 4764 lentur
2185 4712 2252 4765 ah
2283 4711 2561 4782 Eccleslis,
2591 4731 2711 4785 quae
2753 4721 3056 4789 pmpositis
3101 4733 3279 4792 egent,
3325 4726 3410 4780 vel
3460 4743 3582 4796 pre-

1985 4799 2234 4870 sbyteris,
2265 4801 2350 4855 vel
2379 4804 2648 4875 episcopis
2672 4826 2683 4859 :
2714 4816 2770 4862 et
2799 4817 2977 4864 tamen
3021 4828 3230 4868 memor
3257 4823 3580 4871 statutorum

1985 4887 2039 4942 id
2075 4904 2290 4960 sequor,
2329 4901 2390 4947 ut
2428 4898 2746 4952 conveniam
2776 4901 3089 4972 episcopum
3132 4904 3267 4974 ejus,
3319 4913 3480 4977 atque
3527 4911 3581 4964 ei

1988 4976 2280 5045 ineulcem,
2332 4983 2474 5050 quod
2515 4983 2630 5054 ejus
2673 4987 2907 5044 clericus
2959 5005 2991 5044 a
3041 4994 3286 5062 qualibet
3339 4976 3579 5053 Ecclesia

1986 5072 2322 5138 postuletur:
2356 5076 2449 5129 sed
2483 5076 2619 5132 forte
2649 5079 2700 5132 in
2732 5079 2994 5137 hodierno
3025 5100 3132 5138 non
3156 5085 3398 5140 reluctati
3425 5098 3572 5155 sunt,

1986 5167 2040 5211 et
2066 5160 2348 5227 nequando
2378 5165 2652 5234 contingat
2673 5175 2732 5221 ut
2774 5169 3121 5236 reluctentur,
3166 5189 3286 5228 cum
3317 5174 3513 5230 fuerint
3544 5193 3576 5232 a

1986 5261 2073 5301 me
2103 5247 2155 5301 in
2184 5248 2285 5304 hac
2313 5266 2472 5307 causa
2502 5257 2776 5324 postulati,
2808 5275 2966 5328 quem
2989 5261 3132 5316 scitis
3161 5262 3446 5318 multarum
3473 5264 3576 5322 Ec-

1986 5338 2291 5408 clesiarum,
2326 5352 2379 5398 et
2401 5346 2817 5404 ordinandorum
2840 5367 3021 5408 curam
3051 5357 3337 5414 sustinuere.
3365 5357 3575 5416 Justum

1983 5440 2068 5484 est
2109 5445 2257 5500 ergo,
2306 5442 2365 5486 ut
2414 5437 2708 5503 quemlibet
2752 5445 3197 5500 consacerdotum
3252 5463 3570 5506 conventam

1985 5536 2108 5575 cum
2147 5522 2360 5580 duobus
2384 5541 2414 5580 e
2440 5530 2713 5585 consortio
2736 5542 2942 5601 nostro,
2972 5537 3058 5591 vel
3103 5541 3274 5595 tribus
3324 5544 3568 5600 testibus.

1982 5611 2075 5668 Sin
2107 5631 2236 5670 vero
2279 5618 2562 5676 indevotus
2607 5624 2893 5690 exstiterit,
2925 5628 3053 5697 quid
3100 5644 3287 5688 censet
3333 5636 3570 5690 charitas

1980 5714 2154 5759 vestra
2184 5705 2524 5765 faciendum?
2547 5711 2656 5782 Ego
2678 5715 2820 5770 enim
2843 5727 3157 5776 cunctarmn
3184 5723 3566 5790 Ecclesiarum,

1943 5863 1955 5875 _
1979 5794 2282 5865 dignatione
2313 5799 2426 5871 Dei,
2449 5813 2507 5859 ut
2535 5807 2699 5868 scitis,
2729 5807 2943 5878 fratres,
2963 5812 3376 5872 sollicitudinem
3407 5817 3568 5872 susti-
