4104 6466
499 265 602 324 ιω

1777 259 2128 318 DDN\SIUS
2168 256 2499 316 EXlGUUS.

3681 259 3793 309 2ΰο

495 397 621 438 nec.
644 379 919 436 NutniJius
943 380 1228 455 episc0pus
1255 379 1426 436 dixit:
1459 378 1580 434 Fuit
1607 393 1821 449 semper
1857 378 1974 433 haec
2014 376 2082 432 li-
2109 388 2158 447 Α
2185 375 2530 444 Carthagine,
2575 369 2777 444 placuit
2822 380 2878 425 ut
2917 369 3096 425 nullus
3143 368 3524 440 episcoporum
3571 371 3794 438 naviget

495 473 674 528 ceutia
705 471 831 529 huic
852 471 985 536 sedi,
1015 480 1071 525 ut
1094 471 1232 526 unde
1263 470 1444 535 vellet,
1493 478 1549 525 et
1574 470 1642 524 de
1682 467 1836 537 cujus
1865 466 2086 522 nomine

496 563 686 619 fuisset
728 570 1042 627 conventus,
1088 577 1187 630 pro
1215 560 1486 616 desiderio
1523 559 1782 628 cujusque
1825 557 2088 612 Ecclesia:

495 654 749 709 ordinare
777 653 1107 724 episcopum.
1143 651 1429 722 Epigonius
1458 653 1742 722 episcopus
1766 651 1937 705 dixit:
1977 649 2083 704 Bo-

498 745 640 799 nitas
667 752 968 812 sequestrat
1013 743 1444 812 possibilitatem,
1492 743 1667 795 minus
1696 740 1839 795 enim
1887 754 2090 808 praesu-

497 835 624 902 mis,
655 835 840 897 frater,
867 850 987 888 cum
1025 843 1076 888 te
1122 835 1325 889 bonum
1372 843 1427 887 et
1477 834 1794 887 clementem
1838 829 2089 885 omnibus

496 925 746 994 pnebes;
775 924 941 979 habes
973 925 1116 978 enim
1162 925 1266 979 hoc
1298 925 1351 977 in
1381 924 1623 986 arbitrio,
1666 923 1760 977 sed
1805 922 1960 988 longe
2006 927 2091 974 est

498 1024 560 1071 ut
585 1016 809 1071 satisﬁat
837 1032 1081 1086 personae
1109 1016 1526 1085 uniuscujusque
1553 1016 1793 1084 episcopi
1836 1015 1886 1066 in
1917 1012 2088 1082 prima

501 1109 871 1162 tantummodo
901 1108 1281 1163 conventione.
1329 1107 1386 1161 Si
1415 1116 1592 1161 autem
1623 1105 1768 1176 quod
1802 1105 1928 1158 licet
1964 1103 2090 1158 huic

499 1200 613 1254 sedi
637 1201 1011 1254 vindicandum
1038 1200 1140 1254 sibi
1163 1199 1320 1254 fuerit
1340 1199 1646 1260 arbitratus,
1672 1209 1895 1250 necesse
1922 1193 2089 1247 habes

503 1302 556 1347 tu
579 1308 769 1348 omnes
789 1292 1057 1347 Ecclesias
1083 1292 1290 1359 fulcire,
1322 1291 1460 1346 unde
1489 1289 1582 1344 tibi
1628 1304 1735 1343 non
1766 1295 2089 1358 potestatem

501 1383 710 1449 damus,
741 1384 834 1438 sed
863 1394 968 1438 tute
996 1384 1354 1453 assignamus,
1379 1391 1438 1436 ut
1465 1381 1625 1435 liceat
1665 1380 1880 1434 volunta
1907 1379 1924 1432 i
1967 1387 2088 1444 tute,

503 1483 560 1530 et
583 1491 800 1546 semper
829 1485 1012 1532 tenere
1039 1493 1199 1548 quem
1236 1477 1404 1543 voles,
1449 1485 1509 1532 ut
1553 1475 1872 1546 praepositos
1923 1473 2092 1545 plebi-

500 1565 602 1622 bus
643 1567 730 1621 vel
751 1565 1004 1622 Ecclesiis
1030 1583 1138 1622 non
1185 1567 1501 1632 constituas,
1543 1566 1635 1635 qui
1683 1565 1938 1636 postulati
1977 1563 2092 1618 fue-

501 1657 628 1722 rint,
647 1663 702 1711 et
725 1656 862 1712 unde
885 1657 1132 1712 volueris.
1160 1655 1575 1711 Posthumianus
1617 1656 1906 1726 episcopus
1926 1653 2087 1708 dixit:

503 1744 723 1812 Deinde,
758 1747 847 1816 qui
880 1763 1041 1801 unum
1073 1747 1340 1815 habuerit,
1373 1747 1612 1814 nunquid
1641 1746 1803 1800 debet
1846 1745 1922 1799 illi
1957 1760 2090 1799 unus
2127 1763 2170 1822 Β

503 1839 783 1910 presbyter
820 1840 1058 1894 auferri?
1110 1839 1358 1895 Aurelius
1405 1840 1690 1910 episcopus
1744 1838 1880 1892 dixit
1924 1856 1936 1890 :
1989 1836 2095 1892 Sed

503 1929 790 1998 cpiscopus
831 1944 966 1983 unus
1021 1943 1140 1984 esse
1189 1936 1386 1998 potest,
1437 1943 1535 1998 per
1581 1942 1740 1996 quem
1787 1927 2098 1996 dignatione

504 2016 684 2073 divina
714 2019 1010 2088 presbyteri
1059 2019 1210 2073 multi
1257 2019 1514 2075 constitui
1553 2021 1780 2090 possint,
1825 2035 1964 2076 unus
2003 2035 2097 2074 au-

505 2117 614 2162 tem
637 2109 920 2180 episcopus
945 2111 1162 2166 difﬁcile
1188 2113 1456 2168 invenitur
1495 2113 1918 2168 constituendus.
1952 2111 2095 2179 Qua-

505 2213 729 2273 propter
783 2204 828 2258 si
882 2207 1244 2261 necessarium
1294 2207 1801 2277 episcopatquuis
1852 2207 2099 2261 habuerit

506 2293 897 2365 presbyterum,
929 2303 986 2348 et
1022 2311 1205 2362 unum,
1251 2303 1310 2350 ut
1355 2295 1560 2364 dixisti,
1613 2294 1795 2360 frater,
1831 2295 2096 2363 habuerit,

505 2383 673 2438 etiam
705 2385 879 2453 ipsum
907 2385 973 2440 ad
999 2388 1396 2456 promotionem
1444 2387 1574 2442 dare
1597 2389 1830 2443 debebit.
1878 2386 2102 2442 Posthu—

507 2474 720 2528 mianus
739 2477 1023 2545 episcopus
1052 2475 1185 2530 dixit
1211 2495 1221 2529 :
1250 2475 1391 2545 Ergo
1413 2479 1456 2532 si
1480 2478 1642 2531 habet
1667 2477 1801 2532 alius
1822 2477 2100 2531 abundan-

510 2569 590 2618 tes
618 2565 862 2630 clericos,
893 2566 1053 2620 debet
1083 2568 1208 2621 mihi
1241 2569 1343 2622 alia
1374 2569 1523 2638 plebs
1567 2568 1896 2623 subvenire?
1926 2569 2098 2623 Aure-

509 2653 610 2710 lius
632 2657 916 2727 episcopus
945 2657 1114 2713 dixit:
1140 2658 1299 2728 Sane,
1329 2662 1546 2731 quando
1572 2669 1626 2715 tu
1657 2660 1909 2717 Ecclesia:
1945 2662 2104 2726 alteri

509 2747 841 2812 subveneris,
875 2748 1288 2815 persuadebitur
1341 2751 1414 2803 illi
1446 2751 1533 2818 qui
1566 2751 1748 2819 plures
1789 2752 1953 2806 habet
1994 2751 2104 2807 cle-

511 2835 672 2904 ricos,
705 2844 764 2890 ut
785 2853 950 2890 unum
975 2837 1071 2892 tibi
1101 2839 1458 2893 ordinandum
1488 2840 1764 2908 largiatur.

515 2942 582 3000 Ut
613 2945 839 3016 episcopi
869 2948 954 3018 qui
989 2948 1041 2999 in
1073 2948 1370 3002 dioecesibus
1421 2951 1611 3016 fuerint
1665 2951 1892 3005 ordinati
1921 2952 2103 3008 diates-

939 3019 1035 3069 sim
1057 3017 1154 3070 sibi
1175 3018 1369 3071 nullam
1401 3020 1673 3072 vindicent.

2191 466 2308 520 sine
2331 463 2561 519 formata
2586 461 2848 533 primatis.
2872 460 3034 517 Gesta
3064 460 3118 515 in
3139 460 3485 526 authenticis,
3516 461 3610 532 qui
3631 477 3789 530 quae-

2191 566 2294 624 ret,
2324 557 2584 611 inveniet.

2191 667 2271 724 De
2301 669 2520 724 concilio
2560 670 2659 722 isto
2702 667 2860 738 legati
2924 667 2993 720 ad
3037 667 3398 736 imperatorem
3425 667 3566 736 infra
3595 669 3787 735 scripti

2709 740 3000 809 diriguntur
3025 739 3271 807 episcopi.

2267 851 2396 908 Post
2422 851 2760 907 consulatum
2799 849 3171 919 gloriosissimi
3213 849 3558 918 imperatoris
3595 849 3788 906 Hono-

2191 945 2256 998 rii
2287 944 2511 1011 Augusti
2540 941 2606 994 IV
2636 952 2692 996 et
2720 940 3040 1012 Eutycbiaui
3070 957 3122 995 v.
3155 956 3232 1010 c.,
3254 941 3443 1009 quinto
3464 941 3568 996 cal.
3587 941 3784 1011 Maias,

2191 1033 2542 1102 Carthagine,
2575 1034 2628 1087 in
2658 1034 2954 1088 secretario
2992 1033 3226 1088 basilica:
3263 1035 3546 1088 restitutas.
3587 1033 3645 1088 In
3678 1037 3786 1090 hoc

2191 1126 2419 1182 concilio
2447 1126 2768 1194 legationem
2823 1136 3177 1195 susceperunt
3217 1123 3508 1196 Epigonius
3554 1137 3609 1182 et
3649 1129 3786 1183 Vin-

2191 1218 2400 1271 centius
2428 1218 2667 1286 episcopi
2696 1258 2711 1282 ,
2765 1225 2822 1270 ut
2853 1232 2952 1286 pro
2998 1216 3429 1286 confugientibus
3477 1219 3544 1274 ad
3599 1221 3784 1275 eccle-

2193 1309 2346 1374 siam,
2379 1324 2700 1379 quocunque
2741 1318 2893 1364 reatu
2943 1308 3219 1375 involutis,
3266 1310 3436 1378 legem
3478 1310 3545 1366 de
3577 1296 3812 1380 glorio-g

2191 1401 2416 1456 sissimis
2439 1401 2766 1470 principibus
2789 1408 3118 1465 mereantur,
3175 1416 3243 1456 ne
3275 1401 3396 1470 quis
3438 1416 3535 1458 eos
3583 1401 3785 1458 audeat

2194 1494 2527 1548 abstrahere.

2196 1603 2262 1659 In
2289 1605 2386 1658 hoc
2413 1605 2631 1658 concilio
2658 1604 2847 1674 legatio
2869 1605 3157 1659 destinatur
3183 1605 3253 1659 ad
3275 1605 3564 1662 Romanum
3593 1616 3642 1660 et
3669 1606 3784 1662 Me-

2268 1677 2619 1755 diolanensenm
2641 1677 2925 1755 episwpos,
2959 1675 3023 1755 de
3056 1677 3291 1755 parvulis
3321 1679 3408 1746 qui
3442 1677 3580 1755 apud
3608 1679 3783 1755 {itere-

2267 1747 2393 1798 ticos
2430 1745 2678 1814 baptizati
2711 1754 2848 1809 sunt,
2880 1754 2929 1798 et
2955 1745 3023 1797 ad
3049 1745 3414 1815 imperatorem
3443 1748 3505 1800 de
3522 1748 3785 1802 idolorum

2265 1816 2492 1884 reliquiis
2518 1815 2832 1881 auferendis,
2857 1823 2904 1869 et
2946 1816 3010 1869 de
3049 1818 3167 1870 aliis
3194 1816 3343 1870 rebus
3367 1818 3784 1886 quamplurimis.

2269 1925 2401 1982 Post
2428 1927 2765 1981 consulatum
2794 1926 2873 1981 F1.
2912 1926 3187 1983 Stiliconis
3210 1945 3263 1982 v.
3304 1943 3383 1997 c.,
3415 1945 3506 1983 xlv
3543 1929 3644 1984 cal.
3689 1928 3788 1984 Ju-

2196 2017 2316 2082 lias,
2367 2017 2711 2086 Carthagine,
2753 2019 2811 2072 in
2858 2019 3150 2074 secretario
3204 2019 3438 2075 basilicae
3493 2022 3780 2076 restitute.

2197 2106 2330 2162 Cum
2363 2107 2610 2164 Aurelius
2639 2109 2923 2179 cpiscopus
2960 2124 3063 2164 una
3114 2127 3235 2166 cum
3284 2112 3616 2182 coepiscopis
3668 2114 3787 2169 suis

2198 2199 2553 2263 consedisset,
2586 2200 2884 2254 astantibus
2911 2200 3173 2267 diaconis,
3206 2201 3453 2259 Aurelius
3499 2204 3789 2275 epiScOpus

2201 2290 2368 2344 dixit:
2413 2291 2769 2347 Eeclesiarum
2810 2292 2905 2347 Dei
2953 2308 3050 2363 per
3094 2292 3325 2348 Africam
3369 2297 3787 2350 consututarum

2200 2385 2550 2438 necessitates
2593 2400 2804 2439 meeum
2849 2386 3052 2456 optime
3098 2384 3252 2439 novit
3292 2386 3523 2440 charitas
3577 2397 3782 2454 vestra,

2201 2475 2521 2528 sanctissimi
2558 2474 2769 2538 fratres,
2813 2482 2867 2529 et
2905 2475 3158 2544 quoniam
3205 2478 3454 2544 praestitit
3502 2478 3786 2545 Dominus,

2204 2570 2264 2616 ut
2286 2578 2354 2617 ex
2375 2563 2552 2632 aliqua
2582 2571 2733 2631 parte
2771 2565 2943 2618 sancti
2965 2573 3136 2620 cmtus
3171 2565 3333 2620 vestri
3373 2574 3517 2620 esset
3558 2582 3789 2637 congre-

2204 2663 2326 2722 gata
2352 2656 2658 2723 prtesentia,
2708 2655 2918 2709 videtur
2959 2657 3090 2710 mihi
3119 2665 3176 2710 ut
3220 2657 3314 2711 has
3343 2658 3558 2713 easdem
3597 2673 3790 2715 neces-

2205 2747 2410 2810 sitates,
2443 2761 2577 2814 quas
2600 2762 2696 2815 pro
2726 2747 3082 2802 sollicitudine
3115 2757 3296 2803 nostra
3326 2749 3578 2818 indagare
3607 2752 3789 2819 potui-

2205 2850 2342 2900 mus,
2376 2835 2428 2888 in
2460 2835 2694 2889 medium
2725 2834 3074 2904 proferamus,
3099 2852 3232 2905 quas
3254 2853 3374 2892 cum
3401 2840 3788 2908 approbaverit

2209 2936 2385 2980 vestra
2431 2925 2732 2992 sinceritas,
2783 2927 2853 2981 sit
2897 2941 3253 2996 consequens,
3304 2930 3608 2999 eligendum
3666 2923 3826 2987 esse.

2207 3033 2372 3071 unum
2396 3033 2426 3071 a
2448 3025 2632 3074 nostro
2654 3033 2878 3082 numero
2901 3019 3363 3088 consacerdotem,
3385 3023 3474 3091 qui
3497 3022 3791 3078 auxiliante

587 3103 719 3158 LVI.
771 3102 1072 3160 Honoratus
1125 3115 1179 3161 et
1232 3106 1475 3162 Urbanus
1527 3111 1763 3179 episcopi
1809 3111 2058 3166 dixerunt
2087 3131 2100 3164 :
2133 3124 2177 3184 ρ
2210 3110 2459 3177 Domino,
2487 3119 2540 3165 et
2568 3111 2899 3166 orationibus
2922 3113 3132 3175 vestris,
3173 3125 3226 3167 et.
3253 3113 3351 3169 has
3381 3115 3523 3184 ipsas
3553 3118 3791 3171 necessi-

516 3196 828 3252 Audivimus
865 3201 1214 3253 constitutum
1261 3207 1319 3253 ut
1357 3200 1618 3255 dimceses
1653 3219 1762 3256 non
1802 3212 2109 3257 mereantur

515 3291 800 3361 episcopos
831 3292 1095 3361 accipere,
1125 3292 1226 3345 nisi
1256 3307 1521 3348 consensu
1566 3293 1681 3361 ejus
1713 3293 1811 3348 sub
1835 3309 1949 3363 quo
1993 3295 2112 3348 fue-

517 3391 642 3440 rant
669 3384 971 3452 constitutaz
998 3403 1009 3436 :
1036 3383 1130 3439 sed
1157 3386 1207 3439 in
1233 3387 1508 3456 provincia
1553 3396 1736 3441 nostra
1776 3403 1897 3443 eum
1946 3387 2110 3457 aliqui

520 3475 658 3531 forte
689 3478 741 3530 in
781 3477 1025 3546 dioecesi,
1057 3478 1386 3533 concedente
1413 3496 1479 3533 eo
1519 3481 1796 3548 episcopo,
1848 3482 1903 3534 in
1953 3480 2108 3549 cujus

519 3575 789 3635 potestate
819 3565 1030 3622 fuerant
1059 3569 1358 3633 constituti,
1403 3570 1636 3623 ordinati
1679 3579 1802 3624 sunt
1845 3571 2106 3640 episcopi,

520 3658 683 3712 etiam
711 3659 972 3713 dioeceses
997 3659 1100 3713 sibi
1125 3661 1421 3725 vindicant,
1454 3661 1559 3716 hoc
1602 3672 1656 3715 ct
1699 3663 1894 3730 corrigi
1936 3663 2112 3716 chari-

524 3748 648 3802 tatis
673 3757 868 3802 vestrae
885 3747 1108 3817 judicio,
1139 3759 1194 3804 et
1217 3750 1446 3803 inhiberi
1469 3750 1537 3804 de
1563 3759 1758 3805 caetero
1781 3750 1958 3804 debet.
1986 3749 2080 3819 Epi
2097 3781 2112 3789 -

523 3839 712 3907 genius
741 3840 1025 3910 episcopus
1054 3841 1226 3895 dixit:
1261 3841 1492 3909 Singulis
1538 3843 1806 3911 episcopis
1843 3851 2112 3896 servatum

524 3939 609 3984 est
639 3930 784 3998 quod
837 3930 1104 3998 decebat,
1148 3941 1209 3988 ut
1254 3949 1323 3989 ex
1372 3950 1548 3989 massa
1601 3934 1914 3990 ditecesium
1968 3935 2114 3989 nulla

525 4027 838 4088 carperetur
879 4027 937 4073 ut
976 4020 1252 4090 preprium
1298 4021 1612 4093 episc0pum
1659 4022 1953 4088 habuisset,
2012 4023 2114 4077 nisi

526 4111 642 4179 ipse
686 4125 1008 4166 consensum
1057 4112 1392 4168 adhibuisset
1457 4112 1808 4168 concedentli.
1873 4111 2117 4168 Sufﬁciat

527 4201 690 4267 enim,
735 4203 780 4256 si
821 4203 1168 4268 concesserit,
1201 4211 1262 4257 ut
1309 4204 1495 4258 eadem
1535 4203 1780 4258 dioecesis
1830 4208 2111 4274 permissa,

527 4295 802 4364 proprium
835 4303 1041 4349 tantum
1080 4296 1393 4364 episcopum
1437 4295 1633 4350 habeat
1667 4335 1681 4361 ,
1739 4299 1962 4351 caeteras
2009 4296 2109 4350 sibi

531 4399 636 4437 non
665 4384 937 4438 vindicent
959 4385 1236 4450 diazceses,
1274 4385 1398 4454 quia
1429 4395 1679 4454 exempta
1708 4386 1774 4440 de
1800 4385 1946 4440 fasce
1974 4385 2114 4439 mul-

2222 3206 2362 3254 tates
2395 3202 2667 3270 suscipere
2694 3202 2880 3270 possit,
2931 3209 2986 3256 et
3031 3204 3276 3269 gnaviter
3315 3205 3652 3275 peragendas
3697 3208 3792 3262 im-

2212 3297 2378 3361 plere,
2412 3303 2754 3361 perrecturus
2780 3293 2847 3348 ad
2877 3295 3260 3348 transmarinas
3288 3295 3453 3350 Italia:
3493 3306 3696 3367 partes,
3731 3306 3793 3351 ut

2212 3393 2321 3436 tam
2361 3384 2562 3438 sanctis
2590 3383 2843 3440 fratribus
2867 3394 2920 3440 et
2950 3386 3421 3442 consacerdotibus
3453 3389 3665 3453 nostris,
3694 3405 3794 3444 ve-

2212 3474 2437 3528 nerabili
2485 3483 2672 3529 sancto
2715 3473 2865 3529 fratri
2919 3475 3239 3543 Anastasio,
3292 3476 3438 3531 sedis
3483 3479 3794 3547 apostolica:

2213 3568 2488 3637 episcopo,
2514 3582 2672 3637 quam
2697 3569 2858 3622 etiam
2889 3577 3078 3624 sancto
3101 3569 3252 3624 fratri
3274 3570 3503 3625 Venerio
3524 3569 3793 3628 sacerdOti

2212 3659 2628 3713 Mediolanensis
2657 3658 2926 3726 Ecclesiae,
2958 3660 3332 3714 necessitatem
3363 3661 3554 3731 ipsam,
3595 3677 3658 3716 ac
3691 3663 3796 3716 do-

2213 3750 2383 3803 lorem
2427 3757 2587 3817 atque
2626 3749 2862 3818 inopiam
2903 3749 3143 3804 nostram
3191 3750 3371 3804 valeat
3412 3750 3681 3805 intimare.
3713 3750 3798 3808 Ex

2215 3842 2299 3895 his
2319 3842 2461 3895 enim
2491 3842 2703 3897 sedibus
2730 3843 2833 3897 hoc
2861 3841 3036 3898 fuerat
3063 3843 3389 3912 prohibitum
3406 3886 3420 3912 ,
3455 3846 3598 3915 quod
3625 3861 3800 3901 nove—
3841 3904 3846 3908 ,

2213 3933 2337 4000 rim,
2361 3933 2632 3987 communi
2653 3934 2894 4004 periculo
2924 3935 3313 4004 providendum
3338 3977 3352 4003 ,
3393 3939 3622 3992 maxime
3668 3938 3798 4006 quia

2215 4031 2363 4078 tanta
2391 4023 2679 4090 indigentia
2701 4023 3021 4079 clericorum
3061 4034 3164 4088 est,
3205 4026 3492 4096 multaeque
3538 4026 3800 4082 Ecclesia:

2215 4113 2288 4167 ita
2308 4114 2534 4170 desertae
2563 4123 2704 4180 sunt,
2739 4123 2798 4169 ut
2825 4131 2893 4170 ne
2919 4132 3085 4170 unum
3114 4117 3329 4185 quidem
3381 4117 3667 4172 diaconum
3713 4121 3802 4175 vel

2215 4202 2526 4258 illiteratum
2562 4204 2762 4258 habere
2794 4204 3150 4273 reperiantur.
3191 4203 3322 4258 Nam
3351 4205 3419 4260 de
3454 4207 3663 4261 caeteris
3706 4221 3802 4261 su-

2215 4295 2515 4364 perioribus
2573 4294 2824 4363 gradibus
2871 4303 2927 4349 et
2963 4295 3155 4350 ciliciis
3210 4295 3492 4350 tacendum
3535 4296 3800 4374 arbitror,

2215 4385 2360 4452 quia,
2395 4393 2451 4437 ut
2471 4385 2600 4450 dixi,
2633 4385 2678 4438 si
2707 4384 3059 4438 ministerium
3086 4385 3297 4440 diaconi
3328 4385 3486 4442 facile
3515 4401 3620 4441 non
3649 4387 3804 4442 inve-

530 4482 704 4527 tarum
735 4473 849 4527 sola
891 4474 1086 4528 meruit
1131 4474 1392 4530 honorem
1434 4477 1776 4546 episcopatus
1820 4476 2112 4548 suscipere.
2146 4507 2197 4565 Ι)
2221 4477 2382 4538 nitur,
2411 4476 2584 4530 multo
2602 4477 2770 4544 magis
2789 4475 3126 4544 superiorum
3148 4477 3413 4530 honorum
3442 4477 3670 4532 inveniri
3690 4493 3805 4534 non

531 4562 778 4618 Aurelius
807 4563 1089 4634 episcopus
1103 4565 1270 4620 dixit:
1303 4565 1420 4621 Non
1443 4567 1628 4621 dubito
1657 4567 1906 4622 charitati
1930 4575 2118 4622 vestra:

531 4655 769 4709 omnium
799 4655 1010 4724 placere
1032 4671 1154 4712 eum
1184 4658 1275 4727 qui
1304 4659 1358 4712 in
1387 4659 1625 4722 dioecesi,
1651 4658 1980 4714 concedente
2001 4660 2118 4729 epi-

531 4762 717 4816 scopo,
749 4747 839 4816 qui
868 4749 1143 4804 matricem
1175 4750 1367 4817 tenuit,
1391 4751 1563 4805 solam
1615 4751 1857 4804 eamdem
1888 4751 2120 4806 retinere

531 4838 742 4908 plebem
797 4840 850 4894 in
896 4855 1000 4909 qua
1056 4840 1230 4895 fuerat
1294 4842 1591 4897 ordinatus.
1645 4842 1908 4908 Quoniam
1962 4845 2122 4912 igitur

531 4930 778 4986 universa
805 4931 1038 4987 arbitror
1058 4930 1219 4986 fuisse
1242 4941 1487 5000 tractata,
1516 4934 1560 4987 si
1589 4935 1767 4988 omnia
1791 4951 1912 4989 cum
1937 4937 2118 4992 animo

531 5029 711 5075 vestro
735 5031 1122 5086 convenerunt,
1153 5036 1401 5075 sermone
1423 5029 1599 5076 vestro
1628 5032 1818 5078 cuncta
1839 5024 2116 5080 roborate.

533 5108 780 5166 Universi
810 5111 1051 5180 episcopi
1073 5109 1359 5164 dixerunt:
1394 5108 1654 5167 Omnibus
1679 5113 1833 5169 nobis
1869 5115 1984 5171 lucc
2004 5116 2118 5186 pla-

532 5210 780 5267 cuerunt,
811 5210 865 5254 et
894 5200 1008 5256 haec
1039 5210 1218 5256 nostra
1255 5203 1645 5273 subscriptione
1696 5204 2038 5272 ﬁrmavimus,
2066 5215 2120 5262 et

533 5293 981 5360 subscripserunt.
1015 5292 1261 5349 Aurelius
1289 5294 1572 5366 episcopus
1601 5295 1856 5352 Ecclesiae
1894 5296 2116 5352 Cartha-

534 5383 770 5450 giniensis
798 5383 919 5438 huic
944 5384 1164 5440 decreto
1187 5386 1459 5455 consensi,
1498 5396 1553 5442 ct
1583 5388 1835 5458 praelecto
1876 5390 2115 5446 subscri-

535 5474 634 5542 psi.
667 5460 922 5528 Similiter
949 5482 1003 5528 et
1033 5475 1213 5530 caeteri
1251 5476 1489 5547 episcopi
1519 5478 1969 5550 subscripserunt.

536 5589 605 5646 In
644 5591 736 5642 hoc
765 5591 979 5646 concilio
1010 5600 1258 5646 statutum
1283 5601 1439 5674 est_ut
1477 5594 1701 5665 episcopi
1735 5595 1848 5648 sine
1883 5596 2109 5665 formata

1126 5679 1229 5717 non
1260 5673 1516 5734 navigem.

606 5751 836 5808 Caesarie
868 5761 919 5807 et
950 5752 1126 5810 Attico
1153 5767 1240 5808 vv.
1266 5769 1346 5809 cc.
1379 5768 1581 5823 conss,
1611 5761 1765 5813 sexto
1791 5755 1892 5812 cal.
1921 5753 2110 5839 Julias,

2221 4580 2380 4634 posse
2406 4565 2764 4620 certissimum
2789 4573 2891 4620 est.
2932 4563 3002 4618 Et
3039 4565 3381 4633 quotidianos
3422 4567 3665 4636 planctus
3718 4567 3805 4622 di-

2221 4673 2493 4712 versarum
2523 4671 2662 4726 pene
2689 4666 3054 4711 emortuarum
3084 4658 3318 4726 plebium
3351 4658 3460 4726 jam
3486 4673 3594 4711 non
3635 4659 3802 4712 susti-

2222 4761 2448 4801 nemus:
2481 4747 2675 4814 quibus
2693 4747 2796 4801 nisi
2824 4747 2985 4801 fuerit
3005 4747 3294 4816 aliquando
3314 4749 3651 4814 subventum,
3675 4762 3807 4817 gra—

2221 4838 2304 4892 vis
2323 4839 2477 4893 nobis
2503 4847 2560 4892 et
2586 4839 2960 4892 inexcusabilis
3007 4838 3470 4893 innumerabilium
3502 4839 3804 4895 animarum

2223 4930 2563 4998 pereuntium
2591 4941 2752 4984 causa
2783 4929 2923 4999 apud
2952 4929 3119 4984 Deum
3141 4944 3391 4984 mansura
3421 4937 3522 4984 est.

2227 5039 2296 5094 Ut
2343 5039 2542 5110 parvuli
2591 5039 2728 5112 apud
2798 5040 3095 5094 Donatistas
3158 5042 3406 5112 baptizati
3454 5043 3511 5095 in
3551 5041 3806 5096 catholica

2616 5111 2852 5164 Ecclesia
2882 5114 3053 5165 clerici
3082 5111 3404 5166 ordinentur.

2295 5200 2446 5256 LVII.
2492 5201 2643 5256 Unde
2669 5202 2924 5272 quoniam
2964 5205 3230 5272 superiori
3251 5203 3493 5259 concilio
3541 5195 3805 5260 statutum

2225 5310 2345 5350 esse
2371 5310 2582 5350 mecum
2603 5296 2940 5364 recognoscit
2959 5297 3282 5353 unanimitas
3303 5306 3500 5360 vestra,
3550 5306 3611 5352 ut
3637 5298 3690 5351 hi
3712 5299 3808 5368 qui

2225 5386 2365 5454 apud
2393 5385 2693 5442 Donatistas
2715 5388 2916 5456 parvuli
2945 5388 3200 5457 baptizati
3228 5397 3374 5455 sunt,
3406 5389 3642 5444 nondum
3664 5391 3806 5445 scire

2223 5481 2464 5535 valentes
2485 5482 2683 5536 erroris
2703 5497 2889 5537 eorum
2919 5483 3217 5545 interitum,
3269 5491 3325 5537 et
3352 5493 3704 5554 posteaquam
3735 5484 3807 5538 ad

2223 5578 2438 5626 atatem
2455 5572 2674 5628 rationis
2688 5588 2940 5643 capacem
2961 5582 3338 5643 pervenerunt,
3355 5576 3534 5642 agnita
3558 5576 3806 5641 veritate,

2226 5660 2509 5717 falsitatem
2532 5678 2716 5719 eorum
2751 5666 3125 5732 abhorrentes.
3155 5667 3220 5721 ad
3251 5666 3545 5722 Ecelesiam
3573 5668 3671 5722 Dei
3717 5685 3811 5722 ca-

2226 5751 2476 5808 tholicam
2522 5768 2618 5824 per
2674 5755 2976 5812 universum
3023 5754 3276 5814 mundum
3324 5755 3569 5814 diﬁusam
3617 5756 3810 5814 ordine
