4104 6478
303 375 404 430 201

304 490 556 559 antiquo,
588 505 687 561 per
715 507 905 550 manus
932 495 1337 568 impositionem
1380 504 1585 573 recepti
1624 513 1768 570 sunt,
1797 505 1895 560 de-
1924 512 1977 570 Α

302 584 440 637 bere
468 582 664 639 talibus
687 587 1089 657 suscipiendum
1119 608 1314 648 munus
1342 594 1627 651 clericatus
1655 613 1763 651 non
1800 598 1901 651 im-

304 670 496 741 pedire
514 689 710 729 nomen
741 678 980 732 erroris:
1005 696 1130 735 cum
1156 698 1339 741 veram
1362 682 1657 760 Ecclesiam
1687 686 1903 741 illorum

306 765 619 832 putaverint
643 765 710 820 ad
739 765 896 822 ﬁdem
939 770 1269 839 accedendo,
1296 782 1352 829 et
1380 775 1450 829 ibi
1485 775 1699 831 Christo
1728 778 1904 833 credi-

304 851 505 918 derint,
552 862 608 910 et
656 855 935 914 Trinitatis
981 873 1319 919 sacramenta
1369 869 1731 937 perceperint,
1780 884 1901 939 qua:

274 942 275 945 “
303 945 491 998 omnia
518 961 664 1011 vera,
689 956 744 1002 et
766 958 950 1005 sancta
974 960 1138 1021 atque
1176 952 1355 1009 divina
1387 971 1505 1012 esse
1541 958 1899 1014 certissimum

303 1044 411 1098 est,
438 1044 491 1090 et
515 1037 566 1089 in
595 1038 678 1092 his
698 1056 917 1095 onmem
940 1043 1133 1097 anima:
1161 1060 1313 1114 spem
1328 1049 1697 1103 constitutam.
1724 1049 1899 1118 Quan-

301 1140 468 1193 quam
499 1134 553 1181 et
584 1129 959 1187 hmreticorum
996 1145 1320 1207 praesumpta
1364 1138 1607 1207 audacia,
1654 1143 1899 1198 veritatis

302 1218 525 1271 nomine
548 1220 785 1288 palliata,
818 1223 935 1279 haec
979 1225 1192 1281 tradere
1220 1228 1434 1296 audeat,
1484 1245 1603 1300 qua:
1642 1235 1896 1303 quoniam

300 1309 568 1377 simplicia
619 1322 765 1380 sunt,
816 1322 873 1369 ut
908 1328 1204 1386 prmmonet
1250 1320 1441 1376 beatus
1482 1321 1772 1393 Apostolus
1816 1326 1898 1381 di-

300 1398 498 1463 cendo,
519 1418 537 1450 ‹
559 1398 705 1456 Unus
721 1402 883 1470 Deus,
902 1421 1003 1460 una
1029 1405 1177 1473 fides,
1198 1426 1359 1463 unum
1384 1412 1668 1482 baptisma,
1691 1433 1708 1466 ι
1727 1424 1780 1470 ct
1803 1416 1899 1471 ite-

300 1491 409 1543 rari
438 1506 546 1545 non
571 1492 749 1557 liceat,
784 1497 927 1565 quod
953 1499 1121 1554 semel
1150 1499 1281 1555 dare
1310 1511 1554 1572 oportet,
1584 1506 1900 1561 anathema-

298 1582 468 1635 tizato
497 1584 718 1638 nomine
743 1588 944 1641 erroris
974 1589 1304 1660 recipiantur
1326 1609 1423 1663 per
1445 1610 1637 1652 manus
1676 1597 1897 1667 imposi-

296 1672 503 1726 tionem
538 1674 589 1726 in
618 1691 775 1729 unam
797 1674 1114 1748 Ecclesiam,
1138 1682 1461 1748 columbam,
1489 1693 1548 1739 ut
1568 1686 1767 1742 dictum
1791 1699 1893 1759 est,

293 1771 353 1814 et
382 1779 543 1817 unam
574 1774 804 1820 matrem
835 1770 1076 1823 omnium
1108 1771 1557 1842 Christianorum,
1592 1777 1679 1832 ubi
1713 1780 1894 1835 omnia

291 1854 383 1908 illa
412 1866 756 1911 sacramenta
785 1858 1096 1933 salubriter,
1124 1870 1178 1917 et
1205 1874 1435 1932 aeterna,
1465 1877 1521 1923 et
1549 1870 1781 1926 vitaliter
1809 1887 1895 1928 ac-
1923 1884 1971 1943 B
1992 1863 2148 1932 iuriis
2209 1864 2614 1923 laSCiVienlibus
2675 1878 2962 1940 appetatur
3008 1888 3020 1923 ε

289 1945 601 2014 cipiuntur:
636 1963 756 2016 qua:
796 1956 1265 2020 perseverantibus
1313 1958 1367 2013 in
1408 1958 1599 2014 haeresi
1641 1976 1891 2032 magnam

287 2035 660 2092 damnationis
685 2056 900 2109 poenam
931 2046 1278 2115 conquirunt,
1314 2059 1372 2104 ut
1399 2051 1542 2119 quod
1573 2053 1650 2109 eis
1688 2054 1741 2108 in
1797 2070 1893 2110 ve-

288 2128 447 2184 ritate
472 2130 541 2185 ad
564 2142 828 2188 mternam
858 2136 1022 2190 vitam
1067 2143 1505 2210 consequendam
1548 2152 1696 2201 esset
1733 2147 1891 2204 lumi-

287 2221 494 2287 nosius,
527 2223 633 2279 hoc
672 2225 725 2280 in
772 2242 958 2283 errore
987 2230 1057 2285 sit
1095 2233 1436 2290 tenebrosius
1475 2243 1637 2308 atque
1666 2240 1891 2296 damno-

284 2309 416 2363 sius.
450 2309 611 2377 Quod
653 2313 921 2383 fugientes
974 2322 1240 2389 nonnulli,
1293 2332 1349 2379 et
1404 2328 1594 2382 matris
1639 2326 1889 2386 Ecclesiae

286 2400 569 2456 catholicae
599 2403 765 2459 ubera
808 2419 1223 2479 cognoscentes,
1250 2413 1343 2482 qui
1372 2413 1461 2468 illa
1492 2417 1672 2471 omnia
1701 2428 1888 2475 sancta

286 2491 545 2559 mysteria
577 2508 766 2550 amore
790 2497 1036 2555 veritatis
1064 2501 1432 2573 crediderunt,
1457 2513 1618 2576 atque
1639 2523 1890 2580 percepe-

284 2587 431 2645 runt,
463 2582 658 2649 quibus
687 2596 1151 2646 sacramentorum
1194 2594 1357 2649 rebus
1402 2612 1524 2651 cum
1565 2599 1687 2653 vitae
1734 2601 1888 2657 bona:

283 2671 532 2739 probitas
562 2679 873 2741 accesserit,
904 2680 1021 2734 sine
1043 2680 1207 2738 dubio
1245 2686 1309 2739 ad
1337 2686 1572 2742 oﬂicium
1602 2691 1887 2750 clericatus

284 2762 425 2818 tales
470 2780 595 2821 esse
629 2770 1000 2839 applicandos,
1028 2782 1083 2829 et
1123 2779 1358 2833 maxime
1406 2779 1460 2834 in
1509 2790 1656 2837 tanta
1705 2800 1886 2841 rerum

282 2859 637 2926 necessitate,
670 2864 850 2919 nullus
874 2874 960 2920 est
999 2868 1092 2937 qui
1121 2885 1231 2924 non
1261 2874 1541 2939 concedat.
1567 2874 1885 2947 Quanquam

280 2951 535 3005 nonnulli
564 2951 807 3021 ejusdem
832 2966 994 3012 secta:
1019 2960 1201 3016 clerici
1252 2978 1376 3019 cum
1418 2966 1686 3035 plebibus,
1720 2977 1884 3039 atque

280 3041 585 3098 honoribus
606 3046 716 3100 suis
744 3048 811 3102 ad
839 3064 940 3103 nos
963 3053 1192 3112 transire
1213 3053 1558 3110 desiderent:
1585 3059 1677 3127 qui
1700 3074 1885 3115 amore

281 3131 510 3187 honoris
538 3142 631 3187 aut
659 3138 987 3205 persuadent
1014 3140 1083 3196 ad
1112 3142 1298 3209 vitam,
1326 3155 1421 3199 aut
1447 3147 1684 3204 retinent
1708 3148 1776 3205 ad
1796 3165 1884 3206 sa-

278 3224 473 3279 lutem.
507 3226 616 3281 Sed
645 3229 750 3284 hoc
783 3231 972 3299 majori
1011 3234 1239 3290 fratrum
1278 3238 1709 3307 supradictorum
1751 3259 1885 3299 con-
1908 3258 1955 3323 ο

276 3315 601 3372 siderationi
631 3319 1006 3378 dimittendum
1049 3340 1286 3382 censeo:
1329 3338 1386 3383 ut
1414 3332 1750 3400 prudentiori
1780 3352 1880 3392 suo

275 3409 509 3464 consilio
532 3420 731 3467 nostra:
753 3417 1111 3485 suggestionis
1149 3435 1456 3479 sermonem
1485 3442 1609 3481 cum
1642 3444 1878 3500 perpen-

274 3497 476 3566 derint,
507 3501 634 3570 quid
666 3503 734 3558 de
775 3506 875 3561 hac
925 3523 986 3563 re
1022 3509 1101 3565 eis
1143 3511 1376 3583 placeat,
1439 3533 1538 3572 nos
1585 3497 1879 3578 informare

274 3589 586 3659 dignentur.
646 3594 877 3651 Tantum
927 3601 994 3655 de
1039 3601 1143 3665 bis,
1192 3605 1286 3673 qui
1335 3607 1567 3665 infantes
1619 3613 1877 3682 baptizati

272 3690 423 3748 sunt,
446 3685 763 3755 satagimus,
793 3697 853 3743 ut
880 3700 1102 3762 ιιοειηε,
1132 3695 1180 3749 si
1203 3696 1399 3764 placet,
1433 3699 1485 3753 in
1515 3700 1703 3757 iisdem
1732 3706 1880 3760 ordi-

273 3775 473 3831 nandis
496 3780 842 3835 consentiant
866 3782 1152 3840 voluntati.
1176 3785 1366 3843 Omnia
1387 3804 1538 3859 ergo,
1562 3808 1682 3862 qua:
1709 3811 1875 3866 supe-

269 3865 389 3918 rius
411 3866 940 3939 comprehendimus,
957 3876 1099 3943 apud
1121 3887 1341 3934 sanctos
1360 3882 1648 3955 episcopos
1668 3865 1873 3957 agenda

268 3969 399 4009 esse
420 3971 634 4012 mecum
660 3959 997 4019 honorabilis
1019 3964 1330 4024 fraternitas
1352 3980 1529 4028 vestra
1548 3979 1869 4047 perpendat.

268 4046 357 4101 De
397 4049 629 4121 reliquiis
677 4052 933 4108 idolorum
951 4095 998 4179 ,ὁ
1022 4058 1101 4182 ιὶει
1123 4062 1351 4182 dtemplis
1379 4062 1445 4116 ab
1470 4046 1870 4135 imperatoribus

934 4144 964 4179 a
1002 4145 1033 4182 0
1055 4145 1117 4182 en
1158 4146 1229 4182 ιε.

934 4144 1229 4186 anatenazs.

345 4207 526 4264 LVIII.
554 4210 764 4269 Instant
809 4216 972 4272 etiam
1000 4221 1118 4276 aliae
1158 4226 1513 4285 necessitates
1542 4246 1574 4285 a
1602 4232 1870 4302 religiosis

266 4301 692 4369 imperatoribus
739 4309 1075 4376 postulanda:
1116 4331 1130 4368 :
1176 4323 1236 4371 ut
1285 4319 1543 4388 reliquias
1594 4301 1867 4382 idolorum

264 4406 377 4461 per
402 4407 617 4449 omnem
648 4396 881 4453 Africam
901 4400 1142 4470 jubeant»
1156 4409 1374 4477 penitus
1399 4414 1666 4482 amputari
1696 4434 1708 4468 :
1741 4432 1867 4473 nam

263 4481 547 4554 plerisque
590 4484 647 4539 in
693 4487 831 4543 locis
886 4493 1193 4560 maritimis,
1224 4508 1386 4568 atque
1432 4481 1865 4571 possessionibus

261 4572 517 4640 diversis,
550 4576 723 4632 adhuc
752 4582 953 4637 erroris
974 4583 1128 4641 istius
1157 4587 1411 4659 iniquitas
1438 4592 1622 4660 viget:
1652 4603 1866 4666 utprzn-

260 4664 542 4735 cipiantur
583 4676 640 4723 et
686 4670 802 4740 ipsa
849 4672 1039 4740 deleri,
1070 4685 1127 4732 et
1155 4681 1358 4750 templa
1387 4698 1595 4751 eorum,
1639 4664 1761 4755 qua:
1808 4690 1864 4744 in

261 4757 438 4824 agris,
464 4758 547 4814 vel
568 4759 623 4813 in
647 4760 780 4817 locis
810 4763 1006 4821 abditis
1030 4771 1347 4838 constituta,
1375 4774 1523 4830 nullo
1544 4789 1864 4836 ornamento

259 4856 413 4911 sunt,
440 4849 736 4917 iubeantur
763 4854 1079 4913 omnimodo
1101 4859 1327 4917 destrui.

262 4942 342 4997 Ut
370 4944 545 4999 clerici
578 4947 644 5000 de
662 4946 854 5032 judicii
892 4951 974 5032 sui
1017 4955 1313 5032 cognitione
1340 4976 1471 5032 _non
1511 4971 1765 5032 cogantur
1804 4966 1859 5018 in

663 5018 865 5086 publica
895 5021 1065 5076 dicere
1079 5018 1457 5083 testimonium.

334 5101 470 5158 LIX.
501 5103 799 5163 Petendum
844 5110 1041 5181 etiam,
1070 5123 1127 5168 ut
1156 5124 1395 5173 statuere
1436 5120 1722 5189 dignentur
1752 5142 1764 5178 :
1800 5134 1860 5179 ut

251 5195 301 5248 si
340 5192 480 5250 forte
509 5196 563 5251 in
586 5195 825 5256 Ecclesia
849 5204 1146 5270 quamlibet
1163 5223 1380 5264 causam
1398 5210 1523 5281 jure
1559 5216 1857 5285 apostolico

250 5283 519 5340 Ecclesiis
545 5287 798 5357 imposito
826 5304 989 5361 agere
1017 5296 1306 5363 voluerint,
1356 5309 1413 5356 et
1440 5283 1670 5360 fortasse
1708 5306 1857 5362 deci-

246 5376 341 5431 sio
368 5372 695 5433 clericbrum
723 5383 812 5435 uni
842 5385 979 5453 parti
1010 5386 1384 5458 displicuerit,
1418 5409 1525 5449 non
1554 5395 1717 5451 liceat
1747 5397 1858 5453 cle-

247 5468 429 5523 ricum
476 5470 532 5523 in
574 5468 836 5538 judicium
880 5475 947 5530 ad
977 5478 1350 5535 testimonium
1397 5483 1647 5540 devocari
1694 5503 1854 5555 eum,

244 5560 344 5629 qui
374 5561 659 5628 cognitor,
700 5563 789 5618 vel
826 5580 1064 5635 praesens
1111 5568 1213 5624 fuit
1245 5589 1260 5638 ;
1294 5582 1353 5627 ut
1404 5576 1548 5630 nulla
1590 5576 1661 5632 ad
1702 5580 1858 5635 testi-

244 5653 501 5706 monium
543 5652 830 5711 dicendum
877 5659 1230 5718 ecclesiastici
1280 5663 1571 5734 cujuslibet
1624 5684 1855 5740 persona

244 5744 524 5817 pulsetur.
750 5750 757 5758 '

1297 385 1524 444 CODEX
1561 384 1888 447 CANONUM
1926 387 2627 448 ECCLESIASTICORUM.

3486 399 3593 456 9.02

2286 504 2368 560 De
2385 522 2710 576 paganorum
2728 510 2968 564 conviviis
2986 512 3304 581 auferenda.

2076 594 2185 649 LX.
2218 594 2352 651 Illud
2398 598 2561 652 etiam
2612 600 2922 669 petendum,
2956 611 3015 657 ut
3040 618 3162 674 qua:
3206 614 3395 659 contra
3446 621 3589 676 pra:-

2003 697 2159 757 cepta
2181 688 2360 743 divina
2385 690 2631 744 convivia
2664 691 2847 748 multis
2871 693 2926 747 in
2950 692 3083 749 locis
3104 706 3445 761 exercentur,
3470 712 3592 764 qua:

2002 775 2071 829 ab
2124 791 2312 832 errore
2338 778 2525 845 gentili
2556 787 2787 835 attracta
2815 790 2975 847 sunt,
3005 782 3076 837 ita
3108 793 3167 838 ut
3194 798 3339 839 nunc
3364 799 3395 838 a
3428 799 3594 854 paga-

2002 867 2087 922 nis
2134 867 2427 924 Christiani
2452 870 2519 925 ad
2564 870 2679 925 haec
2703 871 3026 928 celebranda
3051 883 3314 943 cogantur
3342 892 3355 928 :
3388 890 3456 930 ex
3482 892 3591 946 qua

2001 972 2063 1013 re
2116 959 2450 1028 temporibus
2477 960 2909 1017 Christianorum
2957 962 3345 1034 imperatorum
3395 981 3588 1037 perse-

2000 1047 2150 1104 cutio
2178 1049 2350 1103 altera
2379 1048 2497 1104 fieri
2545 1052 2757 1107 occulte
2802 1052 3051 1109 videatur
3080 1074 3095 1109 :
3128 1058 3302 1112 vetari
3340 1057 3468 1111 talia
3495 1058 3588 1127 ju-

2000 1138 2183 1205 beant,
2216 1147 2272 1194 et
2301 1139 2368 1194 de
2396 1141 2726 1208 civitatibus,
2759 1150 2815 1199 et
2858 1143 2926 1200 de
2951 1148 3386 1216 possessionibus
3413 1149 3592 1219 impo-

2002 1230 2403 1301 sitam'paanam
2424 1235 2444 1258 ⁶
2465 1232 2776 1301 prohiberi:
2799 1236 3036 1291 maxime
3063 1251 3185 1292 eum
3214 1238 3376 1293 etiam
3407 1240 3460 1293 in
3493 1255 3588 1293 na-

2001 1318 2195 1376 talibus
2221 1328 2522 1392 martyrum
2549 1338 2648 1392 per
2676 1325 2964 1382 nonnullas
2992 1328 3272 1395 civitates,
3298 1337 3356 1384 et
3383 1330 3438 1383 in
3461 1330 3588 1400 ipsis

1998 1410 2133 1467 locis
2152 1414 2321 1467 sacris
2342 1413 2471 1468 talia
2498 1416 2838 1473 committere
2857 1432 2965 1473 non
2986 1417 3355 1475 reformident.
3384 1421 3587 1487 Quibus

1997 1501 2185 1559 diebus
2215 1504 2397 1570 etiam,
2429 1505 2574 1574 quod
2618 1507 2843 1576 pudoris
2890 1517 2974 1564 est
3018 1510 3231 1579 dicere,
3264 1512 3586 1574 saltationes

1997 1592 2441 1648 sceleratissimas
2496 1609 2595 1665 per
2637 1596 2784 1653 vicos
2820 1606 2983 1666 atque
3022 1599 3231 1668 plateas
3285 1610 3583 1654 exercent:

1998 1690 2057 1737 ut
2084 1685 2400 1741 matronalis
2451 1688 2650 1755 honor,
2678 1696 2735 1744 et
2764 1691 3235 1746 innumerabilium
3265 1692 3583 1747 feminarum

1996 1773 2189 1844 pudor,
2218 1774 2412 1831 devote
2432 1778 2761 1834 venientium
2791 1780 2859 1834 ad
2878 1780 3295 1836 sacratissimum
3316 1782 3478 1848 diem,
3504 1783 3584 1837 in-

3076 1878 3137 1926 ut
3189 1871 3353 1926 etiam
3409 1873 3579 1944 ipsius

1994 1962 2194 2009 sancta:
2214 1955 2492 2024 religionis
2512 1973 2652 2027 pene
2672 1958 2907 2029 fugiatur
2935 1975 3206 2016 accessus.

1992 2043 2074 2100 De
2102 2048 2428 2117 spectaculis,
2460 2060 2515 2103 ut
2538 2051 2620 2104 die
2648 2051 2928 2120 dominico,
2956 2054 3035 2106 vel
3055 2054 3253 2108 caneris
3282 2063 3582 2110 sanctorum

2291 2121 2650 2189 festivitatibus
2696 2123 2905 2176 minime
2948 2123 3284 2178 celebrentur.

2062 2203 2199 2260 LXI.
2231 2206 2341 2263 Nec
2395 2225 2505 2264 non
2552 2220 2608 2265 et
2651 2212 2780 2266 illud
2811 2213 3126 2283 petendum,
3164 2222 3222 2267 ut
3270 2217 3579 2284 spectacula

1994 2296 2329 2353 theatrorum
2385 2309 2813 2373 caeterorumque
2860 2303 3107 2358 ludorum
3138 2304 3224 2359 die
3272 2304 3579 2370 dominica,

1990 2386 2075 2440 vel
2106 2388 2319 2443 caeteris
2344 2390 2618 2460 religionis
2642 2391 2959 2448 Christianae
2988 2394 3176 2449 diebus
3211 2396 3581 2452 celeberrimis

1991 2487 2376 2546 amoveantur,
2407 2483 2642 2538 maxime
2669 2484 2793 2553 quia
2823 2485 2995 2539 sancti
3021 2483 3240 2539 Pascha:
3264 2495 3579 2543 octavarum

1990 2570 2076 2626 die
2121 2573 2307 2642 populi
2356 2574 2424 2628 ad
2470 2574 2675 2630 circum
2724 2577 2921 2643 magis,
2968 2593 3128 2647 quam
3177 2578 3245 2631 ad
3293 2580 3580 2636 ecclesiam

1989 2663 2338 2731 conveniunt,
2368 2664 2553 2720 deberi
2585 2666 2863 2722 transferri
2892 2668 3195 2743 devotionis
3249 2685 3434 2725 eorum
3464 2671 3578 2729 dies

1988 2754 2034 2807 si
2080 2755 2296 2825 quando
2344 2759 2698 2828 occurrerint,
2731 2775 2830 2815 nec
2876 2771 3130 2831 oportere
3179 2762 3341 2818 etiam
3386 2779 3578 2833 quem-

1987 2857 2148 2912 quam
2213 2843 2645 2903 Christianorum
2710 2850 2830 2919 cogi
2895 2850 2962 2905 ad
3024 2851 3139 2907 haec
3203 2855 3511 2923 spectacula
3560 2876 3573 2911 :

1987 2937 2240 3001 maxime,
2295 2938 2420 3007 quia
2462 2939 2517 2993 in
2559 2939 2642 2994 his
2685 2942 3019 3009 exercendis,
3052 2957 3170 3011 quae
3199 2952 3387 2999 contra
3436 2961 3577 3016 pra:-

1987 3034 2145 3096 cepta
2167 3027 2262 3082 Dei
2293 3038 2441 3099 sunt,
2471 3030 2616 3085 nulla
2646 3035 3040 3102 persecutionis
3066 3038 3360 3093 necessitas
3381 3053 3410 3092 a
3436 3055 3577 3109 quo-

1987 3132 2148 3186 quam
2195 3118 2499 3175 adhibenda
2528 3129 2610 3177 est
2641 3140 2653 3175 :
2685 3123 2798 3188 sed,
2830 3125 2907 3179 uti
2937 3134 3173 3196 oportet,
3218 3129 3382 3184 homo
3405 3130 3574 3187 libera

1988 3211 2267 3267 voluntate
2307 3213 2566 3270 subsistat
2596 3215 2697 3270 sibi
2722 3216 2975 3272 divinitus
3003 3234 3280 3276 concessa.
3307 3220 3577 3292 Corpora-

1988 3310 2164 3358 torum
2210 3305 2352 3359 enim
2403 3307 2638 3361 maxime
2667 3308 2965 3377 periculum
2996 3311 3440 3368 considerandum
3470 3324 3574 3384 est,

1983 3395 2077 3462 qui
2102 3405 2292 3451 contra
2314 3404 2587 3468 przecepta
2614 3397 2732 3466 Dei,
2766 3415 2959 3472 magno
2983 3410 3190 3458 terrore
3215 3413 3480 3473 coguntur
3505 3408 3573 3462 ad

1981 3486 2289 3555 spectacula
2315 3488 2625 3543 convenire.

2474 3580 2550 3635 De
2570 3582 2769 3636 clericis
2799 3584 3081 3639 damnatis.

2048 3668 2207 3725 LXII.
2240 3670 2308 3726 Et
2361 3671 2491 3727 illud
2518 3673 2834 3744 petendum,
2867 3683 2928 3729 ut
2972 3684 3212 3731 statuere
3235 3678 3525 3746 dignentur
3554 3699 3567 3735 :

1978 3774 2037 3821 ut
2063 3767 2109 3821 si
2146 3768 2268 3836 quis
2293 3766 2584 3837 cujuslibet
2608 3768 2833 3823 honoris
2861 3768 3091 3824 clericus
3114 3769 3319 3837 judicio
3347 3772 3568 3842 episco-

1975 3874 2168 3929 porum
2196 3873 2522 3929 quocunque
2565 3858 2792 3914 crimine
2827 3858 2992 3914 fuerit
3018 3859 3323 3929 damnatus,
3350 3879 3454 3917 non
3503 3864 3568 3918 li-

1976 3956 2097 4004 ceat
2124 3964 2248 4003 eum
2276 3949 2391 4004 sive
2437 3949 2504 4005 ab
2546 3947 2822 4016 Ecclesiis,
2854 3951 3049 4020 quibus
3096 3952 3325 4022 praefuit,
3371 3956 3484 4012 sive
3537 3972 3568 4013 a

1973 4042 2219 4111 quolibet
2245 4042 2465 4097 homine
2492 4040 2783 4107 defensari,
2814 4043 3131 4114 interposita
3160 4060 3319 4114 poena
3350 4046 3565 4112 damni,

1971 4138 2236 4207 pecuniae,
2267 4145 2429 4206 atque
2458 4136 2699 4201 honoris,
2730 4153 2837 4206 quo
2864 4152 2966 4191 nec
2993 4144 3227 4205 aetatem,
3253 4153 3354 4193 nec
3379 4154 3568 4194 sexum

1973 4226 2344 4305 excusandum
2372 4242 2492 4282 esse
2515 4228 2850 4297 praecipiant.

2285 4316 2363 4372 De
2384 4317 2721 4372 histrionibus
2751 4318 3062 4374 Christianis
3090 4321 3263 4392 factis.

3360 3572 3397 3597 ο

2040 4407 2220 4464 LXIII.
2238 4408 2307 4463 Et
2329 4408 2395 4463 de
2413 4409 2495 4462 his
2513 4408 2676 4463 etiam
2699 4410 2993 4480 petendum
3019 4429 3032 4465 :
3059 4419 3117 4466 ut
3141 4413 3186 4468 si
3208 4414 3328 4483 quis
3349 4430 3417 4471 ex
3438 4431 3564 4486 qua.

1970 4500 2100 4555 libet
2120 4500 2325 4555 ludicra
2342 4508 2458 4555 arte
2486 4500 2554 4555 ad
2583 4501 2991 4557 Christianitatis
3012 4506 3237 4573 gratiam
3256 4509 3442 4563 venire
3466 4526 3565 4565 vo-

1969 4592 2159 4658 luerit,
2191 4608 2253 4647 ac
2276 4592 2410 4647 liber
2434 4592 2501 4648 ab
2539 4592 2627 4647 illa
2658 4594 2868 4649 macula
2900 4609 3221 4663 permanere
3250 4639 3264 4665 ,
3298 4615 3405 4654 non
3435 4615 3560 4655 eum

1970 4683 2134 4738 liceat
2160 4700 2191 4738 a
2222 4698 2493 4753 quoquam
2517 4683 2711 4738 iterum
2743 4683 2808 4737 ad
2833 4684 3023 4738 eadem
3051 4687 3352 4743 exercenda
3375 4688 3562 4745 reduci
3607 4742 3612 4747 .

1968 4774 2055 4830 vel
2084 4775 2227 4843 cogi.

2037 4868 2118 4923 De
2153 4870 2647 4925 manumissionibus
2676 4870 2731 4923 in
2780 4871 2995 4925 ecclesia
3044 4871 3387 4942 celebrandis,
3418 4877 3483 4929 ab

2424 4943 2735 5011 imperatore
2758 4942 3092 5011 poscendum.

2036 5031 2216 5091 LXIV.
2246 5031 2324 5088 De
2366 5034 2879 5090 manumissionibus
2907 5050 3038 5090 sane
3086 5037 3139 5091 in
3197 5036 3424 5093 ecclesia
3470 5039 3555 5094 di-

1965 5125 2148 5181 cendis
2173 5165 2189 5191 ,
2222 5126 2265 5181 si
2297 5125 2348 5179 id
2377 5127 2549 5180 nostri
2571 5127 2989 5182 consacerdotes
3014 5141 3110 5196 per
3137 5126 3343 5182 Italiam
3373 5129 3556 5187 facere

1964 5215 2324 5284 reperiuntur,
2350 5222 2546 5270 nostra:
2576 5216 2740 5270 etiam
2769 5216 2872 5271 erit
2901 5216 3105 5271 fiducia:
3148 5217 3375 5273 istorum
3401 5221 3551 5275 ordi-

1966 5318 2088 5359 nem
2120 5305 2376 5374 consequi
2411 5323 2424 5358 :
2456 5304 2579 5360 data
2610 5307 2770 5375 plane
2820 5306 3035 5361 licentia
3062 5307 3227 5363 misso
3256 5309 3458 5379 legato,
3492 5323 3553 5368 ut

1965 5410 2298 5465 quaecunque
2322 5395 2480 5465 digna
2507 5395 2612 5451 ﬁde
2651 5412 2747 5466 pro
2788 5405 2933 5452 statu
2979 5395 3251 5466 Ecclesiae,
3282 5410 3337 5458 et
3376 5404 3554 5462 salute

1963 5490 2265 5544 animarum
2318 5504 2479 5557 agere
2532 5490 2789 5559 potuerit,
2824 5506 2923 5545 nos
2950 5491 3291 5549 laudabiliter
3332 5494 3386 5551 in
3416 5513 3549 5553 con-

1961 5588 2146 5650 spectu
2171 5577 2380 5635 Domini
2410 5588 2752 5649 accepturos.
2794 5581 2925 5648 Quae
2963 5584 3164 5650 omnia,
3198 5586 3245 5644 si
3272 5589 3549 5647 sanctitati

1959 5678 2151 5724 vestrae
2171 5670 2404 5740 placent,
2430 5670 2625 5726 edicite
2654 5688 2669 5725 :
2702 5680 2828 5727 utet
2846 5688 3019 5729 meam
3035 5680 3433 5746 suggestionem
3451 5697 3545 5736 rao

1961 5770 2069 5815 tam
2093 5776 2213 5820 esse
2239 5761 2388 5820 vobis
2414 5762 2727 5833 advertant,
2755 5773 2811 5823 et
2850 5762 3094 5825 nostram
3124 5772 3363 5829 omnium
3405 5788 3540 5830 con-

322 5864 335 5880 '
384 5857 701 5929 Legendum
730 5860 943 5917 videtur
962 5863 1203 5934 imposita
1237 5885 1407 5940 plena,
1437 5870 1490 5927 in
1520 5870 1753 5931 ablativo
1781 5888 1928 5932 casu.
1958 5873 2111 5938 Ευιτ.

680 5954 969 6038 fusion.
1007 5959 1259 6023 LXVII.

3013 5979 3051 6037 7
3396 6021 3562 6062 Η-
