4104 6464
527 351 633 406 203

1795 349 2150 408 DIDNYSIUS
2186 346 2508 414 EXIGUUS.

3696 358 3805 418 20$

526 466 834 521 sensionem
859 463 1140 520 sinceritas
1180 478 1366 518 eorum
1423 461 1650 518 libenter
1707 457 1959 532 accipiat.
2021 466 2102 519 Ab
2143 461 2350 534 Alpalis
2378 458 2672 515 auctoritas
2701 459 3022 516 communiri
3050 459 3104 515 in
3153 459 3460 519 civitatibus
3505 475 3720 536 potest,
3750 467 3810 522 id

530 557 792 612 universis
841 555 1109 625 episcopis
1155 553 1356 609 dictum
1403 560 1488 607 est
1525 570 1536 604 :
1587 549 1843 607 Omnibus
1893 554 2108 622 placent

530 646 665 714 haec,
703 659 824 715 qua:
853 644 1088 713 iniuncta
1133 649 1260 696 sunt
1313 640 1633 711 peragenda,
1659 649 1715 696 et
1761 641 2106 710 prudentera

530 744 619 789 tua
650 736 937 790 sanetitate
965 741 1237 788 enarrata.

880 823 964 880 De
985 822 1195 894 Equitio
1216 823 1464 878 damnato
1492 824 1752 893 episcopo.

604 917 760 972 LXV.
805 917 1054 971 Aurelius
1101 915 1386 985 episcopus
1439 914 1575 968 dixit
1617 912 1864 982 :Equitii
1913 913 2111 978 etiam,

513 1009 659 1080 [olim
705 1007 902 1062 merito
926 1022 1026 1062 suo
1071 1005 1360 1076 episcopali
1396 1004 1661 1059 sententia
1707 1002 1966 1068 damnati,
1997 1019 2108 1058 non

531 1099 764 1153 arbitror
786 1095 1213 1166 praetereundam
1242 1110 1360 1151 esse
1381 1094 1662 1162 legationis
1687 1109 1907 1148 causam
1939 1111 1951 1145 :
1982 1099 2040 1146 ut
2062 1094 2112 1148 si

532 1189 671 1242 forte
699 1202 825 1242 eum
853 1187 909 1241 in
937 1185 1041 1242 illis
1065 1184 1302 1254 partibus
1341 1183 1624 1252 repererit,
1655 1182 1726 1238 sit
1765 1181 1940 1236 eidem
1966 1179 2118 1236 fratri

537 1289 725 1333 nostro
753 1291 895 1332 cura:
921 1291 1020 1346 pro
1048 1273 1302 1331 Ecclesize
1322 1281 1467 1329 statu
1487 1273 1631 1342 quod
1659 1271 2000 1342 oportuerit,
2029 1270 2114 1327 vel

537 1369 630 1422 ubi
683 1367 919 1432 licuerit,
949 1366 1205 1421 adversus
1256 1380 1379 1420 eum
1409 1377 1688 1434 peragere.
1731 1363 1811 1418 Ab
1855 1363 2119 1417 universis

539 1457 810 1528 episcopis
835 1457 1036 1511 dictum
1064 1461 1146 1510 est
1176 1472 1189 1508 :
1222 1453 1446 1508 Multum
1497 1454 1676 1524 placet
1720 1461 1775 1507 et
1805 1453 1905 1507 ista
1937 1467 2124 1522 prose-

544 1550 689 1605 cutio
717 1566 730 1601 :
762 1549 1000 1602 maxime
1027 1562 1149 1605 cum
1175 1547 1306 1602 olim
1351 1547 1638 1602 damnatus
1665 1545 1735 1598 sit
1771 1544 2038 1614 Equitius,
2070 1553 2128 1600 ct

541 1639 660 1709 ejus
687 1639 971 1711 impudens
992 1637 1306 1708 inquietudo
1328 1652 1429 1708 pro
1455 1645 1598 1692 statu
1639 1644 1694 1691 et
1721 1638 1895 1691 salute
1939 1634 2128 1690 Eccle-

545 1731 637 1785 sia:
665 1731 836 1800 magis
863 1731 1140 1800 magisque
1176 1729 1376 1797 ubique
1420 1727 1750 1798 repellenda.
1791 1726 1860 1780 Et
1889 1727 2126 1783 subscri-

543 1829 786 1891 pserunt.
812 1821 1063 1876 Aurelius
1090 1819 1374 1889 episcopus
1389 1817 1644 1874 Ecclesia:
1667 1816 2123 1885 Carthaginensis,

546 1910 672 1965 huic
695 1909 916 1965 decreto
941 1909 1211 1976 consensi,
1241 1917 1297 1962 et
1322 1907 1571 1976 praelecto
1616 1905 1907 1976 subscripsi
1935 1923 1946 1958 :
1978 1906 2128 1960 simi-

548 2003 671 2057 liter
694 2009 750 2056 et
777 1999 958 2056 caeteri
985 1999 1225 2068 episcopi
1255 1997 1701 2066 subscripserunt.

551 2093 619 2147 In
671 2094 768 2148 Itoc
822 2091 1058 2160 concilio,
1087 2091 1276 2145 littera:
1323 2089 1562 2160 leguntur
1598 2088 1867 2160 Anastasii
1897 2086 2122 2160 Romani

620 2161 916 2243 Pontiﬁcis,
941 2163 1004 2218 de
1030 2159 1323 2217 Donatistis
1353 2159 1633 2214 catholicos
1666 2159 1932 2230 episcopos
1953 2159 2129 2212 admo-

624 2243 815 2288 uentis.

621 2325 906 2380 Vincentio
943 2330 997 2378 et
1025 2322 1241 2377 Fravito
1280 2338 1366 2376 vv.
1409 2336 1493 2376 cc.
1519 2335 1695 2376 conss.
1745 2319 1862 2375 idus
1886 2316 2135 2388 Septem-

551 2417 680 2482 bris,
695 2415 1018 2483 Carthagine
1044 2415 1097 2468 in
1124 2412 1414 2468 secretario
1443 2410 1674 2464 basilicae
1703 2408 1986 2476 restitutm,
2010 2423 2134 2462 cum

550 2511 606 2564 in
634 2508 866 2564 concilio
890 2507 1200 2575 congregati
1223 2505 1276 2560 in
1302 2504 1544 2560 Ecclesia
1573 2501 1984 2572 Carthaginensi
2012 2518 2136 2557 con-

550 2599 879 2655 sedissemus
901 2613 968 2652 ex
989 2595 1254 2652 Africanis
1280 2596 1531 2652 omnibus
1558 2595 1850 2666 provinciis
1871 2594 2131 2664 episcOpi,

552 2691 606 2746 id
627 2697 710 2746 est
737 2689 985 2744 Aurelius
1012 2689 1252 2756 ejusdem
1278 2687 1425 2742 sedis
1449 2685 1735 2758 episcopus
1757 2702 1878 2741 cum
1917 2686 2138 2754 collegis

551 2783 855 2851 suis,quos
897 2795 1087 2836 eorum
1143 2778 1469 2847 subscriptio
1523 2775 2136 2832 manifestatzrecitatis

552 2872 796 2944 epistolis
835 2869 1131 2926 beatissimi
1183 2869 1364 2924 fratris
1411 2876 1467 2923 et
1515 2867 1918 2923 consacerdotis
1965 2869 2137 2924 nostri

554 2961 842 3026 Anastasii,
870 2959 1121 3014 Ecclesia:
1143 2957 1397 3013 Romana:
1425 2959 1683 3028 episc0pi,
1707 2959 1898 3028 quibus
1920 2976 2017 3015 nos
2041 2976 2138 3031 pa-

559 3061 726 3107 terna:
769 3059 823 3106 et
849 3050 1098 3112 fraternae
1145 3049 1423 3104 charitatis
1468 3049 1827 3104 sollicitudine
1861 3065 1925 3106 ac
1949 3051 2136 3106 since-

555 3146 717 3200 ritate
764 3143 1080 3198 adhortatus
1127 3150 1210 3197 est
1261 3149 1318 3195 ut
1342 3143 1409 3195 de
1454 3140 1827 3196 haereticorum
1857 3151 1913 3197 et
1962 3142 2136 3197 schis-

557 3236 874 3290 maticorum
897 3233 1298 3288 Donatistarum
1339 3231 1563 3298 insidiis,
1593 3241 1647 3286 et
1676 3232 2130 3301 improbitatibus,
2165 3203 2210 3266 Ο

553 3326 750 3396 quibus
809 3324 1113 3379 Africanam
1169 3321 1460 3378 Ecclesium
1517 3322 1835 3377 catholicam
1901 3324 2137 3390 graviter

553 3425 778 3483 vexant,
811 3416 960 3471 nullo
1007 3414 1170 3470 modo
1217 3413 1644 3479 dissimulemus;
1685 3414 1884 3482 gratias
1927 3415 2134 3481 agimus

556 3507 786 3562 Domino
815 3513 1024 3573 nostro,
1053 3504 1197 3576 quod
1227 3504 1322 3558 illi'
1343 3504 1550 3574 Optimo
1579 3520 1643 3559 ac
1672 3512 1862 3559 sancto
1904 3506 2133 3560 antistiti

552 3613 653 3654 suo
681 3603 790 3652 tam
819 3597 961 3668 piam
1001 3611 1184 3650 curam
1230 3610 1329 3665 pro
1357 3595 1614 3650 membris
1642 3594 1858 3662 Christi,
1891 3597 2137 3665 quamvis

491 3763 496 3766 _
552 3689 608 3743 in
633 3687 944 3743 diversitate
967 3697 1261 3755 terrarum,
1289 3688 1384 3742 sed
1415 3689 1468 3742 in
1497 3703 1601 3743 una
1650 3703 1907 3760 compage
1937 3682 2180 3760 corpo—‘

551 3779 626 3834 ris
654 3778 979 3846 constitutis,
1012 3779 1274 3849 inspirare
1303 3779 1554 3850 dignatus
1575 3792 1676 3836 est.

844 3870 911 3926 Ut
940 3889 1054 3926 cum
1098 3870 1388 3926 Donatistis
1441 3873 1602 3927 lenius
1642 3882 1849 3942 agatur.

623 3960 804 4018 LXVI.
838 3961 1040 4019 Deinde
1066 3965 1410 4034 pertractatis
1463 3976 1517 4018 et
1563 3964 1917 4020 consideratis
1964 3966 2140 4020 omnl-

551 4057 672 4123 bus,
699 4071 820 4126 qua:
843 4056 1057 4110 utilitati
1079 4055 1332 4111 Ecclesia:
1354 4058 1645 4112 convenire
1669 4058 2009 4122 videbantur,
2041 4076 2138 4114 an-

550 4159 752 4206 nuente
777 4145 941 4220 atque
967 4149 1292 4207 admonente
1347 4151 1536 4223 spiritu
1569 4151 1690 4222 Dei,
1737 4153 1982 4222 eligimus
2013 4170 2136 4209 cum

549 4243 861 4298 memoratis
885 4243 1214 4313 hominibus,
1241 4243 1486 4313 quamvis
1512 4244 1579 4300 de
1615 4244 1869 4302 dominici
1894 4248 2138 4317 corporis

551 4336 755 4391 unitate
783 4335 1023 4405 inquieta
1051 4335 1388 4393 dissensione
1432 4337 1690 4414 prmcisis,
1720 4338 1914 4394 leniter
1957 4349 2014 4394 et
2041 4355 2139 4410 pa-

551 4424 708 4481 cillce
737 4439 896 4494 agere
927 4443 942 4480 :
975 4435 1034 4481 ut
1058 4437 1317 4496 quantum
1343 4429 1397 4483 in
1427 4429 1585 4486 nobis
1613 4439 1715 4496 est,
1761 4430 2009 4486 omnibus
2040 4433 2134 4500 qui

550 4530 742 4572 eorum
770 4517 1150 4574 communione
1200 4527 1256 4574 et
1301 4519 1563 4576 societate
1609 4522 1804 4577 irretiti
1850 4530 1992 4589 sunt,
2036 4538 2134 4593 per

550 4611 829 4665 universas
856 4609 1164 4680 provincias
1212 4609 1492 4667 Africanas
1535 4613 1750 4683 penitus
1804 4613 2128 4681 innotescat,

547 4715 709 4770 quam
737 4700 1029 4756 miserabili
1074 4717 1260 4759 errore
1307 4701 1542 4760 devincti
1571 4713 1696 4760 sunt
1728 4723 1741 4759 :
1773 4721 1842 4760 ne
1872 4707 2030 4774 forte,
2062 4707 2136 4762 si-

545 4802 638 4850 cut
657 4793 790 4850 dicit
811 4795 1120 4865 Apostolus,
1143 4795 1374 4851 nobisin
1400 4797 1810 4853 mansuetudine
1833 4800 2134 4870 corripien-

545 4886 688 4942 tibus
741 4885 956 4942 diversa
1000 4887 1335 4954 sentientes,
1387 4886 1482 4943 det
1520 4887 1623 4944 illis
1670 4888 1811 4944 Deus
1865 4890 2132 4958 poeniten-

544 4979 673 5034 tiam
730 4978 800 5034 ad
853 4977 1285 5048 cognoscendam
1336 4979 1613 5033 veritatem
1640 5019 1656 5046 ,
1704 4987 1760 5033 et
1810 4979 2135 5048 resipiscant

542 5067 612 5123 de
649 5067 847 5125 diaboli
876 5069 1101 5137 laqueis,
1135 5067 1387 5137 captivati
1417 5068 1484 5122 ab
1505 5067 1622 5137 ipso
1648 5069 1702 5123 in
1732 5069 1897 5138 ipsius
1925 5071 2123 5125 volun-

545 5169 732 5216 tatem.

539 5250 624 5307 Ds
643 5253 829 5306 litteris
855 5251 1116 5324 mittendis
1137 5251 1417 5324 judicibus,
1448 5261 1502 5304 ut
1529 5268 1591 5306 ea
1641 5269 1756 5324 qua:
1783 5255 1915 5308 inter
1941 5253 2124 5310 Dona-

654 5324 799 5377 tistas
822 5332 871 5375 et
900 5322 954 5374 Μ
960 5323 1321 5376 aximianistas
1351 5331 1469 5375 acta
1496 5333 1635 5388 sunt,
1654 5322 2014 5379 innotescunt.

614 5409 816 5466 LXVII.
847 5412 1034 5483 Itaque
1060 5412 1296 5483 placuit,
1331 5421 1388 5466 ut
1433 5429 1503 5468 ex
1548 5415 1781 5469 concilio
1810 5425 1998 5471 nostro
2029 5416 2119 5470 lit-

545 5509 678 5556 teras
706 5502 964 5557 darentur
1007 5501 1075 5560 ad
1124 5504 1338 5572 judices
1386 5503 1685 5568 Africanos,
1719 5521 1749 5560 a
1778 5508 1970 5578 quibus
2018 5508 2123 5562 hoc

543 5591 654 5662 peti
680 5606 974 5662 congruum
1007 5594 1293 5662 videretur,
1318 5603 1377 5649 ut
1399 5595 1449 5649 in
1479 5596 1582 5651 hoc
1603 5596 1856 5665 adjuvent
1883 5613 2126 5653 commu-

544 5697 669 5738 nem
699 5692 928 5740 matrem
959 5681 1252 5740 Ecclesiam
1298 5686 1618 5742 catholicam
1638 5727 1653 5756 ,
1684 5687 1738 5741 in
1785 5701 1892 5756 quo
1920 5692 2134 5761 episco-

2216 559 2384 608 estut
2423 549 2709 618 judiciaria
2741 558 3012 620 potestate
3067 559 3229 621 atque
3278 553 3553 624 diligentia
3600 571 3670 612 ex
3698 557 3805 614 fide

2215 642 2540 709 Christiana,
2568 634 2696 710 quid
2725 649 2935 712 gestum
2966 643 3035 697 sit
3063 644 3115 697 in
3147 644 3398 700 omnibus
3423 647 3574 714 locis,
3602 649 3656 703 in
3683 649 3809 718 qui—

2217 735 2317 790 bus
2345 732 2752 787 Maximianista:
2800 733 3055 788 basilicas
3106 733 3476 802 obtinuerunt.
3505 740 3596 807 qui
3628 739 3695 794 ab
3724 741 3807 795 eis

2140 819 2142 821 ’
2217 824 2453 878 schisma
2493 821 2737 877 fecerunt
2765 822 3058 892 inquirant,
3084 831 3139 878 et
3164 825 3333 892 gestis
3356 827 3603 896 publicis,
3635 844 3800 899 prope

2219 923 2302 969 ter
2353 914 2562 968 firmam
2607 915 2853 970 notitiam
2885 913 3134 971 omnibus
3179 921 3559 987 necessariam,
3606 923 3810 978 faciant

2219 1003 2500 1059 inhaerere.

2331 1093 2398 1148 Ut
2427 1094 2597 1147 clerici
2638 1091 3034 1150 Donatistarum
3061 1095 3116 1151 in
3159 1094 3395 1153 Ecclesia
3437 1100 3698 1153 catholica

2699 1165 3044 1234 suscipiantur
3072 1167 3126 1220 in
3157 1169 3314 1223 clero.

2294 1251 2520 1308 LXVIII.
2553 1253 2756 1308 Deinde
2807 1255 3026 1326 placuit,
3067 1265 3126 1310 ut
3171 1258 3366 1312 littera:
3418 1259 3698 1314 mittantur
3742 1259 3811 1312 ad

2223 1344 2418 1400 fratres
2445 1353 2500 1400 et
2533 1347 2890 1417 coepiscopos
2937 1357 3151 1402 nostros
3179 1357 3234 1403 et
3259 1350 3490 1404 maxime
3521 1352 3586 1404 ad
3623 1351 3812 1405 sedem

2226 1436 2595 1505 apostolicam,
2638 1437 2690 1491 in
2721 1455 2823 1510 qua
2854 1440 3104 1510 praesidet
3132 1451 3462 1497 memoratus
3489 1443 3814 1498 venerabilis

2227 1525 2393 1581 frater
2433 1535 2487 1582 et
2515 1527 2722 1597 collega
2753 1537 2944 1584 noster
2971 1529 3307 1598 Anastasius,
3336 1547 3444 1600 quo
3469 1533 3679 1588 noverit
3711 1535 3814 1588 ha-

2228 1617 2356 1672 bere
2381 1617 2613 1673 Africam
2644 1633 2892 1689 magnam
2940 1623 3351 1690 necessitatem,
3375 1634 3592 1695 propter
3621 1623 3815 1680 Eccle‘

2229 1710 2321 1764 sia:
2343 1725 2552 1780 pacem,
2583 1720 2637 1764 et
2667 1712 2953 1767 utilitatem
2981 1731 2992 1766 :
3026 1720 3086 1767 ut
3113 1729 3181 1768 ex
3222 1713 3350 1784 ipsis
3370 1713 3664 1769 Donatistis
3692 1716 3816 1784 qui-

2231 1814 2444 1869 cunque
2473 1799 2655 1854 clerici
2686 1811 2932 1856 correcto
2972 1802 3198 1857 consilio
3227 1805 3292 1857 ad
3334 1804 3656 1858 catholicam
3692 1806 3818 1858 uni-

2233 1895 2400 1942 tatem
2451 1889 2680 1944 transire
2734 1890 3022 1957 voluerint,
3048 1891 3345 1946 secundum
3393 1892 3818 1962 uniuscujusque

2233 1979 2474 2049 episcopi
2522 1979 2778 2035 catholici
2816 1981 3151 2036 voluntatem
3193 1990 3354 2053 atque
3383 1983 3689 2050 consilium,
3720 1989 3818 2053 qui

2235 2070 2288 2122 in
2320 2069 2507 2124 eodem
2531 2069 2655 2125 loco
2683 2071 2943 2140 gubernat
2965 2070 3287 2137 Ecclesiam,
3308 2073 3351 2127 si
3382 2073 3486 2128 hoc
3518 2074 3637 2144 paci
3659 2074 3820 2128 Chri-

2231 2163 2424 2219 stiana:
2452 2161 2710 2231 prodesse
2740 2162 2913 2215 visum
2937 2161 3117 2228 fuerit,
3151 2164 3203 2218 in
3235 2164 3344 2220 suis
3366 2163 3662 2219 honoribus
3697 2181 3820 2219 sus-

2237 2253 2526 2320 cipiantur,
2557 2250 2697 2306 sicut
2736 2251 3004 2321 prioribus
3033 2252 3273 2321 ejusdem
3298 2254 3574 2310 divisionis
3603 2265 3809 2325 tempo-

2235 2346 2384 2400 ribus
2413 2345 2614 2400 factum
2656 2361 2777 2400 esse
2807 2343 3149 2400 manifestum
3173 2354 3273 2400 est.
3322 2346 3474 2412 Quod
3501 2346 3815 2408 multarum,

2237 2445 2292 2491 et
2331 2451 2469 2505 pene
2520 2436 2759 2489 omnium
2806 2434 3176 2490 Africanarum
3207 2433 3590 2500 Ecclesiarum,
3619 2436 3820 2506 quibus

2239 2525 2360 2580 talis
2398 2540 2550 2580 error
2597 2533 2818 2579 exortus
2847 2534 2949 2591 est,
2981 2525 3226 2595 exempla
3275 2534 3540 2580 testantur
3573 2545 3585 2579 :
3618 2542 3724 2581 non
3758 2537 3820 2582 ut

2238 2615 2548 2682 concilium,
2580 2615 2725 2683 quod
2754 2617 2808 2669 in
2838 2616 3210 2671 transmarinis
3247 2617 3486 2686 partibus
3532 2617 3598 2670 de
3627 2617 3728 2670 hac
3757 2633 3821 2672 re

2239 2707 2438 2762 factum
2469 2715 2569 2774 est,
2603 2705 2943 2772 dissolvatur,
2980 2706 3075 2762 sed
3133 2714 3191 2760 ut
3247 2706 3373 2760 illud
3403 2715 3618 2760 maneat
3669 2706 3820 2760 circa

2239 2813 2354 2863 eos,
2377 2797 2468 2867 qui
2499 2797 2576 2852 sic
2614 2795 2843 2851 transire
2884 2797 2951 2850 ad
2982 2796 3304 2851 catholicam
3337 2795 3553 2859 volunt,
3584 2806 3641 2849 ut
3670 2796 3820 2850 nulla

2239 2905 2337 2962 per
2361 2905 2456 2945 eos
2494 2890 2712 2944 unitatis
2763 2887 3135 2959 compensatio
3181 2897 3516 2958 procuretur.
3551 2885 3654 2942 Per
3681 2902 3821 2956 quos

2243 2991 2423 3036 autem
2455 2980 2540 3035 vel
2569 2968 2715 3035 omni
2743 2978 2904 3034 modo
2947 2977 3155 3048 perfici,
3187 2977 3272 3031 vel
3318 2975 3557 3045 adjuvari
3586 2976 3820 3031 manife-

2243 3075 2340 3129 stis
2365 3073 2722 3128 fraternarum
2753 3053 3053 3125 animarum
3079 3069 3243 3124 lucris
3272 3069 3533 3124 catholica
3555 3070 3731 3123 unitas
3763 3069 3822 3123 in

2243 3167 2376 3238 locis
2423 3167 2474 3220 in
2520 3165 2712 3235 quibus
2761 3164 2982 3232 degunt,
3015 3163 3126 3216 visa
3175 3160 3354 3224 fuerit,
3412 3176 3518 3215 non
3568 3161 3644 3214 eis
3675 3161 3823 3214 obsit

2239 3257 2384 3327 quod
2416 3264 2604 3310 contra
2633 3256 2869 3309 honores
2898 3268 3107 3318 eorum,
3139 3253 3382 3320 quamvis
3405 3251 3547 3305 salus
3577 3251 3707 3304 nulli
3731 3251 3821 3304 ina

2241 3347 2472 3401 terciusa
2501 3347 2592 3411 sit,
2615 3345 2666 3398 in
2692 3343 3047 3398 transmarino
3074 3342 3304 3397 concilio
3338 3350 3593 3396 statutum
3622 3350 3732 3408 est;
3765 3341 3823 3395 id

2237 3449 2320 3496 est
2352 3450 2410 3494 ut
2455 3439 2684 3494 ordinati
2723 3438 2774 3492 in
2823 3445 2976 3507 parte
3024 3435 3244 3500 Donati,
3289 3434 3333 3488 si
3381 3433 3447 3487 ad
3495 3433 3820 3487 catholicam

2237 3529 2465 3585 correcti
2515 3527 2741 3583 transire
2784 3527 3070 3592 voluerint,
3105 3540 3209 3578 non
3254 3524 3607 3593 suscipiantur
3634 3524 3686 3577 in
3718 3525 3822 3577 ho-

2237 3620 2460 3675 noribus
2481 3621 2593 3674 suis
2613 3618 2906 3674 secundum
2933 3618 3342 3671 transmarinum
3369 3617 3653 3670 concilium
3681 3635 3692 3668 :
3720 3617 3818 3672 sed

2237 3710 2480 3780 exceptis
2501 3710 2603 3773 his,
2626 3725 2722 3779 per
2749 3724 2883 3777 quos
2922 3708 3200 3762 catholica:
3223 3706 3412 3761 unilati
3441 3707 3759 3761 consulitur.

2241 3799 2310 3854 Ut
2360 3801 2547 3870 legatio
2593 3798 2662 3851 ad
2708 3797 3012 3920 Danaus-tas
3050 3798 3416 3866 componenda:
3459 3799 3602 3867 pacis
3641 3799 3818 3868 gratia

2923 3878 3160 3920 armatur.

2923 3883 3160 3938 trtgatur.

2309 3960 2491 4016 LXIX.
2523 3960 2725 4016 Deinde
2753 3959 2972 4030 placuit,
2997 3968 3057 4013 ut
3085 3959 3166 4014 his
3192 3960 3424 4026 peractis
3451 3960 3610 4028 legati
3639 3962 3819 4014 etiam

2235 4052 2585 4123 pmdicandae
2600 4051 2747 4121 pacis
2777 4060 2938 4120 atque
2956 4049 3174 4105 unitatis
3186 4052 3224 4114 ',
3238 4051 3353 4104 sine
3372 4066 3477 4120 qua
3493 4050 3639 4105 salus
3661 4050 3820 4106 Chri-

2235 4145 2408 4200 stiana
2434 4158 2540 4197 non
2569 4149 2748 4212 potest
2774 4140 3026 4208 obtineri,
3053 4155 3083 4194 e
3113 4155 3336 4194 numero
3359 4148 3546 4194 nostro
3570 4139 3638 4193 ad
3669 4140 3808 4210 ipso-

2235 4248 2355 4289 rum
2383 4233 2800 4295 Donatistarum,
2830 4231 2944 4287 sive
2995 4245 3133 4301 quos
3157 4230 3357 4284 habent
3380 4230 3682 4300 episcopos,
3703 4231 3820 4287 sive

2236 4325 2304 4379 ad
2349 4324 2535 4394 plebes
2575 4323 2877 4389 mittantur,
2910 4336 3007 4390 per
3033 4335 3168 4390 quos
3197 4321 3445 4375 omnibus
3489 4321 3543 4374 in
3569 4322 3818 4376 notitiam

2235 4414 2557 4486 perferatur,
2588 4428 2750 4484 quam
2800 4413 2935 4468 nihil
2963 4413 3194 4467 habeant
3243 4411 3388 4482 quod
3426 4411 3684 4466 adversus
3712 4411 3816 4468 Ec-

2239 4508 2456 4563 clesiam
2493 4507 2812 4561 catholicam
2835 4506 2980 4574 juste
3008 4505 3212 4575 possint
3241 4505 3448 4560 dicere:
3474 4506 3726 4571 maxime,
3760 4514 3821 4562 ut

2240 4598 2582 4654 manifestum
2610 4596 2704 4650 fiat
2731 4597 2995 4662 omnibus,
3028 4611 3124 4666 per
3149 4605 3299 4666 gesta
3321 4596 3482 4652 etiam
3512 4599 3815 4669 municipa-

2235 4691 2328 4754 lia,
2357 4699 2580 4760 propter
2603 4688 3046 4744 documentorum
3077 4685 3408 4756 ﬁrmitatem,
3440 4688 3570 4759 quid
3615 4689 3716 4758 ipsi
3748 4689 3816 4744 de

2238 4779 2641 4836 Maximianistis
2675 4778 3028 4834 schismaticis
3056 4777 3167 4834 suis
3194 4779 3437 4846 egerint:
3461 4777 3552 4832 ubi
3581 4779 3660 4834 eis
3682 4778 3818 4833 divi-

2239 4873 2385 4927 nitus
2424 4871 2846 4936 demonstratur,
2877 4871 2923 4926 si
2968 4869 3245 4924 attendere
3272 4869 3459 4935 velint,
3493 4877 3604 4924 tam
3633 4869 3816 4941 inique

2240 4973 2366 5020 tunc
2395 4963 2518 5019 illos
2538 4963 2604 5018 ab
2631 4961 2881 5018 Ecclesim
2908 4962 3110 5017 unitate
3135 4962 3409 5031 praecisos,
3441 4976 3602 5031 quam
3631 4962 3816 5032 inique

2238 5071 2378 5110 nunc
2403 5054 2638 5110 clamant
2664 5069 2694 5106 a
2721 5069 2778 5107 se
2809 5052 3226 5106 Maximianistas
3255 5052 3485 5106 schisma
3517 5052 3726 5119 fecisse,
3745 5066 3815 5108 ex

2236 5161 2464 5216 quorum
2495 5154 2672 5199 tamen
2697 5159 2920 5198 numero
2947 5159 3082 5213 quos
3107 5142 3216 5212 jam
3248 5142 3473 5212 plenarii
3493 5143 3702 5198 concilii
3731 5147 3815 5200 sui

2240 5238 2559 5293 auctoritate
2578 5236 2986 5302 damnaverant,
3010 5236 3061 5289 in
3087 5235 3196 5290 suis
3217 5229 3510 5289 honoribus
3531 5233 3706 5291 denuo
3737 5252 3818 5291 re-

2233 5337 2510 5398 ceperunt,
2542 5327 2866 5396 baptismum
2913 5341 3071 5397 quem
3125 5326 3361 5380 damnati
3392 5335 3447 5381 et
3485 5327 3685 5382 exclusi
3715 5327 3815 5383 de-

2233 5421 2445 5488 derant,
2469 5428 2884 5490 acceptaverunt
2907 5439 2919 5473 :
2949 5428 3005 5473 ut
3025 5419 3254 5484 videant,
3281 5435 3442 5488 quam
3465 5421 3629 5475 stulto
3653 5419 3818 5473 corde

2232 5514 2486 5568 resistant
2515 5513 2634 5583 paci
2663 5513 2914 5568 Ecclesire
2961 5521 3072 5567 toto
3102 5513 3233 5567 orbe
3267 5511 3469 5567 diffusae
3493 5552 3507 5577 ,
3557 5528 3678 5567 cum
3709 5513 3815 5566 ista

2233 5603 2426 5659 faciant
2478 5621 2575 5675 pro
2618 5615 2771 5675 parte
2816 5605 3028 5670 Donati,
3079 5619 3254 5672 neque
3311 5619 3371 5659 se
3401 5607 3643 5668 istorum,
3675 5616 3815 5672 quos

2232 5694 2306 5749 ita
2335 5704 2673 5766 receperunt,
2707 5697 3106 5764 communione,
3141 5704 3362 5767 propter
3416 5695 3668 5750 intuitum
3719 5711 3816 5765 pa-

620 5824 640 5846 ‘
675 5820 988 5878 Addendum
1019 5821 1226 5877 videtur
1249 5825 1420 5892 gratia
1447 5821 1534 5878 vel
1562 5836 1739 5888 causa,
1773 5820 1826 5876 iu
1857 5821 2090 5880 ablativo
2119 5838 2269 5882 casu.
2303 5821 2460 5882 Ent'r.
