4104 6478
216 1823 254 1874 ί

331 387 440 443 Ξίῒὸ

1314 391 1540 447 CODEX
1576 393 1902 451 CANONUM
1941 395 2638 457 ECCLESIAS'I'ICORUM.

3502 418 3607 470 Ξίὶῦ

329 502 428 564 eis,
471 484 826 556 contaminari
886 501 1083 570 dicant,
1133 512 1188 557 et
1214 519 1312 558 nos
1341 505 1718 572 condemnem,
1747 507 1799 560 id
1826 515 1914 562 est
1943 518 1996 576 Α
2021 512 2187 569 versis
2215 515 2481 584 episcOpis
2510 517 2595 570 vel
2623 517 2767 580 dum,
2795 519 2879 574 vel
2909 530 3018 576 tres
3044 531 3233 578 turmae
3264 522 3412 592 ﬁant,
3447 543 3511 581 ac
3541 532 3609 581 de

329 590 626 647 Ecclesiam
671 593 1017 661 catholicam,
1063 596 1227 650 etiam
1286 596 1622 653 iii-extremis
1649 608 1912 656 terrarum

327 681 572 749 partibus
601 683 972 750 constitutam,
1032 700 1129 754 per
1153 701 1339 740 eorum
1369 687 1799 744 communionem
1819 691 1913 746 in-

325 771 624 840 quinatam,
654 788 792 842 quos
841 785 968 830 tunc
1021 787 1336 832 accusantes
1377 779 1697 836 convincere
1725 784 1914 852 nequi-

325 876 412 917 ve:
429 870 544 919 unt.

509 950 609 1018 Qui
635 954 808 1008 clerici
836 954 901 1008 ab
927 955 1173 1010 uxoribus
1195 956 1413 1010 debeant
1451 958 1730 1013 abstinere.

397 1040 554 1096 LXX.
585 1041 880 1109 Prmterea,
931 1061 1054 1100 cum
1099 1045 1166 1100 de
1193 1048 1544 1116 quorumdam
1572 1050 1915 1116 clericorum,

324 1131 572 1199 quamvis
602 1146 729 1201 erga
760 1148 956 1188 uxores
976 1136 1243 1204 proprias,
1270 1136 1654 1192 incontinentia
1683 1138 1914 1195 referre-

325 1229 415 1274 tur
449 1238 461 1272 :
510 1221 730 1290 placuit,
759 1222 1064 1293 episcopos,
1095 1231 1148 1279 et
1190 1225 1553 1296 presbyteros,
1578 1234 1633 1281 et
1654 1227 1916 1284 diaconos

324 1311 624 1366 secundum
663 1312 844 1382 priora
891 1322 1093 1369 statuta
1123 1315 1286 1369 etiam
1333 1317 1402 1371 ab
1451 1317 1706 1373 uxoribus
1735 1320 1916 1374 conti-

325 1417 498 1468 nere;
529 1403 672 1474 quod
704 1404 808 1458 nisi
834 1403 1079 1472 fecerint,
1110 1407 1176 1462 ab
1196 1408 1564 1464 ecclesiastico
1594 1425 1914 1467 removean-

325 1498 416 1546 tur
443 1491 643 1547 oﬂicio.
670 1492 908 1550 Caeteros
928 1505 1112 1552 autem
1157 1499 1384 1554 clericos
1410 1500 1477 1554 ad
1501 1502 1606 1556 hoc
1632 1517 1740 1557 non
1771 1505 1910 1574 cogi,

323 1584 420 1640 sed
442 1585 740 1645 secundum
764 1590 1179 1662 uniuscujusque
1194 1592 1449 1650 Ecclesia:
1470 1599 1912 1654 consuetudinem

197 1675 602 1768 \observari
629 1677 846 1732 debere.

253 1767 333 1822 /
540 1765 617 1819 De
637 1767 716 1820 his
742 1769 828 1822 aui

540 1765 617 1819 De
637 1767 716 1820 his
742 1769 828 1840 qui
852 1770 1024 1839 plebes
1051 1776 1288 1844 proprias
1319 1775 1696 1848 derelinquunt.

392 1853 576 1909 LXXI.
611 1855 844 1912 Rursum
891 1861 1133 1939 placuit,
1185 1873 1244 1918 ut
1297 1866 1497 1920 nemini
1547 1868 1618 1922 sit
1665 1868 1907 1936 facultas,
1946 1886 1992 1944 Β

325 1949 513 2003 relicta
545 1951 825 2022 principali
855 1953 1137 2020 cathedra,
1165 1956 1231 2010 ad
1263 1957 1498 2026 aliquam
1528 1957 1827 2015 Ecclesiam
1854 1963 1908 2016 in

323 2037 546 2094 dioecesi
601 2041 951 2097 constitutam
994 2059 1053 2098 se
1081 2044 1349 2111 conferre,
1380 2047 1462 2100 vel
1488 2049 1541 2102 in
1582 2063 1643 2104 re
1691 2051 1911 2120 pr0pria

320 2131 540 2198 diutius,
565 2149 725 2203 quam
771 2145 1006 2204 oportet,
1040 2137 1416 2203 constitutum,
1460 2155 1664 2204 curam,
1685 2143 1770 2198 vel
1801 2142 1909 2197 fre-

319 2224 732 2292 quentatiouem
762 2227 995 2296 propria:
1022 2229 1290 2284 cathedra:
1314 2229 1604 2299 negligere.

381 2329 462 2390 De
488 2333 776 2404 infantibus
796 2335 1144 2412 baptizandis,
1177 2341 1374 2412 quoties
1403 2340 1666 2396 dubitatur
1692 2353 1864 2398 utrum

872 2410 1068 2478 fuerint
1096 2408 1372 2479 bap'tizati.

389 2490 597 2547 LXXII.
628 2493 760 2550 Item
787 2497 989 2566 placuit
1007 2497 1075 2554 de
1103 2499 1414 2568 infantibus,
1443 2503 1654 2572 quoties
1677 2519 1786 2558 non
1825 2504 1910 2558 in-

313 2583 612 2639 veniuntur
655 2589 942 2644 certissimi
992 2599 1158 2647 testes
1188 2594 1279 2664 qui
1323 2608 1418 2650 eos
1461 2595 1765 2664 baptizatos
1791 2612 1912 2653 esse

311 2675 436 2730 sine
464 2676 801 2734 dubitatione
833 2688 1120 2748 testentur,
1153 2698 1327 2753 neque
1355 2685 1456 2755 ipsi
1486 2695 1612 2740 sunt
1658 2703 1755 2757 per
1781 2697 1912 2742 aeta-

311 2775 427 2822 tem
460 2765 529 2822 de
559 2770 766 2824 traditis
793 2771 896 2826 sibi
924 2774 1273 2829 sacramentis
1324 2774 1505 2830 idonei
1555 2778 1906 2847 respondere,

310 2859 525 2931 absque
571 2861 680 2916 ullo
707 2863 962 2934 scrupulo
1007 2878 1102 2919 eos
1130 2880 1252 2921 esse
1301 2865 1677 2938 baptizandos,
1709 2883 1778 2922 ue
1805 2869 1908 2923 ista

311 2952 604 3022 trepidatio
635 2968 730 3008 eos
760 2953 923 3010 faciat
949 2967 1412 3012 sacramentorum
1453 2960 1771 3028 purgatione
1799 2960 1910 3031 pri-

308 3049 453 3103 vari.
497 3047 634 3104 Hine
675 3051 818 3105 enim
871 3051 1034 3119 legati
1077 3052 1418 3119 Maurorum,
1469 3052 1668 3108 fratres
1716 3054 1906 3120 nostri,

308 3141 754 3210 consuluerunt,
791 3142 920 3212 quia
971 3142 1172 3199 multos
1216 3144 1350 3199 tales
1398 3158 1429 3198 a
1473 3144 1717 3200 barbaris
1767 3143 1910 3199 redi-

309 3242 494 3290 munt.

530 3322 684 3379 Diem
707 3323 946 3393 Paschaz,
978 3327 1061 3380 die
1089 3328 1296 3382 concilii
1324 3328 1685 3384 nuntiandum.

387 3412 614 3469 LXXIII.
645 3413 781 3470 Item
834 3417 1054 3486 placuit,
1087 3426 1144 3470 ut
1193 3417 1307 3473 dies
1335 3419 1656 3473 venerabilis
1685 3418 1905 3474 Pascha:

308 3505 668 3562 formatarum
713 3509 1106 3580 subscriptione
1135 3509 1385 3564 omnibus
1436 3509 1732 3578 intimetur,
1791 3511 1906 3567 dies

311 3613 446 3653 vero
461 3599 678 3654 concilii
703 3600 844 3655 idem
866 3609 1128 3667 servetur,
1155 3602 1247 3673 qui
1272 3601 1325 3655 in
1348 3599 1682 3672 Hipponensi
1713 3604 1902 3658 conci-

310 3687 388 3744 lio
411 3690 734 3746 constitutus
761 3699 859 3757 est,
894 3691 946 3745 id
974 3699 1057 3746 est
1085 3707 1118 3745 x
1147 3691 1252 3746 cal.
1285 3691 1635 3762 Septembris.
1667 3690 1732 3746 Et
1765 3694 1900 3748 scri-

207 3801 210 3804 ’
308 3779 549 3835 bendum
603 3781 671 3836 ad
717 3782 1048 3852 singularum
1103 3797 1440 3855 quarumque
1497 3783 1900 3854 provinciarum

307 3870 592 3941 primates,
622 3881 682 3927 ut
708 3873 923 3942 quando
964 3872 1106 3943 apud
1135 3888 1194 3929 se
1222 3874 1510 3931 concilium
1540 3883 1894 3944 congregant,

307 3961 474 4019 iatum
494 3963 637 4017 diem
666 3979 776 4018 non
804 3964 1120 4034 impediant.

307 4049 400 4107 Ne
425 4055 742 4111 interventor
761 4057 1027 4127 episcopus
1064 4055 1365 4179 ca‘tihedram
1399 4058 1438 4124 ',
1468 4058 1553 4110 ubi
1583 4058 1898 4112 interventor

933 4137 1032 4179 est.
1062 4142 1115 4179 se
1153 4136 1255 4179 eat.

933 4137 1032 4194 est,
1062 4137 1255 4180 sedeat.

383 4210 617 4269 LXXIV.
642 4213 776 4270 Item
808 4215 1156 4272 constitutum
1183 4223 1288 4283 est,
1318 4223 1380 4270 ut
1405 4215 1536 4271 nulli
1559 4216 1900 4274 intercessori

306 4303 516 4359 licitum
543 4306 612 4361 sit
631 4306 942 4362 cathedram
989 4309 1076 4363 cui
1108 4308 1437 4362 intercessor
1463 4307 1623 4363 datus
1649 4317 1750 4372 est,
1781 4309 1900 4378 qui-

303 4394 546 4451 buslibet
565 4397 888 4467 populorum
910 4397 1100 4454 studiis
1146 4397 1234 4452 vel
1261 4397 1615 4453 seditionibus
1633 4399 1894 4454 retinere:

302 4486 405 4540 sed
424 4485 559 4543 dare
584 4503 828 4559 operam,
861 4497 921 4544 ut
945 4489 1087 4545 intra
1128 4505 1329 4544 annum
1359 4489 1562 4545 eisdem
1583 4491 1898 4562 episcopum

302 4578 594 4648 provideat
619 4599 635 4633 :
663 4587 810 4650 quod
834 4581 880 4638 si
909 4580 1242 4650 neglexerit,
1274 4594 1418 4636 almo
1441 4589 1694 4651 exempto
1723 4580 1896 4637 inter-

307 4678 504 4723 venior
522 4669 660 4725 alius
687 4668 974 4725 tribuatur.

302 4757 388 4814 De
413 4757 778 4830 defensoribus
804 4747 1157 4817 Ecclesiarum
1182 4759 1247 4814 ab
1267 4761 1579 4830 imperatore
1605 4759 1896 4829 pascendis.

372 4845 584 4903 LXXV.
618 4849 701 4906 Ab
744 4849 1163 4922 imperatoribus
1192 4891 1210 4918 ,
1265 4850 1530 4907 universis
1571 4853 1744 4906 visum
1789 4859 1895 4919 est,

298 4940 687 5010 postulandum
706 4951 929 5016 propter
953 4941 1303 5000 afﬂictionem
1329 4959 1646 5015 pauperum,
1666 4958 1894 5014 quorum

295 5029 564 5088 molestiis
584 5033 704 5089 sine
725 5034 1127 5090 intermissione
1147 5035 1404 5109 fatigatur
1431 5035 1695 5102 Ecclesia,
1725 5046 1786 5090 ut
1810 5036 1900 5091 de-

291 5121 547 5177 fensores
567 5122 651 5179 eis
678 5123 934 5180 adversus
978 5126 1252 5196 potentias
1279 5125 1504 5182 divitum
1534 5140 1656 5183 cum
1683 5127 1894 5197 episco~

289 5224 494 5280 porum
519 5213 830 5284 provisione
858 5213 1194 5284 delegentur.

448 5299 528 5354 De
550 5303 827 5373 episcopis,
854 5305 942 5378 qui
973 5305 1041 5358 ad
1069 5306 1288 5362 concilia
1317 5323 1422 5374 non
1447 5315 1744 5362 occurrunt.

367 5388 610 5446 LXXVI.
640 5391 776 5449 Item
804 5395 1022 5465 placuit,
1057 5404 1119 5451 ut
1145 5397 1571 5467 quotiescunque
1597 5396 1889 5452 concilium

287 5485 738 5552 congregaudum
765 5495 868 5554 est,
891 5488 1133 5559 episcopi
1161 5488 1252 5557 qui
1305 5503 1478 5559 neque
1498 5497 1680 5554 :etate,
1715 5503 1892 5557 neque

283 5574 646 5643 aegritudine,
677 5591 855 5646 neque
893 5578 1069 5647 aliqua
1085 5577 1333 5656 graviori
1363 5577 1686 5632 necessitate
1716 5577 1886 5646 impe-

282 5666 534 5731 diuntur,
566 5675 938 5739 competenter
986 5677 1292 5734 occurrant,
1321 5677 1377 5722 et
1416 5666 1733 5736 primatibus
1762 5680 1885 5721 sua-

285 5770 412 5812 rum
452 5770 791 5826 quarumque
817 5757 1214 5828 provinciarum
1243 5757 1536 5824 intimetur,
1569 5767 1628 5812 ut
1657 5756 1724 5813 de
1753 5755 1870 5812 uui-

366 5887 386 5907 ⁶
427 5883 592 5943 Forte
619 5886 904 5956 legendum
931 5889 986 5944 in
1017 5889 1279 5944 cathedra.
1313 5887 1466 5945 Ευιτ.

2024 600 2243 670 singulis
2285 606 2472 660 turmis
2512 606 2771 676 vicissim,
2803 619 3071 682 quotquot
3117 614 3271 669 electi
3299 615 3515 683 fuerint,
3539 620 3606 672 ad

2023 689 2166 744 diem
2209 693 2421 747 concilii
2460 693 2844 754 instantissime
2875 713 3180 757 occurrant.
3209 705 3363 772 Quod
3410 707 3455 762 si
3495 723 3606 762 non

2022 784 2296 851 potuerint
2319 800 2624 851 occurrere,
2658 792 3034 849 excusationes
3054 811 3180 850 suas
3208 798 3259 850 in
3292 807 3606 857 tractatorla

2023 874 2382 940 conscrihant,
2411 878 2496 932 vel
2553 879 2596 933 si
2645 890 2768 950 post
2794 882 3082 939 adventum
3143 891 3466 944 tractatoria:
3510 893 3609 947 ali—

2616 1314 2696 1369 De
2725 1316 3016 1374 Cresconio.

2089 1395 2338 1454 LXXVII.
2369 1401 2444 1456 De
2473 1403 2762 1462 Cresconio
2794 1408 3190 1481 Villa-Regcnsi
3220 1415 3323 1470 hoc
3352 1419 3601 1473 omnibus

2017 1484 2190 1540 visum
2219 1499 2318 1555 est,
2355 1499 2412 1544 ut
2440 1492 2565 1548 hinc
2597 1509 2814 1565 quoque
2841 1498 3055 1567 primati
3095 1501 3356 1560 Numidia:
3384 1506 3602 1563 intime-

2019 1585 2122 1644 tur,
2154 1593 2262 1648 quo
2310 1595 2602 1651 cognoscat
2629 1599 2983 1645 memoratum
3013 1591 3360 1650 Cresconium
3388 1599 3604 1668 scriptis

2018 1671 2128 1726 suis
2157 1676 2582 1731 conveniendum
2607 1694 2747 1748 esse,
2780 1691 2838 1735 ut
2865 1685 3113 1752 proximo
3144 1687 3432 1743 lmiversali
3462 1688 3603 1744 Afri-

2018 1778 2154 1818 cano
2178 1767 2412 1822 concilio
2441 1785 2592 1824 suam
2613 1774 2955 1840 prtesentiam
2984 1792 3094 1831 non
3116 1777 3331 1833 differat
3380 1782 3604 1838 exhibe—

2017 1867 2114 1907 re:
2157 1855 2301 1924 quod
2349 1857 2395 1910 si
2441 1860 2625 1914 venire
2672 1865 3078 1934 contempserit,
3126 1867 3178 1920 in
3205 1881 3264 1923 se
3309 1881 3605 1939 cognoscat

2017 1950 2339 2004 sententiam
2365 1953 2830 2022 promulgandam.

2227 2040 2308 2094 De
2328 2041 2563 2098 Ecclesia
2591 2045 3006 2117 Hipponensium
3030 2050 3380 2110 Diaretorum.

2087 2127 2364 2186 LXXVIII.
2406 2132 2638 2190 Rursum
2683 2138 2908 2208 placuit,
2935 2149 2993 2194 ut
3014 2143 3266 2211 quoniam
3289 2145 3604 2218 Hipponen-

2015 2225 2151 2280 sium
2181 2225 2518 2283 Diaretorum
2566 2229 2820 2288 Ecclesia:
2848 2234 3125 2292 destitutio
3157 2253 3262 2293 non
3291 2248 3376 2294 est
3402 2241 3600 2297 diutius

2016 2318 2349 2387 negligenda,
2408 2329 2462 2375 et
2490 2320 2744 2378 Ecclesia:
2785 2326 2858 2380 ibi
2907 2327 2976 2380 ab
3005 2327 3088 2384 bis
3139 2330 3456 2398 retinentur,
3506 2333 3606 2405 qui

2014 2406 2212 2477 Equitii
2266 2408 2624 2467 faciuorosam
2674 2416 3109 2471 communionem
3156 2417 3582 2493 declinaverunt,

2015 2499 2189 2556 missis
2216 2515 2280 2554 ex
2313 2503 2560 2571 praesenti
2617 2506 2848 2560 concilio
2877 2507 3164 2578 episcopis,
3215 2508 3442 2581 Regino,
3471 2512 3602 2586 Aly-

2013 2590 2126 2658 pio,
2152 2590 2467 2660 Augustino,
2499 2592 2763 2658 Matcrno,
2793 2595 3042 2664 Theasio,
3067 2597 3287 2666 Evodio,
3319 2599 3598 2671 Placiano,

2016 2678 2255 2746 Urbano,
2320 2682 2555 2750 Valerio,
2612 2685 2879 2752 Ambivio,
2927 2687 3244 2752 Fortunato,
3293 2688 3598 2757 Quodvult-

2013 2772 2136 2834 deo,
2170 2773 2467 2841 Honorato,
2502 2775 2776 2844 Januario,
2805 2777 2965 2848 Apto,
2991 2775 3288 2849 Honorato,
3321 2781 3596 2854 Ampelio,

2014 2863 2345 2931 Victoriano,
2392 2863 2695 2936 Evangelo,
2725 2875 2782 2923 et
2819 2867 3162 2938 Rogatiano;
3217 2875 3496 2930 conventis
3541 2886 3598 2932 et

2012 2956 2272 3011 correctis
2299 2957 2400 3022 his,
2425 2957 2516 3026 qui
2544 2959 2799 3028 culpabili
2827 2960 3122 3030 pertinacia
3149 2961 3328 3032 fugam
3352 2964 3592 3034 ejusdem

2010 3045 2207 3116 Equitii
2242 3048 2661 3117 exspectandam
2710 3051 2992 3120 putabant,
3026 3068 3149 3108 cum
3196 3055 3433 3110 omnium
3461 3069 3590 3113 voto

2013 3137 2093 3192 eis
2119 3137 2404 3208 episcopus
2428 3139 2725 3195 ordinetur.
2763 3140 2820 3196 Si
2847 3151 3026 3198 autem
3050 3143 3125 3198 illi
3145 3159 3331 3215 pacem
3358 3147 3596 3204 conside-

1939 3268 1983 3330 Ο
2015 3242 2137 3282 rare
2161 3228 2452 3296 noluerint,
2488 3245 2594 3285 non
2643 3231 2938 3300 impediant
2966 3233 3020 3288 in
3071 3235 3318 3306 eligendo
3353 3239 3421 3293 ad
3449 3240 3597 3295 ordi-

2015 3318 2249 3375 nandum
2279 3321 2567 3391 prchosito
2582 3322 2869 3380 utilitatem
2894 3333 3046 3383 tanto
3074 3334 3318 3397 tempore
3338 3326 3594 3387 Ecclesia:

2010 3409 2300 3466 destituta.

2044 3500 2124 3556 De
2142 3504 2338 3558 clericis
2365 3505 2452 3574 qui
2474 3507 2612 3559 intra
2656 3523 2848 3560 annum
2877 3525 3087 3584 causam
3101 3527 3248 3566 suam
3275 3529 3429 3584 agere
3454 3529 3560 3567 non

2588 3580 2994 3646 procuraverint.

2078 3659 2306 3715 LXXIX.
2340 3661 2545 3720 Rursus
2566 3665 2912 3720 constitutum
2937 3677 3037 3730 est,
3063 3677 3122 3722 ut
3146 3671 3357 3738 quoties
3377 3671 3592 3728 clericis

2007 3751 2268 3806 convictis
2313 3759 2369 3806 et
2413 3751 2671 3808 confessis
2699 3752 2752 3806 in
2776 3754 2957 3824 aliquo
2978 3756 3221 3821 crimine,
3259 3757 3342 3812 vel
3370 3768 3593 3830 propter

2006 3861 2214 3910 eorum,
2238 3862 2466 3916 quorum
2486 3847 2822 3902 verecundia:
2849 3847 3107 3918 parcitur,
3137 3849 3221 3904 vel
3243 3861 3464 3922 propter
3485 3849 3588 3909 Ee—

2005 3937 2183 3992 clesia:
2209 3933 3012 4010 approbrium,autinsolentem
3042 3935 3444 3996 insultationem
3471 3941 3585 3997 ba:—

2005 4027 2294 4082 reticorum
2325 4036 2488 4096 atque
2511 4027 2809 4096 gentilium,
2835 4027 2882 4083 si
2904 4027 3042 4083 forte
3063 4041 3238 4085 causae
3261 4045 3373 4085 sua:
3399 4031 3590 4088 adesse

2010 4116 2292 4184 voluerint,
2322 4124 2378 4171 et
2404 4116 2765 4172 innocentiam
2805 4133 2955 4176 suam
3007 4131 3273 4188 asserere,
3316 4121 3458 4177 intra
3484 4137 3585 4176 an-

2003 4222 2132 4261 num
2172 4207 2742 4262 excommunicationis
2790 4208 2896 4263 hoc
2948 4207 3190 4262 faciant:
3222 4210 3266 4264 si
3291 4224 3420 4266 vero
3444 4211 3586 4267 intra

2003 4313 2203 4353 annum
2243 4312 2463 4352 causam
2490 4311 2642 4352 suam
2690 4311 2919 4367 purgare
2948 4300 3390 4370 contempserint,
3439 4301 3585 4358 nulla

2004 4401 2191 4443 eorum
2211 4401 2316 4442 vox
2343 4396 2532 4457 postea
2555 4387 2768 4457 penitus
2795 4387 3060 4442 audiatur.

2007 4501 2076 4557 Ut
2097 4501 2158 4555 de
2182 4501 2351 4556 alieno
2378 4501 2692 4573 monasterio
2722 4507 3003 4573 susceptos,
3027 4517 3120 4556 nec
3147 4505 3454 4573 praepositos
3475 4521 3590 4562 πω-

2258 4571 2494 4639 noster-ii,
2522 4587 2616 4624 nec
2643 4571 2857 4625 clericos
2885 4571 3036 4627 liceat
3064 4571 3330 4628 ordinare.
3525 4592 3528 4596 ·

1927 4641 1975 4699 ί)
2076 4659 2232 4718 XXC.
2247 4661 2380 4717 Item
2399 4661 2624 4733 placuit,
2640 4669 2699 4715 ut
2721 4661 2766 4716 si
2786 4660 2907 4731 quis
2924 4660 2993 4716 de
3013 4661 3234 4718 alterius
3252 4666 3586 4722 monasterio

2004 4765 2279 4827 repertum
2307 4755 2394 4810 vel
2419 4754 2487 4809 ad
2510 4754 2824 4810 clericatum
2868 4769 3189 4824 promovere
3214 4757 3462 4822 voluerit,
3497 4757 3586 4813 vel

2006 4850 2061 4904 in
2086 4863 2186 4904 suo
2211 4849 2544 4903 monasterio
2571 4847 2830 4916 majorem
2860 4847 3173 4903 monasterii
3200 4849 3538 4904 constituerit
3565 4867 3580 4903 :

2003 4940 2322 5010 episcopus,
2352 4938 2445 5008 qui
2483 4936 2592 4992 hoc
2631 4936 2857 5003 fecerit,
2906 4951 2937 4991 a
2986 4946 3303 4992 ceterorum
3336 4952 3584 4994 commu-

2003 5031 2165 5086 nione
2183 5029 2584 5099 sejunctus‘sua:
2614 5036 2819 5082 tantum
2844 5028 3016 5097 plebis
3043 5026 3422 5082 communione
3446 5042 3583 5085 cou-

2005 5129 2183 5178 tentus
2228 5121 2316 5187 sit,
2349 5127 2405 5175 et
2434 5119 2523 5174 ille
2551 5133 2728 5189 neque
2763 5117 3011 5185 clericus,
3041 5129 3216 5185 neque
3261 5116 3582 5185 praepositus

2003 5221 2330 5284 perseveret.

2048 5302 2129 5356 De
2159 5303 2412 5374 episcopis
2450 5302 2536 5372 qui
2573 5301 2841 5381 haereticos
2855 5340 2870 5364 ,
2899 5297 2988 5420 teet
3028 5313 3258 5368 paganos
3299 5297 3526 5355 heredes

2644 5379 2892 5420 metutum
2922 5406 2935 5420 .

2644 5379 2935 5424 instituunt.

2069 5461 2246 5519 XXCI.
2285 5461 2419 5518 Item
2456 5461 2801 5518 constitutum
2845 5466 2947 5523 est,
2979 5466 3039 5512 ut
3070 5458 3114 5513 si
3157 5457 3276 5530 quis
3298 5459 3581 5531 episcopus

1996 5555 2236 5612 heredes
2261 5563 2548 5610 extraneos
2585 5567 2616 5605 a
2645 5551 3109 5618 consanguinitate
3134 5566 3250 5619 sua,
3279 5551 3364 5606 vel
3407 5557 3581 5607 tuere—

1991 5648 2126 5704 ticos
2163 5648 2327 5703 etiam
2379 5644 2834 5713 consanguineos,
2891 5650 2986 5699 aut
3034 5658 3275 5715 paganos
3318 5643 3574 5702 Ecclesia:

1990 5741 2304 5818 prmtulerit,
2329 5738 2518 5797 saltem
2563 5744 2686 5808 post
2711 5745 2940 5792 mortem
2968 5735 3261 5793 anathema
3285 5735 3334 5792 ei
3366 5735 3575 5793 dicatur

2639 5879 2662 5904 κ
