4104 6522
497 354 601 413 2-07

1775 354 2131 411 DIONYSIUS
2167 354 2482 413 EXIGUUS.

3673 355 3780 408 903

501 481 661 539 atque
699 468 814 538 ejus
847 482 1054 525 nomen
1100 469 1241 554 inter
1268 468 1366 524 Dei
1395 465 1702 523 sacerdotes
1731 467 1880 521 nullo
1921 467 2082 522 modo
2111 475 2157 530 Α
2188 469 2327 538 apud
2355 468 2734 537 Carthaginem
2772 469 2992 525 deﬁnita
3016 509 3031 538 ,
3072 483 3466 562 nunc‘quoque
3507 470 3664 527 nobis
3709 486 3778 525 ex

500 558 784 626 recitetur;
827 574 928 614 nec
971 551 1215 614 excusari
1266 558 1475 628 possit,
1534 557 1579 610 si
1634 556 1922 612 intestatus
1981 558 2082 612 de-

500 649 743 716 cesserit,
771 648 896 718 quia
924 649 1106 716 utique
1135 647 1320 702 debuit
1349 645 1518 703 factus
1549 646 1836 716 episcopus
1866 647 1943 700 rei
1972 661 2082 702 suae

501 741 892 796 ordinationem
926 754 1218 808 congruam
1245 755 1354 795 sua:
1383 737 1703 810 professioni
1743 753 2082 810 nequaquam

499 834 529 884 tl
540 835 547 882 ἱ
558 833 732 886 (Terre.

977 947 1058 1000 De
1091 946 1600 1001 manumissiouibus.

568 1055 768 1111 XXCII.
801 1056 935 1111 Item
965 1057 1188 1126 placuit,
1217 1065 1275 1110 ut
1300 1056 1367 1110 de
1391 1055 1902 1110 manumissionibus
1925 1056 1977 1109 in
2000 1071 2084 1112 ec-

495 1149 656 1201 cit-sia
688 1148 1024 1201 celebrandis
1049 1147 1116 1200 ab
1145 1147 1470 1216 imperatore
1501 1154 1736 1216 petatur.

848 1257 928 1311 De
956 1257 1105 1329 falsis
1134 1259 1393 1310 memoriis
1424 1267 1728 1326 martyrum.

565 1348 791 1403 XXClll.
825 1349 958 1403 ltcm
988 1349 1212 1418 placuit,
1254 1358 1311 1402 ut
1358 1349 1547 1402 altaria
1597 1364 1714 1418 qua:
1744 1349 1942 1418 passim
1983 1364 2084 1419 per

493 1457 672 1509 agros,
689 1451 744 1496 et
771 1458 869 1512 per
896 1441 1026 1506 vias,
1058 1450 1310 1512 tanquam
1337 1440 1616 1495 memoria:
1643 1453 1938 1512 martyrum
1961 1457 2086 1495 con-

494 1533 807 1600 stituuntur,
856 1533 909 1586 in
941 1533 1137 1601 quibus
1177 1531 1380 1585 nullum
1431 1547 1657 1600 corpus,
1704 1542 1798 1586 aut
1844 1531 2084 1601 reliquia:

494 1631 791 1695 martyrum
820 1623 1054 1677 conditae
1085 1623 1400 1691 probantur,
1424 1621 1490 1676 ab
1518 1623 1786 1692 episcopis
1829 1623 1918 1692 qui
1951 1622 2084 1678 locis

493 1715 694 1768 eisdem
719 1723 978 1783 prmsunt,
1010 1713 1054 1767 si
1081 1711 1194 1767 ﬁeri
1220 1720 1413 1783 potest,
1440 1721 1752 1766 evel-lantur
1785 1731 1796 1765 :
1834 1713 1878 1766 si
1901 1720 2082 1767 autem

493 1804 597 1858 hoc
626 1819 722 1873 per
768 1802 1026 1855 tumultus
1055 1802 1344 1871 populares
1387 1816 1495 1855 non
1522 1802 1731 1867 sinitur,
1764 1802 1950 1870 plebes
1996 1809 2081 1855 ta-

493 1911 617 1950 men
641 1895 1058 1958 admoneantur,
1090 1909 1157 1947 ne
1186 1893 1274 1948 illa
1323 1894 1445 1948 loca
1486 1892 1849 1963 frequentent,
1883 1901 1941 1947 ut
1987 1893 2080 1962 qui

491 1995 641 2041 recte
671 1985 905 2056 sapiunt,
936 1983 1079 2038 nulla
1108 1984 1179 2038 ibi
1195 1985 1575 2055 superstitione
1603 1983 1836 2038 devincti
1866 1992 2084 2038 tenean-

495 2089 582 2132 tur
602 2118 618 2144 ,
648 2086 701 2132 et
751 2077 972 2132 omnino
1003 2076 1150 2131 nulla
1176 2075 1435 2131 memoria
1458 2083 1758 2148 martyrum
1787 2075 2080 2144 probabili-

491 2179 577 2222 ter
599 2174 927 2237 acceptetur,
960 2165 1063 2220 nisi
1110 2165 1200 2219 ubi
1229 2180 1426 2235 corpus
1465 2173 1557 2219 aut
1609 2165 1799 2234 aliqua:
1842 2164 2078 2233 reliquiae

491 2267 640 2325 sunt,
690 2265 783 2312 aut
811 2257 963 2326 origo
992 2257 1218 2324 alicujus
1253 2257 1620 2322 habitationis,
1663 2257 1748 2310 vel
1779 2256 2077 2326 possessio—

489 2351 593 2418 nis,
628 2348 715 2402 vel
756 2346 1021 2419 passionis
1067 2345 1375 2401 ﬁdelissima
1415 2347 1622 2413 origine
1667 2346 1916 2399 traditur.
1944 2345 2077 2400 Nam

490 2453 610 2510 qua:
651 2453 748 2504 per
801 2437 1008 2491 somnia
1054 2444 1110 2489 et
1155 2451 1250 2505 per
1299 2435 1487 2489 inanes
1517 2434 1670 2504 quasi
1718 2435 2078 2489 revelationes

487 2527 854 2597 quorumlibet
877 2527 1155 2581 hominum
1179 2525 1485 2593 ubicunque
1513 2523 1916 2580 constituuntur
1940 2524 2077 2579 alta-

486 2621 584 2688 ria,
613 2617 924 2675 omnimodo
946 2618 1324 2690 reprobentur.

773 2729 1128 2785 Deidolorum
1151 2729 1378 2800 reliquiis
1408 2729 1778 2798 exstirpandis.

556 2817 785 2876 XXCIV.
816 2819 950 2874 Item
975 2820 1177 2891 placuit
1205 2821 1272 2873 ab
1312 2818 1725 2887 imperatoribus
1763 2817 2077 2885 gloriosissi-

485 2913 587 2968 mis
597 2912 790 2982 peti,ut
801 2909 1038 2979 reliquia:
1056 2909 1370 2964 idololatria:
1384 2923 1489 2962 non
1502 2907 1582 2961 sol
1591 2923 1673 2960 am
1689 2907 1742 2960 in
1754 2908 2072 2978 simulacris,

485 3006 583 3060 sed
611 3005 665 3058 in
691 3003 1098 3073 quibuscunque
1139 3003 1307 3069 locis,
1351 3002 1438 3057 vel
1466 3001 1632 3068 lucis,
1679 3001 1763 3056 vel
1793 3003 2074 3059 arboribus

486 3093 802 3151 omnimodo
829 3094 1134 3150 deleantur.

2112 1846 2160 1905 B

2187 559 2376 614 ordine
2417 560 2728 614 recitentur.
2777 554 2928 615 Tunc
2952 560 3165 615 demum
3195 554 3551 619 fraternitatis
3578 569 3778 617 vesti-.1:

2185 649 2471 704 concordia
2499 651 2618 705 luce
2646 651 2841 707 clarior
2868 653 3169 722 apparebit,
3193 654 3238 706 si
3283 654 3398 708 haec
3422 668 3541 723 qua:
3565 669 3595 709 a
3617 655 3777 711 nobis

2184 735 2549 811 superioribus
2567 743 2806 798 conciliis
2827 743 3071 812 legaliter
3087 743 3302 798 deﬁnita
3329 755 3644 812 noscuntur,
3662 764 3775 804 non

2185 833 2358 886 solum
2387 848 2654 888 consensu
2682 842 2862 888 vestro
2909 833 2994 889 his
3023 834 3156 888 actis
3174 877 3190 902 ,
3234 846 3419 890 verum
3448 845 3503 891 et
3532 837 3776 893 subscri-

2184 923 2457 993 ptionibns
2504 923 2874 979 manifestetis.
2921 923 3222 995 Xantippus
3267 928 3549 996 cpiscopus
3580 929 3769 998 prima:

2185 1013 2329 1067 sedis
2369 1014 2629 1069 Numidiae
2673 1015 2808 1069 dixit
2841 1034 2852 1068 ε
2886 1013 3061 1072 Credo
3089 1017 3230 1086 quod
3270 1019 3416 1071 onmi
3449 1007 3774 1076 fraternitati

2183 1103 2384 1173 placuit
2413 1113 2470 1160 et
2490 1113 2688 1160 statuta
2716 1121 2812 1160 sua
2842 1121 3002 1160 manu
3026 1105 3500 1175 cenﬁrmaverunt,
3532 1110 3774 1166 subscri-

2184 1196 2361 1252 bendo
2390 1199 2552 1252 etiam
2582 1199 2739 1255 nobis
2767 1198 2981 1268 placere
3018 1214 3206 1268 posse,
3241 1208 3296 1253 et
3324 1209 3506 1255 nostra
3538 1202 3776 1257 subscri-

2184 1288 2370 1358 ptione
2414 1289 2705 1343 ﬁrmamus.
2767 1289 3003 1345 Nicetius
3049 1291 3335 1360 episcopus
3390 1292 3574 1361 prima:
3627 1292 3775 1348 sedis

2185 1379 2518 1434 Mauritaniae
2535 1380 2802 1436 Sitifensis
2813 1381 2976 1434 dixit:
2997 1381 3125 1447 Quae
3141 1383 3365 1436 recitata
3386 1391 3511 1436 sunt
3529 1383 3771 1447 decreta,

2185 1475 2442 1542 quoniam
2472 1474 2684 1529 ratione
2715 1489 2820 1528 non
2851 1483 3054 1539 carent,
3080 1482 3132 1528 et
3162 1482 3286 1528 sunt
3311 1476 3608 1544 approbata
3637 1492 3774 1532 cun-

2185 1565 2302 1630 ctis,
2328 1565 2487 1619 etiam
2511 1575 2566 1618 et
2589 1580 2719 1619 mete
2743 1565 2990 1634 parvitati
3020 1565 3135 1619 haec
3156 1565 3389 1635 placent,
3413 1581 3531 1635 quin
3555 1566 3778 1637 quidem

2185 1655 2402 1725 propria
2424 1657 2816 1724 subscriptione
2845 1656 3089 1711 lirmabo.
3566 1666 3577 1677 '

2186 1767 2265 1822 De
2287 1768 2876 1840 episcoporumrordine,
2904 1777 2960 1821 ut
2985 1769 3072 1840 qui
3101 1769 3354 1838 posterius
3375 1769 3602 1823 ordinati
3625 1776 3777 1839 sunt,

2475 1839 2735 1908 prioribus
2757 1855 2812 1892 se
2834 1854 2936 1892 non
2959 1838 3183 1891 audeant
3205 1843 3486 1911 anteferre.

2254 1947 2483 2004 XXCVI.
2516 1949 2834 2005 Valentinus
2872 1950 3156 2019 episcopus
3185 1948 3320 2004 dixit
3355 1969 3367 2003 :
3413 1950 3470 2006 Si
3508 1952 3776 2021 permittit

2181 2040 2381 2095 bonum
2425 2039 2698 2108 patientia:
2725 2048 2948 2108 vestrae,
2978 2055 3277 2110 prosequor
3329 2057 3391 2095 ea
3430 2057 3546 2110 quze
3576 2053 3777 2112 practe-

2179 2131 2286 2184 rito
2317 2138 2559 2200 tempore
2582 2131 2634 2186 in
2663 2130 2902 2186 Ecclesia
2930 2129 3340 2200 Carthaginensi
3363 2141 3511 2200 gesta
3541 2142 3684 2198 sunt,
3718 2145 3778 2190 et

2179 2223 2665 2292 subscriptionibus
2696 2221 2919 2276 fratrum
2966 2222 3174 2276 ﬁrmata
3219 2223 3560 2289 claruerunt,
3607 2225 3776 2280 etiam

2180 2331 2279 2370 nos
2321 2317 2423 2370 hoc
2463 2323 2770 2370 servaturos
2793 2330 2912 2370 esse
2941 2313 3199 2384 profiteor
3226 2332 3237 2367 :
3267 2315 3363 2369 sed
3393 2315 3521 2368 illud
3549 2316 3771 2380 scimus,

2179 2406 2434 2460 inviolate
2454 2421 2668 2474 semper
2689 2405 2952 2460 mansisse
2979 2405 3394 2460 ecclesiasticam
3414 2405 3769 2475 disciplinam,

2177 2499 2250 2552 ita
2280 2505 2338 2550 ut
2368 2497 2542 2550 nullus
2565 2497 2789 2551 fratrum
2816 2495 3089 2566 prioribus
3125 2495 3235 2550 suis
3262 2510 3322 2549 se
3357 2495 3644 2564 aliquando
3673 2512 3772 2550 aus

2177 2589 2332 2644 deret
2377 2597 2742 2657 anteponere;
2793 2587 2888 2642 sed
2935 2585 3124 2641 ofﬁciis
3167 2587 3442 2642 cbaritatis
3471 2588 3524 2640 id
3554 2603 3773 2657 semper

2177 2679 2470 2736 exhibitum
2501 2687 2584 2733 est
2612 2678 2906 2748 prioribus,
2931 2677 3071 2746 quod
3095 2677 3148 2730 in
3175 2678 3523 2746 sequentibus
3553 2687 3772 2746 gratan-

2177 2777 2261 2832 ter
2284 2783 2498 2838 semper
2526 2768 2880 2837 acciperctur.
2907 2766 3060 2821 Hunc
3091 2765 3334 2821 ordinem
3357 2767 3544 2836 jubeat
3565 2770 3768 2822 sancti-

2177 2866 2260 2914 tas
2298 2867 2478 2913 vestra
2515 2859 2707 2912 melius
2745 2858 2940 2912 vestris
2971 2857 3470 2915 interlocutionibus
3493 2860 3764 2913 roborari.

2179 2949 2430 3004 Aurelius
2459 2950 2744 3019 epiSCOpus
2775 2948 2908 3002 dixit
2938 2965 2950 3000 :
2982 2947 3099 3001 Non
3129 2947 3386 3002 decuerat
3433 2948 3655 3017 quidem
3702 2961 3767 3006 ut

2175 3042 2293 3096 haec
2315 3050 2703 3110 repeteremus,
2733 3041 2833 3097 nisi
2865 3040 3002 3095 forte
3030 3041 3324 3094 existerent
3353 3041 3763 3098 inconsiderata:

2175 3140 2384 3187 mentes
2413 3130 2802 3200 quorumdam,
2831 3147 2951 3204 quin
2991 3129 3060 3184 ad
3091 3131 3206 3186 haec
3236 3132 3518 3186 statuenda
3544 3142 3762 3190 nostros

488 3208 558 3263 Ut
580 3208 644 3291 ait
666 3210 902 3279 episcopo
925 3205 1341 3293 Cartltagineusi,
1367 3222 1629 3293 cumopus
1655 3205 1828 3293 fuerit,
1843 3206 2070 3287 omnium

2174 3232 2434 3279 acuerent
2460 3239 2680 3290 sensus;
2709 3223 2803 3277 sed
2823 3223 3122 3277 communis
3147 3223 3261 3276 hinc
3285 3238 3442 3276 causa
3459 3232 3560 3287 est,
3591 3239 3760 3293 quam

551 3274 909 3402 epifc'oporum
941 3274 1148 3332 nomine
1191 3276 1448 3329 dictentur
1472 3274 1937 3330 etsubScribantur
1961 3277 2070 3346 epi-

551 3361 631 3402 sto
656 3366 720 3402 aa.

551 3361 720 3404 διοιαδ.

550 3430 760 3497 XXCV.
813 3441 894 3495 Ab
924 3441 1186 3495 universis
1215 3439 1376 3494 etiam
1414 3439 1679 3509 episcopis
1717 3439 1917 3493 dictum
1963 3447 2067 3508 est,

483 3541 543 3587 ut
588 3533 632 3586 si
673 3547 791 3600 quae
839 3531 1034 3586 littera:
1081 3530 1344 3586 dictanda:
1385 3529 1437 3583 in
1491 3530 1718 3584 concilio
1747 3529 2065 3599 placuerint,

483 3620 815 3676 venerandus
839 3621 1123 3690 episcopus
1153 3619 1244 3690 qui
1267 3620 1388 3674 huic
1409 3618 1524 3674 sedi
1541 3619 1809 3688 praesidet,
1829 3619 2067 3673 omnium

479 3715 697 3771 nomine
724 3714 929 3768 dictare
968 3721 1024 3767 et
1065 3712 1406 3767 subscribere
1447 3710 1730 3779 dignetur,
1776 3710 1844 3764 in'
1877 3711 2069 3779 quibus

479 3809 639 3863 etiam
667 3807 735 3860 ad
759 3807 1042 3876 epiSCOpos
1084 3805 1311 3873 legatos,
1345 3805 1561 3878 quiper
1591 3803 1897 3872 provincias
1928 3803 2070 3856 Afri-

481 3914 643 3955 canas
673 3899 724 3952 in
755 3913 915 3952 causa
962 3896 1364 3952 Donatistarum
1395 3895 1637 3950 mittendi
1669 3904 1824 3963 sunt,
1869 3895 2068 3964 placuit

477 3991 685 4046 litteras
707 3990 822 4044 dari
854 3998 1096 4044 tenorem
1125 3989 1365 4042 mandati
1393 3988 1752 4053 continentes,
1774 4002 1935 4056 quem
1957 4005 2066 4042 non

478 4081 838 4149 egrediantur.
894 4080 961 4134 Et
988 4079 1464 4150 subscripserunt:
1509 4078 1756 4133 Aurelius
1785 4079 2068 4149 episcopus

475 4169 732 4228 Ecclesia:
777 4169 1215 4239 Carthaginensis
1256 4169 1383 4223 huic
1422 4168 1644 4224 decreto
1692 4169 1959 4236 consensi,
2011 4178 2067 4224 et

475 4263 728 4332 praelecto
757 4262 1070 4332 subscripsi.
1095 4259 1354 4316 Similiter
1382 4267 1438 4316 et
1461 4259 1639 4314 cmteri
1666 4259 1902 4330 episcopi
1936 4259 2064 4314 sub-

476 4355 828 4424 scripserunt.

619 4469 686 4522 In
713 4468 808 4522 hoc
836 4467 1053 4522 concilio
1084 4469 1349 4537 praeterita
1371 4466 1581 4521 decreta
1608 4467 1908 4536 ﬁrmantur.

547 4556 962 4611 Gloriosissimis
1002 4557 1420 4626 imperatoribus

472 4649 734 4717 'Augustis
759 4663 792 4702 ν
814 4663 1016 4715 conss.,
1048 4656 1203 4704 sexto
1231 4649 1333 4703 cal.
1367 4647 1724 4718 Septembris,
1754 4647 1807 4701 in
1849 4648 2067 4702 civitate

475 4741 802 4809 Milevitana,
835 4740 888 4795 in
918 4741 1213 4796 secretario
1239 4740 1496 4804 basilicae,
1527 4755 1650 4796 cum
1671 4740 1924 4795 Aurelius
1951 4739 2067 4810 epi-

473 4864 672 4918 scopus
693 4842 949 4903 Ecclesia:
976 4838 1417 4908 Carthaginensis
1445 4837 1500 4891 in
1523 4836 1755 4892 concilio
1777 4837 2065 4891 universali

473 4941 839 5006 consedisset,
874 4936 1174 4991 astantibus
1197 4931 1470 4996 diaconis,
1502 4928 1753 4984 Aurelius
1779 4928 2065 4998 episcopus

473 5033 608 5088 dixit
652 5049 666 5086 :
708 5029 976 5097 Quoniam
1006 5025 1264 5082 Ecclesiae
1287 5030 1490 5078 sanctae
1519 5035 1684 5075 unum
1712 5025 1802 5075 est
1845 5035 2060 5090 corpus,

473 5126 824 5192 omniumque
845 5120 1213 5176 membrorum
1234 5124 1398 5186 caput
1419 5121 1501 5169 est
1523 5129 1712 5178 unum,
1743 5111 1937 5169 factum
1959 5120 2062 5178 est,

472 5217 691 5270 volente
722 5215 852 5278 Deo,
887 5221 942 5267 et
971 5217 1211 5264 nostram
1243 5205 1609 5260 inﬁrmitatem
1634 5203 1890 5274 juvante,
1922 5213 1980 5258 ut
1998 5204 2066 5258 ad

475 5307 614 5360 hanc
638 5305 935 5360 Ecclesiam
957 5301 1284 5363 veniremus,
1311 5296 1615 5351 dilectionis
1637 5303 1692 5349 et
1714 5294 2066 5351 fraternitatis

475 5398 648 5466 gratia
677 5373 884 5450 invitaii
908 5413 920 5445 :
946 5392 1085 5447 unde
1110 5405 1293 5459 quaeso
1317 5387 1635 5444 charitatem
1663 5393 1915 5449 vestram,
1941 5386 2065 5455 quia

475 5491 546 5540 ita
590 5485 916 5541 credendum
947 5491 1048 5546 est,
1081 5483 1206 5552 quia
1234 5489 1420 5535 noster
1461 5492 1709 5532 accessus
1738 5476 1802 5529 ad
1832 5491 1930 5530 vos
1969 5490 2068 5529 nec

472 5576 806 5648 superfluus,
855 5591 954 5629 nec
983 5573 1220 5628 insuavis
1249 5579 1334 5626 est
1373 5568 1581 5624 cunctis
1604 5607 1618 5631 ,
1671 5573 1730 5619 ut
1774 5579 2068 5621 consensus

473 5673 714 5726 omnium
743 5677 982 5721 vestrum
1011 5665 1385 5719 manifestetur
1405 5656 1740 5716 concordare
1769 5655 2066 5725 complaci-

474 5763 544 5816 tis
609 5761 953 5814 decretorum
995 5772 1113 5827 qua:
1147 5753 1460 5826 jamdudum
1509 5750 1595 5808 vel
1635 5750 1689 5804 in
1730 5747 2067 5819 Hipponensi

472 5871 523 5928 εδ
539 5851 680 5907 nodo
705 5849 912 5905 ﬁrmata
935 5857 1077 5915 sunt,
1101 5847 1183 5904 vel
1205 5843 1550 5915 postmodum
1581 5840 1806 5898 meliore
1834 5840 2065 5898 concilio

2175 3315 2467 3369 insinuavit
2487 3312 2658 3368 frater
2691 3320 2744 3368 et
2770 3312 3128 3368 consacerdos
3151 3321 3358 3382 noster,
3391 3321 3448 3367 ut
3477 3317 3764 3385 unusquis-

2171 3419 2276 3474 que
2300 3411 2543 3458 nostrum
2565 3403 2807 3458 ordinem
2828 3402 2929 3456 sibi
2949 3403 3226 3458 decretum
3251 3419 3279 3456 a
3303 3403 3412 3458 Deo
3439 3416 3755 3475 cognoscat,

2171 3503 2227 3552 et
2254 3495 2581 3566 posteriores
2613 3493 2971 3548 anterioribus
2999 3491 3275 3562 deferant,
3319 3510 3418 3549 nec
3461 3497 3538 3550 eis
3566 3497 3756 3553 incon-

2170 3587 2322 3646 sultis
2345 3585 2543 3656 aliquid
2568 3599 2726 3653 agere
2751 3593 3096 3653 priesumant.
3114 3583 3227 3650 Qua
3246 3585 3313 3638 de
3334 3600 3392 3640 re
3419 3585 3563 3654 dico,
3589 3595 3756 3657 prout

2171 3684 2358 3747 captus
2388 3676 2552 3730 animi
2582 3675 2688 3729 mei
2734 3675 2950 3740 retinet,
2983 3689 3077 3728 eos
3104 3675 3193 3744 qui
3221 3677 3526 3744 putaverint
3555 3681 3757 3747 spretis

2170 3768 2463 3838 majoribus
2491 3767 2691 3836 aliquid
2719 3764 3178 3836 priesumendum,
3227 3777 3598 3837 competenter
3632 3785 3756 3830 esse

2171 3863 2237 3917 ab
2264 3863 2410 3917 omni
2449 3862 2677 3917 concilio
2722 3859 3072 3915 coercendos.
3121 3858 3422 3930 Xantippus
3468 3863 3756 3934 episcopus

2169 3953 2354 4022 prima:
2377 3951 2517 4006 sedis
2537 3951 2793 4005 Numidia:
2823 3949 2956 4003 dixit
2983 3968 2995 4002 ε
3026 3950 3239 4004 Audivit
3260 3952 3494 4006 omnium
3525 3951 3753 4009 fratrum

2080 4053 2092 4064 '
2168 4043 2450 4114 prtescntia
2509 4042 2944 4114 prosecutionem
3008 4039 3187 4096 fratris
3241 4051 3296 4096 et
3344 4043 3756 4111 consacerdotis

2171 4139 2342 4193 nostri
2389 4137 2592 4192 Aurelii
2624 4153 2636 4188 :
2675 4136 2804 4204 quid
2832 4135 2898 4188 ad
2926 4135 3041 4190 ha:c
3070 4135 3445 4205 respondent?
3494 4135 3754 4192 Datianus

2169 4229 2455 4299 episcopus
2497 4229 2633 4282 dixit
2667 4245 2679 4280 :
2712 4228 2842 4292 Quae
2869 4227 3138 4296 majorum
3174 4226 3416 4282 decrevit
3459 4230 3754 4297 sententia,

2169 4329 2357 4374 nostro
2380 4319 2621 4374 assensui
2646 4318 3112 4387 mancipabuntur,
3141 4329 3196 4371 ut
3216 4334 3336 4388 quze
3359 4320 3755 4388 praeteritorum

2168 4408 2521 4464 conciliorum
2545 4411 2709 4478 gestis
2735 4417 2986 4464 tenentur
3007 4408 3446 4477 Carthaginiensis
3474 4407 3754 4478 Ecclesiae,

2169 4509 2354 4554 nostra
2386 4501 2701 4554 assensione
2729 4500 2884 4568 plene
2907 4498 3049 4569 apud
3080 4514 3266 4554 omnes
3293 4499 3505 4554 ﬁrmata
3531 4509 3758 4556 tenean-

1471 4556 1701 4662 ércfdiP
1741 4567 1796 4658 ίῗί
1823 4556 2065 4662 Ηξπξξηξθ
2093 4586 2142 4645 D
2171 4600 2273 4646 tur.
2313 4589 2554 4646 Universi
2584 4556 2824 4661 episcopi
2853 4556 3105 4646 dixerunt
3136 4609 3148 4644 :
3176 4590 3276 4646 llic
3301 4592 3434 4647 ordo
3463 4601 3519 4647 et
3541 4608 3572 4646 a
3593 4596 3758 4662 patri-

2172 4684 2272 4739 bus
2301 4691 2357 4738 et
2384 4700 2414 4738 a
2445 4683 2738 4753 majoribus
2766 4691 3010 4739 servatus
3038 4691 3139 4750 est,
3166 4693 3220 4738 et
3261 4700 3291 4738 a
3321 4684 3476 4739 nobis
3503 4685 3616 4740 Deo
3638 4703 3758 4756 pro-

2171 4776 2307 4844 pitio
2327 4777 2656 4841 servabitur,
2700 4775 2850 4830 salvo
2880 4775 3041 4830 etiam
3063 4775 3185 4845 jure
3214 4776 3471 4846 primatus
3495 4777 3755 4834 Numidia-

2173 4873 2229 4919 et
2253 4864 2602 4920 Mauritaniae.

2461 4978 2536 5034 De
2564 4981 2772 5034 archiva
2799 4990 2849 5035 et
2869 4981 3145 5034 matricula
3182 4978 3468 5035 Numidia.

2244 5070 2446 5126 Deinde
2476 5072 2678 5141 placuit
2698 5072 2950 5126 omnibus
2977 5071 3247 5142 episcOpis
3269 5071 3359 5139 qui
3405 5072 3459 5125 in
3489 5072 3593 5126 hoc
3619 5087 3756 5127 con-

2173 5163 2297 5218 cilio
2323 5162 2776 5232 subscripserunt,
2803 5170 2864 5216 ut
2891 5161 3172 5216 matricula
3219 5169 3274 5216 et
3297 5161 3544 5216 archivus
3563 5161 3755 5215 Numi-

2171 5254 2293 5320 diae,
2324 5264 2378 5310 et
2416 5253 2556 5325 apud
2597 5255 2824 5324 primam
2852 5255 3038 5310 sedem
3078 5254 3174 5319 sit,
3206 5263 3260 5308 et
3288 5255 3340 5309 in
3370 5255 3677 5326 metropoli,
3702 5257 3757 5312 id

2171 5356 2254 5403 est
2281 5347 2652 5403 Constantina.

2581 5457 2655 5512 De
2695 5458 3047 5524 Quodvultdeo
3074 5461 3332 5532 episc0po.

2241 5549 2491 5607 XXCVII.
2521 5551 2597 5607 De
2628 5551 3003 5621 Quodvultdeo
3039 5554 3199 5608 etiam
3227 5551 3588 5621 Centuriensi,
3618 5569 3762 5624 quo-

2172 5643 2313 5699 niam
2336 5644 2670 5699 adversarius
2693 5644 2878 5713 ipsius,
2903 5659 3022 5699 cum
3048 5659 3107 5700 se
3131 5645 3373 5716 petiisset
3398 5646 3662 5700 introduci
3687 5647 3756 5700 ad

2170 5734 2458 5792 concilium
2487 5745 2748 5803 nostrum,
2779 5735 3156 5805 interrogatus,
3191 5745 3368 5792 utrum
3399 5752 3520 5792 cum
3550 5752 3617 5792 eo
3651 5738 3758 5791 vel-

2169 5834 2245 5890 let
2265 5828 2406 5902 apud
2428 5829 2708 5900 episcopos
2733 5830 2985 5900 experiri,
3010 5831 3182 5902 primo
3203 5832 3542 5902 promiserat,
3568 5839 3624 5886 et
3644 5831 3756 5884 alia
