4104 6492
346 279 456 334 209

1321 287 1544 345 CODEX
1582 291 1912 350 CANONUM
1951 296 2656 356 ECCLESIASTICORUM.

3538 313 3637 370 ειν

341 392 432 446 die
463 391 738 461 respondit
767 393 872 450 hoc
900 393 1000 450 sibi
1029 410 1140 451 non
1169 396 1403 466 placere,
1454 409 1616 472 atque
1647 403 1934 460 discessit:
1965 411 2017 468 Α
2043 423 2185 464 nunc
2211 424 2546 478 qureramus,
2589 421 2770 467 utrum
2800 415 2961 484 legati
2995 418 3254 478 Numidia:
3299 423 3633 492 advenerim,

341 483 549 546 placuit
571 485 824 540 omnibus
848 487 1151 556 episcopis,
1178 495 1235 542 ut
1265 489 1444 546 nullus
1475 491 1616 546 idem
1646 493 1945 558 Quodvult-

338 575 448 630 tleo
480 577 862 642 communicet,
897 577 1413 648 donec'causaejus,
1445 583 1657 651 qualem
1682 587 1938 654 potuerit,

346 667 636 721 terminum
666 675 871 721 sumat.
923 667 1055 722 Nam
1085 669 1248 725 adimi
1275 671 1324 724 ei
1355 673 1745 744 episcopatum,
1793 687 1943 733 ante-

339 771 505 824 quam
549 773 726 812 causa:
754 758 874 826 ejus
902 760 1078 814 exitus
1115 770 1435 830 appareret,
1481 764 1612 818 nulli
1637 764 1942 823 Christiano

342 847 512 904 videri
530 847 654 917 jure
685 851 976 920 potuisset.

785 961 864 1015 De
889 963 1219 1018 Maximiano
1239 961 1502 1034 épiscOpo.

409 1049 694 1106 XXCVIII.
727 1051 803 1106 De
834 1052 1160 1107 Maximiano
1201 1064 1380 1110 autem
1413 1058 1722 1126 Bagaieusi,
1775 1070 1830 1116 et
1869 1064 1938 1119 ad

341 1158 461 1196 cum
483 1184 497 1207 ,
533 1152 588 1197 et
616 1143 681 1196 ad
714 1144 884 1212 ipsam
917 1145 1126 1213 plebem
1153 1147 1354 1215 placuit
1383 1147 1451 1202 de
1474 1151 1704 1206 concilio
1731 1152 1937 1209 litteras

336 1234 482 1298 dari,
520 1244 577 1288 ut
607 1244 662 1289 et
701 1236 817 1304 ipse
861 1237 929 1290 ab
959 1238 1274 1308 episcopatu
1305 1239 1580 1308 discedat,
1623 1252 1679 1298 et
1727 1245 1804 1298 illi
1834 1246 1936 1301 sibi

338 1331 502 1384 a'ium
531 1333 832 1401 requirant.

342 1435 410 1490 l7!
437 1439 685 1524 episcopi;
711 1441 1155 1524 qui'ordinantur,
1184 1443 1248 1497 ab
1279 1445 1665 1524 ordinatoribus
1693 1453 1801 1524 suis
1821 1455 1932 1524 epi-

379 1509 543 1561 stolas
573 1513 852 1579 accipiant,
908 1528 1022 1581 qua:
1050 1513 1184 1565 diem
1211 1523 1260 1567 et
1287 1518 1546 1570 consulem
1574 1509 1878 1591 prwferanl.

405 1617 638 1672 XXCIX.
672 1619 873 1676 Deinde
902 1622 1123 1691 placuit,
1159 1634 1217 1678 ut
1245 1628 1553 1697 quicunque
1579 1629 1834 1702 deinceps
1865 1635 1932 1690 ab

333 1710 606 1780 episcopis
636 1711 954 1767 ordinantur
981 1730 1079 1784 per
1111 1718 1419 1785 provincias
1461 1719 1755 1790 Africanas,
1791 1725 1932 1781 litte-

333 1816 421 1856 ras
448 1803 720 1871 accipiant
749 1806 815 1858 ab
837 1805 1240 1863 ordinatoribus
1269 1811 1379 1864 suis
1401 1828 1564 1866 manu
1591 1829 1779 1870 eorum
1808 1819 1927 1872 sub-

333 1895 598 1962 Scriptas,
656 1897 998 1954 continentes
1025 1903 1302 1957 consulem
1343 1914 1397 1959 ct
1429 1907 1570 1961 diem
1616 1926 1628 1961 :
1680 1918 1740 1964 ut
1781 1913 1926 1968 nulla

333 1984 616 2040 altercatio
677 1985 747 2042 de
787 1990 1178 2058 posterioribus
1229 1994 1314 2049 vel
1361 1997 1722 2056 anterioribus
1771 2003 1918 2057 oria-

333 2083 440 2129 tur.

336 2185 512 2242 Deliis
542 2189 630 2258 qui
662 2190 740 2244 vel
760 2194 918 2250 semel
946 2194 999 2248 in
1030 2193 1267 2252 Ecclesia
1299 2199 1543 2268 legerint,
1577 2203 1640 2256 ab
1671 2204 1790 2261 aliis
1821 2223 1926 2262 non

891 2282 1042 2337 posse
1068 2271 1372 2337 promoveri.

406 2349 510 2403 XC.
539 2351 670 2408 Item
704 2355 925 2423 placuit,
955 2365 1013 2410 ut
1049 2359 1351 2429 quicunque
1381 2362 1434 2416 in
1459 2361 1699 2420 Ecclesia
1724 2367 1806 2422 vel
1835 2383 1926 2424 sc-

331 2444 437 2497 mel
467 2445 676 2512 legerit,
731 2447 798 2499 ab
828 2447 931 2501 alia
965 2449 1205 2505 Ecclesia
1249 2453 1314 2506 ad
1347 2454 1662 2510 clericatum
1705 2474 1811 2512 non
1840 2467 1925 2514 te-

331 2547 545 2588 neatur.
575 2535 641 2589 Et
667 2539 1106 2608 subscripserunt
1129 2559 1142 2595 :
1167 2541 1418 2599 Aurelius
1442 2547 1725 2617 episcopus
1745 2547 1929 2606 Eccle-

326 2628 424 2683 sia:
453 2628 890 2698 Carthaginensis
929 2631 1055 2688 huic
1083 2634 1300 2691 decreto
1345 2640 1630 2705 consensi,
1682 2648 1738 2696 et
1781 2658 1922 2712 pra:-

321 2715 473 2773 lecto
525 2721 837 2792 subscripsi.
892 2723 1152 2782 Similiter
1188 2736 1243 2782 et
1290 2732 1471 2786 czeteri
1521 2735 1761 2805 episcopi
1797 2719 1925 2792 suti-

325 2811 683 2880 scripserunt.
1749 2820 1754 2826 '

324 2921 398 2976 In
427 2923 523 2977 hoc
545 2927 1141 3007 concilio_quid_eg_erint
1190 2936 1416 3006 episc0pi
1445 2941 1531 3007 qui
1561 2942 1632 2995 ad
1660 2951 1920 2999 transma-

624 2999 739 3051 rina
770 2999 925 3070 legati
956 2999 1139 3058 directi
1168 2999 1308 3073 sunt,
1340 2999 1628 3065 intimatur.

400 3081 801 3141 Gloriosissimo
844 3090 1172 3160 imperatore
1214 3094 1521 3154 Theodosio
1578 3101 1820 3172 Augusto
1867 3115 1923 3162 ct

322 3173 629 3232 Rumorido
651 3197 702 3232 v.
716 3183 985 3249 c.'conss.,
1005 3201 1056 3238 rx
1075 3187 1178 3240 cal.
1203 3186 1554 3258 Septembris,
1574 3193 1918 3268 Carthagine,

321 3266 378 3319 in
405 3266 625 3322 basilica
652 3273 888 3340 regionis
917 3277 1189 3345 secundae,
1213 3295 1336 3334 cum
1359 3280 1608 3341 Aurelius
1637 3266 1924 3360 episcopus

319 3357 379 3411 in
413 3360 703 3415 universali
744 3365 974 3420 concilio
1003 3369 1357 3432 consedisset,
1411 3376 1712 3432 astantibus
1740 3357 1925 3435 diaco-

322 3448 428 3511 nis,
465 3447 711 3505 Aurelius
751 3454 1037 3524 episcopus
1067 3458 1200 3513 dixit
1234 3479 1246 3512 :
1279 3460 1542 3531 Exigente
1573 3468 1784 3524 ratione
1813 3471 1922 3525 fra-

321 3541 552 3594 ternitas
579 3551 754 3597 vestra
784 3560 813 3598 a
837 3561 956 3600 mea
979 3550 1241 3605 tenuitate
1265 3552 1328 3606 ad
1353 3553 1457 3609 hoc
1485 3558 1770 3612 concilium
1793 3576 1924 3614 con-

319 3641 542 3711 gregata
575 3643 686 3700 est;
714 3635 1030 3705 jamdudum
1061 3643 1234 3709 enim,
1287 3645 1425 3699 sicut
1454 3656 1632 3702 vestra
1663 3653 1923 3712 sanctitas

319 3725 675 3794 recordatur,~
699 3727 882 3783 habito
914 3732 1147 3790 concilio
1175 3733 1564 3792 destinavimus
1594 3739 1789 3799 fratres
1817 3759 1920 3799 no-

318 3821 467 3870 stros
497 3817 560 3870 ad
594 3819 953 3874 transmarina
985 3821 1216 3890 legatos,
1254 3841 1392 3894 quos
1421 3832 1663 3898 oportuit
1693 3833 1744 3886 in
1775 3842 1921 3891 coetu

318 3909 624 3962 sanctitatis
655 3918 850 3972 vestra:
878 3912 1173 3983 perfuncta—2
1212 3917 1496 3986 legationis
1536 3939 1759 3984 cursum.
1793 3942 1920 3981 nar-

318 4014 472 4066 rare;
505 4009 560 4054 et
600 4001 726 4056 licet
754 3990 1009 4064 hesterno
1034 4006 1120 4066 die
1159 4008 1226 4063 de
1257 4009 1361 4065 hac
1407 4027 1468 4066 re
1517 4014 1919 4073 considentibus

320 4091 484 4144 nobis
512 4102 709 4161 praeter
735 4103 886 4163 gesta
918 4098 1283 4154 ecclesiastica
1307 4101 1613 4173 diligentius
1639 4122 1758 4176 qua}
1801 4122 1920 4176 ges-

317 4183 514 4248 serint,
545 4192 935 4254 tractaremus,
978 4188 1141 4244 hodie
1177 4199 1356 4250 tamen
1389 4204 1604 4264 oportet
1629 4205 1916 4254 tractatum

317 4273 564 4329 hesterni
593 4275 699 4330 diei
729 4277 865 4333 actis
895 4280 1277 4338 ecclesiasticis
1303 4284 1630 4342 confirmari.

317 4383 404 4444 De
431 4388 685 4458 episcopis
720 4392 1105 4472 provinciarum
1130 4395 1350 4472 Africae,
1383 4398 1469 4466 qui
1494 4414 1599 4456 non
1639 4400 1917 4472 adfuerunt

855 4466 1104 4531 praesenti
1136 4467 1376 4520 concilio.

394 4571 539 4630 Ordo
571 4576 753 4646 itaque
781 4593 962 4636 rerum
988 4578 1251 4649 deposcit,
1284 4588 1343 4636 ut
1364 4583 1612 4653 primitus
1632 4585 1701 4640 de
1738 4585 1918 4642 fratri-

315 4666 423 4720 bus
454 4667 654 4722 nostris
683 4675 739 4722 et
765 4669 1262 4740 consacerdotibus,
1292 4673 1384 4742 qui
1407 4673 1472 4727 ad
1494 4674 1602 4730 hoc
1628 4677 1915 4732 concilium

317 4757 406 4814 uel
430 4757 498 4812 de
528 4757 770 4829 Byzatio,
799 4761 886 4816 vel
909 4771 1057 4816 certe
1085 4762 1153 4818 de
1183 4763 1500 4820 Mauritania
1523 4778 1911 4836 convenerunt,

314 4864 650 4917 quau-anius,
680 4851 1136 4920 quemadmodum
1167 4853 1294 4908 huic
1323 4857 1555 4910 concilio
1580 4857 1917 4914 decreverint

314 4940 604 4995 interesse.
619 4939 689 5002 Et
711 4940 1060 4998 offerentibus
1082 4942 1405 5015 Pliilologio,
1427 4945 1613 5017 Gesta,
1635 4949 1918 5004 Venustia—

315 5049 410 5097 no,
440 5043 495 5088 et
523 5033 800 5090 Feliciano
832 5036 1102 5106 episcopis
1127 5038 1420 5107 provincia:
1442 5040 1758 5112 Byzacence,
1779 5043 1920 5112 lega-

315 5126 484 5182 tionis
511 5126 740 5188 litteras,
764 5136 820 5181 et
848 5128 1118 5192 recitatis,
1150 5129 1500 5186 offerentibus
1529 5132 1692 5186 etiam
1724 5132 1918 5188 Lucia-

313 5232 409 5278 no.
435 5225 494 5271 et
521 5215 760 5288 Sylvano
789 5217 982 5288 legatis
1005 5220 1296 5290 provinciae
1325 5220 1658 5278 Mauritania:
1697 5223 1918 5280 Sitifen-

307 5307 388 5362 sis
411 5307 699 5376 legationis
726 5309 1044 5379 litteras,‘et
1065 5311 1324 5376 recitatis,
1349 5313 1597 5382 Aurelius
1625 5317 1914 5386 episcopus

309 5398 490 5460 dixit:
527 5397 730 5455 llorum
759 5401 1087 5470 scriptorum
1113 5403 1604 5463 textussociabitur
1629 5405 1818 5474 gestis.

760 5510 842 5566 De
870 5514 1121 5584 episcapis
1155 5513 1456 5582 Byzacenis.

383 5601 671 5657 Numidius
692 5603 981 5672 episcopus
1000 5603 1164 5658 dixit:
1185 5603 1698 5669 Animadvertimus,
1719 5605 1914 5662 fratres

308 5707 366 5750 et
399 5694 760 5764 coepiscopos
787 5702 1004 5749 nostros
1029 5694 1322 5766 Byzacenaa
1346 5696 1657 5767 provinciae,
1681 5707 1736 5751 et
1762 5697 1911 5752 Mau-

306 5787 527 5846 ritania:
567 5785 838 5845 Sitifensis
881 5787 950 5846 ad
995 5789 1285 5864 concilium
1323 5789 1625 5848 destinasse
1655 5791 1904 5863 legatos:

2047 499 2133 552 vel
2160 509 2310 555 certe
2337 503 2632 572 provinciae
2659 503 3026 577 Tripolitanae,
3055 513 3136 567 \el
3167 512 3501 571 Mauritania:
3521 516 3626 573 Cte-

2047 589 2322 647 sariensis.

2326 683 2405 739 De
2423 687 2673 757 episcOpis
2689 687 3028 746 Mauritania:
3049 692 3336 764 Sitifensis.

2115 771 2386 830 Lucianus
2427 788 2482 831 et
2509 777 2774 848 Sylvanus
2826 783 3066 854 episcOpi
3090 825 3108 850 ,
3152 786 3312 856 legati
3345 790 3636 857 provincias

2043 862 2375 920 Mauritania:
2399 869 2666 926 Sitifensis
2690 872 2944 929 dixerunt
2970 894 2987 928 θ
3016 876 3151 932 Sero
3177 879 3243 933 ad
3272 879 3634 939 Caesarienses

2040 955 2236 1012 fratres
2262 970 2482 1016 nostros
2508 965 2764 1019 tractoria
2794 969 2962 1034 venit,
3014 986 3136 1024 nam
3161 971 3270 1040 jam
3297 983 3351 1029 et
3381 976 3453 1030 illi
3485 980 3632 1034 veni-

2041 1058 2199 1115 rent;
2253 1063 2431 1109 tamen
2475 1071 2698 1111 necesse
2748 1066 2831 1112 est
2859 1061 3098 1127 veniant,
3130 1071 3185 1117 et
3215 1065 3536 1121 confidimus
3564 1069 3634 1123 de

2041 1144 2235 1199 animis
2266 1146 2476 1200 illorum
2497 1190 2533 1216 ,,
2563 1149 2687 1219 quia
2713 1151 2757 1209 si
2787 1151 2911 1220 quid
2934 1153 2986 1206 in
3017 1155 3122 1208 hoc
3151 1158 3384 1211 concilio
3421 1168 3630 1226 gestum

2041 1231 2217 1300 fuerit,
2251 1243 2306 1289 et
2333 1237 2435 1306 ipsi
2460 1238 2576 1293 sine
2605 1238 2770 1299 dubio
2792 1256 2919 1296 suos
2949 1257 3248 1298 consensus
3277 1246 3626 1304 adhibebunt.

2501 1351 2582 1406 De
2600 1353 2854 1423 episcopis
2879 1352 3164 1410 Numidiae.

2109 1444 2330 1516 Alypius
2358 1446 2645 1518 episcopus
2668 1446 2926 1502 Ecclesia:
2951 1448 3294 1516 Tagastensis
3315 1450 3448 1506 dixit
3475 1471 3486 1505 :
3521 1453 3628 1509 Nos

2034 1535 2252 1604 quidem
2280 1535 2348 1590 de
2377 1535 2622 1591 Numidia
2660 1539 2932 1601 venimus,
2993 1553 3094 1606 ego
3139 1547 3194 1593 et
3228 1541 3399 1594 sancti
3431 1540 3627 1596 fratres

2036 1625 2363 1694 Augustinus
2391 1636 2445 1681 et
2467 1626 2760 1692 Possidius;
2778 1628 2872 1682 sed
2903 1628 2970 1682 de
2983 1628 3230 1683 Numidia
3251 1630 3450 1698 legatio
3481 1633 3625 1686 mitti

2035 1732 2142 1770 non
2173 1717 2367 1787 potuit,
2417 1717 2560 1785 quod
2591 1717 2767 1772 adhuc
2798 1718 3032 1772 tumultu
3063 1719 3293 1773 tironum
3318 1761 3333 1786 ,
3383 1721 3625 1792 episcopi

2034 1804 2262 1876 propriis
2292 1806 2706 1861 necessitatibus
2735 1807 2790 1859 in
2837 1806 3145 1862 civitatibus
3179 1811 3290 1863 suis
3321 1819 3414 1864 aut
3455 1812 3627 1880 impe-

2030 1897 2148 1962 diti,
2181 1906 2275 1952 aut
2298 1899 2552 1969 occupati
2575 1907 2720 1953 sunt.
2746 1879 2879 1952 Nam
2901 1900 3062 1953 etiam
3087 1902 3400 1958 tractoriam
3423 1879 3626 1958 sancti-

2031 1989 2157 2043 tatis
2185 1997 2290 2043 tua:
2325 2005 2448 2044 cum
2481 1990 2550 2044 ad
2585 1999 2834 2045 sancttun
2877 2007 3063 2046 senem
3092 1991 3416 2064 Xantippum
3445 1996 3624 2051 defer—-

2025 2094 2164 2145 rem,
2215 2081 2268 2134 in
2292 2081 2544 2150 praesenti
2578 2091 2808 2136 tractatu
2832 2083 2938 2136 hoc
2967 2083 3140 2137 visum
3168 2084 3359 2150 fuerat,
3394 2095 3453 2141 ut
3488 2103 3623 2142 con-

2028 2173 2212 2227 cilium
2254 2174 2609 2241 indiceretur,
2639 2175 2784 2244 quod
2813 2176 3078 2231 instructa
3117 2178 3316 2248 legatio
3347 2189 3528 2250 posset
3553 2181 3620 2235 ad

2027 2267 2134 2321 hoc
2163 2267 2449 2321 concilium
2479 2268 2764 2335 destinari;
2805 2268 2900 2324 sed
2928 2285 3052 2324 cum
3080 2285 3202 2325 eum
3227 2273 3618 2341 posterioribus

2027 2361 2220 2416 litteris
2247 2362 2596 2418 admonerem
2623 2363 2691 2418 de
2717 2365 3099 2435 impedimento
3130 2366 3391 2433 tironum,
3435 2375 3495 2420 ut
3523 2383 3619 2424 su.-

2025 2453 2208 2522 perius
2235 2452 2378 2518 dixi,
2423 2455 2706 2527 rescriptis
2743 2456 2974 2526 propriis
3017 2457 3315 2515 excusavit.
3367 2457 3618 2515 Aurelius

2026 2545 2311 2616 episcopus
2337 2546 2473 2600 dixit
2504 2565 2516 2600 :
2549 2547 2666 2602 Non
2696 2548 2915 2603 dubium
2944 2558 3045 2617 est,
3067 2550 3211 2618 quod
3239 2551 3480 2619 prasdicti
3508 2550 3618 2604 frac

2027 2641 2136 2688 tres
2155 2642 2208 2689 et
2239 2637 2544 2707 coepiscopi
2576 2638 2746 2694 nostri
2775 2638 3053 2706 Numidiae,
3080 2654 3203 2695 cum
3229 2648 3380 2707 gesta
3403 2642 3619 2696 concilii

2025 2728 2354 2797 acceperint,
2385 2736 2441 2784 et
2467 2745 2596 2785 suos
2617 2729 2947 2784 adhibebant
2974 2745 3289 2796 consensus,
3319 2738 3375 2785 et
3404 2733 3456 2785 in
3487 2729 3618 2786 επεσ-

2025 2826 2175 2874 ctum
2201 2819 2467 2874 deducere
2495 2820 2861 2885 maturabunt,
2905 2834 3244 2889 quaecunque
3271 2820 3326 2874 in
3351 2820 3612 2890 placitum

2025 2914 2272 2969 venerint
2297 2933 2308 2966 :
2342 2931 2471 2969 cura
2498 2930 2630 2984 ergo
2659 2917 2811 2970 istius
2833 2916 2976 2972 sedis
3003 2917 3108 2972 hoc
3138 2918 3311 2986 ipsum
3335 2925 3405 2972 ut
3428 2918 3507 2972 eis
3530 2917 3614 2980 in:

2028 3002 2249 3058 timetur
2278 3019 2500 3059 necesse
2530 3013 2616 3060 est
2642 3006 2934 3076 provideri.
2974 2993 2982 3000 ’

2435 3118 2514 3172 De
2543 3121 2796 3190 episcopis
2829 3120 3190 3191 Tripolitanis.

2098 3209 2174 3264 De
2205 3209 2554 3280 Tripolitanis
2594 3227 2723 3266 vero
2773 3210 3028 3268 fratribus
3075 3212 3275 3268 nostris
3324 3215 3431 3270 hoc
3463 3217 3615 3286 potui

2025 3300 2369 3367 condiscere,
2394 3302 2536 3370 quod
2560 3301 2844 3357 Dulcitium
2869 3303 3088 3358 fratrem
3111 3311 3354 3360 nostrum
3381 3305 3618 3362 destina-

2022 3391 2198 3446 verint
2227 3392 2491 3460 legatum;
2523 3392 2618 3448 sed
2645 3393 2770 3461 quia
2801 3408 2910 3448 non
2939 3397 3116 3464 potuit
3143 3411 3458 3463 occurrere,
3509 3398 3614 3453 hoc

2023 3491 2466 3535 asseveraverunt
2488 3482 2705 3550 quidam
2731 3481 2826 3536 ﬁiii
2851 3485 3021 3537 nostri
3041 3484 3318 3539 venientes
3343 3486 3410 3540 de
3430 3503 3619 3556 suprs-

2021 3572 2165 3626 dicta
2191 3561 3009 3643 provincia,quod-memoratus
3033 3575 3155 3630 navi
3181 3592 3240 3631 se
3261 3579 3617 3647 commiserit,

2021 3669 2077 3716 et
2102 3661 2428 3717 credendum
2459 3671 2541 3718 est
2569 3664 2836 3720 accidisse
2866 3667 3178 3721 nonnullam
3209 3667 3276 3722 de
3321 3676 3616 3738 tempesta-

2021 3753 2165 3809 tibus
2192 3768 2419 3820 moram,
2444 3769 2566 3823 quae
2592 3755 2900 3811 retardaret
2927 3755 3044 3825 ejus
3075 3757 3364 3812 adventum
3393 3777 3404 3810 :
3432 3769 3614 3814 tamen

2021 3846 2186 3903 etiam
2215 3845 2361 3900 circa
2388 3846 2568 3916 ipsos,
2619 3847 2664 3902 si
2707 3847 2961 3902 eharitati
2997 3857 3190 3903 vestrae
3236 3849 3456 3918 placet,
3499 3851 3615 3906 haec

2019 3936 2192 3992 forma
2211 3939 2536 4006 servabitur,
2565 3947 2625 3994 ut
2646 3939 2844 4009 placita
2866 3940 2932 3994 ad
2959 3941 3178 3996 eosdem
3203 3942 3418 3998 concilii
3442 3951 3610 4000 trans-

2017 4026 2322 4082 mittantur.
2355 4027 2438 4083 Ab
2463 4029 2726 4085 universis
2764 4031 3036 4100 episcopis
3065 4032 3269 4087 dictum
3301 4042 3386 4089 est
3419 4052 3432 4087 :
3466 4034 3613 4100 Haec,

2021 4133 2142 4189 quae
2162 4121 2354 4176 statuit
2380 4121 2642 4176 sanctitas
2664 4129 2779 4190 tua,
2810 4124 3060 4178 omnibus
3089 4124 3324 4193 placent.

2420 4234 2493 4287 De
2521 4234 2886 4288 conveniendis
2910 4233 3221 4290 Donatistis.

2091 4321 2223 4376 XCI.
2257 4322 2504 4378 Aurelius
2533 4325 2820 4394 episcopus
2848 4325 3013 4378 dixit:
3041 4325 3287 4392 Quod-diu
3319 4335 3607 4385 tractatum

2024 4414 2170 4468 venit
2197 4414 2477 4468 charitatis
2509 4422 2722 4482 vestrm,
2754 4423 2886 4484 puto
2907 4415 3014 4471 hoc
3042 4416 3422 4474 ecclesiasticis
3448 4424 3612 4489 gestis

1945 4509 1996 4570 Β
2021 4520 2140 4560 esse
2165 4504 2502 4559 ﬁrmandum.
2536 4503 2806 4561 Professio
2835 4507 2977 4562 enim
3019 4516 3198 4564 vestra
3237 4511 3473 4566 omnium
3504 4513 3611 4573 hoc

2021 4599 2374 4669 deprompsit,
2425 4598 2625 4655 debere
2651 4615 3088 4671 unumquemque
3116 4611 3359 4658 nostrum
3393 4606 3443 4658 in
3477 4607 3611 4660 civi-

2021 4699 2131 4746 tate
2160 4707 2256 4746 sua
2298 4706 2396 4762 per
2435 4706 2494 4746 se
2522 4692 2822 4747 convenire.
2842 4693 3238 4748 Donatistarum
3269 4699 3608 4767 prmpositos,

2021 4791 2116 4839 aut
2143 4783 2435 4853 adjungere
2463 4785 2566 4840 sibi
2593 4785 2831 4840 vicinum
2861 4786 3142 4854 collegam,
3199 4791 3488 4858 utpar-iter
3515 4806 3610 4844 eos

2021 4878 2077 4931 in
2105 4875 2330 4944 singulis
2376 4877 2682 4946 quibusque
2703 4876 3015 4933 civitatibus
3040 4879 3128 4932 vel
3155 4879 3290 4934 locis
3315 4895 3414 4948 per
3436 4884 3609 4947 magi-

2017 4976 2220 5023 stratus
2247 4968 2347 5024 vel-
2373 4969 2622 5024 seniores
2636 4969 2882 5024 locorum
2899 4961 3249 5026 conveniant.
3279 4971 3395 5026 Hoc
3417 4974 3461 5026 si
3487 4991 3607 5027 om—

2017 5060 2173 5115 nibus
2193 5060 2394 5129 placet,
2419 5060 2681 5115 edicatur.
2707 5061 2788 5115 Ab
2820 5063 3081 5118 universis
3103 5065 3373 5134 episc0pis
3399 5065 3602 5120 dictum
3656 5113 3659 5115 _

2017 5160 2102 5207 est
2147 5170 2160 5204 :
2201 5151 2460 5207 Omnibus
2489 5153 2694 5223 placet,
2743 5162 2799 5208 et
2835 5171 3024 5210 omnes
3067 5157 3168 5210 hac
3209 5156 3604 5226 subscriptione

2017 5252 2201 5297 nostra
2225 5243 2569 5299 firmavimus.
2601 5244 2837 5300 Petimus
2864 5248 3044 5311 etiam,
3077 5255 3135 5300 ut
3162 5248 3402 5314 epistolis
3428 5251 3491 5302 ad
3523 5251 3607 5318 jn-

2017 5333 2173 5389 dioes
2201 5333 2269 5388 de
2295 5335 2527 5390 concilio
2557 5335 2864 5400 mittendis,
2898 5351 2994 5405 pro
3023 5337 3272 5392 omnibus
3301 5338 3610 5394 subscribat

2017 5425 2278 5480 sanctitas
2318 5431 2427 5479 tua.
2478 5425 2728 5480 Aurelius
2772 5425 3061 5495 episcopus
3089 5427 3224 5481 dixit
3256 5446 3268 5481 :
3311 5427 3366 5483 Si
3400 5430 3610 5485 videtur

2019 5517 2270 5572 charitati
2292 5525 2505 5582 vestne,
2532 5515 2699 5571 forma
2724 5518 3304 5574 conventioniseorum
3327 5523 3608 5588 recitetur,

2019 5617 2080 5662 ut
2107 5610 2250 5662 hunc
2293 5599 2536 5662 tenorem
2568 5609 2967 5676 prosecutionis
2995 5627 3214 5677 omnes,
3240 5614 3285 5669 si
3319 5615 3606 5685 placuerit,

2020 5706 2319 5755 teneamus.
2352 5695 2432 5750 Ab
2461 5697 2729 5752 universis
2756 5699 3023 5772 episcopis
3051 5703 3250 5763 dictum
3281 5716 3365 5763 est
3394 5726 3406 5761 :
3445 5711 3598 5764 neci--

2014 5797 2175 5846 tetur.
2210 5788 2390 5846 Lartus
2422 5788 2664 5851 notarius
2690 5792 2962 5857 recitavit.
