4104 6464
495 256 604 316 ﬁll

775 371 968 428 Forma
997 373 1343 429 conventionis
1374 371 1804 427 Donatistarum.

579 481 734 541 XCll.
767 484 860 539 [lle
889 485 1172 555 episcOpus
1196 482 1452 538 Ecclesiae
1483 481 1626 536 illius
1656 481 1790 536 dixit
1822 498 1832 533 :
1867 479 2006 546 Quid
2026 479 2095 535 de

511 578 832 632 auctoritate
863 575 1002 629 illius
1043 573 1385 643 amplissimae
1414 573 1558 628 sedis
1603 571 2092 642 impetraverimus,

509 668 741 737 petimus
755 666 1072 735 gravitatem
1094 673 1327 719 vestram
1349 664 1672 730 recitare,-et
1687 663 1852 732 gestis
1872 661 2094 730 innecti,

508 766 672 828 atque
701 764 759 811 ut
784 757 837 811 in
866 754 1118 811 effectum
1140 754 1338 810 deduci
1363 755 1616 824 jubeatis.
1643 753 1889 809 Recitata
1917 759 2097 807 autem

504 848 765 918 jussione,
798 855 960 917 atque
983 847 1121 901 actis
1152 845 1378 911 innexa,
1409 845 1500 900 ille
1525 846 1813 915 episcomts
1840 843 2098 899 Ecclesiae

509 943 653 997 illius
679 941 812 996 dixit
855 960 866 994 :
913 939 1054 1006 Quid
1094 954 1225 1008 ergo
1271 940 1428 996 nobis
1473 939 1542 995 de
1582 940 1812 995 concilio
1842 939 2098 995 Ecclesia:

507 1033 788 1088 catholicae
836 1031 1146 1086 mandatum
1189 1031 1259 1086 sit
1284 1029 1354 1084 ad
1395 1029 1704 1086 Donatistas
1740 1046 1840 1100 per
1864 1038 2099 1085 vestram

506 1126 826 1194 gravitatem
860 1125 1261 1195 perferendum,
1314 1124 1538 1193 audire,
1587 1131 1642 1179 et
1672 1124 1808 1178 actis
1839 1124 2097 1187 inserere,

505 1225 564 1272 et
590 1217 658 1271 ad
685 1233 782 1273 eos
823 1217 1066 1288 perferre
1093 1216 1409 1286 dignemini,
1459 1231 1755 1287 eorumque
1781 1216 2099 1286 responsio-

509 1323 640 1363 nem
663 1325 851 1364 rursus
879 1308 1019 1379 apud
1059 1317 1182 1364 acta
1209 1315 1387 1363 vestra
1430 1309 1585 1363 nobis
1614 1308 1906 1362 insinuare.
1957 1304 2102 1360 Con-

507 1401 757 1455 venimus
779 1415 877 1455 vos
927 1415 994 1454 ex
1036 1399 1252 1454 concilii
1281 1399 1452 1454 nostri
1483 1398 1750 1454 catholica
1779 1398 2103 1453 auctoritate

510 1493 685 1559 missi,
709 1493 777 1546 de
802 1500 982 1547 vestra
1004 1492 1349 1562 correptione
1377 1491 1614 1562 gaudere
1642 1491 1944 1560 cupientes,
1973 1504 2105 1545 con-

508 1585 810 1645 siderantes
837 1584 1050 1640 Domini
1071 1585 1412 1649 charitatem,
1440 1583 1532 1652 qui
1559 1583 1730 1638 dixit:
1763 1582 1917 1637 Beati
1947 1583 2101 1651 paci-

509 1674 621 1741 fici,
668 1676 795 1747 quia
837 1675 937 1746 ipsi
969 1675 1064 1730 filii
1094 1675 1185 1730 Dei
1213 1675 1579 1744 vocabuntur,
1608 1683 1665 1731 et
1693 1674 1979 1730 admonuit
2004 1690 2104 1746 per

511 1770 840 1841 Prophetam
861 1770 1100 1826 etiamin
1132 1771 1234 1836 bis,
1263 1771 1354 1840 qui
1378 1770 1568 1825 dicunt
1585 1785 1644 1824 se
1669 1769 1866 1825 fratres
1885 1777 2102 1826 nostros

510 1877 621 1918 non
652 1860 814 1925 esse,
864 1861 1048 1916 dicere
1097 1877 1197 1916 nos
1240 1861 1474 1925 debere,
1526 1861 1720 1916 fratres
1747 1863 1920 1918 nostri
1950 1861 2096 1917 estis.

509 1951 664 2008 Hanc
693 1967 823 2021 ergo
850 1951 1130 2022 paciﬁcum
1150 1967 1218 2006 ex
1247 1952 1508 2007 charitate
1531 1952 1837 2008 venientem
1861 1968 2104 2009 commo-

512 2043 774 2097 nitionem
814 2051 1054 2097 nostram
1085 2050 1435 2098 contemnere
1482 2059 1592 2098 non
1636 2043 1848 2101 debetis
1893 2061 1906 2097 :
1958 2052 2018 2100 ut
2057 2045 2101 2100 si

511 2135 641 2204 quid
669 2135 914 2189 veritatis
936 2135 1139 2190 habere
1168 2149 1264 2190 vos
1292 2136 1650 2204 arbitramini,
1699 2153 1808 2192 non
1847 2136 2104 2192 dubitetis

509 2240 778 2292 asserere,
811 2225 863 2280 id
893 2233 1006 2294 est,
1040 2234 1100 2280 ut
1127 2234 1457 2295 congregato
1483 2234 1666 2282 vestro
1693 2227 1926 2282 concilio
1965 2226 2100 2282 deli-

509 2317 650 2386 gatis
676 2333 746 2372 ex
783 2317 974 2384 vobis,
1027 2317 1224 2387 quibus
1276 2333 1497 2372 causam
1548 2318 1862 2374 assertionis
1909 2326 2102 2373 vestrae

511 2409 867 2464 committatis
892 2426 904 2461 :
931 2417 990 2463 ut
1017 2417 1070 2464 et
1091 2425 1192 2464 nos
1207 2410 1476 2479 possimus
1496 2410 1601 2465 hoc
1622 2409 1822 2476 facere,
1853 2417 1917 2464 ut
1936 2410 2100 2464 etiam

507 2501 579 2555 de
607 2509 797 2556 nostro
827 2501 1061 2556 concilio
1103 2501 1412 2570 deligantur
1448 2503 1541 2571 qui
1572 2517 1694 2557 cum
1723 2502 1802 2557 eis
1839 2516 1978 2570 quos
2007 2501 2101 2556 de-

510 2593 766 2662 lcgeritis,
813 2595 1114 2649 constituto
1140 2594 1260 2650 ioco
1303 2603 1360 2649 et
1393 2603 1636 2665 tempore
1665 2594 1922 2665 quidquid
1953 2610 2103 2665 quae-

509 2686 701 2740 stionis
728 2693 813 2740 est
836 2689 980 2756 quod
1002 2695 1238 2741 vestram
1262 2703 1293 2741 a
1322 2688 1478 2742 nobis
1518 2696 1736 2757 separat
1763 2689 2101 2743 communio-

511 2791 658 2839 nem,
690 2791 811 2831 cum
836 2792 971 2846 pace
998 2777 1306 2842 discutiant,
1333 2786 1390 2833 et
1419 2779 1635 2833 tandem
1666 2778 1976 2847 aliquando,
2005 2780 2102 2835 ad-

505 2867 731 2936 juvante
753 2867 981 2923 Domino
1003 2867 1116 2922 Deo
1145 2877 1355 2933 nostro,
1404 2868 1565 2922 tinem
1604 2877 1923 2925 veternosus
1948 2884 2102 2926 error

509 2958 770 3026 accipiat,
803 2973 872 3012 ne
894 2968 1116 3026 propter
1136 2957 1536 3012 animositatem
1566 2958 1844 3015 hominum
1875 2962 2102 3016 infirmae

509 3051 736 3112 animae,
779 3057 833 3104 et
854 3051 1026 3119 ignari
1051 3051 1236 3120 populi
1264 3051 1525 3120 sacrilega
1557 3052 1890 3110 dissensione
1915 3055 2098 3125 dispe-

509 3151 687 3198 reant.
711 3141 767 3197 Si
789 3142 930 3196 enim
949 3143 1053 3197 hoc
1082 3141 1318 3198 fraterne
1345 3145 1682 3214 acceperitis,
1714 3147 1914 3200 veritas
1944 3146 2099 3201 facile

509 3236 834 3299 dilucescet;
862 3236 906 3289 si
929 3245 1107 3289 autem
1140 3237 1242 3290 hoc
1271 3236 1448 3291 facere
1472 3237 1774 3298 nolueritis,
1805 3237 2100 3292 diffidentia

507 3335 694 3382 vestra
722 3327 876 3383 facile
907 3329 1230 3384 innotescet.
1270 3329 1516 3399 Cumque
1555 3331 1782 3385 recitata
1807 3337 1982 3395 esset,
2033 3332 2101 3385 ab

517 3417 778 3472 universis
807 3418 1072 3488 episcopis
1101 3418 1300 3473 dictum
1325 3428 1406 3472 est
1437 3439 1448 3472 ε
1483 3419 1625 3474 Satis
1642 3421 1836 3489 placet,
1862 3421 1964 3476 hoc
1988 3421 2098 3475 Iiat.

515 3506 585 3561 Et
613 3507 1068 3578 subscripserunt.
1101 3510 1348 3564 Aurelius
1373 3511 1662 3581 episcopus
1693 3511 1946 3567 Ecclesiae
1971 3511 2104 3567 Car-

517 3602 852 3668 thaginensis
882 3603 1006 3658 huic
1033 3603 1253 3659 decreto
1282 3605 1563 3670 consensi,
1603 3614 1659 3660 et
1687 3606 1942 3674 praelecto
1970 3607 2101 3660 sub-

513 3695 724 3764 scripsi.
767 3694 1026 3751 Similiter
1057 3705 1112 3752 et
1149 3698 1334 3753 caeteri.
1358 3699 1598 3768 episcopi
1644 3699 2098 3769 subscripserunt.

513 3807 644 3864 Haec
671 3810 901 3879 synodus
931 3812 1181 3893 adversus
1202 3810 1507 3934 Boniti-ustas
1531 3814 1844 3882 legationem
1867 3812 1935 3865 ad
1957 3814 2105 3882 prin-

1137 3899 1272 3934 cmes
1339 3894 1498 3934 arma.

1137 3899 1272 3951 apes
1301 3894 1498 3952 dirigit.

575 3991 980 4046 Gloriosissimo
999 3991 1326 4060 imperatore
1337 3990 1579 4046 Honorio
1592 3993 1833 4060 Augusto
1854 4009 1905 4048 vi
1921 4008 2062 4050 cons.
2082 4029 2106 4062 ,
2125 4021 2136 4040 ι

515 4101 585 4138 xu
608 4085 709 4138 cal.
728 4082 895 4138 Julias
915 4082 1255 4150 Carthagine,
1274 4084 1325 4136 in
1343 4083 1560 4138 basilica
1572 4084 1808 4153 regionis
1829 4086 2102 4141 secundae.

516 4179 573 4230 la
606 4179 708 4232 hoc
737 4177 970 4232 concilio
1000 4176 1326 4245 legationem
1366 4189 1720 4246 susceperim
1757 4178 2019 4234 Theasius
2049 4187 2105 4234 et

515 4268 752 4324 Evodius
774 4276 962 4322 contra
989 4268 1322 4332 Donatistas,
1365 4267 1419 4322 in
1449 4284 1557 4338 quo
1586 4268 1818 4324 concilio
1841 4269 2101 4324 inscrtum

516 4366 601 4412 est
620 4359 1091 4413 commonitorium
1114 4357 1258 4426 quod
1289 4359 1360 4412 ita
1390 4373 1450 4414 se
1477 4359 1740 4415 continet.

519 4471 685 4535 Quale
711 4473 1156 4526 commonitorium
1182 4489 1214 4524 α

385 4493 498 4618 Ἠ
519 4493 685 4535 quate
711 4493 1156 4526 σοηιηιοηιιοτξιιηι
1182 4493 1391 4542 acccpcr

1221 4545 1391 4596 tistas.

427 4619 466 4660 Ι

586 4653 768 4708 XClli.
817 4653 1298 4708 Commonitorium
1330 4652 1586 4708 fratribus
1615 4653 1850 4709 Theasio
1879 4663 1935 4709 et
1965 4653 2105 4709 Evo-

515 4750 629 4815 dio,
662 4747 849 4814 legatis
872 4761 942 4800 cx.
967 4744 1376 4823 Carthaginensi
1405 4745 1637 4800 concilio
1677 4745 1745 4798 ad
1774 4745 2101 4814 gloriosissi-

515 4856 633 4894 mos
657 4838 1197 4906 religiosissimosque
1225 4837 1496 4907 principes
1519 4837 1715 4902 missis,
1743 4853 1866 4891 cum
1888 4835 2101 4892 Domini

515 4934 718 4988 auxilio
755 4931 1022 5002 piissimos
1053 4931 1411 4999 imperatores
1439 4929 1669 4984 adierint
1693 4969 1708 4993 ,
1757 4937 1820 4982 ut
1862 4929 1943 4983 eis
1965 4929 2099 4985 iusi-

515 5037 700 5081 HUCllL

588 5114 1050 5183 Quemadmodum
1079 5114 1235 5183 plena
1266 5111 1460 5166 ﬁducia
1483 5111 1775 5166 secundum
1810 5113 2106 5181 superioris

517 5209 643 5260 anni
665 5207 954 5261 concilium
985 5206 1384 5259 Donatistarum
1415 5202 1688 5272 praepositi
1719 5203 1856 5257 actis
1876 5204 2105 5259 munici-

519 5298 728 5368 palibus
755 5307 883 5351 sunt
905 5297 1180 5362 conventi,
1215 5305 1274 5350 ut
1302 5295 1343 5349 si
1375 5294 1697 5350 contiderint
1745 5295 1812 5348 de
1843 5297 2100 5351 assertio-

519 5391 674 5444 nibus
702 5390 843 5456 suis,
873 5389 1061 5444 electis
1083 5404 1152 5443 ex
1181 5403 1281 5442 suo
1324 5401 1550 5440 numero
1576 5385 1844 5455 aliquibus
1875 5386 2101 5453 idoneis,

523 5480 798 5536 nobiscum
830 5482 1054 5550 pacilice
1083 5480 1413 5548 conferrent,
1435 5485 1490 5532 et
1510 5479 1923 5534 mansuetudine
1949 5479 2106 5534 Chri-

521 5577 722 5633 stiana.
767 5575 809 5628 si
849 5575 976 5643 quid
1017 5575 1259 5629 veritatis
1289 5580 1570 5636 tenerent,
1622 5587 1729 5625 non
1771 5571 2108 5640 anzhigcrcnt

521 5669 923 5730 1'itflll0nsli'at'c,
955 5682 1062 5734 quo
1095 5668 1168 5721 ita
1193 5667 1477 5721 sinceritas
1501 5663 1791 5727 catholica,
1836 5680 1957 5732 quae
1994 5665 2105 5733 jam

523 5763 728 5831 pridem
760 5763 1127 5833 superioribus
1167 5762 1495 5834 temporibus
1527 5762 1754 5828 claruit,
1785 5776 1926 5815 nunc.
1966 5779 2102 5833 quo—

1803 254 2160 312 DIONYSIUS
2188 253 2505 312 EXIGUUS.

3687 255 3799 316 903

2123 375 2171 429 Α
2201 382 2308 439 que
2350 385 2449 441 per
2503 370 2826 442 imperitiam
2877 371 2961 427 vel
3011 372 3366 442 pertinaciam
3411 372 3796 429 resistentibus

2199 459 2562 516 innotesceret
2588 480 2600 515 :
2630 461 2724 518 sed
2747 462 2870 531 quia
2893 459 3189 516 diffidentia
3219 462 3626 531 premebantur,
3655 464 3796 517 nihil

2200 565 2340 621 pene
2369 553 2485 607 ausi
2515 561 2643 608 sunt
2666 553 3015 623 respondere.
3053 549 3204 608 Unde
3232 553 3356 622 quia
3391 552 3670 623 impletum
3712 563 3796 608 est

2199 656 2325 711 erga
2357 659 2452 700 eos
2474 642 2783 713 episcopale
2811 657 2877 698 ac
2917 641 3208 712 pacificum
3230 640 3488 708 ofﬁcium,
3516 651 3571 697 et
3601 643 3674 696 illi
3699 641 3793 711 qui

2196 734 2416 789 veritati
2446 735 2776 805 respondere
2805 733 3184 804 nequiverunt,
3211 732 3278 787 ad
3301 733 3560 788 immanes
3587 733 3795 788 vicien-

2201 824 2305 879 tias
2333 832 2459 879 sunt
2483 825 2731 880 conversi
2757 841 2771 889 ;
2798 825 2871 878 ita
2904 830 2962 878 ut
2989 823 3190 879 multos
3235 824 3520 894 episcopos
3559 823 3791 878 multos-

2199 931 2306 985 que
2328 916 2554 972 clericos
2582 916 2664 986 (ut
2683 916 2750 970 de
2775 915 2928 970 laicis
2949 915 3245 984 taceamus)
3279 913 3486 970 insidiis
3507 929 3793 984 oppresse-

2199 1011 2328 1077 rint,
2375 1009 2646 1066 Ecclesias
2674 1011 2838 1064 etiam
2869 1009 3076 1078 aliquas
3102 1008 3423 1069 invaserint,
3457 1007 3666 1078 aliquas
3704 1007 3793 1062 in-

2204 1102 2399 1157 vadere
2428 1102 2857 1172 pertentaverint
2900 1121 2912 1154 :
2965 1101 3202 1170 ipsorum
3226 1100 3337 1170 jam
3368 1101 3670 1156 clementiae
3708 1108 3796 1156 est

2202 1194 2506 1259 consulere,
2539 1203 2598 1250 ut
2627 1193 2869 1250 Ecclesia
2909 1193 3210 1261 catholica,
3252 1207 3375 1261 quae
3404 1207 3499 1246 eos
3539 1191 3795 1262 religioso

2203 1296 2363 1342 utero
2407 1286 2458 1340 in
2502 1284 2724 1340 Christo
2768 1285 2991 1354 genuit,
3029 1291 3085 1339 et
3113 1282 3234 1338 fidei
3264 1282 3518 1337 firmitate
3546 1279 3826 1348 nutrivit,‘

2203 1390 2394 1430 eorum
2435 1373 2598 1429 etiam
2627 1374 3009 1446 prospectione
3050 1373 3356 1438 muniatur,
3407 1385 3477 1427 ne
3519 1370 3798 1426 temerarii

2204 1465 2472 1532 homines,
2495 1465 2760 1532 religiosis
2786 1465 3140 1535 temporibus,
3166 1463 3409 1518 inﬁrmos
3437 1461 3668 1534 populos
3693 1470 3800 1516 ter-

2205 1558 2373 1614 rendo
2418 1558 2749 1628 praevaleant
2791 1575 2805 1611 :
2847 1557 3105 1628 quoniam
3148 1553 3454 1612 seducendo
3500 1553 3798 1625 depravare

2209 1665 2316 1705 non
2341 1659 2586 1720 possunt.
2615 1649 2752 1705 Nota
2783 1657 2866 1705 est
2888 1648 3029 1704 enim
3046 1689 3060 1716 ,
3090 1656 3145 1703 et
3173 1661 3317 1717 saepe
3344 1645 3552 1715 legibus
3579 1643 3800 1701 concla-

2136 1736 2180 1795 B
2209 1753 2354 1824 inata
2383 1743 2892 1800 Circumcellionum
2923 1757 3030 1813 qua
3068 1740 3250 1795 furunt
3295 1737 3628 1793 detestabilis
3675 1751 3800 1790 ma-

2206 1849 2307 1888 nus
2352 1851 2364 1886 :
2411 1847 2530 1904 qua:
2579 1833 2741 1887 etiam
2791 1833 3032 1902 ipsorum
3073 1829 3600 1898 religiosissimorum
3629 1841 3800 1896 supra

2205 1920 2508 1992 principum
2531 1919 2902 1990 frequentibus
2922 1919 3290 1974 sanctionibus
3310 1915 3668 1974 condemnata
3691 1924 3799 1978 est,

2207 2011 2463 2068 adversus
2491 2026 2720 2080 quorum
2748 2009 2984 2064 furorem
3004 2009 3273 2079 possimus
3296 2021 3402 2062 non
3427 2005 3663 2067 insolita,
3697 2019 3802 2058 nec

2207 2117 2236 2157 a
2252 2102 2544 2172 Scripturis
2562 2097 2765 2156 sanctis
2787 2101 2961 2155 aliena
2983 2100 3274 2170 impetrare
3293 2097 3561 2168 praesidia,
3579 2094 3800 2165 quando

2207 2191 2484 2261 apostolus
2505 2189 2720 2255 Paulus,
2750 2189 2887 2244 sicut
2917 2189 2969 2244 in
3008 2187 3373 2259 apostolorum
3406 2185 3630 2241 Actibus
3660 2181 3796 2238 ﬁde-

2206 2281 2347 2336 libus
2375 2288 2561 2335 notum
2587 2288 2689 2343 est,
2714 2278 3061 2334 factiosorum
3087 2276 3545 2346 conspirationem
3576 2274 3800 2328 militari

2206 2374 2368 2428 etiam
2399 2373 2671 2429 submovit
2700 2371 2921 2426 auxilio.
2975 2368 3082 2424 Sed
3111 2384 3210 2424 nos
3238 2367 3367 2422 illud
3397 2367 3702 2436 poscimus,
3738 2371 3801 2419 ut

2204 2463 2488 2519 catholicis
2527 2461 2785 2517 Ecclesiis
2825 2460 3076 2516 ordinum
3116 2473 3214 2529 per
3254 2458 3500 2512 civitates
3535 2454 3796 2522 singulas,

2207 2563 2262 2610 et
2305 2553 2607 2608 vicinorum
2638 2565 2974 2622 quorumque
3014 2564 3388 2620 possessorum
3437 2563 3536 2618 per
3579 2545 3797 2601 diversa

2205 2647 2324 2702 loca
2352 2647 2469 2702 sine
2496 2645 2606 2700 ulla
2628 2643 3056 2699 dissimulatione
3087 2642 3244 2696 tuitio
3274 2641 3596 2710 praebeatur.
3619 2635 3797 2692 Simul

2205 2741 2371 2798 etiam
2415 2738 2708 2810 petendum
2763 2745 2824 2792 ut
2870 2737 3014 2791 illam
3062 2735 3233 2804 legem
3289 2749 3409 2802 quae
3454 2747 3484 2786 a
3525 2730 3795 2799 religiosae

2205 2835 2481 2889 memoriae
2510 2847 2698 2887 eorum
2727 2837 2882 2900 patre
2921 2827 3230 2883 Theodosio
3260 2824 3330 2880 de
3359 2824 3472 2878 auri
3502 2822 3653 2879 libris
3697 2821 3797 2876 de-

2205 2939 2324 2980 cem
2371 2925 2425 2978 in
2469 2922 2810 2979 ordinatorcs
2855 2921 2944 2975 vel
2993 2919 3271 2975 ordinatos
3330 2917 3651 2981 haereticos,
3693 2928 3794 2969 seu

2207 3017 2368 3072 etiam
2414 3016 2466 3070 in
2498 3029 2857 3086 possessores,
2892 3011 2982 3066 ubi
3007 3026 3194 3066 eorum
3223 3008 3571 3078 congregatio
3592 3005 3793 3076 depre-

2129 3119 2174 3182 ο
2205 3109 2460 3165 henditur
2483 3146 2500 3172 ,
2549 3106 2886 3177 promulgata
2916 3112 3036 3169 est,
3083 3104 3153 3156 ita
3191 3101 3448 3172 deinceps
3486 3097 3797 3156 confirmari

2205 3201 2519 3273 praecipiant
2553 3217 2564 3250 :
2599 3206 2656 3252 ut
2695 3199 2746 3252 in
2778 3212 2873 3251 eos
2902 3197 3112 3263 valeat,
3159 3201 3348 3248 contra
3395 3207 3533 3264 quos
3572 3198 3798 3261 propter

2205 3307 2391 3347 eorum
2437 3289 2654 3345 insidias
2701 3287 2953 3344 catholici
3009 3285 3291 3357 provocati
3339 3283 3796 3339 contestationem

2203 3382 2571 3455 deposuerint,
2606 3389 2666 3435 ut
2689 3381 2792 3434 hoc
2827 3379 3019 3433 saltem
3053 3387 3260 3431 terrore
3286 3391 3314 3429 a
3345 3373 3686 3430 schismatica
3709 3370 3798 3428 vei

2205 3476 2458 3530 haeretica
2511 3473 2777 3544 pravitate
2834 3469 3138 3534 desistant,
3205 3467 3294 3534 qui
3360 3463 3797 3520 consideratione

2204 3566 2391 3622 aeterni
2442 3564 2690 3635 supplicii
2749 3560 3023 3616 emendari
3079 3558 3382 3626 corrigique
3433 3554 3792 3609 dissimulant.

2207 3658 2506 3714 Petendtun
2535 3657 2696 3710 etiam
2727 3661 2786 3708 ut
2824 3654 2915 3708 lex
2944 3667 3062 3720 qua:
3103 3649 3369 3705 haereticis
3411 3648 3498 3703 vel
3525 3663 3590 3703 ex
3617 3647 3792 3702 dona-

2207 3751 2445 3805 tionibus
2484 3749 2570 3803 vel
2612 3763 2680 3801 ex
2729 3743 3066 3799 testamentis
3088 3743 3289 3812 aliquid
3315 3740 3562 3812 capiendi
3591 3739 3682 3794 vel
3709 3753 3796 3794 rc-

2203 3841 2481 3913 linquendi
2508 3841 2739 3909 denegat
2767 3838 3098 3903 facultatem,
3135 3837 3202 3892 ab
3225 3851 3412 3891 eorum
3435 3849 3651 3904 quoque
3680 3834 3798 3904 pic-

2210 3945 2321 3990 tate
2351 3936 2611 3989 hactenus
2660 3938 2970 4001 repetatur,
3004 3938 3062 3984 ut
3091 3930 3176 3987 eis
3196 3927 3531 3998 relinquendi
3571 3927 3659 3983 vel
3702 3943 3798 3982 su-

2208 4026 2389 4081 mendi
2414 4025 2503 4095 jus
2533 4023 2766 4088 adimat,
2797 4023 2889 4091 qui
2918 4021 3231 4092 pertinaciae
3274 4020 3457 4075 furore
3505 4018 3694 4074 caecati
3743 4020 3799 4073 in

2209 4120 2606 4174 Donatistarum
2629 4133 2815 4172 errore
2836 4131 3187 4187 perseverare
3210 4116 3495 4171 voluerint.
3525 4113 3798 4170 Caeterum

2207 4209 2310 4265 illis
2350 4211 2441 4280 qui
2491 4207 2928 4266 consideratione
2974 4207 3194 4262 unitatis
3231 4214 3287 4261 ct
3337 4206 3487 4276 pacis
3528 4219 3588 4259 se
3622 4205 3798 4260 corri-

2208 4315 2334 4368 gere
2354 4300 2640 4365 volucrint,
2656 4298 2858 4366 absque
2885 4297 3169 4352 interdicto
3191 4296 3348 4366 hujus
3370 4297 3501 4365 legis
3521 4296 3801 4366 capiendae

2210 4391 2536 4446 haereditatis
2565 4389 2743 4443 aditus
2781 4397 2994 4459 pateat,
3047 4389 3259 4444 etiamsi
3301 4388 3477 4443 adhuc
3517 4388 3569 4441 in
3612 4401 3801 4443 errore

1216 4482 1492 4562 coeperunt
1527 4475 1684 4546 legati
1713 4484 1895 4529 contra
1918 4473 2099 4529 Dona-

2213 4484 2464 4539 brcretico
2494 4481 2799 4538 constitutis
2830 4480 3030 4551 aliquid
3058 4489 3184 4535 ante
3233 4479 3543 4535 donationis
3570 4479 3658 4533 vel
3689 4479 3801 4534 ba:-

2214 4575 2455 4630 rcditatis
2483 4573 2703 4629 obvenit
2733 4590 2745 4625 :
2776 4571 2861 4625 his
2893 4588 3023 4627 sane
3049 4573 3322 4642 exceptis,
3354 4571 3445 4641 qui
3476 4571 3570 4625 lite
3602 4571 3802 4640 pulsati

2213 4666 2518 4735 putaverint
2547 4665 2613 4717 ad
2652 4664 2971 4719 catholicam
3006 4664 3409 4726 transeundum,
3442 4664 3568 4729 quia
3591 4662 3658 4717 de
3681 4661 3806 4715 tali-

2212 4758 2312 4812 bus
2346 4756 2599 4810 crcdibilc
2629 4762 2742 4818 cst,
2788 4771 2891 4807 non
2925 4763 3070 4808 metu
3103 4755 3336 4808 caelestis
3378 4752 3566 4820 judicii
3623 4752 3807 4822 potius

2210 4862 2373 4918 quam
2422 4846 2622 4900 terreni
2661 4845 2929 4899 commodi
2973 4845 3229 4898 aviditate
3258 4846 3516 4898 unitatem
3569 4842 3805 4897 catholi-

2210 4955 2326 4996 cam
2357 4948 2706 5009 praeoptasse.
2742 4937 2822 4991 Ad
2853 4939 2965 4991 haec
2993 4948 3171 4990 autem
3195 4938 3374 4990 omnia
3396 4934 3642 5005 praesidio
3668 4951 3807 5004 opus

2208 5040 2290 5086 est
2338 5037 2669 5099 potestatum
2720 5041 2937 5082 suarum
2987 5042 3323 5096 quarumque
3379 5024 3806 5095 provinciarum,

2207 5139 2339 5178 sane
2369 5137 2466 5192 pro
2496 5120 2813 5173 utilitatibus
2842 5117 3120 5186 Ecclesiae,
3153 5117 3412 5188 quidquid
3440 5114 3809 5170 intellexerint

2206 5216 2497 5286 prodesse,
2539 5210 2732 5280 agendi
2771 5217 2826 5264 et
2868 5208 3169 5278 imperandi
3201 5209 3423 5262 liberam
3463 5206 3809 5261 decernimus

2205 5309 2550 5376 legationem.
2593 5303 2724 5357 lllud
2769 5309 3030 5373 praetcrea
3073 5300 3282 5356 cunctis
3308 5299 3464 5354 nobis
3498 5296 3722 5368 placuit,
3746 5303 3811 5351 ut

2206 5401 2399 5454 litterae
2425 5398 2491 5452 de
2523 5405 2665 5451 ccetu
2694 5402 2883 5449 nostro
2923 5393 2988 5447 ad
3013 5391 3430 5459 gloriosissimos
3451 5391 3811 5459 imperatores

2206 5499 2264 5546 ct
2291 5488 2744 5544 eminentissimas
2773 5492 3072 5555 potestates
3099 5483 3402 5553 dirigantur
3441 5498 3452 5533 :
3487 5480 3684 5550 quibus
3723 5479 3809 5533 in-

2206 5589 2482 5637 struantur
2515 5578 2754 5634 omnium
2784 5590 3052 5630 consensu
3083 5574 3149 5628 ad
3177 5574 3549 5629 beatissimum
3579 5571 3812 5626 comitat-

2210 5681 2322 5726 tuin
2355 5671 2562 5738 legatos
2590 5685 2618 5722 a
2657 5667 2811 5722 nobis
2838 5681 2960 5720 esse
2990 5666 3247 5720 directos.
3296 5665 3402 5721 Sed
3447 5664 3573 5735 quia
3616 5663 3810 5719 iisdem

2212 5765 2404 5822 litteris
2434 5765 2498 5820 ab
2541 5755 2791 5819 omnibus
2833 5760 3098 5816 subscribi
3132 5761 3493 5818 tardissimum
3537 5767 3616 5816 cst
3643 5799 3657 5823 ,
3707 5758 3808 5813 nisi
