4104 6480
322 235 431 290 215
1292 237 1516 295 CIODEX
1553 237 1880 297 CANONUM
1919 241 2616 302 ECCLESIASTICORUM.
3501 256 3605 311 ιιι

321 347 660 417 singulorum
691 347 1173 418 subscriptionibus
1193 349 1394 404 caulem
1416 350 1656 420 epistola:
1685 339 1915 424 oneren-
1947 359 1990 415 Α
2019 357 2386 418 anniversaria
2417 363 2734 426 necessitas,
2786 362 2880 416 sed
2927 365 3142 434 quoties
3178 349 3416 436 exegerit
3441 383 3603 424 causa
3669 361 3680 370 ’

325 447 439 503 tur,
470 438 719 508 petimus,
770 437 937 492 frater
975 437 1192 505 Aureli,
1238 447 1295 492 ut
1335 437 1522 495 iisdem
1567 449 1654 496 tua
1686 443 1921 497 charitas

327 539 517 584 nostro
547 529 786 583 omnium
811 529 1029 583 nomine
1051 530 1388 586 subscribere
1416 531 1684 602 dignetur,
1716 542 1772 588 et
1801 535 1923 588 sub-

329 622 682 691 scripserunt.
733 619 982 673 Aurelius
1023 620 1308 690 episcopus
1348 619 1598 676 Ecclesia:
1638 620 1920 689 Carthagi-

332 713 538 780 ncnsis,
570 711 695 766 huic
720 711 946 776 decreto
970 711 1248 774 consensi,
1279 718 1336 765 et
1363 710 1656 780 Subscripsi
1690 728 1703 764 :
1735 711 1923 766 simili—

333 815 422 860 ter
447 813 502 860 et
537 802 719 857 czcteri
746 801 988 871 episcopi
1015 800 1464 870 subscripserunt.
1510 799 1726 854 Littera:
1754 802 1916 856 etiam

335 896 404 950 ad
429 894 638 964 judices
661 891 938 946 mittenda:
965 898 1109 954 sunt,
1152 898 1209 945 ut
1232 889 1407 945 donec
1433 889 1688 945 Dominus
1716 891 1922 958 legatos

336 989 405 1043 ad
445 1001 547 1042 nos
573 983 752 1040 redire
777 983 1076 1054 permittat,
1103 983 1384 1039 tuitionem
1412 998 1510 1052 per
1535 984 1755 1039 ordines
1793 983 1923 1040 civi-

338 1091 528 1147 tatum,
562 1086 618 1136 et
655 1092 994 1149 possessores
1023 1075 1344 1148 prmdiorum
1375 1075 1625 1132 Ecclesia:
1648 1077 1925 1133 catholica:

341 1172 671 1241 impertiant.
703 1167 1110 1237 Adjungendum
1141 1167 1303 1222 etiam
1344 1167 1411 1223 de
1449 1166 1686 1237 Equitio,
1733 1177 1790 1223 ut
1828 1171 1926 1224 im-

303 1312 306 1316 .
342 1264 583 1334 probitas
611 1262 747 1330 ejus,
778 1276 885 1330 qua
912 1259 1014 1316 sibi
1047 1259 1136 1328 jus
1162 1259 1504 1316 sacerdotum
1531 1260 1927 1330 improbissime

341 1357 609 1419 vindicat,
647 1355 714 1408 ab
743 1352 1072 1424 llipponensi
1115 1352 1448 1406 Diaretorum
1473 1353 1688 1412 dimcesi
1735 1370 1928 1409 secun-

343 1448 474 1503 dum
500 1453 696 1499 statuta
724 1443 1069 1513 imperatoria
1095 1442 1405 1512 repellatur.
1432 1440 1647 1498 Littera:
1675 1443 1836 1498 etiam
1860 1443 1928 1498 ad

343 1538 656 1606 episcopum
701 1534 956 1588 Romana:
998 1532 1250 1588 Ecclesia:
1279 1533 1746 1589 commendatione
1783 1535 1928 1603 lega—

347 1639 523 1683 torum
550 1626 823 1681 mittenda:
850 1634 1006 1692 sunt,
1037 1626 1123 1681 vel
1160 1626 1227 1681 ad
1255 1626 1408 1690 alios,
1443 1626 1534 1680 ubi
1563 1625 1723 1682 fuerit
1760 1629 1929 1698 impe-

345 1727 534 1780 rator,
581 1726 635 1770 et
677 1717 1126 1785 subscripserunt.
1174 1715 1312 1770 Item
1358 1715 1607 1772 Aurelius
1646 1718 1929 1788 episcOpus
1961 1737 2004 1794 Β

346 1807 600 1864 Ecclesiae
631 1806 1069 1875 Carthaginiensis
1109 1805 1234 1860 huic
1278 1804 1499 1861 decreto
1547 1807 1824 1874 consensi,
1875 1817 1932 1862 et

347 1900 602 1970 przelecto
630 1897 940 1967 subscripsi.
968 1896 1227 1951 Similiter
1251 1903 1307 1951 et
1328 1896 1509 1951 caeteri
1537 1896 1775 1967 episcopi
1813 1897 1933 1953 sul)-

346 1991 698 2059 scripserunt.

349 2099 417 2157 In
443 2103 540 2153 hac
568 2099 765 2170 synodo
799 2114 913 2170 qua:
959 2105 1152 2152 statuta
1197 2107 1316 2152 sunt
1356 2097 1520 2152 brevis
1559 2098 1793 2153 declarat
1831 2099 1930 2154 ad-

1050 2183 1231 2221 nexus.

420 2283 680 2337 Stilicone
704 2282 897 2335 iterum
937 2289 994 2334 et
1018 2279 1302 2333 Arthemio
1328 2295 1414 2334 vv.
1443 2294 1525 2335 cc.
1552 2295 1733 2337 conss.
1765 2297 1800 2336 ι
1829 2283 1929 2337 cal.

347 2375 682 2446 Septembris
705 2375 1027 2444 Carthagine
1053 2377 1106 2430 in
1144 2376 1367 2433 basilica
1397 2378 1632 2448 regionis
1661 2379 1929 2434 secundm.

349 2469 520 2538 l'lnjus
545 2469 758 2524 concilii
783 2477 935 2537 gesta
976 2469 1101 2526 ideo
1129 2487 1237 2526 non
1269 2487 1338 2528 ex
1373 2473 1584 2541 integro
1631 2472 1932 2544 descripsi,

346 2559 603 2627 quoniam
651 2559 821 2628 magis
848 2574 910 2613 ea
940 2575 1059 2628 qua:
1095 2561 1151 2614 in
1198 2568 1441 2633 tempore
1489 2563 1790 2618 necessaria
1820 2562 1936 2620 fue-

345 2658 499 2718 runt,
525 2665 683 2720 quam
713 2649 890 2720 aliqua
932 2651 1222 2720 generalia,
1253 2653 1546 2716 constituta
1575 2663 1718 2719 sunt,
1749 2654 1845 2709 sed
1865 2654 1936 2709 ad

346 2742 758 2819 instructionem
786 2740 1154 2798 studiosorum
1183 2743 1426 2814 ejusdem
1453 2745 1670 2802 concilii
1716 2746 1934 2802 brevem

347 2832 568 2901 digessi.

899 2943 1070 2998 Brevis
1095 2961 1387 3001 causarum.

421 3053 606 3108 XCIV.
639 3052 709 3108 Ut
738 3054 904 3110 libera
945 3055 1140 3124 legatio
1183 3057 1251 3111 ab
1276 3058 1524 3112 omnibus
1552 3059 1840 3130 provinciis
1869 3059 1936 3112 ad

343 3145 641 3202 concilium
670 3146 949 3214 dirigatur,
1002 3148 1069 3201 ad
1095 3147 1381 3203 Mizonium
1411 3149 1589 3216 legati,
1640 3157 1693 3204 et
1722 3151 1936 3217 litterae,

347 3244 578 3306 propter
633 3235 857 3290 liberam
903 3236 1233 3306 dirigendam
1283 3239 1604 3308 legationem
1667 3241 1936 3296 destinare

348 3333 636 3394 prazceptze
684 3334 928 3380 sunt:ut
957 3327 1082 3395 quia
1127 3329 1266 3398 apud
1307 3329 1686 3398 Carthaginem
1728 3340 1934 3386 tantum

347 3419 531 3472 unitas
558 3417 696 3472 facta
725 3427 826 3482 est,
859 3420 1054 3472 dentur
1083 3421 1244 3473 etiam
1290 3422 1483 3476 littera:
1511 3422 1574 3475 ad
1599 3421 1806 3491 judiccs
1832 3442 1844 3475 :
1880 3431 1938 3478 ut

348 3518 410 3562 et
457 3508 578 3561 aliis
624 3509 913 3577 provinciis
963 3518 1014 3562 et
1067 3511 1371 3566 civitatibus
1433 3527 1652 3581 operam
1703 3513 1938 3582 impendi

345 3599 573 3667 jubeant
599 3598 809 3663 unitati,
859 3607 914 3652 et
954 3601 1243 3666 gratiarum
1282 3603 1524 3658 actiones
1563 3604 1632 3658 de
1660 3603 1939 3672 Carthagi-

347 3688 505 3741 nensi
530 3686 768 3742 Ecclesia
793 3703 892 3757 pro
914 3690 1162 3744 universa
1192 3690 1367 3745 Africa
1396 3691 1464 3745 de
1492 3693 1802 3747 exclusione
1831 3693 1938 3749 Do—

349 3777 668 3832 natistarum
703 3792 827 3832 cum
866 3780 1240 3851 episcoporum
1290 3782 1484 3838 litteris
1526 3783 1595 3838 ad
1622 3785 1937 3840 comitatum

349 3870 652 3923 mittantur.
686 3869 943 3927 Recitata:
979 3871 1169 3925 litterae
1192 3889 1345 3942 papa:
1381 3874 1703 3944 Innocentii,
1736 3886 1797 3930 ut
1825 3879 1939 3947 epi-

348 3961 501 4028 scopi
545 3960 611 4014 ad
656 3963 1016 4016 transmarina
1062 3979 1286 4033 pergere
1324 3964 1481 4020 facile
1527 3982 1636 4022 non
1683 3968 1933 4035 debeant,

348 4052 497 4130 quod
527 4052 631 4107 hoc
659 4053 831 4122 ipsum
854 4055 1230 4124 episcoporum
1255 4057 1538 4111 sententiis
1557 4059 1932 4113 confirmatur:

350 4148 411 4193 ut
437 4149 660 4210 propter
685 4143 978 4210 gratiarum
1026 4145 1292 4200 actionem
1333 4154 1390 4201 et
1437 4148 1798 4203 exclusionem
1827 4150 1936 4204 Do-

349 4233 674 4286 natistarum
713 4232 821 4286 duo
866 4234 1050 4290 clerici
1091 4234 1346 4292 Ecclesia:
1391 4237 1830 4310 Carthaginensis
1869 4242 1935 4296 ad

349 4323 664 4376 comitatum
695 4324 997 4384 mittantur.

351 4431 417 4485 1η
441 4432 538 4486 hoc
557 4434 774 4489 concilio
793 4437 1027 4506 qutcdam
1050 4437 1112 4512 de
1132 4439 1424 4493 constitutis
1453 4441 1804 4512 superioribus
1827 4461 1935 4500 car-

1015 4510 1273 4579 rigantur.

419 4594 832 4652 Gloriosissimis
858 4597 1273 4666 imperatoribus
1297 4599 1538 4656 Honorio
1564 4619 1634 4658 vn
1674 4612 1730 4659 et
1750 4604 1931 4661 Theo-

346 4685 508 4740 dosio
536 4701 572 4739 II
601 4687 791 4740 iterum
823 4687 1077 4756 Augustis
1117 4705 1296 4744 conss.
1339 4690 1456 4746 idus
1482 4690 1667 4748 Junias
1701 4693 1931 4749 Cartha-

345 4775 496 4844 gine,
543 4774 597 4828 in
644 4773 862 4830 basilica
905 4777 1143 4845 regionis
1190 4778 1456 4834 secundm.
1508 4779 1640 4835 Cum
1683 4782 1934 4838 Aurelius

343 4867 636 4938 episcopus
663 4883 766 4921 una
793 4883 913 4922 cum
943 4869 1212 4938 episcopis
1239 4871 1350 4924 suis
1379 4873 1730 4942 consedisset,
1759 4883 1936 4928 astan-

343 4959 492 5014 tibus
519 4958 778 5024 diaconis,
830 4960 1083 5028 quoniam
1127 4961 1478 5017 constitutum
1510 4962 1684 5018 fuerat
1718 4965 1772 5020 in
1802 4983 1930 5022 conc

342 5051 474 5106 cilio
523 5049 884 5120 Hipponensi,
945 5058 1004 5104 ut
1052 5052 1273 5121 singulis
1325 5054 1476 5110 annis
1523 5058 1934 5114 contraheretur

340 5141 635 5196 concilium
665 5141 856 5196 Africa:
900 5143 1196 5212 plenarium
1225 5163 1236 5198 :
1263 5163 1368 5201 non
1414 5155 1621 5202 tantum
1661 5150 1750 5203 hic
1788 5151 1931 5221 apud

338 5235 748 5303 Carthaginem,
800 5250 985 5288 verum
1018 5236 1179 5290 etiam
1210 5252 1308 5306 per
1351 5237 1588 5294 diversas
1628 5242 1930 5308 provincias

337 5343 445 5382 suo
474 5327 686 5394 ordine,
723 5337 778 5380 et
818 5328 921 5382 hoc
949 5337 1286 5384 reservatum
1317 5339 1417 5396 est,
1467 5339 1526 5385 ut
1573 5331 1930 5389 indiceremus

336 5420 636 5487 aliquando
679 5421 732 5474 in
762 5420 1034 5490 Numidia,
1075 5423 1368 5493 aliquando
1415 5424 1469 5477 in
1498 5424 1739 5496 Byzatio,
1772 5433 1933 5496 atque

337 5515 447 5567 hoc
467 5512 797 5566 laboriosum
819 5513 1069 5567 omnibus
1098 5513 1351 5568 fratribus
1374 5515 1550 5568 visum
1566 5525 1668 5570 est.

336 5622 634 5677 Concilium
668 5623 958 5678 universale
999 5641 1102 5679 non
1148 5625 1249 5679 nisi
1280 5629 1584 5680 necessitate
1612 5629 1926 5700 faciendum.

415 5707 576 5790 XCV.
611 5733 819 5791 Placuit
849 5744 905 5791 ut
937 5753 1042 5792 non
1089 5738 1158 5792 sit
1189 5739 1324 5793 ultra
1358 5738 1640 5808 fatigandis
1677 5739 1932 5798 fratribus

2023 448 2341 513 communis,
2369 450 2420 504 id
2451 458 2533 506 est
2559 451 2722 506 totius
2745 452 2955 519 African
2999 459 3353 526 undecunque
3374 458 3441 512 ad
3467 459 3604 514 hanc

2023 535 2203 593 sedem
2232 537 2299 594 de
2331 540 2434 595 hac
2462 555 2521 594 re
2549 541 2688 597 data:
2717 543 2908 598 littera:
2930 544 3146 614 fuerint,
3176 548 3606 617 congregaudam

2027 642 2146 684 esse
2174 631 2434 700 synodum
2463 633 2515 687 in
2541 649 2605 689 ea
2630 637 2905 705 provincia
2946 638 3036 693 ubi
3067 641 3444 709 opportunitas
3483 656 3608 710 per-

2025 721 2253 776 suaserit
2277 740 2288 774 :
2314 737 2488 778 causa:
2518 733 2697 780 autem
2725 742 2845 795 qua:
2873 743 3188 786 communes
3228 745 3337 784 non
3378 738 3526 798 sunt,
3551 729 3606 788 in

2024 813 2134 870 suis
2161 816 2451 884 provinciis
2470 816 2794 885 judicentur.

2170 924 2239 978 Ut
2267 925 2331 978 ab
2371 927 2542 980 electis
2564 929 2824 997 judicibus
2853 946 3130 999 provocare
3156 947 3258 985 non
3287 932 3461 985 liceat.

2097 1016 2275 1074 XCVI.
2307 1019 2364 1074 Si
2393 1028 2574 1075 autem
2602 1021 2762 1076 fuerit
2784 1031 3153 1091 provocatum,
3185 1023 3349 1091 eligat
3375 1023 3468 1092 qui
3490 1035 3612 1092 pro-

2024 1110 2300 1168 vocaverit
2331 1102 2574 1178 judices,
2624 1119 2681 1166 et
2733 1127 2854 1167 cum
2897 1128 2966 1167 eo
3010 1121 3067 1168 et
3095 1113 3186 1167 ille
3231 1123 3416 1169 contra
3445 1127 3608 1182 quem

2027 1203 2400 1272 provocaverit
2431 1220 2445 1256 :
2478 1211 2539 1257 ut
2577 1203 2646 1262 ab
2683 1203 2812 1274 ipsis
2838 1204 3094 1276 deinceps
3122 1205 3251 1260 nulli
3296 1205 3456 1260 liceat
3482 1218 3608 1274 pro—

2028 1307 2242 1348 vocare.

2224 1401 2301 1457 De
2329 1403 2668 1475 legationibus
2689 1405 3005 1460 diversan
3033 1405 3433 1476 proriuciarum.

2100 1490 2232 1545 Cum
2275 1493 2538 1547 universae
2588 1494 2883 1562 legationes
2930 1495 3262 1550 diversarum
3301 1492 3609 1565 provincia-

2029 1600 2147 1639 rum
2178 1586 2567 1654 allegarentur,
2612 1587 2916 1655 gratissime
2960 1579 3197 1657 accepta:
3241 1593 3386 1651 sunt,
3431 1583 3484 1639 id
3529 1589 3614 1639 est

2031 1675 2398 1744 Numidarum,
2447 1677 2870 1749 Byzaeenorum,
2918 1678 3222 1735 Maurorum
3260 1675 3612 1742 Sitifensium,

2033 1766 2267 1836 itemque
2295 1766 2723 1836 Caesariensium,
2755 1768 2849 1823 sed
2877 1777 2933 1823 et
2959 1768 3430 1848 Tripolitanorum.
3551 1775 3626 1846 ί.

2424 1878 2504 1936 De
2530 1883 2910 1938 exsecutoribus
2938 1881 3207 1936 Ecclesiae.

2102 1970 2307 2026 Placuit
2329 1980 2589 2042 prmterea
2618 1980 2679 2027 ut
2707 1980 3057 2029 exsecutores
3076 1973 3131 2027 in
3147 1971 3396 2027 omnibus
3409 1968 3617 2026 deside-

2032 2062 2128 2116 riis
2156 2077 2274 2131 qua:
2300 2062 2466 2118 habet
2491 2062 2732 2118 Ecclesia
2774 2063 3010 2133 quinque
3035 2061 3394 2132 postulentur,
3423 2058 3517 2129 qui
3557 2058 3616 2116 in

2033 2150 2258 2206 diversis
2285 2152 2574 2221 provinciis
2603 2152 2998 2222 impertiantur.

2037 2263 2106 2320 Ut
2137 2265 2200 2319 ab
2227 2267 2626 2336 imperatoribus
2662 2268 2948 2336 postuletur
2981 2268 3348 2322 advocatorum
3386 2265 3624 2336 defensio

2532 2355 2624 2408 pro
2654 2339 2822 2391 causis
2847 2338 3118 2393 Ecclesiw.

2110 2421 2313 2480 XCVII.
2347 2425 2554 2482 Placuit
2600 2427 2764 2482 etiam
2813 2435 2873 2483 ut
2920 2435 3105 2498 petant
3152 2443 3221 2483 ex
3248 2426 3466 2482 nomine
3493 2440 3620 2496 pro-

2036 2519 2332 2572 vinciarum
2361 2518 2601 2573 omnium
2641 2517 2802 2586 legati
2839 2518 3168 2586 perrecturi,
3217 2516 3527 2574 Vincentius
3564 2522 3623 2570 et:

2037 2608 2452 2664 Fortunatianus
2473 2625 2502 2663 a
2525 2608 2924 2677 gloriosissimis
2948 2609 3394 2679 imperatoribus:
3414 2607 3623 2664 utdent

2037 2699 2345 2754 facultatem
2377 2697 2688 2766 defensores
2713 2699 3075 2754 constituendi
3102 2697 3478 2764 scholasticos,
3526 2694 3623 2766 qui

2038 2789 2093 2844 in
2123 2797 2242 2844 actu
2271 2801 2414 2854 sunt,
2459 2789 2546 2844 vel
2575 2788 2627 2842 in
2668 2804 2892 2862 munere
2939 2788 3268 2846 defensionis
3312 2802 3624 2850 causarum,

2040 2888 2098 2933 ut
2121 2895 2273 2934 more
2299 2877 2637 2934 sacerdotum
2662 2878 2974 2949 provinciae,
3001 2878 3164 2932 iidem
3193 2876 3295 2947 ipsi
3322 2877 3412 2946 qui
3441 2873 3622 2931 defen-

2039 2973 2248 3028 sionem
2279 2971 2639 3026 Ecclesiarum
2663 2971 3019 3041 susceperint,
3049 2970 3286 3026 habeant
3313 2969 3630 3024 facultatem

1963 3111 2009 3172 C
2042 3080 2140 3134 pro
2170 3064 2397 3131 negotiis
2429 3061 2808 3128 Ecclesiarum,
2841 3063 3054 3133 quoties
3092 3061 3386 3118 necessitas
3413 3058 3634 3133 ﬂagitat

2350 3153 2407 3172 -.
2854 3153 3230 3172 Αιᾼημηιη-
3414 3150 3477 3172 ,λ
3521 3165 3585 3172 _-

2042 3155 2200 3217 verit,
2233 3154 2317 3208 vel
2345 3153 2412 3208 ad
2443 3152 2808 3208 obsistendum
2845 3153 3252 3222 obrepentibus,
3285 3152 3369 3206 vel
3411 3150 3482 3207 ad
3519 3165 3626 3208 Ito-

2037 3245 2270 3300 cessaria
2299 3244 2655 3314 suggerenda,
2687 3241 2897 3312 ingredi
2921 3243 3160 3314 judicum
3187 3241 3499 3298 secretaria.

2543 3354 2612 3410 Ut
2631 3356 2700 3409 sit
2728 3355 2914 3426 legatio
2942 3354 3126 3411 libera.

2113 3448 2320 3504 Placuit
2346 3456 2404 3501 ut
2431 3447 2757 3516 legationem
2788 3447 3014 3502 liberam
3039 3445 3276 3502 habeant
3301 3444 3371 3502 ad
3395 3445 3625 3502 comita—

2040 3547 2152 3630 tum
2180 3537 2329 3592 missi
2355 3535 2548 3592 delecti
2573 3535 2761 3604 legati.

2152 3648 2460 3701 Protestatio
2491 3645 2794 3700 Maurorum
2829 3648 3133 3718 pontiﬁcum
3161 3647 3226 3701 de
3252 3645 3514 3702 Primoso.

2115 3737 2448 3793 Protestatos
2501 3751 2622 3792 esse
2685 3744 2947 3806 pnnterea
2995 3735 3211 3791 Mauros
3261 3735 3632 3795 Cassarienses

2039 3837 2270 3895 constat,
2315 3827 2617 3884 Primosum
2659 3842 2759 3898 per
2797 3828 3120 3898 principales
3159 3827 3392 3883 civitatis
3419 3827 3622 3899 Thiga-

2040 3927 2221 3983 nensis
2249 3933 2573 3981 conventum
2605 3924 2798 3978 litteris
2824 3938 3012 3979 eorum
3033 3922 3218 3992 fuisse,
3240 3931 3301 3978 ut
3321 3923 3620 3980 secundum

2038 4017 2354 4088 principalia
2402 4017 2560 4082 scita,
2608 4016 2851 4086 plenario
2880 4016 3112 4071 concilio
3149 4016 3233 4071 sui
3279 4017 3626 4086 prmsentiam

2036 4107 2258 4172 faceret,
2301 4114 2358 4160 et
2399 4114 2458 4160 ut
2485 4105 2726 4174 oportuit
2763 4105 3050 4175 requisitus
3074 4103 3349 4161 Primosus
3376 4115 3620 4177 repertus

2039 4213 2146 4252 non
2173 4205 2275 4261 est,
2319 4195 2476 4251 sicuti
2503 4195 2713 4250 diaconi
2745 4198 3191 4250 renuntiaverunt
3214 4211 3227 4248 :
3251 4195 3346 4249 sed
3371 4197 3494 4265 quia
3519 4212 3620 4266 po-

2035 4294 2330 4357 poscerunt
2355 4285 2514 4340 iidem
2558 4285 2728 4339 Mauri
2749 4287 2817 4339 de
2844 4285 3086 4355 plenario
3111 4285 3342 4340 concilio
3364 4295 3620 4356 oportere

2036 4378 2246 4432 litteras
2274 4376 2532 4432 destinari
2573 4376 2642 4430 ad
2669 4374 3034 4430 venerabilem
3073 4374 3297 4429 fratrem
3324 4389 3507 4431 senem
3529 4375 3627 4430 1ης

1960 4512 2013 4573 D
2036 4472 2368 4540 nocentium,
2415 4472 2516 4526 has
2561 4471 2764 4542 placuit
2790 4470 2950 4534 mitti,
3000 4477 3061 4525 ut
3087 4478 3348 4539 agnoscat
3385 4471 3624 4542 requisi-

2036 4573 2150 4620 tum
2181 4563 2482 4621 Primosum
2511 4566 2566 4621 in
2601 4565 2854 4632 concilio,
2899 4573 2956 4620 et
2990 4566 3211 4621 minime
3243 4565 3410 4622 fuisse
3433 4579 3620 4640 reper-

2037 4664 2170 4712 tum.

2121 4767 2200 4822 De
2228 4768 2458 4838 plebibus
2488 4786 2603 4841 qum
2631 4785 2890 4838 nunquam
2912 4769 3177 4840 episcopos
3217 4745 3523 4824 habuerunt-1.

2107 4875 2332 4931 XCVIII.
2364 4875 2572 4933 Placuit
2599 4885 2653 4932 et
2680 4879 2831 4944 illud,
2877 4889 2936 4932 ut
2984 4867 3315 4949 plebesqua:
3343 4894 3625 4950 nunquam:

2035 4966 2340 5022 habuerunt
2378 4971 2625 5038 proprios
2651 4971 2954 5041 episcopos,
2989 4971 3090 5026 nisi
3119 4986 3187 5025 ex
3225 4971 3458 5026 concilio
3499 4973 3622 5042 plen

2034 5059 2188 5114 nario
2238 5060 2658 5131 uniuscujusque
2706 5063 2995 5132 provincias
3035 5072 3091 5117 et
3137 5063 3400 5133 primatis,
3453 5075 3622 5136 atquo-

2034 5167 2300 5208 consensu
2347 5155 2464 5222 ejus
2511 5156 2577 5209 ad
2624 5155 2778 5224 cujus
2824 5155 3098 5211 dioecesim
3144 5155 3331 5210 eadem
3370 5155 3622 5214 Ecclesia-

2035 5245 2356 5314 pertinebat,
2384 5245 2658 5301 decretum
2687 5246 2864 5311 fuerit,
2897 5245 3117 5299 minime
3146 5245 3435 5316 accipiant.

2072 5356 2154 5410 De
2188 5355 2419 5427 plebibus
2449 5357 2528 5412 vel
2552 5354 2850 5412 dioecesibus
2879 5371 2943 5410 ea:
2971 5354 3264 5410 Donatistis
3293 5359 3575 5413 conversis.

2106 5469 2290 5525 XCIX.
2323 5471 2465 5526 Sane
2494 5479 2552 5526 ut
2582 5471 2685 5528 illre
2713 5469 2896 5540 plebes
2943 5484 3062 5540 qua:
3104 5484 3379 5524 conversa:
3417 5477 3545 5524 sunt
3581 5485 3622 5524 a-

2036 5563 2348 5631 Donatistis,
2394 5573 2449 5617 et
2479 5565 2781 5619 habuerunt
2807 5563 3089 5634 episcopos
3134 5563 3251 5618 sine
3297 5563 3498 5633 dubio,
3533 5564 3616 5618 in-

2035 5653 2281 5708 consulto
2325 5654 2550 5708 concilio
2603 5654 2802 5710 habere
2847 5661 3160 5710 mereantur
3204 5673 3215 5706 :
3267 5670 3386 5726 qum
3434 5662 3621 5709 autem

2035 5743 2217 5814 plebes
2243 5743 2543 5800 habuerunt
2573 5745 2904 5818 episcopum,
2951 5753 3007 5802 et
3032 5760 3097 5805 co
3127 5744 3378 5809 defuncto
3421 5745 3610 5813 voluc-
