4104 6510
500 246 604 298 ἳῖὅ

1774 233 2131 295 DIONYSIUS
2168 235 2487 295 EXIGUUS.

3681 228 3794 288 216

498 370 607 424 rint
630 382 738 423 non
766 365 1076 437 episcopum
1102 366 1374 437 proprium
1404 365 1624 432 habere,
1645 362 1742 419 sed
1763 363 1830 418 ad
1854 361 2082 432 alicujus
2112 368 2157 424 Α
2188 359 2527 428 tempserint,
2559 358 2627 413 ad
2653 357 3024 429 pmnitentiam
3051 355 3382 425 redigantur,
3410 353 3464 409 in
3495 367 3600 426 qua
3625 366 3793 409 causa

498 459 740 533 episcopi
775 458 1050 514 dioecesim
1079 458 1375 528 pertinere,
1430 471 1537 509 non
1567 455 1647 510 eis
1674 468 1794 510 esse
1813 453 2084 523 denegan-

501 551 651 607 dum.
683 551 924 607 Necnon
963 557 1018 605 et
1043 549 1171 604 illud
1215 555 1527 618 suggestum
1578 557 1682 616 est,
1728 546 1873 617 quod
1901 546 2088 619 plebes

503 651 626 697 ante
655 642 827 711 legem
874 640 1215 711 imperatoris
1242 641 1312 697 de
1341 640 1547 694 unitate
1589 639 1755 694 latam
1783 639 2090 708 quicunque

500 742 950 790 converterentur
979 733 1219 802 episcopi
1257 731 1326 786 ad
1351 731 1696 794 catholicam,
1728 731 1830 800 ipsi
1857 743 1950 784 eas
1986 729 2080 784 ob-

501 827 673 882 tinere
713 826 980 881 debeant:
1014 841 1204 881 verum
1242 840 1274 879 a
1317 825 1435 894 lege
1459 824 1698 890 unitatis,
1730 831 1788 878 et
1815 823 2085 891 deinceps,

499 925 751 988 oporteat
773 916 1055 972 universas
1076 915 1348 973 Ecclesias
1375 917 1650 972 vindicare
1678 915 1778 970 sibi
1807 915 2091 984 episcopos

499 1010 796 1066 catholicos
835 1022 1026 1065 eorum
1056 1011 1322 1073 locorum,
1357 1009 1424 1064 ad
1451 1024 1572 1078 quae
1599 1009 1718 1064 loca
1746 1007 1849 1063 sub
1871 1006 2091 1061 haereti-

499 1103 580 1158 cis
616 1101 960 1172 pertinebant
988 1099 1073 1154 vel
1117 1114 1501 1155 conversorum
1539 1098 1606 1152 ad
1635 1096 1981 1162 catholicam,
2003 1092 2090 1149 vel

500 1208 611 1248 non
653 1207 1044 1248 conversorum
1075 1191 1475 1258 haereticorum,
1521 1196 1578 1244 et
1620 1189 1898 1253 dimceses,
1949 1191 2007 1241 et
2043 1185 2091 1240 si

500 1299 608 1353 qua
637 1284 775 1340 forte
811 1291 936 1338 sunt
959 1283 1316 1337 instrumenta
1346 1280 1622 1348 Ecclesiae,
1655 1279 1744 1335 vel
1769 1279 1834 1335 ad
1867 1277 1985 1347 ejus
2003 1275 2092 1344 jus

501 1375 850 1444 pertinentia.
901 1373 1004 1440 Qui
1049 1388 1180 1431 vero
1206 1373 1387 1444 aliqua
1417 1379 1832 1443 usurpaverant,
1858 1378 1984 1442 post
2008 1369 2090 1424 le-

501 1486 624 1542 gem
651 1479 911 1543 usurpata
937 1471 1191 1527 conventi
1219 1470 1530 1524 restituant.

793 1585 867 1640 De
886 1587 1214 1656 suggestione
1241 1583 1526 1639 Maurentii
1557 1584 1807 1655 episwpi.

573 1699 635 1758 C.
677 1700 758 1756 Ad
805 1701 1205 1770 suggestionem
1253 1700 1339 1756 vel
1383 1699 1808 1775 postulationem
1851 1698 2090 1771 episcopi

504 1793 807 1859 Maurentii,
852 1810 972 1849 cum
1017 1794 1158 1849 lecta
1206 1793 1393 1849 fuisset
1437 1793 1636 1849 scheda
1685 1809 1847 1863 quam
1895 1792 2094 1848 obtulit

505 1886 793 1955 episcopus
822 1883 1202 1952 Placentinus,
1241 1886 1336 1955 qui
1383 1899 1670 1955 personam
1718 1885 1879 1954 legati
1909 1883 2096 1940 Numi-

505 1982 713 2036 diarum
743 1989 934 2051 gestat,
967 1981 1234 2036 sententia
1263 1980 1503 2050 ejusdem
1546 1979 1846 2036 Placentini
1875 1979 2099 2034 recitata

506 2071 668 2127 estin
696 2080 990 2141 conspectu
1037 2071 1437 2141 episcoporum,
1487 2077 1542 2125 et
1581 2085 1706 2125 cum
1734 2077 2102 2141 quaererentur

456 2165 458 2167 ’
509 2165 565 2219 hi
598 2179 735 2234 quos
773 2164 960 2220 adesse
1006 2165 1178 2220 voluit
1207 2180 1235 2218 a
1261 2164 1504 2220 diaconis
1531 2180 1630 2236 pro
1660 2165 1886 2232 foribus,
1918 2166 1969 2220 id
1995 2175 2101 2235 est,

506 2258 748 2313 seniores
775 2271 805 2310 a
833 2271 972 2311 nova
1000 2257 1308 2322 Germania,
1358 2272 1422 2313 ac
1456 2258 1676 2326 minime
1704 2258 2100 2323 invenirentur,

509 2346 747 2402 secundo
775 2346 861 2401 vel
891 2347 1051 2401 tertio
1090 2347 1333 2416 requisiti
1368 2366 1380 2400 :
1412 2355 1700 2418 propterea
1734 2347 1948 2404 censuit
1973 2363 2101 2402 san-

509 2445 656 2492 ctum
687 2437 973 2492 concilium
1019 2437 1294 2521 utjitterte
1323 2439 1390 2492 ad
1417 2438 1664 2494 eumdem
1687 2454 1871 2494 senem
1884 2437 2105 2508 Xantip-

510 2543 638 2598 pum
670 2535 1060 2599 praerogentur,
1093 2543 1202 2599 quo
1237 2528 1450 2584 noverit
1473 2529 1741 2584 voluntati
1779 2529 1950 2599 plebis
1991 2543 2105 2583 me-

510 2629 732 2676 moratas
777 2620 924 2675 nullo
973 2619 1136 2675 modo
1182 2619 1433 2690 injuriam
1461 2622 1702 2692 episcopi
1747 2621 2132 2676 succumben-r

511 2713 656 2767 dum.
693 2710 1020 2767 Maurentius
1042 2713 1332 2782 episcOpns
1359 2711 1496 2766 dixit
1521 2730 1533 2764 :
1567 2711 1832 2777 Quoniam
1861 2710 2108 2780 requisiti

512 2812 638 2858 sunt
663 2803 904 2858 seniores
933 2818 962 2855 a
986 2818 1129 2857 nova
1175 2802 1460 2857 Germania
1490 2803 1732 2858 secundo
1759 2817 1821 2858 ac
1843 2803 2021 2869 tertio,
2053 2811 2108 2858 et

515 2909 623 2947 non
658 2899 786 2948 sunt
809 2892 1034 2959 inventi,
1083 2893 1275 2960 quibus
1331 2904 1658 2964 praeceptum
1689 2899 1806 2948 erat
1827 2908 1857 2947 a
1879 2893 2110 2964 primate

517 2998 576 3043 nt
605 2997 958 3044 occurrerent
985 2988 1051 3042 ad
1080 2989 1390 3044 venerabile
1421 2989 1732 3055 concilium,
1781 2989 1928 3059 quod
1968 3004 2110 3044 nunc

518 3079 694 3148 agitur
721 3079 896 3134 idibus
935 3076 1126 3143 Iuniis,
1177 3094 1328 3134 suam
1372 3079 1667 3134 absentiam
1707 3087 2101 3150 procurarunt:

519 3169 726 3226 idcirco
755 3169 1012 3224 decernat
1052 3185 1118 3224 ex
1149 3171 1249 3225 hac
1290 3185 1349 3225 re
1375 3171 1575 3240 aliquid
1603 3171 1863 3226 sanctitas
1909 3179 2106 3234 vestra,

519 3280 588 3318 ne
616 3263 716 3318 sub
743 3262 991 3318 molestia
1013 3261 1293 3317 calumnize
1335 3263 1574 3333 ipsorum
1627 3263 1886 3318 innocens
1924 3262 2113 3317 videar

520 3357 808 3413 laborare:
841 3355 1134 3412 concilium
1164 3363 1412 3410 sanctum
1442 3354 1654 3422 statuit,
1702 3354 1952 3410 debuisse
1994 3354 2114 3422 qui-

517 3451 646 3506 dem
674 3447 972 3504 sccundum
1001 3460 1288 3502 censuram
1331 3443 1730 3501 sacerdotalem
1755 3459 1823 3499 ex
1852 3445 1957 3500 hoc
1983 3459 2117 3499 con-

521 3543 648 3598 cilio
676 3541 934 3597 adversus
957 3547 1308 3595 contumaces
1336 3537 1466 3593 ferri
1490 3537 1852 3593 sententiam:
1875 3535 1969 3593 sed
1989 3535 2116 3605 quia

523 3632 882 3690 mansuetudo
928 3631 1304 3697 ecclesiastica
1349 3629 1611 3686 servanda
1651 3637 1735 3686 est
1783 3631 1839 3684 in
1867 3627 2118 3685 omnibus

522 3725 719 3791 causis,
747 3723 1028 3794 promissa:
1057 3730 1186 3779 sunt
1212 3721 1408 3777 litterae
1437 3720 1507 3776 ad
1549 3735 1736 3776 senem
1761 3718 2116 3790 Xantippum,

523 3829 582 3872 ut
610 3818 862 3872 noverint
882 3816 1091 3885 judices
1109 3816 1180 3871 de
1207 3815 1442 3872 concilio
1483 3815 1692 3870 electos
1718 3814 1836 3869 sine
1859 3812 2120 3867 dilatione

525 3909 876 3964 considerare
903 3905 1104 3963 debere
1130 3909 1184 3962 in
1212 3908 1431 3962 civitate
1460 3905 1901 3971 Thubursicensi,
1939 3913 2000 3959 ut
2022 3919 2122 3960 ne-

523 3999 675 4066 gotio
703 4012 1001 4068 congruum
1030 3998 1350 4054 adhibeatur
1375 4012 1628 4053 examen.
1655 3995 1988 4052 Maurentius
2007 3995 2121 4068 epi-

525 4105 727 4160 scopus
746 4087 1168 4144 dixit:Judices
1213 4099 1342 4159 peto
1388 4097 1634 4144 sanctum
1681 4102 1867 4144 senem
1895 4085 2124 4158 Xantip-

529 4195 677 4249 pum,
723 4187 973 4234 sanctum
1001 4178 1379 4248 Augustinum,
1413 4176 1765 4242 Florentium,
1811 4175 2117 4243 Theasium,

528 4271 867 4336 Sansucium,
918 4270 1249 4335 Secundum,
1299 4277 1354 4325 et
1405 4268 1701 4334 Posidium,
1752 4267 1855 4324 hos
1901 4267 2124 4324 decerni

529 4364 660 4418 mihi
699 4363 951 4431 iubeatis.
994 4363 1254 4419 Sanctum
1294 4362 1588 4418 concilium
1617 4362 1890 4418 concessit
1911 4361 2123 4431 judices

529 4454 850 4522 postulatos,
894 4453 1134 4524 reliquos
1173 4462 1360 4508 autem
1404 4453 1620 4524 judices
1649 4452 1717 4508 ad
1742 4451 2120 4523 complendum

531 4558 818 4598 numerum
857 4545 1228 4612 necessarios,
1274 4544 1598 4613 eligentibus
1639 4544 1772 4615 ipsis
1817 4543 2122 4600 senioribus

532 4651 560 4688 a
592 4649 733 4688 nova
781 4635 1066 4690 Germania
1086 4673 1102 4701 ,
1131 4650 1294 4690 senex
1324 4634 1628 4706 Xantippus
1670 4635 1881 4690 curavit
1927 4633 2121 4691 decer-

529 4739 683 4781 nere.

564 4835 647 4892 De
698 4837 1041 4910 paciﬁcandis
1069 4836 1319 4895 Ecclesiis
1351 4835 1590 4892 Romana
1627 4846 1676 4890 et
1706 4837 2079 4898 Alexandrina.

602 4951 690 5007 Cl.
722 4950 931 5007 Placuit
980 4952 1141 5006 etiam
1188 4961 1247 5006 ut
1291 4951 1360 5007 de
1389 4952 1723 5010 dissensione
1753 4952 2010 5010 Romana:
2037 4963 2122 5010 at-

527 5057 632 5111 que
655 5042 1034 5098 Alexandrinm
1060 5041 1312 5098 Ecclesiae
1361 5043 1426 5097 ad
1467 5051 1714 5098 sanctum
1741 5059 1934 5114 papam
1964 5045 2124 5103 Inno-

527 5134 768 5188 centium
791 5135 1084 5198 scribatur,
1111 5149 1222 5203 quo
1246 5142 1472 5202 utraque
1501 5133 1745 5190 Ecclesia
1769 5137 1907 5193 intra
1934 5153 1994 5195 sc
2026 5155 2122 5210 pa-

528 5238 671 5289 cem,
699 5239 860 5294 quam
891 5226 1149 5295 praecepit
1177 5224 1453 5286 Dominus,
1485 5230 1689 5279 teneat.
1729 5263 1731 5265 ι

530 5339 608 5393 De
636 5340 714 5394 liis
743 5341 831 5410 qui
855 5357 1063 5406 uxores,
1087 5349 1178 5394 aut
1205 5355 1319 5412 qua!
1343 5341 1478 5393 viros
1511 5338 1796 5409 dimittunt,
1822 5351 1878 5394 ut
1905 5343 1985 5396 sic
2003 5359 2117 5398 nia--

1234 5418 1411 5464 neunt.

601 5498 710 5555 Cll.
744 5500 949 5557 Placuit
996 5511 1075 5566 ut,
1135 5501 1431 5556 secundum
1485 5505 1850 5573 evangelicam
1899 5513 1952 5559 et
1985 5519 2121 5574 apo-

527 5593 774 5648 stolicam
803 5593 1164 5663 disciplinam,
1216 5608 1391 5661 neque
1420 5593 1668 5650 dimissus
1707 5596 1774 5651 ab
1803 5611 1992 5662 uxore,
2029 5611 2123 5651 ne-

527 5699 634 5749 que
675 5681 894 5737 dimissa
942 5699 972 5739 a
1013 5684 1229 5748 marito,
1274 5685 1428 5738 alteri
1473 5685 1854 5755 coniungatur,
1904 5687 1997 5744 sed
2045 5687 2119 5745 ita

529 5784 800 5844 tumeant,
847 5785 938 5832 aut
986 5777 1203 5833 sibimet
1248 5779 1700 5834 reconcilientur:
1732 5779 1872 5849 quod
1915 5781 1956 5835 si
1993 5796 2122 5836 con-

2189 454 2361 522 legem
2386 453 2717 523 imperialem
2747 450 3035 524 petendam
3065 449 3416 522 promulgari.

2535 565 2616 621 De
2637 565 2874 631 precibus
2895 565 2963 619 ad
2991 565 3160 620 altare
3187 563 3445 618 dicendis.

2261 680 2392 738 Clll.
2424 679 2630 736 Placuit
2671 681 2834 736 etiam
2863 681 2990 746 hoc,
3039 687 3099 734 ut
3141 693 3332 750 preces
3370 692 3491 746 quae
3545 677 3791 748 probatae

2188 774 2390 830 fuerint
2417 774 2470 828 in
2501 773 2756 840 concilio,
2800 773 2916 827 sive
2963 768 3330 841 prmfationes,
3359 769 3476 826 sive
3501 783 3789 822 commen-

2189 863 2458 929 dationes,
2489 878 2584 920 seu
2626 877 2818 917 manus
2843 862 3236 931 impositiones,
3267 860 3337 914 ab
3363 859 3612 915 omnibus
3639 859 3791 914 cele-

2190 952 2439 1022 brentur,
2468 969 2570 1008 nec
2599 954 2718 1008 aiiae
2746 953 2968 1008 omnino
3004 961 3193 1007 contra
3223 949 3381 1005 fidem
3410 949 3790 1020 praeferantur,

2189 1047 2288 1103 sed
2331 1060 2666 1116 quzecunque
2705 1060 2738 1100 a
2804 1043 3242 1116 prudentioribus
3303 1041 3503 1096 fuerint
3543 1040 3789 1098 collectae

2191 1139 2457 1196 dicantur.

2193 1254 2274 1308 De
2299 1253 2378 1308 his
2414 1254 2501 1326 qui
2529 1255 2848 1320 publicorum
2871 1253 3190 1325 jndiciorum
3208 1251 3564 1326 cognitionem
3593 1248 3658 1302 ab
3687 1248 3790 1302 im-

2479 1373 2486 1380 .
2683 1323 2922 1396 peratore
2949 1323 3298 1395 poposcerint.

2265 1437 2398 1494 CIV.
2433 1437 2663 1506 Placuit,
2703 1445 2764 1492 ut
2810 1437 3115 1508 quicunque
3143 1434 3212 1489 ab
3241 1435 3570 1505 imperatore
3597 1431 3790 1501 cogni-

2197 1533 2398 1587 tionem
2424 1530 2750 1600 judiciorum
2786 1528 3128 1598 publicorum
3157 1526 3391 1597 petierit,
3424 1525 3631 1579 honore
3662 1539 3791 1593 pro-

2194 1623 2316 1694 prio
2343 1623 2584 1693 privetur
2609 1639 2620 1674 :
2647 1621 2692 1676 si
2715 1628 2896 1674 autem
2914 1619 3223 1690 episcopale
3246 1617 3506 1687 judicium
3535 1616 3601 1670 ab
3625 1616 3794 1687 impe-

2194 1720 2377 1768 ratore
2399 1711 2708 1782 postularit,
2736 1709 2870 1764 nihil
2897 1711 2948 1765 ei
2975 1709 3138 1765 obsit.

2204 1824 2285 1879 De
2310 1824 2387 1878 his
2418 1825 2524 1896 qui,
2556 1839 2671 1877 cum
2697 1823 2751 1876 in
2773 1822 2953 1894 Africa
2973 1819 3504 1896 non_communicant,
3531 1818 3793 1874 coluerint

2675 1891 2828 1946 trans
2845 1907 2988 1946 mare
3011 1891 3302 1960 subrepere.

2272 2005 2381 2062 CV.
2415 2005 2729 2075 Quicunque
2751 2012 2930 2059 autem
2953 2019 3060 2058 non
3087 2003 3490 2059 communicans
3517 2003 3569 2057 in
3588 2001 3796 2068 Africa,

2201 2097 2249 2154 si
2287 2097 2339 2153 in
2379 2096 2752 2152 transmarinis
2793 2095 2860 2150 ad
2913 2095 3422 2150 communicandum
3468 2094 3796 2166 obrepserit,

2197 2187 2465 2259 jacturam
2493 2188 2783 2243 clericatus
2811 2185 3062 2256 excipiat.
3797 2193 3804 2211 τ

2209 2302 2278 2358 Ut
2309 2311 2578 2375 pergentes
2604 2302 2672 2375 a_d
2695 2303 3236 2375 comitatumcausarn
3262 2318 3432 2369 suam,
3461 2298 3798 2356 vetCartha—

2259 2372 2480 2445 ginensi,
2512 2375 2590 2428 vel
2615 2372 2852 2427 Romano
2872 2373 3108 2444 pontiﬁci
3136 2373 3406 2426 insinuare
3428 2381 3724 2441 procurent.

2273 2463 2405 2520 CVI.
2442 2463 2672 2532 Placuit,
2703 2472 2764 2519 ut
2791 2465 3100 2535 quicunque
3128 2463 3192 2516 ad
3241 2463 3553 2518 comitatum
3587 2464 3665 2518 ire
3693 2478 3796 2518 vo-

2206 2557 2386 2623 luerit,
2441 2558 2495 2611 in
2542 2556 2795 2624 formata,
2843 2571 2948 2626 qua
2997 2557 3062 2610 ad
3111 2556 3259 2610 urbis
3293 2555 3472 2610 Roma:
3500 2555 3801 2611 Ecclesiam

2205 2643 2476 2711 mittitur,
2513 2647 2792 2702 intimetur
2830 2665 2842 2699 :
2876 2655 2936 2701 ut
2985 2646 3109 2702 inde
3155 2647 3320 2701 etiam
3369 2645 3436 2700 ad
3483 2647 3803 2702 comitatum

2209 2739 2494 2796 formatam
2525 2740 2774 2810 accipiat.
2799 2737 2951 2806 Quod
2978 2739 3025 2793 si
3051 2739 3319 2810 accipiens
3347 2739 3414 2792 ad
3439 2737 3667 2792 Romam
3691 2748 3808 2792 tan-

2212 2834 2491 2889 tummodo
2517 2833 2826 2900 formatam,
2855 2841 2912 2888 et
2941 2841 3125 2888 tacens
3151 2833 3551 2898 necessitatem,
3583 2846 3705 2901 quae
3734 2832 3806 2887 ad

2212 2929 2526 2984 comitatum
2553 2927 2626 2982 illi
2656 2927 2986 2998 pergendum
3015 2934 3118 2990 est,
3162 2925 3397 2981 voluerit
3424 2925 3583 2980 etiam
3615 2925 3682 2978 ad
3708 2940 3806 2980 co-

2215 3023 2462 3078 mitatum
2492 3037 2745 3092 pergere,
2770 3037 2801 3075 a
2834 3020 3217 3076 communione
3255 3027 3619 3074 removeatur.
3651 3016 3807 3084 Quod

2139 3125 2186 3187 C
2217 3116 2263 3168 si
2301 3113 2375 3169 ibi
2404 3113 2589 3168 Romae
2639 3113 2690 3166 ei
2718 3112 2996 3180 repentina
3047 3109 3341 3165 necessitas
3382 3117 3502 3164 orta
3541 3107 3706 3162 fuerit
3741 3106 3810 3160 ad

2215 3207 2533 3262 comitatum
2562 3203 2842 3275 pergendi,
2885 3204 3083 3272 alleget
3129 3201 3270 3272 apud
3320 3201 3632 3271 episcopum
3663 3199 3813 3254 urbis

2217 3298 2404 3354 Romtc
2433 3299 2602 3368 ipsam
2631 3297 3034 3360 necessitatem,
3086 3303 3142 3350 et
3169 3295 3237 3350 de
3279 3294 3388 3350 hoc
3433 3293 3636 3364 scripta
3666 3293 3815 3362 ejus-

2215 3391 2338 3448 dem
2371 3388 2596 3445 Romani
2618 3389 2859 3460 episcopi
2885 3387 3141 3457 perferat.
3170 3385 3436 3441 Formam:
3465 3393 3646 3439 autem
3692 3399 3816 3453 qua:

2217 3495 2250 3536 a
2275 3479 2594 3551 primatibus
2632 3478 2779 3533 vela
2829 3477 3237 3548 quibuseunque
3285 3474 3554 3546 episcopis
3599 3475 3816 3530 clericis

2219 3574 2452 3645 propriis
2479 3573 2696 3638 dantur,
2735 3571 2971 3626 habeant
3008 3569 3151 3625 diem
3181 3567 3442 3623 Pascha:
3473 3566 3616 3638 quod
3643 3567 3690 3621 si
3720 3566 3816 3621 ad-

2219 3665 2326 3723 huc
2348 3664 2593 3734 ejusdem
2622 3663 2750 3717 anni
2773 3660 2998 3716 Pascha:
3025 3660 3142 3716 dies
3167 3660 3409 3714 incertus
3431 3665 3533 3722 est,
3566 3657 3659 3712 ille
3685 3672 3818 3726 pne-

2221 3757 2423 3813 cedens
2451 3757 2792 3826 adjungatur,
2840 3754 3116 3825 quomodo
3142 3753 3283 3809 solet
3326 3759 3452 3823 post
3477 3752 3817 3808 consulatum

2221 3849 2279 3905 in
2306 3849 2533 3920 publicis
2560 3849 2726 3918 gestis
2747 3847 2962 3904 ascribi.
2991 3847 3200 3902 Placuit
3221 3855 3276 3900 et
3297 3845 3446 3911 illud,
3471 3853 3530 3900 ut
3557 3845 3818 3900 adversus

2222 3939 2532 3996 Donatistas
2579 3948 2637 3994 et
2682 3953 2941 4010 paganos,
3014 3938 3102 3993 vel
3148 3952 3338 3993 eorum
3377 3937 3814 4008 superstitiones,

2223 4030 2387 4100 legati
2417 4030 2566 4088 missi
2595 4029 2662 4085 de
2711 4029 2817 4085 hoc
2843 4027 3084 4098 glorioso
3111 4025 3364 4091 concilio,
3396 4024 3655 4094 quidquid
3687 4024 3820 4079 utile

2223 4122 2576 4194 perviderint,
2606 4120 2674 4176 de
2703 4117 3105 4188 gloriosissimis
3136 4117 3470 4187 principibus
3498 4116 3816 4184 impetrent.

2226 4214 2437 4271 Placuit
2462 4215 2626 4270 etiam
2675 4211 2848 4283 petitu
2892 4209 3134 4266 omnium
3163 4209 3564 4278 episcoporum,
3611 4214 3674 4260 ut
3699 4205 3818 4275 cpi-

2222 4311 2378 4368 stolis
2398 4307 2649 4364 omnibus
2684 4305 2754 4360 de
2782 4303 3014 4359 concilio
3045 4302 3236 4357 dandis
3280 4300 3540 4356 sanctitas
3567 4307 3656 4352 tua
3702 4298 3818 4352 sola

2223 4401 2544 4460 subscribat.
2605 4397 2675 4452 Et
2719 4395 3178 4464 subscripserunt.
3229 4391 3480 4448 Aurelius
3527 4391 3820 4460 episcopus

2150 4487 2665 4571 DCarthaginensis
2713 4485 2839 4539 huic
2883 4483 3105 4538 decreto
3134 4481 3409 4549 consensi,
3458 4489 3514 4535 et
3561 4478 3819 4549 przclecto

2225 4578 2543 4650 subscripsi.
2575 4575 2836 4632 Similiter
2871 4582 2928 4630 et
2965 4573 3148 4629 caeteri
3194 4572 3438 4642 episcopi
3483 4569 3820 4640 subscripse~

2225 4682 2370 4730 runt.

2447 4782 2736 4837 Concilium
2765 4785 2945 4833 contra
2971 4793 3204 4849 paganos
3229 4785 3278 4830 et
3308 4774 3595 4830 luereticos.

2296 4901 2466 4955 Basso
2516 4905 2573 4951 et
2624 4893 2872 4966 Philippo
2901 4909 2988 4946 vv.
3022 4907 3104 4946 cc.
3154 4906 3333 4945 conss.
3374 4905 3463 4948 xvi
3505 4887 3606 4942 cal.
3650 4885 3822 4941 Julias

2229 4988 2572 5060 Carthagine,
2605 4987 2657 5041 in
2687 4983 2982 5040 secretario
3029 4981 3267 5038 basilica:
3297 4979 3580 5034 restitute.
3624 4976 3686 5032 In
3713 4977 3819 5034 hoc

2231 5081 2464 5140 concilio
2513 5078 2841 5148 legationem
2883 5075 3078 5134 iterum
3126 5071 3363 5142 suscepit
3402 5069 3821 5127 Fortunatianus

2231 5175 2518 5247 episcopus
2539 5177 2727 5226 contra
2754 5181 2992 5239 paganos
3021 5172 3075 5220 et
3100 5164 3408 5219 hmreticos.

2377 5287 2512 5348 Item
2539 5284 2814 5339 concilium
2842 5290 3023 5338 contra
3042 5295 3276 5351 paganos
3304 5285 3355 5331 et
3382 5277 3671 5332 Iucreticos.

2307 5401 2472 5458 Basso
2501 5407 2560 5453 et
2586 5396 2835 5466 Philippo
2858 5410 2949 5450 vv.
3002 5407 3090 5450 cc.
3135 5405 3317 5447 conss.
3349 5405 3407 5445 tu
3431 5389 3549 5444 idus
3571 5388 3822 5446 Octobris

2233 5493 2578 5560 Carthagine,
2623 5491 2677 5546 in
2697 5488 2993 5545 secretario
3019 5485 3256 5540 basilicae
3296 5484 3574 5539 restitutae.
3605 5483 3664 5538 In
3713 5485 3822 5540 hoc

2233 5587 2470 5647 concilio
2497 5590 2853 5654 susceperunt
2893 5580 3220 5651 legationem
3269 5577 3570 5633 Restitutus
3607 5585 3664 5632 et
3691 5577 3820 5633 Flo-

2233 5678 2442 5738 rentius
2486 5673 2727 5745 episcopi
2775 5678 2963 5728 conlra
3017 5683 3255 5742 paganos
3321 5676 3377 5722 et
3422 5668 3706 5724 haereticos
3752 5684 3822 5724 eo

2237 5784 2480 5844 tempore
2533 5783 2640 5839 quo
2693 5767 2923 5823 Severus
2972 5753 3025 5820 εἰ
3065 5763 3330 5820 Macarius
3359 5765 3530 5837 occisi
3578 5775 3723 5833 sunt,
3768 5773 3820 5822 et
