4104 6482
280 288 385 343 117

1265 290 1485 348 CODEX
1521 289 1852 349 CANONUII
1893 288 2604 347 ECCLESIASTICORUM.

3462 296 3568 351 2l8

284 413 511 474 propter
535 417 725 459 eorum
754 416 969 457 causam
1007 399 1266 467 Evodius,
1296 400 1577 466 Theasius,
1606 409 1661 455 et
1688 400 1872 455 Victor
1903 404 1944 458 Î‘
2046 414 2291 476 agamus,
2319 400 2412 453 sed
2437 400 2607 476 etiam
2652 399 2980 476 dilectionem
3034 399 3187 457 nobis
3230 404 3471 476 inspirat,
3513 418 3570 461 ut

284 497 533 569 episcopi
561 495 686 551 czesi
708 503 854 550 sunt.

598 605 886 662 Concilium
916 604 978 657 de
1006 604 1299 674 cognitione
1326 602 1573 673 episc0pi.

366 721 521 778 CVII.
551 719 962 777 Gloriosissimis
1017 718 1431 789 imperatoribus
1464 716 1702 771 IIonorio
1727 734 1799 772 vn
1829 726 1884 773 et

287 813 603 871 Theodosio
623 830 679 869 nt
700 814 838 881 Aug.
869 828 1074 872 conss.,
1101 827 1208 865 xvu
1228 812 1331 866 cal.
1362 810 1531 865 Julias
1558 809 1883 880 Carthagine

290 904 349 958 in
374 904 591 960 basilica
624 904 861 971 regionis
906 900 1175 957 secundae.
1210 900 1267 955 In
1299 903 1401 955 hoc
1428 902 1657 956 concilio
1686 901 1885 970 placuit

290 1002 357 1049 ut
403 1012 510 1049 non
554 994 654 1048 sibi
707 1010 844 1047 unus
884 994 1171 1063 episcopus
1228 992 1461 1046 vindicet
1499 993 1879 1059 cognitionem.

290 1084 457 1141 Gesta
486 1086 643 1154 hujus
665 1086 876 1141 concilii
901 1085 1022 1140 ideo
1054 1101 1161 1139 non
1187 1085 1466 1154 descripsi,
1489 1086 1743 1155 quoniam
1766 1101 1886 1156 pro-

294 1178 549 1242 vinciale,
579 1194 688 1232 non
722 1178 1022 1232 universale
1051 1177 1383 1232 celebratum
1412 1188 1512 1233 est.

666 1290 959 1343 Concilium
984 1299 1166 1343 contra
1192 1288 1516 1344 Donatistas.

366 1394 499 1451 Post
547 1398 883 1453 consulatum
938 1400 1448 1467 gloriosissimorum
1500 1403 1885 1472 imperatorum

294 1488 525 1545 Honorii
553 1506 643 1545 vm
674 1499 730 1545 et
758 1491 1044 1546 Theodosii
1076 1508 1130 1547 Ill
1164 1495 1357 1563 Augg.,
1391 1510 1518 1548 xvm
1568 1497 1669 1548 cal.
1717 1494 1886 1550 Iulias

295 1580 623 1652 Carthagine
647 1584 700 1636 in
730 1584 949 1639 basilica
979 1585 1216 1655 regionis
1244 1586 1513 1640 secundae.
1548 1586 1605 1640 In
1638 1588 1741 1642 hoc
1763 1605 1889 1643 con-

295 1672 425 1727 cilio
454 1673 779 1741 legationem
810 1684 1164 1744 susceperunt
1193 1685 1382 1730 contra
1413 1675 1735 1742 Donatistas,
1758 1677 1884 1733 Flo-

296 1766 526 1831 rentius,
560 1764 853 1830 Possidius,
885 1763 1190 1836 Pnesidius,
1213 1776 1267 1823 et
1295 1768 1601 1825 Benenatus
1622 1771 1880 1841 episcopi,

294 1873 367 1913 eo
413 1868 660 1928 tempore
706 1873 814 1928 quo
860 1860 947 1913 lex
995 1860 1119 1914 data
1169 1866 1273 1922 est,
1319 1867 1380 1915 ut
1414 1856 1582 1916 libera
1612 1862 1891 1918 voluntate

295 1951 421 2020 quis
445 1951 649 2005 cultum
680 1952 1098 2007 Christianitatis
1127 1952 1427 2023 exciperet.

432 2065 718 2120 Concilium
747 2076 928 2120 contra
952 2065 1187 2119 hazresim
1213 2063 1420 2137 Pelagii
1442 2073 1489 2120 et
1518 2064 1761 2121 Caelestii.

366 2173 547 2230 CVIII.
577 2175 988 2232 Gloriosissimis
1018 2177 1434 2246 imperatoribus
1474 2176 1713 2234 Honorio
1738 2196 1811 2235 xu
1835 2187 1890 2235 et

347 2267 607 2323 heodosio
658 2285 711 2323 1x
762 2267 930 2337 Augg.
973 2284 1177 2333 conss.,
1226 2269 1329 2324 cal.
1368 2269 1537 2326 Maias
1564 2271 1890 2340 Carthagine

293 2358 348 2411 in
379 2360 677 2413 secretario
703 2359 941 2414 basilica:
970 2359 1172 2413 Fausti.
1225 2358 1359 2414 Cum
1387 2361 1640 2416 Aurelius
1681 2364 1891 2433 episco-

290 2464 395 2519 pus
424 2450 713 2505 universali
744 2451 975 2506 concilio
1002 2452 1353 2519 consedisset,
1372 2454 1670 2509 astantibus
1699 2453 1887 2509 diaco-

288 2541 396 2603 nis,
428 2537 631 2609 placuit
658 2541 905 2595 omnibus
962 2542 1250 2612 episcopis,
1299 2558 1530 2613 quorum
1580 2545 1801 2600 nomina
1833 2553 1889 2600 et

288 2632 716 2701 subscriptiones
746 2634 930 2689 inditae
953 2644 1098 2702 sunt,
1134 2637 1188 2689 in
1215 2647 1402 2692 sancta
1434 2637 1639 2710 synodo
1668 2637 1889 2693 Cartha-

286 2722 538 2793 ginensis
562 2720 815 2778 Ecclesiae
839 2727 1167 2780 constitutis.

462 2834 614 2899 Quod
642 2836 810 2890 Adam
836 2855 941 2891 non
969 2840 1035 2891 sit
1066 2841 1234 2909 {actus
1263 2856 1294 2892 a
1328 2839 1436 2895 Deo
1461 2843 1719 2895 mortalis.

363 2926 501 2983 CIX.
537 2926 607 2982 Ut
633 2930 944 2999 quicunque
990 2929 1120 2984 dicit
1150 2931 1321 2988 Adam
1352 2934 1583 3002 primum
1614 2934 1888 2989 hominem

282 3026 580 3081 mortalem
609 3026 832 3091 factum,
867 3028 939 3080 ita
969 3036 1027 3081 ut
1056 3029 1170 3083 sive
1198 3036 1454 3099 peccaret
1477 3031 1592 3084 sive
1619 3046 1728 3084 non
1756 3046 1888 3099 pee-

283 3128 461 3185 caret,
505 3128 813 3174 moreretur
842 3120 894 3173 in
940 3135 1194 3190 corpore,
1246 3122 1351 3176 hoc
1399 3130 1499 3187 est,
1545 3121 1615 3177 de
1656 3137 1887 3192 corpore

284 3211 487 3273 exiret,
519 3226 627 3265 non
660 3212 867 3281 peccati
896 3212 1112 3279 merito,
1165 3212 1261 3267 sed
1291 3214 1616 3270 necessitate
1656 3223 1885 3283 naturaa,

282 3303 582 3357 anathema
614 3304 702 3357 sit.

288 3418 448 3484 Quod
468 3422 668 3491 parvuli
708 3422 763 3475 in
792 3430 1118 3492 peccatorum
1148 3424 1504 3478 remissionem
1542 3423 1882 3495 baptizentur.

361 3512 481 3567 CX.
510 3513 641 3567 Item
685 3516 909 3584 placuit,
942 3523 1000 3569 ut
1027 3517 1331 3585 quicunque
1358 3518 1612 3587 parvulos
1639 3527 1887 3573 recentes

284 3605 359 3658 ab
384 3604 556 3658 uteris
590 3614 822 3659 matrum
850 3606 1201 3676 baptizandos
1229 3618 1411 3675 negat,
1442 3616 1537 3662 aut
1564 3609 1691 3663 dicit
1720 3610 1771 3663 in
1802 3624 1887 3664 re-

281 3694 603 3748 missionem
649 3695 866 3765 quidem
908 3705 1259 3766 peccatorum
1307 3712 1402 3752 eos
1446 3698 1740 3769 baptizari,
1790 3698 1886 3754 sed

290 3785 427 3839 nihil
455 3801 521 3839 ex
552 3785 720 3839 Adam
772 3787 987 3841 trahere
1017 3787 1294 3855 originalis
1342 3793 1579 3858 peccati,
1613 3790 1759 3862 quod
1806 3791 1886 3845 la-

279 3890 454 3930 vacro
482 3877 914 3944 regenerationis
968 3879 1235 3947 expietur,
1276 3880 1421 3935 unde
1450 3881 1519 3934 sit
1547 3896 1886 3951 consequens

280 3975 347 4020 ut
375 3967 429 4021 in
460 3967 540 4022 eis
584 3968 756 4021 forma
803 3968 1143 4037 baptismatis
1188 3970 1241 4023 in
1286 3970 1661 4027 remissionem
1691 3988 1887 4042 pecca-

282 4068 469 4115 torum
492 4076 598 4115 non
625 4076 779 4128 vera,
809 4060 907 4115 sed
938 4060 1070 4115 falsa
1099 4063 1450 4133 intelligatur,
1477 4064 1767 4120 anathema
1790 4067 1880 4122 sit.

280 4150 554 4217 Quoniam
585 4167 690 4206 non
724 4152 880 4207 aliter
928 4152 1335 4222 intelligendum
1366 4164 1449 4209 est
1473 4156 1616 4224 quod
1646 4156 1722 4211 ait
1748 4158 1888 4228 Apo-

279 4243 504 4298 stolus:
538 4242 639 4298 Per
690 4259 854 4297 unum
908 4244 1182 4299 hominem
1234 4254 1514 4314 peceatum
1564 4247 1783 4302 intravit
1830 4249 1884 4303 in

280 4333 567 4399 mundum,
613 4342 670 4387 et
712 4349 812 4403 per
850 4342 1140 4404 peccatum
1171 4351 1338 4401 mors,
1392 4345 1448 4390 et
1477 4337 1550 4390 ita
1593 4338 1646 4391 in
1693 4353 1883 4394 omnes

279 4427 535 4484 homines
562 4427 892 4495 pertransiit,
919 4426 971 4480 in
1000 4441 1110 4494 quo
1139 4441 1330 4481 omnes
1356 4436 1753 4497 peccaverunt;
1780 4428 1884 4483 nisi

278 4516 739 4590 quemadmodum
810 4515 1050 4571 Ecclesia
1107 4516 1376 4571 catholica
1435 4517 1632 4586 ubique
1689 4517 1879 4573 diffusa

275 4625 502 4681 semper
543 4609 824 4663 intellexit.
856 4606 1088 4678 Propter
1126 4608 1268 4664 hanc
1312 4608 1456 4663 enim
1485 4610 1725 4677 regulam
1755 4607 1881 4665 ï¬‚dei

275 4704 451 4759 etiam
479 4700 708 4771 parvuli,
739 4701 829 4771 qui
860 4699 994 4754 nihil
1020 4709 1367 4770 peccatorum
1390 4701 1444 4754 in
1473 4700 1681 4770 seipsos
1707 4701 1881 4756 adhuc

274 4792 628 4849 committere
653 4797 965 4861 potuerunt,
996 4790 1119 4845 ideo
1149 4791 1201 4844 in
1231 4798 1578 4860 peccatorum
1602 4791 1880 4846 remissio-

276 4902 405 4943 nem
439 4885 709 4941 veraciter
734 4884 1101 4953 baptizantur,
1134 4891 1195 4939 ut
1240 4884 1293 4937 in
1336 4884 1413 4938 eis
1464 4884 1879 4952 regeneratione

273 4978 589 5042 mundetur,
618 4975 761 5046 quod
792 4974 1142 5043 generatione
1173 4982 1476 5030 traxerunt.

274 5094 435 5164 Quod
472 5095 649 5165 gratia
674 5091 773 5165 Dei
808 5109 911 5147 non
941 5092 1109 5147 solum
1150 5094 1505 5165 remissionem
1547 5094 1726 5146 tribuit
1752 5108 1875 5163 pec-

347 5164 617 5231 catorum,
657 5164 749 5218 sed
797 5165 952 5217 etiam
998 5172 1211 5236 prcestat
1259 5164 1599 5234 adjutorium,
1652 5179 1716 5216 ne
1754 5179 1876 5233 pec-

350 5247 515 5291 retur.

343 5326 488 5384 CXI.
518 5327 653 5383 Item
703 5327 905 5397 placuit
951 5333 1007 5381 ut
1060 5326 1369 5397 quicunque
1404 5323 1601 5379 dixerit
1643 5323 1871 5392 gratiam

264 5422 391 5487 Dei,
439 5433 547 5490 qua
583 5416 909 5486 justiï¬eatur
936 5418 1099 5472 homo
1130 5430 1225 5486 per
1251 5414 1431 5471 Iesum
1458 5413 1730 5468 Christum
1760 5413 1870 5468 Do-

268 5514 486 5570 minum
517 5518 785 5577 nostrum,
816 5508 883 5563 ad
911 5508 1083 5564 solam
1118 5506 1496 5562 remissionem
1525 5513 1874 5576 peccatorum

260 5604 482 5669 valere,
512 5613 633 5669 quae
657 5600 768 5669 jam
801 5600 1085 5655 commissa
1114 5606 1261 5665 sunt,
1296 5613 1401 5652 non
1434 5598 1596 5652 etiam
1627 5596 1695 5651 ad
1722 5596 1874 5666 adju-

265 5696 478 5749 torium
506 5702 566 5748 ut
592 5707 700 5749 non
724 5691 1153 5757 committantur,
1187 5688 1475 5744 anathema
1498 5688 1587 5743 sit.

275 5807 437 5876 Quod
476 5809 647 5879 gratia
684 5804 873 5862 Clu-isti
905 5822 1004 5863 non
1037 5803 1202 5861 solum
1244 5802 1512 5861 scientiam
1544 5798 1727 5857 tribuit
1756 5792 1875 5869 quid

2055 470 2191 539 quod
2216 472 2403 524 scimus
2431 471 2644 539 implere
2668 471 2951 527 valeamus.

2058 577 2214 633 CXII.
2248 578 2378 633 Item
2405 580 2645 648 quisquis
2685 580 2882 635 dixerit
2921 583 3165 639 eamdem
3218 585 3447 654 gratiam
3478 585 3572 641 Dei

1986 685 2086 741 per
2112 668 2293 724 Jesum
2321 668 2592 724 Christum
2621 671 2905 726 Dominum
2935 684 3179 729 nostrum
3219 684 3441 745 propter
3470 677 3575 732 hoc

1989 771 2196 816 tantum
2238 777 2340 816 nos
2384 760 2638 830 adjuvare
2678 762 2746 817 ad
2792 779 2902 818 non
2930 766 3290 834 peccandum,
3323 766 3447 835 quia
3477 784 3576 838 per

1987 853 2158 922 ipsam
2188 852 2345 907 nobis
2373 853 2662 917 revelatur,
2696 860 2753 907 et
2780 854 3021 922 aperitur
3049 854 3399 923 intelligentia
3423 874 3577 912 man-

1988 942 2262 1010 datorum,
2291 950 2352 997 ut
2380 943 2614 998 sciamus
2640 943 2769 1012 quid
2806 952 3081 1013 appetere,
3114 946 3242 1016 quid
3270 949 3444 1003 vitare
3480 947 3578 1003 de-

1988 1033 2255 1087 beamus:
2291 1050 2397 1102 non
2445 1042 2626 1087 autem
2671 1049 2767 1102 per
2812 1034 2957 1088 illam
3006 1036 3165 1091 nobis
3205 1038 3470 1107 prtestari,
3518 1046 3577 1093 ut

1988 1123 2133 1191 quod
2165 1122 2470 1177 faciendum
2509 1124 2924 1190 cognoverimus
2954 1126 3116 1179 etiam
3162 1126 3343 1183 facere
3383 1128 3575 1196 diliga-

1987 1227 2107 1266 mus
2137 1221 2299 1281 atque
2327 1213 2621 1277 valeamus,
2655 1215 2943 1269 anathema
2978 1217 3068 1270 sit.
3098 1216 3231 1271 Cum
3261 1219 3401 1273 enim
3433 1219 3578 1275 dicat

1988 1302 2308 1372 Apostolus,
2343 1303 2580 1358 Scientia
2633 1305 2813 1373 inï¬‚at,
2862 1307 3098 1362 charitas
3144 1323 3275 1362 vero
3325 1310 3576 1375 :edilieat,

1988 1393 2143 1448 valde
2172 1394 2393 1463 impium
2424 1401 2505 1449 est
2554 1403 2613 1449 ut
2669 1396 2952 1451 credamus
2999 1397 3066 1452 ad
3094 1414 3214 1453 eam
3261 1414 3381 1467 qua:
3429 1398 3580 1453 inï¬‚at

1987 1499 2090 1539 nos
2119 1485 2318 1539 habere
2364 1486 2591 1556 gratiam
2620 1484 2849 1551 Christi,
2894 1486 2963 1541 ad
3006 1503 3125 1542 eam
3181 1504 3301 1558 quae
3348 1488 3580 1545 ardiï¬‚cat

1990 1591 2097 1630 non
2129 1576 2327 1631 habere
2353 1595 2364 1629 :
2400 1592 2523 1632 cum
2563 1577 2633 1630 sit
2661 1586 2951 1645 utrumque
2977 1577 3179 1631 donum
3212 1579 3326 1643 Dei,
3358 1587 3416 1632 et
3440 1580 3580 1633 scire

1988 1667 2117 1736 quid
2163 1666 2345 1722 facere
2392 1668 2704 1731 debeamus,
2755 1675 2809 1720 et
2835 1666 3059 1736 diligere
3091 1678 3149 1722 ut
3193 1670 3472 1735 faciamus,
3522 1677 3580 1724 ut

1987 1757 2284 1812 :edilieante
2313 1758 2578 1812 charitate
2615 1757 2838 1811 scientia
2879 1773 2985 1811 non
3021 1758 3193 1827 possit
3247 1756 3454 1813 inï¬‚are.
3495 1758 3581 1813 Si-

1990 1856 2083 1903 cut
2108 1857 2288 1921 autem
2329 1848 2395 1901 de
2431 1848 2541 1901 Deo
2562 1848 2819 1916 scriptum
2852 1856 2963 1913 est,
2993 1849 3094 1914 Qui
3117 1849 3279 1903 docet
3306 1849 3579 1903 hominem

1923 1948 1929 1955 '
1988 1940 2292 2005 scientiam,
2319 1940 2390 1993 ita
2415 1940 2576 1994 etiam
2592 1940 2849 2009 scriptum
2876 1947 2977 2004 est,
2996 1939 3243 1995 Charitas
3260 1956 3327 1995 ex
3342 1940 3453 1995 Deo
3476 1951 3578 1996 est.

2048 2048 2198 2113 Quod
2226 2052 2338 2104 sine
2372 2050 2464 2103 Dei
2494 2051 2664 2120 gratia
2696 2049 2827 2104 nihil
2858 2048 2977 2104 boni
3003 2051 3257 2119 possimus
3288 2051 3521 2120 implere.

2062 2142 2239 2197 CXIII.
2289 2142 2420 2197 Item
2452 2143 2653 2212 placuit
2684 2152 2741 2196 ut
2768 2144 3078 2212 quicunque
3106 2143 3306 2198 dixerit
3335 2144 3458 2200 ideo
3491 2162 3583 2201 no-

1987 2237 2072 2293 bis
2100 2237 2327 2305 gratiam
2355 2235 2761 2305 justiï¬cationis
2790 2236 2928 2302 dari,
2971 2244 3029 2290 ut
3055 2236 3179 2304 quid
3207 2236 3385 2292 facere
3412 2236 3582 2293 libero

1986 2326 2237 2397 jubemur
2266 2328 2511 2391 arbitrio,
2543 2325 2751 2381 facilius
2777 2328 3047 2395 possimus
3087 2327 3309 2397 implere
3338 2344 3435 2397 per
3460 2342 3582 2396 gra-

1992 2422 2140 2485 tiam,
2168 2430 2423 2489 tauquam
2448 2427 2505 2473 et
2529 2420 2574 2473 si
2605 2420 2774 2486 gratia
2805 2435 2912 2473 non
2957 2419 3196 2484 daretur,
3230 2436 3335 2474 non
3365 2420 3582 2489 quidem

1990 2512 2170 2579 facile,
2215 2511 2311 2565 sed
2362 2520 2541 2564 tamen
2587 2512 2854 2581 possimus
2893 2511 3054 2565 etiam
3084 2512 3199 2565 sine
3242 2512 3325 2565 illa
3360 2512 3582 2580 implere

1989 2601 2168 2655 divina
2200 2601 2473 2665 mandata,
2522 2603 2809 2656 anathema
2858 2602 2945 2655 sit.
2999 2602 3075 2656 De
3127 2602 3387 2656 fructibus
3434 2604 3580 2657 enim

1990 2694 2366 2748 mandatorum
2395 2693 2651 2748 Dominus
2686 2694 3019 2764 loquebatur,
3049 2695 3136 2749 ubi
3179 2712 3284 2748 non
3319 2696 3413 2760 ait,
3446 2694 3579 2752 Sine

1991 2800 2078 2838 me
2108 2782 2375 2838 difficilius
2408 2784 2631 2853 potestis
2665 2784 2876 2839 facere:
2909 2784 3001 2839 sed
3033 2786 3128 2850 ait,
3173 2786 3301 2840 Sine
3332 2802 3419 2841 me
3446 2786 3580 2842 nihil

1992 2875 2219 2943 potestis
2244 2874 2442 2930 facere.

1995 2985 2145 3052 Quod
2168 3005 2271 3043 non
2292 2988 2457 3042 solum
2481 2988 2707 3053 humilis,
2739 2989 2831 3043 sed
2856 3004 3013 3043 verax
3041 2999 3336 3045 sanctorum
3363 3008 3458 3045 Î½Î¿Ï‰
3479 2993 3580 3046 ista

2061 3068 2158 3123 est,
2191 3060 2252 3113 Si
2282 3060 2563 3113 dixerimus
2606 3063 2726 3130 quia
2753 3069 3019 3129 peccatum
3049 3077 3153 3114 non
3191 3061 3454 3127 habemus,
3486 3080 3580 3117 nos

2062 3132 2202 3200 ipsos
2227 3130 2537 3183 seducimus.

2062 3219 2243 3275 CXIV.
2292 3220 2427 3275 Item
2476 3220 2718 3289 placuit,
2763 3221 2907 3291 quod
2960 3222 3035 3276 ait
3062 3218 3301 3276 â€˜sanctus
3346 3220 3583 3280 Joannes

1990 3315 2267 3385 apostolus
2306 3312 2404 3367 :Si
2440 3313 2735 3368 dixerimus
2775 3315 2900 3382 quia
2951 3323 3230 3384 peccatum
3276 3333 3384 3370 non
3416 3318 3582 3372 habe-

1990 3422 2130 3470 mus,
2158 3422 2257 3461 nos
2278 3406 2425 3475 ipsos
2445 3406 2761 3475 decipimus,
2785 3415 2840 3461 et
2862 3407 3060 3461 veritas
3086 3409 3135 3462 in
3161 3408 3314 3462 nobis
3340 3425 3450 3463 non
3477 3420 3582 3475 est,

1989 3495 2233 3564 quisquis
2266 3496 2343 3548 sic
2368 3494 2738 3564 accipiendum
2770 3496 3055 3564 putaverit,
3085 3506 3141 3551 ut
3168 3498 3330 3563 dicat,
3360 3507 3583 3569 propter

1988 3587 2349 3641 humilitatem
2410 3595 2670 3656 oportere
2719 3587 2823 3641 dici
2871 3604 2971 3642 nos
3000 3604 3105 3642 non
3153 3590 3352 3643 habere
3383 3606 3582 3658 pecca-

1989 3686 2123 3743 tum,
2158 3693 2264 3733 non
2313 3676 2439 3747 quia
2471 3692 2597 3731 vere
2628 3677 2700 3731 ita
2731 3685 2832 3741 est,
2866 3679 3152 3730 anathema
3195 3678 3284 3731 sit.
3326 3678 3582 3747 Sequitur

1991 3770 2136 3824 enim
2165 3768 2443 3838 apostolus
2464 3808 2478 3833 ,
2513 3775 2571 3821 et
2596 3766 2837 3835 adjungit
2870 3785 2882 3819 :
2909 3767 2965 3821 Si
2988 3776 3168 3821 autem
3199 3767 3431 3822 confessi
3461 3767 3581 3823 fue-

1986 3860 2154 3916 rimus
2194 3870 2414 3931 peccata
2456 3868 2663 3924 nostra,
2697 3859 2865 3913 fidelis
2917 3868 3001 3913 est
3047 3858 3329 3931 etjuï¬tus,
3367 3860 3457 3929 qui
3488 3874 3577 3914 re-

1987 3953 2168 4007 mittat
2191 3952 2348 4007 nobis
2373 3958 2619 4022 peccata,
2649 3959 2702 4005 et
2731 3949 2954 4005 mundet
2984 3967 3083 4005 nos
3112 3953 3179 4005 ab
3206 3953 3351 4005 omni
3380 3951 3568 4020 iniqui-

1986 4052 2119 4098 tate.
2160 4042 2262 4097 Ubi
2317 4043 2447 4097 satis
2476 4050 2701 4111 apparet
2740 4042 2845 4096 hoc
2890 4058 2995 4096 non
3042 4052 3244 4096 tantum
3277 4043 3573 4109 humiliter,

1985 4135 2080 4192 sed
2110 4136 2274 4191 etiam
2299 4135 2568 4189 veraciter
2593 4134 2716 4190 dici.
2763 4132 2986 4190 Poterat
3013 4136 3153 4189 enim
3178 4135 3471 4204 Apostolus
3498 4136 3581 4189 di-

1977 4229 2110 4284 cere
2155 4246 2168 4280 :
2202 4226 2258 4282 Si
2304 4227 2624 4291 dixerimus,
2659 4242 2765 4281 non
2812 4226 3074 4280 habemus
3117 4236 3436 4296 peccatum,
3478 4242 3579 4281 nos

1988 4320 2134 4389 ipsos
2161 4318 2492 4386 extollimus,
2522 4325 2576 4371 et
2606 4317 2880 4371 humilitas
2910 4317 2962 4370 in
2994 4317 3147 4370 nobis
3177 4334 3283 4371 non
3322 4325 3405 4372 est
3436 4336 3449 4370 :
3481 4317 3578 4372 sed

1984 4424 2108 4464 cum
2135 4409 2228 4473 ait,
2261 4422 2360 4462 nos
2383 4406 2528 4475 ipsos
2554 4405 2873 4475 decipimus,
2902 4414 2958 4460 et
2974 4407 3175 4460 veritas
3206 4405 3257 4459 in
3286 4406 3441 4461 nobis
3470 4422 3577 4462 non

1985 4510 2107 4568 est,
2146 4499 2277 4555 satis
2326 4498 2562 4553 ostendit
2615 4514 2736 4553 eum
2778 4499 2869 4567 qui
2913 4498 3108 4553 dixerit
3138 4515 3197 4554 se
3235 4516 3342 4555 non
3376 4500 3579 4556 habere

1984 4600 2264 4664 peccatum
2295 4606 2402 4645 non
2432 4604 2617 4644 verum
2648 4590 2817 4658 loqui,
2848 4589 2944 4645 sed
2977 4590 3191 4645 falsum.

2054 4701 2204 4769 Quod
2238 4705 2295 4759 in
2345 4704 2582 4759 oratione
2616 4703 2891 4757 Dominica
2918 4704 3088 4757 sancti
3113 4720 3205 4773 pro
3236 4720 3291 4756 se
3320 4703 3519 4772 dicunt,

2380 4775 2598 4828 Dimitte
2626 4774 2774 4829 nobis
2803 4775 2974 4828 debita
2994 4783 3198 4828 nostra.

2056 4871 2218 4928 CXV.
2248 4872 2380 4927 Item
2419 4872 2624 4940 placuit
2686 4877 2744 4924 ut
2797 4870 3107 4940 quicunque
3135 4870 3335 4924 dixerit
3370 4869 3423 4922 in
3454 4883 3569 4923 ora-

1982 4965 2135 5021 tione
2163 4966 2435 5023 Dominica
2465 4966 2588 5024 ideo
2616 4966 2800 5021 dicere
2844 4973 3061 5020 sanctos
3087 5008 3101 5031 ,
3154 4964 3373 5017 Dimitte
3420 4961 3576 5015 nobis

1984 5058 2168 5113 debita
2197 5068 2403 5123 nostra,
2434 5067 2492 5114 ut
2520 5075 2632 5115 non
2661 5074 2763 5129 pro
2817 5058 3008 5128 seipsis
3052 5058 3158 5111 hoc
3186 5056 3398 5120 dicant,
3448 5054 3574 5122 quia

1987 5164 2097 5202 non
2118 5156 2200 5204 est
2225 5150 2305 5204 eis
2328 5149 2439 5218 jam
2470 5149 2778 5206 necessaria
2808 5149 2908 5203 ista
2933 5148 3143 5217 petitio,
3175 5146 3268 5200 sed
3298 5160 3399 5215 pro
3430 5145 3570 5203 aliis.

1987 5239 2079 5311 qui
2102 5248 2227 5295 sunt
2254 5241 2306 5296 in
2329 5257 2428 5295 suo
2452 5243 2652 5314 popqu
2672 5250 3008 5312 peccatores,
3033 5248 3089 5294 et
3111 5238 3232 5292 ideo
3255 5253 3361 5291 non
3392 5236 3575 5292 dicere

1988 5348 2424 5403 unumquemque
2452 5342 2787 5399 sanctorum,
2814 5330 3031 5384 Dimitte
3064 5329 3193 5384 mihi
3220 5328 3399 5384 debita
3431 5344 3575 5396 mea,

1980 5424 2102 5488 sed,
2134 5423 2353 5480 Dimitte
2382 5425 2536 5481 nobis
2563 5423 2743 5477 debita
2766 5429 2970 5483 nostra,
2997 5429 3057 5474 ut
3078 5422 3179 5474 hoc
3204 5435 3303 5492 pro
3333 5420 3452 5474 aliis
3483 5435 3576 5490 po-

1982 5518 2089 5572 tius
2114 5532 2275 5587 quam
2298 5533 2396 5588 pro
2418 5532 2477 5572 se
2500 5516 2677 5585 justus
2701 5520 2888 5584 petere
2912 5512 3259 5581 intelligatur,
3286 5512 3572 5567 anathema
3640 5502 3647 5509 â€™

1979 5611 2071 5666 sit.
2103 5609 2332 5665 Sanctus
2363 5611 2506 5664 enim
2538 5617 2592 5663 et
2629 5607 2809 5677 justus
2853 5613 2971 5661 erat
3009 5606 3288 5677 apostolus
3315 5605 3571 5671 Jacobus,

1987 5716 2110 5755 cum
2158 5700 2420 5755 dicebat:
2470 5699 2528 5754 In
2570 5700 2753 5755 multis
2805 5698 2948 5754 enim
2991 5698 3311 5755 offendimus
3359 5713 3574 5753 omnes.

1985 5797 2119 5856 Nam
2152 5810 2319 5868 quare
2366 5792 2603 5850 additum
2633 5800 2734 5863 est,
2762 5806 2979 5863 omnes,
3012 5791 3109 5849 nisi
3138 5799 3195 5847 ut
3224 5800 3324 5849 ista
3354 5796 3569 5847 senten-
