4104 6468
555 262 661 318 219

1806 255 2163 314 DIONYSIUS
2197 252 2522 310 EXIGUUS.

3730 254 3838 312 220

555 375 630 428 tia
655 372 970 430 conveniret
993 381 1051 430 et
1080 371 1322 444 psalmo,
1365 370 1456 426 ubi
1486 371 1681 440 legitur
1713 388 1727 424 :
1757 369 1835 425 Ne
1879 371 2049 424 intres
2081 369 2135 422 in
2168 372 2219 430 Α
2242 381 2412 436 scopo
2426 365 2734 435 deputetur.
2758 363 2818 420 Si
2843 373 3026 421 autem
3055 364 3128 419 ita
3149 362 3377 433 plurima
3406 362 3526 418 loca
3553 362 3836 422 inveniun-

554 464 756 532 judicio
785 478 909 517 cum
936 478 1094 518 servo
1143 471 1235 518 tuo
1257 503 1273 528 ,
1316 462 1574 530 quoniam
1621 477 1726 516 non
1755 459 2134 530 justiticabitur

556 569 614 607 ιιι
660 559 954 620 conspectu
982 561 1075 606 tuo
1116 552 1292 606 omnis
1319 551 1509 605 vivens
1538 568 1552 609 :
1584 558 1642 604 et
1681 552 1734 605 in
1763 551 2010 605 oratione
2049 563 2138 602 sa-

558 643 882 713 pientissimi
909 643 1248 697 Salomonis:
1281 641 1398 697 Non
1444 652 1530 697 est
1558 643 1720 696 homo
1759 641 1852 710 qui
1875 656 1984 695 non
2012 654 2142 709 pec-

555 733 728 799 cavit;
755 741 810 788 et
839 733 892 786 in
918 732 1057 788 libro
1088 731 1261 787 sancti
1301 731 1402 787 Job
1428 749 1440 784 :
1474 730 1532 785 In
1556 746 1720 785 manu
1761 731 1938 785 omnis
1962 729 2140 784 homi-

561 826 646 880 nis
671 824 868 893 signat,
899 831 956 879 ut
985 826 1122 879 sciat
1157 825 1333 878 omnis
1363 824 1526 878 homo
1565 821 1934 876 inﬁmitatem
1963 834 2136 874 suam.

565 912 718 970 Unde
751 914 914 968 etiam
958 915 1148 968 Daniel
1190 921 1410 968 sanctus
1449 923 1504 968 et
1538 913 1736 982 justus,
1761 928 1882 968 cum
1921 911 1978 965 in
2018 925 2142 966 ora—

562 1005 707 1058 tione
754 1003 1033 1073 pluraliter
1075 1003 1324 1058 diceret:
1370 1002 1752 1065 Peccavimus,
1804 1000 2142 1070 iniquitatem

561 1095 803 1162 fecimus,
836 1104 894 1150 et
920 1104 1142 1160 caetera,
1191 1109 1313 1162 qua:
1353 1094 1425 1148 ibi
1473 1093 1739 1147 veraciter
1783 1099 1842 1146 et
1869 1090 2144 1144 humiliter

559 1187 846 1243 confitetur
893 1205 906 1240 :
947 1202 1016 1242 ne
1057 1194 1377 1256 .putaretur,
1425 1180 1880 1252 quemadmodum
1924 1179 2141 1248 quidam

557 1277 823 1342 sentiunt,
873 1277 976 1332 hoc
1005 1293 1110 1331 non
1140 1276 1207 1330 de
1235 1276 1364 1340 suis,
1408 1274 1502 1329 sed
1533 1273 1601 1339 de
1629 1272 1812 1342 populi
1851 1271 1932 1325 sui
1962 1269 2142 1340 potius

560 1365 765 1421 dixisse
793 1367 1047 1436 peccatis,
1083 1374 1272 1436 postea
1299 1365 1434 1419 dixit
1463 1382 1475 1416 :
1507 1362 1642 1418 Cum
1671 1376 1904 1425 orarem,
1935 1369 1992 1414 et
2011 1375 2142 1414 con-

564 1455 748 1511 titerer
774 1466 998 1526 peccata
1028 1471 1169 1521 mea,
1215 1463 1272 1509 et
1299 1461 1519 1525 peccata
1551 1452 1733 1523 populi
1776 1452 1883 1506 mei
1913 1449 2142 1506 Domino

565 1548 678 1603 Deo
708 1564 850 1614 meo,
883 1549 1054 1602 noluit
1085 1548 1269 1602 dicere
1309 1555 1533 1617 peccata
1565 1553 1764 1608 nostra,
1795 1542 1891 1598 sed
1922 1549 2143 1612 peccata

567 1640 750 1710 populi
779 1641 860 1694 sui
891 1640 1039 1705 dixit,
1073 1649 1129 1694 et
1153 1655 1250 1694 sua
1290 1657 1304 1692 :
1346 1639 1602 1707 quoniam
1628 1636 1836 1691 futuros
1869 1636 2018 1700 istos,
2050 1634 2143 1703 qui

567 1739 678 1783 tam
716 1730 856 1785 male
902 1729 1261 1798 intelligerent
1281 1768 1299 1796 ,
1348 1736 1605 1797 tanquam
1647 1726 1918 1796 PrOpheta
1941 1765 1956 1792 ,
2000 1740 2142 1795 pne-

565 1820 716 1875 vidit.

568 1932 720 1999 Quod
749 1936 998 1990 veraciter
1025 1952 1058 1988 a
1087 1937 1280 1990 sanctis
1309 1935 1533 1998 dicatur,
1555 1932 1769 1988 Dimitte
1798 1932 1944 1988 nobis
1974 1930 2146 1986 debita

1251 2013 1452 2060 nostra.

638 2097 824 2152 CXVI.
854 2097 985 2153 Item
1033 2098 1232 2169 placuit
1267 2106 1325 2152 ut
1353 2098 1658 2168 quicunque
1701 2097 1816 2167 ipsa
1857 2096 2020 2150 verba
2041 2099 2148 2152 Do-

567 2189 781 2244 minica:
822 2189 1100 2254 orationis,
1134 2189 1224 2243 ubi
1249 2188 1496 2252 dicimus,
1539 2188 1757 2242 Dimitte
1786 2186 1941 2242 nobis
1966 2185 2145 2240 debita

568 2290 775 2348 nostra,
824 2282 897 2334 ita
927 2282 1116 2336 volunt
1156 2297 1188 2336 a
1215 2281 1418 2336 sanctis
1445 2281 1572 2348 dici,
1623 2289 1685 2335 ut
1711 2279 2006 2346 humiliter,
2037 2293 2146 2332 non

569 2372 830 2427 veraciter
852 2372 958 2427 hoc
983 2372 1212 2438 dicatur,
1244 2372 1529 2426 anathema
1558 2372 1645 2426 sit.
1678 2369 1808 2436 Quis
1837 2370 1980 2424 enim
2009 2367 2148 2422 ferat

567 2472 837 2533 orantem,
874 2473 930 2518 ct
969 2481 1076 2522 non
1106 2465 1432 2531 hominibus,
1473 2463 1569 2520 sed
1595 2464 1699 2533 ipsi
1739 2463 1968 2518 Domino
1996 2478 2147 2517 meu-

561 2555 813 2622 tientem,
843 2555 933 2624 qui
961 2555 1118 2610 labiis
1147 2556 1246 2610 sibi
1287 2555 1419 2610 dicit
1447 2555 1642 2609 dimitti
1672 2556 1814 2610 velle
1837 2597 1852 2622 ,
1899 2562 1953 2608 et
1985 2554 2147 2610 corde

564 2643 717 2712 dicit,
745 2659 864 2714 quae
892 2645 991 2701 sibi
1021 2646 1379 2712 dimittantur,
1409 2645 1591 2700 debita
1619 2660 1726 2700 non
1755 2644 1988 2699 habere?

854 2754 935 2810 De
959 2755 1188 2826 plebibus
1209 2756 1465 2810 conversis
1491 2771 1524 2808 a
1556 2754 1860 2808 Donatistis.

635 2845 837 2900 CXVII.
867 2846 999 2900 Item
1047 2846 1280 2915 placuit,
1326 2845 1584 2915 quoniam
1623 2844 1839 2914 quidem
1883 2852 2010 2898 ante
2045 2843 2147 2898 ali-

560 2946 703 3007 quot
731 2953 900 2992 annos
924 2937 976 2991 in
1007 2935 1244 2990 Ecclesia
1273 2936 1519 3005 plenario
1543 2935 1773 2990 concilio
1794 2936 2146 2990 constitutum

563 3036 740 3084 estut
782 3042 1114 3097 quaecunque
1162 3026 1417 3081 Ecclesiae
1458 3026 1510 3080 in
1554 3025 1776 3080 dioecesi
1815 3025 2143 3096 constitutae,

2247 465 2351 520 tur,
2386 456 2437 509 in
2465 455 2658 524 quibus
2689 456 2861 510 ambae
2887 463 3071 526 partes
3108 455 3357 522 fuerunt,
3392 461 3450 508 ut
3489 471 3600 511 non
3622 459 3835 527 possint

2243 546 2523 614 :cqualiter
2567 545 2773 609 dividi,
2819 546 2968 601 velut
3014 545 3060 602 si
3091 545 3282 614 impari
3328 561 3556 601 numero
3601 546 3829 615 fuerint,

2244 637 2542 692 distributis
2582 638 2661 691 eis
2717 636 2848 692 locis
2910 636 3003 704 qui
3032 649 3216 704 parem
3263 635 3466 689 habent
3507 652 3830 708 numerum,

2243 728 2550 798 quicunque
2593 727 2744 782 locus
2786 725 3145 790 remanserit,
3194 725 3299 780 hoc
3342 725 3396 780 in
3442 741 3510 780 eo
3551 737 3826 790 servetur,

2243 819 2386 886 quod
2417 817 2664 888 superius
2708 817 2913 872 dictum
2942 823 3059 881 est,
3107 830 3230 871 cum
3259 815 3327 870 de
3369 831 3479 872 uno
3511 826 3830 874 tractaretur

2245 908 2387 962 loco.

2283 1019 2351 1075 Ut
2391 1021 2436 1074 si
2466 1036 2618 1101 quam
2641 1019 2905 1101 _diazcesint
2941 1019 3208 1101 episcopus
3244 1018 3307 1072 ab
3341 1019 3788 1101 hwresiliberans

2460 1089 2686 1143 triennio
2716 1089 3020 1159 possederit,
3051 1089 3222 1141 nullus
3250 1105 3365 1142 eam
3398 1098 3616 1157 repetat.

2316 1177 2500 1234 CXIX.
2551 1178 2682 1232 Item
2730 1177 2932 1248 placuit
2987 1186 3065 1242 ut,
3116 1178 3330 1233 etiamsi
3368 1179 3651 1248 quisquam
3710 1191 3831 1252 post

2245 1268 2392 1338 leges
2439 1268 2676 1338 aliquem
2712 1267 2894 1323 locum
2929 1267 2999 1321 ad
3041 1268 3367 1324 catholicam
3413 1271 3674 1324 unitatem
3701 1287 3830 1327 con-

2244 1359 2484 1424 verterit,
2543 1360 2589 1414 si
2606 1374 2736 1414 eum
2765 1374 2861 1429 per
2890 1358 3177 1414 triennium
3204 1359 3422 1415 nemine
3441 1372 3725 1430 repetente
3746 1378 3828 1416 rc-

2247 1455 2422 1520 tinuit,
2457 1455 2678 1510 ulterius
2715 1455 2784 1510 ab
2823 1469 2890 1510 eo
2919 1470 3028 1509 non
3075 1463 3377 1524 repetatur.
3426 1455 3485 1512 Si
3514 1465 3696 1512 tamen
3736 1473 3830 1528 per

2245 1545 2419 1615 ipsum
2451 1546 2745 1601 triennium
2768 1545 2871 1600 fuit
2895 1546 3183 1616 episcopus
3210 1547 3304 1616 qui
3356 1550 3543 1618 posset
3584 1560 3831 1620 repetere

2245 1643 2301 1691 et
2330 1637 2532 1702 tacuit,
2567 1637 2934 1706 praeiudicium
2964 1635 3200 1707 patietur
3231 1656 3244 1690 :
3275 1639 3322 1693 si
3363 1647 3542 1694 autem
3574 1657 3681 1696 non
3711 1642 3828 1710 fuit,

2173 1739 2357 1804 gnon
2385 1727 2775 1797 prmjudicetur
2801 1728 3032 1794 matrici,
3077 1728 3171 1784 sed
3202 1729 3386 1798 liceat,
3415 1746 3538 1786 cum
3565 1732 3718 1788 locus
3741 1749 3831 1790 ac-

2249 1821 2453 1890 ceperit
2480 1820 2792 1890 episcopum
2813 1820 2908 1890 qui
2934 1835 3043 1876 non
3065 1821 3318 1887 habebat,
3345 1837 3412 1878 ex
3437 1823 3556 1893 ipso
3581 1823 3670 1880 die
3691 1825 3830 1881 intra

2249 1911 2536 1965 triennium
2581 1917 2850 1978 repetere.
2884 1909 3125 1979 Itemque
3150 1909 3197 1965 si
3238 1908 3403 1966 fuerit
3433 1912 3727 1982 episcopus
3765 1915 3833 1968 ad

2247 1999 2570 2053 catholicam
2603 2014 2672 2052 ex
2712 1999 2906 2054 Donati
2937 2007 3090 2068 parte
3118 2015 3432 2068 conversus,
3482 2017 3591 2056 non
3621 2002 3672 2056 ei
3700 2018 3833 2072 pra:-

2241 2091 2447 2160 judicet
2492 2090 2812 2163 praeﬁnitum
2864 2101 3112 2161 tempus;
3169 2093 3264 2147 sed
3309 2108 3376 2148 ex
3421 2108 3528 2162 quo
3557 2095 3644 2149 die
3697 2111 3834 2150 con-

2245 2201 2435 2240 versus
2463 2195 2544 2241 est
2569 2227 2583 2251 ,
2634 2186 2831 2240 habeat
2881 2202 2978 2256 per
3009 2187 3296 2241 triennium
3323 2197 3646 2258 potestatem
3684 2206 3837 2262 τερα

2247 2275 2392 2329 tendi
2420 2276 2540 2331 loca
2570 2292 2691 2346 quae
2741 2277 2808 2332 ad
2837 2277 3007 2347 ipsam
3046 2279 3392 2348 pertinebant
3420 2281 3758 2337 cathedram.

2248 2387 2324 2442 De
2349 2389 2428 2442 Itis
2457 2390 2544 2460 qui
2581 2391 2631 2441 in
2656 2389 2849 2462 plebes,
2877 2407 3006 2462 quas
3047 2391 3116 2444 ad
3147 2409 3201 2446 se
3230 2401 3412 2461 putant
3437 2395 3714 2462 pertinere,
3744 2398 3824 2451 in-

2425 2462 2685 2514 conventis
2717 2461 2794 2513 Itis
2831 2478 2863 2513 α
2889 2461 3072 2532 quibus
3105 2471 3368 2527 tenentur,
3405 2461 3673 2518 irruerint.

2315 2549 2474 2604 CXX.
2500 2551 2632 2605 item
2665 2551 2886 2620 placuit,
2919 2559 2977 2605 nt
3021 2553 3328 2622 quicunque
3357 2554 3618 2625 episcopi,
3645 2553 3830 2625 plebes

2247 2654 2381 2708 quas
2409 2639 2477 2693 ad
2503 2654 2651 2694 suam
2684 2641 2987 2695 cathedram
3010 2642 3277 2696 aestimant
3297 2644 3584 2712 pertinere,
3614 2659 3725 2700 non
3759 2645 3831 2704 ita

2246 2740 2498 2801 repetunt
2517 2739 2575 2785 ut
2598 2746 2787 2786 causas
2808 2747 2932 2788 suas
2957 2732 3224 2802 episc0pis
3251 2731 3618 2801 judicantibus
3647 2745 3829 2804 agant,

2247 2821 2341 2876 sed
2371 2822 2478 2876 alio
2505 2823 2773 2878 retinente
2801 2823 3073 2890 irruerint,
3106 2824 3220 2878 sive
3248 2825 3571 2891 volentibus,
3599 2827 3714 2882 sive
3734 2844 3833 2883 no-

2249 2915 2479 2972 lentibus
2505 2917 2768 2986 plebibus,
2799 2932 2974 2972 causae
2995 2933 3106 2972 suae
3133 2917 3510 2972 detrimentum
3539 2919 3832 2988 patiantur.

2251 3003 2317 3058 Et
2345 3006 2650 3076 quicunque
2673 3010 2785 3078 jam
2818 3010 2921 3064 hoc
2946 3008 3209 3074 fecerunt,
3243 3009 3286 3063 si
3317 3010 3556 3064 nondum
3583 3021 3669 3066 est
3697 3013 3835 3066 inter

566 3128 695 3175 ante
726 3121 870 3188 leges
899 3122 965 3177 de
994 3123 1285 3178 Donatistis
1313 3124 1479 3188 latas,
1522 3123 1802 3178 catholica:
1832 3119 1970 3176 facta
2000 3129 2148 3188 sunt,
2181 3111 2226 3173 C
2257 3097 2542 3168 episcopos
2581 3099 2728 3154 “nua
2766 3100 3066 3165 οοηιεηίίοι
3113 3100 3205 3154 sed
3236 3100 3414 3155 adhuc
3441 3100 3567 3156 inde
3606 3111 3836 3158 εοιιιθη·

565 3212 637 3265 ad
667 3189 772 3268 eas.
786 3214 1068 3269 cathedras
1095 3216 1419 3284 pertineant,
1451 3229 1550 3283 per
1590 3229 1820 3282 quarum
1865 3212 2150 3282 episc0pos

571 3303 773 3357 factum
823 3312 907 3358 est
949 3313 1009 3358 ut
1055 3305 1333 3360 catholica:
1382 3304 1575 3358 unitati
1623 3303 2084 3358 communicarent
2133 3320 2146 3355 :

572 3403 710 3464 post“
745 3396 890 3465 leges
937 3405 1113 3450 autem
1141 3437 1154 3461 ,
1207 3412 1544 3466 quaecunque
1570 3395 2105 3449 communicaverunt
2133 3432 2148 3458 ,

573 3487 703 3542 illuc
745 3489 1050 3558 pertined’nt
1095 3505 1203 3560 quo
1268 3489 1650 3559 pertinebant,
1707 3504 1827 3544 cum
1873 3497 2056 3571 essent
2097 3487 2150 3542 in

557 3574 726 3652 parte
773 3581 983 3636 Donati.
1032 3582 1139 3636 Sed
1170 3584 1293 3653 quia
1325 3583 1505 3636 multa:
1546 3580 1926 3636 controversia:
1962 3587 2151 3649 postea

572 3672 713 3726 inter
736 3676 1019 3744 episcopos
1048 3674 1116 3730 de
1159 3676 1479 3731 dioecesibus
1509 3683 1641 3729 ortae
1687 3684 1847 3738 sunt,
1886 3680 1940 3727 et
1970 3673 2154 3726 oriun-

573 3771 681 3830 tur,
732 3766 922 3834 quibus
951 3759 1078 3820 tun'c
1122 3765 1298 3820 minus
1342 3765 1552 3820 videtur
1597 3778 1716 3820 esse
1765 3771 2150 3833 prospectum,

575 3849 719 3911 nunc
748 3859 853 3911 isto
893 3859 1124 3912 concilio
1158 3866 1344 3912 sancto
1392 3857 1591 3927 placuit
1645 3865 1703 3910 ut
1752 3855 2058 3924 ubicunque
2101 3863 2158 3908 et

522 3948 531 3954 ’
573 3947 840 4001 catholica
870 3948 994 4013 fuit,
1024 3957 1078 4003 et
1118 3964 1242 4017 pars
1271 3949 1487 4013 Donati,
1521 3956 1576 4002 et
1601 3947 1665 4001 ad
1697 3947 1937 4001 diversas
1965 3947 2153 4001 cathe-

571 4037 698 4092 dras
747 4037 1120 4107 pertinebant,
1167 4051 1491 4105 quocunque
1541 4044 1784 4103 tempore
1833 4033 1940 4087 illic
1977 4033 2154 4089 unitas

572 4123 715 4180 facta
746 4134 828 4180 est
857 4126 945 4181 vel
986 4126 1124 4180 facta
1173 4125 1351 4191 fuerit,
1386 4125 1500 4180 sive
1527 4133 1651 4177 ante
1679 4124 1853 4192 leges,
1884 4122 1997 4177 sive
2033 4131 2155 4191 post

574 4232 738 4285 .eges.
764 4217 830 4272 ad
873 4233 990 4272 eam
1018 4218 1329 4292 cathedram
1355 4219 1663 4286 pertineant
1687 4216 1754 4269 ad
1783 4231 1943 4284 quam
1965 4217 2156 4272 catho—

574 4311 677 4365 lica
702 4327 822 4381 quae
849 4312 960 4380 jam
994 4313 1067 4367 ibi
1099 4313 1274 4368 fuerat
1304 4312 1630 4383 pertinebat.

576 4419 657 4473 De
691 4421 987 4494 diwcesibus
1019 4439 1034 4476 :
1066 4426 1288 4494 qualiter
1308 4442 1394 4478 eas
1422 4425 1653 4478 dividant
1681 4425 1816 4476 inter
1845 4439 1898 4477 se
1927 4424 2154 4494 episcopi

646 4501 751 4543 tam
791 4493 1028 4546 catholici

645 4570 784 4613 sunt.

653 4651 881 4706 CXVIII.
909 4652 988 4707 Ita
1016 4669 1168 4718 sane,
1201 4661 1260 4707 ut
1287 4644 1646 4724 si‘episcopns
1672 4668 1740 4707 ex
1768 4653 2060 4712 Donatistis
2083 4655 2152 4710 ad

571 4744 899 4798 catholicam
931 4729 1514 4801 unitatem—"conversus
1548 4753 1632 4800 est
1653 4783 1670 4809 ,
1710 4747 1989 4814 aequaliter
2015 4748 2155 4802 inter

577 4850 636 4889 se
690 4835 931 4890 dividant
957 4852 1051 4891 cas
1096 4853 1213 4907 quae
1242 4838 1321 4893 sic
1347 4835 1546 4894 fuerint
1573 4839 1824 4906 iuvent-2,
1867 4839 1956 4894 ubi
1982 4840 2153 4894 amb-.c

573 4935 762 4996 partes
774 4927 1007 4993 fuerunt,
1027 4928 1078 4982 id
1094 4937 1198 4997 est,
1220 4929 1390 4984 utalia
1403 4929 1518 4984 loca
1534 4930 1602 4985 ad
1616 4930 1785 4996 illum,
1802 4929 1904 4983 alia
1920 4929 1986 4984 ad
2005 4929 2153 4984 illum

573 5021 903 5087 pertineant,
938 5021 1012 5074 ita
1049 5029 1112 5075 ut
1142 5022 1231 5076 ille
1259 5021 1486 5086 dividat,
1511 5021 1603 5091 qui
1633 5022 1863 5092 amplius
1894 5021 2152 5091 temporis

572 5111 630 5164 in
655 5112 971 5180 episcopatu
1012 5111 1212 5177 habet,
1253 5121 1307 5167 et
1336 5114 1516 5168 minor
1544 5113 1726 5182 eligat.
1758 5111 1910 5178 Quod
1938 5112 1984 5166 si
2014 5111 2154 5167 forte

572 5217 712 5256 unus
741 5199 904 5259 fuerit
926 5203 1094 5269 locus,
1133 5204 1200 5258 ad
1231 5219 1353 5258 eum
1387 5204 1657 5274 pertineat
1687 5204 1772 5259 cui
1802 5203 2034 5258 vicinior
2073 5203 2155 5258 in-

573 5294 808 5348 venitur.
849 5293 1003 5360 Quod
1031 5296 1075 5350 si
1103 5297 1365 5351 ambahus
1394 5296 1671 5351 cathedris
1699 5295 1980 5364 azqualiter
2017 5295 2153 5348 vici-

572 5401 677 5440 nus
713 5395 824 5453 est,
865 5387 933 5441 ad
976 5402 1097 5442 eum
1144 5389 1450 5458 pertineat,
1500 5403 1662 5458 quem
1709 5387 1862 5457 plebs
1907 5386 2153 5453 elegerit.

571 5475 729 5541 Quod
757 5478 803 5532 si
832 5476 972 5533 forte
1011 5479 1217 5549 antiqui
1255 5479 1507 5534 catholici
1537 5491 1693 5531 suum
1722 5476 2033 5546 episcopum
2054 5491 2156 5528 vo-

574 5565 774 5619 luerint
795 5607 810 5630 ,
851 5575 908 5620 et
938 5568 1011 5622 illi
1066 5583 1221 5623 suum
1248 5568 1343 5636 qui
1373 5583 1441 5622 ex
1490 5564 1683 5620 Donati
1713 5573 1865 5635 parte
1909 5562 2156 5618 conversi

574 5666 720 5720 sunt,
753 5658 984 5727 plurium
1036 5658 1286 5713 voluntas
1332 5658 1675 5727 paucioribus
1722 5655 2055 5725 prmfcratur.
2099 5651 2156 5706 Si

575 5759 756 5808 autem
788 5761 969 5825 partes
1008 5751 1241 5824 aequales
1269 5759 1409 5821 sunt,
1461 5749 1680 5820 majoris
1731 5747 1990 5818 temporis
2039 5746 2152 5816 epi-

1086 4489 1240 4563 qunm
1285 4497 1370 4565 qui
1409 4512 1472 4548 ea:
1502 4494 1696 4548 Donati
1736 4504 1885 4562 parte
1922 4489 2154 4547 conversi
2185 4489 2229 4546 D

2252 3189 2385 3244 dunt
2408 3231 2424 3257 ,
2457 3191 2548 3245 ille
2597 3190 2723 3245 inde
2765 3190 3041 3256 discedat,
3091 3204 3252 3259 quem
3283 3191 3587 3246 constiterit
3613 3201 3835 3260 praster-

2255 3280 2433 3337 missis
2458 3280 2676 3351 judiciis
2714 3280 3095 3336 ecclesiasticis
3136 3281 3374 3336 irruisse.
3409 3280 3519 3337 Nec
3555 3282 3661 3336 sibi
3688 3284 3840 3352 quis-

2251 3388 2357 3442 que
2384 3373 2708 3435 blandiatur,
2734 3374 2779 3429 si
2808 3390 2838 3428 a
2859 3373 3108 3446 primate,
3142 3383 3202 3427 ut
3229 3374 3478 3441 retineat,
3507 3375 3716 3429 litteras
3745 3375 3842 3429 im-

2253 3467 2478 3535 petrarit
2503 3507 2518 3532 ,
2569 3467 2665 3521 sed
2692 3467 2805 3522 sive
2830 3467 3028 3522 habeat
3056 3468 3284 3533 litteras,
3335 3470 3448 3523 sive
3476 3484 3586 3523 non
3613 3470 3841 3534 habeat,

2254 3556 2542 3609 conveniat
2569 3570 2690 3610 eum
2725 3554 2813 3624 qui
2853 3565 3020 3619 tenet,
3053 3567 3108 3610 et
3135 3556 3250 3624 ejus
3278 3557 3484 3611 litteras
3507 3558 3761 3628 accipiat,
3785 3568 3844 3616 ιιι

2255 3662 2377 3700 cum
2407 3657 2667 3716 appareat
2696 3647 2922 3716 pacilice
2953 3648 3187 3702 tenuisse
3213 3647 3511 3704 Ecclesiam
3539 3649 3606 3704 ad
3629 3664 3692 3704 se
3716 3665 3843 3719 pcr-

2232 3736 2535 3804 ,ιιιιριιιρηι
2579 3735 2634 3792 Si
2671 3747 2849 3792 autem
2879 3739 3113 3809 aliquam
3155 3741 3508 3808 quazstionem
3553 3742 3842 3808 retulerit,

2257 3841 2354 3894 per
2383 3826 2671 3896 episcopos
2693 3827 2900 3896 judices
2947 3844 3107 3882 causa
3160 3829 3375 3884 ﬁniatur
3406 3849 3420 3882 :
3461 3831 3574 3886 sive
3601 3845 3741 3900 quos
3766 3833 3844 3888 eis

2256 3920 2513 3988 primates
2559 3919 2852 3985 dederint,
2899 3921 3013 3975 sive
3051 3935 3190 3989 quos
3233 3920 3334 3991 ipsi
3364 3921 3572 3976 vicinos
3611 3936 3680 3977 ex
3710 3938 3848 3979 con-

2254 4025 2419 4065 sensu
2447 4010 2727 4078 elegerint.

2399 4101 2478 4156 De
2506 4102 2584 4156 his
2606 4103 2690 4174 qui
2715 4103 2882 4172 plebes
2905 4105 2974 4157 ad
3001 4121 3055 4158 se
3080 4108 3391 4175 pertinentes
3413 4106 3698 4178 negligant.

2326 4193 2514 4249 CXXI.
2546 4194 2680 4248 Item
2732 4193 2934 4264 placuit
2972 4205 3032 4250 ut
3082 4197 3388 4266 quicunque
3417 4199 3694 4266 negliguut
3721 4197 3847 4254 loca

2257 4283 2326 4339 ad
2353 4301 2504 4340 suam
2534 4285 2850 4342 cathedram
2880 4287 3230 4364 pertinentia,
3261 4288 3314 4341 in
3356 4288 3680 4344 catholicam
3720 4289 3846 4344 uni-

2259 4385 2426 4432 tatem
2473 4378 2711 4442 Iucrari,
2756 4377 3148 4437 conveniautur
3185 4394 3214 4431 a
3262 4377 3604 4448 diligentibus
3649 4379 3849 4434 vicinis

2258 4469 2548 4538 episc0pis,
2581 4477 2639 4522 ut
2683 4469 2736 4521 id
2766 4481 2927 4535 agere
2953 4484 3062 4522 non
3093 4476 3393 4522 morentur.
3432 4466 3586 4534 Quod
3627 4468 3672 4522 si
3703 4468 3848 4522 intra

2258 4572 2356 4611 sex
2384 4571 2597 4611 menses
2639 4571 2669 4610 a
2714 4556 2800 4612 die
2831 4557 3203 4613 conventionis
3248 4573 3356 4611 non
3388 4556 3704 4623 elleccrint,
3753 4558 3849 4626 qui

2259 4652 2496 4722 potuerit
2524 4664 2590 4705 ea
2629 4650 2825 4704 lucrari
2849 4689 2865 4716 ,
2913 4649 2980 4703 ad
3010 4650 3184 4720 ipsum
3214 4649 3540 4719 pertineant.
3582 4649 3660 4703 Ita
3689 4663 3845 4711 sane,

2261 4751 2320 4798 ut
2347 4743 2390 4798 si
2420 4743 2510 4797 ille
2558 4741 2626 4795 ad
2655 4756 2819 4810 quem
2869 4742 3193 4811 pertinuisse
3220 4739 3561 4804 videbantur,
3613 4739 3850 4810 probare

2260 4833 2498 4902 potuerit
2526 4831 2695 4899 magis
2721 4830 2860 4884 illius
2904 4830 3130 4884 electam
3179 4830 3559 4900 negligentiam
3590 4831 3657 4884 ab
3681 4830 3853 4886 luere-

2262 4926 2403 4989 ticis,
2436 4932 2496 4978 ut
2539 4924 2757 4992 impune
2799 4923 2871 4977 ibi
2899 4922 3030 4989 sint,
3061 4929 3116 4976 et
3139 4936 3291 4977 suam
3322 4921 3650 4990 diligentiam
3680 4918 3850 4976 fuisse

2261 5024 2588 5086 pmventam
2623 5032 2634 5067 :
2669 5023 2727 5068 ut
2767 5029 2832 5068 eo
2864 5013 3024 5068 modo
3051 5012 3168 5082 ejus
3215 5028 3343 5067 cura
3384 5011 3668 5066 sollicitior
3693 5018 3851 5067 veta-

2260 5115 2409 5162 retur
2438 5125 2450 5158 :
2482 5121 2601 5159 cum
2631 5105 2735 5160 hoc
2767 5103 2978 5173 judices
3006 5102 3246 5174 episcopi
3298 5101 3650 5172 cognoverint
3672 5139 3688 5165 ,
3737 5115 3852 5157 sua:

2261 5195 2535 5262 cathedra;
2555 5195 2673 5249 loca
2699 5193 3003 5248 restituant.
3030 5194 3172 5249 Sane
3195 5194 3238 5248 si
3262 5191 3505 5263 episcopi
3549 5191 3690 5248 inter
3709 5207 3854 5262 quos

2263 5303 2425 5344 causa
2453 5297 2715 5350 versatur,
2749 5286 3082 5341 diversarum
3111 5295 3237 5339 sunt
3280 5284 3707 5354 provinciarum,
3757 5283 3854 5338 ille

2261 5379 2463 5447 primas
2485 5377 2580 5432 det
2599 5375 2832 5444 judices,
2857 5377 2910 5430 in
2941 5374 3094 5444 cujus
3135 5375 3412 5445 provincia
3456 5383 3540 5429 est
3570 5375 3721 5429 locus
3776 5371 3852 5428 de

2258 5485 2368 5538 quo
2404 5467 2768 5524 contenditur.
2800 5465 2858 5521 Si
2888 5475 3068 5520 autem
3097 5480 3166 5520 ex
3195 5465 3466 5521 communi
3495 5465 3695 5536 placito
3721 5464 3855 5518 vici-

2257 5575 2356 5615 nos
2378 5558 2589 5627 judices
2628 5557 2908 5626 elegerint,
2946 5565 3040 5610 aut
3081 5573 3220 5613 uitus
3280 5558 3512 5627 eligatur
3562 5563 3656 5610 aut
3713 5564 3854 5621 tres,

2260 5660 2317 5705 ut
2346 5651 2391 5706 si
2421 5660 2530 5705 tres
2552 5651 2833 5719 elegerint,
2865 5658 2957 5705 aut
2987 5651 3227 5708 omnium
3254 5651 3580 5708 sententiam
3609 5664 3854 5721 sequan-

2262 5752 2366 5808 tur,
2399 5750 2491 5796 aut
2520 5742 2766 5798 ductum.
