4104 6486
274 296 373 352 ρρι

1242 284 1468 342 CODEX
1505 286 1833 344 CANONUM
1875 284 2573 343 ECCLESIASTICORUM.
3365 309 3369 311 ·
3448 287 3554 342 3-3.2

273 398 428 463 Quod
459 398 728 454 electorum
760 399 998 470 judicent
1021 400 1277 454 sententia
1318 401 1491 470 sperni
1518 417 1622 454 non
1655 399 1859 454 debeat.
1895 403 1940 458 Α
1971 413 2122 454 versa
2143 408 2475 467 cognoscant
2500 416 2514 453 :
2543 414 2572 453 a
2595 415 2705 469 quo
2721 399 2882 470 petiit
2909 399 3216 455 universum
3244 398 3553 461 concilium,

349 488 550 542 CXXII.
600 492 641 544 A
691 492 958 557 judieibus
988 499 1172 547 autem
1217 507 1356 562 quos
1385 492 1690 546 communis
1737 506 1868 546 con-

275 595 475 636 sensus
508 581 770 650 elegerit,
816 599 925 637 non
961 583 1127 638 liceat
1172 596 1493 652 provocare.
1530 581 1599 635 Et
1628 581 1870 652 quisquis

277 680 607 740 provocatus
651 682 899 742 repertus
937 672 1100 728 fuerit
1147 688 1247 742 per
1283 673 1680 727 contumaciam
1723 671 1869 725 nolle

279 766 659 836 obtemperare
697 766 968 836 iudicibus
993 807 1010 834 ,
1056 780 1179 820 cum
1222 765 1330 820 hoc
1363 765 1550 833 pr'nna:
1584 763 1728 819 sedis
1753 763 1870 833 epi-

276 875 451 928 seopo
495 858 652 914 fuerit
697 859 1014 929 probatum,
1064 857 1158 912 det
1202 858 1440 918 litteras.
1489 865 1550 910 ut
1597 855 1776 910 nullus
1817 854 1868 908 ei

277 951 647 1007 communicet
673 951 1078 1020 episcoporum,
1106 949 1279 1004 donec
1309 950 1664 1018 obtemperet.

283 1061 352 1116 Ut
381 1064 427 1116 si
464 1065 733 1134 episcopus
764 1063 993 1134 negligat
1019 1079 1168 1116 suam
1192 1061 1474 1126 dioecesim,
1507 1062 1866 1114 communione

954 1135 1201 1203 privetur.

350 1222 580 1279 CXXIII.
626 1226 684 1279 Si
713 1225 765 1278 in
806 1227 1120 1278 matricibus
1147 1223 1420 1277 cathedris
1447 1223 1736 1292 episcopus
1765 1236 1864 1276 ne-

277 1317 484 1386 gligens
512 1317 673 1372 fuerit
718 1303 979 1371 adversus
1004 1317 1313 1380 haereticos,
1360 1315 1710 1371 conveniatur
1731 1329 1759 1367 a
1788 1315 1868 1367 vi-

279 1415 419 1469 cinis
444 1413 716 1483 episcopis
745 1412 1111 1482 diligentibus,
1137 1419 1193 1465 et
1221 1411 1270 1465 ei
1293 1426 1388 1465 sua
1416 1409 1742 1478 negligentia
1771 1409 1868 1463 dc-

276 1512 633 1568 monstretur,
678 1512 737 1557 ut
779 1518 838 1557 se
866 1517 1129 1558 excusare
1159 1517 1266 1556 non
1314 1501 1500 1570 possit.
1545 1499 1698 1566 Quod
1727 1500 1771 1554 si
1799 1515 1867 1554 ex

277 1593 367 1647 die
408 1607 517 1662 quo
563 1593 918 1657 convenitur,
973 1592 1112 1647 intra
1154 1608 1248 1648 sex
1299 1605 1547 1656 menses,
1595 1591 1641 1647 si
1669 1592 1720 1645 in
1750 1591 1865 1660 ejus

277 1687 553 1757 provincia
585 1689 862 1744 exsecutio
901 1687 1084 1754 fuerit,
1131 1697 1188 1743 et
1213 1704 1322 1743 non
1365 1703 1461 1743 eos
1503 1685 1575 1740 ad
1603 1685 1864 1740 unitatem

1976 499 2034 545 ut
2062 491 2268 545 cunctis
2314 492 2428 546 sive
2457 491 2624 560 gestis
2652 505 2771 560 qua:
2819 490 3064 545 confecta
3108 489 3216 558 jam
3259 499 3412 554 sunt,
3460 505 3556 543 seu

1972 580 2214 648 epistolis
2238 581 2352 649 ipse
2381 581 2702 636 subscrihat.
2732 579 2798 634 Et
2819 580 3270 649 subscripserunt.
3303 579 3557 634 Aurelius

1972 674 2261 744 episcopus
2281 672 2534 729 Ecclesia:
2556 673 2994 743 Carthaginensis
3033 673 3160 729 huic
3180 673 3402 728 decreto
3424 689 3556 728 con-

1969 763 2132 830 sensi,
2157 771 2212 817 et
2240 763 2492 834 praelecto
2511 761 2824 834 subscripsi.
2844 762 3102 818 Similiter
3131 774 3186 819 et
3214 762 3396 819 cteterl
3421 761 3522 834 sub

1969 785 2132 830 SBIISI,
2157 785 2212 817 Cl
2240 785 2492 834 νηριδειο
2511 785 2824 834 ειιυδοτψδι.
2844 785 3102 818 διωιιιιει·
3131 785 3186 819 ει
3214 785 3396 819 ωηιξη
3421 785 3522 818 suu

1969 855 2320 925 scripserunt.
3471 785 3612 940 <

1971 962 2104 1017 Item
2131 965 2247 1018 huic
2276 965 2491 1020 concilio
2521 967 2756 1038 interfuit
2783 965 3034 1023 Ecclesiae
3067 965 3314 1021 Romana:
3337 966 3550 1038 legatio.

2040 1053 2169 1108 Post
2216 1055 2555 1110 consulatum
2604 1057 3114 1125 gloriosissimorum
3163 1058 3551 1127 imperatorum

1972 1143 2191 1199 Honorii
2222 1162 2294 1200 xu
2341 1153 2397 1200 et
2435 1146 2724 1202 Theodosii
2755 1165 2846 1202 vtu
2881 1149 3076 1217 Augg.,
3108 1163 3163 1202 ιιι
3193 1146 3302 1200 kal.
3334 1145 3544 1208 Junias,

1967 1235 2290 1305 Carthagine
2315 1237 2369 1290 in
2398 1238 2691 1292 secretario
2721 1238 2954 1293 basilicae
2978 1237 3259 1291 restitutas.
3286 1234 3419 1290 Cum
3443 1235 3553 1287 Au-

1969 1327 2132 1381 relius
2155 1328 2456 1397 episcopus,
2489 1342 2596 1382 una
2626 1342 2747 1382 cum
2780 1326 3039 1382 Faustino
3067 1325 3320 1380 Ecclesia:
3350 1324 3551 1377 Poten-

1970 1416 2116 1483 tina:,
2145 1418 2432 1486 provincia‘.
2453 1417 2616 1472 Italia:
2647 1416 2855 1484 Piceni,
2877 1418 3054 1483 legato
3081 1416 3336 1471 Rontana:
3363 1413 3551 1469 Eccle-

1967 1507 2080 1572 sire,
2113 1507 2396 1563 Vincentio
2435 1507 2772 1570 Culositano,
2809 1507 3202 1562 Fortunatiano
3243 1503 3554 1574 Neapolita-

1969 1614 2062 1666 no,
2095 1598 2335 1654 Mariano
2374 1599 2740 1671 Uzipparensi,
2781 1601 3062 1656 Adeodato
3103 1599 3379 1662 Simidico,
3410 1597 3551 1651 Pen-

1972 1689 2116 1744 tadio
2163 1688 2477 1760 Carpitano,
2523 1689 2809 1745 Ruﬁniano
2848 1689 3181 1756 Muzubensi,
3225 1687 3552 1742 Pra:textato

281 1778 607 1832 catholicam
660 1779 1055 1834 convertendos
1091 1780 1381 1844 curaverit,
1411 1795 1516 1833 non
1546 1778 1596 1832 ei
1625 1791 1865 1831 commu-
1896 1771 1942 1829 B
1969 1781 2293 1849 Sicilibensi,
2323 1782 2698 1849 Quodvultdeo
2726 1783 2978 1849 νει-επεὶ,
3009 1780 3252 1836 candido
3281 1778 3552 1834 Abbirita-

279 1869 520 1932 nicetur,
569 1868 744 1922 donec
783 1868 1096 1938 adimplcat.
1151 1869 1208 1924 Si
1255 1879 1436 1926 autem
1484 1876 1768 1925 exsecutor
1798 1865 1866 1921 ad

279 1957 400 2011 loca
425 1972 534 2011 non
565 1957 794 2025 venerit,
821 1975 925 2012 non
949 1960 1250 2015 aseribatur
1272 1962 1552 2032 episcopo.

279 2063 362 2118 De
408 2066 658 2136 episcopis
714 2066 802 2136 qui
873 2065 1175 2122 Donatistas
1221 2071 1625 2124 communicasse
1668 2067 1869 2122 mentiti

963 2142 1168 2210 fuerint.

352 2225 586 2281 CXXIV.
625 2227 682 2282 Si
719 2237 900 2284 autem
945 2231 1230 2300 probatum
1263 2230 1423 2285 fuerit
1467 2245 1589 2284 eum
1619 2229 1685 2284 de
1715 2244 1865 2284 eom-

281 2318 540 2373 munione
568 2319 783 2375 illorum
808 2319 972 2374 fuisse
1003 2322 1305 2390 mentitum,
1333 2321 1559 2376 dicendo
1593 2337 1686 2375 eos
1715 2337 1866 2375 com-

281 2410 586 2465 municasse
617 2427 753 2480 quos
802 2428 869 2466 co
897 2414 1102 2468 sciente
1137 2429 1244 2467 non
1282 2415 1708 2468 comumnicasse
1739 2429 1868 2469 con-

280 2501 500 2564 stiterit,
533 2504 694 2557 ctiam
725 2506 1094 2574 epiSCOpatum
1117 2509 1348 2561 amittat.

277 2610 365 2665 De
405 2612 714 2685 presbyteris
751 2626 802 2669 et
835 2616 1069 2690 clericis,
1110 2625 1165 2670 ut
1207 2635 1310 2672 non
1345 2619 1606 2690 appellent
1654 2619 1753 2672 nisi
1800 2617 1868 2671 ad

815 2687 1065 2757 Africana
1092 2691 1332 2742 concilia.

354 2791 566 2847 CXXV.
609 2795 740 2849 Item
781 2797 1001 2867 placuit,
1038 2808 1095 2853 ut
1129 2801 1464 2874 presbyteri,
1508 2803 1743 2874 diaconi,
1785 2803 1870 2859 vel

280 2886 472 2939 czetcri
523 2886 805 2943 inferiores
852 2889 1051 2956 clerici,
1087 2892 1139 2945 in
1176 2895 1372 2961 causis,
1403 2909 1536 2963 quas
1563 2896 1866 2962 habuerint,

277 2975 326 3027 si
358 2973 667 3042 de-judiciis
709 2977 1088 3047 episcoporum
1136 2996 1356 3036 suorum
1404 2983 1581 3052 questi
1629 2982 1866 3048 fuerint,

275 3062 450 3116 vieini
481 3064 719 3133 episcopi
750 3081 845 3120 eos
875 3069 1113 3134 audiant,
1141 3081 1196 3124 et
1236 3073 1375 3126 inter
1394 3089 1487 3127 eos
1507 3073 1762 3143 quidquid
1785 3083 1866 3127 est

1969 1889 2060 1939 no,
2101 1872 2420 1928 Galloniano
2453 1874 2658 1929 Utiensi
2701 1875 2890 1943 legatis
2918 1875 3211 1944 provincia:
3250 1873 3552 1928 Proconsu-

1969 1966 2114 2031 laris,
2148 1966 2340 2037 Alypio
2375 1967 2748 2036 Thagastensi,
2783 1967 3081 2037 Augustino
3126 1965 3552 2036 llipponensium

1967 2055 2280 2124 Regiorum,
2313 2065 2366 2112 et
2397 2056 2688 2113 Posidonio
2711 2057 3017 2113 Calamensi
3047 2057 3237 2126 legatis
3265 2055 3553 2127 provincia:

1968 2148 2247 2213 Numidite,
2278 2150 2602 2206 Maximiano
2631 2151 2889 2220 Aquensi,
2912 2150 3157 2207 Jocundo
3179 2149 3551 2212 Sull'etulensi,

1968 2249 2023 2295 et
2052 2240 2327 2297 l-lilariano
2353 2243 2820 2299 Horreocellorum
2854 2245 3040 2312 legatis
3065 2242 3351 2314 provincia:
3379 2240 3554 2314 Byza-

1969 2347 2134 2396 ccnae,
2169 2333 2377 2388 Novato
2405 2333 2668 2398 Sitifensi,
2711 2345 2766 2389 et
2807 2334 2989 2389 Leone
3029 2334 3314 2399 Moctensi,
3359 2331 3554 2402 legatis

1970 2427 2259 2497 provincize
2289 2427 2622 2484 Mauritania:
2649 2429 2934 2494 Sitifensis,
2963 2428 3174 2483 Nincllo
3207 2427 3554 2492 Rusurrensi,

1973 2519 2262 2574 Laurentio
2295 2520 2586 2586 Icositano,
2630 2531 2685 2576 et
2726 2522 3053 2577 Numeriano
3088 2521 3443 2589 Rusguniensi
3471 2519 3553 2574 lc-

1970 2611 2108 2680 gatis
2138 2613 2427 2682 provincia:
2466 2612 2800 2668 Mauritania:
2828 2613 3198 2680 Caesariensis,
3240 2612 3308 2667 ab
3340 2613 3553 2667 univcr«

1969 2704 2068 2758 sali
2117 2705 2352 2761 concilio
2377 2706 2648 2774 iudicibus
2674 2707 2921 2776 delectis,
2952 2709 3253 2763 astantibus
3290 2706 3555 2768 diaconis,

1972 2798 2330 2865 consedisset,
2362 2807 2416 2854 et
2463 2801 2782 2868 quibusdam
2829 2802 3085 2870 peractis,
3130 2801 3283 2854 multi
3313 2799 3556 2870 episcopi

1973 2899 2293 2944 czetcrmum
2323 2891 2750 2958 peragendorum
2781 2905 3113 2946 memorasse
3155 2904 3556 2959 conquereren-

1973 2989 2061 3036 tur
2107 2984 2377 3037 sustinere
2414 2999 2522 3036 non
2570 2999 2748 3054 posse,
2791 2991 2846 3039 et
2891 2983 2959 3038 ad
3001 2985 3250 3054 proprias
3291 2981 3560 3039 Ecclesias

1975 3069 2310 3136 festinarent,
2335 3071 2538 3141 placuit
2567 3073 2819 3128 universo
2847 3073 3082 3127 concilio
3129 3080 3188 3127 ut
3215 3073 3283 3128 ab
3308 3070 3558 3127 omnibus

279 3151 497 3218 ﬁniant,
522 3155 744 3210 adhibiti
766 3157 833 3211 ab
854 3158 1024 3214 eis‘ex
1047 3176 1310 3238 consensu
1338 3167 1714 3234 episcoporum
1745 3182 1869 3220 suo-
1899 3140 1946 3204 ε
1976 3162 2300 3230 eligerentur
2317 3163 2384 3217 de
2406 3163 2626 3230 singulis
2651 3164 2951 3232 quibusque
2977 3164 3290 3233 provinciis,
3320 3163 3409 3232 qui
3430 3177 3560 3233 pro-

282 3259 428 3297 rum.
461 3244 617 3312 Quod
644 3249 690 3302 si
718 3256 773 3303 et
803 3251 868 3304 ab
891 3251 968 3305 eis
992 3254 1392 3321 provocandum
1417 3258 1740 3326 putaverint,
1765 3273 1872 3312 non

279 3345 590 3404 provocent
615 3338 717 3394 nisi
745 3340 810 3393 ad
832 3341 1079 3397 Africana
1109 3346 1353 3411 concilia,
1387 3348 1470 3401 vel
1500 3347 1565 3401 ad
1610 3349 1870 3417 primates

283 3425 690 3494 provinciarum
743 3445 999 3496 suarum;
1032 3431 1100 3486 ad
1146 3436 1504 3489 transmarina
1556 3445 1734 3491 autem
1781 3437 1873 3506 qui

284 3515 562 3582 putaverit
582 3518 977 3586 appellandum,
1008 3538 1036 3576 a
1061 3524 1205 3578 nullo
1235 3524 1371 3578 intra
1398 3525 1628 3581 Africam
1647 3527 1700 3581 in
1727 3543 1875 3582 com-

282 3604 600 3660 munionem
630 3610 966 3680 suscipiatur.

488 3713 570 3768 De
594 3717 879 3787 uirginibus
907 3721 1060 3772 etiam
1091 3721 1375 3776 minoribus
1405 3724 1656 3779 velandis.

365 3822 596 3878 CXXVI.
636 3824 769 3879 item
815 3828 1034 3901 placuit,
1070 3839 1126 3884 ut
1156 3832 1459 3902 quicunque
1498 3836 1873 3906 episcoporum

288 3912 616 3967 necessitate
645 3915 994 3982 periclitantis
1027 3919 1297 3988 pudicitiae
1325 3924 1619 3990 virginalis,
1643 3941 1764 3978 cum
1791 3926 1874 3979 vel

286 4003 494 4074 petitor
520 4013 734 4073 potens,
767 4008 852 4062 vel
888 4019 1074 4079 raptor
1116 4012 1308 4081 aliquis
1351 4013 1688 4084 formidatur,
1723 4017 1803 4071 vel
1830 4018 1875 4072 si

283 4095 456 4149 etiam
501 4097 678 4166 aliquo
709 4102 896 4157 mortis
929 4103 1229 4171 periculoso
1257 4109 1508 4177 scrupulo
1551 4121 1874 4180 compuncta

289 4183 475 4249 fuerit,
507 4203 573 4241 ne
600 4205 707 4243 non
738 4191 913 4245 velata
951 4195 1232 4259 moriatur,
1273 4207 1364 4253 aut
1404 4199 1742 4269 exigentibus
1779 4217 1876 4272 pa-

287 4276 557 4344 rentibus,
589 4287 681 4332 aut
710 4281 793 4335 his
823 4283 892 4336 ad
933 4299 1161 4354 quorum
1210 4303 1394 4342 curam
1425 4291 1680 4360 pertinet,
1724 4295 1874 4349 vela-

286 4367 436 4421 verit
479 4369 760 4438 virginem,
787 4389 881 4428 seu
926 4377 1123 4432 velavit
1167 4380 1308 4435 intra
1339 4383 1526 4452 viginti
1556 4395 1612 4439 et
1638 4388 1876 4456 quinque

289 4475 470 4516 annos
523 4465 735 4518 :etatis:
769 4481 878 4521 non
917 4467 966 4522 ei
1001 4470 1143 4524 obsit
1172 4473 1458 4528 concilium
1488 4476 1632 4547 quod
1659 4478 1727 4533 de
1770 4479 1875 4536 isto

285 4570 558 4609 annorum
589 4573 812 4613 numero
833 4562 1182 4618 constitutum
1213 4574 1314 4621 θεῖ.

288 4661 384 4718 Ne
412 4665 605 4746 diutius
631 4669 855 4746 episcopi
883 4681 1149 4746 teneantur
1174 4677 1227 4730 in
1251 4679 1491 4746 concilio,
1525 4688 1694 4736 ternos
1723 4698 1788 4736 ea:
1815 4700 1872 4739 se

489 4741 805 4808 singularum
834 4743 1213 4811 provinciarum
1233 4747 1433 4817 judices
1463 4741 1677 4820 eligant.

366 4845 624 4902 CXXVII.
667 4835 798 4905 Item
822 4854 1045 4922 placuit,
1072 4872 1140 4913 ne
1165 4857 1363 4915 diutius
1391 4863 1627 4918 universi
1653 4865 1874 4934 episco-

289 4937 351 5007 pi
398 4936 489 5007 qui
519 4935 588 4990 ad
616 4941 904 4996 concilium
953 4949 1263 5016 congregati
1290 4958 1414 5004 sunt
1443 4958 1775 5020 tenerentur,
1809 4957 1876 5012 ab

291 5029 550 5084 universo
579 5032 810 5104 concilio
834 5033 1044 5102 judices
1084 5045 1267 5094 ternos
1301 5041 1370 5095 de
1404 5042 1626 5110 singulis
1651 5048 1875 5114 provin-

288 5121 394 5175 ciis
423 5121 569 5190 eligi,
601 5134 659 5178 et
685 5123 843 5180 electi
880 5136 1006 5184 sunt
1033 5129 1100 5184 de
1125 5132 1402 5200 provincia
1441 5132 1872 5205 Carthaginensi,

293 5211 631 5282 Vincentius,
667 5215 1107 5289 Fortunatianus,
1143 5231 1199 5276 et
1235 5223 1461 5292 Clarus;
1492 5227 1560 5281 de
1597 5229 1874 5297 provincia

288 5303 540 5360 Numidia
573 5307 816 5380 Alypius,
847 5310 1191 5381 Augustinus,
1224 5326 1282 5372 et
1312 5317 1608 5376 Restitutus
1633 5339 1647 5387 ;
1669 5321 1737 5377 dc
1760 5339 1882 5392 pro-

284 5396 472 5450 vincia
501 5396 801 5471 Byzaecna,
824 5420 942 5459 cum
971 5416 1157 5463 sancto
1181 5424 1310 5464 sene
1331 5411 1632 5468 Donatiano
1653 5415 1881 5485 primate

285 5488 642 5559 Cresconius,
663 5491 954 5563 Jocundus,
988 5507 1042 5553 et
1072 5499 1394 5558 fEmilianus
1421 5520 1436 5568 ;
1465 5503 1532 5560 de
1559 5505 1879 5563 Mauritania

220 5647 224 5650 ~
285 5581 537 5635 Sitifensi
569 5583 912 5651 Severianus,
945 5589 1228 5658 Asiaticus,
1263 5600 1320 5647 et
1349 5593 1586 5651 Donatus
1612 5614 1626 5663 ;
1657 5597 1725 5652 de
1753 5614 1879 5668 pro-

285 5675 470 5728 vincia
497 5674 826 5745 Tripolitana
851 5679 1112 5750 Plautius,
1137 5686 1228 5752 qui
1249 5701 1316 5742 ex
1338 5702 1490 5743 more
1514 5687 1720 5756 legatus
1743 5707 1880 5749 unus

286 5777 370 5818 est
407 5766 622 5831 missus,
655 5769 747 5838 qui
781 5786 965 5828 omnes
997 5790 1116 5830 cum
1147 5783 1334 5832 sancto
1361 5773 1489 5832 sene
1517 5777 1733 5838 Aurelio
1764 5785 1880 5840 uui-

1902 4525 1956 4588 Β

1973 3259 2098 3323 pter
2125 3253 2225 3307 alia
2258 3255 2558 3324 peragenda
2603 3255 2920 3309 residerent.
2956 3253 3020 3308 Et
3048 3254 3245 3309 factum
3274 3261 3358 3309 est
3411 3263 3473 3308 ut
3502 3253 3556 3308 hi

1975 3343 2226 3397 adessent
2278 3358 2506 3412 quorum
2553 3345 2975 3414 subscriptiones
3046 3359 3143 3399 eos
3186 3343 3421 3398 adfuisse
3471 3350 3548 3397 tc-

1975 3443 2206 3490 stantur.
2455 3434 2458 3436 ⁷

1979 3546 2130 3612 Quod
2175 3551 2606 3602 excommunicati
2655 3548 2725 3600 ad
2766 3549 3146 3608 accmationcm
3197 3547 3403 3601 admitti
3451 3563 3556 3601 non

2645 3617 2881 3673 debeant.

2046 3732 2323 3788 CXXVIII.
2366 3732 2684 3801 Placuitque
2713 3732 2979 3795 omnibus,
3011 3730 3264 3800 quoniam
3310 3728 3561 3799 superio-

1977 3825 2514 3881 ribus'coneiliorum
2554 3825 2788 3879 decretis
2817 3823 2885 3879 dc
2934 3823 3185 3894 personis
3216 3837 3334 3892 quze
3363 3821 3562 3876 admit-

1979 3918 2150 3974 tenda:
2184 3927 2307 3974 sunt
2336 3917 2401 3972 ad
2439 3919 2841 3973 accusationem
2874 3917 3194 3972 clericorum
3220 3914 3331 3984 jam
3361 3913 3561 3969 consti-

1980 4017 2149 4064 tutum
2188 4018 2298 4075 est,
2330 4016 2385 4064 et
2420 4024 2541 4078 qua:
2579 4023 2822 4078 persona:
2853 4023 2960 4062 non
3009 4006 3426 4061 admitterentur
3452 4020 3567 4059 non

1971 4084 2298 4172 expressum
2329 4109 2430 4165 est,
2463 4099 2664 4155 idcirco
2705 4099 2988 4155 deﬁnimus
3027 4113 3147 4152 cum
3175 4096 3276 4150 rite
3303 4095 3370 4149 ad
3399 4089 3562 4149 aecus

1979 4192 2240 4246 sationem
2267 4206 2372 4246 non
2397 4189 2637 4254 admitti,
2670 4190 2784 4258 qui,
2813 4197 3165 4260 posteaquam
3194 4183 3572 4240 excommuni-

1979 4289 2131 4336 catus
2167 4278 2346 4347 fuerit,
2383 4279 2436 4333 in
2468 4280 2581 4350 ipsa
2621 4279 2796 4334 adhuc
2840 4275 3397 4334 excommunicatione
3432 4288 3573 4330 con-

1979 4373 2213 4438 stitutus,
2245 4372 2358 4428 sive
2386 4372 2456 4427 sit
2497 4372 2755 4438 clericus,
2785 4371 2898 4428 sive
2942 4371 3134 4438 laicus,
3165 4383 3425 4425 accusare
3465 4384 3578 4424 γοα

1983 4463 2162 4518 luerit.
2436 4458 2444 4463 ’

1985 4573 2135 4639 Quod
2161 4577 2294 4630 servi
2321 4584 2370 4630 et
2420 4575 2610 4639 liberti,
2641 4593 2917 4646 omnesque
2943 4577 3167 4646 infames
3195 4589 3434 4645 personat
3460 4589 3578 4628 non-

2507 4646 2726 4702 debeant
2755 4664 3020 4701 accusare.

2051 4757 2286 4814 CXXIX.
2324 4757 2458 4814 Item
2489 4759 2689 4829 placuit
2717 4767 2778 4814 ut
2829 4773 3020 4814 omnes
3072 4756 3213 4812 servi
3237 4757 3324 4811 vel
3364 4752 3576 4825 proprii

1981 4848 2160 4904 liberti
2188 4849 2254 4904 ad
2285 4850 2680 4905 accusationem
2711 4866 2819 4906 non
2847 4849 3217 4916 admittantur,
3245 4847 3328 4902 vel
3354 4859 3568 4905 omnes,

1983 4960 2119 5013 quos
2148 4945 2213 4998 ad
2239 4945 2536 5001 accusanda
2561 4945 2772 5014 publica
2800 4944 3020 5000 crimina
3043 4943 3189 5011 leges
3209 4939 3434 5011 publica:
3456 4952 3567 4990 non

1983 5036 2292 5090 admittunt.
2323 5034 2522 5091 Omnes
2549 5037 2711 5092 etiam
2742 5034 2973 5090 infamia:
3005 5033 3226 5088 maculis
3253 5028 3477 5100 aspersi.
3509 5025 3575 5080 ίιὶ

1985 5134 2086 5192 est,
2120 5127 2430 5190 histriones,
2457 5142 2523 5184 ac
2551 5125 2970 5197 turpitudinibus
3004 5123 3258 5191 subjecta:
3296 5133 3571 5189 personae,

1983 5220 2220 5274 lueretici
2258 5221 2439 5286 etiam,
2473 5221 2587 5276 sive
2633 5221 2847 5292 pagani,
2875 5234 2968 5274 seu
3009 5216 3177 5272 Juda:i
3202 5233 3215 5268 :
3243 5214 3336 5271 sed
3383 5221 3576 5268 tamen

1983 5310 2231 5366 omnibus
2258 5310 2448 5380 quibus
2476 5310 2752 5364 accusatio
2801 5308 3116 5377 denegatur,
3146 5305 3199 5359 in
3225 5302 3404 5360 causis
3433 5313 3570 5372 pro—

1986 5398 2114 5469 priis
2144 5399 2429 5453 accusandi
2456 5399 2672 5455 licentia
2703 5415 2808 5454 non
2835 5396 3099 5465 neganda.

2063 5506 2133 5559 L't
2159 5509 2242 5574 qui
2279 5524 2437 5564 unum
2467 5509 2657 5561 crimen
2688 5524 2794 5562 non
2824 5506 3146 5578 probarerit,
3176 5505 3244 5558 ad
3273 5503 3496 5559 alterum

2490 5578 2692 5631 admitti
2722 5595 2823 5632 non
2857 5579 3057 5636 debeat.

2056 5692 2266 5747 CXXX.
2307 5693 2437 5746 Item
2486 5693 2717 5763 placuit,
2765 5695 3192 5764 quotiescunque
3239 5692 3449 5747 clericis
3495 5689 3571 5742 ai:

1985 5787 2386 5842 accusatoribus
2416 5785 2581 5842 multa
2613 5787 2834 5843 crimina
2863 5787 3288 5858 objiciuntur,ct
3311 5799 3472 5842 unum
3495 5797 3574 5836 es
