4104 6470
552 243 661 300 2ιέ5

1791 242 2146 300 DIONYSIUS
2184 241 2342 296 EXIG
2353 240 2392 296 U
2405 241 2507 297 US.

3735 250 3847 304 225

555 356 705 425 ipsis,
736 357 804 413 de
829 373 936 428 quo
978 359 1128 430 prius
1163 359 1391 428 egerint,
1429 356 1662 428 probare
1700 370 1810 409 non
1848 353 2136 417 valuerint,
2170 358 2214 413 Α
2315 350 2556 406 Ninelltts
2598 350 3067 419 Rusurrianeasis,
3115 354 3322 424 legatus
3351 359 3638 427 provincia:
3661 362 3848 418 Caesa.

553 449 624 502 ad
654 457 845 505 cratera
869 451 980 520 jam
1009 466 1115 505 non
1143 449 1517 517 admittantur,

815 587 913 654 Qui
941 591 1009 644 ad
1039 589 1384 643 testimonium
1411 586 1715 642 admittendi
1741 595 1879 639 sunt.

627 685 859 758 CXXXI.
901 702 1090 757 Testes
1116 711 1296 756 autem
1325 701 1393 756 ad
1418 699 1780 755 testimonium
1808 713 1918 752 non
1945 696 2144 751 admit-

556 793 766 856 tenzlos,
807 793 897 862 qui
941 807 1039 846 nec
1082 791 1153 845 ad
1192 791 1592 847 accusationem
1635 789 1842 844 admitti
1885 785 2142 858 prmcepti

553 893 694 946 sunt,
729 884 812 937 vel
841 884 1002 937 etiam
1053 899 1188 954 quos
1234 884 1349 952 ipse
1397 890 1685 936 accusator
1721 879 1790 934 de
1834 895 1931 935 sua
1977 879 2139 942 domo

547 973 888 1048 produxerit.
931 973 1011 1027 Ad
1056 974 1422 1028 testimonium
1465 981 1645 1026 autem
1675 971 1815 1026 intra
1870 985 2038 1026 annos
2073 969 2140 1023 M

550 1065 724 1117 aetatis
752 1079 862 1118 sua:
888 1081 996 1120 non
1025 1065 1398 1118 admittautur.

551 1202 630 1257 De
693 1207 930 1276 episcopo
977 1207 1064 1276 qui
1099 1205 1513 1258 eacommuuicat
1569 1219 1685 1257 eum
1747 1204 1835 1274 qui
1890 1201 1986 1257 sibi
2039 1200 2140 1256 soli

929 1278 1124 1330 crimen
1153 1276 1278 1329 dicit
1307 1291 1418 1329 esse
1447 1276 1756 1346 confessum.

619 1380 877 1438 CXXXII.
917 1384 1050 1438 Item
1075 1385 1276 1454 placuit
1306 1393 1383 1449 ut,
1416 1385 1461 1439 si
1492 1384 1708 1453 quando
1738 1385 2026 1454 episcopus
2056 1383 2142 1438 di-

547 1473 622 1526 cit
650 1474 884 1543 aliquem
929 1475 1031 1530 sibi
1062 1477 1163 1530 soli
1195 1478 1475 1545 pr0prium
1505 1477 1708 1530 crimen
1737 1476 1902 1530 fuisse
1929 1474 2140 1530 confes-

548 1578 689 1631 sum,
720 1573 882 1634 atque
909 1565 1000 1620 ille
1039 1575 1237 1634 neget,
1270 1582 1377 1620 non
1421 1574 1576 1634 putet
1608 1567 1675 1620 ad
1707 1566 1955 1635 injuriam
1984 1579 2138 1619 suam

547 1654 836 1722 episcopus
869 1655 1144 1724 pertinere
1173 1655 1318 1724 quod
1374 1655 1448 1709 illi
1478 1655 1578 1709 soli
1608 1671 1716 1709 non
1747 1656 2006 1719 creditur,
2039 1656 2140 1710 etsi

545 1744 802 1812 scrupqu
830 1746 1064 1814 propria:
1108 1745 1456 1800 conscientia:
1481 1760 1540 1800 se
1568 1746 1700 1800 dicit
1734 1747 1951 1814 neganti
1992 1746 2137 1802 nolle
2172 1725 2216 1784 Β

543 1833 967 1889 communicare.

551 1970 620 2026 Ut
638 1989 738 2026 non
758 1983 943 2028 temere
958 1991 1260 2048 quemquam
1284 1979 1641 2033 communione
1658 1978 1822 2047 privet
1842 1977 2130 2049 episcopus.

621 2083 904 2140 CXXXIII.
946 2085 1194 2154 Quandiu
1242 2091 1709 2145 excommunicato
1741 2106 1848 2145 non
1893 2105 2138 2144 commu-

545 2174 806 2229 nicaverit
825 2192 952 2232 suus
981 2178 1287 2248 episcopus,
1313 2179 1488 2234 eidem
1509 2181 1766 2250 episcopo
1793 2180 1860 2234 ab
1883 2179 2002 2234 aliis
2025 2195 2135 2234 non

545 2267 972 2322 communieetur
997 2270 1268 2340 episcopis
1291 2289 1304 2324 :
1330 2279 1387 2326 ut
1416 2273 1588 2341 magis
1633 2281 1821 2328 caveat
1850 2272 2136 2342 episc0pus

544 2371 615 2410 ne
643 2355 787 2412 dicat
842 2361 895 2414 in
923 2377 1248 2430 quemquam
1289 2363 1434 2433 quod
1479 2365 1600 2420 aliis
1641 2364 1976 2422 documentis
2004 2379 2134 2418 con-

545 2447 760 2504 vincere
791 2466 899 2505 non
929 2453 1147 2521 poterit.

615 2539 866 2597 Aurelius
895 2545 1183 2615 episcopus
1211 2545 1345 2601 dixit
1369 2563 1380 2600 :
1405 2545 1564 2601 Juxta
1587 2553 1792 2601 statuta
1813 2545 1978 2601 totius
2003 2560 2136 2600 con—

544 2630 652 2686 cilii
703 2636 1034 2702 congregati,
1081 2645 1136 2691 et
1181 2653 1314 2693 mea:
1350 2638 1742 2694 mediocritatis
1787 2637 2131 2704 sententiam,

544 2722 720 2791 placet
745 2723 922 2780 facere
952 2743 1132 2782 rerum
1162 2730 1400 2783 omnium
1423 2730 1828 2784 conclusionem
1855 2747 1869 2782 :
1897 2728 2132 2784 universi

543 2814 681 2870 tituli
724 2816 1008 2884 designati,
1040 2829 1095 2874 et
1125 2820 1318 2888 digesti
1348 2808 1506 2889 hujus
1535 2821 1644 2875 diei
1675 2829 1924 2885 tractatu,
1957 2820 2134 2875 eccle—

541 2907 753 2962 tiastica
795 2919 947 2976 gesta
993 2911 1320 2982 suscipiant;
1352 2929 1472 2983 qua:
1501 2928 1629 2970 vero
1659 2913 1835 2968 adhuc
1874 2928 2130 2984 expressa

542 3013 648 3052 non
673 3007 819 3068 sunt,
843 3001 931 3055 die
961 3005 1209 3072 sequenti
1238 3020 1334 3074 per
1358 3004 1548 3059 fratres
1574 3013 1788 3060 nostros
1814 3004 2127 3060 Faustinum

2247 442 2456 506 riensis,
2487 442 2568 496 bis
2595 444 2760 510 gestis
2786 445 3097 516 subscripsi.

2319 531 2634 588 Laurentius
2684 533 3013 601 lcositanus,
3065 537 3274 608 legatus
3319 542 3611 611 provincia:
3655 545 3845 603 (Σπω-

2244 623 2453 688 riensis,
2482 623 2564 678 his
2589 626 2756 692 gestis
2777 626 3086 697 subscripsi.

2313 712 2670 769 Numerianus
2714 715 3115 785 Rusguriensis,
3147 720 3360 792 legatus
3399 727 3690 795 provincia:
3719 731 3846 787 Ca-

2242 805 2516 868 sariensis,
2547 806 2629 861 his
2648 807 2816 873 gestis
2844 809 3154 880 subscripsi.

2315 893 2424 951 Leo
2463 897 2771 964 Moctensis,
2804 899 3011 968 legatus
3039 903 3330 971 provincia:
3357 907 3720 982 Cresariensis,
3750 915 3844 973 bis

2241 990 2406 1057 gestis
2428 990 2739 1062 subscripsi.

2313 1083 2462 1138 Alius
2491 1083 2624 1154 Leo,
2659 1087 2866 1157 legatus
2902 1095 3191 1164 provincia:
3239 1095 3523 1166 Sitifensis,
3557 1100 3640 1157 his
3668 1104 3840 1172 gestis

2240 1176 2552 1248 subscripsi.
3421 1199 3434 1209 ί

2313 1265 2381 1322 Et
2408 1271 2591 1325 ca::eri
2627 1273 2864 1348 episcOpi
2892 1277 2999 1332 227
3027 1281 3275 1337 similiter
3301 1285 3757 1357 subscripserunt.

2312 1361 2589 1434 Philippus
2613 1368 2914 1440 presbyter,
2938 1372 3146 1440 legatus
3168 1373 3420 1431 Ecclesia:
3449 1377 3725 1446 Romamn,
3751 1382 3837 1436 his

2238 1454 2405 1522 gestis
2432 1471 2462 1508 a
2493 1457 2648 1512 nobis
2675 1461 2978 1518 recollectis
3004 1465 3316 1535 subscripsi.

2311 1567 2521 1625 Asellus
2564 1542 2864 1644 presbyier,
2895 1575 3103 1646 legatus
3149 1577 3404 1634 Ecclesia:
3433 1579 3712 1649 Romamn,
3747 1584 3833 1639 his

2241 1658 2406 1725 gestis
2427 1661 2738 1734 subscripsi,
2763 1679 2881 1733 qua:
2911 1681 3007 1734 per
3035 1683 3134 1721 nos
3163 1668 3367 1723 directa
3399 1678 3540 1724 sunt.

2245 1768 2436 1854 Incipit
2463 1775 2684 1858 epistola
2709 1776 2770 1828 ab
2799 1781 2938 1858 omni
2974 1781 3194 1835 concilio
3222 1780 3476 1858 Africano
3500 1783 3568 1835 ad
3607 1784 3829 1858 Bonifa-

2312 1845 2447 1896 cium
2469 1844 2621 1925 uritis
2642 1846 2821 1902 Romae
2839 1851 3151 1925 episcopatu,
3181 1844 3602 1925 peerqustinum
3627 1844 3831 1925 episco-

2311 1931 2451 1998 pitur,
2500 1914 2819 1998 Pltitippum,
2861 1914 3190 1998 etnAsellum'
3229 1922 3575 1995 presbyteros,
3624 1914 3828 1998 legatos

2310 1983 2560 2039 Ecclesia:
2589 1983 2862 2055 Romamn,
2892 1990 3112 2045 directa.

2309 2073 2586 2130 CXXXIV.
2619 2077 2848 2134 Domino
2880 2081 3193 2137 beatissimo
3230 2093 3287 2139 et
3338 2085 3642 2142 honorabili
3674 2089 3828 2146 fratri

2236 2165 2514 2223 Bonifacio
2543 2169 2806 2236 Aurelius,
2859 2171 3173 2230 Valentinus
3220 2177 3405 2246 prima:
3435 2180 3577 2234 sedis
3607 2183 3828 2250 provin-

2236 2259 2336 2314 cia:
2362 2259 2641 2328 Numidiaa,
2673 2271 2728 2316 et
2754 2264 2954 2328 centeri,
2986 2266 3079 2334 qui
3101 2277 3392 2336 przesentes
3412 2269 3698 2340 adfuimus,
3729 2291 3829 2330 nu-

2235 2365 2387 2405 mero
2415 2367 2588 2406 ccxvu
2619 2367 2686 2406 ex
2713 2354 2860 2408 omni
2889 2357 3116 2412 concilio
3139 2355 3348 2413 Africze.

2309 2445 2574 2510 Quoniam
2598 2445 2824 2500 Domino
2847 2447 3049 2517 placuit
3094 2458 3153 2503 ut
3179 2450 3246 2506 de
3292 2450 3375 2507 his
3394 2467 3513 2522 qua:
3541 2456 3824 2512 nobiscum

2235 2544 2461 2604 egerunt
2489 2537 2658 2590 sancti
2689 2537 2880 2594 fratres
2907 2537 3096 2605 nostri,
3123 2543 3478 2614 coepiscopus
3508 2545 3822 2618 Faustinus,

2234 2629 2739 2699 etcompresbyteri
2780 2630 3073 2701 Philippus,
3127 2642 3182 2688 et
3211 2635 3438 2702 Asellus,
3496 2653 3602 2693 non
3650 2640 3824 2695 beata:

2235 2720 2509 2774 memoritc
2537 2721 2786 2792 episcopo
2817 2722 3052 2788 Zosimo,
3081 2741 3111 2777 a
3133 2741 3242 2794 quo
3272 2726 3342 2781 ad
3369 2744 3467 2784 nos
3493 2730 3742 2785 mandata
3767 2739 3825 2786 et

2232 2805 2441 2865 litteras
2471 2812 2787 2879 attulerunt,
2831 2815 2925 2869 sed
2960 2824 3063 2870 tua:
3089 2819 3447 2884 venerationi,
3495 2821 3587 2889 qui
3618 2822 3672 2876 in
3703 2822 3822 2891 ejus

2233 2901 2411 2957 locum
2437 2921 2496 2958 es
2519 2905 2774 2961 divinitus
2818 2909 3169 2978 constitutus,
3200 2911 3470 2968 humilitas
3499 2924 3683 2969 nostra
3727 2931 3820 2971 re-

2232 2994 2515 3064 scriberet,
2546 3011 2609 3051 ea
2637 2998 2872 3053 breviter
2901 3000 3172 3056 insinuare
3203 3003 3486 3072 debemus,
3513 3022 3633 3074 qua:
3665 3017 3819 3063 utro-

541 3087 876 3160 episcopum,
907 3090 1236 3164 Philippum,
1261 3102 1316 3150 et
1339 3095 1576 3151 Asellum
1600 3097 1944 3166 presbyteros
1963 3111 2129 3150 vene—
2157 3097 2202 3156 C
2232 3099 2460 3153 rumque
2490 3088 2777 3143 concordia
2809 3091 3093 3145 terminata
3122 3103 3270 3161 ευηι,
3319 3110 3420 3150 nec
3458 3111 3524 3151 ea
3551 3112 3671 3165 (11³³³
3693 3116 3822 3169 Ριόι⁵

545 3181 701 3235 rabili
730 3182 884 3238 fratri
914 3194 968 3240 et
996 3187 1322 3258 coepiscopo
1347 3199 1536 3244 nostro
1566 3187 1840 3244 Bonifacio
1866 3190 2133 3245 rescribe-

544 3285 663 3328 tnus
683 3315 700 3342 ,
729 3283 784 3330 et
811 3277 1266 3348 subscripserunt.

616 3365 866 3422 Aurelius
893 3371 1198 3440 cpiscopus,
1230 3371 1313 3426 his
1335 3371 1498 3440 gestis
1527 3380 1850 3428 statutorum
1871 3373 2013 3443 apud
2035 3388 2136 3429 nos

546 3455 743 3510 habitis
773 3459 1085 3531 subscripsi.

623 3546 936 3604 Valentinus
965 3551 1152 3621 prima:
1180 3542 1324 3607 {edis
1355 3553 1639 3624 episcopus
1685 3552 1974 3623 provinciae
2020 3552 2133 3609 Nu-

543 3638 740 3704 uiidize,
777 3641 860 3695 his
886 3643 1050 3710 gestis
1079 3644 1392 3713 subscripsi.

615 3729 898 3790 Faustinus
927 3737 1210 3806 cpisc0pus
1238 3735 1491 3792 Ecclesia:
1523 3735 1823 3792 Potentina:
1843 3737 2135 3809 provincia:

543 3821 762 3900 Piceni,
809 3827 1017 3895 legatus
1059 3827 1316 3884 Ecclesiae
1360 3828 1644 3896 Romanae,
1681 3829 1763 3884 his
1804 3829 1967 3900 gestis
2007 3829 2136 3886 sub-

541 3915 755 3984 scripsi.

615 4005 942 4074 Augustinus
989 4008 1277 4078 episcopus
1323 4007 1726 4078 Hipponiensis,
1756 4009 1962 4079 legatus
2007 4025 2135 4081 pro—

543 4096 733 4152 vincizc
762 4097 1038 4164 Numidiae,
1071 4099 1154 4152 his
1174 4099 1338 4167 gestis
1366 4099 1678 4169 subscripsi.

617 4186 890 4243 Possidius
917 4190 1204 4260 episcopus
1227 4189 1580 4254 Calamensis,
1607 4190 1813 4260 legatus
1841 4191 2134 4262 provincia:

541 4273 825 4347 Nnmidim,
857 4278 938 4334 his
968 4281 1132 4348 gestis
1160 4281 1468 4350 subscripsi.

615 4368 927 4424 Vincentius
950 4370 1308 4437 Culusitanus,
1342 4371 1425 4426 his
1448 4371 1613 4442 gestis
1639 4363 1948 4443 subscripsi.

2233 3177 2356 3232 lixis
2385 3187 2659 3248 gestorum
2689 3182 3048 3240 voluminibus
3094 3189 3461 3258 continentur,
3511 3189 3566 3245 in
3594 3192 3820 3264 quibus,

2234 3269 2382 3322 salva
2411 3270 2630 3338 quidem
2656 3272 2940 3341 cbaritate,
2969 3291 3078 3332 non
3110 3287 3287 3332 tamen
3309 3280 3428 3334 sine
3455 3295 3622 3349 parvo
3651 3283 3819 3338 alter-

2234 3360 2463 3415 cationis
2489 3361 2673 3416 labore
2701 3363 2964 3420 demorati
2992 3382 3196 3436 sumus,
3228 3384 3291 3424 ea
3321 3372 3488 3437 gestis
3513 3372 3822 3428 deliberan-

2235 3456 2316 3504 tes
2361 3465 2480 3519 qua:
2530 3467 2675 3507 nunc
2705 3453 2769 3507 ad
2799 3469 3016 3510 causam
3064 3458 3359 3526 pertinent.
3401 3461 3720 3531 Quanquam
3767 3472 3825 3519 et

2234 3540 2344 3605 ille,
2375 3543 2420 3595 si
2443 3543 2618 3598 adhuc
2646 3554 2790 3599 esset
2817 3546 2870 3599 in
2891 3561 3138 3617 corpore,
3171 3550 3273 3604 hoc
3302 3552 3576 3622 acciperet
3594 3555 3820 3620 gratius,

2234 3630 2380 3699 quod
2419 3632 2627 3688 videret
2673 3637 2914 3704 pacatius
2957 3639 3335 3707 terminatum,
3369 3641 3587 3697 domine
3632 3643 3818 3699 frater.

2235 3721 2484 3792 Apiarius
2521 3725 2824 3797 presbyter,
2856 3728 2922 3783 de
2950 3730 3103 3800 cujus
3128 3740 3182 3786 et
3225 3734 3582 3804 ordinatione,
3628 3745 3686 3790 et
3727 3753 3825 3792 ex-

2235 3818 2726 3886 communicatione
2750 3861 2765 3887 ,
2829 3830 2884 3877 et
2924 3826 3313 3894 provocatione
3352 3826 3527 3883 fuerat
3573 3841 3825 3890 exortum

2235 3923 2345 3962 non
2391 3909 2568 3964 solum
2609 3911 2880 3980 Siccensi,
2925 3932 3111 3971 verum
3149 3921 3313 3973 etiam
3344 3921 3511 3978 totius
3548 3923 3826 3985 Africana:

2235 3997 2491 4054 Ecclesiae
2539 4017 2646 4057 non
2695 4003 2814 4060 leve
2862 4009 3192 4075 scandalum,
3244 4011 3312 4066 de
3353 4013 3602 4070 omnibus
3631 4018 3826 4076 erratis

2233 4091 2346 4145 suis
2373 4092 2582 4146 veniam
2611 4102 2802 4164 petens
2831 4101 3198 4155 communioni
3223 4111 3305 4156 est
3333 4106 3630 4161 restitutus.
3670 4106 3826 4164 Prior

2235 4188 2416 4237 autem
2445 4184 2799 4256 coepiscopus
2828 4196 3014 4243 noster
3055 4191 3324 4248 Siccensis
3355 4195 3634 4262 Urbanus,
3681 4199 3825 4267 quod

2233 4273 2290 4326 in
2319 4287 2386 4328 eo
2429 4276 2807 4344 corrigendum
2835 4279 3004 4334 visum
3049 4290 3152 4351 est,
3200 4285 3316 4339 sine
3350 4285 3455 4340 ulla
3487 4287 3826 4346 dubitatione

2233 4365 2492 4419 correxit.
2519 4365 2654 4432 Quia
2685 4383 2814 4424 vero
2844 4371 2962 4440 paci
2997 4378 3054 4426 et
3082 4375 3249 4442 quieti
3279 4374 3534 4433 Ecclesia:
3563 4395 3672 4434 non
3702 4388 3824 4435 tan~

614 4457 1031 4514 Fortunatianus
1061 4460 1468 4530 Neapolitanus,
1501 4463 1584 4518 his
1613 4464 1778 4531 gestis
1814 4461 2129 4533 subscripsi.
2160 4467 2209 4526 Ι)
2235 4464 2350 4511 tum
2379 4457 2448 4512 ad
2478 4475 2734 4529 prmsenS,
2783 4463 2877 4518 sed
2909 4466 3070 4521 etiam
3102 4466 3154 4520 in
3184 4476 3456 4538 posterum
3484 4472 3826 4542 prospicien-

617 4548 909 4606 Pentadius
936 4551 1334 4622 Carpentanus,
1368 4553 1450 4610 bis
1478 4556 1645 4624 gestis
1671 4557 1979 4627 subscripsi.

618 4641 875 4698 Ruﬁanus
903 4643 1195 4712 Maxensis,
1227 4645 1309 4700 his
1337 4647 1504 4714 gestis
1533 4647 1842 4717 subscripsi.
1998 4720 2000 4722 ν

614 4733 971 4790 Praetextatus
998 4735 1351 4802 Sicilibensis,
1383 4737 1464 4793 his
1492 4738 1654 4808 gestis
1675 4739 1986 4810 subscripsi.

611 4826 1016 4894 Quodvultdeus
1041 4826 1310 4893 Verensis,
1342 4829 1425 4884 his
1453 4829 1615 4900 gestis
1639 4830 1949 4902 subscripsi.
2000 4860 2010 4869 ο

613 4919 882 4973 Candidus
909 4918 1233 4984 Germania,
1263 4919 1349 4976 his
1377 4921 1542 4990 gestis
1567 4922 1876 4993 subscripsi.

611 5008 964 5064 Maximianus
992 5009 1276 5080 Aquensis,
1301 5011 1384 5068 his
1411 5014 1578 5081 gestis
1604 5013 1914 5084 subscripsi.

608 5101 886 5158 iucundus
909 5101 1303 5171 Suil'etulensis,
1333 5104 1542 5173 legatus
1581 5105 1867 5176 provincia:
1901 5105 2135 5177 Byzace-

540 5212 644 5260 me,
675 5195 756 5249 bis
783 5195 950 5263 gestis
976 5193 1291 5264 subscripsi.

612 5289 950 5355 Maximinus,
984 5288 1191 5357 legatus
1212 5287 1503 5359 provincia:
1523 5287 1839 5360 Byzacenm,
1862 5289 1943 5345 his
1969 5291 2135 5359 gestis

538 5381 852 5449 subscripsi.

612 5471 913 5528 llilarianus
935 5472 1415 5539 Horreoeellensis,
1430 5473 1637 5544 legatus
1657 5475 1944 5546 provincia:
1967 5475 2132 5548 Byza-

539 5578 618 5616 ce:
641 5577 707 5626 ιε,
732 5562 814 5617 his
833 5565 999 5632 gestis
1027 5563 1338 5634 subscripsi.

613 5653 850 5710 Novatus
877 5653 1164 5724 Sitifensis,
1196 5657 1402 5728 legatus
1431 5658 1722 5729 provincia:
1751 5657 2014 5731 ejusdem,
2045 5659 2129 5717 his

537 5746 704 5816 gestis
732 5746 1046 5822 subscripsi.
1331 5738 1355 5743 ”
1390 5738 1395 5743 ’
1550 5742 1578 5748 ”
1649 5740 1657 5745 “
1897 5740 1924 5749 ’

2234 4549 2362 4606 dum
2392 4551 2514 4621 fuit,
2565 4557 2832 4624 quoniam
2853 4557 2979 4611 talia
3007 4557 3172 4612 multa
3203 4572 3614 4631 pra'cesserant,
3657 4572 3716 4618 ut
3740 4563 3824 4623 vel

2233 4643 2447 4708 similia,
2478 4645 2564 4699 vel
2591 4647 2752 4700 etiam
2781 4648 3028 4716 graviora
3056 4649 3310 4722 deinceps
3340 4655 3630 4723 prrecaveri
3664 4671 3824 4733 opor-

2241 4741 2414 4789 teret:
2451 4735 2652 4805 placuit
2701 4739 2855 4794 nobis
2885 4749 2941 4794 ut
2971 4741 3038 4797 de
3069 4741 3308 4799 Siccensi
3338 4743 3577 4802 Ecclesia
3596 4789 3611 4812 ,
3645 4757 3826 4803 reten-

2237 4836 2295 4883 to
2323 4829 2533 4884 scilicet
2558 4831 2765 4886 honore
2788 4833 2984 4901 gradus
3007 4837 3108 4900 sui,
3143 4838 3426 4909 presbyter
3453 4850 3826 4896 removeretur

2237 4919 2505 4989 Apiarius,
2539 4929 2595 4976 et
2620 4933 2844 4994 accepto
2873 4928 3120 4996 epistolio
3147 4930 3450 4999 ubicunque
3505 4931 3631 4986 alibi
3663 4932 3824 4988 vellet

2237 5017 2292 5063 et
2319 5019 2523 5078 posset,
2569 5013 2889 5085 presbyterii
2920 5032 3142 5073 munere
3181 5019 3511 5090 fungeretur.
3559 5021 3715 5091 Quod
3746 5023 3825 5077 ei-

2239 5098 2362 5155 dem
2394 5102 2493 5172 ipsi
2541 5119 2640 5173 pcr
2690 5105 2896 5162 litteras
2937 5111 3184 5180 proprias
3215 5112 3505 5180 postulanti
3537 5114 3654 5169 sine
3684 5114 3823 5172 dim—

2238 5193 2447 5248 cultate
2493 5197 2878 5254 concessimus.
2943 5199 3085 5257 Sane
3139 5203 3452 5272 priusquam
3503 5205 3617 5261 haec
3661 5223 3824 5262 causa

2239 5285 2342 5342 isto
2397 5289 2630 5343 termino
2658 5291 3020 5361 clauderetur,
3070 5295 3211 5349 inter
3259 5297 3360 5350 alia
3409 5313 3529 5367 qua:
3563 5299 3825 5358 diuturnis

2237 5377 2718 5450 disceptationibus
2747 5386 3111 5452 versabamus,
3151 5388 3275 5456 quia
3323 5390 3459 5443 ratio
3492 5392 3604 5460 ipsa
3636 5407 3824 5467 posce-

2235 5469 2329 5524 bat
2364 5478 2424 5525 ut
2465 5471 2606 5541 apud
2647 5481 2766 5528 acta
2823 5475 3220 5542 ecclesiastica,
3270 5494 3300 5533 a
3347 5479 3600 5534 fratribus
3629 5483 3824 5540 nostris

2234 5560 2492 5618 Faustino
2527 5566 2871 5636 coepiscopo,
2905 5575 2959 5621 et
2987 5566 3253 5641 Philippo,
3286 5582 3339 5626 et
3369 5573 3550 5628 Asello
3580 5589 3822 5643 compre-

2232 5651 2466 5723 sbyteris
2529 5670 2896 5724 quaereremus
2953 5667 3011 5713 ut
3076 5673 3388 5732 proruerent
3433 5665 3693 5735 quidquid
3751 5665 3837 5723 eis

2233 5746 2514 5807 nobiscum
2539 5750 2804 5820 agendum
2837 5750 3022 5813 fuisset
3053 5755 3370 5827 injunctum.
3416 5757 3678 5819 Nonnulla
3710 5759 3832 5832 qui-
