4104 6468
227 311 338 366 223

1207 302 1432 360 CODEX
1469 303 1796 360 CANONUM
1831 302 2534 363 ECCLESIASTICORUM.

3426 309 3530 367 9.9.6

223 425 358 480 dem
390 422 508 477 sine
537 419 644 474 ullo
671 418 873 487 scripto
897 416 1169 487 prosecuti
1199 424 1324 470 sunt
1355 416 1554 481 verbis,
1585 417 1678 470 sed
1709 433 1830 471 cum
1861 427 1907 485 Α
1935 417 2222 472 sanctitate
2253 417 2508 471 Romana:
2531 416 2787 473 Ecclesia:
2814 418 3164 490 prmsidcnte,
3203 435 3312 476 non
3343 435 3531 475 sumus

225 518 285 572 id
309 515 495 588 potius
524 512 909 588 ﬂagitaremus,
941 508 1087 577 quod
1119 507 1171 560 in
1203 506 1401 561 litteris
1430 507 1654 573 ferrent,
1687 523 1835 561 com-

225 605 590 662 monitorium
646 583 1007 672 protulerunt.
1087 597 1244 664 Quod
1305 599 1589 652 recitatum
1647 598 1834 664 nobis,

227 699 405 753 etiam
439 697 606 766 gestis
630 699 752 763 Quae
799 706 985 748 secum
1015 691 1080 744 ad
1106 707 1203 746 vos
1231 689 1496 755 deferunt,
1530 698 1612 744 est
1638 691 1838 758 allega—

230 799 377 845 tum.
431 790 489 844 ln
516 804 622 859 quo
652 788 729 842 eis
759 795 996 857 quatuor
1020 785 1266 854 quaedam
1321 783 1598 838 nobiscum
1629 781 1839 852 agenda

235 883 499 938 mandata
525 888 670 945 sunt,
704 894 870 933 unum
892 878 960 931 de
988 876 1438 947 appellationibus
1460 875 1840 944 episcoporum

237 974 308 1030 ad
341 973 600 1028 Romanae
631 968 884 1024 Ecclesia:
936 967 1314 1032 sacerdotem;
1363 965 1610 1031 alterum,
1661 980 1730 1018 ne
1775 964 1843 1018 ad

239 1066 566 1121 comitatum
594 1061 834 1131 episcopi
867 1059 1176 1129 importune
1203 1057 1457 1125 navigent
1483 1073 1499 1122 ;
1533 1057 1750 1110 tertium
1776 1055 1843 1110 de

241 1155 544 1212 tractandis
575 1152 1013 1223 presbyterorum
1046 1156 1100 1203 et
1130 1147 1480 1202 diaconorum
1503 1146 1682 1200 causis
1704 1144 1846 1214 apud

242 1247 511 1301 ﬁnitimos
538 1244 842 1314 episcopos,
875 1241 920 1294 si
965 1255 994 1293 a
1021 1240 1132 1293 suis
1170 1235 1624 1292 excommunicati
1652 1250 1847 1306 perpe-

240 1352 364 1391 ram
397 1334 638 1399 fuerint;
685 1341 941 1402 quartum
987 1329 1055 1383 de
1085 1327 1307 1384 Urbano
1339 1328 1592 1399 episcopo
1623 1341 1846 1381 excom-

242 1424 599 1489 municando,
627 1423 714 1478 vel
741 1422 902 1476 etiam
936 1419 1164 1474 Romam
1195 1419 1460 1484 vocando,
1498 1417 1599 1471 nisi
1641 1432 1703 1471 ea
1729 1431 1849 1485 qua:

240 1517 576 1572 videbantur
604 1513 922 1582 corrigenda
956 1511 1271 1579 corrigeret.
1312 1509 1552 1576 Quorqu
1608 1509 1846 1564 omnium

244 1611 320 1667 de
345 1611 522 1680 primo
551 1617 606 1663 et
637 1607 820 1673 tertio,
853 1605 904 1658 id
958 1612 1062 1671 est,
1093 1610 1154 1657 ut
1183 1601 1410 1657 Romam
1448 1600 1610 1655 liceat
1636 1601 1849 1670 episco-

245 1707 337 1777 pis
366 1719 688 1776 provocare,
733 1710 788 1757 et
815 1708 873 1756 ut
906 1699 1228 1755 clericorum
1258 1711 1435 1752 causa:
1463 1695 1605 1765 apud
1634 1710 1851 1748 suarum

1935 509 2044 578 jam
2076 511 2234 564 istum
2267 511 2487 582 typhum
2512 511 2740 580 passuri.
2773 509 2836 564 Et
2865 513 3224 566 servabuntur
3250 526 3377 580 erga
3406 527 3530 578 nos,

1940 616 2060 671 qum
2091 603 2244 657 nobis
2266 603 2428 656 etiam
2454 619 2561 656 non
2589 602 2975 657 diSSBl‘BﬂllbUS
2997 602 3256 658 custodiri
3276 602 3532 657 debeant.

1939 692 2074 748 Cum
2123 692 2359 747 fraterna
2398 694 2684 757 charitate,
2727 709 2847 762 quae
2879 692 3178 748 secundum
3209 693 3530 762 sapientiam

1943 793 2104 852 atque
2125 785 2384 852 justitiam
2414 798 2574 851 quam
2607 785 2700 837 tibi
2750 783 2971 838 donavit
3009 783 3335 845 Alﬁ-simus,
3368 783 3531 836 etiam

1944 873 2059 942 ipse
2089 873 2347 942 perspicis
2377 888 2496 926 esse
2521 873 2803 935 servanda,
2837 873 2880 924 si
2911 871 3049 924 forte
3077 873 3234 924 aliter
3255 886 3314 924 se
3337 871 3533 924 habent

1946 980 2182 1018 canones
2210 963 2426 1017 concilii
2473 960 2697 1016 Nicmni.
2744 960 3001 1027 Quamvis
3026 961 3285 1032 plurimos
3316 959 3534 1014 codices

1947 1052 2266 1122 legeremus,
2307 1051 2400 1106 sed
2429 1067 2691 1121 nusquam
2723 1051 2773 1104 in
2805 1050 3024 1104 Nictcno
3053 1050 3305 1113 concilio,
3340 1049 3393 1102 in
3429 1048 3534 1102 La-

1913 1180 1918 1200 .
1949 1145 2074 1198 tinis
2104 1144 2377 1198 codicibus
2403 1143 2648 1211 legimus,
2673 1141 3124 1210 quemadmodum
3149 1141 3200 1193 in
3224 1141 3536 1209 supradicto

1948 1237 2390 1303 commonitorio,
2445 1235 2569 1290 inde
2599 1235 2804 1289 directa
2843 1241 2988 1287 sunt.
3040 1232 3174 1286 Tum
3207 1232 3331 1302 quia
3362 1232 3451 1285 hic
3482 1231 3536 1286 in

1950 1328 2099 1382 nullo
2130 1327 2317 1383 codice
2341 1326 2531 1382 (Ἐκ-ωηο
2561 1341 2625 1380 ea
2655 1325 2927 1394 potuimus
2957 1324 3218 1384 invenire,
3253 1337 3321 1376 ex
3351 1319 3539 1375 Orien-

1951 1420 2148 1474 talibus
2193 1418 2482 1482 Ecclesiis,
2539 1417 2630 1471 ubi
2677 1415 3028 1485 perhibentur
3075 1412 3268 1468 eadem
3321 1411 3539 1468 decreta

1951 1525 2116 1582 posse
2145 1510 2308 1564 etiam
2339 1507 2648 1561 authentica
2677 1505 2921 1575 reperiri,
2956 1502 3126 1569 magis
3154 1501 3309 1555 nobis
3333 1499 3542 1553 deside-

1954 1615 2141 1655 ramus
2169 1598 2368 1652 aﬁ‘erri.
2399 1595 2504 1651 Pro
2525 1611 2628 1665 qua
2651 1610 2711 1649 re
2735 1604 2876 1648 tuam
2898 1607 3114 1663 quoque
3138 1591 3542 1644 venerationem

1957 1692 2323 1755 obsecramus,
2369 1697 2428 1743 ut
2457 1688 2696 1742 scribere
2725 1685 2886 1738 etiam
2919 1685 3033 1753 ipse
3061 1681 3298 1748 digneris
3323 1679 3391 1732 ad
3421 1678 3542 1732 illa-

249 1797 659 1872 provinciarum
705 1795 990 1864 episcopos
1021 1790 1276 1845 ﬁniantur
1299 1831 1314 1855 ,
1363 1787 1471 1858 jam
1502 1787 1683 1856 priore
1709 1799 1852 1839 anno
1885 1803 1930 1860 Β
1958 1797 2075 1837 rum
2103 1781 2336 1851 partium
2362 1778 2698 1843 sacerdotes,
2727 1776 2832 1828 hoc
2861 1782 2944 1827 est
2973 1773 3227 1827 Ecclesia:
3253 1769 3543 1824 Antioche-

249 1889 420 1944 etiam
449 1886 642 1942 litteris
688 1884 886 1939 nostris
915 1882 982 1937 ad
1012 1880 1261 1936 eumdem
1285 1878 1611 1934 venerabilis
1640 1891 1852 1931 memo—

250 1983 351 2054 ria:
379 1979 653 2034 Zosimum
685 1976 1000 2046 episcopum
1021 1973 1183 2040 datis,
1223 1970 1496 2025 insinuare
1525 1968 1851 2029 curavimus,

253 2085 318 2130 ut
347 2089 412 2129 ea
442 2084 663 2127 scrvare
695 2071 813 2123 sine
840 2067 947 2121 ulla
979 2064 1094 2134 ejus
1117 2062 1313 2132 injuria
1344 2059 1615 2131 paulisper
1643 2059 1854 2113 sinere-

259 2183 402 2230 mus,
437 2179 606 2233 usque
637 2161 704 2216 ad
733 2159 1138 2230 inquisitionem
1169 2163 1494 2210 statutorum
1519 2151 1733 2207 concilii
1763 2149 1856 2202 Ni-

256 2259 417 2314 cazni.
449 2255 515 2309 Et
545 2270 688 2312 nunc
717 2253 782 2307 de
811 2260 901 2305 tua
933 2250 1201 2320 poscimus
1236 2247 1524 2304 sanctitate
1552 2254 1630 2309 ut,
1663 2259 1854 2314 quem-

261 2346 557 2403 admodum
605 2359 670 2398 ea
737 2341 880 2411 apud
938 2339 1169 2394 Nicmam
1217 2351 1248 2390 a
1297 2335 1546 2390 Patribus
1599 2342 1716 2387 acta
1771 2333 1856 2386 vel

257 2438 558 2494 constituta
588 2442 734 2500 sunt,
784 2433 866 2487 sic
915 2447 979 2485 ea
1019 2445 1048 2484 a
1077 2429 1232 2484 nobis
1277 2428 1420 2482 facta
1469 2425 1748 2492 custodiri,
1805 2433 1859 2478 et

257 2533 336 2588 ibi
368 2530 511 2601 apud
540 2546 637 2583 vos
681 2529 781 2582 ista
820 2541 940 2597 qua:
971 2526 1023 2579 in
1073 2521 1493 2579 commonitorio
1540 2520 1855 2582 attulerunt,

257 2621 434 2678 facias
464 2621 706 2675 exerceri
733 2638 744 2671 :
779 2618 832 2672 id
861 2625 962 2684 est,
995 2617 1040 2672 si
1062 2616 1654 2694 episcopusqaccusatus
1678 2609 1855 2677 fuerit,

184 2767 194 2775 ,
259 2721 319 2768 et
345 2709 711 2780 judicaverint
757 2706 1071 2774 congregati
1110 2693 1357 2775 episcoin
1400 2703 1637 2773 regionis
1666 2702 1854 2771 ipsius,

259 2810 319 2857 et
348 2801 420 2855 de
449 2799 618 2870 gradu
642 2813 741 2853 suo
771 2796 1067 2867 dejecerint
1096 2810 1239 2860 eum,
1265 2802 1319 2848 et
1348 2793 1649 2862 appellasse
1677 2789 1860 2845 videa-

262 2900 373 2955 tur,
407 2899 463 2944 et
493 2887 795 2956 confugerit
824 2885 889 2942 ad
915 2885 1284 2940 beatissimum
1316 2881 1570 2936 Ecclesim
1603 2879 1860 2935 Romanae

259 2982 601 3052 episcopum,
652 2987 706 3033 et
734 2978 966 3032 voluerit
1017 2976 1209 3042 audiri,
1256 2983 1310 3030 et
1342 2975 1548 3044 justum
1593 2972 1863 3043 putaverit

259 3083 323 3129 ut
351 3081 642 3129 renovetur
663 3086 912 3136 examen,
936 3069 1172 3125 scribere
1212 3067 1296 3122 his
1317 3066 1585 3137 episcopis
1616 3065 1864 3133 dignetur

1955 1889 2060 1941 nte,
2094 1871 2471 1926 Alexandrina:
2499 1876 2554 1923 et
2597 1863 3230 1932 Constantinopolitanm.
3265 1859 3397 1915 Etsi
3427 1858 3544 1913 aliis

1957 1970 2121 2023 etiam
2155 1975 2256 2021 tua:
2286 1963 2549 2036 placuerit
2575 1958 2874 2026 sanctitati,
2927 1965 2985 2010 nt
3013 1956 3136 2009 inde
3163 1954 3227 2007 ad
3258 1969 3354 2007 nos
3385 1953 3554 2020 iidem

1957 2075 2193 2116 canones
2215 2057 2356 2128 apud
2382 2056 2614 2110 Nicaeam
2637 2052 2909 2106 civitatem
2936 2063 2965 2101 a
2995 2045 3243 2100 Patribus
3264 2043 3544 2098 constituti

1956 2155 2198 2222 veniant,
2232 2160 2283 2207 te
2313 2150 2651 2222 potissimum
2679 2145 2786 2200 hoc
2812 2140 3134 2198 beneﬁcium
3164 2138 3370 2193 cunctis
3393 2136 3546 2190 Occi-

1957 2246 2262 2305 dentalibus
2289 2242 2545 2297 Ecclesiis
2571 2240 2625 2293 in
2653 2235 2866 2309 Domini
2899 2231 3165 2300 adjutorio
3206 2227 3546 2284 conferente.

1959 2341 2090 2408 Quis
2114 2339 2258 2394 enim
2287 2337 2496 2390 dubitet
2524 2331 2854 2400 exemplaria
2885 2343 3006 2382 esse
3028 2326 3304 2381 verissima
3332 2320 3544 2377 concilii

1959 2431 2159 2486 Nicatni
2199 2430 2251 2483 in
2282 2427 2486 2482 Grzecia
2537 2423 2868 2492 congregati,
2920 2433 3039 2488 quae
3082 2417 3149 2470 de
3178 2424 3288 2467 tam
3319 2411 3546 2466 diversis

1961 2525 2094 2580 locis
2119 2531 2174 2577 et
2201 2521 2268 2577 de
2299 2518 2568 2574 nobilibus
2596 2515 2796 2570 Graecis
2816 2511 3068 2567 Ecclesiis
3103 2509 3262 2562 allata
3302 2514 3357 2560 et
3395 2519 3548 2559 com-

1960 2622 2149 2687 parata
2193 2607 2568 2667 concordant?
2616 2604 2770 2671 Quod
2817 2604 2992 2657 donec
3020 2599 3129 2664 ﬁat,
3171 2599 3285 2651 haec
3327 2610 3446 2663 quae
3495 2595 3547 2647 in

1962 2682 2379 2760 commonitorio
2439 2695 2747 2765 supradicto
2805 2691 2960 2746 nobis
3007 2689 3237 2755 allegata
3285 2692 3431 2748 sunt,
3481 2682 3550 2736 de

1963 2793 2413 2868 appellationibus
2450 2790 2827 2860 episcoporum
2875 2785 2942 2837 ad
2986 2781 3243 2835 Romamn
3290 2773 3549 2830 Ecclesia:

1963 2887 2321 2950 sacerdotem,
2367 2891 2423 2938 et
2471 2882 2538 2936 de
2567 2879 2886 2934 clericorum
2918 2873 3094 2930 causis
3141 2869 3283 2940 apud
3333 2882 3550 2922 suarum

1963 2978 2359 3051 provinciarum
2388 2973 2671 3044 episcopos
2708 2965 3082 3032 terminandis,
3125 2978 3224 3017 nos
3269 2973 3438 3028 usque
3484 2957 3553 3011 ad

1964 3050 2341 3143 probationem
2384 3073 2691 3121 servaturos
2720 3076 2840 3116 esse
2869 3058 3204 3128 proﬁtemur,
3237 3061 3292 3108 et
3321 3050 3556 3105 beatitu-

261 3165 359 3235 qui
390 3165 444 3218 in
476 3163 700 3220 ﬁnitima
732 3172 786 3218 et
816 3163 1114 3232 prOpinqua
1154 3161 1430 3232 provincia
1461 3167 1606 3227 sunt,
1657 3166 1714 3212 ut
1761 3159 1861 3228 ipsi
1890 3191 1932 3250 ρ
1966 3140 2147 3217 dinem
2175 3169 2323 3213 tuam
2352 3155 2554 3226 ad'hoc
2583 3167 2682 3206 nos
2712 3150 3017 3218 adjuturam
3068 3147 3120 3199 in
3151 3143 3246 3197 Dei
3275 3140 3558 3200 voiuntate

261 3261 555 3330 diligenter
578 3259 758 3314 omnia
783 3258 1079 3327 requirant,
1133 3266 1188 3312 et
1227 3259 1382 3326 juxta
1428 3255 1587 3310 ﬁdem
1621 3256 1863 3310 veritatis

261 3353 549 3410 deliniant.
576 3350 730 3419 Quod
751 3351 794 3406 si
837 3352 882 3405 is
916 3352 1006 3422 qui
1046 3359 1198 3419 rogat
1225 3365 1442 3404 causam
1473 3333 1626 3405 suam
1670 3351 1865 3403 iterum

265 3445 472 3524 audiri,
506 3433 898 3515 deprecatione
929 3459 1024 3498 sua
1054 3442 1286 3498 moverit
1313 3442 1628 3512 episcopum
1661 3440 1866 3494 Roma-

267 3551 427 3604 num,
474 3543 533 3588 ut
569 3550 600 3588 e
629 3535 798 3588 latere
842 3549 940 3587 suo
985 3532 1361 3603 presbyterum
1409 3531 1608 3596 mittat,
1664 3530 1769 3585 erit
1815 3531 1867 3584 in

267 3634 551 3698 potestate
577 3623 723 3694 quod
776 3623 908 3678 velit
957 3633 1012 3676 et
1039 3622 1182 3693 quod
1210 3621 1460 3676 aestimet.
1511 3619 1580 3674 Et
1606 3621 1650 3675 si
1681 3619 1871 3676 decre-

269 3717 415 3772 verit
444 3714 739 3770 mittendos
788 3704 907 3768 esse
945 3713 1042 3783 qui
1094 3720 1386 3782 prmsentes
1431 3727 1571 3766 cum.
1601 3711 1872 3780 episcopis

263 3809 538 3882 judicent,
570 3807 833 3861 habentes
862 3804 1241 3858 auctoritatem
1273 3801 1388 3871 ejus
1418 3816 1447 3854 a
1478 3815 1587 3869 quo
1615 3799 1870 3856 destinati

268 3906 424 3963 sunt,
457 3899 559 3952 erit
584 3899 633 3950 in
665 3912 764 3950 suo
785 3894 1030 3949 arbitrio.
1055 3893 1112 3947 Si
1144 3908 1273 3947 vero
1305 3891 1594 3946 crediderit
1622 3887 1874 3944 sufﬁcere

274 3991 572 4061 episcopos
619 3996 678 4042 ut
747 3987 965 4056 negotio
1009 3985 1297 4040 terminum
1346 3985 1663 4053 imponant,
1712 3981 1875 4037 faciet

272 4083 423 4154 quod
453 4081 856 4152 sapientissimo
886 4095 983 4133 suo
1012 4078 1240 4134 consilio
1263 4076 1608 4146 judicaverit.
1644 4074 1777 4129 Item
1807 4075 1876 4129 de

273 4174 611 4247 presbyteris
640 4181 694 4227 et
722 4172 985 4227 diaconis.
1019 4170 1074 4225 Si
1121 4171 1408 4240 episcopus
1437 4169 1558 4238 quis
1586 4167 1877 4222 iracundus

278 4266 447 4337 (quod
478 4280 598 4320 esse
627 4280 736 4319 non
764 4261 948 4332 debet)
981 4263 1112 4328 cito,
1145 4269 1238 4316 aut
1260 4275 1451 4330 aspere
1471 4265 1880 4313 commoveatur

272 4356 539 4416 adversus
587 4353 967 4425 presbyterum
1005 4353 1121 4406 sive
1167 4351 1458 4405 diaconum
1488 4363 1666 4411 suum,
1701 4355 1753 4400 et
1784 4363 1879 4402 cx-

278 4448 574 4504 terminare
621 4461 742 4499 eum
791 4443 858 4498 de
888 4442 1132 4496 Ecclesia
1179 4440 1436 4508 voluerit,
1484 4436 1876 4509 providendum

279 4547 364 4594 cst
409 4552 479 4592 ne
510 4537 770 4590 innocens
822 4533 1132 4596 damnetur,
1185 4540 1279 4586 aut
1317 4529 1512 4601 perdat
1541 4529 1880 4583 communio—

280 4646 406 4694 nem
433 4649 446 4682 :
481 4629 679 4682 habeat
708 4633 1029 4697 potestatem
1060 4624 1266 4693 ejectus
1307 4631 1366 4676 ut
1399 4621 1658 4676 ﬁnitimos
1710 4618 1879 4673 inter-

275 4725 471 4797 pellet,
504 4729 561 4776 et
582 4736 743 4775 causa
773 4719 892 4790 ejus
937 4719 1208 4781 audiatur,
1242 4726 1298 4770 et
1335 4713 1644 4782 diligentius
1673 4719 1879 4764 tracte-

282 4827 389 4880 tur,
423 4814 548 4884 quia
577 4828 685 4868 non
717 4818 936 4883 Oportet
960 4810 1008 4864 ei
1032 4807 1216 4878 negari
1244 4805 1517 4861 audientia
1559 4803 1794 4871 roganti,
1827 4808 1884 4858 et

283 4911 376 4966 ille
408 4908 700 4977 episcopus
726 4906 816 4975 qui
846 4912 941 4959 aut
977 4905 1121 4973 juste
1177 4909 1270 4955 aut
1298 4891 1494 4967 injuste
1546 4895 1753 4965 rejecit,
1786 4909 1885 4965 pa-

291 5001 495 5058 tienter
543 4996 777 5067 accipiat
843 5003 903 5049 ut
952 4992 1230 5061 negotium
1281 4987 1630 5052 discutiatur,
1678 4993 1737 5038 ut
1795 4989 1889 5037 aut

285 5091 550 5163 probetur
569 5088 708 5157 ejus,
743 5096 837 5142 aut
857 5085 1180 5140 emendetur
1203 5080 1492 5138 sententia.
1537 5077 1663 5132 Hzec
1705 5076 1890 5144 utique

285 5197 466 5251 usque
511 5179 575 5234 ad
628 5179 921 5233 adventum
969 5174 1381 5230 verissimorum
1430 5165 1888 5237 exemplariorum

290 5271 503 5329 Nicmni
535 5270 755 5326 concilii
783 5270 987 5325 inserta
1016 5265 1181 5334 gestis
1211 5270 1356 5326 sunt,
1403 5277 1522 5332 quae
1548 5259 1672 5324 sibi,
1703 5271 1891 5326 quem-

282 5361 583 5422 admodum
626 5361 744 5430 ipso
810 5357 956 5428 quod
986 5355 1127 5425 apud
1167 5370 1268 5410 nos
1312 5352 1508 5406 fratres
1564 5364 1634 5403 ex
1675 5353 1896 5415 aposto-

287 5456 397 5512 lica
422 5452 556 5509 sedc
581 5451 774 5508 directi
815 5450 1206 5518 allegaverunt,
1262 5439 1678 5500 commonitorio
1714 5437 1893 5492 conti-

290 5557 513 5604 nentur.
562 5542 750 5614 quue
778 5541 992 5608 ordine,
1033 5539 1120 5594 vel
1150 5535 1294 5607 apud
1320 5550 1419 5590 vos
1447 5533 1501 5587 in
1530 5530 1683 5585 ltalia
1712 5536 1896 5582 custo-

290 5643 563 5708 direntur,
589 5637 738 5692 nullo
768 5635 930 5690 modo
954 5649 1054 5688 nos
1077 5632 1208 5690 talia
1240 5627 1420 5699 qualia
1467 5627 1895 5680 commemorata

289 5733 406 5806 jam
434 5732 708 5795 nolumus,
739 5729 824 5784 vel
859 5727 1092 5782 tolerare
1123 5734 1382 5792 cogemur
1412 5734 1426 5770 :
1458 5714 1558 5771 sed
1601 5710 1897 5774 credimus,

293 5798 589 5890 adjuvante
620 5814 994 5875 misericordia
1022 5810 1234 5893 Domini
1266 5807 1360 5867 Dei
1397 5802 1590 5873 nostri,
1623 5798 1769 5874 quod
1809 5807 1900 5858 tua

1969 3249 2303 3307 conﬁdimus.
2337 3247 2544 3303 Caetera
2574 3258 2703 3298 vero
2738 3257 2858 3312 quae
2899 3240 2950 3293 in
3005 3245 3188 3292 nostra
3219 3233 3426 3305 synodo
3456 3245 3554 3301 ge-

1967 3352 2048 3397 sta
2081 3342 2163 3395 vel
2194 3337 2401 3393 ﬁrmata
2427 3343 2572 3398 sunt,
2603 3334 2860 3405 quoniam
2913 3327 3205 3398 supradicti
3235 3325 3429 3379 fratres
3462 3340 3558 3376 nn-

1968 3434 2085 3497 stri,
2134 3430 2419 3484 Faustinus
2463 3427 2836 3496 coepiscopus,
2887 3419 3188 3487 Philippus,
3240 3423 3294 3469 et
3336 3414 3552 3468 Asellus

1970 3520 2270 3594 presbyteri
2299 3532 2480 3574 secum
2511 3515 2708 3576 ferunt,
2741 3513 2787 3567 si
2816 3511 3066 3582 diatatus
3087 3506 3269 3567 fueris,
3303 3512 3408 3558 tuae
3429 3511 3557 3556 nota

1971 3615 2168 3670 facient
2209 3609 2502 3666 sanctitati.
2548 3606 2618 3661 Et
2663 3605 2768 3658 alia
2816 3617 3017 3656 manu:
3068 3599 3326 3652 Dominus
3374 3603 3562 3649 noster

1972 3712 2026 3759 te
2055 3704 2210 3758 nobis
2252 3700 2407 3755 annis
2435 3695 2678 3768 plurimis
2698 3691 2982 3753 custodiat,
3024 3685 3335 3742 beatissime
3364 3682 3559 3736 frater.

1973 3796 2417 3865 Subscripserunt
2443 3802 2659 3862 quoque
2695 3785 2945 3856 Alypius,
2978 3778 3338 3849 Augustinus,
3373 3773 3560 3830 Possi-

1975 3891 2114 3957 dius,
2148 3888 2404 3952 Marinus,
2438 3895 2494 3940 et
2522 3880 2708 3938 caeteri
2737 3875 3002 3949 episc0pi.
3171 3868 3178 3875 ’

1976 4001 2245 4071 Incipiunt
2291 3997 2543 4071 rescripta
2597 3992 2666 4071 a_d
2712 3979 3568 4071 concilium”Africamtmmflyrilli

2409 4049 2655 4138 episcopi,
2677 4061 2764 4116 ubi
2790 4049 3095 4138 authentica:
3105 4054 3310 4108 concilii
3333 4049 3566 4138 hami,

2051 4121 2307 4194 8255mm
2357 4121 2653 4191 de'Crw'co'
2691 4149 2780 4202 per
2821 4127 3184 4202 Innocentium
3216 4121 3570 4202 prespyterum

2051 4191 2490 4269 transmiserunt;
2527 4221 2638 4275 quae
2667 4191 2823 4255 etiam
2853 4199 3086 4275 epistolae
3115 4211 3227 4246 cum
3250 4191 3426 4275 eodem
3455 4203 3571 4241 con-

2051 4260 2422 4335 cilio—Niciam
2451 4260 2900 4346 per'memoratum
2928 4266 3280 4346 pt'esltgterurn
3316 4260 3568 4346 Innocen-

2055 4329 2294 4415 ξ
2311 4329 2629 4415 Ἠήάνὲθιιῳη
2653 4329 3029 4415 ίδμὺᾴίαεφὶιιηι
3059 4329 3308 4415 Ecclesia:
3347 4329 3574 4415 C'nrtlta-

2318 4425 2496 4495 sancto
2530 4411 2802 4495 Bpnifacio
2824 4409 3068 4495 episcopo
3090 4402 3340 4495 Ecclesia:
3368 4399 3569 4457 Roma-

2054 4475 2152 4556 ἦξε,
2177 4491 2267 4544 sub
2305 4489 2390 4542 die
2413 4501 2466 4540 v1
2493 4483 2595 4538 cal.
2628 4475 2922 4535 Decembris
2951 4475 3068 4532 sunt
3098 4475 3324 4530 directw.

2054 4603 2314 4664 CXXXV.
2356 4599 2598 4656 Dominis
2627 4593 3057 4660 honorabilibus,
3087 4588 3288 4645 sanctis
3318 4579 3575 4644 fratribus

1985 4697 2342 4771 coepiscopis,
2377 4691 2615 4756 Aurelio,
2647 4687 2957 4752 Valentino,
2989 4683 3084 4738 sed
3120 4690 3176 4737 et
3202 4680 3347 4738 omni
3378 4687 3579 4734 sancta:

1987 4770 2396 4858 congregationi
2448 4783 2501 4836 in
2545 4775 2953 4845 Carthaginensi
2980 4770 3187 4844 synodo
3216 4775 3576 4837 congregatae,

1989 4879 2222 4953 Cyrillus
2249 4875 2490 4932 salutans
2515 4872 2566 4926 iu
2595 4870 2706 4924 Deo
2737 4865 3054 4922 charitatem
3082 4870 3340 4916 vestram.
3462 4862 3464 4866 '

2063 4969 2276 5038 Scripta
2301 4960 2669 5020 venerationis
2695 4966 2889 5012 vestrae
2911 4954 3135 5009 multam
3165 4948 3418 5005 habentia
3449 4961 3580 5016 qut»

1993 5036 2278 5121 rimoniam
2309 5073 2430 5113 cum
2457 5053 2603 5111 omni
2652 5050 2832 5104 laetitia
2864 5063 2960 5120 per
3004 5045 3167 5098 ﬁlium
3217 5049 3459 5097 nostrum
3488 5036 3580 5090 ln-

1993 5153 2300 5212 nocentium
2333 5147 2702 5219 presbyterum
2732 5137 2962 5208 suscepi,
2996 5136 3186 5204 quibus
3211 5147 3241 5188 a
3267 5129 3421 5184 nobis
3453 5143 3581 5200 spe-

1992 5246 2126 5302 ratis
2157 5253 2215 5297 ut
2241 5242 2310 5296 dc
2343 5239 2540 5295 scrinio
2569 5244 2769 5290 nostra:
2807 5229 3058 5286 Ecclesiae
3092 5223 3372 5280 verissima
3394 5235 3582 5274 exem-

1999 5335 2166 5406 plaria
2198 5347 2266 5386 ex
2295 5328 2602 5384 authentica
2633 5322 2839 5398 synodo
2863 5318 3005 5390 apud
3027 5315 3257 5370 Nicaeam
3287 5311 3584 5377 civitatem,

1996 5405 2340 5494 metropolim
2369 5419 2651 5488 Bithyniae,
2691 5431 2721 5468 a
2761 5411 2962 5467 sanctis
3016 5407 3264 5463 Patribus
3292 5405 3587 5460 constituta

1999 5530 2161 5589 atque
2192 5515 2416 5576 ﬁrmata,
2465 5511 2562 5566 sub
2608 5515 2806 5562 nostra:
2853 5502 2975 5558 ﬁdei
3006 5498 3345 5571 professione
3386 5507 3584 5556 vestras

2000 5608 2273 5666 dilectioni
2332 5603 2691 5674 porrigamns.
2762 5594 2949 5660 Unde,
2981 5591 3185 5648 domini
3241 5589 3592 5646 honorabiles

2001 5703 2214 5762 fratres,
2247 5696 2419 5752 salute
2439 5699 2716 5765 praeeunte
2757 5687 3012 5753 Domino,
3055 5699 3276 5739 necesse
3306 5683 3467 5738 habui
3499 5696 3594 5753 per

2003 5793 2194 5851 harum
2225 5788 2452 5846 latorem
2489 5782 2655 5840 tilium
2688 5788 2934 5839 nostrum
2961 5775 3338 5835 Innocentium
3365 5776 3592 5848 prcshy-
