4104 6466
579 332 672 389 Ξίὶῖ

1176 327 1530 385 ΒζΟΝΥδΙυΞ
1568 328 1886 386 EXIGUUS.
1930 327 2153 385 CODEX
2179 330 2507 386 CANONUM
2548 327 3236 388 ECCLESIASTICORUM.
3595 378 3601 385 .
3754 337 3874 398 ἓξὲξ

579 458 773 508 tcnnn,
807 443 1106 499 fidelissima
1138 444 1470 513 exemplaria
1497 459 1563 498 ex
1593 445 1901 498 authentica
1932 445 2162 517 synodo,
2195 455 2241 512 Α
2269 445 2585 514 Servusdei,
2620 447 2923 515 Terentius,
2980 449 3327 515 Fortunatus,
3355 449 3633 519 Martinus,
3665 452 3869 508 Janua-

580 541 632 592 in
662 537 870 592 Nicena
901 537 1115 592 civitate
1149 535 1409 606 Bithynia:
1438 535 1644 603 habita,
1686 545 1881 591 vestra:
1909 537 2160 591 charitati

579 629 826 696 dirigere.
851 625 1004 693 Quod
1026 635 1078 680 et
1101 625 1150 678 in
1185 625 1552 680 ecclesiastica
1577 626 1804 681 historia
1829 629 2164 696 requirentes

580 718 881 772 invenietis.
921 716 1000 770 De
1029 715 1234 770 Pascha
1292 703 1469 782 vero;
1493 725 1552 770 ut
1592 718 1910 787 scripsistis,
1946 720 2163 773 nuntia-

579 825 695 863 mus
735 809 882 862 vobis
937 824 1046 862 xvu
1093 808 1194 865 cal.
1251 807 1418 862 Maias
1473 824 1572 863 nos
1629 808 1806 864 futura
1873 793 2174 865 indictione

579 900 875 956 celebrare.
912 899 978 953 Et
1007 901 1110 954 alia
1163 916 1361 954 manu:
1413 901 1556 956 Deus
1602 909 1658 956 et
1686 901 1941 956 Dominus
1981 910 2167 956 noster

577 998 817 1046 sanctam
865 999 1099 1045 vestram
1148 992 1624 1061 congregationem
1667 992 1966 1060 custodiat,
2021 992 2167 1062 quod

578 1090 846 1151 Optamus,
881 1079 1179 1158 charissimi
1209 1080 1420 1135 fratres.
1819 1155 1826 1159 _

580 1192 775 1264 Incipit
802 1191 1024 1264 epistola
1066 1193 1223 1246 Attici
1251 1193 1477 1264 episcopi
1501 1191 2062 1264 Constantinopolitani
2094 1195 2162 1248 ad

847 1269 850 1271 ’
1258 1263 1483 1316 eosdem.

649 1375 931 1431 CXXXVI.
995 1376 1236 1430 Dominis
1279 1358 1528 1440 sanctis,
1583 1377 1779 1430 merito
1841 1361 2168 1431 beatissimis

577 1464 832 1518 fratribus
859 1465 1216 1535 coepiscopis,
1247 1464 1485 1530 Aurelio,
1522 1464 1823 1529 Valentino,
1851 1465 1936 1519 vel
1960 1466 2170 1521 caeteris

577 1557 912 1612 cbarissimis
971 1557 1024 1610 in
1077 1556 1287 1626 synodo
1349 1557 1491 1626 apud
1558 1555 1940 1625 Carthaginem
1986 1557 2170 1612 habita

577 1649 903 1712 constitutis,
941 1648 1149 1702 Atticus
1179 1649 1486 1718 episcopus.

652 1737 756 1794 Per
803 1739 967 1792 lilium
999 1748 1243 1794 nostrum
1286 1737 1600 1792 Marcellum
1640 1737 2029 1794 subdiaconum
2072 1753 2168 1792 ve-

2266 537 2395 600 rius,
2429 538 2673 606 Optatus,
2711 539 2968 605 Ceticius,
3002 541 3264 610 Donatus,
3299 541 3578 607 Thcasius,
3614 542 3862 599 Vincen-

2267 627 2390 692 tius,
2426 627 2864 697 Fortunatianus,
2888 640 2945 685 et
2972 631 3177 697 cmteri,
3207 632 3300 701 qui
3330 632 3618 688 universali
3646 633 3864 688 Africa-

2268 735 2339 773 no
2361 721 2592 775 concilio
2623 720 2961 790 Carthaginis
2989 721 3273 777 adfuimus.

2339 807 2676 881 Optaremus,
2703 813 2746 866 si
2770 812 3219 881 quemadmodum
3248 815 3509 868 sanctitas
3540 825 3630 870 tua
3661 817 3731 872 de
3757 825 3854 876 ad-

2268 912 2429 955 ventu
2465 901 2668 970 Apiarii
2701 903 2911 957 la-tatos
2941 918 3035 958 vos
3065 901 3244 969 fuisse,
3270 905 3451 960 missis
3481 921 3577 975 per
3609 923 3859 979 compu-
3885 968 3906 978 _

2267 994 2543 1064 sbyterum
2567 1002 2809 1050 nostrum
2839 994 3076 1049 Leonem
3107 995 3301 1051 litteris
3324 997 3591 1052 intimavit
3617 1018 3630 1052 :
3661 1000 3734 1054 ita
3760 1015 3859 1055 nos

2269 1099 2486 1162 quoque
2514 1084 2580 1138 de
2607 1085 2723 1152 ejus
2753 1086 3068 1155 purgatione
3109 1085 3223 1140 hmc
3259 1088 3462 1157 scripta
3511 1105 3635 1143 cum
3667 1091 3858 1145 laetitia

2270 1176 2625 1231 mitteremus.
2660 1176 2816 1233 Esset
2844 1178 3090 1246 profecto
3119 1187 3175 1233 et
3203 1187 3389 1234 nostra
3429 1189 3484 1235 et
3514 1191 3694 1236 vestra
3741 1199 3856 1238 mo-

2271 1265 2341 1318 do
2364 1267 2616 1321 alacritas
2637 1269 2859 1335 certior,
2912 1285 3010 1323 nec
3035 1285 3378 1341 praepropera
3407 1272 3710 1344 videretur,
3738 1291 3862 1345 qua:

2272 1356 2449 1412 adhuc
2497 1358 2564 1412 de
2593 1358 2881 1426 audiendo,
2934 1375 3096 1429 quam
3141 1362 3209 1416 de
3258 1363 3442 1419 audito
3488 1377 3857 1435 pnecesserat.

2273 1447 2606 1504 Adveniente
2632 1465 2763 1505 sane
2792 1449 2859 1505 ad
2890 1468 2989 1507 nos
3016 1463 3206 1508 sancto
3228 1453 3395 1510 fratre
3434 1465 3490 1512 et
3528 1459 3859 1529 coepiscopo

2272 1550 2459 1596 nostro
2487 1541 2766 1609 Faustino,
2810 1544 3101 1599 concilium
3149 1547 3614 1616 congregavimus,
3657 1559 3713 1602 et
3740 1565 3860 1605 cre-

2272 1634 2503 1690 didimus
2551 1635 2674 1692 ideo
2723 1653 2845 1691 cum
2877 1638 2968 1693 illo
2999 1639 3218 1694 missum
3245 1657 3258 1693 :
3306 1641 3561 1710 quoniam
3591 1642 3734 1696 sicut
3762 1659 3859 1712 per

2273 1727 2389 1797 ejus
2436 1744 2657 1799 operam
2697 1729 3032 1801 presbyterio
3079 1741 3205 1785 ante
3247 1731 3489 1786 redditus
3537 1731 3736 1800 fuerat,
3784 1722 3858 1788 ita

578 1839 753 1888 strum
799 1830 1002 1900 scripta
1035 1838 1228 1884 vestrae
1271 1829 1578 1883 dilectionis
1621 1844 1744 1883 cum
1773 1828 1919 1883 omni
1963 1828 2164 1897 gratia-
2201 1830 2239 1887 Β
2271 1835 2414 1874 nunc
2445 1828 2628 1890 posset
2646 1820 2712 1875 de
2743 1822 2903 1876 tantis
2933 1821 3246 1876 criminibus
3287 1837 3317 1875 a
3359 1821 3730 1877 Thabracenis
3760 1826 3858 1878 ob-

578 1938 698 1978 rum
727 1923 942 1977 actione
983 1921 1216 1991 suscepi,
1267 1920 1496 1976 Domino
1539 1921 1738 1991 gratias
1791 1934 1977 1989 agens,
2025 1920 2172 1989 quod

578 2012 752 2066 merui
781 2019 1052 2066 tantorum
1075 2009 1298 2065 fratrum
1325 2011 1700 2066 benedictione
1724 2012 1944 2082 perfrui.
1979 2012 2167 2067 Domi-

580 2101 637 2155 ni
667 2100 963 2154 beatissimi
991 2100 1205 2165 fratres,
1235 2101 1529 2173 scripsistis
1557 2116 1706 2167 sane,
1758 2111 1818 2156 ut
1863 2103 2170 2157 verissimos

579 2206 819 2246 canones
858 2191 996 2260 apud
1021 2191 1248 2246 Nicatam
1279 2192 1573 2256 civitatem,
1625 2194 1963 2264 metropolim
1993 2194 2171 2266 Bithy-

577 2280 700 2347 nize,
734 2296 764 2334 a
797 2279 1044 2335 Patribus
1068 2281 1391 2335 constitutas
1411 2282 1510 2337 sub
1533 2280 1660 2336 fidei
1688 2283 2066 2352 astipulatione
2096 2284 2170 2338 di-

576 2373 767 2442 rigam.
796 2371 862 2427 Et
883 2373 1002 2442 quis
1031 2382 1114 2429 est
1156 2375 1246 2443 qui
1274 2389 1622 2431 communem
1650 2374 1831 2443 Iidem,
1862 2377 1945 2430 vel
1969 2385 2167 2431 statuta

577 2478 608 2516 a
639 2462 888 2518 Patribus
919 2465 1125 2518 firmata
1153 2465 1264 2520 suis
1292 2464 1547 2519 fratribus
1577 2466 1806 2533 deneget
1831 2467 1853 2519 ?
1882 2466 1996 2533 Qua
2016 2466 2083 2522 de
2109 2483 2168 2523 re

576 2569 676 2624 per
695 2555 944 2609 eumdem
975 2554 1140 2608 lilium
1177 2571 1356 2610 meum
1400 2555 1735 2618 Marcellum,
1777 2557 2168 2612 subdiaconum

575 2655 838 2714 vestrum,
881 2647 1104 2702 nimium
1150 2646 1517 2714 festinantem,
1569 2650 1709 2704 sicut
1746 2649 1932 2704 statuti
1963 2652 2168 2704 suntin

573 2735 750 2794 Nicma
785 2738 1002 2792 civitate
1053 2753 1083 2790 a
1127 2737 1375 2792 Pati-ibus
1422 2754 1677 2804 canones,
1712 2741 1766 2792 in
1820 2740 2055 2807 integro,
2109 2749 2168 2794 ut

571 2828 826 2898 iussistis,
859 2827 1035 2883 direxi
1064 2846 1076 2881 :
1119 2837 1311 2898 petens
1338 2837 1397 2882 ut
1428 2845 1526 2900 pro
1550 2846 1635 2884 me
1665 2831 1953 2899 plurimum
1986 2843 2165 2888 vestra

573 2927 762 2974 sancta
791 2919 1139 2986 congregatio
1168 2933 1324 2973 orare
1347 2919 1554 2988 jubeat.
1585 2917 1650 2973 Et
1671 2921 1774 2973 alia
1799 2936 1960 2974 manu
1986 2939 1998 2974 :
2023 2922 2167 2978 Deus

559 3019 764 3064 \noster
785 3010 1126 3064 sanctitatem
1154 3019 1394 3065 vestram
1415 3011 1699 3078 custodiat,
1725 3011 1870 3082 quod
1896 3020 2162 3082 optamus,

574 3102 749 3158 sancti
775 3100 988 3156 fratres.

577 3209 842 3280 Incipiunt
866 3212 1187 3282 ea'emplaria
1215 3215 1427 3268 concilii
1470 3212 1698 3279 Nirwni,
1739 3217 1934 3270 directa
1963 3219 2054 3271 sub
2084 3220 2166 3273 die
2194 3205 2240 3268 C

649 3297 700 3334 v1
740 3282 840 3334 cal.
891 3281 1190 3336 Decembris
1219 3325 1233 3351 ,
1267 3295 1384 3352 post
1419 3286 1744 3339 consulatum
1770 3288 2173 3352 gloriosissimo-

644 3367 761 3404 rum
816 3353 1186 3413 imperatorum
1239 3353 1474 3407 Honorii
1528 3372 1597 3409 xu
1646 3365 1695 3408 et
1750 3353 2022 3412 Theodosii
2079 3374 2171 3413 vm

645 3419 839 3492 Augg.,
870 3419 1146 3493 Bonifacio
1168 3424 1309 3477 urbis
1336 3423 1522 3479 Roma:
1545 3426 1806 3496 episcopo.

643 3529 948 3587 CXXXVII.
1007 3532 1289 3588 Credimus
1340 3535 1394 3588 in
1452 3553 1617 3590 unum
1672 3537 1849 3592 Deum
1878 3579 1893 3606 ,
1955 3537 2170 3595 Patrem

577 3623 1040 3692 omnipotentem,
1092 3624 1404 3688 visibilium,
1453 3642 1555 3681 nec
1600 3642 1706 3681 non
1740 3636 1796 3682 et
1823 3628 2169 3683 invisibilium

573 3719 901 3767 creatorem.
945 3710 1012 3766 Et
1058 3713 1109 3767 in
1148 3729 1316 3768 unum
1369 3715 1658 3770 Dominum
1699 3727 1942 3773 nostrum
1986 3718 2168 3775 Jesum

572 3800 868 3864 Christum,
897 3800 1090 3856 Filium
1120 3802 1240 3871 Dei,
1276 3813 1464 3859 natum
1493 3821 1558 3862 ex
1605 3805 1766 3862 Patre
1809 3809 2163 3877 unigenitum,

575 3893 683 3948 hoc
711 3903 796 3948 est
823 3910 890 3948 ex
919 3895 1221 3949 substantia
1251 3895 1447 3962 Patris,
1503 3897 1668 3952 Deum
1715 3915 1782 3954 ex
1812 3899 1943 3966 Deo,
1975 3900 2166 3956 olumen

574 3999 645 4039 ex
675 3983 905 4050 lumine,
965 3982 1134 4039 Deum
1163 4001 1352 4042 verum
1383 4002 1452 4042 ex
1491 3987 1604 4044 Deo
1634 4005 1787 4058 vero,
1815 3999 2024 4058 natum,
2057 4008 2163 4047 non

575 4087 838 4143 creatum,
871 4077 1114 4148 ejusdem
1145 4094 1268 4134 cum
1300 4079 1462 4136 Patre
1491 4081 1828 4148 substantiae,
1873 4099 1973 4153 per
1999 4099 2163 4153 quem

578 4169 759 4227 omnia
798 4168 943 4223 facta
973 4177 1122 4236 sunt,
1163 4169 1406 4226 coelestia
1437 4181 1490 4226 et
1522 4180 1758 4226 terrena.
1799 4171 1900 4239 Qui
1943 4185 2166 4244 propter

572 4277 674 4319 nos
695 4261 963 4328 homines,
996 4271 1051 4317 et
1078 4275 1305 4332 propter
1333 4271 1578 4317 nostram
1603 4262 1831 4317 salutem
1863 4263 2158 4329 descendit,

569 4362 630 4408 et
660 4353 967 4408 incarnatus
992 4363 1091 4418 est,
1124 4361 1180 4408 et
1206 4353 1372 4408 homo
1400 4353 1574 4408 factus
1604 4368 1792 4423 passus
1835 4362 1938 4408 est.
1972 4351 2040 4407 Et
2072 4368 2160 4408 re-

567 4444 807 4501 surrexit
834 4443 991 4496 tertia
1021 4443 1128 4506 die,
1161 4444 1406 4498 ascendit
1444 4445 1495 4498 in
1527 4444 1742 4506 coelum,
1787 4453 2046 4498 venturus
2074 4445 2160 4496 in-

565 4534 643 4590 de
665 4533 905 4604 judicare
930 4535 1081 4589 vivos
1111 4543 1167 4589 et
1188 4543 1474 4590 mortuos:
1529 4543 1587 4589 et
1631 4539 1683 4588 in
1731 4533 1989 4604 Spiritum
2027 4549 2156 4588 san-

567 4633 738 4681 ctum.
787 4622 893 4680 Eos
940 4641 1071 4680 vero
1117 4627 1209 4694 qui
1256 4625 1460 4693 dicunt,
1510 4633 1629 4681 erat
1679 4634 1890 4695 tempus
1943 4625 2158 4695 quando

571 4730 680 4771 non
707 4724 842 4782 erat,
870 4725 924 4771 et
946 4717 1035 4786 qui
1059 4732 1126 4771 ex
1148 4717 1313 4772 nihilo
1338 4718 1560 4783 factum,
1588 4717 1674 4771 vel
1696 4732 1760 4772 ex
1785 4716 1884 4771 alia
1905 4718 2156 4772 substan-

572 4805 667 4872 tia,
696 4806 781 4861 vel
810 4809 1043 4862 essentia
1070 4824 1207 4874 esse,
1253 4817 1348 4864 aut
1401 4809 1718 4864 mutabilem
1753 4817 1846 4864 aut
1885 4809 2152 4865 converti-

569 4895 732 4952 bilem
765 4895 956 4955 Filium
989 4897 1082 4955 Dei
1108 4900 1316 4967 dicunt,
1358 4900 1780 4954 anathematizat
1807 4900 2072 4957 catholica
2100 4910 2156 4956 et

567 4987 864 5058 apostolica
889 4987 1148 5045 Ecclesia.
1784 4984 1790 4989 ’

638 5075 775 5131 Iiuic
799 5079 1046 5149 symbolo
1077 5079 1201 5139 tidei
1232 5090 1395 5135 etiam
1450 5081 1784 5150 exemplaria
1833 5090 2157 5137 statutorum

565 5163 811 5234 ejusdem
857 5167 1073 5223 concilii
1112 5167 1314 5225 Nicatni
1363 5185 1393 5224 a
1441 5173 1760 5228 memoratis
1809 5171 2156 5243 pontificibus

568 5274 780 5314 annexa
805 5267 950 5325 sunt,
982 5261 1122 5316 sicut
1148 5263 1397 5332 superius
1435 5279 1531 5334 per
1558 5266 1738 5321 omnia
1766 5267 2111 5321 continentur
2137 5284 2150 5320 :

568 5367 687 5419 qua:
715 5367 816 5408 nos
841 5352 930 5408 hic
971 5353 1164 5410 iterum
1193 5358 1462 5413 conscribi
1491 5359 1855 5414 necessarium
1884 5375 1989 5414 non
2033 5373 2152 5414 esse

567 5443 908 5500 credidimus.

567 5552 761 5626 Incipit
781 5559 1001 5628 cpistola
1023 5561 1230 5634 concilii
1249 5563 1486 5633 Africani
1507 5563 1576 5617 ad
1599 5578 1790 5634 papam
1815 5559 2146 5616 Caelestinum

996 5631 1135 5685 urbis
1169 5631 1349 5686 Roma:
1378 5631 1694 5704 episcopum.

637 5735 968 5796 CXXXVI“.
1035 5739 1263 5795 Domino
1331 5741 1680 5797 dilectissimo
1739 5751 1795 5795 et
1842 5743 2146 5798 honorabili

567 5827 605 5880 ft
620 5832 722 5884 atri
735 5827 1024 5886 Caticstino
1053 5831 1317 5898 Aurelius,
1350 5831 1641 5902 l’aiatinus,
1658 5832 1940 5904 Antonius,
1957 5833 2142 5907 Tutus,

2266 1909 2428 1980 jcctis
2451 1927 2516 1965 eo
2549 1912 2830 1967 laborante
2851 1912 3087 1982 purgari.
3119 1912 3285 1982 Cujus
3335 1920 3484 1984 tanta
3514 1928 3578 1968 ac
3616 1922 3726 1967 tam
3758 1914 3858 1968 im-

2271 2002 2452 2056 mania
2481 2000 2681 2072 ﬂagitia
2711 2002 2998 2057 decursum
3043 2003 3216 2073 nostri
3265 2003 3483 2058 concilii
3522 2017 3751 2058 examen
3784 2005 3859 2059 in-

2270 2093 2458 2161 venit,
2506 2101 2564 2147 ut
2616 2101 2671 2147 et
2724 2093 3008 2147 memorati
3049 2092 3408 2161 patrocinium
3457 2093 3636 2161 potius
3692 2104 3857 2161 quam

2266 2183 2548 2253 judicium,
2577 2197 2642 2236 ac
2670 2181 2969 2237 defe:.soris
3010 2183 3176 2250 magis
3206 2197 3426 2251 operam
3480 2197 3642 2250 quam
3682 2183 3856 2238 disce-

2269 2275 2497 2344 ptatoris
2522 2273 2787 2343 justitiam
2813 2279 3151 2344 superarent.
3199 2272 3332 2326 Nam
3384 2271 3633 2342 primum,
3677 2287 3855 2341 quan-

2271 2372 2382 2418 tum
2414 2365 2706 2431 obstiterit,
2751 2365 2896 2417 omni
2926 2363 3332 2432 congregationi
3362 2363 3602 2419 diversas
3631 2362 3856 2431 injurias

2271 2455 2585 2524 ingerendo,
2616 2455 2770 2526 quasi
2797 2453 3051 2509 Ecclesia:
3081 2452 3334 2509 Romana:
3364 2469 3609 2510 asserens
3647 2455 3858 2523 privile~

2269 2547 2378 2614 gia,
2407 2555 2463 2601 et
2490 2545 2675 2600 volens
2700 2560 2822 2599 eum
2851 2559 2880 2598 a
2905 2544 3059 2599 nobis
3082 2544 3133 2596 in
3159 2543 3597 2598 communionem
3618 2542 3854 2612 suscipi:

2269 2650 2430 2705 quem
2458 2643 2547 2690 tua
2577 2635 2834 2690 sanctitas
2863 2633 3088 2689 credens
3111 2633 3432 2704 appellasse,
3458 2633 3603 2702 quod
3623 2633 3857 2703 probare

2272 2745 2380 2784 non
2411 2730 2604 2798 potuit,
2657 2727 3025 2782 communioni
3055 2727 3401 2793 reddiderat;
3428 2725 3596 2795 'quod
3631 2727 3856 2782 minime

2272 2828 2453 2876 tamen
2493 2821 2661 2888 licuit,
2711 2821 2855 2890 quod
2885 2821 3046 2876 etiam
3075 2829 3354 2890 gestorum
3379 2820 3569 2875 melius
3621 2821 3853 2875 lectione

2270 2927 2586 2982 cognosces.
2639 2912 2911 2970 Triduano
2961 2921 3138 2968 tamen
3186 2912 3606 2968 laboriosissimo
3651 2914 3852 2982 agitato

2266 3003 2486 3074 judicio,
2520 3020 2642 3059 cum
2673 3005 2882 3059 diversa
2906 3004 3080 3060 eidem
3110 3004 3322 3074 objecta
3349 3002 3686 3061 afﬂictissimi
3707 3019 3854 3072 quas-

2271 3108 2530 3160 reremus,
2562 3095 2649 3148 vel
2677 3094 3189 3180 morascoepiscopi
3237 3095 3406 3150 nostri
3457 3095 3719 3163 Faustini,
3768 3093 3852 3148 vel

2272 3187 2744 3256 tergiversationes
2769 3187 2935 3256 ipsius
2957 3187 3183 3256 Apiarii,
3214 3187 3408 3255 quibus
3457 3187 3714 3242 nefandas
3742 3196 3855 3241 tur-

2275 3278 2544 3356 pitudines
2583 3279 2837 3334 occulere
2891 3278 3210 3346 conabatur,
3273 3277 3412 3332 Deus
3450 3276 3617 3345 judex
3653 3277 3851 3346 justus,

2273 3373 2428 3428 fortis
2455 3380 2512 3427 et
2537 3371 2858 3440 longanimis
2885 3383 3079 3438 magno
3103 3368 3424 3439 compendio
3447 3371 3731 3424 resecavit.
3752 3368 3855 3424 Te-

2281 3465 2450 3519 triore
2480 3462 2679 3532 quippe
2708 3477 2771 3516 ac
2820 3459 3086 3530 putidiore
3130 3460 3492 3516 obstinatione
3522 3475 3850 3529 compressa,

2272 3572 2378 3626 qua
2411 3563 2618 3609 tantum
2663 3554 2884 3608 lividum
2927 3567 3140 3607 caenum
3188 3552 3518 3622 impudentia
3549 3553 3856 3621 negationis

2271 3646 2490 3701 volebat
2547 3647 2818 3710 obruere,
2886 3643 2999 3698 Deo
3039 3651 3241 3699 .nostro
3289 3642 3406 3711 ejus
3462 3643 3851 3700 conscientiam

2271 3745 2604 3799 coarctante,
2654 3743 2708 3788 et
2749 3734 2960 3788 occulta
2993 3749 3111 3803 quae
3153 3734 3206 3787 in
3237 3733 3377 3788 illius
3403 3736 3566 3793 corde
3595 3743 3855 3804 tanquam

2270 3826 2324 3880 in
2352 3827 2634 3882 volutabro
2680 3826 2959 3880 criminum
2986 3825 3097 3894 jam
3146 3825 3434 3881 damnabat
3477 3827 3639 3882 etiam
3685 3828 3857 3883 homi.

2269 3915 2427 3970 nibus
2455 3915 2788 3984 publicante,
2819 3924 3045 3985 repente
3089 3916 3141 3970 in
3190 3915 3587 3972 confessionem
3635 3925 3856 3972 cuncto-

2270 4021 2389 4060 rum
2411 4005 2750 4074 objectorum
2784 4002 3106 4072 flagitiorum
3136 4005 3355 4060 dolosas
3397 4015 3623 4075 negator
3650 4008 3849 4077 erupit.

2266 4091 2332 4149 Et
2353 4087 2571 4149 tandem
2606 4094 2672 4149 de
2701 4094 2952 4151 omnibus
2992 4095 3394 4150 incredibilibus
3443 4098 3751 4166 opprobriis
3779 4097 3857 4152 ul-

2267 4193 2488 4240 troneus
2530 4200 2589 4240 se
2619 4185 2750 4254 'ipse
2797 4185 3056 4253 convicit,
3099 4194 3260 4254 atque
3306 4185 3475 4255 ipsam
3507 4201 3724 4257 quoque
3755 4202 3858 4244 nos-

2268 4293 2434 4339 stram
2477 4299 2648 4354 spem,
2697 4297 2802 4351 qua
2845 4297 2966 4336 eum
2994 4289 3049 4336 et
3079 4282 3428 4336 credebamus
3454 4290 3508 4336 et
3529 4283 3853 4353 optabamus

2264 4375 2332 4430 de
2356 4383 2466 4429 tam
2498 4374 2761 4445 pudendis
2783 4373 3010 4430 maculis
3031 4388 3188 4448 posse
3212 4374 3454 4445 purgari,
3499 4373 3769 4428 convertit
3797 4375 3852 4428 in

2264 4466 2515 4534 gemitus,
2546 4465 2647 4518 nisi
2673 4463 2927 4534 quoniam
2956 4464 3113 4518 istam
3142 4473 3380 4517 nostram
3405 4463 3715 4518 maestitiam
3742 4478 3852 4520 uno

2264 4569 2472 4614 tantum
2501 4558 2696 4612 solatio
2726 4557 3009 4624 mitigavit,
3046 4555 3191 4625 quod
3221 4565 3276 4611 et
3301 4571 3400 4612 nos
3429 4555 3615 4611 labore
3643 4557 3852 4611 diutur-

2264 4652 2432 4707 nioris
2453 4650 2762 4722 quaestionis
2789 4648 3040 4713 absolvit,
3063 4649 3248 4703 etsuis
3267 4648 3577 4703 vulneribus
3604 4648 3852 4717 qualem-

2264 4757 2478 4813 cunque
2503 4740 2791 4808 medelam,
2836 4741 2938 4795 etsi
2965 4740 3132 4795 invita
3160 4755 3224 4796 ac
3261 4755 3370 4796 sure
3393 4741 3742 4796 conscientia:
3771 4757 3855 4796 re-

2263 4835 2499 4891 luctante
2527 4831 2865 4888 confessione
2887 4832 3138 4902 providit,
3161 4831 3378 4887 domine
3403 4833 3586 4888 frater.
3616 4831 3850 4889 Przefato

2262 4927 2443 4996 itaque
2470 4924 2664 4979 debita:
2693 4917 3260 4990 salutationis—ofﬁCio,
3294 4925 3567 4995 impendio
3587 4925 3849 4995 depreca-

2261 5031 2381 5069 mur
2435 5022 2494 5069 ut
2523 5013 2777 5084 deinceps
2831 5013 2900 5068 ad
2937 5021 3146 5068 vestras
3193 5029 3350 5069 aures
3400 5015 3526 5068 hinc
3559 5015 3849 5072 venientes

2261 5121 2369 5160 non
2392 5105 2600 5161 facilius
2625 5105 2939 5172 admittatis,
2973 5120 3073 5160 nec
3103 5120 3134 5159 a
3166 5105 3320 5159 nobis
3349 5106 3849 5162 excommunicatos

2261 5195 2314 5250 in
2355 5194 2794 5251 communionem
2845 5193 2984 5248 ultra
3014 5193 3192 5250 velitis
3234 5194 3524 5263 excipere:
3574 5196 3700 5263 quia
3741 5196 3848 5253 hoc

2255 5289 2419 5344 etiam
2449 5288 2665 5344 Νίσαιηο
2693 5287 2926 5344 concilio
2971 5288 3250 5344 definitum
3293 5287 3451 5342 facile
3477 5286 3721 5344 advertat
3747 5303 3843 5344 ve-

2258 5379 2570 5433 nerabilitas
2621 5387 2729 5432 tua.
2765 5377 2899 5433 Nam
2941 5386 2996 5433 et
3042 5378 3087 5432 si
3135 5379 3202 5433 de
3242 5377 3585 5435 inferioribus
3629 5381 3846 5437 clericis

2257 5471 2343 5525 vel
2373 5471 2522 5526 laicis
2550 5469 2768 5525 videtur
2805 5471 2877 5526 ibi
2925 5471 3236 5539 prmcaveri,
3277 5479 3482 5544 quanto
3525 5473 3696 5541 magis
3735 5472 3843 5528 hoc

2259 5561 2328 5616 de
2355 5562 2627 5632 episcopis
2655 5561 2830 5618 voluit
2874 5561 3191 5629 observari,
3239 5575 3308 5616 ne
3353 5562 3404 5615 in
3434 5577 3531 5617 sua
3562 5562 3840 5632 provincia

2256 5669 2287 5709 a
2314 5655 2690 5710 communione
2721 5651 2963 5722 suspensi
3007 5667 3036 5706 a
3063 5660 3151 5706 tua
3177 5653 3467 5708 sanctitate
3497 5669 3845 5723 prarpmpere

2255 5744 2340 5799 vel
2367 5743 2604 5799 indebite
2630 5743 2913 5798 vidcantur
2940 5743 3305 5798 communioni
3331 5743 3570 5798 restitui!
3611 5742 3843 5815 Presby-

2255 5842 2491 5893 terorum
2517 5850 2731 5906 quoque
2771 5843 2826 5890 et
2874 5836 3212 5903 sequentium
3243 5835 3559 5892 clericorum
3594 5837 3843 5909 improba
