4104 6474
279 337 392 407 ἳὶθ
787 343 1076 401 DlOL‘iYSll
1117 343 1351 400 EXtuUl
1388 342 1769 400 COLLECTIO
1807 344 2274 402 DECRETORULd
2315 344 2420 400 PP.
2464 345 2576 401 RR.
2621 345 3017 405 PREFATIO.
3437 351 3542 405 2ζο

272 459 480 529 rel‘ugia
547 456 688 513 sicut
717 463 771 514 te
798 456 1016 526 dignum
1059 465 1164 523 est,
1194 456 1420 525 repellat
1447 455 1704 510 sanctitas
1736 465 1848 519 tua,
1887 464 1929 517 Α
1958 465 2127 511 strum
2155 456 2484 521 Faustinum,
2520 467 2770 527 tanquam
2800 473 2864 511 ex
2897 466 3047 528 parte
3077 458 3276 514 Nicmni
3305 461 3546 529 concilii,

268 554 402 620 quia
443 561 501 608 ct
529 551 672 605 nulla
703 549 924 603 Patrum
947 548 1260 604 definitione
1285 548 1388 602 hoc
1417 547 1674 602 Ecclesia:
1703 545 1860 602 dero—
1960 547 2157 603 exinde
2186 547 2571 613 transmisistis,
2601 548 2652 601 in
2684 548 2928 603 conciliis
2955 550 3278 614 verioribus,
3307 566 3426 619 qua:
3448 567 3541 605 ae-

268 651 457 708 gatum
499 648 582 695 est
609 638 914 694 Africanae:
949 647 1004 693 et
1032 638 1249 693 decreta
1279 638 1514 703 Nicmna,
1564 639 1679 692 sive
1725 637 1862 694 infe-

270 730 437 785 rioris
462 730 660 798 gradus
687 729 935 795 clericos,
966 729 1094 784 sive-
1109 729 1255 798 ipsos
1283 729 1570 798 episcopos
1598 730 1712 784 suis
1746 743 1863 783 me-

274 819 618 889 tropolitanis
638 819 978 889 apertiss'me
999 819 1426 883 commiserunt;
1453 819 1866 888 prudentissime

276 913 426 968 enim
473 911 878 981 justissimeque
919 910 1172 968 viderunt
1218 911 1280 982 [ί.
1314 910 1686 983 providerunt]
1713 927 1863 980 qua:-

278 1020 500 1074 cunque
527 1007 747 1073 negotia
775 1006 830 1060 in
859 1005 973 1061 suis
1007 1003 1145 1059 locis
1184 1004 1276 1058 ubi
1321 1012 1441 1058 orta
1465 1012 1592 1059 sunt
1615 1003 1869 1059 finienda.

278 1094 395 1151 Nec
443 1096 732 1164 unicuique
784 1095 1136 1165 providentiae
1179 1095 1241 1166 [ι’.
1286 1093 1600 1164 provincizn]
1641 1094 1869 1162 gratiam

279 1183 346 1240 S.
375 1184 608 1256 Spiritus
635 1185 963 1248 defuturam,
1007 1199 1113 1254 qua
1140 1185 1366 1253 aequitas
1393 1200 1424 1238 a
1461 1184 1660 1238 Christi
1689 1199 1874 1240 sacer-

281 1277 507 1334 dotibus
544 1284 599 1330 et
627 1277 922 1346 prudenter
952 1275 1218 1339 videatur,
1245 1283 1301 1328 et
1329 1276 1762 1332 constantissime
1789 1283 1872 1329 te-

283 1373 482 1422 neatur
513 1381 528 1418 :
577 1365 808 1418 maxime
838 1365 964 1432 quia
1013 1363 1305 1432 unicuique
1345 1379 1660 1420 concessum
1692 1373 1796 1431 est,
1827 1364 1873 1418 si

281 1455 488 1527 iudicio
531 1453 768 1509 oﬂ’eusus
795 1452 956 1508 fuerit
1002 1452 1366 1520 cognitorum,
1415 1453 1482 1506 ad
1511 1454 1738 1507 concilia
1765 1467 1875 1507 sua:

287 1548 624 1619 provincize,
680 1545 766 1600 vel
813 1545 978 1600 etiam
1027 1545 1332 1598 universale
1382 1559 1702 1614 provocare.
1764 1543 1876 1597 Nisi

288 1638 434 1696 forte
484 1638 768 1707 quisquam
815 1642 902 1690 est
969 1634 1060 1704 qui
1127 1633 1316 1688 credat
1363 1633 1678 1688 unieuilibet
1721 1648 1880 1702 posse

293 1729 562 1786 examinis
583 1727 847 1798 inspirare
861 1725 1145 1794 justitiam,
1176 1736 1229 1779 et
1252 1727 1728 1786 innumerabilibus
1750 1742 1880 1781 con-

1963 637 2232 706 cipiuntur
2260 637 2482 701 Nicami,
2515 653 2545 691 a
2575 647 2764 692 sancto
2787 638 2984 710 Cyrillo
3005 641 3328 711 coepiscopo
3357 651 3548 696 nostro

1966 731 2337 786 Alexandrinae
2352 730 2622 800 Ecclesiae,
2643 740 2698 787 et
2718 747 2749 787 a
2774 735 3062 789 venerabili
3083 735 3260 792 Attico
3281 736 3550 794 Constan-

1965 821 2324 890 tin0politano
2365 822 2642 885 antistite,
2687 839 2752 878 ex
2805 825 3116 880 authentico
3161 828 3376 884 missis:
3425 845 3548 899 qua:

1967 912 2130 966 etiam
2169 920 2294 965 ante
2343 911 2446 966 hoc
2492 925 2588 980 per
2651 911 3022 968 Innocentium
3071 917 3442 988 presbyterum
3491 930 3550 973 et

1969 1001 2276 1056 Marcellum
2307 1000 2714 1065 subdiaconum,
2745 1018 2839 1072 per
2871 1020 3008 1072 quos
3040 1006 3105 1059 ad
3135 1022 3232 1060 nos
3261 1009 3328 1061 ab
3358 1009 3437 1063 eis
3465 1010 3548 1064 di-

1971 1101 2116 1147 recta
2144 1102 2296 1159 sunt,
2331 1093 2654 1147 venerabilis
2681 1096 2958 1149 memoria:
2989 1095 3261 1152 Bonil'acio
3290 1100 3547 1169 episcopo

1971 1185 2244 1241 decessori
2265 1194 2446 1240 vestro
2469 1201 2499 1238 a
2532 1185 2686 1240 nobis
2717 1187 3031 1242 transmissa
3067 1201 3209 1254 sunt,
3262 1191 3312 1248 in
3355 1193 3550 1260 quibus

1974 1276 2081 1330 tale
2135 1275 2334 1344 aliquid
2390 1291 2496 1329 non
2553 1275 2825 1344 potuimus
2873 1278 3129 1345 reperire.
3190 1277 3550 1334 Exsecutores

1975 1366 2135 1420 etiam
2163 1364 2388 1420 clericos
2427 1372 2634 1418 vestros
2679 1365 2980 1434 quibu.~:que
3028 1368 3336 1435 petentibus
3385 1369 3552 1424 nolite

1976 1456 2212 1519 mittere,
2249 1455 2415 1509 nolite
2443 1454 2763 1520 concedere,
2792 1470 2858 1509 ne
2888 1455 3153 1510 fumosum
3187 1459 3408 1527 typhum
3447 1474 3553 1514 sae-

1978 1543 2084 1598 culi
2114 1542 2166 1596 in
2197 1541 2490 1598 Ecclesiam
2519 1541 2756 1607 Christi,
2811 1558 2929 1612 qure
2971 1544 3150 1600 lucem
3197 1549 3553 1617 simplicitatis

1979 1642 2035 1686 et
2062 1633 2375 1686 humilitatis
2404 1632 2543 1686 diem
2598 1632 2768 1687 Deum
2819 1633 2997 1688 videre
3049 1635 3386 1704 cupientibus
3425 1653 3555 1705 pran-

1980 1723 2106 1790 fert,
2137 1724 2416 1779 videamur
2439 1723 2731 1779 inducere:
2765 1740 2886 1778 nam
2911 1725 2976 1780 de
3007 1726 3168 1782 fratre
3199 1739 3385 1783 nostro
3411 1728 3554 1784 Fau-

293 1821 533 1890 gregatis
579 1819 632 1874 in
679 1817 966 1874 concilium
1013 1816 1384 1871 sacerdotibus
1430 1816 1719 1884 denegare.
1771 1817 1878 1870 Aut
1911 1831 1951 1888 Β
1981 1817 2123 1870 stino
2173 1816 2387 1888 (amoto
2421 1815 2532 1884 jam
2579 1830 2677 1884 pro
2724 1815 2835 1868 suis
2885 1815 3126 1870 nefandis
3177 1819 3428 1886 nequitiis
3490 1821 3559 1874 de

292 1910 568 1980 quomodo
595 1910 770 1978 ipsum
799 1907 1214 1962 transmarinum
1246 1906 1507 1975 judicium
1538 1915 1712 1962 ratum
1749 1907 1873 1971 erit,

292 2003 363 2058 ad
391 2002 537 2071 quod
571 2001 784 2056 testium
813 1998 1131 2058 necessaria:
1159 2012 1403 2067 personae
1431 1997 1512 2052 vel
1543 2007 1762 2067 propter
1788 2013 1876 2053 se-

295 2106 419 2156 xus,
449 2091 534 2146 vel
559 2096 784 2160 propter
820 2088 1116 2145 senectutis
1144 2084 1532 2149 infirmitatem,
1578 2087 1662 2141 vel
1701 2087 1879 2141 multis

295 2181 419 2237 aliis
459 2177 856 2250 impedimentis
898 2177 1090 2232 adduci
1138 2192 1246 2230 non
1293 2176 1591 2245 poterunt?
1639 2175 1771 2228 Nam
1823 2185 1881 2230 ut

295 2271 463 2341 aliqui
493 2278 745 2340 tanquam
793 2283 825 2321 a
873 2275 974 2321 tua:
1013 2267 1316 2320 sanctitatis
1360 2266 1528 2320 latere
1576 2265 1877 2332 mittantur,

296 2360 447 2416 nulla
492 2359 793 2415 invenimus
821 2355 1038 2410 Patrum
1070 2355 1276 2426 synodo
1321 2357 1693 2411 constitutum.
1743 2355 1878 2422 Quia

293 2452 433 2509 illud
476 2451 621 2520 quod
678 2450 887 2520 pridem
934 2463 1032 2518 per
1059 2447 1307 2504 eumdem
1350 2447 1732 2516 coepiscopum
1781 2461 1879 2500 no—

305 2543 1488 2567 _____________._____.__

1489 2542 1952 2553 —-————-

1982 1909 2179 1964 Cbristi
2213 1907 2450 1964 Ecclesia
2472 1906 2704 1961 dolendo
2724 1905 2963 1977 Apiario)
2987 1908 3157 1962 securi
3188 1925 3390 1974 sumus,
3411 1909 3556 1980 quod

1983 2015 2106 2055 eum
2139 1999 2408 2069 probitate
2437 2014 2500 2053 ac
2529 1998 2900 2054 moderatione
2947 2008 3048 2053 tum
3073 2001 3390 2066 sanctitatis,
3413 2003 3561 2058 salva

1985 2090 2219 2145 fraterna
2247 2090 2544 2156 charitate,
2599 2088 2822 2144 ulterius
2851 2087 3028 2144 Africa
3058 2091 3277 2146 minimc
3306 2093 3560 2161 patiatur.

1987 2181 2054 2234 Et
2093 2181 2196 2234 alia
2223 2195 2381 2234 manu
2411 2195 2424 2230 :
2457 2179 2714 2234 Dominus
2743 2190 2928 2234 noster
2961 2181 3302 2234 sanctitatem
3332 2189 3565 2238 vestram

1986 2287 2102 2325 aevo
2141 2270 2384 2337 longiore
2431 2277 2674 2324 orantem
2704 2284 2802 2338 pro
2831 2269 2985 2325 nobis
3014 2271 3301 2335 custodiat,
3345 2271 3564 2327 domine

1984 2359 2168 2414 frater.

333 2568 3002 2594 Μ

1235 2640 2614 2810 COLLECTIO

466 2897 1414 3048 DECRETDRUM
1502 2891 2380 3008 PONTIFICUM
2463 2886 3398 3035 ROMANORUM,

1115 3088 1630 3165 AUCTORE
1705 3082 2216 3156 DIONYSIO
2299 3078 2727 3153 EXIGUO.

1255 3215 2616 3244 Μ

1644 3250 2208 3351 LECTORI-

1811 3394 2035 3410 ﬂ

374 3446 515 3502 Huic
548 3459 694 3500 nam
717 3442 930 3497 editioni
962 3440 1295 3498 Collectionis
1327 3435 1596 3492 Canonum
1625 3436 1874 3490 ecclesia—
1907 3438 1952 3500 Ω
1983 3429 2106 3485 499.
2142 3428 2292 3494 Quod
2321 3429 2455 3482 hanc
2481 3428 2863 3501 Dionysianam
2912 3430 3262 3485 collectionem
3300 3434 3441 3487 circa
3463 3432 3572 3488 lucc

298 3539 555 3593 sticorum
587 3535 829 3606 Dionysii
858 3533 1074 3604 Exigui,
1106 3549 1170 3586 ne
1197 3530 1319 3600 quid
1346 3530 1499 3584 veteri
1519 3525 1889 3599 jurispruden-

299 3631 392 3684 tiae
439 3627 702 3682 canonica:
738 3625 912 3680 deesse
947 3622 1194 3688 videatur,
1235 3620 1593 3692 subjunximus
1621 3614 1890 3685 epistolam

296 3717 538 3789 ejusdem
583 3715 824 3785 Dionysii
868 3712 1061 3783 Exigui
1108 3711 1176 3764 ad
1214 3709 1486 3763 Iulianum
1537 3705 1890 3778 presbyterum

300 3808 442 3863 tituli
473 3806 685 3862 Sancta:
709 3805 1038 3869 Anastasiw,
1070 3801 1395 3874 praefationis
1425 3799 1557 3866 loco,
1594 3813 1700 3851 sum
1737 3795 1892 3850 colle-

299 3899 466 3955 ctioni
495 3897 828 3950 Decretorum
858 3893 1212 3964 Romanorum
1251 3891 1551 3960 pontiﬁcum
1591 3888 1889 3958 prce/imam,

299 4006 461 4062 quam
503 4003 640 4042 nunc
664 3985 888 4053 primum
913 3999 1007 4038 suo
1049 3982 1248 4036 auctori
1279 3980 1590 4045 restitutam,
1637 3992 1704 4029 ea:
1733 3974 1889 4027 veteri

301 4081 424 4135 cod.
451 4094 548 4132 ius.
578 4090 792 4131 ammte
817 4073 1122 4129 eruditionis
1145 4072 1241 4125 viri
1265 4069 1448 4124 Jacobi
1471 4065 1776 4122 Sirmondi!
1803 4080 1884 4118 so-

303 4167 514 4222 cictatis
539 4163 664 4219 Iesu
703 4161 1008 4236 presbyteri,
1058 4161 1142 4214 cui
1171 4167 1432 4229 acceptam
1461 4158 1620 4225 refer,
1672 4152 1762 4206 tibi
1790 4151 1887 4205 da-

304 4275 425 4314 mus
472 4274 590 4311 cum
613 4255 786 4310 indice
815 4264 1013 4308 tantum
1036 4250 1397 4322 capitulorum,
1447 4247 1652 4303 omissis
1693 4243 1889 4300 Decre-

312 4359 487 4405 torum
505 4348 721 4418 integris
740 4345 1016 4413 capitibus,
1039 4357 1154 4412 qua:
1171 4356 1237 4396 ex
1253 4341 1411 4403 ueteri
1429 4337 1604 4392 codice
1623 4335 1890 4390 Canonum

307 4441 561 4496 Ecclesia
583 4439 856 4503 Romamn,
881 4438 966 4508 qui
991 4435 1276 4505 Moguntiaz
1300 4433 1524 4504 primum
1549 4445 1765 4483 excusas
1792 4437 1872 4482 est.

308 4548 452 4586 anno
484 4527 648 4595 1525,
682 4539 731 4582 et
759 4536 938 4599 postea
967 4524 1190 4579 Parisiis
1215 4540 1306 4576 an.
1350 4519 1511 4588 1619,
1555 4519 1706 4591 facile
1734 4518 1890 4571 cuiris

307 4621 465 4694 fuerit
514 4628 757 4690 repetere.
809 4616 866 4670 Is
909 4633 1026 4670 vero
1073 4624 1150 4670 est
1189 4613 1434 4667 Julianus
1479 4609 1766 4681 presbyter,
1805 4608 1893 4679 qui

306 4707 611 4778 subscripsit
638 4707 852 4778 synodi:
880 4704 1062 4762 Bm
1089 4704 1380 4768 celebratis,
1409 4701 1501 4756 sub
1531 4699 1708 4754 Felice
1733 4715 1890 4770 papa,

1993 3533 2242 3590 tempora,
2291 3529 2405 3590 post
2449 3536 2705 3573 canonum
2735 3517 3033 3575 Graecorum
3075 3522 3572 3592 interpretationem,

1991 3613 2186 3683 factam
2217 3610 2377 3680 fuisse
2423 3609 2612 3676 arguit.
2646 3607 2882 3661 Continet
2914 3616 3083 3662 autem
3131 3606 3427 3662 Decretates
3463 3613 3574 3682 epi-

1989 3704 2149 3758 stolas
2173 3701 2370 3765 Siricii,
2398 3698 2710 3764 Innocentii,
2738 3699 2954 3764 Zosimi,
2982 3699 3260 3770 Bonifacii,
3286 3699 3573 3765 Caelestini,

1990 3792 2201 3854 Leonis,
2256 3788 2475 3856 Celasii,
2521 3798 2569 3841 et
2595 3787 2883 3849 Anastasii,
2933 3789 2996 3840 ab
3027 3803 3166 3841 anno
3196 3786 3427 3841 videlicet
3469 3789 3579 3843 585

1990 3885 2059 3940 ad
2081 3899 2273 3938 annum
2303 3880 2428 3947 486,
2460 3896 2587 3952 quas
2616 3880 2772 3932 etiam
2796 3888 3024 3933 recenset
3045 3879 3352 3935 Cresconius
3373 3880 3427 3933 in
3452 3879 3573 3934 Bre-

1988 3976 2152 4028 viario
2197 3971 2490 4034 Canonico,
2533 3978 2581 4023 ct
2611 3967 2720 4022 Leo
2748 3967 2832 4022 IV
2872 3986 3041 4039 papa,
3085 3968 3224 4039 apud
3265 3968 3572 4024 Gratianum

1992 4082 2108 4119 can.
2159 4064 2221 4117 de
2261 4061 2449 4118 libellis
2489 4060 2612 4116 dist.
2661 4057 2750 4125 20,
2802 4069 2850 4113 et
2891 4059 3210 4114 Ilincmarus
3268 4058 3572 4114 Rhemensis

1991 4155 2407 4224 archiepiscopus
2427 4193 2442 4218 ,
2505 4151 2748 4205 adversus
2796 4149 2849 4204 Η
2855 4152 3140 4206 incmarum
3183 4148 3573 4204 Laudunensem

1991 4247 2308 4318 episc0pum,
2350 4259 2468 4312 cap.
2495 4239 2584 4294 45.
2633 4239 2704 4292 Et
2750 4257 2865 4293 vero
2907 4239 2999 4293 illa
3034 4247 3110 4292 est
3155 4240 3386 4293 collectio
3416 4256 3572 4309 quam

1993 4334 2285 4390 Zacharias
2307 4347 2466 4402 papa,
2497 4331 2551 4383 in
2580 4327 2799 4397 epistola
2827 4329 2897 4381 ad
2929 4326 3175 4397 Pipinum
3208 4329 3460 4398 majorem
3489 4331 3577 4386 do-

1991 4441 2128 4490 mus,
2155 4431 2203 4474 et
2224 4419 2476 4474 universis
2502 4417 2754 4488 episcopis
2784 4417 2839 4470 in
2873 4433 3028 4488 regno
3059 4415 3306 4473 Francia:
3335 4422 3584 4474 constitit.

1995 4517 2080 4581 tis,
2115 4513 2315 4568 Linum:
2346 4509 2713 4563 Dscnmonuu
2739 4517 2903 4572 vocat,
2935 4515 3087 4580 atque
3111 4524 3175 4562 ea:
3199 4525 3258 4564 eo
3287 4511 3410 4563 citat
3432 4528 3576 4582 qua;—

1993 4604 2116 4658 dant
2163 4600 2393 4668 capitula
2429 4599 2642 4662 Siricii,
2688 4596 3003 4661 Innocentii,
3051 4595 3242 4653 Leonis
3270 4607 3319 4653 et
3359 4599 3577 4658 Celasii.

1997 4692 2112 4760 Qua
2144 4693 2208 4742 de
2233 4708 2288 4744 re
2308 4706 2422 4744 cum
2451 4688 2754 4757 ampliorem
2777 4688 3135 4740 tractationem
3156 4705 3423 4756 paramus,
3447 4690 3582 4746 illiut

582 4808 632 4853 et
660 4776 902 4868 Siphidio
929 4812 1063 4852 coss.
1085 4838 1102 4863 ,
1133 4796 1228 4850 hoc
1267 4804 1344 4850 est
1371 4810 1509 4848 anno
1532 4791 1723 4847 Christi
1762 4789 1889 4853 488,
1921 4795 1971 4855 ι)
1997 4787 2078 4839 hic
2107 4787 2170 4838 de
2193 4782 2360 4853 prima
2383 4779 2734 4834 Decretalium
2760 4779 3063 4850 pontiﬁcum
3090 4776 3443 4835 Romanorum
3472 4781 3580 4835 cols

301 4903 352 4946 et
365 4892 461 4947 sub
475 4890 810 4962 Symmacho,
827 4897 942 4960 post
956 4888 1278 4944 consulatum
1301 4885 1530 4952 Paulini,
1551 4884 1646 4938 hoc
1665 4891 1740 4937 est
1760 4896 1900 4936 anno

374 5041 398 5065 ³
445 5028 572 5082 llzec
618 5027 870 5082 Praefatio
921 5025 1018 5080 fuit

299 5099 459 5170 nysio
490 5097 714 5167 Exiguo,
747 5098 904 5152 edita:
936 5111 1078 5150 anno
1109 5095 1268 5147 i643.

2005 4874 2220 4929 lectione
2248 4870 2462 4925 breviter
2491 4869 2817 4924 admonuisse
2846 4867 3103 4922 duximus.

1057 5024 1273 5093 pnelixa
1320 5038 1349 5076 a
1378 5021 1437 5078 C.
1470 5019 1695 5076 Justello
1733 5013 2044 5074 collectioni
2057 5012 2407 5067 Decretorum
2431 5006 2745 5080 pontificum
2771 5006 3160 5073 Romanorum,
3201 5016 3422 5063 auctore
3445 5007 3574 5063 Dio-

299 5170 3554 5212 ΝΜ

1259 5221 1666 5282 CATALOGUS
1707 5214 2114 5274 PONTIFICUM
2158 5209 2627 5273 ROMANORUM,

927 5335 1140 5386 QUORUM
1181 5333 1424 5375 DECRETA
1464 5331 1514 5370 IN
1554 5329 1654 5368 ΠΛΟ
1695 5321 2061 5366 ροιιεετιοιῐε
2101 5315 2320 5359 DlONYSII
2359 5314 2540 5354 εκιςυι
2575 5309 2973 5353 RECENSENTUB.

1613 5404 1712 5458 AN.
1743 5401 1878 5458 Cum.

443 5507 677 5561 Suucws
1686 5488 1810 5545 585.

444 5597 799 5651 lxxocsxnus
1687 5580 1813 5635 404.

445 5687 674 5740 Zosmus
1686 5672 1811 5726 417.

445 5778 764 5832 Bosxrscws
1691 5763 1817 5816 419.

3299 5385 3396 5444 ΔΝ.
3428 5388 3570 5447 Cun.

2134 5488 2486 5542 C(ELESTXNUS
3375 5480 3499 5534 429.

2136 5577 2246 5630 Ι.εο
2286 5574 2305 5627 1
3379 5569 3504 5624 444.

2135 5665 2399 5720 Geusws
3374 5659 3500 5718 59:2.

2139 5759 2472 5812 Asssrssws
3388 5749 3510 5804 498.

1833 5856 2196 5874 M
