4104 6466
553 315 644 373 τδι

557 435 859 448 μ’*

1822 312 2178 370 DIONYSIUS
2217 312 2373 368 EIUG
2383 312 2534 371 UUS.

1430 521 1882 599 DIONYSII
1956 515 2304 639 EXIGUI
2380 516 2927 593 PREFATIO.

620 726 846 782 Domino
869 721 1157 776 venerabili
1201 719 1330 774 mihi
1371 717 1584 774 Juliano
1631 718 1948 789 presbytero
1988 717 2128 772 tituli
2154 717 2214 778 Δ
2238 715 2380 771 niam
2402 693 2662 772 doctrinae
2689 714 2896 771 meritis
2915 715 3218 785 ampliaret.
3244 715 3487 787 Denique
3505 732 3670 775 omne
3691 735 3832 791 opus

549 817 757 872 Sancta:
787 812 1112 876 Anastasiat,
1164 810 1452 881 Dionysius
1499 809 1755 878 Exiguus.
1825 809 2136 865 Sanctitatis

547 917 739 964 vestra:
782 906 884 975 piis
924 904 1192 958 excitatus
1248 900 1461 966 studiis,
1510 899 1706 969 quibus
1738 899 1868 953 nihil
1914 913 2138 970 prorsus

547 1014 735 1056 eorum
763 1013 880 1066 quae
909 997 975 1051 ad
1013 994 1434 1049 ecclesiasticam
1474 992 1814 1061 disciplinam
1842 991 2136 1061 pertinent,

548 1086 1059 1155 omittit.inquirere,
1085 1083 1479 1154 praeteritorum
1500 1082 1642 1136 sedis
1669 1081 1978 1152 apostolica:
2001 1095 2142 1152 prte-

545 1180 720 1234 sulum
749 1172 1336 1243 constituta,quavalui
1364 1188 1492 1228 cura
1517 1172 1902 1240 diligentiaque
1923 1170 2138 1240 collegi,

548 1279 605 1326 et
633 1271 686 1324 in
710 1267 997 1337 quemdam
1028 1267 1274 1335 redigens
1297 1266 1540 1322 ordinem
1565 1266 1732 1320 titulis
1752 1265 1970 1320 distinxi
1990 1280 2141 1320 com-

545 1359 738 1430 positis
787 1377 800 1412 :
851 1359 924 1412 ita
971 1357 1235 1412 duntaxat
1287 1363 1346 1410 ut
1390 1356 1723 1423 singulorum
1779 1355 2134 1425 pontiﬁcum,

547 1460 816 1521 quotquot
847 1465 876 1502 a
911 1465 995 1503 me
1025 1456 1292 1518 prtecepta
1329 1456 1544 1516 reperta
1574 1456 1718 1512 sunt,
1767 1448 1867 1502 sub
1895 1461 2001 1501 una
2042 1462 2142 1500 nu-

546 1554 819 1596 merorum
867 1539 1010 1593 serie
1051 1539 1426 1603 terminarem,
1458 1551 1754 1605 omnesque
1780 1536 1964 1591 titulos
2015 1537 2140 1591 huic

548 1631 849 1702 przefationi
898 1629 1292 1696 subnecterem,
1342 1643 1408 1682 eo
1449 1628 1610 1682 modo
1639 1643 1747 1696 quo
1789 1625 2014 1690 dudum,
2071 1626 2139 1683 de

545 1723 734 1779 ϐιωοο
764 1737 1013 1777 sermone
1039 1720 1259 1774 Patrum
1282 1719 1614 1774 transferens
1633 1733 1895 1786 canones,
1921 1719 2141 1773 ordina-

546 1831 683 1877 ram,
716 1814 858 1884 quod
884 1814 1036 1868 vobis
1065 1812 1286 1866 nimium
1317 1812 1581 1880 placuisse
1609 1824 1991 1878 cognoveram.
2037 1810 2139 1876 Qui

549 1926 685 1965 vero
719 1909 1084 1965 sincerissimo
1130 1905 1327 1960 affectu
1359 1906 1527 1958 Deum
1558 1905 1795 1973 diligitis,
1836 1912 1892 1958 et
1942 1904 2141 1958 idcirco

546 2001 775 2054 famulos
805 2001 921 2066 ejus
961 1997 1227 2052 laudanda
1265 1995 1636 2051 sollicitudine
1673 1995 1983 2050 continetis.
2010 1994 2140 2060 Quis

2236 806 2354 876 ejus
2381 813 2473 861 aut
2499 807 2674 862 oratio
2720 805 2884 861 fuisse
2912 815 3264 874 memoratur,
3311 818 3407 863 aut
3431 809 3615 866 lectio.
3647 811 3828 866 inter-

2238 897 2364 952 dum
2393 911 2608 967 quoque
2634 897 2903 953 scribendi
2941 912 3126 952 curam
3156 899 3420 966 sumebat,
3469 909 3633 970 prout
3659 917 3827 956 causa

2237 987 2326 1044 vel
2352 988 2492 1042 ratio
2519 988 2876 1058 poposcisset,
2908 1002 3295 1058 servorumque
3326 989 3423 1044 Dei
3444 991 3665 1049 maximi
3695 1007 3832 1046 con-

2237 1078 2409 1134 sortio
2461 1086 2627 1148 atque
2667 1078 2934 1134 societate
2987 1079 3273 1147 gaudebat.
3304 1079 3544 1146 Quorum
3597 1079 3822 1152 spiritali

2239 1172 2534 1227 collatione
2555 1179 2707 1228 tanto
2734 1172 2898 1227 divini
2927 1174 3127 1228 amoris
3154 1174 3351 1240 studio,
3382 1184 3530 1230 tanta
3550 1177 3702 1232 verbi
3729 1176 3827 1233 Dei

2239 1263 2588 1318 meditatione
2633 1263 2934 1329 fovebatur,
2998 1274 3056 1320 ut
3104 1265 3228 1320 huic
3280 1268 3446 1322 etiam
3499 1267 3630 1323 illud
3679 1270 3828 1338 quod

2239 1353 2522 1411 Psalmista
2551 1357 2767 1422 cecinit,
2797 1365 3072 1427 aptaretur
3106 1376 3120 1410 :
3150 1358 3348 1414 Beatus
3377 1359 3542 1415 homo
3575 1375 3737 1430 quem
3769 1369 3828 1417 tu

2241 1446 2522 1511 erudieris,
2570 1446 2817 1514 Domine,
2849 1455 2905 1503 et
2927 1447 2994 1502 de
3038 1448 3156 1517 lege
3186 1457 3277 1504 tua
3306 1449 3558 1505 docueris
3578 1465 3726 1521 eum,
3773 1459 3831 1508 ut

2238 1539 2451 1607 mitiges
2477 1551 2600 1594 eum
2627 1554 2658 1594 a
2683 1539 2870 1596 diebus
2891 1540 3065 1596 malis.
3095 1541 3264 1612 Hujus
3283 1544 3426 1616 enim
3448 1547 3630 1600 saacnli
3656 1548 3830 1604 malos

2239 1629 2354 1685 dies
2383 1630 2455 1684 ita
2495 1631 2724 1686 Domino
2764 1631 3047 1701 mitigante
3077 1640 3237 1702 atque
3279 1635 3615 1702 gubernante
3645 1647 3829 1692 trans-

2240 1721 2369 1789 egit,
2400 1729 2459 1776 ut
2485 1721 2766 1778 universas
2793 1724 3118 1778 tentationes
3143 1725 3278 1779 mira
3308 1725 3594 1795 prudentia
3623 1738 3682 1783 et
3705 1729 3826 1784 lon-

2240 1812 2554 1886 ganimitate
2591 1813 2857 1879 suﬁerret,
2892 1813 3114 1868 delicias
3145 1813 3364 1883 jejuniis
3400 1826 3712 1887 sperneret,
3740 1835 3830 1875 su~

2239 1889 2479 1971 perhiam
2501 1902 2804 1958 humilitate
2823 1903 3080 1970 calcaret,
3096 1911 3245 1958 tanta
3269 1906 3636 1961 misericordia
3663 1910 3830 1966 animi

2242 1992 2522 2047 alacritate
2542 1994 2886 2058 claresceret,
2914 2002 2976 2048 ut
2995 2010 3186 2049 omnes
3215 1994 3328 2050 fere
3347 2012 3613 2066 pauperes
3637 1999 3830 2054 satiari

547 2093 692 2146 enim
731 2090 1186 2160 peregrinantium
1237 2087 1478 2142 serviens
1516 2084 1755 2151 Christo,
1801 2093 1983 2140 vestro
2027 2101 2135 2140 non
2168 2073 2208 2132 Β
2239 2084 2394 2155 inops
2445 2085 2560 2156 ipse
2603 2094 2921 2140 mereretur.
2974 2084 3226 2142 Profecto
3263 2089 3454 2145 beatus
3501 2088 3605 2144 hac
3650 2091 3830 2162 inopia

547 2181 757 2239 fovetur
797 2182 1065 2252 hospitio?
1105 2179 1316 2234 Justum
1345 2177 1547 2233 credidi
1583 2178 1737 2232 vobis
1768 2178 1820 2232 in
1849 2177 1950 2232 hac
1983 2185 2138 2247 parte

545 2272 815 2338 famulari,
847 2269 1458 2340 qualenusindustriam
1482 2276 1739 2331 vestram,
1783 2281 1943 2334 quam
1973 2265 2140 2321 cmic-

544 2366 716 2421 stibus
746 2363 1055 2434 impenditis
1083 2361 1302 2430 regulis,
1351 2369 1409 2416 et
1433 2374 1672 2430 presens
1721 2359 1960 2413 imitetur
1982 2367 2133 2425 aetas,

544 2465 600 2510 et
622 2455 909 2525 posteritas
964 2452 1279 2507 admiretur.
1335 2450 1470 2504 Nam
1523 2465 1633 2520 pra:
1682 2449 1894 2506 virtutis
1953 2464 2139 2504 amore

543 2552 736 2598 cuncta
785 2558 904 2611 quae
944 2549 1070 2597 sunt
1096 2541 1246 2595 utilia
1289 2539 1606 2595 desideratis
1654 2551 1978 2606 agnoscere,
2013 2539 2140 2594 licet

542 2650 734 2690 omnes
775 2633 1064 2690 venerandi
1097 2633 1235 2702 juris
1282 2633 1686 2689 observantiam
1735 2632 1980 2687 moribus
2035 2631 2142 2688 im-

542 2727 753 2798 pleatis.
787 2725 1094 2794 Quantique
1119 2727 1189 2780 sit
1209 2725 1352 2795 apud
1377 2725 1546 2779 Deum
1574 2724 1754 2778 meriti
1780 2723 1973 2778 beatus
1999 2739 2139 2794 papa

541 2817 810 2885 Gelasius,
833 2826 887 2873 et
915 2833 1012 2872 nos
1041 2819 1131 2886 qui
1155 2833 1278 2875 eum
1310 2816 1602 2888 praesentia
1628 2816 1899 2886 corporali
1923 2832 2028 2871 non
2057 2817 2136 2871 vi-

542 2912 747 2977 dimus,
805 2925 902 2979 per
929 2924 1025 2964 vos
1073 2908 1320 2963 alumnos
1372 2907 1490 2976 ejus
1535 2907 1744 2964 facilius
1787 2908 2136 2964 aestimamus.

543 3001 709 3069 Cujus
731 3000 1034 3054 eruditione
1061 2998 1276 3054 formati
1323 2999 1548 3067 gradum
1599 2998 1905 3070 presbyteri
1951 3007 2138 3053 sancta

543 3091 957 3146 conversatione
1003 3091 1300 3158 decoratis,
1361 3099 1420 3145 ut
1471 3090 1525 3144 in
1571 3099 1876 3145 vestrorum
1925 3106 2135 3146 morum

545 3181 834 3251 perspicuo
861 3195 1086 3234 munere
1131 3180 1247 3249 ejus
1280 3179 1524 3234 videatur
1567 3179 1966 3248 quodammodo
1996 3181 2138 3236 actio

548 3271 860 3341 praelucere.
894 3268 1100 3336 Quem,
1133 3270 1292 3324 sicuti
1335 3279 1512 3323 vestra
1560 3269 1824 3323 relatione
1872 3269 2140 3339 comperi-

546 3377 688 3425 mus,
719 3361 773 3415 ia
813 3369 1022 3414 tantum
1062 3361 1217 3415 bona:
1243 3361 1533 3414 voluntatis
1577 3361 1849 3416 exstitisse
1894 3360 2136 3427 gratula-

2238 2191 2336 2247 per
2362 2191 2522 2246 quam
2553 2175 2747 2232 divinis
2774 2191 2987 2247 semper
3034 2177 3281 2232 laudibus
3327 2179 3641 2248 inhaerebat,
3690 2181 3832 2240 sicut

2237 2267 2500 2336 propheta
2527 2265 2660 2321 dicit
2686 2267 2754 2322 ad
2788 2267 3074 2323 Dominum
3100 2286 3112 2321 :
3141 2269 3352 2339 Pauper
3380 2277 3436 2325 et
3463 2270 3620 2342 inops
3649 2272 3831 2327 lauda-

2236 2357 2373 2411 bunt
2402 2371 2596 2412 nomen
2629 2365 2796 2412 tuum.
2830 2357 2956 2412 Fuit
2981 2359 3125 2414 enim
3142 2359 3225 2413 vir
3255 2360 3470 2428 ingenio
3497 2361 3825 2427 luculentus,

2236 2448 2344 2504 vita
2374 2449 2695 2520 praecipuus,
2727 2450 3052 2506 auctoritate
3099 2451 3444 2508 reverendus.
3477 2451 3545 2505 Et
3573 2452 3698 2508 ideo
3746 2462 3830 2508 tot

2235 2541 2496 2595 virtutum
2525 2548 2750 2596 ornatus
2778 2541 3094 2610 insignibus,
3123 2541 3191 2596 ad
3220 2550 3330 2596 tam
3352 2542 3552 2597 celsum
3583 2541 3825 2597 ofﬁcium

2240 2646 2350 2686 non
2379 2631 2614 2685 accessit
2643 2631 2912 2700 indignus,
2961 2633 3228 2688 honorem
3284 2648 3506 2688 summa:
3551 2633 3829 2702 dignitatis

2239 2737 2404 2792 grave
2433 2723 2592 2778 nimis
2632 2734 2771 2778 onus
2797 2723 3139 2790 existimans,
3178 2707 3524 2795 parvamque
3551 2724 3832 2793 negligen-

2239 2813 2369 2867 tiam
2399 2811 2669 2883 pontiﬁcis
2700 2813 2887 2882 ingens
2908 2814 3207 2868 animarum
3233 2814 3520 2869 discrimen
3548 2827 3670 2870 esse
3695 2829 3830 2869 con-

2237 2905 2485 2962 tendens.
2517 2905 2728 2962 Idcirco
2755 2906 2904 2963 nullo
2935 2923 2994 2963 se
3022 2908 3292 2977 desidioso
3316 2909 3430 2964 otio
3454 2907 3694 2976 tradidit,
3725 2923 3829 2964 nec
3894 2961 3902 2968 .

2238 2995 2517 3052 luxurioso
2573 2998 2824 3052 convivio
2879 2997 3156 3068 eﬁusoqne
3205 2999 3444 3054 servivit.
3498 2999 3578 3054 Ex
3633 2999 3830 3070 quibus

2238 3090 2402 3145 rebus
2445 3097 2501 3145 et
2539 3089 2842 3145 animarum
2889 3091 3064 3146 morbi
3092 3099 3387 3146 nascantur
3434 3098 3491 3146 et
3515 3105 3829 3162 corporum.

2239 3178 2336 3235 Hic
2369 3180 2550 3251 itaque
2571 3189 2756 3250 pastor
2782 3181 2975 3236 summi
2999 3190 3161 3252 atque
3183 3181 3310 3236 boni
3325 3179 3564 3236 Pastoris
3588 3182 3828 3238 imitator

2239 3271 2476 3326 existens
2504 3273 2751 3340 egregius
2779 3273 2974 3341 praesul
3024 3271 3168 3328 sedis
3215 3271 3530 3343 apostolicae
3558 3272 3677 3340 fuit,
3732 3275 3828 3343 qui

2241 3346 2422 3422 divina
2448 3369 2716 3430 praecepta
2746 3360 2872 3415 iecit
2898 3368 2953 3415 et
2972 3361 3181 3416 docuit.
3212 3359 3366 3417 Unde
3415 3377 3538 3417 eum
3575 3377 3828 3432 magnum

547 3467 687 3520 mur,
715 3459 770 3505 ut
799 3461 1072 3506 annuente
1121 3451 1368 3516 Domino,
1403 3451 1762 3523 principatum
1794 3451 1847 3504 in
1889 3449 2134 3505 Ecclesia
2164 3429 2210 3493 Ο
2242 3447 2382 3503 inter
2403 3455 2619 3503 sanctos
2666 3462 2786 3503 esse
2831 3447 3175 3515 conﬁdimus,
3216 3450 3370 3518 juxta
3415 3452 3827 3520 promissionem

547 3560 648 3616 pro
677 3544 968 3599 multorum
998 3545 1172 3599 salute
1199 3545 1518 3614 suscipiens,
1550 3559 1672 3599 eum
1699 3543 2003 3606 serviendo,
2037 3558 2137 3614 po-

549 3637 652 3692 tius
680 3652 842 3706 quam
871 3636 1220 3704 dominando,
1263 3636 1592 3702 sustolleret,
1623 3636 1852 3706 vitatque
1881 3634 2137 3689 castimo-

2242 3537 2442 3595 Christi
2483 3539 2696 3593 Domini
2738 3538 3010 3594 dicentis:
3067 3539 3166 3606 Qui
3204 3539 3394 3594 fecerit
3438 3548 3494 3595 et
3539 3539 3826 3608 docuerit,

2242 3632 2507 3686 maximus
2537 3631 2820 3686 vocabitur
2840 3632 2895 3686 in
2919 3645 3084 3700 regno
3113 3633 3395 3688 cmlorum.

1435 3814 1816 3875 EPISTULA
1857 3809 2350 3872 DECRETALIS
2383 3809 2608 3870 ΡΑΡΕ
2645 3809 2929 3871 ΞΙΙὶΙΟΙΙ.

611 3973 838 4031 Siricius
884 3976 1121 4034 llimerio
1177 3979 1432 4049 episcopo
1461 3977 1852 4036 Tarraconensi
1877 3980 2129 4035 salutem.

615 4065 825 4121 Directa
851 4069 915 4125 ad
941 4070 1276 4123 decessorem
1307 4078 1547 4124 nostrum
1575 4079 1774 4125 sancta:
1797 4067 2132 4126 recordatio-

541 4157 625 4212 nis
651 4157 938 4212 Damasum
966 4157 1314 4214 fraternitatis
1347 4168 1449 4214 tua:
1471 4161 1684 4228 relatio,
1713 4175 1801 4215 me
1823 4161 1933 4230 jam
1963 4161 2016 4215 in
2041 4175 2130 4216 se-

538 4251 663 4306 dem
692 4253 858 4322 ipsius
879 4253 1224 4308 constitutum
1245 4295 1259 4320 ,
1292 4254 1416 4324 quia
1443 4254 1521 4309 sic
1550 4253 1807 4309 Dominus
1837 4253 2121 4316 ordinavit,

541 4343 742 4397 invenit
779 4362 791 4396 :
823 4359 983 4413 quam
1032 4361 1153 4398 cum
1202 4345 1256 4398 in
1301 4353 1571 4400 conventu
1590 4344 1814 4399 fratrum
1841 4343 2124 4399 sollicitius

541 4433 858 4502 legeremus,
886 4441 1028 4487 tanta
1072 4435 1373 4490 invenimus
1413 4451 1533 4506 qua:
1587 4436 2013 4506 reprehensione
2067 4442 2124 4490 et

541 4526 879 4581 correctione
903 4527 1009 4580 sint
1031 4528 1188 4595 digna
1220 4570 1234 4596 ,
1267 4539 1467 4598 quanta
1517 4537 1830 4600 optaremus
1857 4529 2122 4584 laudanda

539 4627 885 4684 cognoscere.
919 4613 984 4668 Et
1011 4617 1136 4684 quia
1161 4633 1383 4672 necesse
1407 4626 1524 4672 erat
1548 4635 1645 4673 nos
1668 4619 1719 4679 in
1749 4617 1866 4687 ejus
1889 4619 2122 4689 labores,

539 4719 800 4773 curasque
822 4706 1131 4775 succedere,
1162 4707 1248 4763 cui
1271 4723 1368 4777 per
1390 4707 1483 4762 Dei
1505 4710 1731 4778 gratiam
1763 4711 2123 4766 successimus

537 4799 592 4851 in
621 4796 883 4852 honorem
914 4816 927 4851 :
959 4797 1120 4865 facto,
1147 4808 1203 4854 ut
1229 4802 1533 4870 oportebat,
1558 4803 1805 4873 primitus
1833 4818 1968 4858 mea:
1995 4819 2122 4874 pro-

534 4887 798 4944 vectionis
841 4886 1058 4954 indicio,
1092 4889 1156 4944 ad
1211 4890 1438 4960 singula,
1470 4900 1631 4960 prout
1675 4891 1932 4948 Dominus
1977 4893 2120 4963 aspi-

533 4993 655 5034 rare
707 4977 958 5046 dignatus
1021 4987 1106 5034 est
1131 5021 1146 5047 ,
1204 4981 1584 5037 consultationi
1640 4992 1744 5036 tuae
1796 4998 2117 5053 responsum

532 5079 848 5140 competens
867 5087 974 5126 non
1000 5086 1279 5140 negamus.
1311 5072 1446 5139 Quia
1472 5089 1571 5144 pro
1601 5073 1766 5129 ofﬁcii
1787 5076 1958 5129 nostri
1986 5090 2119 5130 con-

531 5161 858 5218 sidcratione
884 5180 995 5219 non
1021 5173 1104 5219 est
1132 5165 1286 5221 nobis
1313 5165 1667 5234 dissimulare,
1691 5182 1801 5222 non
1824 5176 1910 5222 est
1938 5177 2120 5224 tacere

534 5255 755 5310 libertas
781 5273 794 5309 :
825 5257 1019 5325 quibus
1063 5259 1235 5328 major
1263 5261 1472 5314 cunctis
1490 5257 1807 5314 Christiana:
1845 5260 2119 5329 religionis

533 5347 678 5402 zelus
702 5348 980 5411 incumbit,
1005 5360 1280 5419 portamus
1302 5369 1467 5407 onera
1489 5355 1726 5408 omnium
1753 5353 1844 5422 qui
1888 5367 2119 5422 gravan-

535 5444 637 5488 tur.
668 5436 918 5502 Qainimo
948 5440 1062 5495 haec
1090 5451 1269 5512 portat
1313 5445 1364 5498 in
1414 5445 1569 5499 nobis
1617 5445 1807 5500 beatus
1835 5446 2116 5517 apostolus

537 5523 747 5590 Petrus,
777 5531 866 5597 qui
897 5546 994 5590 nos
1021 5533 1071 5589 in
1097 5535 1366 5600 omnibus,
1416 5547 1476 5590 ut
1517 5535 1854 5603 conﬁdimus,
1885 5537 2119 5592 admini-

532 5617 808 5675 stationis
829 5635 938 5674 sua:
968 5624 1199 5691 protegit
1220 5635 1275 5693 et
1303 5635 1478 5678 tuetur
1505 5625 1768 5681 hmredes.

889 5712 968 5768 De
1006 5715 1220 5770 Arionis
1242 5734 1345 5770 non
1374 5700 1775 5790 rebaptizandis.

606 5801 646 5860 Ι.
680 5803 852 5862 Prima
884 5809 1062 5879 itaque
1088 5811 1291 5880 pagina:
1313 5818 1413 5868 tua:
1433 5811 1608 5868 fronte
1636 5813 1858 5884 signasti
1879 5812 2122 5886 baptiza-

2239 3985 2327 4032 tos
2361 3976 2428 4031 ab
2475 3975 2652 4045 impiis
2680 3975 2894 4030 Arianis
2923 3975 3184 4046 plurimos
3211 3974 3278 4030 ad
3309 3975 3469 4032 ﬁdem
3500 3977 3826 4039 catholicam

2238 4065 2513 4130 festinare,
2544 4073 2601 4121 et
2645 4065 2909 4136 quosdam
2957 4066 3024 4121 de
3074 4066 3331 4123 fratribus
3379 4068 3580 4123 nostris
3605 4071 3825 4127 eosdem

2239 4153 2417 4211 denuo
2445 4155 2725 4226 baptizare
2752 4155 2915 4222 velle,
2939 4155 3086 4225 quod
3129 4170 3238 4211 non
3267 4156 3411 4224 licet,
3442 4170 3566 4213 cum
3587 4159 3693 4214 hoc
3710 4161 3825 4220 ﬁeri

2231 4255 2287 4302 et
2305 4246 2594 4316 Apostolus
2615 4254 2763 4301 vetet
2785 4245 2942 4318 (Eph.
2965 4246 3062 4314 tv),
3083 4255 3138 4301 et
3161 4261 3398 4302 canones
3424 4249 3820 4315 contradicant,

2231 4347 2286 4394 et
2308 4346 2432 4408 post
2455 4347 2727 4394 cassatnm
2749 4338 3088 4394 Ariminense
3107 4339 3397 4395 concilium
3414 4340 3576 4396 missa
3598 4341 3664 4395 ad
3690 4358 3820 4411 pro-

2232 4431 2450 4496 vincias,
2483 4446 2514 4484 a
2558 4430 2881 4486 veneranda)
2940 4429 3217 4484 memoria;
3267 4430 3668 4499 praedecessore
3694 4447 3820 4488 meo

2230 4517 2462 4584 Liberio,
2492 4519 2764 4588 generalia
2787 4519 3006 4573 decreta
3034 4517 3374 4587 prohibeant,
3405 4535 3542 4589 quos
3567 4536 3666 4575 nos
3693 4536 3819 4576 cum

2155 4594 2206 4655 θ
2238 4607 2550 4664 Novatianis
2588 4609 2815 4677 aliisque
2865 4607 3154 4672 haereticis,
3206 4607 3346 4662 sicut
3391 4615 3476 4662 est
3519 4607 3572 4662 in
3608 4610 3816 4680 synodo

2228 4699 2585 4755 constitutum
2611 4697 2703 4770 (In
2725 4698 2911 4753 concil.
2934 4695 3173 4763 Nicaeae,
3203 4714 3256 4752 ε.
3279 4696 3356 4766 8),
3388 4713 3486 4768 per
3515 4699 3815 4756 invocatio--

2235 4805 2359 4844 nem
2404 4790 2575 4845 solam
2625 4788 2953 4859 septiformis
2999 4789 3230 4859 Spiritus
3275 4789 3598 4860 episcopalis
3625 4806 3817 4848 manus

2223 4880 2588 4951 impositione,
2616 4880 3008 4935 catholicorum
3035 4881 3326 4936 conventui
3353 4881 3646 4951 sociamus,
3669 4884 3818 4953 quod

2170 4974 2173 4976 ’
2221 4973 2382 5028 etiam
2414 4980 2556 5027 totus
2585 4970 2776 5027 Oriens
2803 4970 3172 5042 Occidensque
3223 4971 3476 5039 custodit,
3503 4988 3531 5026 a
3565 4990 3672 5043 quo
3703 4983 3817 5028 tra-

2225 5063 2356 5117 mite
2377 5078 2475 5118 vos
2503 5077 2719 5132 quoque
2761 5062 2990 5132 posthac
3025 5064 3246 5119 minime
3274 5065 3524 5118 convenit
3550 5064 3766 5122 deviare
3793 5085 3811 5119 ;

2224 5153 2269 5208 si
2307 5167 2415 5208 non
2435 5152 2594 5208 vultis
2642 5167 2673 5206 a
2729 5160 2916 5209 nostro
2963 5153 3193 5224 collegio
3246 5153 3496 5225 synodali
3540 5155 3815 5211 sententia

2225 5245 2486 5316 separari.

2230 5403 2298 5459 Ut
2325 5413 2516 5478 praeter
2559 5404 2768 5460 Pascha
2808 5417 2856 5461 et
2896 5407 3238 5461 Pentecoslen
3268 5407 3526 5477 baptisma
3549 5425 3653 5464 non
3680 5410 3816 5465 cele-

2925 5496 3120 5552 bretur.

2299 5634 2364 5689 ll.
2389 5633 2644 5704 Sequitur
2661 5639 2727 5694 de
2743 5636 2967 5692 diversis
2985 5635 3428 5706 baptizandorum
3461 5639 3810 5726 temporibus,

2226 5734 2391 5796 prout
2438 5728 2725 5798 unicuique
2805 5729 3012 5783 libitum
3083 5729 3280 5795 fuerit,
3336 5727 3707 5799 improbabilis
3753 5739 3816 5786 et

2223 5817 2555 5876 emendanda
2586 5820 2850 5887 confusio,
2897 5835 3015 5891 quae
3043 5836 3072 5877 a
3098 5820 3297 5882 nostris
3325 5821 3807 5880 consacerdotibus
