4104 6490
355 307 460 362 2'55

1395 304 1771 364 COLLECTIU
1815 308 2275 367 DECRETORUM
2323 312 2421 368 PP.
2470 315 2578 368 RR.
3520 321 3622 376 951

356 414 522 489 (quod
547 413 807 472 commoti
836 412 1081 482 dicimus)
1112 429 1218 468 non
1249 415 1454 469 ratione
1477 418 1812 472 auctoritatis
1845 418 1941 472 ali—
1974 429 2014 483 Λ
2049 422 2258 491 quibus,
2288 424 2409 492 quia
2427 424 2536 492 jam
2558 424 2840 493 sulfugium
2866 443 2971 482 non
3003 429 3204 484 habent
3231 431 3544 500 pmnitcndt,
3579 436 3626 486 in

357 509 529 577 cujus,
561 507 656 562 sed
683 505 799 561 sola
833 505 1135 560 temeritate
1159 506 1498 573 przusumitur
1518 547 1531 569 ,
1570 516 1627 560 ut.
1649 508 1852 576 passim
1882 525 1944 563 ac

356 600 522 654 libere
551 597 811 652 natalitiis
851 594 1068 661 Christi,
1092 611 1188 650 seu
1217 596 1593 666 apparitionis,
1628 613 1726 653 nec
1758 614 1864 652 non
1893 606 1947 653 et

357 689 757 762 Apostolorum,
775 702 871 742 seu
901 685 1196 755 Martyrum
1221 685 1602 741 festivitatibus
1626 689 1943 754 innumerae,

357 793 416 838 ut
443 783 660 847 asseris,
686 781 872 852 plebes
899 780 1150 851 baptismi
1178 781 1490 852 mysterium
1515 792 1942 851 consequantur,

356 890 475 931 cum
504 875 609 929 hoc
631 873 730 929 sibi
761 871 1095 944 privilegium
1118 881 1172 928 et
1192 872 1333 943 apud
1354 889 1473 941 nos,
1505 884 1560 930 et
1588 877 1727 946 apud
1757 892 1948 933 omnes

358 965 625 1022 Ecclesias
652 964 980 1020 dominicum
1003 963 1309 1032 specialiter
1336 980 1458 1019 cum
1489 965 1808 1024 Pentecoste
1849 983 1947 1024 sua

360 1057 562 1112 Pascha
591 1054 861 1122 defendat,
890 1052 1084 1125 quibus
1138 1053 1272 1111 solis
1311 1070 1409 1126 per
1437 1071 1635 1110 annum
1665 1058 1854 1114 diebus
1881 1060 1948 1114 ad

358 1146 516 1202 [idem
556 1143 952 1200 conﬂuentibus
976 1143 1250 1214 generalia
1277 1143 1619 1215 baptismatis
1651 1148 1787 1202 tradi
1817 1165 1950 1204 con-

359 1235 504 1289 venit
526 1243 884 1289 sacramenta.
909 1232 1003 1288 His
1021 1233 1285 1288 duntaxat
1309 1235 1514 1301 electis,
1539 1236 1629 1306 qui
1662 1247 1786 1292 ante
1812 1254 1948 1308 qua-

357 1325 632 1394 draginta,
657 1323 744 1378 vel
798 1338 866 1379 eo
914 1323 1144 1394 amplius
1182 1324 1298 1380 dies
1346 1339 1542 1379 nomen
1594 1324 1865 1396 dederint,
1893 1337 1951 1383 et

357 1414 707 1482 cxorcismis,
747 1413 1183 1482 quotidianisque
1230 1414 1564 1472 orationibus
1597 1424 1760 1486 atque
1803 1416 1948 1486 iciu-

335 1506 465 1564 .niis
496 1504 694 1560 fuerint
723 1503 948 1576 expiati,
979 1514 1249 1573 quatenus
1270 1507 1572 1582 apostolica
1599 1507 1688 1562 illa
1717 1508 1940 1579 implea-

359 1607 448 1651 tur
476 1595 786 1667 pneceptio,
833 1603 894 1649 ut
939 1604 1236 1665 cxpurgato
1268 1595 1533 1652 fermento
1580 1599 1778 1667 veteri,
1810 1615 1949 1655 nova

361 1689 584 1758 incipiat
629 1701 749 1743 esse
796 1687 1110 1757 conspersio
1139 1686 1195 1759 (Ι
1214 1685 1336 1744 Cor.
1365 1687 1443 1758 v).
1472 1687 1624 1743 Sicut
1669 1704 1798 1759 ergo
1822 1688 1950 1746 Pas-

359 1780 568 1836 chalem
580 1779 938 1835 reverentiam
956 1780 1008 1833 in
1032 1778 1181 1833 nullo
1202 1777 1426 1834 dicimus
1439 1794 1561 1835 esse
1581 1780 1944 1848 minuendam,
1979 1795 2024 1856 Β

362 1872 435 1927 ita
463 1870 774 1936 infantibus,
800 1871 891 1940 qui
922 1869 1154 1925 necdum
1210 1871 1356 1941 loqui
1401 1879 1657 1941 poterunt
1690 1887 1788 1942 per
1813 1881 1946 1928 tcta-

363 1971 508 2028 tem,
537 1962 626 2018 vel
653 1961 764 2018 “his
801 1961 996 2032 quibus
1041 1960 1098 2014 in
1145 1960 1387 2031 qualibet
1440 1962 1764 2018 necessitate
1813 1978 1951 2034 opus

362 2053 525 2108 tuerit
571 2051 712 2108 sacri
739 2050 880 2106 unda
928 2050 1284 2120 baptismatis,
1316 2051 1464 2105 omni
1485 2049 1734 2106 volumus
1756 2052 1948 2107 celeri-

360 2151 476 2198 tate
503 2141 747 2198 succurri
772 2158 785 2194 :
809 2155 879 2196 ne
899 2140 966 2195 ad
984 2149 1288 2194 nostrarum
1312 2140 1603 2210 perniciem
1621 2141 1806 2196 tendat
1826 2143 1948 2196 ani-

360 2249 591 2298 marum,
610 2233 656 2288 si
679 2241 872 2302 negato
895 2231 1324 2287 desiderantibus
1345 2231 1492 2288 fonte
1514 2233 1736 2289 salutari
1761 2235 1950 2292 exiens

359 2323 827 2396 unusquisquede
853 2323 1052 2378 szeculo
1085 2331 1140 2376 et
1184 2337 1409 2392 regnum
1440 2325 1648 2393 perdat,
1680 2333 1734 2380 et
1762 2326 1946 2384 vitam.

359 2415 678 2485 Quicunque
706 2415 871 2470 etiam
901 2413 1186 2470 discrimen
1217 2415 1500 2486 naufragii,
1533 2417 1844 2473 hostilitatis
1864 2419 1947 2473 in-

358 2523 598 2572 cursum,
626 2505 922 2562 obsidionis
944 2506 1268 2576 ambiguum,
1301 2506 1384 2560 vel
1408 2506 1726 2575 'euiuslibet
1753 2523 1949 2579 corpo-

359 2598 492 2652 ralis
544 2595 873 2667 azgritudinis
924 2595 1353 2666 desperationem
1402 2596 1707 2664 inciderint,
1749 2606 1803 2652 et
1846 2601 1948 2656 sibi

359 2689 522 2744 unico
575 2686 910 2742 credulitatis
956 2686 1158 2741 auxilio
1210 2688 1559 2756 poposcerint
1612 2689 1882 2744 subveniri
1931 2711 1943 2744 :

357 2779 574 2843 eodem,
620 2792 730 2846 quo
781 2783 1030 2848 poscunt,
1073 2785 1350 2832 momento
1394 2777 1648 2851 temporis
1696 2781 1948 2850 expetita:

359 2869 787 2939 regenerationis
805 2868 1025 2938 praemia
1046 2877 1463 2940 consequantur.
1497 2869 1771 2928 Hactenus
1801 2888 1949 2929 erra-

358 2971 474 3016 tum
522 2960 578 3015 in
633 2960 733 3014 hac
761 2966 918 3029 parte
943 2958 1192 3025 sulliciat,
1225 2976 1366 3017 nunc
1405 2960 1678 3031 prtcfatam
1709 2963 1946 3033 regulam

358 3066 552 3106 omnes
581 3060 800 3105 teneant
827 3049 1170 3117 sacerdotes,
1199 3051 1291 3120 qui
1329 3051 1520 3106 nolunt
1545 3052 1612 3106 ab
1635 3055 1946 3123 apostolicae

2043 514 2296 568 iluxintus
2324 514 2740 582 decernendum,
2776 527 2832 571 ut
2871 518 2982 571 sola
3016 519 3153 572 intra
3188 521 3466 576 ecclesiam
3497 518 3601 575 (ide

2049 605 2187 659 libus
2230 606 2476 660 oratione
2516 606 2846 675 iungantur,
2879 625 3046 665 sacrae
3079 612 3456 680 mysteriorum
3485 611 3629 666 cele-

2048 693 2228 748 britati
2256 733 2270 759 ,
2302 697 2546 763 quamvis
2573 713 2680 751 non
2723 709 3052 765 mercantur,
3081 700 3330 756 intersint
3355 719 3366 753 :
3397 717 3426 755 a
3456 700 3631 756 domi-

2050 785 2182 839 nica:
2203 794 2384 840 autem
2413 803 2611 843 mensa:
2639 789 2887 844 convivio
2917 800 3286 860 segregentur,
3313 801 3371 846 ut
3398 793 3498 846 hac
3523 791 3632 846 sal-

2051 887 2160 932 tem
2208 877 2576 934 destructione
2617 881 2892 950 correpti,
2943 890 2996 936 et
3035 882 3135 952 ipsi
3163 883 3215 936 in
3243 898 3302 938 se
3328 898 3424 937 sua
3453 889 3632 936 errata

2049 968 2350 1035 castigent,
2383 977 2437 1023 et
2485 969 2602 1024 aliis
2631 972 2933 1041 exemplum
2977 972 3246 1043 tribuant,
3275 982 3539 1042 quatenus
3565 972 3634 1026 ab

2050 1058 2709 1130 obsceniscupiditatihus
2746 1063 3108 1118 retrahuntur.
3161 1062 3365 1129 Quibus
3414 1054 3588 1118 tamen
3616 1097 3633 1124 ,

2051 1147 2304 1216 quoniam
2333 1150 2535 1204 carnali
2576 1150 2863 1220 fragilitate
2898 1152 3248 1220 ceciderunt,
3284 1152 3484 1212 viatico
3513 1169 3632 1208 mu-

2051 1253 2199 1303 nere,
2225 1255 2347 1294 cum
2377 1241 2444 1295 ad
2471 1241 2752 1298 Dominum
2779 1244 3042 1314 cceperint
3061 1244 3346 1314 proficisci,
3369 1260 3466 1315 per
3487 1261 3636 1300 com-

2051 1331 2321 1387 munionis
2349 1335 2577 1401 gratiam
2600 1335 2844 1390 volumus
2885 1337 3179 1391 subveniri.
3206 1337 3377 1403 Quam
3409 1336 3634 1392 formam

2052 1428 2107 1475 et
2155 1421 2296 1476 circa
2336 1422 2590 1478 mulieres
2636 1439 2754 1493 quze
2782 1440 2843 1481 se
2872 1435 2996 1496 post
3036 1427 3410 1497 pmuitentiam
3443 1429 3633 1482 talibus
3696 1467 3702 1470 -

2050 1514 2434 1585 pollutionibus
2489 1517 2886 1587 devinxerunt,
2951 1521 3272 1576 servandam
3335 1537 3456 1577 esse
3509 1537 3633 1577 cen~

2052 1620 2250 1661 scmus.

2057 1744 2133 1800 De
2152 1748 2418 1802 monac/tis
2446 1759 2494 1804 et
2522 1750 2801 1821 virginibus
2831 1751 3148 1822 prepositum
3169 1769 3272 1808 non
3296 1751 3632 1810 servantibus.

2123 1855 2208 1910 Vl.
2239 1855 2500 1912 Praeterea
2532 1860 2915 1915 monachorum
2953 1863 3213 1930 quosdam
3244 1872 3406 1934 atque
3450 1880 3632 1919 mona-

2051 1950 2298 2018 charum,
2327 1952 2540 2020 abiecto
2570 1955 2848 2023 proposito
2872 1956 3194 2020 sanctitatis,
3227 1958 3278 2011 iu
3308 1965 3508 2011 tantam
3535 1973 3638 2027 po-.

2051 2042 2264 2096 testatis
2289 2042 2570 2098 demersos
2623 2059 2742 2099 esse
2769 2044 3066 2111 lasciviam,
3095 2053 3151 2100 ut
3182 2047 3328 2117 prius
3356 2047 3631 2114 clanculo,

2052 2131 2198 2186 velut
2221 2131 2322 2186 sub
2352 2134 2805 2190 monasteriorum
2835 2145 3100 2206 praetextu
3123 2177 3138 2203 ,
3164 2137 3347 2192 illicita
3381 2153 3445 2193 ac
3473 2139 3633 2193 sacri-

2051 2222 2170 2290 lega
2199 2237 2258 2278 se
2285 2226 2606 2293 contagione
2634 2227 2964 2295 miscuerint,
3004 2238 3190 2299 postea
3236 2245 3363 2284 vero
3391 2231 3443 2284 in
3473 2231 3633 2285 abru-

2050 2407 2419 2479 complexibus
2462 2409 2630 2465 libere
2670 2409 2808 2466 filios
2848 2413 3213 2484 procrearint,
3245 2414 3389 2482 quod
3428 2424 3484 2469 et
3537 2432 3634 2486 pu-

2050 2501 2202 2558 blica:
2233 2503 2376 2570 leges
2401 2545 2416 2568 ,
2458 2512 2514 2559 et
2552 2505 2916 2560 ecclesiastica
2942 2505 3064 2576 jura
3094 2508 3460 2563 condemnant
3489 2528 3501 2563 :
3535 2515 3634 2565 has

2051 2595 2214 2662 igitur
2252 2594 2545 2665 impudicas
2593 2595 3048 2664 detestabilesque
3077 2611 3341 2666 personas
3381 2613 3411 2651 a
3443 2615 3633 2654 mona-

2049 2683 2334 2738 steriorum
2362 2693 2536 2747 cmtu,
2578 2685 3036 2752 ecclesiarumque
3074 2687 3428 2742 conventibus
3455 2689 3634 2744 elimi‘

2051 2777 2255 2832 nandas
2294 2792 2414 2833 esse
2460 2776 2808 2842 mandamus,
2854 2783 3120 2846 quatenus
3165 2785 3388 2832 retrusa:
3429 2778 3482 2832 in
3523 2780 3634 2834 suis

2051 2869 2334 2938 ergastulis
2363 2876 2568 2922 tantum
2592 2868 2800 2924 facinus
2823 2868 3080 2924 continua
3110 2868 3496 2925 lamentatione
3533 2871 3632 2924 de-

2051 2960 2242 3017 ﬂentes
2265 3001 2280 3027 ,
2313 2959 2676 3032 puriﬁcatorio
2715 2961 2923 3032 possint
2949 2961 3294 3033 paenitudinis
3325 2962 3445 3030 igne
3469 2961 3635 3017 deco-

2051 3067 2218 3123 quere
2241 3093 2256 3118 ,
2298 3061 2358 3108 ut
2383 3053 2462 3108 eis
2502 3053 2586 3107 vel
2616 3051 2680 3107 ad
2709 3062 2938 3108 mortem
2967 3052 3157 3106 saltem
3183 3094 3197 3117 ,
3230 3052 3396 3107 solius
3419 3053 3630 3108 miseri-

358 3152 551 3214 petrat,
576 3156 739 3212 super
789 3157 952 3214 quam
996 3143 1242 3198 Christus
1262 3143 1620 3200 universalem
1648 3149 1950 3206 construxit
1978 3164 2023 3226 ρ
2053 3145 2248 3200 οοτάἰω
2291 3144 2487 3198 intuitu
2533 3157 2630 3212 per
2674 3143 3069 3199 communionis
3097 3143 3322 3213 gratiam
3351 3143 3519 3214 possit
3548 3143 3630 3198 in-

359 3233 676 3301 Ecclesiam,
702 3233 972 3290 soliditate
991 3234 1172 3290 divelli
1195 3233 1411 3305 (Matth.
1437 3236 1517 3306 Χ).

964 3374 1044 3430 De
1074 3379 1346 3448 apostatis.

431 3467 518 3522 lll.
551 3466 832 3536 Adiectum
859 3475 942 3522 est
979 3465 1142 3522 etiam
1167 3507 1182 3532 ,
1215 3466 1477 3546 quosdam
1509 3467 1846 3525 Christianos
1875 3473 1943 3527 ad

358 3558 685 3629 apostasiam
717 3556 882 3629 (quod
911 3557 1012 3612 dici
1040 3557 1191 3613 nefas
1220 3562 1322 3626 est)
1357 3565 1715 3626 transeuntes,
1746 3568 1802 3615 et
1829 3561 1945 3617 ido-

358 3651 534 3706 lorum
574 3651 720 3706 cultu
771 3665 833 3704 ac
881 3648 1267 3704 sacriﬁciorum
1314 3651 1773 3708 contaminatione
1811 3668 1942 3724 pro-

360 3741 591 3806 fanatos,
614 3755 751 3811 quos
778 3757 808 3795 a
838 3741 1034 3797 Christi
1064 3757 1292 3812 corpore
1314 3750 1368 3796 et
1395 3744 1676 3812 sanguine,
1707 3759 1816 3815 quo
1845 3746 1945 3800 du-

356 3833 483 3891 dum
514 3833 777 3903 redempti
803 3832 1016 3887 fuerant
1036 3833 1391 3898 renascendo,
1411 3833 1662 3900 iubemus
1682 3836 1940 3891 abscindi.

356 3923 423 3980 Et
451 3925 493 3980 si
521 3926 896 3995 resipiscentes
925 3923 1062 3980 forte
1089 3925 1375 3994 aliquando
1401 3925 1598 3980 fuerint
1619 3926 1685 3980 ad
1707 3927 1942 3982 lamenta

355 4016 623 4082 conversi,
651 4017 756 4080 his,
779 4015 1017 4084 quandiu
1038 4017 1223 4070 vivunt
1258 4015 1463 4083 agenda
1490 4017 1804 4085 poenitentia
1834 4026 1940 4084 est,

354 4117 410 4162 et
440 4109 492 4162 in
517 4108 705 4162 ultimo
723 4108 828 4161 line
848 4122 949 4164 suo
971 4107 1426 4162 reconciliationis
1439 4108 1611 4176 gratia
1635 4105 1937 4173 tribuenda,

354 4196 503 4267 quia,
529 4197 760 4252 docente
790 4195 1040 4262 Domino,
1071 4196 1320 4251 nolumus
1347 4204 1578 4251 mortem
1607 4197 1937 4266 peccatoris,

353 4288 450 4344 sed
478 4295 684 4342 tantum
714 4294 774 4342 ut
799 4293 1176 4349 convertatur,
1205 4292 1261 4340 et
1280 4285 1427 4339 vivat
1456 4281 1671 4355 (Ezech.
1694 4295 1866 4355 xvm).

354 4397 507 4465 Quod
543 4413 646 4453 non
675 4397 829 4453 liceat
856 4397 1070 4452 alterius
1097 4413 1344 4479 sponsam
1371 4397 1442 4451 ad
1469 4397 1787 4452 matrimonii
1813 4399 1938 4468 jura

1049 4477 1248 4522 συνίετε.

2053 3233 2323 3303 dulgentia
2352 3231 2660 3288 subvenire.

2449 3371 2529 3428 De
2549 3373 2748 3428 clericis
2777 3371 3227 3446 incontinentibus.

2119 3485 2230 3542 νη.
2262 3483 2550 3543 Veniamus
2591 3502 2731 3542 nunc
2761 3488 2828 3542 ad
2857 3487 3248 3542 sacratissimos
3278 3487 3494 3542 ordines
3521 3480 3630 3541 cle-

2048 3582 2282 3636 ricorum
2308 3620 2322 3645 ,
2355 3594 2490 3648 quos
2519 3579 2573 3632 in
2602 3577 2921 3633 veneranda:
2969 3577 3244 3645 religionis
3272 3575 3523 3646 iniuriam
3555 3576 3627 3630 ita

2046 3686 2145 3742 per
2173 3676 2378 3724 vestras
2407 3669 2709 3738 provincias
2737 3667 2976 3723 calcatos
3027 3675 3188 3736 atque
3219 3665 3472 3723 confusos
3499 3669 3630 3722 cha-

2048 3761 2207 3816 ritate
2230 3770 2317 3816 tua
2331 3759 2630 3816 insinuante
2649 3759 2967 3828 reperimus,
2987 3766 3044 3813 ut
3063 3755 3313 3814 Jeremite
3325 3759 3481 3814 nobis
3491 3775 3629 3814 voco

2045 3839 2328 3908 dicendum
2351 3851 2421 3908 sit
2450 3871 2462 3905 :
2498 3850 2623 3916 Quis
2652 3845 2794 3905 dabit
2824 3853 2980 3921 capiti
3009 3867 3120 3904 meo
3152 3867 3359 3923 aquam,
3389 3859 3437 3904 et
3464 3853 3627 3906 oculis

2045 3945 2173 3998 meis
2199 3945 2388 4001 fontem
2419 3943 2784 4014 lacrumarum,
2810 3952 2858 3995 et
2885 3939 3015 4011 ﬂebo
3036 3942 3281 4012 populum
3304 3943 3438 3996 Imhc
3459 3943 3542 3996 die
3562 3959 3624 3994 ac

2045 4045 2191 4090 nocte
2222 4034 2351 4105 (Jer.
2393 4031 2514 4103 Ix)?
2557 4031 2613 4087 Si
2642 4047 2771 4101 ergo
2797 4032 2985 4086 beatus
3013 4033 3276 4102 propheta
3307 4033 3372 4085 ad
3398 4033 3626 4099 lugenda

2043 4125 2226 4195 populi
2259 4129 2476 4194 peccata
2504 4137 2613 4175 non
2641 4115 2740 4175 sibi
2772 4120 2846 4174 ait
2874 4121 3139 4192 lacrymas
3170 4136 3327 4190 posse
3351 4113 3620 4188 sufficere,

2044 4223 2248 4287 quanto
2295 4229 2396 4270 nos
2423 4227 2707 4284 possumus
2737 4210 2925 4266 dolore
2973 4206 3230 4279 percelli,
3277 4221 3397 4264 eum
3431 4224 3618 4265 eorum

2042 4307 2132 4376 qui
2183 4307 2237 4360 in
2281 4314 2467 4360 nostro
2512 4310 2637 4358 sunt
2665 4311 2932 4370 corpore,
2977 4300 3348 4370 compellimur
3378 4299 3615 4355 facinora

2042 4398 2357 4466 deplorare,
2388 4393 2580 4463 quibus
2618 4392 2885 4462 prmcipue
2913 4390 3205 4446 secundum
3237 4390 3452 4445 beatum
3482 4389 3617 4445 Pau-

2042 4489 2152 4542 lum
2188 4485 2437 4541 instantia
2465 4482 2778 4553 quotidiana
2832 4488 2887 4536 et
2915 4479 3218 4535 sollicitudo
3249 4481 3484 4534 omnium
3515 4479 3619 4536 Ec-

420 4557 510 4612 ιν.
544 4557 621 4612 De
647 4556 1006 4634 coniugalium
1035 4565 1213 4610 autem
1240 4555 1535 4611 violatione
1562 4557 1865 4627 requisisti,
1889 4558 1934 4614 si

2045 4577 2325 4633 clesiarum
2373 4537 2736 4629 indesinenter
2780 4571 3039 4626 incumbit
3084 4568 3173 4641 (II
3215 4568 3333 4624 Cor.
3362 4570 3623 4640 x1)?Quis

347 4646 736 4716 desponsatam
762 4645 852 4699 alii
877 4643 1109 4715 puellam
1135 4644 1272 4700 alter
1300 4645 1354 4699 in
1382 4645 1782 4700 matrimonium
1804 4661 1934 4716 pos-

345 4741 420 4795 sit
439 4739 726 4810 accipere?
753 4737 868 4794 lloc
895 4752 964 4793 ne
989 4735 1099 4803 ﬂat,
1131 4735 1306 4792 modis
1325 4736 1575 4792 omnibus
1600 4737 1931 4804 inhibemus,

346 4835 475 4902 qula
503 4829 596 4884 illa
617 4827 924 4884 benedictio
953 4842 1115 4897 quam
1137 4835 1384 4896 nupturae
1410 4825 1662 4882 sacerdos
1686 4827 1930 4896 imponit,

344 4919 492 4992 apud
525 4917 712 4974 ﬁdeles
741 4917 1018 4986 cujusdam
1061 4917 1329 4986 sacrilegii
1356 4917 1527 4972 instar
1570 4923 1653 4971 est
1676 4955 1692 4984 ,
1736 4917 1780 4972 si
1825 4915 1933 4971 ulla

345 5009 782 5080 transgressione
821 5007 1074 5063 violetur.

492 5121 571 5177 De
599 5123 679 5176 his
708 5123 791 5192 qui
817 5121 1169 5194 paenitentiam
1199 5115 1409 5173 minime
1433 5120 1783 5172 servaverunt.

422 5233 485 5290 ς’.
515 5233 591 5288 De
621 5233 704 5288 his
731 5247 858 5288 vero
890 5247 996 5286 non
1027 5231 1317 5299 incongrue
1338 5227 1555 5284 dilectio
1585 5234 1676 5280 tua
1709 5232 1930 5295 aposto-

340 5323 504 5379 licam
554 5320 736 5377 sedem
784 5316 1010 5376 credidit
1055 5312 1460 5383 consulendam,
1499 5316 1730 5386 quiacta
1758 5313 1929 5383 paeni-

340 5413 536 5479 tentia,
561 5421 814 5480 tanquam
844 5424 1007 5465 canes
1056 5424 1121 5464 ac
1147 5423 1271 5463 sues
1299 5407 1366 5462 ad
1387 5395 1629 5462 vomitus
1669 5403 1925 5474 pristinos

338 5512 398 5558 et
425 5501 706 5557 volutabra
733 5501 1044 5565 redeuntes,
1066 5509 1121 5554 et
1149 5497 1352 5552 militia:
1387 5495 1678 5564 cingulum,
1703 5502 1758 5548 et
1786 5492 1924 5547 ludi-

336 5609 459 5649 cras
481 5592 804 5662 voluptates,
847 5600 901 5644 et
931 5606 1068 5645 nova
1090 5587 1360 5659 conjugia,
1393 5594 1450 5642 et
1470 5586 1724 5640 inhibitus
1748 5585 1926 5638 denuo

336 5683 653 5753 appetivere
668 5681 1006 5745 concubitus,
1029 5695 1254 5749 quorum
1278 5676 1574 5749 professam
1598 5674 1930 5730 incontinen-

335 5780 468 5831 tiam
498 5771 740 5843 generati
764 5781 884 5840 post
913 5771 1306 5826 absolutionem
1334 5768 1424 5822 lilii
1454 5765 1821 5838 prodiderunt.
1850 5763 1926 5818 De

665 5865 933 5929 l’A‘I‘ttOL.
983 5862 1253 5942 LXVIL

2041 4668 2184 4723 enim
2213 4667 2530 4732 inlirmatur,
2549 4671 2602 4718 et
2625 4677 2732 4717 non
2759 4661 3002 4716 in'irmor
3015 4661 3038 4714 ?
3053 4659 3184 4727 Quis
3207 4661 3616 4724 scandalizatur,

2041 4765 2098 4812 et
2125 4771 2226 4825 ego
2254 4770 2362 4810 non
2390 4754 2560 4808 uror?
2607 4751 2872 4805 Pl‘urimos
2900 4750 3044 4805 enim
3091 4749 3400 4804 sacerdotes
3421 4747 3617 4803 Christi

2041 4856 2204 4917 atque
2232 4846 2423 4902 levitas
2446 4853 2569 4916 post
2592 4844 2750 4912 longa
2777 4841 3200 4898 eonSecrationis
3236 4855 3345 4895 sua:
3374 4849 3616 4909 tempora

2041 4947 2151 4994 tam
2199 4937 2266 4992 de
2309 4935 2624 5005 coniugibus
2672 4933 2925 5004 propriis,
2983 4945 3142 5000 quam
3188 4930 3349 4985 etiam
3379 4929 3446 4984 de
3476 4932 3616 5001 turpi

2041 5030 2187 5085 coitu
2215 5027 2454 5082 sobolem
2482 5023 2761 5081 didicimus
2788 5033 3134 5092 procreasse:
3158 5027 3214 5073 et
3243 5019 3445 5073 crimen
3462 5035 3618 5074 suum

2039 5119 2140 5173 hac
2163 5097 2566 5187 praiscriptione
2611 5111 2923 5180 defendere,
2971 5120 3077 5180 qua
3106 5108 3159 5163 in
3181 5107 3366 5162 Veteri
3417 5105 3612 5161 Testa—

2039 5217 2222 5265 mento
2265 5205 2635 5263 sacerdotibus
2663 5220 2729 5260 ac
2772 5205 3031 5260 ministris
3059 5201 3349 5272 generandi
3390 5199 3617 5256 facultas

2038 5301 2232 5370 legitur
2258 5299 2532 5354 attributa.
2565 5295 2720 5352 Dicat
2755 5297 2887 5350 mihi
2917 5310 3086 5360 nunc,
3125 5291 3369 5361 quisquis
3414 5291 3503 5346 ille
3532 5299 3616 5346 est

2036 5400 2273 5449 sectator
2297 5389 2573 5446 libidinum
2601 5429 2617 5455 ,
2649 5397 3053 5458 pmceptorque
3079 5386 3353 5452 vitiorum,
3408 5385 3450 5440 si
3473 5385 3617 5440 msti~

2033 5491 2144 5537 mat
2182 5481 2307 5551 quia
2353 5482 2406 5535 in
2458 5481 2576 5548 lege
2612 5478 2773 5533 Musis
2825 5479 3025 5548 passim
3055 5477 3223 5533 sacris
3249 5477 3528 5532 ordinibus
3580 5494 3610 5532 a

2033 5574 2260 5630 Domino
2306 5581 2491 5628 nostro
2520 5573 2698 5625 laxata
2738 5578 2864 5625 sunt
2911 5571 3059 5624 frena
3088 5571 3331 5637 luxuriat,
3389 5585 3484 5624 cur
3512 5585 3605 5625 eos

2033 5669 2226 5739 quibus
2289 5665 2762 5722 committebantur
2811 5671 2997 5719 sancta
3073 5671 3385 5717 sanctorum
3472 5679 3608 5732 prac-

2034 5766 2218 5816 monct
2276 5757 2462 5814 dicens
2506 5773 2518 5810 :
2567 5755 2750 5812 Sancti
2794 5761 3004 5820 estote,
3061 5755 3186 5823 quia
3238 5763 3294 5808 et
3332 5769 3432 5822 ego
3479 5771 3606 5809 san-

3235 5846 3274 5906 8
