4104 6470
498 267 608 329 27.5

1799 280 2156 339 DlO-NYSIUS
2197 283 2276 338 EN
2289 284 2351 338 IG
2364 285 2517 341 UUS.

3697 307 3802 364 9.36

497 401 616 446 ctus
657 401 774 444 sum
820 388 1077 444 Dominus
1120 385 1259 444 Deus
1305 398 1488 445 vester
1553 387 1748 462 (Lee-it.
1801 397 1933 464 xx)?
1983 395 2091 450 Cur
2124 401 2167 458 Λ
2199 407 2322 464 tum,
2375 416 2474 454 non
2526 404 2842 456 march-iram
2891 404 3107 477 (Ezech.
3170 414 3337 484 κων),
3383 413 3539 482 Quod
3578 431 3802 478 secutus

498 481 660 534 etiam
715 493 846 548 prec
887 477 903 530 l
953 494 981 530 ει
1034 477 1144 532 suis
1190 479 1440 534 domibus
1495 496 1639 536 anno
1684 481 1819 539 vicis
1865 499 1976 539 sure
2037 487 2089 540 in

500 568 700 638 templo
730 567 974 621 habitare
999 565 1131 635 jussi
1181 577 1306 623 sunt
1351 571 1669 626 sacerdotes
1695 570 1850 644 (Luc.
1883 574 1962 646 1)?
1991 575 2091 630 hac

501 657 753 714 videlicet
777 657 1017 724 ratione,
1047 673 1116 714 ne
1139 660 1225 714 vel
1255 675 1378 716 eum
1409 663 1674 720 uxoribus
1721 673 1946 736 possent
1973 682 2094 722 car-

501 748 620 802 nale
642 762 897 803 exercere
943 749 1347 816 commercium,
1381 759 1442 806 ut
1481 754 1830 810 conscientiae
1874 756 2096 825 integri-

499 851 609 898 tate
660 841 923 911 fulgentes
979 844 1315 913 acceptabile
1386 845 1499 901 Deo
1554 863 1753 903 munus
1809 847 2090 905 offerrent.

498 931 704 1000 Quibus
732 932 951 1003 expleto
995 933 1380 992 deservitionis
1410 953 1520 992 sua:
1560 946 1841 1008 tempore,
1873 941 2096 997 uxorius

497 1038 625 1078 usus
647 1022 814 1080 solius
844 1024 1204 1080 successionis
1230 1039 1396 1081 causa
1427 1025 1604 1082 fuerat
1625 1027 1900 1083 relaxatus
1931 1046 1942 1082 :
1972 1029 2096 1098 quia

447 1163 454 1180 ,
494 1128 607 1170 non
629 1127 698 1169 ex
726 1114 852 1181 alia,
886 1114 988 1170 nisi
1009 1130 1074 1171 ex
1101 1116 1241 1171 tribu
1271 1117 1428 1183 Levi,
1461 1118 1748 1189 quisquam
1780 1118 1847 1174 ad
1868 1120 1965 1174 Dei
1997 1120 2096 1175 mi-

493 1203 780 1260 nisterium
834 1203 1012 1260 fuerat
1057 1216 1360 1278 praeceptus
1410 1207 1618 1263 admitti
1667 1208 1854 1280 (Nam.
1918 1211 2091 1281 xvm).

497 1290 653 1350 Unde
679 1302 735 1350 et
763 1293 1020 1350 Dominus
1044 1295 1222 1361 Jesus,
1247 1312 1368 1352 cum
1396 1312 1496 1354 nos
1525 1313 1624 1354 suo
1654 1299 1978 1355 illustrasset
2003 1300 2101 1355 ad-

495 1391 664 1440 ventu
685 1426 701 1451 ,
735 1385 789 1440 in
820 1383 1109 1456 Evangelia
1138 1396 1471 1456 protestatur
1507 1391 1632 1460 quia
1665 1392 1838 1460 legem
1889 1391 2099 1447 venerit

492 1475 726 1546 implere
745 1516 763 1542 ,
794 1491 902 1530 non
927 1477 1143 1532 solvere
1169 1476 1384 1548 (Matth.
1430 1478 1510 1544 ν).
1545 1478 1609 1533 Ει
1635 1480 1756 1535 ideo
1779 1479 2093 1547 Ecciesiam,

495 1566 652 1635 cujus
677 1581 908 1637 sponsus
929 1577 1014 1623 est
1041 1568 1322 1638 speciosus
1348 1569 1522 1624 forma
1553 1569 1770 1640 (Ep/tes.
1806 1569 1862 1643 ν)
1882 1614 1896 1638 ,
1931 1572 2095 1628 casti-

505 1659 629 1714 tatis
655 1660 826 1715 voiuit
855 1660 1145 1732 splendore
1166 1661 1380 1718 radiare
1410 1682 1424 1716 :
1458 1673 1518 1720 ut
1548 1666 1600 1719 in
1625 1665 1711 1720 die
1735 1667 1946 1737 judicii,
1975 1684 2096 1724 cum

505 1765 693 1807 rursus
719 1751 1029 1816 advenerit,
1080 1751 1198 1808 sine
1226 1754 1438 1808 macula
1504 1762 1558 1809 et
1587 1769 1718 1825 ruga
1761 1771 1881 1811 eam
1907 1759 2073 1828 possit

503 1842 644 1896 sicut
679 1855 777 1910 per
817 1843 1123 1912 apostolum
1166 1857 1321 1897 suum
1352 1844 1616 1911 instituit,
1664 1847 1922 1916 reperire.
1954 1848 2100 1914 Qua-

508 1947 630 1986 rum
659 1933 1001 1988 sanctiouum
1030 1948 1221 1989 omnes
1263 1934 1582 1993 sacerdotes
1628 1946 1790 2007 atque
1820 1939 1994 1994 levita:
2024 1941 2100 1994 in-

505 2022 720 2077 solubili
750 2014 869 2091 iege
889 2024 1335 2093 constringimur,
1361 2033 1420 2080 ut
1449 2041 1480 2080 a
1506 2027 1593 2082 die
1619 2028 1975 2084 ordinationis
2005 2044 2102 2084 no-
2180 2040 2185 2045 ‘

507 2121 634 2167 stra:
663 2112 942 2169 sobrietati
983 2129 1047 2169 ac
1076 2113 1347 2184 pudicitiae
1389 2125 1447 2172 et
1487 2118 1648 2173 corda
1677 2127 1863 2176 nostra
1894 2121 2100 2176 manci-

509 2219 717 2275 pemus,
747 2211 801 2258 et
823 2219 1052 2274 corpora
1085 2223 1097 2258 :
1127 2205 1421 2262 dummodo
1452 2223 1548 2278 per
1569 2210 1746 2264 omnia
1777 2209 1890 2266 Deo
1914 2219 2102 2268 nostro

519 2295 571 2348 in
630 2294 714 2350 his
769 2310 888 2366 qua:
928 2296 1170 2365 quotidie
1227 2296 1502 2354 offerimus
1573 2300 1851 2356 sacrificiis
1897 2301 2110 2372 placea-

519 2403 658 2441 mus.
691 2385 793 2452 Qui
843 2395 1022 2442 autem
1057 2387 1111 2442 in
1137 2385 1325 2444 carne
1380 2395 1543 2457 sunt,
1573 2388 1786 2446 dicente
1826 2391 2106 2448 electionis

511 2477 650 2533 V'ase
685 2475 863 2548 (Rom.
897 2481 1037 2548 vm),
1081 2477 1195 2534 Deo
1242 2479 1458 2549 placere
1514 2494 1621 2536 non
1666 2491 1892 2552 possunt
1943 2501 1955 2535 :
2009 2498 2106 2539 vos

516 2575 694 2623 autem
739 2567 852 2636 jam
900 2584 1008 2623 non
1059 2569 1188 2624 estis
1241 2569 1294 2624 in
1342 2584 1534 2636 carne,
1595 2571 1690 2626 sed
1737 2572 1794 2626 in
1839 2573 2031 2644 Spiritu
2085 2591 2098 2626 :

507 2659 551 2713 si
603 2667 783 2714 tamen
851 2659 1074 2730 Spiritus
1129 2658 1226 2715 Dei
1274 2661 1485 2716 habitat
1535 2662 1589 2715 in
1644 2663 1798 2716 vobis
1841 2679 1855 2726 ;
1909 2669 1962 2718 et
2011 2663 2103 2718 ubi

509 2749 732 2818 poterit,
765 2749 870 2804 nisi
922 2750 976 2803 in
1005 2750 1347 2819 corporibus,
1399 2751 1541 2805 sicut
1588 2750 1814 2821 legimus
1856 2753 2098 2824 (Sap.1),

510 2842 710 2897 sanctis
735 2840 832 2896 Dei
860 2841 1081 2912 spiritus
1121 2841 1408 2899 habitare?
1451 2842 1518 2897 Et
1547 2845 1672 2913 quia
1701 2844 1964 2915 aliquanti
1990 2885 2004 2910 ,
2036 2845 2105 2902 de
2151 2881 2158 2887 -

507 2931 700 3000 quibus
721 2933 992 3002 loquimur
1010 2933 1091 3003 (ut
1117 2939 1207 2989 tua
1229 2933 1489 2990 sanctitas
1516 2935 1745 3004 retulit),
1768 2937 2105 3005 ignoratione

510 3024 692 3093 lapsos
718 3038 838 3079 esse
867 3039 926 3080 se
947 3023 1170 3092 dell-snt,
1227 3025 1310 3080 bis
1340 3025 1441 3081 hac
1461 3026 1770 3082 conditione
1800 3027 2104 3083 misericor-

509 3113 651 3168 diam
699 3113 926 3170 dicimus
971 3130 1080 3170 non
1110 3117 1435 3186 negandum,
1469 3125 1525 3171 ut
1567 3119 1684 3174 sine
1727 3118 1836 3174 ullo
1880 3117 2102 3176 honoris
2131 3156 2174 3218 Ο

510 3215 799 3274 augmento
828 3207 881 3261 in
910 3207 1013 3263 hoc
1042 3223 1151 3278 quo
1180 3209 1380 3264 detecti
1409 3219 1552 3276 sunt,
1587 3212 1824 3280 quandiu
1845 3213 2096 3283 vixerint,

508 3292 690 3350 officio
730 3308 1114 3366 perseverent,
1159 3300 1204 3354 si
1251 3308 1430 3356 tamen
1472 3304 1709 3372 posthaec
1764 3306 2101 3364 continentes

509 3401 569 3442 se
594 3388 898 3443 studueriut
927 3390 1206 3446 exhibere.
1233 3391 1297 3446 lli
1329 3409 1457 3449 vero
1494 3395 1585 3464 qui
1614 3395 1786 3451 illiciti
1836 3397 2100 3468 privilegii

510 3478 858 3535 excusatione
880 3480 1150 3549 nituntur,
1182 3489 1236 3537 ct
1263 3481 1362 3538 sibi
1386 3494 1630 3540 asserunt
1658 3488 1829 3542 veteri
1853 3489 1954 3544 hoc
1983 3488 2100 3559 lege

510 3585 824 3626 concessum
854 3613 870 3641 ,
917 3575 1167 3628 noverint
1195 3590 1255 3630 se
1287 3576 1355 3632 ab
1405 3578 1550 3632 omni
1600 3579 1966 3637 ecclesiastico
1997 3582 2098 3637 ho-

463 3720 469 3724 _
508 3675 660 3727 nore,
689 3675 796 3730 quo
825 3661 1039 3732 indigne
1063 3665 1142 3720 usi
1180 3676 1343 3730 sunt,
1387 3669 1699 3738 apostolica:
1739 3672 1882 3727 sedis
1909 3681 2098 3729 aucto-

507 3750 666 3806 ritate
689 3751 949 3821 dejectos,
984 3770 1084 3810 nec
1113 3771 1349 3826 unquam
1398 3773 1556 3828 posse
1599 3761 1901 3817 veneranda
1933 3771 2100 3818 attre-

510 3843 647 3897 ctari
677 3846 951 3915 mysteria,
986 3862 1017 3901 a
1046 3848 1242 3917 quibus
1271 3865 1330 3905 se
1362 3851 1482 3920 ipsi,
1513 3851 1638 3906 dum
1662 3854 1909 3910 obscenis
1950 3856 2098 3925 cupi-

505 3931 760 3990 ditatibus
779 3934 1002 4003 inhiant,
1044 3938 1412 4009 privaverunt.
1446 3939 1512 3996 Et
1537 3943 1661 4012 quia
1688 3944 1933 4014 exempla
1960 3961 2097 4016 prat-

504 4026 675 4080 sentia
703 4042 898 4083 cavere
943 4043 1044 4085 nos
1071 4039 1405 4100 praemonent
1453 4034 1507 4089 in
1559 4034 1817 4102 futurum,
1866 4038 2096 4106 quilibet

503 4119 789 4188 episcopus
812 4159 827 4186 ,
851 4122 1132 4194 presbyter
1178 4132 1343 4194 atque
1369 4123 1632 4182 diaconus
1661 4126 1828 4198 (quod
1856 4143 1966 4184 non
1998 4145 2097 4201 op-

505 4206 726 4280 tamus),
751 4209 1065 4283 sideinceps
1077 4212 1239 4268 fuerit
1261 4214 1382 4276 talis
1403 4215 1674 4282 inventus,
1695 4215 1806 4286 jam
1831 4234 1974 4273 nunc
1994 4221 2096 4275 sibi

502 4314 716 4355 omnem
746 4316 844 4370 per
870 4319 970 4358 nos
999 4303 1343 4375 indulgentiae
1381 4305 1585 4362 aditum
1626 4309 1891 4381 intelligat
1937 4311 2096 4368 obse-
2137 4348 2141 4351 ι

502 4394 714 4454 ratum,
761 4391 886 4458 quia
936 4392 1080 4447 ferro
1131 4409 1356 4451 necesse
1394 4405 1478 4452 est
1519 4398 1836 4455 excidantur
1873 4401 2092 4458 vulnera

502 4491 620 4544 qum
648 4476 1007 4536 fomentorum
1033 4499 1140 4537 non
1167 4486 1435 4542 senserint
1465 4489 1806 4547 medicinam.

715 4637 796 4694 De
823 4641 1023 4695 clericis
1053 4659 1070 4695 :
1097 4644 1273 4714 quales
1303 4645 1519 4702 debeant
1554 4654 1873 4720 promoveri.

573 4753 702 4837 γιιῐ.
751 4756 1043 4816 Didicimus
1071 4763 1233 4817 etiam
1276 4764 1504 4821 licenter
1550 4782 1615 4821 ac
1647 4768 1815 4825 libere
1845 4769 2092 4842 inexplo-

496 4856 626 4904 rata:
655 4850 777 4904 vita:
805 4851 1070 4920 homines,
1103 4855 1297 4925 quibus
1351 4859 1514 4913 etiam
1569 4859 1772 4916 fuerint
1800 4877 2089 4919 numerosa

496 4942 777 5012 coniugia,
811 4945 878 5000 ad
900 4947 1150 5016 praefatus
1187 4947 1475 5020 dignitates
1503 4960 1666 5022 prout
1700 4953 2004 5023 cuicunque
2025 4955 2090 5009 li-

494 5031 673 5089 buerit
711 5036 952 5106 aspirare
977 5080 995 5107 ,
1024 5039 1168 5108 quod
1209 5056 1317 5095 non
1359 5049 1572 5097 tantum
1603 5043 1709 5102 illis
1754 5045 1847 5114 qui
1874 5045 1945 5101 ad
1973 5046 2089 5103 btec

494 5123 850 5183 immoderata
877 5130 1173 5188 ambitione
1201 5135 1528 5203 perveniunt
1553 5177 1568 5204 ,
1597 5145 1859 5206 quantum
1887 5147 2089 5195 metio-

493 5217 746 5286 politanis
771 5222 1082 5292 specialiter
1097 5224 1442 5296 pontificibus
1466 5228 1812 5299 imputamus,
1836 5231 1928 5301 qui
1957 5230 2086 5288 dum

494 5307 734 5366 inhibitis
764 5311 986 5370 ausibus
1023 5316 1350 5382 conuivent,
1393 5317 1490 5374 Dei
1537 5322 1708 5376 nostri
1737 5332 1998 5392 quantum
2033 5325 2088 5380 in

494 5412 554 5454 se
581 5409 666 5456 est
691 5412 966 5474 praecepta
997 5415 1373 5464 contemnunt.
1417 5409 1484 5465 Et
1523 5421 1582 5465 ut
1621 5420 1896 5471 taceamus
1929 5417 2076 5487 quod

494 5488 655 5546 altius
702 5493 1076 5563 suspicamur,
1121 5499 1210 5554 ubi
1259 5499 1389 5556 illud
1420 5512 1504 5558 est
1547 5505 1689 5575 quod
1728 5506 1870 5562 Deus
1897 5517 2082 5564 noster

491 5579 616 5634 data
631 5597 728 5651 per
743 5582 927 5642 Mosen
944 5588 1062 5658 lege
1088 5591 1387 5658 constituit,
1405 5592 1606 5663 dicens,
1642 5596 1949 5653 Sacerdotes
1982 5602 2079 5655 mei

491 5672 649 5725 semel
693 5675 888 5731 nubant
935 5676 1123 5748 (Leuit.
1172 5680 1322 5751 ut)?
1366 5692 1423 5739 et
1466 5685 1574 5740 alio
1625 5687 1768 5753 loco,
1820 5688 2078 5744 Sacerdos

493 5777 706 5819 uxorem
744 5768 990 5837 virginem
1030 5773 1283 5841 accipiat,
1317 5791 1419 5830 non
1446 5777 1650 5831 uiduam
1669 5818 1687 5844 ,
1710 5793 1811 5832 non
1835 5780 2078 5845 repudia-

2081 1799 2095 1824 ’
2135 1789 2179 1847 Β
2207 1794 2468 1850 lectorum
2515 1797 2678 1854 debet
2722 1799 3024 1858 ministerio
3063 1804 3281 1872 sociari,

2116 4529 2168 4588 D

2199 491 2486 556 Apostolus
2515 493 2570 566 (Ι
2640 494 2859 552 Timoth.
2897 499 2976 573 In)
3027 519 3093 558 ex
3123 517 3474 575 persecutore
3521 513 3796 580 praedica-

2200 589 2307 649 tor,
2338 582 2498 637 unius
2527 587 2710 641 uxoris
2736 588 2911 644 virum
2941 600 3051 646 tam
3105 597 3446 653 sacerdotem
3488 613 3646 669 quam
3681 603 3799 657 dia-

2200 687 2395 728 conum
2448 673 2562 732 ﬁeri
2598 677 2796 734 debere
2827 683 3120 739 mandavit.
3153 685 3282 753 Quae
3329 691 3512 745 omnia
3535 675 3616 746 lita
3646 709 3674 747 a
3709 711 3800 749 ve-

2199 773 2432 847 strarum
2463 770 2740 838 regionum
2785 773 3161 844 despiciuntur
3208 782 3500 853 episcopis,
3557 787 3711 856 quasi
3744 787 3797 840 in

2201 860 2534 914 contrarium
2564 863 2734 932 magis
2761 864 2959 920 fuerint
2989 871 3304 926 constituta.
3327 871 3391 926 Et
3419 875 3544 945 quia
3577 893 3682 932 non
3716 888 3802 934 est

2204 948 2358 1004 nobis
2382 950 2448 1006 de
2475 951 2782 1021 huiusmodi
2809 959 3248 1027 usurpationibus
3277 963 3653 1032 negiigcndum
3681 1009 3695 1033 ,
3732 985 3803 1024 ne

2202 1053 2300 1093 nos
2343 1039 2670 1108 indignantis
2701 1044 2916 1102 Domini
2965 1064 3069 1103 vox
3093 1049 3239 1119 justa
3264 1054 3543 1124 corripiat,
3573 1073 3693 1126 qua:
3719 1060 3802 1114 di—

2203 1127 2278 1182 cit
2311 1148 2322 1182 :
2367 1131 2585 1188 Videbat;
2617 1136 2801 1206 furem,
2847 1147 2896 1191 et
2923 1139 3165 1194 currebas
3194 1159 3308 1196 cum
3343 1161 3402 1198 eo
3427 1184 3443 1210 ,
3494 1156 3542 1200 et
3570 1149 3799 1218 ponebas

2205 1228 2343 1276 tuam
2366 1239 2479 1278 cum
2500 1225 2749 1282 adulteris
2770 1233 3057 1299 portionem
3079 1231 3305 1304 (Psalm.
3338 1236 3488 1308 xux)
3514 1279 3530 1307 ,
3573 1239 3702 1309 quid
3732 1242 3802 1294 ab

2203 1311 2466 1370 universis
2513 1317 2756 1386 posthaec
2808 1319 3068 1377 Ecclesiis
3125 1327 3457 1395 sequendum
3505 1330 3608 1396 sit,
3671 1334 3800 1401 quid

2203 1404 2502 1472 vitandum,
2535 1411 2775 1478 generali
2806 1414 3245 1482 pronuntiatione
3273 1417 3633 1478 decernimus.

2585 1521 2665 1577 De
2685 1524 2989 1581 clericorum
3019 1525 3424 1586 conversatione.
3467 1593 3470 1596 ,

2275 1603 2368 1664 ΙΧ.
2402 1611 2724 1683 Quicunque
2750 1615 2934 1685 itaque
2959 1633 3018 1674 se
3039 1618 3297 1676 Ecclesia:
3325 1625 3476 1679 vovit
3503 1625 3797 1697 obsequiis,

2209 1719 2239 1757 a
2268 1718 2364 1759 sua
2412 1705 2634 1761 infantia
2675 1715 2801 1764 ante
2847 1711 3148 1779 pubertatis
3187 1729 3360 1772 annos
3401 1717 3704 1788 baptizari,
3744 1730 3800 1776 et

3339 1809 3431 1879 qui
3480 1810 3548 1866 ab
3576 1826 3801 1868 accessu

2210 1883 2588 1942 adolescentia:
2620 1903 2787 1958 usque
2814 1891 2882 1947 ad
2928 1893 3258 1951 tricesimum
3284 1901 3463 1955 aetatis
3488 1915 3686 1966 annum
3709 1941 3729 1968 ,
3755 1904 3799 1959 si

2207 1977 2558 2046 probabiliter
2583 1981 2812 2050 vixerit,
2846 1999 2954 2037 una
2983 1993 3215 2056 tantum,
3247 1995 3303 2044 et
3329 2005 3394 2044 ea
3437 2005 3601 2060 quam
3633 1993 3798 2062 virgi-

2211 2083 2332 2124 nem
2361 2073 2633 2128 communi
2655 2089 2752 2145 per
2778 2077 3118 2133 sacerdotem
3144 2079 3522 2139 benedictione
3544 2100 3799 2156 percepe~

2208 2160 2299 2227 rit,
2332 2177 2499 2216 uxore
2530 2173 2849 2234 contentus,
2880 2168 3164 2238 acolythus
3189 2179 3245 2226 et
3272 2172 3634 2230 subdiaconus
3678 2191 3800 2232 csse

2208 2250 2444 2318 debebit,
2498 2265 2620 2324 post
2647 2271 2767 2326 qua:
2795 2259 2861 2312 ad
2906 2260 3137 2316 diaconii
3166 2263 3410 2331 gradum,
3460 2266 3503 2322 si
3544 2282 3606 2323 se
3661 2269 3800 2337 ipse,

2205 2344 2454 2413 primitus
2475 2348 2802 2403 continentia
2830 2361 3125 2420 praeeunte,
3155 2352 3378 2422 dignum
3410 2359 3679 2426 probarit,
3713 2376 3798 2414 ae-

2207 2441 2377 2495 cedat.
2415 2440 2515 2497 Ubi
2547 2444 2592 2498 si
2625 2445 2767 2500 ultra
2809 2447 3048 2518 quinque
3094 2464 3266 2505 annos
3311 2451 3652 2509 laudabiliter
3693 2456 3798 2510 mi-

2208 2529 2554 2598 nistraverit,
2605 2547 2844 2602 congrue
2887 2536 3283 2608 presbyterium
3336 2551 3716 2610 consequetur,
3742 2552 3798 2598 ct

2205 2619 2398 2676 exinde
2444 2632 2566 2691 post
2594 2622 2916 2680 decennium
2961 2627 3322 2698 episcopalem
3352 2629 3664 2685 cathedram
3695 2647 3796 2700 po-

2209 2709 2336 2763 terit
2362 2709 2583 2778 adipisci
2620 2729 2632 2764 :
2665 2713 2709 2766 si
2754 2721 2931 2769 tamen
2961 2731 3058 2784 per
3087 2717 3201 2773 haec
3247 2726 3492 2789 tempora
3517 2720 3799 2789 integritas

2205 2799 2324 2852 vitae
2345 2815 2409 2854 ac
2439 2801 2559 2854 fidei
2588 2802 2702 2870 ejus
2733 2801 2892 2858 fuerit
2922 2806 3242 2875 approbata.

2795 2914 2874 2969 De
2902 2917 3217 2986 grandaevis.

2279 3001 2347 3058 Χ.
2364 3003 2463 3070 Qui
2476 3021 2606 3060 vero
2627 3005 2737 3075 jam
2765 3001 3256 3076 mtate’grandtcvus
3280 3008 3519 3065 melioris
3528 3009 3793 3079 propositi

2208 3095 2620 3151 conversatione
2664 3105 2990 3166 provocatus
3018 3113 3086 3152 ex
3127 3099 3270 3154 laico
3295 3099 3362 3153 ad
3403 3113 3614 3154 sacram
3657 3101 3794 3155 mili-

2206 3185 2332 3239 tiam
2365 3189 2648 3256 pervenire
2678 3188 2916 3256 festinat,
2985 3191 3235 3247 desiderii
3281 3192 3366 3248 sui
3415 3192 3646 3250 fructum
3682 3209 3793 3249 non

2205 3276 2361 3331 aliter
2415 3278 2719 3345 obtinebit,
2773 3280 2874 3334 nisi
2926 3296 2993 3336 eo
3039 3296 3147 3350 quo
3199 3283 3502 3353 baptizatur
3549 3294 3796 3354 tempore

2202 3369 2383 3423 statim
2413 3369 2677 3425 lectorum
2703 3379 2796 3425 aut
2824 3371 3214 3428 exoreistarum
3257 3389 3482 3430 numero
3511 3377 3748 3432 societur
3777 3393 3792 3431 :

2201 3459 2246 3514 si
2277 3467 2454 3514 tamen
2485 3475 2608 3516 eum
2642 3478 2804 3517 unam
2850 3463 3100 3520 habuisse
3144 3466 3229 3521 vel
3261 3465 3494 3530 habere,
3546 3476 3601 3522 et
3655 3468 3794 3522 hanc

2201 3551 2460 3620 virginem
2514 3555 2786 3625 accepisse
2836 3563 3047 3612 constet
3096 3573 3340 3612 uxorem.
3389 3557 3490 3624 Qui
3533 3557 3658 3612 dum
3690 3559 3792 3614 ini-

2201 3640 2363 3695 tiatus
2412 3640 2592 3709 fuerit,
2647 3645 2864 3715 expleto
2918 3646 3159 3713 biennio,
3221 3664 3318 3718 per
3361 3650 3789 3719 quinquennium

2201 3729 2346 3785 aliud
2379 3733 2659 3803 acolythus
2688 3743 2742 3789 et
2797 3736 3155 3793 subdiaconus
3207 3740 3336 3806 fiat,
3393 3748 3448 3794 et
3474 3741 3551 3793 sic
3576 3739 3642 3794 ad
3671 3739 3787 3794 dia-

2198 3829 2474 3890 conatum,
2495 3824 2539 3877 si
2573 3839 2668 3894 per
2691 3825 2805 3880 haec
2834 3835 3078 3897 tempora
3100 3829 3292 3897 dignus
3308 3829 3575 3900 judicatus
3603 3828 3789 3900 fuerit,

2197 3916 2547 3984 provehatur.
2593 3915 2800 3974 Exinde
2820 3919 2931 3989 jam
2963 3935 3184 3976 accessu
3222 3929 3521 3992 temporum
3561 3923 3788 3993 presby-

2151 4018 2158 4025 '
2199 4005 2393 4060 torium
2424 4005 2508 4060 vel
2533 4007 2939 4078 episcopatum,
2968 4013 3012 4065 si
3053 4026 3174 4066 cum
3206 4013 3333 4068 cieri
3362 4028 3425 4068 ac
3458 4013 3627 4084 plebis
3656 4027 3787 4068 evo-

2197 4098 2337 4151 carit
2365 4097 2580 4162 electio,
2612 4109 2720 4154 non
2751 4099 3023 4157 immerito
3045 4104 3322 4158 sortietur.

2234 4205 2383 4273 Quod
2411 4209 2626 4265 clericus
2657 4214 2741 4282 qui
2772 4214 3051 4268 secundam
3091 4232 3303 4270 uxorem
3341 4217 3546 4272 duxerit
3585 4217 3747 4284 depo-

2903 4293 3074 4338 natur.

2267 4368 2356 4424 XI.
2396 4371 2647 4441 Quisquis
2675 4386 2805 4427 sane
2834 4372 3063 4430 clericus
3103 4384 3196 4430 aut
3236 4377 3446 4431 viduam
3468 4420 3481 4441 ,
3513 4386 3605 4434 aut
3628 4390 3781 4437 certe

2195 4460 2494 4515 secundam
2517 4461 2802 4531 conjugem
2852 4462 3083 4534 duxerit,
3116 4467 3262 4520 omni
3291 4467 3670 4526 ecclesiastica:
3698 4473 3779 4526 di-

2195 4550 2414 4618 gnitatis
2446 4551 2726 4620 privilegio
2772 4569 2898 4608 mox
2939 4554 3190 4622 nudetur,
3243 4557 3372 4613 laica
3425 4567 3632 4614 tantum
3680 4562 3782 4617 sibi

2197 4641 2578 4696 communione
2604 4657 2880 4712 concessa,
2907 4659 3068 4715 quam
3095 4647 3168 4701 ita
3195 4648 3409 4704 demum
3438 4651 3636 4720 poterit
3657 4667 3782 4723 pos-

2194 4731 2392 4799 sidere,
2419 4732 2464 4789 si
2513 4733 2645 4789 nihil
2677 4743 2866 4806 postea
2892 4780 2908 4806 ,
2939 4747 3161 4809 propter
3189 4740 3333 4810 quod
3373 4743 3513 4798 hanc
3561 4745 3777 4815 perdat.

2123 4837 2126 4841 '
2195 4819 2464 4877 admittat.

2479 4941 2609 5007 Quae
2629 4945 2837 5015 femina:
2857 4962 2972 4999 cum
3012 4946 3214 5002 clericis
3239 4948 3490 5003 habitent.

2265 5029 2377 5085 ΧΠ.
2419 5032 2669 5101 Feminas
2695 5050 2826 5091 vero
2857 5052 2965 5092 non
3006 5036 3138 5096 alias
3167 5054 3285 5094 esse
3310 5042 3546 5111 patimur
3588 5043 3644 5097 in
3677 5043 3780 5098 do-

2191 5123 2366 5181 mibus
2410 5125 2774 5194 clericorum,
2827 5130 2928 5185 nisi
2979 5145 3072 5186 eas
3122 5139 3327 5187 tantum
3367 5148 3502 5203 quas
3557 5143 3779 5205 propter

2190 5213 2336 5270 solas
2385 5217 2843 5273 necessitudinum
2871 5235 3064 5277 causas
3110 5221 3356 5279 habitare
3398 5237 3523 5278 cum
3573 5223 3778 5281 eisdem

2190 5307 2426 5374 synodus
2456 5308 2672 5365 Nicacna
2702 5312 2964 5380 permisit.

2557 5423 2636 5477 De
2665 5427 3033 5482 monachorum
3056 5432 3395 5499 promotione.

2264 5510 2395 5566 Xlll.
2425 5512 2720 5572 Monachos
2758 5532 3008 5587 quoque,
3036 5534 3173 5590 quos
3206 5528 3383 5576 tamen
3412 5538 3623 5578 morum
3650 5538 3777 5592 gra—

2190 5600 2344 5668 vitas,
2373 5612 2428 5658 et
2457 5604 2580 5659 vitae
2630 5621 2694 5662 ac
2722 5607 2843 5664 fidei
2897 5610 3163 5667 institutio
3190 5623 3374 5668 sancta
3407 5616 3774 5680 commendat,

2188 5693 2506 5750 clericorum
2535 5699 2726 5755 olliciis
2752 5706 3028 5774 aggregari
3059 5714 3112 5760 et
3129 5715 3396 5776 optamus,
3423 5717 3478 5763 et
3495 5711 3770 5764 volumus:

2187 5783 2260 5840 ita
2287 5793 2343 5840 ut
2369 5787 2458 5849 qui
2483 5788 2619 5845 intra
2647 5793 2971 5850 tricesimum
2994 5799 3164 5853 mtatis
3193 5813 3394 5855 annum
3413 5807 3564 5858 sunt.
3595 5801 3646 5856 in
3671 5802 3769 5860 mi—
