4104 6484
338 348 439 407 9.37

1376 332 1749 402 COLLECTIO
1783 344 2247 403 DECRETORUM
2292 345 2390 401 rp.
2438 345 2553 402 an.

3515 347 3619 402 938

344 468 563 523 noi’b'ls
606 481 704 537 per
726 464 923 535 gradus
947 463 1184 534 singulos
1220 474 1499 519 crescente
1530 472 1772 533 tempore
1800 478 1926 531 pro-
1963 463 2006 521 Α
2036 470 2220 516 contra
2245 477 2479 517 canones
2503 470 2553 515 et
2580 459 2860 515 interdicta
2894 468 3074 515 nostra
3098 458 3464 531 provexerint,
3489 477 3616 516 con-

340 569 655 611 moveantur
712 555 1021 619 ordinibus,
1054 565 1105 611 ct
1127 555 1205 610 sic
1236 555 1300 609 ad
1327 556 1641 609 diaconatus
1667 554 1750 609 vel
1781 568 1929 623 pres—

340 646 527 721 byterii
560 644 789 718 insignia
824 644 1047 701 matura:
1076 642 1249 701 mlatis
1287 646 1695 702 consecratione
1736 648 1928 715 perve—

342 742 509 805 niaut,
545 754 647 793 nec
669 737 850 793 statim
881 737 1022 793 saltu
1052 734 1119 791 ad
1149 737 1489 806 episcopatus
1514 735 1722 790 culmen
1746 750 1933 789 ascen-

341 831 503 897 dant,
548 828 650 884 nisi
685 828 742 883 in
784 826 870 884 bis
924 827 1112 884 eadem
1149 842 1269 897 quae
1311 826 1532 894 singulis
1578 826 1931 895 dignitatibus

342 921 589 991 superius
617 918 968 990 praebuimus,
1001 926 1248 989 tempora
1278 917 1476 973 fuerint
1497 915 1789 972 custodita.

668 1024 818 1091 Quod
840 1027 1090 1094 paenitens
1120 1042 1221 1080 non
1251 1026 1347 1097 ﬁat
1375 1027 1607 1083 clericus.

412 1115 547 1169 ΧΠ.
574 1112 709 1169 Illud
734 1128 951 1185 quoque
979 1129 1080 1168 nos
1104 1129 1206 1184 par
1232 1114 1333 1169 fuit
1360 1116 1647 1185 providere
1678 1120 1755 1181 ut,
1791 1118 1933 1173 sicut

342 1204 722 1276 paenitentiam
762 1212 923 1272 agere
953 1204 1202 1273 cuiquam
1232 1220 1339 1259 non
1370 1206 1686 1261 conceditur
1709 1208 1934 1263 clerico-

339 1311 483 1360 rum,
539 1297 612 1347 ita
656 1298 865 1363 etpost
906 1293 1297 1361 pmnitudinem
1342 1309 1406 1348 ac
1436 1290 1933 1352 reconciliationem

345 1386 475 1440 nulli
495 1399 729 1454 unquam
751 1382 890 1438 laico
916 1383 1079 1438 liceat
1098 1383 1360 1439 honorem
1384 1382 1669 1441 clericatus
1691 1380 1933 1456 adipisci,

344 1480 473 1549 quia
514 1477 758 1549 quamvis
802 1477 914 1532 sint
957 1477 1196 1531 omnium
1222 1484 1571 1547 peccatorum
1613 1480 1935 1547 contagione

346 1569 611 1636 mundati,
644 1567 786 1622 nulla
812 1576 988 1623 tamen
1012 1562 1209 1622 debent
1237 1568 1595 1636 gerendorum
1626 1584 1934 1627 sacramen-

347 1662 523 1713 torum
555 1656 908 1712 instrdmenta
935 1658 1231 1727 suscipere,
1253 1659 1343 1727 qui
1366 1657 1565 1714 dudum
1589 1661 1787 1717 fuerint
1809 1677 1935 1717 vasa

346 1748 621 1802 vitiorum.

351 1862 421 1917 Ut
451 1865 500 1935 si
534 1881 625 1930 per
670 1863 1025 1935 ignorantiam
1052 1867 1125 1917 vel
1156 1864 1430 1931 paenitens,
1456 1866 1533 1918 vel
1557 1868 1812 1935 digamus,
1846 1876 1931 1917 aut

418 1933 582 1987 vidua:
634 1933 854 1986 maritus
907 1934 1079 1986 clerici
1129 1934 1254 2003 facti
1304 1935 1532 2005 fuerint,
1584 1933 1685 1988 non
1727 1953 1935 2005 promo-

418 2012 654 2056 reantur.

420 2092 532 2147 XV.
568 2092 634 2147 Et
662 2093 787 2163 quia
819 2094 902 2147 bis
927 2093 1174 2148 omnibus
1201 2096 1321 2164 quae
1354 2095 1405 2149 in
1459 2097 1935 2166 reprehensionem

347 2183 608 2249 veniunt,
640 2183 755 2239 sola
782 2183 1062 2239 excusatio
1093 2182 1445 2252 ignorationis
1472 2184 1822 2259 obtenditur,
1852 2190 1938 2242 cui

352 2288 450 2327 nos
481 2274 691 2328 interim
717 2271 885 2328 solius
905 2273 1119 2343 pietatis
1142 2273 1336 2328 intuitu
1356 2288 1577 2330 necesse
1598 2283 1680 2330 est
1703 2276 1939 2331 clemen-

352 2374 437 2419 ter
476 2364 791 2432 ignoscere,
844 2364 1149 2433 quiCunquc
1180 2366 1482 2435 paenitens,
1514 2366 1825 2439 quicunque
1855 2368 1939 2424 di-

350 2471 539 2525 gamus
563 2498 579 2523 ,
609 2457 919 2527 quicunque
969 2456 1143 2512 viduae
1182 2458 1406 2512 maritus
1444 2457 1513 2512 ad
1561 2474 1772 2514 sacram
1795 2461 1937 2516 mili-

351 2550 482 2603 tiam
522 2548 757 2605 indebite
801 2557 856 2604 et
908 2546 1357 2619 incompetenter‘
1384 2550 1641 2621 irrepsit,
1695 2552 1796 2608 bac
1839 2544 1939 2609 sibi

349 2639 664 2695 conditione
707 2656 739 2694 a
779 2640 936 2696 nobis
982 2642 1195 2696 veniam
1226 2642 1487 2711 intelligat
1516 2643 1832 2711 relaxatam,
1881 2640 1939 2701 ut

351 2730 405 2783 in
432 2743 629 2797 magno
672 2728 870 2785 debeat
908 2738 1226 2801 computare
1269 2731 1568 2799 beneficio,
1596 2733 1643 2789 si
1690 2734 1937 2805 adempta

349 2820 453 2875 sibi
481 2821 628 2875 omni
658 2836 753 2891 spe
777 2822 1154 2891 promotionis,
1181 2822 1234 2876 in
1256 2823 1359 2878 hoc
1387 2837 1494 2892 quo
1523 2824 1827 2881 invenietur
1850 2842 1940 2882 or-

350 2911 496 2976 dine,
528 2922 787 2983 perpetua
816 2913 1108 2967 stabilitate
1120 2922 1471 2984 permaneat:
1500 2914 1682 2971 scituri
1710 2918 1936 2986 posthac

352 3003 750 3073 provinciarum
766 3004 1007 3059 omnium
1030 3005 1225 3060 summi
1246 3006 1529 3072 antistites,
1558 3007 1700 3076 quod
1728 3007 1775 3063 si
1797 3007 1936 3063 ultra

352 3090 421 3147 ad
464 3109 651 3149 sacros
678 3093 899 3149 ordines
924 3108 1249 3165 quemquam
1278 3095 1345 3151 de
1377 3096 1574 3151 talibus
1608 3097 1937 3153 crediderint

2038 567 2222 619 gruam
2254 552 2320 607 ab
2351 551 2644 622 apostolica
2678 551 2807 605 sede
2854 553 3203 621 promendam
3250 556 3369 606 esse
3398 558 3617 607 senten-

2038 643 2184 695 tiam.
2236 641 2619 712 Explicuimus,
2672 649 2731 695 nt
2779 636 3032 707 arbitror,
3085 632 3252 695 frater
3288 640 3620 705 cha'rissime,

2036 732 2283 786 universa
2331 744 2451 801 qua)
2487 733 2690 800 digeSta
2718 736 2844 787 sunt
2883 732 2934 785 in
2964 731 3239 800 querelam
3262 770 3278 795 ,
3310 740 3366 788 et
3413 734 3477 788 su
3508 735 3620 788 sin-

2035 812 2188 891 gulas
2216 838 2406 877 causas
2433 864 2448 890 ,
2476 823 2543 877 de
2570 823 2765 892 quibus
2809 836 2906 892 per
2933 822 3099 877 illium
3128 828 3371 878 noStrum
3412 822 3623 879 Bassia-

2036 924 2163 964 num
2176 911 2549 982 presbyterum
2571 912 2637 965 ad
2667 911 2967 966 Romanam
2989 911 3312 979 Ecclesiam,
3335 922 3396 968 ut
3410 920 3538 984 pote
3559 917 3625 969 ad

2037 1008 2197 1070 caput
2228 1004 2305 1056 tui
2333 1002 2577 1070 COrporis
2600 1044 2614 1065 ,
2660 1001 2889 1057 retulisti
2914 1040 2930 1069 ,
2960 1000 3275 1058 sufﬁcientia
3302 1042 3317 1065 ,
3363 1014 3622 1074 quantum

2037 1091 2251 1160 opinor,
2282 1098 2539 1159 responsa
2570 1091 2895 1148 reddidimus
2929 1110 2943 1145 :
2971 1102 3117 1145 nunc
3141 1091 3492 1149 fraternitatis
3523 1103 3626 1149 ture

2038 1181 2275 1235 animum
2304 1182 2370 1235 ad
2398 1181 2689 1238 servandos
2714 1196 2954 1237 canones
2981 1190 3038 1236 et
3071 1174 3305 1237 tollenda
3334 1183 3625 1239 decretalia

2038 1272 2332 1326 constituta
2372 1271 2544 1339 magis
2571 1285 2634 1325 ac
2656 1272 2825 1339 magis
2855 1270 3155 1327 incitemus.
3182 1270 3253 1326 Ut
3280 1273 3394 1329 [nec
3418 1282 3538 1343 qum
3556 1276 3627 1327 ad

2039 1370 2127 1415 tua
2147 1361 2393 1416 consulta
2414 1361 2805 1430 rescripsimus,
2842 1361 2896 1416 in
2921 1362 3158 1417 omnium
3178 1364 3625 1434 coepiscoporum

2041 1462 2347 1507 nostrorum
2398 1454 2624 1522 perferri
2668 1450 2836 1508 facias
2885 1454 3185 1519 notionem,
3234 1463 3291 1510 et
3320 1470 3427 1510 non
3452 1457 3625 1511 solum

2038 1552 2227 1599 eorum
2266 1546 2355 1612 qui
2386 1544 2439 1597 in
2471 1550 2559 1603 tua
2588 1552 2715 1598 sunt
2765 1544 2982 1600 dimeesi
3006 1546 3317 1613 constituti,
3344 1546 3438 1601 sed
3463 1549 3627 1602 etiam
3709 1598 3715 1604 .

2041 1636 2106 1690 ad
2162 1638 2444 1691 universos
2475 1636 2949 1703 Carthaginienses
2977 1651 3039 1691 ac
3067 1637 3315 1702 Baeticos,
3346 1638 3630 1695 Lusitanos

2041 1738 2202 1798 atque
2247 1728 2523 1795 Gallicos,
2565 1728 2649 1782 vel
2679 1742 2774 1782 eos
2814 1728 2905 1797 qui
2960 1728 3149 1784 vicinis
3178 1729 3272 1783 tibi
3310 1730 3630 1786 collimitant

1968 1832 2011 1894 Β
2042 1819 2165 1872 hinc
2217 1810 2339 1873 inde
2388 1819 2675 1889 provinciis
2714 1818 2835 1873 hinc
2879 1831 3000 1887 qua:
3028 1834 3058 1873 a
3097 1820 3252 1874 nobis
3280 1830 3406 1875 sunt
3434 1822 3630 1877 salubri

2043 1909 2379 1963 ordinatione
2419 1908 2710 1977 disposita,
2751 1908 2850 1965 sub
2880 1909 3179 1965 litterarum
3207 1920 3415 1966 tuarum
3443 1928 3631 1984 prose-

2042 2001 2258 2055 cutione
2280 2000 2581 2054 mittantur.
2611 1999 2677 2053 Et
2700 2014 3008 2070 quanquam
3030 2010 3229 2057 statuta
3251 2003 3393 2059 sedis
3421 2014 3633 2073 aposto-

2042 2092 2184 2158 liceo,
2216 2091 2303 2146 vel
2323 2105 2591 2146 canonum
2620 2091 2947 2146 venerabilia
2976 2092 3194 2147 definita
3220 2093 3352 2148 nulli
3378 2097 3631 2150 sacerdo-

2044 2191 2155 2236 tum
2188 2182 2400 2236 Domini
2429 2182 2677 2250 ignorare
2704 2183 2775 2236 sit
2802 2182 3052 2247 liberum,
3112 2193 3170 2238 ut
3202 2183 3342 2239 illius
3373 2192 3552 2241 tamen
3578 2198 3631 2240 et

2041 2288 2139 2341 pro
2168 2273 2492 2343 antiquitate
2519 2273 2809 2328 sacerdotii
2840 2275 2914 2327 tui
2944 2274 3221 2329 dilectioni
3252 2284 3356 2329 tua:
3383 2290 3504 2332 esse
3531 2277 3627 2331 ad-

2041 2362 2260 2431 modum
2289 2364 2490 2434 poterit
2515 2364 2810 2433 gloriosum
2835 2407 2851 2432 ,
2907 2367 2953 2420 si
2979 2380 3044 2420 ea
3085 2380 3206 2435 qua:
3233 2366 3300 2421 ad
3331 2376 3384 2423 te
3410 2370 3630 2438 speciali

2042 2455 2259 2509 nomine
2312 2455 2637 2523 generaliter
2674 2455 2873 2524 scripta
2928 2464 3070 2520 sunt,
3123 2470 3220 2525 per
3262 2458 3630 2514 unanimitatis

2041 2553 2146 2599 tuae
2190 2545 2610 2600 sollicitudinem
2657 2547 2711 2616 in
2758 2546 3130 2602 universorum
3163 2546 3389 2605 fratrum
3417 2560 3630 2606 nostro-

2042 2650 2158 2689 rum
2188 2636 2434 2691 notitiam
2464 2633 2824 2705 perferantur,
2853 2644 3121 2704 quatenus
3166 2646 3224 2692 et
3267 2651 3388 2706 quae
3413 2654 3445 2695 a
3474 2641 3629 2695 nobis

2043 2741 2149 2781 non
2194 2726 2531 2792 inconsulte,
2582 2726 2677 2781 sed
2719 2726 2944 2796 provide
2969 2727 3070 2782 sub
3101 2728 3265 2783 nimia
3313 2732 3527 2787 cautela
3574 2744 3629 2788 et

2040 2818 2433 2873 deliberatione
2461 2826 2588 2871 sunt
2630 2825 2685 2874 et
2731 2817 3017 2873 salubriter
3056 2821 3367 2887 constituta,
3398 2823 3627 2881 inteme-

2040 2917 2155 2962 rata
2184 2918 2557 2978 permaneant,
2588 2916 2643 2963 et
2669 2909 2920 2965 omnibus
2947 2909 3000 2962 in
3023 2918 3294 2978 posterum
3323 2918 3626 2972 excusatio-

2040 2999 2197 3054 nibus
2237 2998 2414 3056 aditus
2436 3038 2451 3064 ,
2475 2999 2569 3068 qui
2595 2997 2707 3068 jam
2729 3000 2860 3054 nulli
2888 2999 3028 3069 apud
3056 3016 3156 3055 nos
3182 3011 3370 3072 patere
3398 3008 3623 3075 poterit,

2040 3090 2367 3146 obstruatur.
2394 3090 2524 3147 Data
2551 3104 2609 3144 in
2640 3089 2759 3145 idus
2779 3089 3091 3155 Februarii,
3123 3091 3357 3149 Arcadio
3373 3103 3431 3151 et
3453 3095 3625 3155 Bauto

350 3184 767 3252 assumendum,
802 3193 856 3240 et
1021 3162 1121 3242 suo
1161 3192 1217 3242 et
1262 3184 1330 3242 de
1381 3200 1568 3242 eorum
1608 3194 1751 3241 statu
1799 3202 1935 3256 quos
1963 3196 2009 3263 ρ
2040 3199 2125 3237 vv.
2156 3196 2240 3238 ec.
2266 3197 2444 3237 conss.
2468 3182 2596 3254 (An.
2616 3178 2810 3235 Christi
2836 3162 2988 3251 583.)

630 3323 638 3325 _
760 3323 783 3327 ,,
900 3323 943 3327 ,.
1124 3326 1129 3329 ,
1558 3324 1559 3327 η
1610 3324 1615 3329 .
2764 3327 2807 3357 Ι,
2936 3330 2939 3333 -
2990 3324 2993 3329 ¹
3042 3332 3045 3335 ι
3098 3328 3101 3333 ι
3156 3326 3157 3331 ‘
3242 3324 3561 3340 Γιὶ-.‹οιενου¹,ιιι-

1395 3422 1765 3486 DECRETA
1814 3412 2272 3491 INNOCENTII
2322 3402 2599 3488 eam.

418 3628 763 3683 Innocentius
798 3626 1057 3682 Decentio
1097 3629 1353 3697 episcopo
1375 3625 1657 3697 Eugubino
1682 3629 1931 3684 salutem.

420 3719 477 3773 Si
508 3718 748 3772 instituta
771 3716 1157 3783 ecclesiastica,
1192 3724 1248 3769 ut
1270 3716 1393 3771 sunt
1420 3733 1450 3771 a
1474 3716 1649 3771 beatis
1678 3718 1938 3788 apostolis

348 3811 583 3875 tradita,
617 3810 824 3878 integra
844 3808 1046 3863 vellent
1092 3814 1308 3863 servare
1350 3808 1563 3864 Domini
1603 3807 1936 3875 sacerdotes,

350 3904 497 3958 nulla
525 3902 803 3957 diversitas
823 3939 840 3966 ,
865 3900 1010 3955 nulla
1040 3900 1270 3955 varietas
1299 3899 1350 3954 iu
1382 3899 1512 3970 ipsis
1561 3896 1837 3956 ordinibus
1877 3917 1941 3957 ac

348 3991 852 4048 consecrationibus
891 3991 1203 4047 haberetur.
1248 3989 1357 4045 Sed
1381 3990 1507 4045 dum
1549 3991 1934 4062 unusquisque,

352 4099 461 4138 non
490 4084 635 4155 quod
684 4081 938 4137 traditum
985 4080 1099 4147 est,
1127 4082 1219 4137 sed
1248 4082 1391 4151 quod
1417 4080 1519 4138 sibi
1543 4083 1716 4137 visum
1756 4080 1938 4151 fuerit,

348 4175 457 4229 hoc
482 4175 756 4229 existimat
784 4188 903 4228 esse
926 4173 1235 4241 tenendum,
1263 4173 1385 4229 inde
1408 4171 1618 4231 diversa
1643 4172 1696 4228 in
1717 4174 1941 4232 diversis

350 4267 485 4321 locis
512 4264 598 4321 vd
625 4264 882 4322 Ecclesiis
914 4274 1008 4319 aut
1046 4265 1220 4320 teneri
1261 4275 1353 4321 aut
1379 4267 1639 4322 celebrari
1669 4264 1940 4332 videntur,

348 4371 415 4409 ac
442 4355 501 4407 fit
522 4353 830 4410 scandalum
854 4354 1089 4426 populis,
1104 4354 1194 4425 qui
1216 4354 1343 4411 dum
1366 4354 1609 4411 nesciunt
1631 4356 1944 4414 traditiones

346 4447 599 4514 antiquas
641 4448 873 4500 humana
922 4447 1339 4517 prmsumptione
1395 4457 1698 4519 corruptas,
1749 4452 1941 4520 putant

2042 3644 2201 3684 mana
2240 3622 2511 3694 custodit,
2553 3642 2583 3681 a
2611 3642 2719 3696 qua
2741 3643 2836 3683 eos
2863 3627 3183 3698 principium
3210 3637 3487 3704 accepisse
3513 3654 3621 3696 non

2042 3714 2261 3775 dubium
2304 3726 2409 3787 est,
2457 3733 2528 3773 ne
2574 3717 2701 3773 dum
2743 3714 3039 3789 peregrinis
3079 3724 3463 3783 assertionibus
3508 3739 3622 3784 stu-

2042 3811 2226 3878 deant,
2257 3818 2418 3879 caput
2440 3806 2837 3865 institutionum
2863 3809 3149 3865 videantur
3172 3812 3440 3870 omittere.
3465 3817 3621 3888 Saepe

2044 3902 2384 3957 dilectionem
2414 3908 2561 3955 tuam
2607 3899 2673 3954 ad
2709 3900 2896 3955 urbem
2922 3900 3151 3967 venisse,
3178 3918 3242 3959 ac
3263 3905 3538 3962 nobiscum
3570 3910 3623 3964 in

2044 3988 2285 4046 Ecclesia
2309 3989 2626 4045 convenisse
2652 4005 2761 4044 non
2776 3978 2997 4045 dubium
3019 3998 3119 4057 est,
3149 3994 3204 4047 et
3230 4008 3389 4062 quem
3418 4012 3623 4054 morem

2043 4080 2128 4136 vel
2155 4080 2210 4134 in
2240 4074 2620 4137 consecrandis
2648 4079 2917 4152 mysteriis
2935 4124 2952 4150 ,
2981 4081 3068 4137 vel
3097 4080 3149 4136 in
3178 4084 3386 4141 ueteris
3405 4089 3626 4157 agendis

2041 4168 2251 4224 arcanis
2272 4166 2473 4238 teneat,
2504 4160 2852 4241 cognovisse,
2883 4172 3028 4240 quod
3056 4172 3305 4229 sufficere
3334 4164 3628 4233 arbitrarer

2046 4257 2113 4313 ad
2157 4256 2590 4314 informationem
2618 4255 2869 4314 Ecclesiae
2891 4266 2995 4313 tuae
3012 4298 3027 4323 ,
3055 4262 3140 4315 vel
3166 4261 3627 4338 reformationem,

2046 4350 2092 4408 si
2117 4351 2540 4421 praedecessores
2575 4349 2651 4404 tui
2682 4350 2858 4404 minus
2898 4350 3098 4421 aliquid
3133 4362 3227 4409 aut
3261 4355 3420 4412 aliter
3445 4366 3631 4414 tenues

2046 4444 2189 4510 rint,
2220 4442 2351 4498 Satis
2391 4442 2598 4497 certum
2628 4442 2882 4496 haberem
2907 4484 2925 4512 ,
2964 4442 3065 4497 nisi
3092 4443 3162 4499 de
3188 4445 3454 4516 aliquibus
3499 4466 3631 4508 con-

345 4536 451 4590 sibi
481 4546 568 4590 aut
593 4535 847 4591 Ecclesiis
871 4540 977 4591 non
1010 4538 1322 4605 convenire,
1350 4547 1441 4594 aut
1476 4539 1543 4595 ab
1575 4540 1836 4609 apostolis
1858 4543 1943 4597 vel
1974 4552 2025 4613 ι)
2046 4524 2302 4589 ευιθηάοε
2363 4546 2462 4586 n05
2509 4546 2630 4586 esse
2683 4530 2950 4587 duXisscso
3018 4533 3225 4599 Quibus
3287 4537 3489 4596 ideirco
3554 4558 3635 4597 re-

347 4626 662 4695 apostolicis
688 4626 816 4682 viris
835 4626 1279 4683 contrarietatem
1319 4629 1616 4685 inductam.
1649 4630 1779 4697 Quis
1801 4633 1942 4687 enim

346 4714 562 4769 nesciat
585 4756 601 4780 ,
649 4724 744 4769 aut
771 4720 879 4771 nun
903 4715 1168 4781 advertat,
1225 4715 1277 4771 id
1306 4718 1450 4786 quod
1479 4733 1510 4772 a
1537 4719 1779 4790 principe
1811 4730 1944 4791 apo-

345 4808 612 4863 stolorum
659 4807 820 4863 Petro
872 4805 1133 4863 Romanze
1181 4806 1430 4866 Ecclesia:
1459 4811 1713 4867 traditum
1744 4822 1851 4879 est,
1879 4828 1943 4868 ac

350 4912 500 4950 nunc
532 4910 701 4964 usque
728 4897 1031 4951 custoditur
1057 4938 1074 4963 ,
1105 4899 1171 4953 ab
1211 4897 1462 4955 omnibus
1491 4899 1691 4956 debere
1719 4903 1940 4969 servari,

350 5003 454 5043 nec
482 4987 767 5057 superduci
800 4996 892 5042 aut
920 4988 1190 5045 introduci
1226 4984 1425 5059 aliquid
1480 4993 1625 5062 quod
1652 5002 1744 5047 aut
1771 5002 1949 5049 aucto-

350 5079 571 5132 ritatem
624 5094 728 5133 non
778 5079 994 5143 habeat,
1049 5090 1142 5134 aut
1189 5078 1403 5136 aliunde
1427 5082 1678 5151 accipere
1704 5082 1951 5138 videatur

352 5166 702 5234 exemplum?
729 5165 1028 5221 l’rmsertim
1048 5184 1169 5222 cum
1200 5169 1270 5223 sit
1297 5168 1638 5226 manifeStum
1660 5172 1711 5225 in
1735 5178 1948 5226 omnem

351 5256 583 5324 Italiam,
611 5256 833 5326 Gallias,
857 5257 1159 5330 Hispanias,
1194 5259 1457 5325 Africam,
1493 5270 1652 5330 atque
1683 5261 1946 5326 Siciliam,

350 5350 664 5419 insulasque
685 5350 1085 5418 intcrjacentcs,
1108 5350 1308 5405 nullum
1343 5352 1635 5409 instituisse
1660 5354 1949 5420 Ecclesias,

350 5440 454 5493 nisi
489 5453 587 5493 eos
641 5453 777 5506 quos
812 5436 1132 5494 venerabilis
1166 5442 1445 5509 apostolus
1487 5441 1678 5496 Petrus
1718 5451 1809 5494 aut
1839 5441 1953 5510 ejus

349 5545 703 5585 successores
742 5531 1121 5586 constituerint
1167 5532 1509 5599 sacerdotes,
1541 5545 1634 5587 aut
1658 5535 1854 5603 legant,
1906 5536 1950 5588 si

352 5623 407 5675 in
438 5622 502 5675 iis
532 5622 827 5691 provinciis
855 5622 989 5676 alius
1013 5622 1387 5693 apostolorum
1431 5624 1698 5679 invenitur
1730 5633 1825 5678 aut
1872 5626 1949 5679 le-

353 5716 500 5781 gitur
521 5712 787 5767 docuisse.
829 5712 928 5778 Qui
959 5713 1002 5767 si
1034 5729 1141 5767 non
1170 5712 1374 5786 legunt,
1405 5716 1530 5783 quia
1562 5731 1821 5785 nusquam
1866 5718 1946 5770 in-

359 5802 611 5867 veniunt,
654 5811 870 5873 oportet
913 5818 1007 5859 eos
1037 5803 1141 5857 hoc
1182 5804 1333 5872 sequi
1380 5806 1522 5873 quod
1554 5804 1793 5861 Ecclesia
1836 5806 1943 5861 lio-

2052 4622 2396 4695 spondemus,
2446 4638 2554 4677 non
2594 4637 2702 4691 quo
2752 4631 2805 4677 te
2829 4623 3009 4693 aliqua
3040 4624 3290 4694 ignorare
3316 4631 3634 4703 credamus,

2049 4711 2144 4768 sed
2191 4721 2251 4767 ut
2286 4708 2479 4781 majori
2532 4710 2855 4767 auctoritate
2895 4712 2983 4766 vel
3032 4721 3154 4769 tuos
3208 4716 3499 4789 instituas,
3549 4727 3635 4777 vel

2051 4804 2098 4860 si
2149 4806 2241 4875 qui
2289 4820 2319 4859 a
2350 4805 2604 4860 Romanr‘c
2658 4802 2913 4859 Ecclesia:
2962 4804 3387 4866 institutionibus
3430 4824 3631 4881 errant,

2056 4904 2115 4949 ut
2142 4890 2508 4961 commoneas,
2562 4902 2656 4948 aut
2701 4894 2939 4950 indicare
2985 4911 3093 4951 non
3141 4897 3383 4966 differas,
3416 4911 3473 4956 ut
3494 4880 3635 4959 sciie

2055 4986 2328 5040 valeamus
2371 4986 2461 5053 qui
2510 4985 2616 5039 sint
2652 4984 2742 5054 qui
2791 4993 2883 5038 aut
2912 4987 3178 5042 novitates
3233 4989 3510 5060 inducunt,
3543 5006 3639 5049 aut

2054 5074 2271 5130 alterius
2294 5072 2557 5137 Ecclesiae,
2589 5090 2748 5143 quam
2778 5070 3051 5143 Romamn,
3072 5076 3380 5134 existimant
3408 5096 3636 5138 consue-

2057 5166 2290 5220 tudinem
2320 5181 2439 5220 esse
2465 5166 2797 5219 servandam.

2268 5326 2345 5381 De
2372 5340 2499 5397 pace
2524 5337 2638 5398 post
2668 5329 2900 5399 confecta
2936 5325 3178 5398 mysteria
3222 5306 3418 5385 danda.

2133 5443 2169 5494 Ι.
2223 5434 2414 5496 Pacem
2464 5443 2623 5509 igitur
2669 5443 2866 5496 asseris
2912 5450 3037 5497 ante
3084 5443 3330 5499 confecta
3380 5451 3636 5519 mysteria

2060 5535 2316 5604 quosdam
2347 5535 2556 5603 populis
2584 5535 2849 5602 imperare
2872 5572 2886 5595 ,
2914 5535 2999 5589 vel
3021 5520 3123 5591 sibi
3156 5537 3297 5591 inter
3330 5542 3640 5596 sacerdotes

2059 5626 2286 5688 tradere,
2310 5639 2430 5678 cum
2462 5631 2580 5692 post
2598 5622 2794 5684 omnia,
2817 5637 2936 5690 qua:
2958 5623 3168 5692 aperire
3188 5640 3296 5680 non
3322 5627 3512 5693 debeo,
3536 5646 3639 5701 pax

2054 5717 2123 5771 sit
2150 5715 2454 5769 necessario
2480 5713 2779 5768 indicenda.
2830 5712 2932 5768 Per
2960 5729 3122 5785 quam
3144 5727 3356 5775 constet
3378 5722 3633 5791 populum

2053 5806 2121 5859 ad
2159 5806 2334 5859 omnia
2365 5820 2480 5874 qua:
2514 5805 2565 5860 in
2596 5805 2867 5874 mysteriis
2892 5813 3137 5876 aguntur,
3171 5816 3332 5877 atque
3359 5810 3413 5865 in
3445 5811 3636 5866 Eccle-
