4104 6478
448 280 568 338 ’959
1752 270 2105 329 DIONYSIUS
2147 269 2463 327 EXIGUUS.
3573 283 3599 289 '
3640 268 3749 326 2.50

469 399 542 452 sia
573 395 912 451 celebrantur
932 429 950 455 .
973 386 1260 460 praebuisse
1286 397 1628 451 consensum,
1662 399 1726 438 ac
1759 382 1908 439 ﬁnita
1932 399 2050 440 esse
2081 397 2126 456 Α
2155 383 2304 448 dum,
2333 383 2425 438 sed
2447 382 2672 437 dicimus
2695 389 2750 436 et
2776 381 3002 436 sabbato
3035 379 3137 434 hoc
3165 375 3450 446 agendum,
3480 374 3615 444 quia
3632 390 3750 428 am—

470 488 614 558 pacis
642 481 1012 541 concludentis
1038 475 1316 548 signaculo
1343 474 1802 532 demonstrantur.
2157 475 2228 531 bo
2270 475 2386 530 dies
2436 473 2710 529 tristitiam
2763 471 3044 542 apostolis,
3086 469 3173 525 vel
3201 468 3288 522 his
3331 467 3423 536 qui
3475 465 3751 521 Christum

2158 567 2499 632 sccutisunt,
2530 563 2874 626 induxerunt,
2933 561 3028 630 qui
3072 559 3161 614 die
3211 557 3486 614 dominico
3534 557 3752 611 hilarati

2160 673 2270 712 non
2329 657 2504 712 solum
2571 657 2744 726 ipsum
2810 651 3212 708 festivissimum
3271 663 3391 704 esse
3439 647 3752 712 voluerunt,

2162 761 2348 801 verum
2379 746 2540 801 etiam
2564 761 2661 814 per
2684 758 2874 800 omnes
2900 739 3266 798 hebdomadas
3294 737 3743 818 frequentandum

2162 849 2282 889 esse
2305 833 2593 888 duxerunt.
3429 842 3431 844 ·

466 598 548 651 De
587 590 876 650 nominibus
913 595 1034 644 ante
1055 601 1259 658 precem
1297 585 1585 642 sacerdotis
1615 602 1720 641 non
1748 584 2054 640 recitandis.

538 710 603 765 II.
637 710 713 765 De
737 704 1042 763 nominibus
1065 716 1200 758 vero
1239 700 1562 766 recitandis,
1591 708 1882 770 antequam
1936 712 2060 768 pre-

473 821 589 861 cem
611 799 860 857 sacerdos
880 796 1060 863 faciat,
1083 801 1247 864 atque
1267 809 1454 849 eorum
1479 791 1807 856 oblationes,
1829 803 2061 859 quorum

467 887 1010 952 -nomina-recitanda
1059 894 1202 950 sunt,
1255 900 1354 941 sua
1404 883 1654 940 oratione
1698 880 2059 946 commendet,

474 978 984 1055 quam-superﬂuum
1003 977 1095 1043 sit,
1122 984 1177 1030 et
1196 975 1312 1045 ipse
1336 989 1436 1044 pro
1463 982 1561 1029 tua
1590 971 1877 1044 prudentia
1907 985 2064 1026 reco-

475 1074 710 1144 gnoscis,
755 1078 816 1126 ut
841 1069 996 1139 cujus
1020 1067 1260 1122 hostiam
1290 1065 1522 1121 necdum
1551 1063 1663 1120 Deo
1685 1063 1881 1118 offeras
1905 1101 1920 1126 ,
1949 1064 2066 1130 ejus

427 1151 457 1214 i7
477 1175 602 1222 ante
628 1179 826 1219 nomen
866 1162 1144 1223 insinues;
1175 1157 1421 1228 quamvis
1449 1155 1528 1211 illi
1555 1155 1887 1224 incognitum
1933 1152 2066 1206 nihil

431 1229 753 1313 Vsus-Prius
787 1266 918 1325 ergo
956 1249 1264 1306 oblationes
1305 1255 1435 1303 sunt
1479 1244 1920 1303 commendandae
1943 1285 1959 1312 ,
2001 1256 2067 1297 ac

429 1335 438 1366 ’
478 1357 609 1403 tunc
628 1360 816 1403 eorum
837 1343 1075 1408 nomina,
1099 1355 1326 1411 quorum
1354 1347 1499 1407 sunt,
1524 1336 1807 1405 edicenda,
1833 1343 1894 1390 ut
1928 1336 2068 1389 inter

468 1451 632 1494 sacra
661 1434 915 1506 mysteria
938 1431 1302 1495 nominentur,
1333 1443 1444 1484 non
1473 1427 1615 1484 inter
1641 1426 1746 1482 alia
1797 1439 1918 1494 quae
1945 1432 2070 1478 ante

479 1526 872 1600 prmmittimus,
893 1531 954 1578 ut
980 1522 1110 1592 ipsis
1129 1519 1404 1591 mysteriis
1429 1518 1573 1574 viam
1603 1517 1796 1572 futuris
1819 1515 2070 1586 precibus

468 1617 806 1688 aperiamus.

2333 942 2411 999 De
2439 946 2688 1015 fermento
2711 942 2932 996 ciuitatis
2953 939 3263 1011 presbyteris
3290 936 3582 1010 dirigenda.

2236 1054 2300 1110 ν.
2330 1055 2403 1110 De
2427 1055 2692 1110 fermento
2715 1068 2844 1108 vero
2872 1050 3019 1121 quod
3043 1050 3132 1105 die
3159 1049 3427 1105 dominica
3449 1063 3544 1118 per
3575 1046 3761 1101 titulos

2167 1145 2449 1210 mittimus,
2477 1141 2747 1214 superflue
2767 1156 2867 1196 nos
2893 1141 3180 1196 consulere
3207 1139 3443 1204 voluisti,
3473 1153 3594 1192 cum
3642 1152 3761 1190 om-

2169 1250 2269 1290 nes
2292 1233 2548 1289 ECCIOSiJB
2571 1244 2767 1289 nostrte
2809 1232 2948 1286 intra
2975 1232 3248 1286 civitatem
3277 1238 3384 1284 smt
3426 1229 3758 1292 constituta‘,

2169 1340 2397 1396 quarum
2421 1324 2742 1398 presbyteri,
2766 1323 2891 1392 quia
2912 1322 3000 1377 die
3027 1322 3142 1392 ipsa
3172 1329 3394 1392 propter
3414 1320 3622 1389 plebem
3654 1319 3759 1372 sibi

2171 1418 2426 1474 creditam
2472 1417 2750 1471 nobiscum
2794 1415 3084 1470 convenire
3124 1428 3234 1466 non
3281 1419 3528 1481 possunt,
3559 1410 3762 1464 idcirco

2172 1509 2490 1564 fermentum
2543 1521 2575 1560 a
2617 1506 2771 1562 nobis
2815 1505 3119 1560 confectum
3167 1517 3264 1572 per
3305 1502 3585 1571 acolythos
3613 1499 3754 1553 acci-

2171 1601 2345 1672 piunt,
2399 1606 2458 1652 ut
2503 1612 2563 1651 se
2609 1611 2639 1652 a
2670 1605 2854 1651 nostra
2884 1594 3264 1650 communione
3291 1591 3525 1646 maxime
3557 1590 3646 1643 illa
3677 1589 3765 1643 die

520 1723 670 1790 Quod
709 1739 812 1778 non
857 1721 1076 1778 debeant
1113 1720 1363 1804 baptizati
1391 1704 1495 1775 nisi
1535 1719 1598 1772 ab
1624 1718 1879 1789 episcopis
1908 1734 2035 1773 con-

1159 1807 1382 1862 signari.

556 1905 642 1961 Ill.
665 1905 742 1960 De
762 1901 1138 1971 consignandis
1158 1916 1290 1955 vero
1316 1898 1609 1954 infantibus
1629 1898 1970 1955 manifestum
1992 1905 2074 1952 est

488 2015 595 2053 non
625 1995 692 2050 ab
727 1994 832 2048 alio
852 2006 1011 2062 quam
1034 1992 1101 2046 ab
1126 1991 1378 2060 episcopo
1409 1989 1522 2044 ﬁeri
1551 1989 1735 2045 licere.
1768 1988 1900 2042 Nam
1921 2002 2073 2058 pres-

488 2087 685 2163 byteri,
717 2085 842 2139 licet
867 2083 974 2137 sint
1018 2080 1349 2148 sacerdotes,
1380 2078 1723 2150 pontiﬁcatus
1752 2087 1930 2132 tamen
1959 2077 2074 2147 api-

493 2192 610 2234 cem
631 2190 742 2231 non
767 2173 988 2228 habent.
1021 2170 1139 2225 IIoc
1168 2179 1348 2225 autem
1378 2169 1722 2240 pontiﬁcibus
1742 2169 1870 2224 solis
1890 2167 2075 2222 deberi

492 2281 550 2327 ut
578 2270 663 2326 vel
690 2267 1024 2336 consignent,
1057 2265 1142 2320 vel
1172 2264 1501 2335 paracletum
1528 2263 1786 2332 Spiritum
1838 2247 2094 2324 tradant,’

492 2379 598 2418 non
621 2361 794 2417 solum
821 2356 1153 2413 consuetudo
1183 2354 1545 2409 ecclesiastica
1583 2353 1949 2417 demonstrat,
1979 2365 2075 2405 ve-

492 2469 611 2509 rum
644 2461 700 2508 et
738 2451 828 2504 illa
857 2448 1018 2504 lectio
1043 2446 1275 2500 Actuum
1302 2443 1667 2514 apostolorum
1695 2483 1710 2510 ,
1739 2455 1858 2509 quas
1885 2439 2078 2495 asserit

492 2548 709 2602 Petrum
738 2549 793 2598 et
817 2541 1079 2596 Joannem
1107 2553 1226 2594 esse
1258 2537 1514 2602 directos,
1543 2535 1636 2606 qui
1658 2535 1768 2604 jam
1795 2534 2078 2604 baptizatis

494 2635 708 2691 tradant
751 2630 1014 2702 Spiritum
1069 2635 1333 2684 sanctum.
1384 2625 1520 2680 Nam
1575 2624 1925 2696 presbyteris,
1981 2637 2079 2677 seu

495 2733 649 2780 extra
676 2723 990 2792 episcopum
1013 2757 1028 2784 ,
1057 2733 1152 2773 seu
1181 2725 1446 2787 praesente
1473 2716 1730 2786 episcopo
1767 2729 1889 2769 cum
1914 2715 2082 2783 bapti-

496 2825 637 2879 zant,
669 2814 958 2869 chrismate
984 2809 1286 2878 baptizatos
1306 2819 1507 2875 ungere
1535 2806 1690 2870 licet,
1720 2803 1814 2859 sed
1841 2802 1987 2873 quod
2013 2803 2081 2857 ab

493 2905 750 2974 episcopo
774 2899 935 2955 fuerit
963 2903 1360 2961 consecratum,
1405 2908 1514 2948 non
1554 2900 1732 2946 tamen
1760 2891 1990 2947 frontem
2014 2905 2082 2946 ex

497 2993 692 3048 eodem
730 2989 854 3044 oleo
899 2987 1130 3054 signare,
1173 2984 1320 3054 quod
1361 2983 1491 3039 solis
1525 2981 1754 3038 debetur
1790 2981 2078 3052 episcopis,

499 3100 624 3142 cum
647 3082 865 3138 tradunt
891 3079 1150 3150 Spiritum
1178 3075 1713 3149 paracletum.Verba
1744 3091 1872 3132 vero
1902 3075 2084 3131 dicere

654 3136 883 3244 possum
907 3136 1038 3237 ,Ine
1089 3136 1258 3238 magis
1301 3166 1530 3240 prodere
1575 3166 1778 3234 videar,
1828 3181 1990 3237 quam
2013 3166 2082 3222 ad
2108 3136 2156 3202 ο

504 3264 953 3342 consultationem
996 3262 1343 3332 respondere.

801 3371 950 3437 Quod
977 3372 1074 3425 rite
1095 3371 1234 3426 omni
1263 3370 1474 3426 sabbato
1489 3369 1778 3441 jejunetur.

575 3465 662 3521 IV.
704 3463 940 3519 Sabbato
971 3477 1101 3516 vero
1127 3460 1476 3531 jejunandum
1506 3477 1627 3518 esse
1672 3461 1810 3516 ratio
1859 3461 2083 3517 eviden-

509 3557 705 3612 tissima
729 3554 1081 3610 demonstrat.
1113 3551 1245 3605 Nam
1274 3552 1318 3606 si
1343 3552 1483 3607 diem
1528 3551 1856 3607 dominicum
1897 3551 1967 3607 ob
1992 3565 2086 3606 ve-

506 3645 796 3702 nerabilem
823 3642 1276 3698 resurrectionem
1307 3642 1522 3698 Domini
1539 3641 1718 3698 nostri
1739 3641 1866 3698 Jesu
1886 3641 2085 3696 Christi

507 3727 615 3790 non
657 3733 830 3788 solum
880 3733 931 3786 in
963 3729 1169 3785 Pascha
1193 3731 1548 3796 celebramus,
1579 3747 1766 3787 verum
1796 3733 1960 3786 etiam
1990 3746 2089 3800 per

502 3823 739 3891 singulos
753 3820 982 3876 circulos
1005 3818 1454 3873 hebdomadarum
1487 3819 1651 3889 ipsius
1673 3819 1777 3874 diei
1801 3821 2086 3887 imaginem

502 3917 927 3984 frequentamus,
979 3924 1042 3962 ac
1089 3909 1135 3962 si
1181 3916 1334 3963 sexta
1377 3907 1509 3963 feria
1539 3916 1757 3979 propter
1780 3910 2085 3979 passionem

507 4003 715 4061 Domini
741 4001 1066 4072 jcjnnamus,
1095 3999 1376 4054 sabbatum
1409 3988 1960 4070 prmtermittcre'non
1992 4002 2086 4056 dc-

501 4098 708 4159 bemus,
741 4091 885 4163 quod
911 4092 1052 4145 inter
1075 4089 1352 4144 tristitiam
1383 4099 1543 4159 atque
1565 4090 1806 4158 laetitiam
1829 4093 2086 4163 temporis

502 4189 642 4242 illius
663 4183 874 4238 videtur
895 4181 1176 4236 inclusum.
1199 4180 1332 4234 Nam
1356 4181 1538 4250 utique
1558 4191 1772 4238 constat
1811 4187 2086 4255 apostolos

505 4277 666 4332 biduo
689 4277 793 4331 isto
821 4272 877 4327 in
904 4271 1119 4327 tristitia
1167 4279 1221 4325 et
1240 4271 1293 4325 in
1313 4285 1551 4326 mmrore
1574 4270 1760 4338 fuisse,
1785 4283 1840 4327 et
1863 4284 2086 4344 propter

503 4377 707 4423 metum
761 4363 1066 4418 Judmorum
1119 4376 1179 4415 se
1224 4361 1544 4416 occuluisse.
1589 4360 1745 4428 Quod
1775 4363 1956 4432 utique
1977 4380 2083 4420 non

507 4459 727 4512 dubium
756 4463 839 4508 est
859 4454 910 4507 in
939 4461 1146 4506 tantum
1169 4465 1263 4504 eos
1279 4451 1551 4519 jejunasse
1573 4451 1735 4508 biduo
1762 4463 2083 4518 memorato,

505 4560 564 4605 ut
613 4545 829 4601 traditio
865 4541 1118 4598 Ecclesiae
1161 4542 1357 4597 haheat
1395 4542 1496 4598 isto
1541 4543 1706 4599 biduo
1744 4554 2084 4600 sacramenta

503 4642 721 4712 penitus
744 4652 850 4691 non
897 4631 1178 4690 celebrari.
1211 4632 1339 4699 Quae
1370 4632 1540 4689 forma
1569 4634 1754 4705 utique
1774 4649 1870 4705 per
1897 4636 2082 4705 singu-

507 4733 584 4786 las
625 4724 852 4783 tenenda
900 4731 985 4779 est
1009 4722 1394 4792 hebdomadas,
1424 4732 1647 4795 propter
1666 4724 1720 4778 id
1763 4724 1908 4794 quod
1931 4739 2082 4780 com-

504 4817 824 4877 memoratio
851 4815 958 4870 diei
984 4814 1128 4870 illius
1173 4828 1388 4884 semper
1431 4822 1513 4870 est
1557 4814 1899 4870 celebranda.
1927 4816 2083 4882 Quod

504 4912 546 4967 si
579 4915 770 4983 putant
793 4904 961 4962 semel
985 4913 1145 4976 atque
1169 4920 1280 4960 uno
1300 4904 1524 4960 sabbato
1545 4905 1918 4974 jejunandum,
1953 4920 2081 4976 ergo

504 5011 558 5057 et
609 4998 933 5056 dominicum
970 5004 1027 5052 et
1071 5005 1226 5054 sexta
1277 4994 1410 5052 feria
1450 4995 1617 5051 semel
1647 4995 1699 5050 in
1725 4992 1931 5052 Pascha
1982 4998 2086 5052 erit

508 5094 692 5162 utique
722 5086 1061 5145 celebranda.
1089 5085 1149 5142 Si
1178 5095 1358 5141 autem
1398 5085 1652 5142 dominici
1693 5086 1800 5142 diei
1829 5102 1892 5143 ac
1919 5096 2086 5143 sextae.

505 5184 650 5239 ferire
677 5195 774 5252 per
800 5178 1038 5248 singulas
1063 5175 1427 5233 hebdomadas
1455 5179 1752 5246 reparanda
1782 5179 1958 5248 imago
1978 5188 2084 5246 est,

507 5272 771 5330 dementis
813 5278 918 5334 est,
965 5267 1118 5324 bidui
1169 5279 1331 5335 agere
1382 5268 1826 5324 consuetudinem
1861 5271 2086 5325 sabbato

505 5366 888 5436 praetermisso,
920 5377 1045 5419 cum
1072 5378 1184 5418 non
1223 5362 1493 5433 disparem
1521 5363 1717 5418 habeat
1763 5379 2002 5429 causam,
2053 5378 2085 5418 a

505 5468 658 5513 sexta
703 5457 950 5512 videlicet
997 5453 1149 5522 feria,
1207 5454 1261 5508 in
1308 5468 1414 5522 qua
1463 5453 1720 5509 Dominus
1768 5470 1958 5523 passus
1983 5464 2082 5519 est,

507 5545 721 5618 quando
771 5553 829 5600 et
878 5545 946 5600 ad
993 5543 1195 5599 inferos
1236 5543 1359 5608 fuit,
1416 5554 1474 5599 ut
1504 5545 1658 5598 tertia
1689 5545 1775 5598 die
1799 5559 2087 5612 resurgens

510 5637 756 5690 redderet
806 5633 1045 5688 laetitiam
1092 5643 1214 5703 post
1265 5633 1552 5689 biduanam
1586 5635 1853 5688 tristitiam
1886 5650 2085 5703 praece-

510 5729 743 5781 dentcm.
770 5723 888 5781 Non
937 5736 1066 5794 ergo
1092 5739 1192 5779 nos
1221 5738 1475 5795 negamus
1503 5734 1652 5780 sexta
1683 5724 1812 5778 feria
1841 5725 2083 5795 jejunau-

2176 1707 2282 1745 non
2299 1688 2540 1758 judicent
2580 1694 2884 1757 separatos,
2911 1683 3058 1754 quod
3085 1698 3182 1754 per
3207 1681 3493 1753 parochias
3522 1679 3636 1734 ﬁeri
3667 1679 3765 1733 de-

2101 1771 2149 1832 B
2175 1780 2303 1833 bere
2328 1792 2435 1832 non
2463 1786 2614 1846 puto,
2640 1775 2766 1847 quia
2796 1790 2903 1829 non
2931 1773 3092 1843 longe
3123 1769 3389 1842 portanda
3419 1777 3544 1825 sunt
3571 1784 3756 1823 sacra-

2173 1876 2373 1932 menta,
2427 1881 2527 1922 nec
2572 1881 2673 1921 nos
2715 1878 2814 1935 per
2860 1863 3168 1920 cmmeteria
3211 1861 3422 1916 diversa
3454 1860 3764 1915 constitutis

2175 1957 2504 2030 presbyteris
2530 1956 2882 2020 destinamus,
2912 1962 2966 2009 et
3011 1952 3309 2023 presbyteri
3355 1966 3541 2006 eorum
3596 1948 3766 2005 conﬁ-

2175 2047 2484 2104 cicndorum
2500 2045 2589 2117 jus
2616 2046 2853 2100 habeant
2879 2052 3041 2114 atque
3070 2041 3363 2098 licentiam.

2578 2156 2658 2212 De
2677 2157 3033 2228 energumenis
3054 2154 3355 2225 baptizatis.

2247 2270 2334 2326 Vl.
2356 2271 2432 2327 De
2452 2271 2537 2326 his
2562 2285 2689 2325 vero
2717 2268 3001 2339 baptizatis
3029 2267 3121 2338 qui
3145 2274 3330 2337 postea
3361 2264 3643 2329 daemonio,
3676 2276 3769 2320 aut

2177 2361 2308 2415 vitio
2357 2361 2559 2429 aliquo,
2589 2366 2683 2413 aut
2710 2366 2934 2429 peccato
2965 2356 3374 2421 interveniente,
3420 2356 3767 2425 arripiuntur,

2178 2453 2422 2523 quiesivit
2474 2451 2693 2507 dilectio
2742 2457 2854 2517 tua,
2904 2449 2950 2504 si
2999 2463 3029 2502 a
3056 2449 3371 2519 presbytero
3397 2447 3484 2501 vel
3532 2445 3766 2500 diacono

2178 2543 2387 2614 possint
2428 2549 2523 2596 aut
2571 2539 2802 2595 debeant
2830 2537 3170 2606 consignari:
3203 2537 3346 2606 quod
3371 2536 3494 2601 hoc,
3524 2534 3626 2589 nisi
3653 2535 3771 2604 epi-

2179 2647 2375 2703 scopus
2395 2630 2734 2702 praeceperit,
2764 2645 2873 2685 non
2923 2628 3088 2684 licet:
3120 2642 3246 2682 nam
3276 2627 3326 2681 ei
3371 2641 3562 2680 manus
3592 2626 3769 2694 impo-

2179 2723 2357 2780 nenda
2387 2723 2606 2778 omnino
2654 2737 2760 2776 non
2810 2729 2914 2788 est,
2961 2719 3060 2775 nisi
3087 2719 3368 2789 episcopus
3393 2715 3773 2770 auctoritatem

2181 2814 2388 2870 dederit
2409 2814 2460 2868 id
2482 2813 2767 2868 efﬁciendi.
2820 2809 2890 2866 Ut
2919 2819 3097 2866 autem
3132 2811 3239 2874 ﬁat,
3271 2808 3509 2879 episcopi
3539 2815 3622 2863 est
3671 2806 3774 2860 im-

2185 2918 2392 2976 perare,
2441 2911 2499 2958 ut
2549 2918 2739 2958 manus
2771 2901 2820 2956 ei
2870 2901 3010 2956 vela
3051 2901 3364 2971 presbytero
3391 2897 3478 2955 vel
3507 2914 3538 2953 a
3565 2899 3774 2954 czeteris

2183 2991 2395 3046 clericis
2421 2989 2748 3060 imponatur.
2779 2988 2914 3043 Nam
2936 2987 3211 3058 quomodo
3236 2987 3287 3042 id
3309 2987 3422 3042 ﬁeri
3442 2988 3558 3042 sine
3578 3001 3773 3056 magno

2185 3082 2369 3138 labore
2397 3081 2616 3154 poterit,
2642 3089 2699 3136 ut
2726 3081 2886 3151 longe
2913 3080 3240 3137 consiitutus
3283 3092 3677 3147 energumcnus
3707 3077 3774 3131 ad

2186 3175 2498 3244 episcopum
2526 3174 2858 3230 deducatur?
2880 3188 3003 3228 cum
3033 3173 3079 3227 si
3102 3172 3225 3228 talis
3244 3188 3401 3227 casus
3423 3170 3474 3226 ei
3495 3170 3551 3225 in
3583 3169 3712 3223 itine
3744 3186 3774 3221 e

2184 3265 2458 3329 acciderit,
2483 3280 2582 3320 nec
2610 3264 2834 3334 perferri
2865 3263 2932 3318 ad
2951 3264 3284 3334 episcopum,
3316 3278 3416 3318 nec
3457 3262 3646 3316 referri
3691 3258 3762 3312 ad

2184 3369 2281 3408 sua
2312 3351 2467 3408 facile
2488 3354 2677 3423 possit.

2725 3461 2803 3516 De
2829 3462 3208 3532 paenitentibus.

2258 3554 2366 3608 Vll.
2388 3554 2462 3608 Dc
2480 3551 2856 3622 ptenitentibus
2872 3561 3050 3607 autem
3077 3553 3192 3621 qui,
3210 3552 3323 3607 sive
3337 3567 3403 3606 ex
3432 3551 3767 3620 gravioribus

2187 3643 2510 3710 commissis,
2534 3642 2647 3696 sive
2669 3657 2735 3695 ex
2759 3640 3047 3696 levioribus
3071 3641 3436 3710 paenitentiam
3479 3654 3693 3710 gerunt,
3725 3643 3772 3696 si

2189 3733 2335 3787 nulla
2365 3729 2689 3786 interveniat
2713 3731 2995 3798 aegritudo,
3027 3731 3210 3800 quinta
3234 3730 3365 3786 feria
3412 3741 3536 3786 ante
3568 3729 3773 3786 Pascha

2188 3820 2268 3874 eis
2293 3818 2697 3886 remittendum,
2746 3818 3002 3873 Romana:
3032 3818 3283 3874 Ecclesiae
3311 3822 3645 3876 consuetudo
3677 3824 3773 3878 dc-

2187 3918 2471 3966 monstrat.
2490 3909 2754 3964 Caeterum
2777 3910 2845 3965 de
2865 3910 3101 3980 pondere
3121 3897 3435 3967 mstimando
3455 3913 3773 3967 delictorum

2187 3999 2483 4056 sacerdotis
2503 4008 2583 4055 est
2604 3999 2847 4068 judicare
2871 4018 2883 4052 :
2918 4011 2975 4054 ut
3015 4000 3255 4055 attendat
3284 4001 3352 4056 ad
3375 4002 3773 4058 confessionem

2187 4091 2516 4163 paenitentis,
2541 4100 2597 4146 et
2639 4091 2707 4145 ad
2736 4089 2891 4146 ﬂetus
2942 4098 3103 4160 atque
3134 4092 3396 4163 lacrymas
3425 4094 3769 4162 corrigentis,

2187 4195 2252 4237 ac
2275 4181 2592 4251 tumjttbere
2636 4181 2850 4246 dimitti,
2883 4197 3004 4236 cum
3034 4181 3227 4236 viderit
3276 4198 3569 4252 congruam
3613 4186 3777 4239 satis-
3855 4241 3859 4243 _

2189 4270 2495 4329 factionem.
2521 4272 2664 4328 Sane
2692 4273 2738 4329 si
2776 4273 2895 4342 quis
2922 4273 2976 4327 in
3004 4275 3376 4343 :egritudinem
3407 4277 3670 4343 inciderit,
3695 4289 3776 4332 at-

2188 4377 2296 4432 que
2338 4378 2508 4432 usque
2563 4363 2630 4418 ad
2659 4363 3093 4433 desperationem
3122 4365 3416 4433 devenerit,
3471 4368 3628 4422 ciest
3655 4379 3780 4425 ante

2192 4463 2401 4526 tempus
2449 4454 2666 4510 Pascha:
2712 4455 3080 4520 relaxandum,
3131 4471 3200 4512 ne
3244 4457 3311 4513 de
3349 4458 3544 4514 saeculo
3573 4461 3779 4530 absque

2190 4545 2569 4601 communione
2595 4545 2857 4601 discedat.

2185 4653 2267 4710 De
2284 4655 2502 4726 epistola
2527 4655 2696 4710 sancti
2719 4655 2901 4710 Jacobi
2929 4659 3168 4729 apostoli,
3199 4659 3254 4712 in
3278 4674 3378 4729 qua
3417 4676 3512 4728 pro
3543 4659 3768 4729 inﬁrmis

2736 4741 2887 4780 orare
2915 4727 3126 4798 prwcipi
3133 4737 3233 4782 tur.

2260 4813 2392 4869 VIII.
2412 4813 2553 4870 Sane
2581 4814 2834 4884 quoniam
2855 4815 2923 4871 de
2948 4817 3072 4880 hoc,
3092 4817 3250 4872 sicuti
3271 4818 3336 4872 de
3349 4821 3559 4876 caeteris
3585 4835 3776 4877 consu-

2188 4907 2302 4960 lere
2319 4904 2485 4958 voluit
2513 4904 2731 4959 dilectio
2763 4913 2868 4970 tua,
2901 4904 3095 4974 adjecit
3119 4907 3282 4961 etiam
3307 4906 3445 4964 ﬁlius
3473 4925 3625 4964 meus
3655 4909 3778 4966 Co:-

2195 4995 2420 5050 lestinus
2447 4993 2707 5050 diaconus
2731 4994 2784 5048 in
2806 4995 3031 5065 epistola
3055 5011 3149 5051 sua
3177 5011 3296 5051 esse
3316 5012 3346 5052 a
3376 5005 3466 5052 tua
3492 5000 3775 5056 dilectione

2193 5087 2426 5158 positum
2454 5086 2606 5156 illud,
2631 5085 2850 5158 quodin
2877 5087 3022 5142 beati
3069 5088 3297 5158 apostoli
3343 5087 3529 5145 Jacobi
3552 5092 3778 5161 cpistola

2193 5179 2557 5248 conscriptum
2580 5185 2699 5233 est:
2734 5176 2796 5231 Si
2824 5177 3062 5248 inﬁrmus
3091 5177 3277 5248 aliquis
3299 5179 3352 5232 in
3379 5179 3516 5233 vobis
3541 5190 3638 5246 est,
3689 5182 3774 5236 in»

2195 5267 2349 5322 ducat
2387 5269 2727 5340 presbyteros,
2759 5277 2809 5322 et
2835 5278 2983 5323 orent
3011 5285 3162 5339 super
3188 5286 3322 5335 eam,
3371 5282 3620 5341 ungentes
3665 5291 3775 5327 eum

2195 5359 2305 5413 oleo
2333 5361 2386 5412 in
2408 5361 2613 5414 nomine
2635 5358 2864 5423 Domini,
2896 5367 2945 5412 et
2975 5361 3144 5412 oratio
3189 5359 3312 5427 ﬁdei
3351 5360 3570 5414 saluabit
3624 5364 3748 5432 inﬁr

2190 5466 2347 5515 munt,
2396 5459 2444 5504 et
2491 5450 2758 5503 suscitabit
2796 5449 2941 5502 illum
2990 5448 3265 5514 Dominus,
3321 5460 3369 5503 et
3399 5453 3443 5504 si
3473 5454 3523 5506 in
3554 5460 3776 5521 pert-uis

2191 5542 2365 5610 fuerit,
2395 5543 2717 5594 remittemur
2737 5542 2804 5594 ei.
2823 5539 2990 5604 ‘Quod
3022 5555 3128 5593 non
3159 5540 3480 5595 estdubium
3505 5543 3570 5597 de
3602 5543 3771 5598 ﬁdeli-

2190 5633 2288 5686 bus
2333 5633 2715 5699 :egrotantibus
2771 5631 2944 5700 accipi
2991 5631 3072 5684 vel
3123 5631 3347 5700 intelligi
3401 5633 3631 5701 debere,
3684 5640 3773 5704 qui

2189 5732 2375 5777 sancto
2399 5723 2518 5777 oleo
2543 5721 2847 5776 chrismatis
2879 5722 3100 5789 perungi
3132 5731 3377 5790 po.;sunt,
3401 5723 3545 5791 quod
3572 5725 3638 5779 ab
3668 5729 3770 5791 cpio
