  <div class='ocr_page' id='page_1' title='image "/cluster/home/n/w/nwhite01/storage/ocr_20150623/67/umn.31951002477360y/134.png"; bbox 0 0 4104 6480; ppageno 0'>
   <div class='ocr_carea' id='block_1_1' title="bbox 375 370 467 425">
    <p class='ocr_par' dir='ltr' id='par_1_1' title="bbox 375 370 467 425">
     <span class='ocr_line' id='line_1_1' title="bbox 375 370 467 425; baseline 0.011 -2"><span class='ocrx_word' id='word_1_1' title='bbox 375 370 467 425; x_wconf 71' lang='grc' dir='ltr'><strong>’ΞΛ</strong></span> 
     </span>
    </p>
   </div>
   <div class='ocr_carea' id='block_1_2' title="bbox 1445 383 2621 445">
    <p class='ocr_par' dir='ltr' id='par_1_2' title="bbox 1445 383 2621 445">
     <span class='ocr_line' id='line_1_2' title="bbox 1445 383 2621 445; baseline 0.007 -8"><span class='ocrx_word' id='word_1_2' title='bbox 1445 383 1818 439; x_wconf 63' lang='lat' dir='ltr'><strong>(101.1..EC&#39;H0</strong></span> <span class='ocrx_word' id='word_1_3' title='bbox 1859 384 2322 444; x_wconf 72' lang='lat' dir='ltr'><strong>DECRETURUM</strong></span> <span class='ocrx_word' id='word_1_4' title='bbox 2368 389 2466 445; x_wconf 79' lang='lat' dir='ltr'><strong>PP.</strong></span> <span class='ocrx_word' id='word_1_5' title='bbox 2513 390 2621 445; x_wconf 82' lang='lat' dir='ltr'><strong>RR.</strong></span> 
     </span>
    </p>
   </div>
   <div class='ocr_carea' id='block_1_3' title="bbox 3556 395 3661 456">
    <p class='ocr_par' dir='ltr' id='par_1_3' title="bbox 3556 395 3661 456">
     <span class='ocr_line' id='line_1_3' title="bbox 3556 395 3661 456; baseline 0.019 -2"><span class='ocrx_word' id='word_1_6' title='bbox 3556 395 3661 456; x_wconf 71' lang='lat'><strong>€22</strong></span> 
     </span>
    </p>
   </div>
   <div class='ocr_carea' id='block_1_4' title="bbox 371 490 3664 587">
    <p class='ocr_par' dir='ltr' id='par_1_4' title="bbox 371 490 3664 587">
     <span class='ocr_line' id='line_1_4' title="bbox 371 490 3664 587; baseline 0.009 -44"><span class='ocrx_word' id='word_1_7' title='bbox 371 505 539 560; x_wconf 73' lang='lat' dir='ltr'><strong>seopo</strong></span> <span class='ocrx_word' id='word_1_8' title='bbox 566 490 874 547; x_wconf 64' lang='lat' dir='ltr'><strong>confectum</strong></span> <span class='ocrx_word' id='word_1_9' title='bbox 906 511 1014 549; x_wconf 86' lang='lat' dir='ltr'><strong>non</strong></span> <span class='ocrx_word' id='word_1_10' title='bbox 1043 496 1215 550; x_wconf 70' lang='lat' dir='ltr'><strong>solum</strong></span> <span class='ocrx_word' id='word_1_11' title='bbox 1245 499 1636 566; x_wconf 66' lang='lat' dir='ltr'><strong>sacerdotibus,</strong></span> <span class='ocrx_word' id='word_1_12' title='bbox 1668 500 1761 554; x_wconf 88' lang='lat' dir='ltr'><strong>sed</strong></span> <span class='ocrx_word' id='word_1_13' title='bbox 1792 503 1964 556; x_wconf 79' lang='lat' dir='ltr'><strong>oniui-</strong></span> <span class='ocrx_word' id='word_1_14' title='bbox 2001 509 2049 566; x_wconf 85' lang='grc' dir='ltr'><strong>Α</strong></span> <span class='ocrx_word' id='word_1_15' title='bbox 2074 503 2354 570; x_wconf 90' lang='lat' dir='ltr'><strong>postulasti</strong></span> <span class='ocrx_word' id='word_1_16' title='bbox 2379 513 2456 567; x_wconf 86' lang='lat' dir='ltr'><strong>ut,</strong></span> <span class='ocrx_word' id='word_1_17' title='bbox 2490 507 2541 560; x_wconf 89' lang='lat' dir='ltr'><strong>in</strong></span> <span class='ocrx_word' id='word_1_18' title='bbox 2574 506 2677 561; x_wconf 79' lang='lat' dir='ltr'><strong>illis</strong></span> <span class='ocrx_word' id='word_1_19' title='bbox 2702 509 2946 577; x_wconf 74' lang='lat' dir='ltr'><strong>partibus</strong></span> <span class='ocrx_word' id='word_1_20' title='bbox 2974 511 3294 582; x_wconf 79' lang='lat' dir='ltr'><strong>istiusmodi,</strong></span> <span class='ocrx_word' id='word_1_21' title='bbox 3326 533 3482 587; x_wconf 88' lang='lat' dir='ltr'><strong>quam</strong></span> <span class='ocrx_word' id='word_1_22' title='bbox 3519 526 3664 575; x_wconf 88' lang='lat' dir='ltr'><strong>tenet</strong></span> 
     </span>
    </p>
   </div>
   <div class='ocr_carea' id='block_1_5' title="bbox 373 581 1961 654">
    <p class='ocr_par' dir='ltr' id='par_1_5' title="bbox 373 581 1961 654">
     <span class='ocr_line' id='line_1_5' title="bbox 373 581 1961 654; baseline 0.008 -20"><span class='ocrx_word' id='word_1_23' title='bbox 373 581 471 635; x_wconf 86' lang='lat' dir='ltr'><strong>bus</strong></span> <span class='ocrx_word' id='word_1_24' title='bbox 499 583 572 636; x_wconf 93' lang='lat' dir='ltr'><strong>uti</strong></span> <span class='ocrx_word' id='word_1_25' title='bbox 601 583 919 640; x_wconf 69' lang='lat' dir='ltr'><strong>Christianis</strong></span> <span class='ocrx_word' id='word_1_26' title='bbox 949 587 1098 654; x_wconf 91' lang='lat' dir='ltr'><strong>licet,</strong></span> <span class='ocrx_word' id='word_1_27' title='bbox 1133 589 1183 642; x_wconf 91' lang='lat' dir='ltr'><strong>in</strong></span> <span class='ocrx_word' id='word_1_28' title='bbox 1213 604 1310 644; x_wconf 87' lang='lat' dir='ltr'><strong>sua</strong></span> <span class='ocrx_word' id='word_1_29' title='bbox 1353 597 1446 644; x_wconf 90' lang='lat' dir='ltr'><strong>aut</strong></span> <span class='ocrx_word' id='word_1_30' title='bbox 1496 591 1549 644; x_wconf 91' lang='lat' dir='ltr'><strong>in</strong></span> <span class='ocrx_word' id='word_1_31' title='bbox 1601 606 1820 646; x_wconf 89' lang='lat' dir='ltr'><strong>suorum</strong></span> <span class='ocrx_word' id='word_1_32' title='bbox 1869 607 1961 647; x_wconf 87' lang='lat' dir='ltr'><strong>ne-</strong></span> 
     </span>
    </p>
   </div>
   <div class='ocr_carea' id='block_1_6' title="bbox 371 675 1962 754">
    <p class='ocr_par' dir='ltr' id='par_1_6' title="bbox 371 675 1962 754">
     <span class='ocr_line' id='line_1_6' title="bbox 371 675 1962 754; baseline 0.006 -27"><span class='ocrx_word' id='word_1_33' title='bbox 371 675 624 729; x_wconf 82' lang='lat' dir='ltr'><strong>cessitate</strong></span> <span class='ocrx_word' id='word_1_34' title='bbox 653 677 981 746; x_wconf 85' lang='lat' dir='ltr'><strong>ungendum.</strong></span> <span class='ocrx_word' id='word_1_35' title='bbox 1007 677 1276 734; x_wconf 68' lang='lat' dir='ltr'><strong>Cmterum</strong></span> <span class='ocrx_word' id='word_1_36' title='bbox 1303 681 1430 735; x_wconf 89' lang='lat' dir='ltr'><strong>illud</strong></span> <span class='ocrx_word' id='word_1_37' title='bbox 1459 682 1784 754; x_wconf 84' lang='lat' dir='ltr'><strong>superfluum</strong></span> <span class='ocrx_word' id='word_1_38' title='bbox 1816 683 1962 737; x_wconf 87' lang='lat' dir='ltr'><strong>vide—</strong></span> 
     </span>
    </p>
   </div>
   <div class='ocr_carea' id='block_1_7' title="bbox 371 765 1963 843">
    <p class='ocr_par' dir='ltr' id='par_1_7' title="bbox 371 765 1963 843">
     <span class='ocr_line' id='line_1_7' title="bbox 371 765 1963 843; baseline 0.008 -27"><span class='ocrx_word' id='word_1_39' title='bbox 371 780 490 818; x_wconf 85' lang='lat' dir='ltr'><strong>mus</strong></span> <span class='ocrx_word' id='word_1_40' title='bbox 514 765 800 834; x_wconf 79' lang='lat' dir='ltr'><strong>adjectum,</strong></span> <span class='ocrx_word' id='word_1_41' title='bbox 847 775 904 821; x_wconf 93' lang='lat' dir='ltr'><strong>ut</strong></span> <span class='ocrx_word' id='word_1_42' title='bbox 923 768 992 823; x_wconf 93' lang='lat' dir='ltr'><strong>de</strong></span> <span class='ocrx_word' id='word_1_43' title='bbox 1020 771 1277 840; x_wconf 90' lang='lat' dir='ltr'><strong>episcopo</strong></span> <span class='ocrx_word' id='word_1_44' title='bbox 1299 773 1602 842; x_wconf 76' lang='lat' dir='ltr'><strong>ambigatur</strong></span> <span class='ocrx_word' id='word_1_45' title='bbox 1645 773 1790 843; x_wconf 89' lang='lat' dir='ltr'><strong>quod</strong></span> <span class='ocrx_word' id='word_1_46' title='bbox 1819 788 1963 843; x_wconf 84' lang='lat' dir='ltr'><strong>pres-</strong></span> 
     </span>
    </p>
   </div>
   <div class='ocr_carea' id='block_1_8' title="bbox 368 854 1959 934">
    <p class='ocr_par' dir='ltr' id='par_1_8' title="bbox 368 854 1959 934">
     <span class='ocr_line' id='line_1_8' title="bbox 368 854 1959 934; baseline 0.008 -26"><span class='ocrx_word' id='word_1_47' title='bbox 368 854 570 925; x_wconf 69' lang='lat' dir='ltr'><strong>byteris</strong></span> <span class='ocrx_word' id='word_1_48' title='bbox 601 857 764 913; x_wconf 90' lang='lat' dir='ltr'><strong>licere</strong></span> <span class='ocrx_word' id='word_1_49' title='bbox 790 875 897 912; x_wconf 91' lang='lat' dir='ltr'><strong>non</strong></span> <span class='ocrx_word' id='word_1_50' title='bbox 926 860 1146 915; x_wconf 90' lang='lat' dir='ltr'><strong>dubium</strong></span> <span class='ocrx_word' id='word_1_51' title='bbox 1175 871 1276 919; x_wconf 91' lang='lat' dir='ltr'><strong>est.</strong></span> <span class='ocrx_word' id='word_1_52' title='bbox 1306 863 1440 918; x_wconf 84' lang='lat' dir='ltr'><strong>Nam</strong></span> <span class='ocrx_word' id='word_1_53' title='bbox 1489 865 1686 920; x_wconf 89' lang='lat' dir='ltr'><strong>idcirco</strong></span> <span class='ocrx_word' id='word_1_54' title='bbox 1733 866 1959 934; x_wconf 89' lang='lat' dir='ltr'><strong>presby-</strong></span> 
     </span>
    </p>
   </div>
   <div class='ocr_carea' id='block_1_9' title="bbox 370 943 1960 1022">
    <p class='ocr_par' dir='ltr' id='par_1_9' title="bbox 370 943 1960 1022">
     <span class='ocr_line' id='line_1_9' title="bbox 370 943 1960 1022; baseline 0.008 -27"><span class='ocrx_word' id='word_1_55' title='bbox 370 944 498 997; x_wconf 86' lang='lat' dir='ltr'><strong>teris</strong></span> <span class='ocrx_word' id='word_1_56' title='bbox 536 943 736 999; x_wconf 88' lang='lat' dir='ltr'><strong>dietum</strong></span> <span class='ocrx_word' id='word_1_57' title='bbox 761 954 866 1013; x_wconf 87' lang='lat' dir='ltr'><strong>est,</strong></span> <span class='ocrx_word' id='word_1_58' title='bbox 895 949 1023 1017; x_wconf 90' lang='lat' dir='ltr'><strong>quia</strong></span> <span class='ocrx_word' id='word_1_59' title='bbox 1065 948 1307 1020; x_wconf 88' lang='lat' dir='ltr'><strong>episc0pi</strong></span> <span class='ocrx_word' id='word_1_60' title='bbox 1354 953 1801 1022; x_wconf 78' lang='lat' dir='ltr'><strong>occupationibus</strong></span> <span class='ocrx_word' id='word_1_61' title='bbox 1840 953 1960 1008; x_wconf 89' lang='lat' dir='ltr'><strong>aliis</strong></span> 
     </span>
    </p>
   </div>
   <div class='ocr_carea' id='block_1_10' title="bbox 365 1035 1960 1114">
    <p class='ocr_par' dir='ltr' id='par_1_10' title="bbox 365 1035 1960 1114">
     <span class='ocr_line' id='line_1_10' title="bbox 365 1035 1960 1114; baseline 0.008 -26"><span class='ocrx_word' id='word_1_62' title='bbox 365 1035 606 1104; x_wconf 85' lang='lat' dir='ltr'><strong>impediti</strong></span> <span class='ocrx_word' id='word_1_63' title='bbox 636 1037 704 1092; x_wconf 91' lang='lat' dir='ltr'><strong>ad</strong></span> <span class='ocrx_word' id='word_1_64' title='bbox 727 1054 914 1095; x_wconf 86' lang='lat' dir='ltr'><strong>omnes</strong></span> <span class='ocrx_word' id='word_1_65' title='bbox 935 1041 1218 1110; x_wconf 89' lang='lat' dir='ltr'><strong>languidos</strong></span> <span class='ocrx_word' id='word_1_66' title='bbox 1247 1045 1326 1098; x_wconf 90' lang='lat' dir='ltr'><strong>ire</strong></span> <span class='ocrx_word' id='word_1_67' title='bbox 1358 1060 1468 1100; x_wconf 91' lang='lat' dir='ltr'><strong>non</strong></span> <span class='ocrx_word' id='word_1_68' title='bbox 1510 1053 1754 1114; x_wconf 89' lang='lat' dir='ltr'><strong>possunt.</strong></span> <span class='ocrx_word' id='word_1_69' title='bbox 1787 1045 1960 1101; x_wconf 69' lang='lat' dir='ltr'><strong>Cmte-</strong></span> 
     </span>
    </p>
   </div>
   <div class='ocr_carea' id='block_1_11' title="bbox 364 1127 1956 1203">
    <p class='ocr_par' dir='ltr' id='par_1_11' title="bbox 364 1127 1956 1203">
     <span class='ocr_line' id='line_1_11' title="bbox 364 1127 1956 1203; baseline 0.008 -25"><span class='ocrx_word' id='word_1_70' title='bbox 364 1140 483 1180; x_wconf 84' lang='lat' dir='ltr'><strong>ruut</strong></span> <span class='ocrx_word' id='word_1_71' title='bbox 534 1127 579 1183; x_wconf 90' lang='lat' dir='ltr'><strong>si</strong></span> <span class='ocrx_word' id='word_1_72' title='bbox 633 1128 921 1198; x_wconf 89' lang='lat' dir='ltr'><strong>episcopus</strong></span> <span class='ocrx_word' id='word_1_73' title='bbox 973 1141 1064 1186; x_wconf 89' lang='lat' dir='ltr'><strong>aut</strong></span> <span class='ocrx_word' id='word_1_74' title='bbox 1096 1140 1293 1202; x_wconf 77' lang='lat' dir='ltr'><strong>potest,</strong></span> <span class='ocrx_word' id='word_1_75' title='bbox 1326 1142 1419 1190; x_wconf 88' lang='lat' dir='ltr'><strong>aut</strong></span> <span class='ocrx_word' id='word_1_76' title='bbox 1443 1135 1660 1203; x_wconf 86' lang='lat' dir='ltr'><strong>dignum</strong></span> <span class='ocrx_word' id='word_1_77' title='bbox 1687 1136 1836 1190; x_wconf 81' lang='lat' dir='ltr'><strong>ducit</strong></span> <span class='ocrx_word' id='word_1_78' title='bbox 1860 1137 1956 1190; x_wconf 89' lang='lat' dir='ltr'><strong>ali-</strong></span> 
     </span>
    </p>
   </div>
   <div class='ocr_carea' id='block_1_12' title="bbox 363 1223 1958 1296">
    <p class='ocr_par' dir='ltr' id='par_1_12' title="bbox 363 1223 1958 1296">
     <span class='ocr_line' id='line_1_12' title="bbox 363 1223 1958 1296; baseline 0.007 -23"><span class='ocrx_word' id='word_1_79' title='bbox 363 1233 523 1287; x_wconf 87' lang='lat' dir='ltr'><strong>quem</strong></span> <span class='ocrx_word' id='word_1_80' title='bbox 574 1236 605 1274; x_wconf 90' lang='lat' dir='ltr'><strong>a</strong></span> <span class='ocrx_word' id='word_1_81' title='bbox 651 1237 712 1277; x_wconf 90' lang='lat' dir='ltr'><strong>se</strong></span> <span class='ocrx_word' id='word_1_82' title='bbox 754 1223 1098 1290; x_wconf 86' lang='lat' dir='ltr'><strong>visitandum,</strong></span> <span class='ocrx_word' id='word_1_83' title='bbox 1151 1233 1208 1280; x_wconf 82' lang='lat' dir='ltr'><strong>et</strong></span> <span class='ocrx_word' id='word_1_84' title='bbox 1255 1225 1575 1282; x_wconf 79' lang='lat' dir='ltr'><strong>benedicere</strong></span> <span class='ocrx_word' id='word_1_85' title='bbox 1627 1236 1684 1282; x_wconf 90' lang='lat' dir='ltr'><strong>et</strong></span> <span class='ocrx_word' id='word_1_86' title='bbox 1738 1236 1958 1296; x_wconf 85' lang='lat' dir='ltr'><strong>tangere</strong></span> 
     </span>
    </p>
   </div>
   <div class='ocr_carea' id='block_1_13' title="bbox 362 1312 1955 1389">
    <p class='ocr_par' dir='ltr' id='par_1_13' title="bbox 362 1312 1955 1389">
     <span class='ocr_line' id='line_1_13' title="bbox 362 1312 1955 1389; baseline 0.006 -24"><span class='ocrx_word' id='word_1_87' title='bbox 362 1312 654 1369; x_wconf 88' lang='lat' dir='ltr'><strong>chrismate</strong></span> <span class='ocrx_word' id='word_1_88' title='bbox 709 1315 824 1368; x_wconf 84' lang='lat' dir='ltr'><strong>sine</strong></span> <span class='ocrx_word' id='word_1_89' title='bbox 844 1317 1189 1371; x_wconf 86' lang='lat' dir='ltr'><strong>cunctatione</strong></span> <span class='ocrx_word' id='word_1_90' title='bbox 1217 1327 1422 1386; x_wconf 80' lang='lat' dir='ltr'><strong>potest,</strong></span> <span class='ocrx_word' id='word_1_91' title='bbox 1453 1319 1606 1388; x_wconf 90' lang='lat' dir='ltr'><strong>cujus</strong></span> <span class='ocrx_word' id='word_1_92' title='bbox 1651 1328 1733 1374; x_wconf 89' lang='lat' dir='ltr'><strong>est</strong></span> <span class='ocrx_word' id='word_1_93' title='bbox 1782 1320 1955 1389; x_wconf 90' lang='lat' dir='ltr'><strong>ipsum</strong></span> 
     </span>
    </p>
   </div>
   <div class='ocr_carea' id='block_1_14' title="bbox 361 1402 1955 1476">
    <p class='ocr_par' dir='ltr' id='par_1_14' title="bbox 361 1402 1955 1476">
     <span class='ocr_line' id='line_1_14' title="bbox 361 1402 1955 1476; baseline 0.006 -21"><span class='ocrx_word' id='word_1_94' title='bbox 361 1402 596 1456; x_wconf 81' lang='lat' dir='ltr'><strong>chrisma</strong></span> <span class='ocrx_word' id='word_1_95' title='bbox 638 1405 926 1460; x_wconf 84' lang='lat' dir='ltr'><strong>coniicere.</strong></span> <span class='ocrx_word' id='word_1_96' title='bbox 966 1406 1109 1461; x_wconf 84' lang='lat' dir='ltr'><strong>Nam.</strong></span> <span class='ocrx_word' id='word_1_97' title='bbox 1149 1409 1536 1476; x_wconf 79' lang='lat' dir='ltr'><strong>pmnitentibus</strong></span> <span class='ocrx_word' id='word_1_98' title='bbox 1566 1409 1708 1464; x_wconf 83' lang='lat' dir='ltr'><strong>istud</strong></span> <span class='ocrx_word' id='word_1_99' title='bbox 1750 1408 1955 1470; x_wconf 88' lang='lat' dir='ltr'><strong>infundi</strong></span> 
     </span>
    </p>
   </div>
   <div class='ocr_carea' id='block_1_15' title="bbox 361 1501 1954 1572">
    <p class='ocr_par' dir='ltr' id='par_1_15' title="bbox 361 1501 1954 1572">
     <span class='ocr_line' id='line_1_15' title="bbox 361 1501 1954 1572; baseline 0.004 -21"><span class='ocrx_word' id='word_1_100' title='bbox 361 1514 470 1552; x_wconf 86' lang='lat' dir='ltr'><strong>non</strong></span> <span class='ocrx_word' id='word_1_101' title='bbox 501 1508 698 1567; x_wconf 85' lang='lat' dir='ltr'><strong>potest,</strong></span> <span class='ocrx_word' id='word_1_102' title='bbox 728 1501 852 1568; x_wconf 84' lang='lat' dir='ltr'><strong>quia</strong></span> <span class='ocrx_word' id='word_1_103' title='bbox 880 1516 1050 1569; x_wconf 89' lang='lat' dir='ltr'><strong>genus</strong></span> <span class='ocrx_word' id='word_1_104' title='bbox 1069 1509 1154 1556; x_wconf 89' lang='lat' dir='ltr'><strong>est</strong></span> <span class='ocrx_word' id='word_1_105' title='bbox 1181 1505 1527 1559; x_wconf 84' lang='lat' dir='ltr'><strong>sacramenti.</strong></span> <span class='ocrx_word' id='word_1_106' title='bbox 1577 1503 1709 1558; x_wconf 85' lang='lat' dir='ltr'><strong>Nam</strong></span> <span class='ocrx_word' id='word_1_107' title='bbox 1759 1503 1954 1572; x_wconf 91' lang='lat' dir='ltr'><strong>quibus</strong></span> 
     </span>
    </p>
   </div>
   <div class='ocr_carea' id='block_1_16' title="bbox 359 1592 1954 1684">
    <p class='ocr_par' dir='ltr' id='par_1_16' title="bbox 359 1592 1954 1684">
     <span class='ocr_line' id='line_1_16' title="bbox 359 1592 1954 1684; baseline 0.005 -40"><span class='ocrx_word' id='word_1_108' title='bbox 359 1592 566 1659; x_wconf 86' lang='lat' dir='ltr'><strong>reliqua</strong></span> <span class='ocrx_word' id='word_1_109' title='bbox 597 1603 934 1647; x_wconf 86' lang='lat' dir='ltr'><strong>sacramenta</strong></span> <span class='ocrx_word' id='word_1_110' title='bbox 976 1603 1261 1664; x_wconf 80' lang='lat' dir='ltr'><strong>negantur,</strong></span> <span class='ocrx_word' id='word_1_111' title='bbox 1294 1597 1568 1684; x_wconf 76' lang='lat' dir='ltr'><strong>quomodo</strong></span> <span class='ocrx_word' id='word_1_112' title='bbox 1597 1613 1760 1652; x_wconf 80' lang='lat' dir='ltr'><strong>unttm</strong></span> <span class='ocrx_word' id='word_1_113' title='bbox 1784 1611 1954 1666; x_wconf 79' lang='lat' dir='ltr'><strong>genus</strong></span> 
     </span>
    </p>
   </div>
   <div class='ocr_carea' id='block_1_17' title="bbox 357 1685 1950 1755">
    <p class='ocr_par' dir='ltr' id='par_1_17' title="bbox 357 1685 1950 1755">
     <span class='ocr_line' id='line_1_17' title="bbox 357 1685 1950 1755; baseline 0.004 -19"><span class='ocrx_word' id='word_1_114' title='bbox 357 1692 578 1751; x_wconf 81' lang='lat' dir='ltr'><strong>putatur</strong></span> <span class='ocrx_word' id='word_1_115' title='bbox 600 1699 758 1753; x_wconf 86' lang='lat' dir='ltr'><strong>posse</strong></span> <span class='ocrx_word' id='word_1_116' title='bbox 781 1686 1040 1740; x_wconf 87' lang='lat' dir='ltr'><strong>concedi?</strong></span> <span class='ocrx_word' id='word_1_117' title='bbox 1067 1685 1160 1747; x_wconf 78' lang='lat' dir='ltr'><strong>llis</strong></span> <span class='ocrx_word' id='word_1_118' title='bbox 1212 1686 1388 1755; x_wconf 79' lang='lat' dir='ltr'><strong>igitur,</strong></span> <span class='ocrx_word' id='word_1_119' title='bbox 1423 1685 1586 1741; x_wconf 83' lang='lat' dir='ltr'><strong>frater</strong></span> <span class='ocrx_word' id='word_1_120' title='bbox 1611 1687 1950 1755; x_wconf 88' lang='lat' dir='ltr'><strong>charissime,</strong></span> 
     </span>
    </p>
   </div>
   <div class='ocr_carea' id='block_1_18' title="bbox 355 1775 1949 1846">
    <p class='ocr_par' dir='ltr' id='par_1_18' title="bbox 355 1775 1949 1846">
     <span class='ocr_line' id='line_1_18' title="bbox 355 1775 1949 1846; baseline 0.002 -19"><span class='ocrx_word' id='word_1_121' title='bbox 355 1775 627 1839; x_wconf 87' lang='lat' dir='ltr'><strong>omnibus,</strong></span> <span class='ocrx_word' id='word_1_122' title='bbox 677 1790 798 1843; x_wconf 85' lang='lat' dir='ltr'><strong>quae</strong></span> <span class='ocrx_word' id='word_1_123' title='bbox 845 1785 934 1830; x_wconf 88' lang='lat' dir='ltr'><strong>tua</strong></span> <span class='ocrx_word' id='word_1_124' title='bbox 974 1776 1195 1832; x_wconf 86' lang='lat' dir='ltr'><strong>dilectio</strong></span> <span class='ocrx_word' id='word_1_125' title='bbox 1239 1777 1406 1832; x_wconf 85' lang='lat' dir='ltr'><strong>voluit</strong></span> <span class='ocrx_word' id='word_1_126' title='bbox 1445 1791 1477 1829; x_wconf 89' lang='lat' dir='ltr'><strong>a</strong></span> <span class='ocrx_word' id='word_1_127' title='bbox 1533 1775 1690 1831; x_wconf 91' lang='lat' dir='ltr'><strong>nobis</strong></span> <span class='ocrx_word' id='word_1_128' title='bbox 1729 1777 1949 1846; x_wconf 80' lang='lat' dir='ltr'><strong>exponi,</strong></span> 
     </span>
    </p>
   </div>
   <div class='ocr_carea' id='block_1_19' title="bbox 2067 596 3661 680">
    <p class='ocr_par' dir='ltr' id='par_1_19' title="bbox 2067 596 3661 680">
     <span class='ocr_line' id='line_1_19' title="bbox 2067 596 3661 680; baseline 0.011 -31"><span class='ocrx_word' id='word_1_129' title='bbox 2067 596 2306 651; x_wconf 84' lang='lat' dir='ltr'><strong>Ecclesia</strong></span> <span class='ocrx_word' id='word_1_130' title='bbox 2366 599 2608 654; x_wconf 79' lang='lat' dir='ltr'><strong>Romana</strong></span> <span class='ocrx_word' id='word_1_131' title='bbox 2659 601 2828 656; x_wconf 84' lang='lat' dir='ltr'><strong>forma</strong></span> <span class='ocrx_word' id='word_1_132' title='bbox 2880 614 3144 662; x_wconf 86' lang='lat' dir='ltr'><strong>servetur.</strong></span> <span class='ocrx_word' id='word_1_133' title='bbox 3209 609 3325 665; x_wconf 87' lang='lat' dir='ltr'><strong>Non</strong></span> <span class='ocrx_word' id='word_1_134' title='bbox 3353 611 3495 680; x_wconf 92' lang='lat' dir='ltr'><strong>quod</strong></span> <span class='ocrx_word' id='word_1_135' title='bbox 3525 628 3661 666; x_wconf 68' lang='lat' dir='ltr'><strong>nova</strong></span> 
     </span>
    </p>
   </div>
   <div class='ocr_carea' id='block_1_20' title="bbox 2065 693 3661 774">
    <p class='ocr_par' dir='ltr' id='par_1_20' title="bbox 2065 693 3661 774">
     <span class='ocr_line' id='line_1_20' title="bbox 2065 693 3661 774; baseline 0.014 -36"><span class='ocrx_word' id='word_1_136' title='bbox 2065 700 2329 760; x_wconf 59' lang='lat' dir='ltr'><strong>praecepta</strong></span> <span class='ocrx_word' id='word_1_137' title='bbox 2359 693 2534 761; x_wconf 81' lang='lat' dir='ltr'><strong>aliqua</strong></span> <span class='ocrx_word' id='word_1_138' title='bbox 2564 695 2916 764; x_wconf 84' lang='lat' dir='ltr'><strong>imperentur,</strong></span> <span class='ocrx_word' id='word_1_139' title='bbox 2962 700 3056 754; x_wconf 90' lang='lat' dir='ltr'><strong>sed</strong></span> <span class='ocrx_word' id='word_1_140' title='bbox 3087 716 3150 755; x_wconf 88' lang='lat' dir='ltr'><strong>ea</strong></span> <span class='ocrx_word' id='word_1_141' title='bbox 3203 717 3324 772; x_wconf 74' lang='lat' dir='ltr'><strong>qua:</strong></span> <span class='ocrx_word' id='word_1_142' title='bbox 3371 719 3469 774; x_wconf 85' lang='lat' dir='ltr'><strong>per</strong></span> <span class='ocrx_word' id='word_1_143' title='bbox 3517 704 3661 760; x_wconf 77' lang='lat' dir='ltr'><strong>desi-</strong></span> 
     </span>
    </p>
   </div>
   <div class='ocr_carea' id='block_1_21' title="bbox 2063 779 3660 856">
    <p class='ocr_par' dir='ltr' id='par_1_21' title="bbox 2063 779 3660 856">
     <span class='ocr_line' id='line_1_21' title="bbox 2063 779 3660 856; baseline 0.009 -22"><span class='ocrx_word' id='word_1_144' title='bbox 2063 779 2205 834; x_wconf 88' lang='lat' dir='ltr'><strong>diam</strong></span> <span class='ocrx_word' id='word_1_145' title='bbox 2235 781 2535 850; x_wconf 89' lang='lat' dir='ltr'><strong>aliquorum</strong></span> <span class='ocrx_word' id='word_1_146' title='bbox 2565 786 2808 852; x_wconf 81' lang='lat' dir='ltr'><strong>neglecta</strong></span> <span class='ocrx_word' id='word_1_147' title='bbox 2838 799 2984 856; x_wconf 89' lang='lat' dir='ltr'><strong>sunt,</strong></span> <span class='ocrx_word' id='word_1_148' title='bbox 3015 790 3084 845; x_wconf 91' lang='lat' dir='ltr'><strong>ab</strong></span> <span class='ocrx_word' id='word_1_149' title='bbox 3107 793 3358 849; x_wconf 89' lang='lat' dir='ltr'><strong>omnibus</strong></span> <span class='ocrx_word' id='word_1_150' title='bbox 3378 796 3660 852; x_wconf 82' lang='lat' dir='ltr'><strong>observari</strong></span> 
     </span>
    </p>
   </div>
   <div class='ocr_carea' id='block_1_22' title="bbox 2063 869 3660 948">
    <p class='ocr_par' dir='ltr' id='par_1_22' title="bbox 2063 869 3660 948">
     <span class='ocr_line' id='line_1_22' title="bbox 2063 869 3660 948; baseline 0.01 -26"><span class='ocrx_word' id='word_1_151' title='bbox 2063 869 2380 939; x_wconf 88' lang='lat' dir='ltr'><strong>cupiamus:</strong></span> <span class='ocrx_word' id='word_1_152' title='bbox 2412 888 2531 942; x_wconf 62' lang='lat' dir='ltr'><strong>quae</strong></span> <span class='ocrx_word' id='word_1_153' title='bbox 2563 883 2741 930; x_wconf 86' lang='lat' dir='ltr'><strong>tamen</strong></span> <span class='ocrx_word' id='word_1_154' title='bbox 2797 880 3098 948; x_wconf 85' lang='lat' dir='ltr'><strong>apostolica</strong></span> <span class='ocrx_word' id='word_1_155' title='bbox 3127 891 3184 937; x_wconf 89' lang='lat' dir='ltr'><strong>et</strong></span> <span class='ocrx_word' id='word_1_156' title='bbox 3226 883 3442 940; x_wconf 75' lang='lat' dir='ltr'><strong>Batrum</strong></span> <span class='ocrx_word' id='word_1_157' title='bbox 3496 885 3660 940; x_wconf 63' lang='lat' dir='ltr'><strong>tradis</strong></span> 
     </span>
    </p>
   </div>
   <div class='ocr_carea' id='block_1_23' title="bbox 2065 961 3661 1045">
    <p class='ocr_par' dir='ltr' id='par_1_23' title="bbox 2065 961 3661 1045">
     <span class='ocr_line' id='line_1_23' title="bbox 2065 961 3661 1045; baseline 0.013 -32"><span class='ocrx_word' id='word_1_158' title='bbox 2065 961 2211 1016; x_wconf 90' lang='lat' dir='ltr'><strong>tione</strong></span> <span class='ocrx_word' id='word_1_159' title='bbox 2233 971 2358 1017; x_wconf 91' lang='lat' dir='ltr'><strong>sunt</strong></span> <span class='ocrx_word' id='word_1_160' title='bbox 2384 965 2698 1020; x_wconf 81' lang='lat' dir='ltr'><strong>constituta.</strong></span> <span class='ocrx_word' id='word_1_161' title='bbox 2721 967 2992 1038; x_wconf 87' lang='lat' dir='ltr'><strong>Scriptum</strong></span> <span class='ocrx_word' id='word_1_162' title='bbox 3015 981 3100 1028; x_wconf 88' lang='lat' dir='ltr'><strong>est</strong></span> <span class='ocrx_word' id='word_1_163' title='bbox 3123 989 3357 1045; x_wconf 83' lang='lat' dir='ltr'><strong>namque</strong></span> <span class='ocrx_word' id='word_1_164' title='bbox 3394 977 3661 1034; x_wconf 48' lang='lat' dir='ltr'><strong>ad&#39;Thes—</strong></span> 
     </span>
    </p>
   </div>
   <div class='ocr_carea' id='block_1_24' title="bbox 2061 1048 3656 1132">
    <p class='ocr_par' dir='ltr' id='par_1_24' title="bbox 2061 1048 3656 1132">
     <span class='ocr_line' id='line_1_24' title="bbox 2061 1048 3656 1132; baseline 0.011 -26"><span class='ocrx_word' id='word_1_165' title='bbox 2061 1048 2426 1109; x_wconf 88' lang='lat' dir='ltr'><strong>salonicenses</strong></span> <span class='ocrx_word' id='word_1_166' title='bbox 2453 1053 2618 1112; x_wconf 78' lang='lat' dir='ltr'><strong>Paulo</strong></span> <span class='ocrx_word' id='word_1_167' title='bbox 2649 1067 2906 1115; x_wconf 84' lang='lat' dir='ltr'><strong>monente</strong></span> <span class='ocrx_word' id='word_1_168' title='bbox 2936 1079 2950 1113; x_wconf 91' lang='lat'><strong>:</strong></span> <span class='ocrx_word' id='word_1_169' title='bbox 2986 1063 3158 1132; x_wconf 85' lang='lat' dir='ltr'><strong>State,</strong></span> <span class='ocrx_word' id='word_1_170' title='bbox 3186 1074 3236 1119; x_wconf 83' lang='lat' dir='ltr'><strong>et</strong></span> <span class='ocrx_word' id='word_1_171' title='bbox 3275 1074 3444 1122; x_wconf 77' lang='lat' dir='ltr'><strong>tenete</strong></span> <span class='ocrx_word' id='word_1_172' title='bbox 3487 1071 3656 1122; x_wconf 73' lang='lat' dir='ltr'><strong>traa’i-</strong></span> 
     </span>
    </p>
   </div>
   <div class='ocr_carea' id='block_1_25' title="bbox 2061 1141 3658 1229">
    <p class='ocr_par' dir='ltr' id='par_1_25' title="bbox 2061 1141 3658 1229">
     <span class='ocr_line' id='line_1_25' title="bbox 2061 1141 3658 1229; baseline 0.01 -35"><span class='ocrx_word' id='word_1_173' title='bbox 2061 1141 2228 1196; x_wconf 81' lang='lat' dir='ltr'><strong>tiones</strong></span> <span class='ocrx_word' id='word_1_174' title='bbox 2272 1153 2501 1211; x_wconf 79' lang='lat' dir='ltr'><strong>nostras,</strong></span> <span class='ocrx_word' id='word_1_175' title='bbox 2555 1147 2663 1200; x_wconf 82' lang='lat' dir='ltr'><strong>sive.</strong></span> <span class='ocrx_word' id='word_1_176' title='bbox 2713 1165 2806 1218; x_wconf 82' lang='lat' dir='ltr'><strong>per</strong></span> <span class='ocrx_word' id='word_1_177' title='bbox 2857 1151 3083 1218; x_wconf 80' lang='lat' dir='ltr'><strong>verbum,</strong></span> <span class='ocrx_word' id='word_1_178' title='bbox 3113 1157 3219 1210; x_wconf 82' lang='lat' dir='ltr'><strong>sive</strong></span> <span class='ocrx_word' id='word_1_179' title='bbox 3260 1174 3354 1228; x_wconf 83' lang='lat' dir='ltr'><strong>per</strong></span> <span class='ocrx_word' id='word_1_180' title='bbox 3381 1160 3658 1229; x_wconf 56' lang='lat' dir='ltr'><strong>epistolam</strong></span> 
     </span>
    </p>
   </div>
   <div class='ocr_carea' id='block_1_26' title="bbox 2061 1231 3654 1307">
    <p class='ocr_par' dir='ltr' id='par_1_26' title="bbox 2061 1231 3654 1307">
     <span class='ocr_line' id='line_1_26' title="bbox 2061 1231 3654 1307; baseline 0.011 -22"><span class='ocrx_word' id='word_1_181' title='bbox 2061 1231 2149 1304; x_wconf 85' lang='grc' dir='ltr'><strong>(ΙΙ</strong></span> <span class='ocrx_word' id='word_1_182' title='bbox 2180 1233 2414 1293; x_wconf 79' lang='lat' dir='ltr'><strong>Tltessat.</strong></span> <span class='ocrx_word' id='word_1_183' title='bbox 2438 1253 2494 1302; x_wconf 86' lang='grc' dir='ltr'><strong>ιι,</strong></span> <span class='ocrx_word' id='word_1_184' title='bbox 2531 1237 2641 1307; x_wconf 67' lang='grc' dir='ltr'><strong>ιιι).</strong></span> <span class='ocrx_word' id='word_1_185' title='bbox 2665 1238 2801 1294; x_wconf 91' lang='lat' dir='ltr'><strong>lllud</strong></span> <span class='ocrx_word' id='word_1_186' title='bbox 2826 1251 2974 1298; x_wconf 90' lang='lat' dir='ltr'><strong>certe</strong></span> <span class='ocrx_word' id='word_1_187' title='bbox 3015 1252 3160 1299; x_wconf 87' lang='lat' dir='ltr'><strong>tuam</strong></span> <span class='ocrx_word' id='word_1_188' title='bbox 3208 1247 3371 1304; x_wconf 86' lang='lat' dir='ltr'><strong>debet</strong></span> <span class='ocrx_word' id='word_1_189' title='bbox 3412 1255 3654 1305; x_wconf 82' lang='lat' dir='ltr'><strong>mentem</strong></span> 
     </span>
    </p>
   </div>
   <div class='ocr_carea' id='block_1_27' title="bbox 2060 1324 3659 1408">
    <p class='ocr_par' dir='ltr' id='par_1_27' title="bbox 2060 1324 3659 1408">
     <span class='ocr_line' id='line_1_27' title="bbox 2060 1324 3659 1408; baseline 0.012 -30"><span class='ocrx_word' id='word_1_190' title='bbox 2060 1324 2433 1383; x_wconf 81' lang='lat' dir='ltr'><strong>vehementius</strong></span> <span class='ocrx_word' id='word_1_191' title='bbox 2453 1330 2714 1396; x_wconf 81' lang='lat' dir='ltr'><strong>excitare,</strong></span> <span class='ocrx_word' id='word_1_192' title='bbox 2745 1341 2803 1386; x_wconf 84' lang='lat' dir='ltr'><strong>ut</strong></span> <span class='ocrx_word' id='word_1_193' title='bbox 2853 1333 2922 1388; x_wconf 90' lang='lat' dir='ltr'><strong>ab</strong></span> <span class='ocrx_word' id='word_1_194' title='bbox 2951 1336 3098 1392; x_wconf 88' lang='lat' dir='ltr'><strong>omni</strong></span> <span class='ocrx_word' id='word_1_195' title='bbox 3131 1337 3252 1394; x_wconf 89' lang='lat' dir='ltr'><strong>labe</strong></span> <span class='ocrx_word' id='word_1_196' title='bbox 3280 1340 3464 1400; x_wconf 64' lang='lat' dir='ltr'><strong>saeculi</strong></span> <span class='ocrx_word' id='word_1_197' title='bbox 3503 1341 3659 1408; x_wconf 82' lang='lat' dir='ltr'><strong>istius</strong></span> 
     </span>
    </p>
   </div>
   <div class='ocr_carea' id='block_1_28' title="bbox 2059 1414 3652 1495">
    <p class='ocr_par' dir='ltr' id='par_1_28' title="bbox 2059 1414 3652 1495">
     <span class='ocr_line' id='line_1_28' title="bbox 2059 1414 3652 1495; baseline 0.012 -27"><span class='ocrx_word' id='word_1_198' title='bbox 2059 1414 2311 1472; x_wconf 87' lang='lat' dir='ltr'><strong>immunis</strong></span> <span class='ocrx_word' id='word_1_199' title='bbox 2330 1425 2456 1472; x_wconf 87' lang='lat' dir='ltr'><strong>ante</strong></span> <span class='ocrx_word' id='word_1_200' title='bbox 2486 1418 2580 1474; x_wconf 87' lang='lat' dir='ltr'><strong>Dei</strong></span> <span class='ocrx_word' id='word_1_201' title='bbox 2607 1429 2961 1491; x_wconf 85' lang='lat' dir='ltr'><strong>conspectum</strong></span> <span class='ocrx_word' id='word_1_202' title='bbox 2988 1441 3214 1482; x_wconf 74' lang='lat' dir='ltr'><strong>secm&#39;us</strong></span> <span class='ocrx_word' id='word_1_203' title='bbox 3242 1427 3652 1495; x_wconf 65' lang='lat' dir='ltr'><strong>inveniaris,c,ui</strong></span> 
     </span>
    </p>
   </div>
   <div class='ocr_carea' id='block_1_29' title="bbox 2059 1507 3654 1592">
    <p class='ocr_par' dir='ltr' id='par_1_29' title="bbox 2059 1507 3654 1592">
     <span class='ocr_line' id='line_1_29' title="bbox 2059 1507 3654 1592; baseline 0.011 -32"><span class='ocrx_word' id='word_1_204' title='bbox 2059 1507 2284 1562; x_wconf 89' lang='lat' dir='ltr'><strong>multum</strong></span> <span class='ocrx_word' id='word_1_205' title='bbox 2309 1509 2451 1564; x_wconf 90' lang='lat' dir='ltr'><strong>enim</strong></span> <span class='ocrx_word' id='word_1_206' title='bbox 2482 1512 2742 1580; x_wconf 86' lang='lat' dir='ltr'><strong>creditur,</strong></span> <span class='ocrx_word' id='word_1_207' title='bbox 2773 1514 2894 1583; x_wconf 86' lang='lat' dir='ltr'><strong>plus</strong></span> <span class='ocrx_word' id='word_1_208' title='bbox 2915 1516 2984 1572; x_wconf 87' lang='lat' dir='ltr'><strong>ab</strong></span> <span class='ocrx_word' id='word_1_209' title='bbox 3012 1533 3080 1572; x_wconf 92' lang='lat' dir='ltr'><strong>eo</strong></span> <span class='ocrx_word' id='word_1_210' title='bbox 3106 1518 3524 1588; x_wconf 63' lang='lat' dir='ltr'><strong>exigiturusura</strong></span> <span class='ocrx_word' id='word_1_211' title='bbox 3547 1539 3654 1592; x_wconf 50' lang='lat' dir='ltr'><strong>pur</strong></span> 
     </span>
    </p>
   </div>
   <div class='ocr_carea' id='block_1_30' title="bbox 2057 1601 3652 1683">
    <p class='ocr_par' dir='ltr' id='par_1_30' title="bbox 2057 1601 3652 1683">
     <span class='ocr_line' id='line_1_30' title="bbox 2057 1601 3652 1683; baseline 0.01 -30"><span class='ocrx_word' id='word_1_212' title='bbox 2057 1615 2268 1661; x_wconf 86' lang='lat' dir='ltr'><strong>uarum.</strong></span> <span class='ocrx_word' id='word_1_213' title='bbox 2300 1601 2443 1669; x_wconf 81' lang='lat' dir='ltr'><strong>Ergo</strong></span> <span class='ocrx_word' id='word_1_214' title='bbox 2465 1603 2721 1671; x_wconf 87' lang='lat' dir='ltr'><strong>quoniam</strong></span> <span class='ocrx_word' id='word_1_215' title='bbox 2750 1621 2854 1660; x_wconf 85' lang='lat' dir='ltr'><strong>non</strong></span> <span class='ocrx_word' id='word_1_216' title='bbox 2880 1623 2980 1677; x_wconf 85' lang='lat' dir='ltr'><strong>pro</strong></span> <span class='ocrx_word' id='word_1_217' title='bbox 3001 1609 3157 1665; x_wconf 84' lang='lat' dir='ltr'><strong>nobis</strong></span> <span class='ocrx_word' id='word_1_218' title='bbox 3184 1617 3416 1676; x_wconf 81' lang='lat' dir='ltr'><strong>tantum,</strong></span> <span class='ocrx_word' id='word_1_219' title='bbox 3442 1613 3540 1669; x_wconf 88' lang='lat' dir='ltr'><strong>sed</strong></span> <span class='ocrx_word' id='word_1_220' title='bbox 3553 1630 3652 1683; x_wconf 86' lang='lat' dir='ltr'><strong>pro</strong></span> 
     </span>
    </p>
   </div>
   <div class='ocr_carea' id='block_1_31' title="bbox 2056 1691 3648 1775">
    <p class='ocr_par' dir='ltr' id='par_1_31' title="bbox 2056 1691 3648 1775">
     <span class='ocr_line' id='line_1_31' title="bbox 2056 1691 3648 1775; baseline 0.009 -29"><span class='ocrx_word' id='word_1_221' title='bbox 2056 1693 2256 1762; x_wconf 86' lang='lat' dir='ltr'><strong>populo</strong></span> <span class='ocrx_word' id='word_1_222' title='bbox 2281 1691 2482 1748; x_wconf 86' lang='lat' dir='ltr'><strong>Christi</strong></span> <span class='ocrx_word' id='word_1_223' title='bbox 2507 1695 2753 1764; x_wconf 80' lang='lat' dir='ltr'><strong>cogimur</strong></span> <span class='ocrx_word' id='word_1_224' title='bbox 2777 1707 3039 1768; x_wconf 80' lang='lat' dir='ltr'><strong>praestare</strong></span> <span class='ocrx_word' id='word_1_225' title='bbox 3059 1701 3648 1775; x_wconf 59' lang='lat' dir='ltr'><strong>rationem,discipli_na</strong></span> 
     </span>
    </p>
   </div>
   <div class='ocr_carea' id='block_1_32' title="bbox 2054 1781 3664 1862">
    <p class='ocr_par' dir='ltr' id='par_1_32' title="bbox 2054 1781 3664 1862">
     <span class='ocr_line' id='line_1_32' title="bbox 2054 1781 3664 1862; baseline 0.01 -24"><span class='ocrx_word' id='word_1_226' title='bbox 2054 1781 2246 1840; x_wconf 87' lang='lat' dir='ltr'><strong>deifica</strong></span> <span class='ocrx_word' id='word_1_227' title='bbox 2265 1784 2420 1857; x_wconf 74' lang='grc' dir='ltr'><strong>[ϐοά.</strong></span> <span class='ocrx_word' id='word_1_228' title='bbox 2444 1803 2568 1851; x_wconf 64' lang='lat' dir='ltr'><strong>ms,</strong></span> <span class='ocrx_word' id='word_1_229' title='bbox 2593 1789 2952 1862; x_wconf 88' lang='lat' dir='ltr'><strong>sanctiﬁcata]</strong></span> <span class='ocrx_word' id='word_1_230' title='bbox 2979 1793 3234 1862; x_wconf 84' lang='lat' dir='ltr'><strong>populum</strong></span> <span class='ocrx_word' id='word_1_231' title='bbox 3256 1795 3470 1851; x_wconf 81' lang='lat' dir='ltr'><strong>erudire</strong></span> <span class='ocrx_word' id='word_1_232' title='bbox 3494 1796 3664 1854; x_wconf 81' lang='lat' dir='ltr'><strong>debe-</strong></span> 
     </span>
    </p>
   </div>
   <div class='ocr_carea' id='block_1_33' title="bbox 354 1865 3644 1954">
    <p class='ocr_par' dir='ltr' id='par_1_33' title="bbox 354 1865 3644 1954">
     <span class='ocr_line' id='line_1_33' title="bbox 354 1865 3644 1954; baseline 0.008 -39"><span class='ocrx_word' id='word_1_233' title='bbox 354 1873 516 1930; x_wconf 90' lang='lat' dir='ltr'><strong>prout</strong></span> <span class='ocrx_word' id='word_1_234' title='bbox 549 1865 841 1934; x_wconf 89' lang='lat' dir='ltr'><strong>potuimus,</strong></span> <span class='ocrx_word' id='word_1_235' title='bbox 874 1865 1205 1936; x_wconf 89' lang='lat' dir='ltr'><strong>respondere</strong></span> <span class='ocrx_word' id='word_1_236' title='bbox 1247 1867 1551 1922; x_wconf 87' lang='lat' dir='ltr'><strong>curavimus</strong></span> <span class='ocrx_word' id='word_1_237' title='bbox 1576 1884 1591 1920; x_wconf 83' lang='lat'><strong>:</strong></span> <span class='ocrx_word' id='word_1_238' title='bbox 1628 1875 1686 1920; x_wconf 92' lang='lat' dir='ltr'><strong>ut</strong></span> <span class='ocrx_word' id='word_1_239' title='bbox 1710 1865 1947 1923; x_wconf 85' lang='lat' dir='ltr'><strong>Ecclesia</strong></span> <span class='ocrx_word' id='word_1_240' title='bbox 1978 1881 2024 1940; x_wconf 80' lang='grc' dir='ltr'><strong>Β</strong></span> <span class='ocrx_word' id='word_1_241' title='bbox 2053 1887 2192 1928; x_wconf 91' lang='lat' dir='ltr'><strong>mus.</strong></span> <span class='ocrx_word' id='word_1_242' title='bbox 2222 1872 2555 1930; x_wconf 82' lang='lat' dir='ltr'><strong>Exstiterunt</strong></span> <span class='ocrx_word' id='word_1_243' title='bbox 2573 1877 2717 1931; x_wconf 89' lang='lat' dir='ltr'><strong>enim</strong></span> <span class='ocrx_word' id='word_1_244' title='bbox 2740 1881 2984 1937; x_wconf 81' lang='lat' dir='ltr'><strong>nonnulli</strong></span> <span class='ocrx_word' id='word_1_245' title='bbox 3013 1882 3136 1951; x_wconf 65' lang='lat' dir='ltr'><strong>qui.~</strong></span> <span class='ocrx_word' id='word_1_246' title='bbox 3154 1891 3354 1938; x_wconf 80' lang='lat' dir='ltr'><strong>statuta</strong></span> <span class='ocrx_word' id='word_1_247' title='bbox 3382 1886 3644 1954; x_wconf 84' lang='lat' dir='ltr'><strong>majorum</strong></span> 
     </span>
    </p>
   </div>
   <div class='ocr_carea' id='block_1_34' title="bbox 356 1958 1942 2028">
    <p class='ocr_par' dir='ltr' id='par_1_34' title="bbox 356 1958 1942 2028">
     <span class='ocr_line' id='line_1_34' title="bbox 356 1958 1942 2028; baseline 0.001 -16"><span class='ocrx_word' id='word_1_248' title='bbox 356 1968 447 2012; x_wconf 89' lang='lat' dir='ltr'><strong>tua</strong></span> <span class='ocrx_word' id='word_1_249' title='bbox 479 1958 780 2014; x_wconf 81' lang='lat' dir='ltr'><strong>Romanam</strong></span> <span class='ocrx_word' id='word_1_250' title='bbox 811 1959 1276 2026; x_wconf 84' lang='lat' dir='ltr'><strong>consuetudinem,</strong></span> <span class='ocrx_word' id='word_1_251' title='bbox 1301 1975 1332 2014; x_wconf 90' lang='lat' dir='ltr'><strong>a</strong></span> <span class='ocrx_word' id='word_1_252' title='bbox 1355 1975 1466 2028; x_wconf 90' lang='lat' dir='ltr'><strong>qua</strong></span> <span class='ocrx_word' id='word_1_253' title='bbox 1487 1959 1748 2028; x_wconf 80' lang='lat' dir='ltr'><strong>originem</strong></span> <span class='ocrx_word' id='word_1_254' title='bbox 1777 1959 1942 2026; x_wconf 88' lang='lat' dir='ltr'><strong>ducit,</strong></span> 
     </span>
    </p>
   </div>
   <div class='ocr_carea' id='block_1_35' title="bbox 354 2051 1948 2120">
    <p class='ocr_par' dir='ltr' id='par_1_35' title="bbox 354 2051 1948 2120">
     <span class='ocr_line' id='line_1_35' title="bbox 354 2051 1948 2120; baseline 0.001 -15"><span class='ocrx_word' id='word_1_255' title='bbox 354 2064 573 2105; x_wconf 83' lang='lat' dir='ltr'><strong>servare</strong></span> <span class='ocrx_word' id='word_1_256' title='bbox 618 2051 796 2105; x_wconf 88' lang='lat' dir='ltr'><strong>valeat</strong></span> <span class='ocrx_word' id='word_1_257' title='bbox 844 2059 1008 2120; x_wconf 92' lang='lat' dir='ltr'><strong>atque</strong></span> <span class='ocrx_word' id='word_1_258' title='bbox 1060 2053 1372 2108; x_wconf 87' lang='lat' dir='ltr'><strong>custodire:</strong></span> <span class='ocrx_word' id='word_1_259' title='bbox 1401 2051 1605 2119; x_wconf 88' lang='lat' dir='ltr'><strong>reliqua</strong></span> <span class='ocrx_word' id='word_1_260' title='bbox 1647 2065 1794 2116; x_wconf 90' lang='lat' dir='ltr'><strong>vero,</strong></span> <span class='ocrx_word' id='word_1_261' title='bbox 1827 2066 1948 2120; x_wconf 81' lang='lat' dir='ltr'><strong>quae</strong></span> 
     </span>
    </p>
   </div>
   <div class='ocr_carea' id='block_1_36' title="bbox 352 2138 1947 2212">
    <p class='ocr_par' dir='ltr' id='par_1_36' title="bbox 352 2138 1947 2212">
     <span class='ocr_line' id='line_1_36' title="bbox 352 2138 1947 2212; baseline 0.001 -18"><span class='ocrx_word' id='word_1_262' title='bbox 352 2139 516 2194; x_wconf 86' lang='lat' dir='ltr'><strong>scribi</strong></span> <span class='ocrx_word' id='word_1_263' title='bbox 541 2138 620 2193; x_wconf 89' lang='lat' dir='ltr'><strong>fas</strong></span> <span class='ocrx_word' id='word_1_264' title='bbox 646 2156 754 2194; x_wconf 90' lang='lat' dir='ltr'><strong>non</strong></span> <span class='ocrx_word' id='word_1_265' title='bbox 777 2150 917 2206; x_wconf 86' lang='lat' dir='ltr'><strong>erat,</strong></span> <span class='ocrx_word' id='word_1_266' title='bbox 947 2157 1073 2200; x_wconf 88' lang='lat' dir='ltr'><strong>cum</strong></span> <span class='ocrx_word' id='word_1_267' title='bbox 1091 2142 1344 2208; x_wconf 89' lang='lat' dir='ltr'><strong>adfueris,</strong></span> <span class='ocrx_word' id='word_1_268' title='bbox 1379 2143 1696 2211; x_wconf 81' lang='lat' dir='ltr'><strong>interrogati</strong></span> <span class='ocrx_word' id='word_1_269' title='bbox 1744 2142 1947 2212; x_wconf 88' lang='lat' dir='ltr'><strong>poteri-</strong></span> 
     </span>
    </p>
   </div>
   <div class='ocr_carea' id='block_1_37' title="bbox 353 2230 1946 2302">
    <p class='ocr_par' dir='ltr' id='par_1_37' title="bbox 353 2230 1946 2302">
     <span class='ocr_line' id='line_1_37' title="bbox 353 2230 1946 2302; baseline 0.003 -20"><span class='ocrx_word' id='word_1_270' title='bbox 353 2244 476 2283; x_wconf 89' lang='lat' dir='ltr'><strong>mus</strong></span> <span class='ocrx_word' id='word_1_271' title='bbox 519 2230 752 2286; x_wconf 84' lang='lat' dir='ltr'><strong>edicere.</strong></span> <span class='ocrx_word' id='word_1_272' title='bbox 814 2231 928 2286; x_wconf 85' lang='lat' dir='ltr'><strong>Erit</strong></span> <span class='ocrx_word' id='word_1_273' title='bbox 956 2239 1136 2287; x_wconf 90' lang='lat' dir='ltr'><strong>autem</strong></span> <span class='ocrx_word' id='word_1_274' title='bbox 1167 2233 1422 2302; x_wconf 66' lang='lat' dir='ltr'><strong>potentiae</strong></span> <span class='ocrx_word' id='word_1_275' title='bbox 1463 2233 1675 2288; x_wconf 90' lang='lat' dir='ltr'><strong>Domini</strong></span> <span class='ocrx_word' id='word_1_276' title='bbox 1697 2233 1860 2287; x_wconf 87' lang='lat' dir='ltr'><strong>etiam</strong></span> <span class='ocrx_word' id='word_1_277' title='bbox 1890 2232 1946 2288; x_wconf 89' lang='lat' dir='ltr'><strong>id</strong></span> 
     </span>
    </p>
   </div>
   <div class='ocr_carea' id='block_1_38' title="bbox 348 2303 1946 2391">
    <p class='ocr_par' dir='ltr' id='par_1_38' title="bbox 348 2303 1946 2391">
     <span class='ocr_line' id='line_1_38' title="bbox 348 2303 1946 2391; baseline 0.003 -17"><span class='ocrx_word' id='word_1_278' title='bbox 348 2303 689 2390; x_wconf 87' lang='lat' dir='ltr'><strong>procurare,</strong></span> <span class='ocrx_word' id='word_1_279' title='bbox 740 2331 798 2378; x_wconf 92' lang='lat' dir='ltr'><strong>ut</strong></span> <span class='ocrx_word' id='word_1_280' title='bbox 851 2333 906 2378; x_wconf 92' lang='lat' dir='ltr'><strong>et</strong></span> <span class='ocrx_word' id='word_1_281' title='bbox 957 2331 1102 2378; x_wconf 87' lang='lat' dir='ltr'><strong>tuam</strong></span> <span class='ocrx_word' id='word_1_282' title='bbox 1148 2323 1469 2391; x_wconf 80' lang='lat' dir='ltr'><strong>Ecclesiam,</strong></span> <span class='ocrx_word' id='word_1_283' title='bbox 1513 2335 1571 2379; x_wconf 89' lang='lat' dir='ltr'><strong>et</strong></span> <span class='ocrx_word' id='word_1_284' title='bbox 1599 2325 1829 2380; x_wconf 86' lang='lat' dir='ltr'><strong>clericos</strong></span> <span class='ocrx_word' id='word_1_285' title='bbox 1850 2341 1946 2379; x_wconf 91' lang='lat' dir='ltr'><strong>no-</strong></span> 
     </span>
    </p>
   </div>
   <div class='ocr_carea' id='block_1_39' title="bbox 349 2412 1946 2482">
    <p class='ocr_par' dir='ltr' id='par_1_39' title="bbox 349 2412 1946 2482">
     <span class='ocr_line' id='line_1_39' title="bbox 349 2412 1946 2482; baseline 0.001 -16"><span class='ocrx_word' id='word_1_286' title='bbox 349 2419 513 2476; x_wconf 88' lang='lat' dir='ltr'><strong>stros,</strong></span> <span class='ocrx_word' id='word_1_287' title='bbox 545 2412 634 2480; x_wconf 91' lang='lat' dir='ltr'><strong>qui</strong></span> <span class='ocrx_word' id='word_1_288' title='bbox 663 2412 762 2467; x_wconf 90' lang='lat' dir='ltr'><strong>sub</strong></span> <span class='ocrx_word' id='word_1_289' title='bbox 810 2421 903 2468; x_wconf 78' lang='lat' dir='ltr'><strong>tuo</strong></span> <span class='ocrx_word' id='word_1_290' title='bbox 949 2412 1232 2482; x_wconf 85' lang='lat' dir='ltr'><strong>pontificio</strong></span> <span class='ocrx_word' id='word_1_291' title='bbox 1256 2415 1451 2470; x_wconf 89' lang='lat' dir='ltr'><strong>divinis</strong></span> <span class='ocrx_word' id='word_1_292' title='bbox 1480 2413 1806 2468; x_wconf 82' lang='lat' dir='ltr'><strong>famulantur</strong></span> <span class='ocrx_word' id='word_1_293' title='bbox 1827 2413 1946 2469; x_wconf 85' lang='lat' dir='ltr'><strong>ofﬁ-</strong></span> 
     </span>
    </p>
   </div>
   <div class='ocr_carea' id='block_1_40' title="bbox 349 2501 1946 2572">
    <p class='ocr_par' dir='ltr' id='par_1_40' title="bbox 349 2501 1946 2572">
     <span class='ocr_line' id='line_1_40' title="bbox 349 2501 1946 2572; baseline 0.001 -16"><span class='ocrx_word' id='word_1_294' title='bbox 349 2502 469 2566; x_wconf 91' lang='lat' dir='ltr'><strong>ciis,</strong></span> <span class='ocrx_word' id='word_1_295' title='bbox 519 2501 657 2557; x_wconf 89' lang='lat' dir='ltr'><strong>bene</strong></span> <span class='ocrx_word' id='word_1_296' title='bbox 709 2503 978 2568; x_wconf 86' lang='lat' dir='ltr'><strong>instituas.</strong></span> <span class='ocrx_word' id='word_1_297' title='bbox 1027 2512 1085 2560; x_wconf 87' lang='lat' dir='ltr'><strong>et</strong></span> <span class='ocrx_word' id='word_1_298' title='bbox 1131 2505 1250 2560; x_wconf 89' lang='lat' dir='ltr'><strong>aliis</strong></span> <span class='ocrx_word' id='word_1_299' title='bbox 1275 2503 1500 2560; x_wconf 91' lang='lat' dir='ltr'><strong>formam</strong></span> <span class='ocrx_word' id='word_1_300' title='bbox 1528 2504 1731 2559; x_wconf 78' lang='lat' dir='ltr'><strong>tribuas</strong></span> <span class='ocrx_word' id='word_1_301' title='bbox 1783 2518 1946 2572; x_wconf 89' lang='lat' dir='ltr'><strong>quam</strong></span> 
     </span>
    </p>
   </div>
   <div class='ocr_carea' id='block_1_41' title="bbox 347 2591 1942 2664">
    <p class='ocr_par' dir='ltr' id='par_1_41' title="bbox 347 2591 1942 2664">
     <span class='ocr_line' id='line_1_41' title="bbox 347 2591 1942 2664; baseline 0.001 -19"><span class='ocrx_word' id='word_1_302' title='bbox 347 2591 584 2646; x_wconf 86' lang='lat' dir='ltr'><strong>debeant</strong></span> <span class='ocrx_word' id='word_1_303' title='bbox 613 2593 830 2648; x_wconf 88' lang='lat' dir='ltr'><strong>imitari.</strong></span> <span class='ocrx_word' id='word_1_304' title='bbox 865 2593 998 2648; x_wconf 85' lang='lat' dir='ltr'><strong>Data</strong></span> <span class='ocrx_word' id='word_1_305' title='bbox 1021 2610 1111 2649; x_wconf 83' lang='lat' dir='ltr'><strong>xrv</strong></span> <span class='ocrx_word' id='word_1_306' title='bbox 1136 2595 1239 2649; x_wconf 88' lang='lat' dir='ltr'><strong>cal.</strong></span> <span class='ocrx_word' id='word_1_307' title='bbox 1275 2595 1446 2664; x_wconf 83' lang='lat' dir='ltr'><strong>April.</strong></span> <span class='ocrx_word' id='word_1_308' title='bbox 1477 2593 1782 2648; x_wconf 88' lang='lat' dir='ltr'><strong>Theodosio</strong></span> <span class='ocrx_word' id='word_1_309' title='bbox 1807 2593 1942 2664; x_wconf 85' lang='lat' dir='ltr'><strong>Aug.</strong></span> 
     </span>
    </p>
   </div>
   <div class='ocr_carea' id='block_1_42' title="bbox 346 2680 1690 2758">
    <p class='ocr_par' dir='ltr' id='par_1_42' title="bbox 346 2680 1690 2758">
     <span class='ocr_line' id='line_1_42' title="bbox 346 2680 1690 2758; baseline 0.004 -25"><span class='ocrx_word' id='word_1_310' title='bbox 346 2695 420 2735; x_wconf 87' lang='lat' dir='ltr'><strong>vn</strong></span> <span class='ocrx_word' id='word_1_311' title='bbox 439 2689 498 2736; x_wconf 90' lang='lat' dir='ltr'><strong>et</strong></span> <span class='ocrx_word' id='word_1_312' title='bbox 518 2680 758 2737; x_wconf 85' lang='lat' dir='ltr'><strong>Palladio</strong></span> <span class='ocrx_word' id='word_1_313' title='bbox 785 2700 835 2735; x_wconf 92' lang='lat' dir='ltr'><strong>v.</strong></span> <span class='ocrx_word' id='word_1_314' title='bbox 869 2699 920 2738; x_wconf 91' lang='lat' dir='ltr'><strong>c.</strong></span> <span class='ocrx_word' id='word_1_315' title='bbox 953 2700 1132 2740; x_wconf 89' lang='lat' dir='ltr'><strong>conss.</strong></span> <span class='ocrx_word' id='word_1_316' title='bbox 1163 2685 1288 2758; x_wconf 78' lang='lat' dir='ltr'><strong>(An.</strong></span> <span class='ocrx_word' id='word_1_317' title='bbox 1322 2685 1517 2739; x_wconf 83' lang='lat' dir='ltr'><strong>Christi</strong></span> <span class='ocrx_word' id='word_1_318' title='bbox 1538 2684 1690 2753; x_wconf 69' lang='lat'><strong>416.)</strong></span> 
     </span>
    </p>
   </div>
   <div class='ocr_carea' id='block_1_43' title="bbox 419 2771 1947 2846">
    <p class='ocr_par' dir='ltr' id='par_1_43' title="bbox 419 2771 1947 2846">
     <span class='ocr_line' id='line_1_43' title="bbox 419 2771 1947 2846; baseline 0.003 -21"><span class='ocrx_word' id='word_1_319' title='bbox 419 2771 766 2829; x_wconf 84' lang='lat' dir='ltr'><strong>Innocentius</strong></span> <span class='ocrx_word' id='word_1_320' title='bbox 788 2773 1052 2830; x_wconf 84' lang='lat' dir='ltr'><strong>Victricio</strong></span> <span class='ocrx_word' id='word_1_321' title='bbox 1082 2775 1341 2846; x_wconf 88' lang='lat' dir='ltr'><strong>episcopo</strong></span> <span class='ocrx_word' id='word_1_322' title='bbox 1358 2774 1780 2844; x_wconf 84' lang='lat' dir='ltr'><strong>Rbotomagensi</strong></span> <span class='ocrx_word' id='word_1_323' title='bbox 1808 2775 1947 2830; x_wconf 85' lang='lat' dir='ltr'><strong>salu-</strong></span> 
     </span>
    </p>
   </div>
   <div class='ocr_carea' id='block_1_44' title="bbox 345 2869 481 2916">
    <p class='ocr_par' dir='ltr' id='par_1_44' title="bbox 345 2869 481 2916">
     <span class='ocr_line' id='line_1_44' title="bbox 345 2869 481 2916; baseline 0.007 -2"><span class='ocrx_word' id='word_1_324' title='bbox 345 2869 481 2916; x_wconf 87' lang='lat' dir='ltr'><strong>tem.</strong></span> 
     </span>
    </p>
   </div>
   <div class='ocr_carea' id='block_1_45' title="bbox 417 2952 1944 3026">
    <p class='ocr_par' dir='ltr' id='par_1_45' title="bbox 417 2952 1944 3026">
     <span class='ocr_line' id='line_1_45' title="bbox 417 2952 1944 3026; baseline 0.005 -20"><span class='ocrx_word' id='word_1_325' title='bbox 417 2952 532 3010; x_wconf 90' lang='lat' dir='ltr'><strong>Etsi</strong></span> <span class='ocrx_word' id='word_1_326' title='bbox 560 2954 674 3020; x_wconf 90' lang='lat' dir='ltr'><strong>tibi,</strong></span> <span class='ocrx_word' id='word_1_327' title='bbox 707 2954 873 3012; x_wconf 81' lang='lat' dir='ltr'><strong>frater</strong></span> <span class='ocrx_word' id='word_1_328' title='bbox 902 2955 1240 3024; x_wconf 89' lang='lat' dir='ltr'><strong>charissime,</strong></span> <span class='ocrx_word' id='word_1_329' title='bbox 1271 2972 1370 3026; x_wconf 92' lang='lat' dir='ltr'><strong>pro</strong></span> <span class='ocrx_word' id='word_1_330' title='bbox 1400 2957 1597 3013; x_wconf 89' lang='lat' dir='ltr'><strong>merito</strong></span> <span class='ocrx_word' id='word_1_331' title='bbox 1653 2964 1708 3012; x_wconf 92' lang='lat' dir='ltr'><strong>et</strong></span> <span class='ocrx_word' id='word_1_332' title='bbox 1736 2958 1944 3014; x_wconf 89' lang='lat' dir='ltr'><strong>honore</strong></span> 
     </span>
    </p>
   </div>
   <div class='ocr_carea' id='block_1_46' title="bbox 342 3044 1944 3117">
    <p class='ocr_par' dir='ltr' id='par_1_46' title="bbox 342 3044 1944 3117">
     <span class='ocr_line' id='line_1_46' title="bbox 342 3044 1944 3117; baseline 0.004 -18"><span class='ocrx_word' id='word_1_333' title='bbox 342 3044 654 3112; x_wconf 86' lang='lat' dir='ltr'><strong>sacerdotii,</strong></span> <span class='ocrx_word' id='word_1_334' title='bbox 686 3060 795 3115; x_wconf 90' lang='lat' dir='ltr'><strong>quo</strong></span> <span class='ocrx_word' id='word_1_335' title='bbox 834 3047 1123 3116; x_wconf 89' lang='lat' dir='ltr'><strong>plurimum</strong></span> <span class='ocrx_word' id='word_1_336' title='bbox 1154 3049 1346 3117; x_wconf 87' lang='lat' dir='ltr'><strong>polles,</strong></span> <span class='ocrx_word' id='word_1_337' title='bbox 1375 3049 1588 3104; x_wconf 87' lang='lat' dir='ltr'><strong>vivendi</strong></span> <span class='ocrx_word' id='word_1_338' title='bbox 1612 3059 1668 3104; x_wconf 90' lang='lat' dir='ltr'><strong>et</strong></span> <span class='ocrx_word' id='word_1_339' title='bbox 1713 3049 1944 3106; x_wconf 90' lang='lat' dir='ltr'><strong>docendi</strong></span> 
     </span>
    </p>
   </div>
   <div class='ocr_carea' id='block_1_47' title="bbox 342 3137 1942 3209">
    <p class='ocr_par' dir='ltr' id='par_1_47' title="bbox 342 3137 1942 3209">
     <span class='ocr_line' id='line_1_47' title="bbox 342 3137 1942 3209; baseline 0.004 -17"><span class='ocrx_word' id='word_1_340' title='bbox 342 3137 639 3192; x_wconf 86' lang='lat' dir='ltr'><strong>secundum</strong></span> <span class='ocrx_word' id='word_1_341' title='bbox 664 3138 1060 3196; x_wconf 84' lang='lat' dir='ltr'><strong>ecclesiasticas</strong></span> <span class='ocrx_word' id='word_1_342' title='bbox 1081 3141 1294 3208; x_wconf 82' lang='lat' dir='ltr'><strong>regulas</strong></span> <span class='ocrx_word' id='word_1_343' title='bbox 1314 3149 1445 3196; x_wconf 88' lang='lat' dir='ltr'><strong>nota</strong></span> <span class='ocrx_word' id='word_1_344' title='bbox 1465 3150 1591 3197; x_wconf 90' lang='lat' dir='ltr'><strong>sunt</strong></span> <span class='ocrx_word' id='word_1_345' title='bbox 1617 3143 1819 3209; x_wconf 87' lang='lat' dir='ltr'><strong>onmia,</strong></span> <span class='ocrx_word' id='word_1_346' title='bbox 1843 3159 1942 3199; x_wconf 89' lang='lat' dir='ltr'><strong>ne-</strong></span> 
     </span>
    </p>
   </div>
   <div class='ocr_carea' id='block_1_48' title="bbox 341 3227 2013 3315">
    <p class='ocr_par' dir='ltr' id='par_1_48' title="bbox 341 3227 2013 3315">
     <span class='ocr_line' id='line_1_48' title="bbox 341 3227 2013 3315; baseline 0.007 -36"><span class='ocrx_word' id='word_1_347' title='bbox 341 3239 450 3294; x_wconf 90' lang='lat' dir='ltr'><strong>que</strong></span> <span class='ocrx_word' id='word_1_348' title='bbox 478 3234 562 3280; x_wconf 92' lang='lat' dir='ltr'><strong>est</strong></span> <span class='ocrx_word' id='word_1_349' title='bbox 588 3227 792 3296; x_wconf 88' lang='lat' dir='ltr'><strong>aliquid</strong></span> <span class='ocrx_word' id='word_1_350' title='bbox 821 3228 967 3299; x_wconf 89' lang='lat' dir='ltr'><strong>quod</strong></span> <span class='ocrx_word' id='word_1_351' title='bbox 1015 3229 1085 3285; x_wconf 92' lang='lat' dir='ltr'><strong>de</strong></span> <span class='ocrx_word' id='word_1_352' title='bbox 1109 3229 1278 3285; x_wconf 88' lang='lat' dir='ltr'><strong>sacris</strong></span> <span class='ocrx_word' id='word_1_353' title='bbox 1305 3230 1628 3287; x_wconf 87' lang='lat' dir='ltr'><strong>lectionibus</strong></span> <span class='ocrx_word' id='word_1_354' title='bbox 1649 3232 1745 3288; x_wconf 87' lang='lat' dir='ltr'><strong>tibi</strong></span> <span class='ocrx_word' id='word_1_355' title='bbox 1766 3234 1942 3290; x_wconf 90' lang='lat' dir='ltr'><strong>minus</strong></span> <span class='ocrx_word' id='word_1_356' title='bbox 1970 3253 2013 3315; x_wconf 65' lang='grc' dir='ltr'><strong>(ς</strong></span> 
     </span>
    </p>
   </div>
   <div class='ocr_carea' id='block_1_49' title="bbox 341 3315 1935 3391">
    <p class='ocr_par' dir='ltr' id='par_1_49' title="bbox 341 3315 1935 3391">
     <span class='ocr_line' id='line_1_49' title="bbox 341 3315 1935 3391; baseline 0.006 -22"><span class='ocrx_word' id='word_1_357' title='bbox 341 3315 627 3371; x_wconf 87' lang='lat' dir='ltr'><strong>collectum</strong></span> <span class='ocrx_word' id='word_1_358' title='bbox 692 3332 812 3373; x_wconf 91' lang='lat' dir='ltr'><strong>esse</strong></span> <span class='ocrx_word' id='word_1_359' title='bbox 866 3318 1166 3375; x_wconf 89' lang='lat' dir='ltr'><strong>videatur:</strong></span> <span class='ocrx_word' id='word_1_360' title='bbox 1221 3328 1401 3375; x_wconf 89' lang='lat' dir='ltr'><strong>tamen</strong></span> <span class='ocrx_word' id='word_1_361' title='bbox 1472 3321 1600 3391; x_wconf 88' lang='lat' dir='ltr'><strong>quia</strong></span> <span class='ocrx_word' id='word_1_362' title='bbox 1679 3323 1935 3379; x_wconf 80' lang='lat' dir='ltr'><strong>Romana:</strong></span> 
     </span>
    </p>
   </div>
   <div class='ocr_carea' id='block_1_50' title="bbox 341 3405 1938 3486">
    <p class='ocr_par' dir='ltr' id='par_1_50' title="bbox 341 3405 1938 3486">
     <span class='ocr_line' id='line_1_50' title="bbox 341 3405 1938 3486; baseline 0.006 -26"><span class='ocrx_word' id='word_1_363' title='bbox 341 3405 600 3462; x_wconf 70' lang='lat' dir='ltr'><strong>Ecclesiae</strong></span> <span class='ocrx_word' id='word_1_364' title='bbox 632 3424 889 3477; x_wconf 51' lang='lat' dir='ltr'><strong>‘normam</strong></span> <span class='ocrx_word' id='word_1_365' title='bbox 970 3419 1134 3480; x_wconf 89' lang='lat' dir='ltr'><strong>atque</strong></span> <span class='ocrx_word' id='word_1_366' title='bbox 1181 3412 1564 3467; x_wconf 84' lang='lat' dir='ltr'><strong>auctoritatem</strong></span> <span class='ocrx_word' id='word_1_367' title='bbox 1611 3427 1938 3486; x_wconf 86' lang='lat' dir='ltr'><strong>magnopere</strong></span> 
     </span>
    </p>
   </div>
   <div class='ocr_carea' id='block_1_51' title="bbox 341 3497 1938 3573">
    <p class='ocr_par' dir='ltr' id='par_1_51' title="bbox 341 3497 1938 3573">
     <span class='ocr_line' id='line_1_51' title="bbox 341 3497 1938 3573; baseline 0.007 -24"><span class='ocrx_word' id='word_1_368' title='bbox 341 3497 649 3565; x_wconf 90' lang='lat' dir='ltr'><strong>postulasti,</strong></span> <span class='ocrx_word' id='word_1_369' title='bbox 701 3499 963 3554; x_wconf 87' lang='lat' dir='ltr'><strong>voluntati</strong></span> <span class='ocrx_word' id='word_1_370' title='bbox 1020 3508 1125 3555; x_wconf 70' lang='lat' dir='ltr'><strong>tua:</strong></span> <span class='ocrx_word' id='word_1_371' title='bbox 1172 3516 1378 3556; x_wconf 87' lang='lat' dir='ltr'><strong>morem</strong></span> <span class='ocrx_word' id='word_1_372' title='bbox 1426 3503 1712 3558; x_wconf 89' lang='lat' dir='ltr'><strong>admodum</strong></span> <span class='ocrx_word' id='word_1_373' title='bbox 1744 3519 1938 3573; x_wconf 82' lang='lat' dir='ltr'><strong>gerens</strong></span> 
     </span>
    </p>
   </div>
   <div class='ocr_carea' id='block_1_52' title="bbox 343 3584 1936 3661">
    <p class='ocr_par' dir='ltr' id='par_1_52' title="bbox 343 3584 1936 3661">
     <span class='ocr_line' id='line_1_52' title="bbox 343 3584 1936 3661; baseline 0.006 -24"><span class='ocrx_word' id='word_1_374' title='bbox 343 3584 580 3653; x_wconf 86' lang='lat' dir='ltr'><strong>digestas</strong></span> <span class='ocrx_word' id='word_1_375' title='bbox 609 3588 732 3642; x_wconf 68' lang='lat' dir='ltr'><strong>vita:</strong></span> <span class='ocrx_word' id='word_1_376' title='bbox 780 3596 837 3643; x_wconf 89' lang='lat' dir='ltr'><strong>et</strong></span> <span class='ocrx_word' id='word_1_377' title='bbox 856 3604 1066 3644; x_wconf 90' lang='lat' dir='ltr'><strong>morum</strong></span> <span class='ocrx_word' id='word_1_378' title='bbox 1112 3590 1474 3659; x_wconf 88' lang='lat' dir='ltr'><strong>probabilium</strong></span> <span class='ocrx_word' id='word_1_379' title='bbox 1501 3591 1810 3661; x_wconf 87' lang='lat' dir='ltr'><strong>disciplinas</strong></span> <span class='ocrx_word' id='word_1_380' title='bbox 1837 3609 1936 3657; x_wconf 90' lang='lat' dir='ltr'><strong>an-_</strong></span> 
     </span>
    </p>
   </div>
   <div class='ocr_carea' id='block_1_53' title="bbox 342 3675 1937 3748">
    <p class='ocr_par' dir='ltr' id='par_1_53' title="bbox 342 3675 1937 3748">
     <span class='ocr_line' id='line_1_53' title="bbox 342 3675 1937 3748; baseline 0.007 -21"><span class='ocrx_word' id='word_1_381' title='bbox 342 3687 509 3729; x_wconf 77' lang='lat' dir='ltr'><strong>nexas</strong></span> <span class='ocrx_word' id='word_1_382' title='bbox 537 3675 733 3731; x_wconf 89' lang='lat' dir='ltr'><strong>litteris</strong></span> <span class='ocrx_word' id='word_1_383' title='bbox 755 3678 891 3732; x_wconf 89' lang='lat' dir='ltr'><strong>meis</strong></span> <span class='ocrx_word' id='word_1_384' title='bbox 913 3679 1054 3742; x_wconf 89' lang='lat' dir='ltr'><strong>misi,</strong></span> <span class='ocrx_word' id='word_1_385' title='bbox 1087 3694 1184 3748; x_wconf 91' lang='lat' dir='ltr'><strong>per</strong></span> <span class='ocrx_word' id='word_1_386' title='bbox 1203 3693 1338 3748; x_wconf 88' lang='lat' dir='ltr'><strong>quas</strong></span> <span class='ocrx_word' id='word_1_387' title='bbox 1362 3681 1646 3736; x_wconf 88' lang='lat' dir='ltr'><strong>advertant</strong></span> <span class='ocrx_word' id='word_1_388' title='bbox 1679 3683 1937 3738; x_wconf 89' lang='lat' dir='ltr'><strong>ecclesia-</strong></span> 
     </span>
    </p>
   </div>
   <div class='ocr_carea' id='block_1_54' title="bbox 339 3765 1936 3841">
    <p class='ocr_par' dir='ltr' id='par_1_54' title="bbox 339 3765 1936 3841">
     <span class='ocr_line' id='line_1_54' title="bbox 339 3765 1936 3841; baseline 0.008 -24"><span class='ocrx_word' id='word_1_389' title='bbox 339 3777 459 3818; x_wconf 89' lang='lat' dir='ltr'><strong>rum</strong></span> <span class='ocrx_word' id='word_1_390' title='bbox 483 3765 720 3834; x_wconf 88' lang='lat' dir='ltr'><strong>regionis</strong></span> <span class='ocrx_word' id='word_1_391' title='bbox 745 3775 939 3822; x_wconf 74' lang='lat' dir='ltr'><strong>vestrae</strong></span> <span class='ocrx_word' id='word_1_392' title='bbox 966 3769 1174 3839; x_wconf 88' lang='lat' dir='ltr'><strong>populi,</strong></span> <span class='ocrx_word' id='word_1_393' title='bbox 1223 3771 1418 3838; x_wconf 89' lang='lat' dir='ltr'><strong>quibus</strong></span> <span class='ocrx_word' id='word_1_394' title='bbox 1437 3771 1600 3826; x_wconf 88' lang='lat' dir='ltr'><strong>rebus</strong></span> <span class='ocrx_word' id='word_1_395' title='bbox 1638 3780 1694 3828; x_wconf 90' lang='lat' dir='ltr'><strong>et</strong></span> <span class='ocrx_word' id='word_1_396' title='bbox 1738 3775 1936 3841; x_wconf 89' lang='lat' dir='ltr'><strong>regulis</strong></span> 
     </span>
    </p>
   </div>
   <div class='ocr_carea' id='block_1_55' title="bbox 337 3853 1936 3934">
    <p class='ocr_par' dir='ltr' id='par_1_55' title="bbox 337 3853 1936 3934">
     <span class='ocr_line' id='line_1_55' title="bbox 337 3853 1936 3934; baseline 0.007 -26"><span class='ocrx_word' id='word_1_397' title='bbox 337 3853 768 3913; x_wconf 82' lang='lat' dir='ltr'><strong>Christianorum</strong></span> <span class='ocrx_word' id='word_1_398' title='bbox 818 3859 928 3926; x_wconf 86' lang='lat' dir='ltr'><strong>vita</strong></span> <span class='ocrx_word' id='word_1_399' title='bbox 986 3860 1039 3914; x_wconf 90' lang='lat' dir='ltr'><strong>in</strong></span> <span class='ocrx_word' id='word_1_400' title='bbox 1064 3875 1181 3934; x_wconf 13' lang='lat' dir='ltr'><strong>“sua</strong></span> <span class='ocrx_word' id='word_1_401' title='bbox 1211 3861 1579 3932; x_wconf 88' lang='lat' dir='ltr'><strong>cujuscunque</strong></span> <span class='ocrx_word' id='word_1_402' title='bbox 1602 3863 1936 3933; x_wconf 74' lang='lat' dir='ltr'><strong>professione</strong></span> 
     </span>
    </p>
   </div>
   <div class='ocr_carea' id='block_1_56' title="bbox 337 3946 1934 4019">
    <p class='ocr_par' dir='ltr' id='par_1_56' title="bbox 337 3946 1934 4019">
     <span class='ocr_line' id='line_1_56' title="bbox 337 3946 1934 4019; baseline 0.006 -19"><span class='ocrx_word' id='word_1_403' title='bbox 337 3946 536 4002; x_wconf 88' lang='lat' dir='ltr'><strong>debeat</strong></span> <span class='ocrx_word' id='word_1_404' title='bbox 561 3949 848 4016; x_wconf 79' lang='lat' dir='ltr'><strong>contineri,</strong></span> <span class='ocrx_word' id='word_1_405' title='bbox 870 3950 1154 4019; x_wconf 89' lang='lat' dir='ltr'><strong>qualisque</strong></span> <span class='ocrx_word' id='word_1_406' title='bbox 1193 3961 1438 4007; x_wconf 87' lang='lat' dir='ltr'><strong>servetur</strong></span> <span class='ocrx_word' id='word_1_407' title='bbox 1466 3954 1522 4008; x_wconf 91' lang='lat' dir='ltr'><strong>in</strong></span> <span class='ocrx_word' id='word_1_408' title='bbox 1550 3955 1697 4010; x_wconf 90' lang='lat' dir='ltr'><strong>urbis</strong></span> <span class='ocrx_word' id='word_1_409' title='bbox 1746 3954 1934 4011; x_wconf 71' lang='lat' dir='ltr'><strong>Romte</strong></span> 
     </span>
    </p>
   </div>
   <div class='ocr_carea' id='block_1_57' title="bbox 339 4034 1934 4115">
    <p class='ocr_par' dir='ltr' id='par_1_57' title="bbox 339 4034 1934 4115">
     <span class='ocr_line' id='line_1_57' title="bbox 339 4034 1934 4115; baseline 0.008 -27"><span class='ocrx_word' id='word_1_410' title='bbox 339 4034 586 4091; x_wconf 90' lang='lat' dir='ltr'><strong>ecclesiis</strong></span> <span class='ocrx_word' id='word_1_411' title='bbox 625 4036 928 4106; x_wconf 88' lang='lat' dir='ltr'><strong>disciplina.</strong></span> <span class='ocrx_word' id='word_1_412' title='bbox 960 4038 1075 4094; x_wconf 87' lang='lat' dir='ltr'><strong>Erit</strong></span> <span class='ocrx_word' id='word_1_413' title='bbox 1102 4039 1408 4096; x_wconf 90' lang='lat' dir='ltr'><strong>dilectionis</strong></span> <span class='ocrx_word' id='word_1_414' title='bbox 1453 4050 1559 4097; x_wconf 67' lang='lat' dir='ltr'><strong>tua:</strong></span> <span class='ocrx_word' id='word_1_415' title='bbox 1608 4059 1705 4114; x_wconf 92' lang='lat' dir='ltr'><strong>per</strong></span> <span class='ocrx_word' id='word_1_416' title='bbox 1747 4046 1934 4115; x_wconf 91' lang='lat' dir='ltr'><strong>plebes</strong></span> 
     </span>
    </p>
   </div>
   <div class='ocr_carea' id='block_1_58' title="bbox 339 4126 1934 4202">
    <p class='ocr_par' dir='ltr' id='par_1_58' title="bbox 339 4126 1934 4202">
     <span class='ocr_line' id='line_1_58' title="bbox 339 4126 1934 4202; baseline 0.008 -23"><span class='ocrx_word' id='word_1_417' title='bbox 339 4126 614 4194; x_wconf 87' lang='lat' dir='ltr'><strong>finitimas,</strong></span> <span class='ocrx_word' id='word_1_418' title='bbox 646 4139 702 4184; x_wconf 86' lang='lat' dir='ltr'><strong>et</strong></span> <span class='ocrx_word' id='word_1_419' title='bbox 730 4131 1151 4186; x_wconf 88' lang='lat' dir='ltr'><strong>consacerdotes</strong></span> <span class='ocrx_word' id='word_1_420' title='bbox 1175 4140 1414 4201; x_wconf 91' lang='lat' dir='ltr'><strong>nostros,</strong></span> <span class='ocrx_word' id='word_1_421' title='bbox 1437 4135 1530 4202; x_wconf 91' lang='lat' dir='ltr'><strong>qui</strong></span> <span class='ocrx_word' id='word_1_422' title='bbox 1582 4135 1638 4189; x_wconf 89' lang='lat' dir='ltr'><strong>in</strong></span> <span class='ocrx_word' id='word_1_423' title='bbox 1692 4136 1798 4192; x_wconf 87' lang='lat' dir='ltr'><strong>illis</strong></span> <span class='ocrx_word' id='word_1_424' title='bbox 1848 4152 1934 4192; x_wconf 86' lang='lat' dir='ltr'><strong>re-</strong></span> 
     </span>
    </p>
   </div>
   <div class='ocr_carea' id='block_1_59' title="bbox 336 4218 1934 4294">
    <p class='ocr_par' dir='ltr' id='par_1_59' title="bbox 336 4218 1934 4294">
     <span class='ocr_line' id='line_1_59' title="bbox 336 4218 1934 4294; baseline 0.008 -23"><span class='ocrx_word' id='word_1_425' title='bbox 336 4218 586 4285; x_wconf 83' lang='lat' dir='ltr'><strong>gionibus</strong></span> <span class='ocrx_word' id='word_1_426' title='bbox 609 4221 844 4290; x_wconf 88' lang='lat' dir='ltr'><strong>propriis</strong></span> <span class='ocrx_word' id='word_1_427' title='bbox 867 4219 1119 4278; x_wconf 87' lang='lat' dir='ltr'><strong>Ecclesiis</strong></span> <span class='ocrx_word' id='word_1_428' title='bbox 1137 4223 1445 4292; x_wconf 64' lang='lat' dir='ltr'><strong>praesident,</strong></span> <span class='ocrx_word' id='word_1_429' title='bbox 1470 4225 1774 4294; x_wconf 85' lang='lat' dir='ltr'><strong>regularum</strong></span> <span class='ocrx_word' id='word_1_430' title='bbox 1790 4229 1934 4284; x_wconf 92' lang='lat' dir='ltr'><strong>hunc</strong></span> 
     </span>
    </p>
   </div>
   <div class='ocr_carea' id='block_1_60' title="bbox 338 4307 1932 4383">
    <p class='ocr_par' dir='ltr' id='par_1_60' title="bbox 338 4307 1932 4383">
     <span class='ocr_line' id='line_1_60' title="bbox 338 4307 1932 4383; baseline 0.008 -22"><span class='ocrx_word' id='word_1_431' title='bbox 338 4307 534 4364; x_wconf 89' lang='lat' dir='ltr'><strong>librum</strong></span> <span class='ocrx_word' id='word_1_432' title='bbox 587 4310 738 4381; x_wconf 88' lang='lat' dir='ltr'><strong>quasi</strong></span> <span class='ocrx_word' id='word_1_433' title='bbox 764 4311 1152 4367; x_wconf 87' lang='lat' dir='ltr'><strong>didascalicum</strong></span> <span class='ocrx_word' id='word_1_434' title='bbox 1203 4322 1366 4383; x_wconf 89' lang='lat' dir='ltr'><strong>atque</strong></span> <span class='ocrx_word' id='word_1_435' title='bbox 1389 4316 1716 4371; x_wconf 89' lang='lat' dir='ltr'><strong>monitorem</strong></span> <span class='ocrx_word' id='word_1_436' title='bbox 1740 4318 1932 4376; x_wconf 92' lang='lat' dir='ltr'><strong>sedulo</strong></span> 
     </span>
    </p>
   </div>
   <div class='ocr_carea' id='block_1_61' title="bbox 336 4401 1933 4472">
    <p class='ocr_par' dir='ltr' id='par_1_61' title="bbox 336 4401 1933 4472">
     <span class='ocr_line' id='line_1_61' title="bbox 336 4401 1933 4472; baseline 0.008 -18"><span class='ocrx_word' id='word_1_437' title='bbox 336 4401 614 4456; x_wconf 87' lang='lat' dir='ltr'><strong>insinuare</strong></span> <span class='ocrx_word' id='word_1_438' title='bbox 639 4420 652 4454; x_wconf 89' lang='lat'><strong>:</strong></span> <span class='ocrx_word' id='word_1_439' title='bbox 681 4412 740 4456; x_wconf 92' lang='lat' dir='ltr'><strong>ut</strong></span> <span class='ocrx_word' id='word_1_440' title='bbox 763 4410 819 4457; x_wconf 87' lang='lat' dir='ltr'><strong>et</strong></span> <span class='ocrx_word' id='word_1_441' title='bbox 838 4411 1056 4458; x_wconf 91' lang='lat' dir='ltr'><strong>nostros</strong></span> <span class='ocrx_word' id='word_1_442' title='bbox 1079 4417 1429 4472; x_wconf 83' lang='lat' dir='ltr'><strong>cognoscere,</strong></span> <span class='ocrx_word' id='word_1_443' title='bbox 1455 4415 1511 4460; x_wconf 92' lang='lat' dir='ltr'><strong>et</strong></span> <span class='ocrx_word' id='word_1_444' title='bbox 1529 4407 1595 4462; x_wconf 89' lang='lat' dir='ltr'><strong>ad</strong></span> <span class='ocrx_word' id='word_1_445' title='bbox 1621 4408 1779 4464; x_wconf 86' lang='lat' dir='ltr'><strong>fidem</strong></span> <span class='ocrx_word' id='word_1_446' title='bbox 1801 4426 1933 4466; x_wconf 87' lang='lat' dir='ltr'><strong>con-</strong></span> 
     </span>
    </p>
   </div>
   <div class='ocr_carea' id='block_1_62' title="bbox 335 4491 1926 4558">
    <p class='ocr_par' dir='ltr' id='par_1_62' title="bbox 335 4491 1926 4558">
     <span class='ocr_line' id='line_1_62' title="bbox 335 4491 1926 4558; baseline 0.009 -16"><span class='ocrx_word' id='word_1_447' title='bbox 335 4491 618 4551; x_wconf 84' lang='lat' dir='ltr'><strong>ﬂuentium</strong></span> <span class='ocrx_word' id='word_1_448' title='bbox 649 4509 828 4549; x_wconf 91' lang='lat' dir='ltr'><strong>mores</strong></span> <span class='ocrx_word' id='word_1_449' title='bbox 854 4493 1072 4549; x_wconf 89' lang='lat' dir='ltr'><strong>valeant</strong></span> <span class='ocrx_word' id='word_1_450' title='bbox 1097 4495 1325 4550; x_wconf 92' lang='lat' dir='ltr'><strong>docendi</strong></span> <span class='ocrx_word' id='word_1_451' title='bbox 1354 4497 1637 4554; x_wconf 90' lang='lat' dir='ltr'><strong>sedulitate</strong></span> <span class='ocrx_word' id='word_1_452' title='bbox 1675 4499 1926 4558; x_wconf 81' lang='lat' dir='ltr'><strong>formare.</strong></span> 
     </span>
    </p>
   </div>
   <div class='ocr_carea' id='block_1_63' title="bbox 333 4584 2006 4675">
    <p class='ocr_par' dir='ltr' id='par_1_63' title="bbox 333 4584 2006 4675">
     <span class='ocr_line' id='line_1_63' title="bbox 333 4584 2006 4675; baseline 0.012 -42"><span class='ocrx_word' id='word_1_453' title='bbox 333 4584 447 4635; x_wconf 82' lang='lat' dir='ltr'><strong>Ant</strong></span> <span class='ocrx_word' id='word_1_454' title='bbox 477 4584 620 4636; x_wconf 89' lang='lat' dir='ltr'><strong>enim</strong></span> <span class='ocrx_word' id='word_1_455' title='bbox 643 4585 980 4653; x_wconf 90' lang='lat' dir='ltr'><strong>propositum</strong></span> <span class='ocrx_word' id='word_1_456' title='bbox 1001 4601 1158 4641; x_wconf 91' lang='lat' dir='ltr'><strong>suum</strong></span> <span class='ocrx_word' id='word_1_457' title='bbox 1183 4601 1252 4642; x_wconf 81' lang='lat' dir='ltr'><strong>ex</strong></span> <span class='ocrx_word' id='word_1_458' title='bbox 1282 4587 1384 4643; x_wconf 90' lang='lat' dir='ltr'><strong>hac</strong></span> <span class='ocrx_word' id='word_1_459' title='bbox 1406 4597 1590 4648; x_wconf 85' lang='lat' dir='ltr'><strong>nostra</strong></span> <span class='ocrx_word' id='word_1_460' title='bbox 1611 4593 1925 4660; x_wconf 82' lang='lat' dir='ltr'><strong>congruenti</strong></span> <span class='ocrx_word' id='word_1_461' title='bbox 1956 4616 2006 4675; x_wconf 75' lang='grc' dir='ltr'><strong>Ι)</strong></span> 
     </span>
    </p>
   </div>
   <div class='ocr_carea' id='block_1_64' title="bbox 332 4672 1921 4749">
    <p class='ocr_par' dir='ltr' id='par_1_64' title="bbox 332 4672 1921 4749">
     <span class='ocr_line' id='line_1_64' title="bbox 332 4672 1921 4749; baseline 0.007 -24"><span class='ocrx_word' id='word_1_462' title='bbox 332 4672 571 4726; x_wconf 84' lang='lat' dir='ltr'><strong>lectione</strong></span> <span class='ocrx_word' id='word_1_463' title='bbox 621 4683 972 4742; x_wconf 84' lang='lat' dir='ltr'><strong>cognoscent,</strong></span> <span class='ocrx_word' id='word_1_464' title='bbox 1001 4684 1096 4730; x_wconf 89' lang='lat' dir='ltr'><strong>aut</strong></span> <span class='ocrx_word' id='word_1_465' title='bbox 1135 4676 1181 4733; x_wconf 89' lang='lat' dir='ltr'><strong>si</strong></span> <span class='ocrx_word' id='word_1_466' title='bbox 1207 4677 1333 4746; x_wconf 93' lang='lat' dir='ltr'><strong>quid</strong></span> <span class='ocrx_word' id='word_1_467' title='bbox 1363 4679 1540 4733; x_wconf 91' lang='lat' dir='ltr'><strong>adhuc</strong></span> <span class='ocrx_word' id='word_1_468' title='bbox 1563 4679 1921 4749; x_wconf 85' lang='lat' dir='ltr'><strong>desideratur,</strong></span> 
     </span>
    </p>
   </div>
   <div class='ocr_carea' id='block_1_65' title="bbox 331 4763 1926 4842">
    <p class='ocr_par' dir='ltr' id='par_1_65' title="bbox 331 4763 1926 4842">
     <span class='ocr_line' id='line_1_65' title="bbox 331 4763 1926 4842; baseline 0.007 -26"><span class='ocrx_word' id='word_1_469' title='bbox 331 4763 497 4819; x_wconf 86' lang='lat' dir='ltr'><strong>facile</strong></span> <span class='ocrx_word' id='word_1_470' title='bbox 527 4774 781 4834; x_wconf 86' lang='lat' dir='ltr'><strong>poterunt</strong></span> <span class='ocrx_word' id='word_1_471' title='bbox 806 4781 873 4821; x_wconf 83' lang='lat' dir='ltr'><strong>ex</strong></span> <span class='ocrx_word' id='word_1_472' title='bbox 896 4767 1040 4822; x_wconf 90' lang='lat' dir='ltr'><strong>bona</strong></span> <span class='ocrx_word' id='word_1_473' title='bbox 1068 4767 1373 4825; x_wconf 86' lang='lat' dir='ltr'><strong>imitatione</strong></span> <span class='ocrx_word' id='word_1_474' title='bbox 1401 4770 1672 4841; x_wconf 87' lang='lat' dir='ltr'><strong>supplere.</strong></span> <span class='ocrx_word' id='word_1_475' title='bbox 1703 4771 1926 4842; x_wconf 86' lang='lat' dir='ltr'><strong>Incipia-</strong></span> 
     </span>
    </p>
   </div>
   <div class='ocr_carea' id='block_1_66' title="bbox 329 4857 1926 4935">
    <p class='ocr_par' dir='ltr' id='par_1_66' title="bbox 329 4857 1926 4935">
     <span class='ocr_line' id='line_1_66' title="bbox 329 4857 1926 4935; baseline 0.006 -25"><span class='ocrx_word' id='word_1_476' title='bbox 329 4872 453 4910; x_wconf 88' lang='lat' dir='ltr'><strong>mus</strong></span> <span class='ocrx_word' id='word_1_477' title='bbox 502 4857 679 4925; x_wconf 85' lang='lat' dir='ltr'><strong>igitur,</strong></span> <span class='ocrx_word' id='word_1_478' title='bbox 732 4857 1024 4927; x_wconf 88' lang='lat' dir='ltr'><strong>adjuvante</strong></span> <span class='ocrx_word' id='word_1_479' title='bbox 1075 4866 1268 4916; x_wconf 88' lang='lat' dir='ltr'><strong>sancto</strong></span> <span class='ocrx_word' id='word_1_480' title='bbox 1313 4862 1562 4930; x_wconf 89' lang='lat' dir='ltr'><strong>apostolo</strong></span> <span class='ocrx_word' id='word_1_481' title='bbox 1618 4863 1798 4930; x_wconf 81' lang='lat' dir='ltr'><strong>Petro,</strong></span> <span class='ocrx_word' id='word_1_482' title='bbox 1830 4879 1926 4935; x_wconf 86' lang='lat' dir='ltr'><strong>per</strong></span> 
     </span>
    </p>
   </div>
   <div class='ocr_carea' id='block_1_67' title="bbox 329 4950 1926 5028">
    <p class='ocr_par' dir='ltr' id='par_1_67' title="bbox 329 4950 1926 5028">
     <span class='ocr_line' id='line_1_67' title="bbox 329 4950 1926 5028; baseline 0.007 -26"><span class='ocrx_word' id='word_1_483' title='bbox 329 4961 495 5016; x_wconf 90' lang='lat' dir='ltr'><strong>quem</strong></span> <span class='ocrx_word' id='word_1_484' title='bbox 520 4958 575 5002; x_wconf 89' lang='lat' dir='ltr'><strong>ct</strong></span> <span class='ocrx_word' id='word_1_485' title='bbox 595 4950 925 5020; x_wconf 88' lang='lat' dir='ltr'><strong>apostolatus</strong></span> <span class='ocrx_word' id='word_1_486' title='bbox 971 4959 1027 5006; x_wconf 91' lang='lat' dir='ltr'><strong>et</strong></span> <span class='ocrx_word' id='word_1_487' title='bbox 1055 4951 1400 5022; x_wconf 84' lang='lat' dir='ltr'><strong>episcopatus</strong></span> <span class='ocrx_word' id='word_1_488' title='bbox 1424 4955 1478 5009; x_wconf 89' lang='lat' dir='ltr'><strong>in</strong></span> <span class='ocrx_word' id='word_1_489' title='bbox 1525 4953 1741 5013; x_wconf 88' lang='lat' dir='ltr'><strong>Christo</strong></span> <span class='ocrx_word' id='word_1_490' title='bbox 1781 4957 1926 5028; x_wconf 88' lang='lat' dir='ltr'><strong>cepit</strong></span> 
     </span>
    </p>
   </div>
   <div class='ocr_carea' id='block_1_68' title="bbox 329 5037 1923 5115">
    <p class='ocr_par' dir='ltr' id='par_1_68' title="bbox 329 5037 1923 5115">
     <span class='ocr_line' id='line_1_68' title="bbox 329 5037 1923 5115; baseline 0.006 -23"><span class='ocrx_word' id='word_1_491' title='bbox 329 5037 615 5092; x_wconf 82' lang='lat' dir='ltr'><strong>exordium</strong></span> <span class='ocrx_word' id='word_1_492' title='bbox 642 5057 654 5092; x_wconf 91' lang='lat'>:</span> <span class='ocrx_word' id='word_1_493' title='bbox 686 5050 744 5094; x_wconf 91' lang='lat' dir='ltr'><strong>ut</strong></span> <span class='ocrx_word' id='word_1_494' title='bbox 771 5041 1026 5109; x_wconf 87' lang='lat' dir='ltr'><strong>quoniam</strong></span> <span class='ocrx_word' id='word_1_495' title='bbox 1058 5041 1240 5115; x_wconf 89' lang='lat' dir='ltr'><strong>plures</strong></span> <span class='ocrx_word' id='word_1_496' title='bbox 1267 5059 1410 5113; x_wconf 73' lang='lat' dir='ltr'><strong>smpe</strong></span> <span class='ocrx_word' id='word_1_497' title='bbox 1433 5055 1770 5102; x_wconf 86' lang='lat' dir='ltr'><strong>emerserunt</strong></span> <span class='ocrx_word' id='word_1_498' title='bbox 1797 5063 1923 5102; x_wconf 85' lang='lat' dir='ltr'><strong>cau-</strong></span> 
     </span>
    </p>
   </div>
   <div class='ocr_carea' id='block_1_69' title="bbox 325 5131 1917 5203">
    <p class='ocr_par' dir='ltr' id='par_1_69' title="bbox 325 5131 1917 5203">
     <span class='ocr_line' id='line_1_69' title="bbox 325 5131 1917 5203; baseline 0.006 -19"><span class='ocrx_word' id='word_1_499' title='bbox 325 5144 406 5184; x_wconf 70' lang='lat' dir='ltr'><strong>sa:</strong></span> <span class='ocrx_word' id='word_1_500' title='bbox 451 5145 572 5198; x_wconf 80' lang='lat' dir='ltr'><strong>quae</strong></span> <span class='ocrx_word' id='word_1_501' title='bbox 621 5131 672 5184; x_wconf 93' lang='lat' dir='ltr'><strong>in</strong></span> <span class='ocrx_word' id='word_1_502' title='bbox 695 5131 982 5200; x_wconf 89' lang='lat' dir='ltr'><strong>aliquantis</strong></span> <span class='ocrx_word' id='word_1_503' title='bbox 1003 5150 1111 5188; x_wconf 91' lang='lat' dir='ltr'><strong>non</strong></span> <span class='ocrx_word' id='word_1_504' title='bbox 1141 5142 1296 5189; x_wconf 86' lang='lat' dir='ltr'><strong>erant</strong></span> <span class='ocrx_word' id='word_1_505' title='bbox 1318 5150 1514 5203; x_wconf 85' lang='lat' dir='ltr'><strong>causae,</strong></span> <span class='ocrx_word' id='word_1_506' title='bbox 1550 5137 1645 5192; x_wconf 90' lang='lat' dir='ltr'><strong>sed</strong></span> <span class='ocrx_word' id='word_1_507' title='bbox 1672 5138 1917 5202; x_wconf 90' lang='lat' dir='ltr'><strong>crimina,</strong></span> 
     </span>
    </p>
   </div>
   <div class='ocr_carea' id='block_1_70' title="bbox 327 5219 1920 5293">
    <p class='ocr_par' dir='ltr' id='par_1_70' title="bbox 327 5219 1920 5293">
     <span class='ocr_line' id='line_1_70' title="bbox 327 5219 1920 5293; baseline 0.006 -20"><span class='ocrx_word' id='word_1_508' title='bbox 327 5228 391 5273; x_wconf 90' lang='lat' dir='ltr'><strong>ut</strong></span> <span class='ocrx_word' id='word_1_509' title='bbox 435 5219 504 5274; x_wconf 91' lang='lat' dir='ltr'><strong>de</strong></span> <span class='ocrx_word' id='word_1_510' title='bbox 545 5230 744 5276; x_wconf 67' lang='lat' dir='ltr'><strong>caetero</strong></span> <span class='ocrx_word' id='word_1_511' title='bbox 791 5222 1101 5280; x_wconf 91' lang='lat' dir='ltr'><strong>sollicitudo</strong></span> <span class='ocrx_word' id='word_1_512' title='bbox 1131 5224 1201 5278; x_wconf 91' lang='lat' dir='ltr'><strong>sit</strong></span> <span class='ocrx_word' id='word_1_513' title='bbox 1232 5225 1520 5293; x_wconf 90' lang='lat' dir='ltr'><strong>unicuique</strong></span> <span class='ocrx_word' id='word_1_514' title='bbox 1549 5227 1818 5282; x_wconf 89' lang='lat' dir='ltr'><strong>sacerdoti</strong></span> <span class='ocrx_word' id='word_1_515' title='bbox 1867 5229 1920 5283; x_wconf 93' lang='lat' dir='ltr'><strong>in</strong></span> 
     </span>
    </p>
   </div>
   <div class='ocr_carea' id='block_1_71' title="bbox 323 5311 1921 5393">
    <p class='ocr_par' dir='ltr' id='par_1_71' title="bbox 323 5311 1921 5393">
     <span class='ocr_line' id='line_1_71' title="bbox 323 5311 1921 5393; baseline 0.008 -27"><span class='ocrx_word' id='word_1_516' title='bbox 323 5327 425 5366; x_wconf 87' lang='lat' dir='ltr'><strong>sua</strong></span> <span class='ocrx_word' id='word_1_517' title='bbox 457 5311 698 5368; x_wconf 86' lang='lat' dir='ltr'><strong>Ecclesia</strong></span> <span class='ocrx_word' id='word_1_518' title='bbox 730 5331 915 5369; x_wconf 90' lang='lat' dir='ltr'><strong>curam</strong></span> <span class='ocrx_word' id='word_1_519' title='bbox 946 5317 1254 5386; x_wconf 90' lang='lat' dir='ltr'><strong>hujusmodi</strong></span> <span class='ocrx_word' id='word_1_520' title='bbox 1284 5320 1503 5385; x_wconf 89' lang='lat' dir='ltr'><strong>habere,</strong></span> <span class='ocrx_word' id='word_1_521' title='bbox 1529 5321 1672 5375; x_wconf 90' lang='lat' dir='ltr'><strong>sicut</strong></span> <span class='ocrx_word' id='word_1_522' title='bbox 1711 5331 1921 5393; x_wconf 90' lang='lat' dir='ltr'><strong>aposto-</strong></span> 
     </span>
    </p>
   </div>
   <div class='ocr_carea' id='block_1_72' title="bbox 319 5414 1920 5484">
    <p class='ocr_par' dir='ltr' id='par_1_72' title="bbox 319 5414 1920 5484">
     <span class='ocr_line' id='line_1_72' title="bbox 319 5414 1920 5484; baseline 0.005 -16"><span class='ocrx_word' id='word_1_523' title='bbox 319 5414 410 5469; x_wconf 87' lang='lat' dir='ltr'><strong>lus</strong></span> <span class='ocrx_word' id='word_1_524' title='bbox 443 5416 698 5484; x_wconf 70' lang='lat' dir='ltr'><strong>praedicat</strong></span> <span class='ocrx_word' id='word_1_525' title='bbox 725 5415 941 5482; x_wconf 85' lang='lat' dir='ltr'><strong>Paulus,</strong></span> <span class='ocrx_word' id='word_1_526' title='bbox 977 5419 1140 5475; x_wconf 89' lang='lat' dir='ltr'><strong>talem</strong></span> <span class='ocrx_word' id='word_1_527' title='bbox 1168 5419 1463 5476; x_wconf 89' lang='lat' dir='ltr'><strong>Ecclesiam</strong></span> <span class='ocrx_word' id='word_1_528' title='bbox 1497 5423 1608 5477; x_wconf 79' lang='lat' dir='ltr'><strong>Deo</strong></span> <span class='ocrx_word' id='word_1_529' title='bbox 1661 5422 1920 5477; x_wconf 84' lang='lat' dir='ltr'><strong>exhiben-</strong></span> 
     </span>
    </p>
   </div>
   <div class='ocr_carea' id='block_1_73' title="bbox 321 5514 1919 5593">
    <p class='ocr_par' dir='ltr' id='par_1_73' title="bbox 321 5514 1919 5593">
     <span class='ocr_line' id='line_1_73' title="bbox 321 5514 1919 5593; baseline 0.004 -25"><span class='ocrx_word' id='word_1_530' title='bbox 321 5514 451 5568; x_wconf 88' lang='lat' dir='ltr'><strong>dam</strong></span> <span class='ocrx_word' id='word_1_531' title='bbox 476 5529 584 5568; x_wconf 89' lang='lat' dir='ltr'><strong>non</strong></span> <span class='ocrx_word' id='word_1_532' title='bbox 613 5515 902 5569; x_wconf 74' lang='lat' dir='ltr'><strong>trahentem</strong></span> <span class='ocrx_word' id='word_1_533' title='bbox 932 5517 1200 5575; x_wconf 89' lang='lat' dir='ltr'><strong>maculam</strong></span> <span class='ocrx_word' id='word_1_534' title='bbox 1223 5527 1318 5572; x_wconf 92' lang='lat' dir='ltr'><strong>aut</strong></span> <span class='ocrx_word' id='word_1_535' title='bbox 1343 5533 1528 5588; x_wconf 82' lang='lat' dir='ltr'><strong>rugam</strong></span> <span class='ocrx_word' id='word_1_536' title='bbox 1560 5519 1720 5590; x_wconf 75' lang='lat' dir='ltr'><strong>(Ep/1.</strong></span> <span class='ocrx_word' id='word_1_537' title='bbox 1747 5519 1822 5593; x_wconf 89' lang='lat' dir='ltr'><strong>v),</strong></span> <span class='ocrx_word' id='word_1_538' title='bbox 1850 5535 1919 5576; x_wconf 92' lang='lat' dir='ltr'><strong>ne</strong></span> 
     </span>
    </p>
   </div>
   <div class='ocr_carea' id='block_1_74' title="bbox 320 5602 1920 5671">
    <p class='ocr_par' dir='ltr' id='par_1_74' title="bbox 320 5602 1920 5671">
     <span class='ocr_line' id='line_1_74' title="bbox 320 5602 1920 5671; baseline 0.005 -15"><span class='ocrx_word' id='word_1_539' title='bbox 320 5602 556 5671; x_wconf 88' lang='lat' dir='ltr'><strong>alicujus</strong></span> <span class='ocrx_word' id='word_1_540' title='bbox 577 5603 833 5658; x_wconf 83' lang='lat' dir='ltr'><strong>morbidae</strong></span> <span class='ocrx_word' id='word_1_541' title='bbox 854 5605 970 5660; x_wconf 85' lang='lat' dir='ltr'><strong>ovis</strong></span> <span class='ocrx_word' id='word_1_542' title='bbox 998 5604 1181 5661; x_wconf 83' lang='lat' dir='ltr'><strong>afflatu</strong></span> <span class='ocrx_word' id='word_1_543' title='bbox 1224 5607 1551 5662; x_wconf 89' lang='lat' dir='ltr'><strong>conscientia</strong></span> <span class='ocrx_word' id='word_1_544' title='bbox 1575 5619 1758 5663; x_wconf 86' lang='lat' dir='ltr'><strong>nostra</strong></span> <span class='ocrx_word' id='word_1_545' title='bbox 1786 5625 1920 5665; x_wconf 90' lang='lat' dir='ltr'><strong>con-</strong></span> 
     </span>
    </p>
   </div>
   <div class='ocr_carea' id='block_1_75' title="bbox 323 5697 1917 5776">
    <p class='ocr_par' dir='ltr' id='par_1_75' title="bbox 323 5697 1917 5776">
     <span class='ocr_line' id='line_1_75' title="bbox 323 5697 1917 5776; baseline 0.008 -28"><span class='ocrx_word' id='word_1_546' title='bbox 323 5697 586 5750; x_wconf 81' lang='lat' dir='ltr'><strong>taminata</strong></span> <span class='ocrx_word' id='word_1_547' title='bbox 630 5698 882 5752; x_wconf 81' lang='lat' dir='ltr'><strong>violetur.</strong></span> <span class='ocrx_word' id='word_1_548' title='bbox 935 5698 1163 5771; x_wconf 87' lang='lat' dir='ltr'><strong>Propter</strong></span> <span class='ocrx_word' id='word_1_549' title='bbox 1187 5717 1280 5759; x_wconf 88' lang='lat' dir='ltr'><strong>eos</strong></span> <span class='ocrx_word' id='word_1_550' title='bbox 1329 5703 1487 5776; x_wconf 81' lang='lat' dir='ltr'><strong>igitur</strong></span> <span class='ocrx_word' id='word_1_551' title='bbox 1514 5704 1604 5772; x_wconf 89' lang='lat' dir='ltr'><strong>qui</strong></span> <span class='ocrx_word' id='word_1_552' title='bbox 1634 5705 1718 5757; x_wconf 80' lang='lat' dir='ltr'><strong>vel</strong></span> <span class='ocrx_word' id='word_1_553' title='bbox 1753 5705 1917 5774; x_wconf 87' lang='lat' dir='ltr'><strong>&#39;igno-</strong></span> 
     </span>
    </p>
   </div>
   <div class='ocr_carea' id='block_1_76' title="bbox 321 5789 1917 5865">
    <p class='ocr_par' dir='ltr' id='par_1_76' title="bbox 321 5789 1917 5865">
     <span class='ocr_line' id='line_1_76' title="bbox 321 5789 1917 5865; baseline 0.008 -27"><span class='ocrx_word' id='word_1_554' title='bbox 321 5789 522 5854; x_wconf 82' lang='lat' dir='ltr'><strong>rantia,</strong></span> <span class='ocrx_word' id='word_1_555' title='bbox 550 5789 636 5842; x_wconf 80' lang='lat' dir='ltr'><strong>vel</strong></span> <span class='ocrx_word' id='word_1_556' title='bbox 657 5789 860 5843; x_wconf 68' lang='lat' dir='ltr'><strong>desidia</strong></span> <span class='ocrx_word' id='word_1_557' title='bbox 891 5808 994 5845; x_wconf 90' lang='lat' dir='ltr'><strong>non</strong></span> <span class='ocrx_word' id='word_1_558' title='bbox 1018 5801 1203 5846; x_wconf 89' lang='lat' dir='ltr'><strong>tenent</strong></span> <span class='ocrx_word' id='word_1_559' title='bbox 1241 5796 1661 5850; x_wconf 78' lang='lat' dir='ltr'><strong>ecclesiasticam</strong></span> <span class='ocrx_word' id='word_1_560' title='bbox 1683 5796 1917 5865; x_wconf 77' lang='lat' dir='ltr'><strong>discipli—</strong></span> 
     </span>
    </p>
   </div>
   <div class='ocr_carea' id='block_1_77' title="bbox 322 5873 1916 5956">
    <p class='ocr_par' dir='ltr' id='par_1_77' title="bbox 322 5873 1916 5956">
     <span class='ocr_line' id='line_1_77' title="bbox 322 5873 1916 5956; baseline 0.009 -25"><span class='ocrx_word' id='word_1_561' title='bbox 322 5893 474 5947; x_wconf 85' lang='lat' dir='ltr'><strong>nam,</strong></span> <span class='ocrx_word' id='word_1_562' title='bbox 526 5888 579 5937; x_wconf 88' lang='lat' dir='ltr'><strong>et</strong></span> <span class='ocrx_word' id='word_1_563' title='bbox 627 5881 796 5938; x_wconf 80' lang='lat' dir='ltr'><strong>multa</strong></span> <span class='ocrx_word' id='word_1_564' title='bbox 826 5897 935 5939; x_wconf 84' lang='lat' dir='ltr'><strong>non</strong></span> <span class='ocrx_word' id='word_1_565' title='bbox 975 5887 1346 5954; x_wconf 64' lang='lat' dir='ltr'><strong>prmsumcnda</strong></span> <span class='ocrx_word' id='word_1_566' title='bbox 1394 5873 1916 5956; x_wconf 70' lang='lat' dir='ltr'><strong>prazsumunt,rccte</strong></span> 
     </span>
    </p>
   </div>
   <div class='ocr_carea' id='block_1_78' title="bbox 2053 1967 3648 2044">
    <p class='ocr_par' dir='ltr' id='par_1_78' title="bbox 2053 1967 3648 2044">
     <span class='ocr_line' id='line_1_78' title="bbox 2053 1967 3648 2044; baseline 0.01 -28"><span class='ocrx_word' id='word_1_567' title='bbox 2053 1977 2161 2017; x_wconf 89' lang='lat' dir='ltr'><strong>non</strong></span> <span class='ocrx_word' id='word_1_568' title='bbox 2193 1971 2456 2030; x_wconf 87' lang='lat' dir='ltr'><strong>tenentes,</strong></span> <span class='ocrx_word' id='word_1_569' title='bbox 2491 1967 2795 2022; x_wconf 87' lang='lat' dir='ltr'><strong>castitatem</strong></span> <span class='ocrx_word' id='word_1_570' title='bbox 2825 1967 3083 2026; x_wconf 71' lang='lat' dir='ltr'><strong>Ecclesia:</strong></span> <span class='ocrx_word' id='word_1_571' title='bbox 3103 1986 3200 2028; x_wconf 88' lang='lat' dir='ltr'><strong>sua</strong></span> <span class='ocrx_word' id='word_1_572' title='bbox 3230 1977 3648 2044; x_wconf 70' lang='lat' dir='ltr'><strong>pnesunquione</strong></span> 
     </span>
    </p>
   </div>
   <div class='ocr_carea' id='block_1_79' title="bbox 2051 2051 3647 2132">
    <p class='ocr_par' dir='ltr' id='par_1_79' title="bbox 2051 2051 3647 2132">
     <span class='ocr_line' id='line_1_79' title="bbox 2051 2051 3647 2132; baseline 0.009 -27"><span class='ocrx_word' id='word_1_573' title='bbox 2051 2051 2338 2119; x_wconf 88' lang='lat' dir='ltr'><strong>violarent,</strong></span> <span class='ocrx_word' id='word_1_574' title='bbox 2373 2055 2558 2124; x_wconf 90' lang='lat' dir='ltr'><strong>populi</strong></span> <span class='ocrx_word' id='word_1_575' title='bbox 2577 2053 2818 2112; x_wconf 85' lang='lat' dir='ltr'><strong>favorem</strong></span> <span class='ocrx_word' id='word_1_576' title='bbox 2845 2068 3156 2129; x_wconf 88' lang='lat' dir='ltr'><strong>sequentes,</strong></span> <span class='ocrx_word' id='word_1_577' title='bbox 3187 2069 3243 2116; x_wconf 91' lang='lat' dir='ltr'><strong>et</strong></span> <span class='ocrx_word' id='word_1_578' title='bbox 3271 2063 3647 2132; x_wconf 77' lang='lat' dir='ltr'><strong>Deijudicitnn</strong></span> 
     </span>
    </p>
   </div>
   <div class='ocr_carea' id='block_1_80' title="bbox 2051 2147 3647 2219">
    <p class='ocr_par' dir='ltr' id='par_1_80' title="bbox 2051 2147 3647 2219">
     <span class='ocr_line' id='line_1_80' title="bbox 2051 2147 3647 2219; baseline 0.011 -21"><span class='ocrx_word' id='word_1_579' title='bbox 2051 2160 2158 2199; x_wconf 91' lang='lat' dir='ltr'><strong>non</strong></span> <span class='ocrx_word' id='word_1_580' title='bbox 2211 2147 2482 2203; x_wconf 90' lang='lat' dir='ltr'><strong>timentes.</strong></span> <span class='ocrx_word' id='word_1_581' title='bbox 2535 2148 2676 2219; x_wconf 87' lang='lat' dir='ltr'><strong>Ergo</strong></span> <span class='ocrx_word' id='word_1_582' title='bbox 2716 2167 2784 2207; x_wconf 87' lang='lat' dir='ltr'><strong>ne</strong></span> <span class='ocrx_word' id='word_1_583' title='bbox 2809 2153 3030 2210; x_wconf 87' lang='lat' dir='ltr'><strong>silentio</strong></span> <span class='ocrx_word' id='word_1_584' title='bbox 3061 2165 3246 2212; x_wconf 91' lang='lat' dir='ltr'><strong>nostro</strong></span> <span class='ocrx_word' id='word_1_585' title='bbox 3274 2155 3647 2216; x_wconf 70' lang='lat' dir='ltr'><strong>existimentur</strong></span> 
     </span>
    </p>
   </div>
   <div class='ocr_carea' id='block_1_81' title="bbox 2049 2236 3646 2315">
    <p class='ocr_par' dir='ltr' id='par_1_81' title="bbox 2049 2236 3646 2315">
     <span class='ocr_line' id='line_1_81' title="bbox 2049 2236 3646 2315; baseline 0.012 -26"><span class='ocrx_word' id='word_1_586' title='bbox 2049 2236 2132 2290; x_wconf 90' lang='lat' dir='ltr'><strong>bis</strong></span> <span class='ocrx_word' id='word_1_587' title='bbox 2186 2238 2428 2305; x_wconf 83' lang='lat' dir='ltr'><strong>praebere</strong></span> <span class='ocrx_word' id='word_1_588' title='bbox 2467 2255 2815 2310; x_wconf 86' lang='lat' dir='ltr'><strong>consensum,</strong></span> <span class='ocrx_word' id='word_1_589' title='bbox 2862 2244 3077 2301; x_wconf 90' lang='lat' dir='ltr'><strong>dicente</strong></span> <span class='ocrx_word' id='word_1_590' title='bbox 3121 2247 3365 2315; x_wconf 87' lang='lat' dir='ltr'><strong>Domino,</strong></span> <span class='ocrx_word' id='word_1_591' title='bbox 3403 2251 3646 2312; x_wconf 42' lang='lat' dir='ltr'><strong>.Videbas</strong></span> 
     </span>
    </p>
   </div>
   <div class='ocr_carea' id='block_1_82' title="bbox 2050 2328 3646 2411">
    <p class='ocr_par' dir='ltr' id='par_1_82' title="bbox 2050 2328 3646 2411">
     <span class='ocr_line' id='line_1_82' title="bbox 2050 2328 3646 2411; baseline 0.013 -32"><span class='ocrx_word' id='word_1_592' title='bbox 2050 2328 2236 2397; x_wconf 77' lang='lat' dir='ltr'><strong>furem,</strong></span> <span class='ocrx_word' id='word_1_593' title='bbox 2268 2337 2318 2382; x_wconf 81' lang='lat' dir='ltr'><strong>et</strong></span> <span class='ocrx_word' id='word_1_594' title='bbox 2345 2329 2591 2385; x_wconf 82' lang='lat' dir='ltr'><strong>currebas</strong></span> <span class='ocrx_word' id='word_1_595' title='bbox 2618 2348 2734 2386; x_wconf 87' lang='lat' dir='ltr'><strong>cum</strong></span> <span class='ocrx_word' id='word_1_596' title='bbox 2753 2352 2811 2388; x_wconf 74' lang='lat' dir='ltr'><strong>eo</strong></span> <span class='ocrx_word' id='word_1_597' title='bbox 2844 2335 3016 2406; x_wconf 75' lang='lat' dir='ltr'><strong>(Psal.</strong></span> <span class='ocrx_word' id='word_1_598' title='bbox 3051 2354 3199 2408; x_wconf 77' lang='lat' dir='ltr'><strong>xux,</strong></span> <span class='ocrx_word' id='word_1_599' title='bbox 3232 2340 3345 2411; x_wconf 80' lang='grc'><strong>18),</strong></span> <span class='ocrx_word' id='word_1_600' title='bbox 3377 2343 3492 2400; x_wconf 66' lang='lat' dir='ltr'><strong>haec</strong></span> <span class='ocrx_word' id='word_1_601' title='bbox 3518 2353 3646 2400; x_wconf 79' lang='lat' dir='ltr'><strong>sunt</strong></span> 
     </span>
    </p>
   </div>
   <div class='ocr_carea' id='block_1_83' title="bbox 2048 2416 3645 2492">
    <p class='ocr_par' dir='ltr' id='par_1_83' title="bbox 2048 2416 3645 2492">
     <span class='ocr_line' id='line_1_83' title="bbox 2048 2416 3645 2492; baseline 0.013 -23"><span class='ocrx_word' id='word_1_602' title='bbox 2048 2430 2169 2484; x_wconf 62' lang='lat' dir='ltr'><strong>qua:</strong></span> <span class='ocrx_word' id='word_1_603' title='bbox 2187 2416 2442 2488; x_wconf 89' lang='lat' dir='ltr'><strong>deinceps</strong></span> <span class='ocrx_word' id='word_1_604' title='bbox 2461 2420 2660 2476; x_wconf 92' lang='lat' dir='ltr'><strong>intuitu</strong></span> <span class='ocrx_word' id='word_1_605' title='bbox 2685 2421 2848 2477; x_wconf 91' lang='lat' dir='ltr'><strong>divini</strong></span> <span class='ocrx_word' id='word_1_606' title='bbox 2867 2423 3055 2492; x_wconf 88' lang='lat' dir='ltr'><strong>judieii</strong></span> <span class='ocrx_word' id='word_1_607' title='bbox 3080 2442 3300 2484; x_wconf 86' lang='lat' dir='ltr'><strong>omnem</strong></span> <span class='ocrx_word' id='word_1_608' title='bbox 3321 2417 3645 2488; x_wconf 80' lang='lat' dir='ltr'><strong>catholicum</strong></span> 
     </span>
    </p>
   </div>
   <div class='ocr_carea' id='block_1_84' title="bbox 2048 2505 2924 2579">
    <p class='ocr_par' dir='ltr' id='par_1_84' title="bbox 2048 2505 2924 2579">
     <span class='ocr_line' id='line_1_84' title="bbox 2048 2505 2924 2579; baseline 0.01 -20"><span class='ocrx_word' id='word_1_609' title='bbox 2048 2505 2362 2575; x_wconf 89' lang='lat' dir='ltr'><strong>episcopum</strong></span> <span class='ocrx_word' id='word_1_610' title='bbox 2388 2510 2608 2579; x_wconf 79' lang='lat' dir='ltr'><strong>expedit</strong></span> <span class='ocrx_word' id='word_1_611' title='bbox 2631 2513 2924 2568; x_wconf 89' lang='lat' dir='ltr'><strong>custodire.</strong></span> 
     </span>
    </p>
   </div>
   <div class='ocr_carea' id='block_1_85' title="bbox 2051 2613 3645 2704">
    <p class='ocr_par' dir='ltr' id='par_1_85' title="bbox 2051 2613 3645 2704">
     <span class='ocr_line' id='line_1_85' title="bbox 2051 2613 3645 2704; baseline 0.012 -35"><span class='ocrx_word' id='word_1_612' title='bbox 2051 2613 2203 2680; x_wconf 82' lang='lat' dir='ltr'><strong>Quod</strong></span> <span class='ocrx_word' id='word_1_613' title='bbox 2230 2626 2380 2672; x_wconf 75' lang='lat' dir='ltr'><strong>extra</strong></span> <span class='ocrx_word' id='word_1_614' title='bbox 2410 2624 2793 2704; x_wconf 67' lang='lat' dir='ltr'><strong>conscientiam</strong></span> <span class='ocrx_word' id='word_1_615' title='bbox 2827 2627 3211 2696; x_wconf 78' lang='lat' dir='ltr'><strong>metropolitani</strong></span> <span class='ocrx_word' id='word_1_616' title='bbox 3239 2645 3343 2684; x_wconf 82' lang='lat' dir='ltr'><strong>non</strong></span> <span class='ocrx_word' id='word_1_617' title='bbox 3371 2633 3645 2688; x_wconf 76' lang='lat' dir='ltr'><strong>ordinetur</strong></span> 
     </span>
    </p>
   </div>
   <div class='ocr_carea' id='block_1_86' title="bbox 2117 2710 2998 2764">
    <p class='ocr_par' dir='ltr' id='par_1_86' title="bbox 2117 2710 2998 2764">
     <span class='ocr_line' id='line_1_86' title="bbox 2117 2710 2998 2764; baseline 0.016 -28"><span class='ocrx_word' id='word_1_618' title='bbox 2117 2759 2119 2764; x_wconf 23' lang='grc' dir='ltr'><strong><em>ι</em></strong></span> <span class='ocrx_word' id='word_1_619' title='bbox 2711 2710 2998 2764; x_wconf 76' lang='lat' dir='ltr'><strong>episcopus.</strong></span> 
     </span>
    </p>
   </div>
   <div class='ocr_carea' id='block_1_87' title="bbox 2119 2777 3642 2863">
    <p class='ocr_par' dir='ltr' id='par_1_87' title="bbox 2119 2777 3642 2863">
     <span class='ocr_line' id='line_1_87' title="bbox 2119 2777 3642 2863; baseline 0.011 -29"><span class='ocrx_word' id='word_1_620' title='bbox 2119 2777 2206 2834; x_wconf 85' lang='lat' dir='ltr'><strong>lX.</strong></span> <span class='ocrx_word' id='word_1_621' title='bbox 2250 2778 2516 2844; x_wconf 85' lang='lat' dir='ltr'><strong>Primum,</strong></span> <span class='ocrx_word' id='word_1_622' title='bbox 2547 2789 2607 2836; x_wconf 91' lang='lat' dir='ltr'><strong>ut</strong></span> <span class='ocrx_word' id='word_1_623' title='bbox 2633 2791 2785 2838; x_wconf 81' lang='lat' dir='ltr'><strong>extra</strong></span> <span class='ocrx_word' id='word_1_624' title='bbox 2817 2786 3209 2844; x_wconf 87' lang='lat' dir='ltr'><strong>conscientiam</strong></span> <span class='ocrx_word' id='word_1_625' title='bbox 3237 2795 3642 2863; x_wconf 86' lang='lat' dir='ltr'><strong>metropolitani</strong></span> 
     </span>
    </p>
   </div>
   <div class='ocr_carea' id='block_1_88' title="bbox 2049 2869 3641 2952">
    <p class='ocr_par' dir='ltr' id='par_1_88' title="bbox 2049 2869 3641 2952">
     <span class='ocr_line' id='line_1_88' title="bbox 2049 2869 3641 2952; baseline 0.009 -28"><span class='ocrx_word' id='word_1_626' title='bbox 2049 2869 2294 2939; x_wconf 89' lang='lat' dir='ltr'><strong>episcopi</strong></span> <span class='ocrx_word' id='word_1_627' title='bbox 2325 2871 2502 2925; x_wconf 91' lang='lat' dir='ltr'><strong>nullus</strong></span> <span class='ocrx_word' id='word_1_628' title='bbox 2532 2871 2726 2926; x_wconf 89' lang='lat' dir='ltr'><strong>audeat</strong></span> <span class='ocrx_word' id='word_1_629' title='bbox 2759 2873 3033 2942; x_wconf 90' lang='lat' dir='ltr'><strong>ordinare,</strong></span> <span class='ocrx_word' id='word_1_630' title='bbox 3057 2875 3318 2948; x_wconf 85' lang='lat' dir='ltr'><strong>integrum</strong></span> <span class='ocrx_word' id='word_1_631' title='bbox 3339 2883 3482 2937; x_wconf 85' lang='lat' dir='ltr'><strong>enim</strong></span> <span class='ocrx_word' id='word_1_632' title='bbox 3501 2883 3641 2952; x_wconf 84' lang='lat' dir='ltr'><strong>judi-</strong></span> 
     </span>
    </p>
   </div>
   <div class='ocr_carea' id='block_1_89' title="bbox 2047 2957 3638 3042">
    <p class='ocr_par' dir='ltr' id='par_1_89' title="bbox 2047 2957 3638 3042">
     <span class='ocr_line' id='line_1_89' title="bbox 2047 2957 3638 3042; baseline 0.011 -32"><span class='ocrx_word' id='word_1_633' title='bbox 2047 2957 2192 3012; x_wconf 90' lang='lat' dir='ltr'><strong>cium</strong></span> <span class='ocrx_word' id='word_1_634' title='bbox 2235 2967 2319 3014; x_wconf 91' lang='lat' dir='ltr'><strong>est</strong></span> <span class='ocrx_word' id='word_1_635' title='bbox 2373 2960 2517 3030; x_wconf 91' lang='lat' dir='ltr'><strong>quod</strong></span> <span class='ocrx_word' id='word_1_636' title='bbox 2557 2960 2913 3030; x_wconf 90' lang='lat' dir='ltr'><strong>plurimorum</strong></span> <span class='ocrx_word' id='word_1_637' title='bbox 2949 2969 3233 3025; x_wconf 91' lang='lat' dir='ltr'><strong>sententiis</strong></span> <span class='ocrx_word' id='word_1_638' title='bbox 3270 2972 3638 3042; x_wconf 80' lang='lat' dir='ltr'><strong>confirmatur,</strong></span> 
     </span>
    </p>
   </div>
   <div class='ocr_carea' id='block_1_90' title="bbox 2047 3049 3640 3125">
    <p class='ocr_par' dir='ltr' id='par_1_90' title="bbox 2047 3049 3640 3125">
     <span class='ocr_line' id='line_1_90' title="bbox 2047 3049 3640 3125; baseline 0.01 -24"><span class='ocrx_word' id='word_1_639' title='bbox 2047 3062 2148 3102; x_wconf 91' lang='lat' dir='ltr'><strong>nec</strong></span> <span class='ocrx_word' id='word_1_640' title='bbox 2181 3063 2316 3103; x_wconf 88' lang='lat' dir='ltr'><strong>unus</strong></span> <span class='ocrx_word' id='word_1_641' title='bbox 2345 3049 2632 3119; x_wconf 90' lang='lat' dir='ltr'><strong>episcopus</strong></span> <span class='ocrx_word' id='word_1_642' title='bbox 2659 3051 2912 3109; x_wconf 90' lang='lat' dir='ltr'><strong>ordinare</strong></span> <span class='ocrx_word' id='word_1_643' title='bbox 2939 3065 3260 3125; x_wconf 68' lang='lat' dir='ltr'><strong>praesumat,</strong></span> <span class='ocrx_word' id='word_1_644' title='bbox 3293 3075 3360 3115; x_wconf 91' lang='lat' dir='ltr'><strong>ne</strong></span> <span class='ocrx_word' id='word_1_645' title='bbox 3389 3050 3640 3117; x_wconf 83' lang='lat' dir='ltr'><strong>furtivum</strong></span> 
     </span>
    </p>
   </div>
   <div class='ocr_carea' id='block_1_91' title="bbox 2045 3137 3640 3226">
    <p class='ocr_par' dir='ltr' id='par_1_91' title="bbox 2045 3137 3640 3226">
     <span class='ocr_line' id='line_1_91' title="bbox 2045 3137 3640 3226; baseline 0.008 -33"><span class='ocrx_word' id='word_1_646' title='bbox 2045 3137 2368 3193; x_wconf 77' lang='lat' dir='ltr'><strong>beneficium</strong></span> <span class='ocrx_word' id='word_1_647' title='bbox 2406 3140 2703 3208; x_wconf 66' lang='lat' dir='ltr'><strong>prmstitum</strong></span> <span class='ocrx_word' id='word_1_648' title='bbox 2733 3143 2998 3200; x_wconf 86' lang='lat' dir='ltr'><strong>videatur.</strong></span> <span class='ocrx_word' id='word_1_649' title='bbox 3048 3146 3163 3204; x_wconf 87' lang='lat' dir='ltr'><strong>Hoc</strong></span> <span class='ocrx_word' id='word_1_650' title='bbox 3205 3150 3346 3205; x_wconf 91' lang='lat' dir='ltr'><strong>enim</strong></span> <span class='ocrx_word' id='word_1_651' title='bbox 3376 3167 3406 3206; x_wconf 89' lang='lat' dir='ltr'><strong>a</strong></span> <span class='ocrx_word' id='word_1_652' title='bbox 3435 3155 3640 3226; x_wconf 82' lang='lat' dir='ltr'><strong>synodo</strong></span> 
     </span>
    </p>
   </div>
   <div class='ocr_carea' id='block_1_92' title="bbox 2045 3227 3267 3304">
    <p class='ocr_par' dir='ltr' id='par_1_92' title="bbox 2045 3227 3267 3304">
     <span class='ocr_line' id='line_1_92' title="bbox 2045 3227 3267 3304; baseline 0.009 -22"><span class='ocrx_word' id='word_1_653' title='bbox 2045 3227 2259 3284; x_wconf 74' lang='lat' dir='ltr'><strong>Nicmna</strong></span> <span class='ocrx_word' id='word_1_654' title='bbox 2288 3230 2640 3286; x_wconf 88' lang='lat' dir='ltr'><strong>constitutum</strong></span> <span class='ocrx_word' id='word_1_655' title='bbox 2670 3241 2754 3289; x_wconf 90' lang='lat' dir='ltr'><strong>est</strong></span> <span class='ocrx_word' id='word_1_656' title='bbox 2781 3243 2942 3304; x_wconf 89' lang='lat' dir='ltr'><strong>atque</strong></span> <span class='ocrx_word' id='word_1_657' title='bbox 2970 3236 3267 3294; x_wconf 86' lang='lat' dir='ltr'><strong>deﬁnitum.</strong></span> 
     </span>
    </p>
   </div>
   <div class='ocr_carea' id='block_1_93' title="bbox 2043 3343 3634 3436">
    <p class='ocr_par' dir='ltr' id='par_1_93' title="bbox 2043 3343 3634 3436">
     <span class='ocr_line' id='line_1_93' title="bbox 2043 3343 3634 3436; baseline 0.009 -36"><span class='ocrx_word' id='word_1_658' title='bbox 2043 3343 2144 3410; x_wconf 85' lang='lat' dir='ltr'><strong>Qui</strong></span> <span class='ocrx_word' id='word_1_659' title='bbox 2185 3348 2256 3401; x_wconf 87' lang='lat' dir='ltr'><strong>ad</strong></span> <span class='ocrx_word' id='word_1_660' title='bbox 2284 3349 2479 3403; x_wconf 85' lang='lat' dir='ltr'><strong>clerum</strong></span> <span class='ocrx_word' id='word_1_661' title='bbox 2503 3350 2827 3436; x_wconf 74' lang='lat' dir='ltr'><strong>suscipi_tton</strong></span> <span class='ocrx_word' id='word_1_662' title='bbox 2857 3354 3094 3436; x_wconf 73' lang='lat' dir='ltr'><strong>possint,</strong></span> <span class='ocrx_word' id='word_1_663' title='bbox 3140 3366 3189 3411; x_wconf 88' lang='lat' dir='ltr'><strong>et</strong></span> <span class='ocrx_word' id='word_1_664' title='bbox 3215 3367 3286 3436; x_wconf 67' lang='grc' dir='ltr'><em>με</em></span> <span class='ocrx_word' id='word_1_665' title='bbox 3332 3359 3634 3436; x_wconf 66' lang='lat' dir='ltr'><strong>ciericorum</strong></span> 
     </span>
    </p>
   </div>
   <div class='ocr_carea' id='block_1_94' title="bbox 2253 3429 3544 3499">
    <p class='ocr_par' dir='ltr' id='par_1_94' title="bbox 2253 3429 3544 3499">
     <span class='ocr_line' id='line_1_94' title="bbox 2253 3429 3544 3499; baseline 0.009 -28"><span class='ocrx_word' id='word_1_666' title='bbox 2253 3435 2426 3474; x_wconf 74' lang='lat' dir='ltr'><strong>causa:</strong></span> <span class='ocrx_word' id='word_1_667' title='bbox 2459 3437 2493 3474; x_wconf 88' lang='lat' dir='ltr'><strong>a</strong></span> <span class='ocrx_word' id='word_1_668' title='bbox 2521 3429 2746 3492; x_wconf 77' lang='lat' dir='ltr'><strong>propriis</strong></span> <span class='ocrx_word' id='word_1_669' title='bbox 2777 3429 3118 3480; x_wconf 84' lang='lat' dir='ltr'><strong>terminentur</strong></span> <span class='ocrx_word' id='word_1_670' title='bbox 3146 3429 3418 3499; x_wconf 76' lang='lat' dir='ltr'><strong>episcopis.</strong></span> <span class='ocrx_word' id='word_1_671' title='bbox 3542 3437 3544 3439; x_wconf 74' lang='grc'><em>’</em></span> 
     </span>
    </p>
   </div>
   <div class='ocr_carea' id='block_1_95' title="bbox 2111 3530 3636 3609">
    <p class='ocr_par' dir='ltr' id='par_1_95' title="bbox 2111 3530 3636 3609">
     <span class='ocr_line' id='line_1_95' title="bbox 2111 3530 3636 3609; baseline 0.009 -25"><span class='ocrx_word' id='word_1_672' title='bbox 2111 3530 2176 3585; x_wconf 88' lang='grc' dir='ltr'><strong>Χ.</strong></span> <span class='ocrx_word' id='word_1_673' title='bbox 2204 3531 2336 3588; x_wconf 86' lang='lat' dir='ltr'><strong>Item</strong></span> <span class='ocrx_word' id='word_1_674' title='bbox 2365 3534 2411 3589; x_wconf 90' lang='lat' dir='ltr'><strong>si</strong></span> <span class='ocrx_word' id='word_1_675' title='bbox 2439 3535 2560 3604; x_wconf 91' lang='lat' dir='ltr'><strong>quis</strong></span> <span class='ocrx_word' id='word_1_676' title='bbox 2591 3544 2714 3606; x_wconf 91' lang='lat' dir='ltr'><strong>post</strong></span> <span class='ocrx_word' id='word_1_677' title='bbox 2743 3537 3118 3593; x_wconf 90' lang='lat' dir='ltr'><strong>remissionem</strong></span> <span class='ocrx_word' id='word_1_678' title='bbox 3141 3551 3492 3609; x_wconf 89' lang='lat' dir='ltr'><strong>peccatorum</strong></span> <span class='ocrx_word' id='word_1_679' title='bbox 3523 3542 3636 3598; x_wconf 87' lang='lat' dir='ltr'><strong>cin-</strong></span> 
     </span>
    </p>
   </div>
   <div class='ocr_carea' id='block_1_96' title="bbox 2036 3621 3632 3692">
    <p class='ocr_par' dir='ltr' id='par_1_96' title="bbox 2036 3621 3632 3692">
     <span class='ocr_line' id='line_1_96' title="bbox 2036 3621 3632 3692; baseline 0.008 -18"><span class='ocrx_word' id='word_1_680' title='bbox 2036 3621 2216 3690; x_wconf 89' lang='lat' dir='ltr'><strong>gulum</strong></span> <span class='ocrx_word' id='word_1_681' title='bbox 2250 3622 2453 3677; x_wconf 76' lang='lat' dir='ltr'><strong>militize</strong></span> <span class='ocrx_word' id='word_1_682' title='bbox 2478 3623 2750 3679; x_wconf 77' lang='lat' dir='ltr'><strong>saecularis</strong></span> <span class='ocrx_word' id='word_1_683' title='bbox 2780 3625 3057 3692; x_wconf 87' lang='lat' dir='ltr'><strong>habuerit,</strong></span> <span class='ocrx_word' id='word_1_684' title='bbox 3093 3629 3157 3681; x_wconf 89' lang='lat' dir='ltr'><strong>ad</strong></span> <span class='ocrx_word' id='word_1_685' title='bbox 3187 3630 3503 3686; x_wconf 89' lang='lat' dir='ltr'><strong>clericatum</strong></span> <span class='ocrx_word' id='word_1_686' title='bbox 3533 3633 3632 3686; x_wconf 57' lang='lat' dir='ltr'><strong>ads</strong></span> 
     </span>
    </p>
   </div>
   <div class='ocr_carea' id='block_1_97' title="bbox 2037 3712 3629 3784">
    <p class='ocr_par' dir='ltr' id='par_1_97' title="bbox 2037 3712 3629 3784">
     <span class='ocr_line' id='line_1_97' title="bbox 2037 3712 3629 3784; baseline 0.007 -20"><span class='ocrx_word' id='word_1_687' title='bbox 2037 3712 2174 3766; x_wconf 90' lang='lat' dir='ltr'><strong>mitti</strong></span> <span class='ocrx_word' id='word_1_688' title='bbox 2204 3714 2425 3768; x_wconf 91' lang='lat' dir='ltr'><strong>omnino</strong></span> <span class='ocrx_word' id='word_1_689' title='bbox 2457 3729 2564 3768; x_wconf 90' lang='lat' dir='ltr'><strong>non</strong></span> <span class='ocrx_word' id='word_1_690' title='bbox 2594 3713 2809 3768; x_wconf 91' lang='lat' dir='ltr'><strong>debeat.</strong></span> <span class='ocrx_word' id='word_1_691' title='bbox 2859 3713 2916 3769; x_wconf 92' lang='lat' dir='ltr'><strong>Si</strong></span> <span class='ocrx_word' id='word_1_692' title='bbox 2944 3729 3064 3784; x_wconf 76' lang='lat' dir='ltr'><strong>qua:</strong></span> <span class='ocrx_word' id='word_1_693' title='bbox 3115 3726 3297 3772; x_wconf 89' lang='lat' dir='ltr'><strong>autem</strong></span> <span class='ocrx_word' id='word_1_694' title='bbox 3325 3734 3501 3774; x_wconf 73' lang='lat' dir='ltr'><strong>causa:</strong></span> <span class='ocrx_word' id='word_1_695' title='bbox 3539 3723 3629 3776; x_wconf 88' lang='lat' dir='ltr'><strong>vel</strong></span> 
     </span>
    </p>
   </div>
   <div class='ocr_carea' id='block_1_98' title="bbox 2037 3804 3634 3878">
    <p class='ocr_par' dir='ltr' id='par_1_98' title="bbox 2037 3804 3634 3878">
     <span class='ocr_line' id='line_1_98' title="bbox 2037 3804 3634 3878; baseline 0.006 -20"><span class='ocrx_word' id='word_1_696' title='bbox 2037 3804 2414 3858; x_wconf 89' lang='lat' dir='ltr'><strong>contentiones</strong></span> <span class='ocrx_word' id='word_1_697' title='bbox 2464 3805 2604 3860; x_wconf 87' lang='lat' dir='ltr'><strong>inter</strong></span> <span class='ocrx_word' id='word_1_698' title='bbox 2651 3805 2878 3861; x_wconf 87' lang='lat' dir='ltr'><strong>clericos</strong></span> <span class='ocrx_word' id='word_1_699' title='bbox 2925 3813 3035 3861; x_wconf 91' lang='lat' dir='ltr'><strong>tam</strong></span> <span class='ocrx_word' id='word_1_700' title='bbox 3078 3809 3376 3878; x_wconf 78' lang='lat' dir='ltr'><strong>superioris</strong></span> <span class='ocrx_word' id='word_1_701' title='bbox 3429 3810 3634 3868; x_wconf 83' lang='lat' dir='ltr'><strong>ordinis</strong></span> 
     </span>
    </p>
   </div>
   <div class='ocr_carea' id='block_1_99' title="bbox 2034 3893 3630 3964">
    <p class='ocr_par' dir='ltr' id='par_1_99' title="bbox 2034 3893 3630 3964">
     <span class='ocr_line' id='line_1_99' title="bbox 2034 3893 3630 3964; baseline 0.005 -18"><span class='ocrx_word' id='word_1_702' title='bbox 2034 3908 2197 3963; x_wconf 89' lang='lat' dir='ltr'><strong>quam</strong></span> <span class='ocrx_word' id='word_1_703' title='bbox 2225 3895 2388 3948; x_wconf 90' lang='lat' dir='ltr'><strong>etiam</strong></span> <span class='ocrx_word' id='word_1_704' title='bbox 2419 3893 2688 3950; x_wconf 89' lang='lat' dir='ltr'><strong>inferioris</strong></span> <span class='ocrx_word' id='word_1_705' title='bbox 2733 3895 2932 3952; x_wconf 89' lang='lat' dir='ltr'><strong>fuerint</strong></span> <span class='ocrx_word' id='word_1_706' title='bbox 2959 3906 3188 3964; x_wconf 56' lang='lat' dir='ltr'><strong>exortae,</strong></span> <span class='ocrx_word' id='word_1_707' title='bbox 3247 3906 3308 3954; x_wconf 92' lang='lat' dir='ltr'><strong>ut</strong></span> <span class='ocrx_word' id='word_1_708' title='bbox 3335 3899 3630 3956; x_wconf 86' lang='lat' dir='ltr'><strong>secundum</strong></span> 
     </span>
    </p>
   </div>
   <div class='ocr_carea' id='block_1_100' title="bbox 2035 3989 3630 4064">
    <p class='ocr_par' dir='ltr' id='par_1_100' title="bbox 2035 3989 3630 4064">
     <span class='ocr_line' id='line_1_100' title="bbox 2035 3989 3630 4064; baseline 0.003 -20"><span class='ocrx_word' id='word_1_709' title='bbox 2035 3989 2296 4060; x_wconf 82' lang='lat' dir='ltr'><strong>synodum</strong></span> <span class='ocrx_word' id='word_1_710' title='bbox 2343 3991 2614 4046; x_wconf 72' lang='lat' dir='ltr'><strong>Nicmnam</strong></span> <span class='ocrx_word' id='word_1_711' title='bbox 2666 3993 3008 4063; x_wconf 85' lang='lat' dir='ltr'><strong>congregatis</strong></span> <span class='ocrx_word' id='word_1_712' title='bbox 3054 3993 3294 4062; x_wconf 88' lang='lat' dir='ltr'><strong>ejusdem</strong></span> <span class='ocrx_word' id='word_1_713' title='bbox 3335 3995 3630 4064; x_wconf 76' lang='lat' dir='ltr'><strong>previnciae</strong></span> 
     </span>
    </p>
   </div>
   <div class='ocr_carea' id='block_1_101' title="bbox 2035 4082 3630 4154">
    <p class='ocr_par' dir='ltr' id='par_1_101' title="bbox 2035 4082 3630 4154">
     <span class='ocr_line' id='line_1_101' title="bbox 2035 4082 3630 4154; baseline 0.003 -17"><span class='ocrx_word' id='word_1_714' title='bbox 2035 4083 2302 4153; x_wconf 90' lang='lat' dir='ltr'><strong>episcopis</strong></span> <span class='ocrx_word' id='word_1_715' title='bbox 2324 4082 2559 4152; x_wconf 86' lang='lat' dir='ltr'><strong>jurgium</strong></span> <span class='ocrx_word' id='word_1_716' title='bbox 2589 4085 2926 4150; x_wconf 88' lang='lat' dir='ltr'><strong>terminetur,</strong></span> <span class='ocrx_word' id='word_1_717' title='bbox 2957 4101 3060 4140; x_wconf 88' lang='lat' dir='ltr'><strong>nec</strong></span> <span class='ocrx_word' id='word_1_718' title='bbox 3093 4085 3445 4140; x_wconf 79' lang='lat' dir='ltr'><strong>alicui-liceat</strong></span> <span class='ocrx_word' id='word_1_719' title='bbox 3463 4125 3482 4154; x_wconf 90' lang='lat'><strong>,</strong></span> <span class='ocrx_word' id='word_1_720' title='bbox 3510 4085 3630 4141; x_wconf 81' lang='lat' dir='ltr'><strong>sine</strong></span> 
     </span>
    </p>
   </div>
   <div class='ocr_carea' id='block_1_102' title="bbox 2034 4172 3628 4241">
    <p class='ocr_par' dir='ltr' id='par_1_102' title="bbox 2034 4172 3628 4241">
     <span class='ocr_line' id='line_1_102' title="bbox 2034 4172 3628 4241; baseline 0.003 -16"><span class='ocrx_word' id='word_1_721' title='bbox 2034 4172 2346 4241; x_wconf 79' lang='lat' dir='ltr'><strong>praeiudicio</strong></span> <span class='ocrx_word' id='word_1_722' title='bbox 2377 4182 2554 4228; x_wconf 88' lang='lat' dir='ltr'><strong>tamen</strong></span> <span class='ocrx_word' id='word_1_723' title='bbox 2584 4173 2842 4229; x_wconf 73' lang='lat' dir='ltr'><strong>Romanae</strong></span> <span class='ocrx_word' id='word_1_724' title='bbox 2871 4173 3144 4241; x_wconf 64' lang='lat' dir='ltr'><strong>Ecclesiae,</strong></span> <span class='ocrx_word' id='word_1_725' title='bbox 3175 4176 3380 4230; x_wconf 84' lang='lat' dir='ltr'><strong>relictis</strong></span> <span class='ocrx_word' id='word_1_726' title='bbox 3430 4175 3512 4231; x_wconf 77' lang='lat' dir='ltr'><strong>bis</strong></span> <span class='ocrx_word' id='word_1_727' title='bbox 3538 4189 3628 4230; x_wconf 55' lang='lat' dir='ltr'><strong>sa.</strong></span> 
     </span>
    </p>
   </div>
   <div class='ocr_carea' id='block_1_103' title="bbox 2035 4261 3626 4333">
    <p class='ocr_par' dir='ltr' id='par_1_103' title="bbox 2035 4261 3626 4333">
     <span class='ocr_line' id='line_1_103' title="bbox 2035 4261 3626 4333; baseline 0.003 -16"><span class='ocrx_word' id='word_1_728' title='bbox 2035 4261 2342 4317; x_wconf 87' lang='lat' dir='ltr'><strong>cerdotibus</strong></span> <span class='ocrx_word' id='word_1_729' title='bbox 2412 4263 2504 4330; x_wconf 87' lang='lat' dir='ltr'><strong>qui</strong></span> <span class='ocrx_word' id='word_1_730' title='bbox 2562 4263 2614 4316; x_wconf 83' lang='lat' dir='ltr'><strong>in</strong></span> <span class='ocrx_word' id='word_1_731' title='bbox 2657 4264 2847 4318; x_wconf 89' lang='lat' dir='ltr'><strong>eadem</strong></span> <span class='ocrx_word' id='word_1_732' title='bbox 2878 4264 3156 4333; x_wconf 85' lang='lat' dir='ltr'><strong>provincia</strong></span> <span class='ocrx_word' id='word_1_733' title='bbox 3199 4265 3294 4320; x_wconf 90' lang='lat' dir='ltr'><strong>Dei</strong></span> <span class='ocrx_word' id='word_1_734' title='bbox 3317 4264 3626 4322; x_wconf 80' lang='lat' dir='ltr'><strong>Ecclesiam</strong></span> 
     </span>
    </p>
   </div>
   <div class='ocr_carea' id='block_1_104' title="bbox 2036 4351 3622 4428">
    <p class='ocr_par' dir='ltr' id='par_1_104' title="bbox 2036 4351 3622 4428">
     <span class='ocr_line' id='line_1_104' title="bbox 2036 4351 3622 4428; baseline 0.006 -22"><span class='ocrx_word' id='word_1_735' title='bbox 2036 4359 2169 4406; x_wconf 90' lang='lat' dir='ltr'><strong>nutu</strong></span> <span class='ocrx_word' id='word_1_736' title='bbox 2190 4351 2376 4406; x_wconf 85' lang='lat' dir='ltr'><strong>divino</strong></span> <span class='ocrx_word' id='word_1_737' title='bbox 2393 4353 2717 4421; x_wconf 81' lang='lat' dir='ltr'><strong>gubernant,</strong></span> <span class='ocrx_word' id='word_1_738' title='bbox 2741 4353 2810 4408; x_wconf 89' lang='lat' dir='ltr'><strong>ad</strong></span> <span class='ocrx_word' id='word_1_739' title='bbox 2833 4355 2964 4409; x_wconf 85' lang='lat' dir='ltr'><strong>alias</strong></span> <span class='ocrx_word' id='word_1_740' title='bbox 2987 4355 3276 4413; x_wconf 87' lang='lat' dir='ltr'><strong>convolare</strong></span> <span class='ocrx_word' id='word_1_741' title='bbox 3296 4358 3622 4428; x_wconf 83' lang='lat' dir='ltr'><strong>provincias.</strong></span> 
     </span>
    </p>
   </div>
   <div class='ocr_carea' id='block_1_105' title="bbox 2038 4439 3626 4514">
    <p class='ocr_par' dir='ltr' id='par_1_105' title="bbox 2038 4439 3626 4514">
     <span class='ocr_line' id='line_1_105' title="bbox 2038 4439 3626 4514; baseline 0.007 -19"><span class='ocrx_word' id='word_1_742' title='bbox 2038 4441 2190 4512; x_wconf 85' lang='lat' dir='ltr'><strong>Quod</strong></span> <span class='ocrx_word' id='word_1_743' title='bbox 2217 4441 2264 4500; x_wconf 89' lang='lat' dir='ltr'><strong>si</strong></span> <span class='ocrx_word' id='word_1_744' title='bbox 2293 4441 2413 4510; x_wconf 89' lang='lat' dir='ltr'><strong>quis</strong></span> <span class='ocrx_word' id='word_1_745' title='bbox 2441 4439 2580 4497; x_wconf 79' lang='lat' dir='ltr'><strong>forte</strong></span> <span class='ocrx_word' id='word_1_746' title='bbox 2608 4444 3049 4514; x_wconf 63' lang='lat' dir='ltr'><strong>praesumpserit,</strong></span> <span class='ocrx_word' id='word_1_747' title='bbox 3081 4455 3136 4501; x_wconf 92' lang='lat' dir='ltr'><strong>et</strong></span> <span class='ocrx_word' id='word_1_748' title='bbox 3172 4447 3240 4502; x_wconf 92' lang='lat' dir='ltr'><strong>ab</strong></span> <span class='ocrx_word' id='word_1_749' title='bbox 3287 4446 3468 4513; x_wconf 80' lang='lat' dir='ltr'><strong>oﬂicio</strong></span> <span class='ocrx_word' id='word_1_750' title='bbox 3495 4449 3626 4506; x_wconf 84' lang='lat' dir='ltr'><strong>cieri</strong></span> 
     </span>
    </p>
   </div>
   <div class='ocr_carea' id='block_1_106' title="bbox 2039 4534 3624 4610">
    <p class='ocr_par' dir='ltr' id='par_1_106' title="bbox 2039 4534 3624 4610">
     <span class='ocr_line' id='line_1_106' title="bbox 2039 4534 3624 4610; baseline 0.004 -22"><span class='ocrx_word' id='word_1_751' title='bbox 2039 4537 2318 4590; x_wconf 90' lang='lat' dir='ltr'><strong>submotus</strong></span> <span class='ocrx_word' id='word_1_752' title='bbox 2337 4577 2353 4604; x_wconf 94' lang='lat'><strong>,</strong></span> <span class='ocrx_word' id='word_1_753' title='bbox 2379 4543 2434 4589; x_wconf 90' lang='lat' dir='ltr'><strong>et</strong></span> <span class='ocrx_word' id='word_1_754' title='bbox 2459 4534 2776 4604; x_wconf 89' lang='lat' dir='ltr'><strong>injuriarum</strong></span> <span class='ocrx_word' id='word_1_755' title='bbox 2804 4551 2932 4593; x_wconf 88' lang='lat' dir='ltr'><strong>reus</strong></span> <span class='ocrx_word' id='word_1_756' title='bbox 2956 4538 3024 4594; x_wconf 88' lang='lat' dir='ltr'><strong>ab</strong></span> <span class='ocrx_word' id='word_1_757' title='bbox 3053 4540 3304 4596; x_wconf 90' lang='lat' dir='ltr'><strong>omnibus</strong></span> <span class='ocrx_word' id='word_1_758' title='bbox 3326 4540 3624 4610; x_wconf 90' lang='lat' dir='ltr'><strong>judicetur.</strong></span> 
     </span>
    </p>
   </div>
   <div class='ocr_carea' id='block_1_107' title="bbox 2030 4627 3614 4702">
    <p class='ocr_par' dir='ltr' id='par_1_107' title="bbox 2030 4627 3614 4702">
     <span class='ocr_line' id='line_1_107' title="bbox 2030 4627 3614 4702; baseline 0.006 -21"><span class='ocrx_word' id='word_1_759' title='bbox 2030 4627 2086 4682; x_wconf 91' lang='lat' dir='ltr'><strong>Si</strong></span> <span class='ocrx_word' id='word_1_760' title='bbox 2113 4635 2293 4682; x_wconf 90' lang='lat' dir='ltr'><strong>autem</strong></span> <span class='ocrx_word' id='word_1_761' title='bbox 2324 4627 2558 4697; x_wconf 88' lang='lat' dir='ltr'><strong>majores</strong></span> <span class='ocrx_word' id='word_1_762' title='bbox 2589 4643 2765 4683; x_wconf 72' lang='lat' dir='ltr'><strong>causa:</strong></span> <span class='ocrx_word' id='word_1_763' title='bbox 2794 4629 2850 4683; x_wconf 91' lang='lat' dir='ltr'><strong>in</strong></span> <span class='ocrx_word' id='word_1_764' title='bbox 2894 4629 3075 4687; x_wconf 90' lang='lat' dir='ltr'><strong>medio</strong></span> <span class='ocrx_word' id='word_1_765' title='bbox 3102 4631 3302 4690; x_wconf 88' lang='lat' dir='ltr'><strong>fuerint</strong></span> <span class='ocrx_word' id='word_1_766' title='bbox 3327 4633 3614 4702; x_wconf 74' lang='lat' dir='ltr'><strong>devoluuc,</strong></span> 
     </span>
    </p>
   </div>
   <div class='ocr_carea' id='block_1_108' title="bbox 2030 4717 3625 4794">
    <p class='ocr_par' dir='ltr' id='par_1_108' title="bbox 2030 4717 3625 4794">
     <span class='ocr_line' id='line_1_108' title="bbox 2030 4717 3625 4794; baseline 0.008 -24"><span class='ocrx_word' id='word_1_767' title='bbox 2030 4717 2098 4770; x_wconf 87' lang='lat' dir='ltr'><strong>ad</strong></span> <span class='ocrx_word' id='word_1_768' title='bbox 2126 4717 2311 4774; x_wconf 84' lang='lat' dir='ltr'><strong>sedem</strong></span> <span class='ocrx_word' id='word_1_769' title='bbox 2340 4718 2693 4788; x_wconf 89' lang='lat' dir='ltr'><strong>apostolicam</strong></span> <span class='ocrx_word' id='word_1_770' title='bbox 2720 4761 2737 4786; x_wconf 94' lang='lat'><strong>,</strong></span> <span class='ocrx_word' id='word_1_771' title='bbox 2767 4719 2907 4774; x_wconf 91' lang='lat' dir='ltr'><strong>sicut</strong></span> <span class='ocrx_word' id='word_1_772' title='bbox 2953 4722 3188 4793; x_wconf 84' lang='lat' dir='ltr'><strong>synodus</strong></span> <span class='ocrx_word' id='word_1_773' title='bbox 3231 4724 3452 4791; x_wconf 88' lang='lat' dir='ltr'><strong>statuit,</strong></span> <span class='ocrx_word' id='word_1_774' title='bbox 3475 4736 3625 4794; x_wconf 76' lang='lat' dir='ltr'><strong>post</strong></span> 
     </span>
    </p>
   </div>
   <div class='ocr_carea' id='block_1_109' title="bbox 2023 4805 3645 4894">
    <p class='ocr_par' dir='ltr' id='par_1_109' title="bbox 2023 4805 3645 4894">
     <span class='ocr_line' id='line_1_109' title="bbox 2023 4805 3645 4894; baseline 0.002 -34"><span class='ocrx_word' id='word_1_775' title='bbox 2023 4805 2281 4875; x_wconf 88' lang='lat' dir='ltr'><strong>judicium</strong></span> <span class='ocrx_word' id='word_1_776' title='bbox 2309 4807 2621 4876; x_wconf 87' lang='lat' dir='ltr'><strong>episcopale</strong></span> <span class='ocrx_word' id='word_1_777' title='bbox 2649 4807 2970 4863; x_wconf 88' lang='lat' dir='ltr'><strong>referantur.</strong></span> <span class='ocrx_word' id='word_1_778' title='bbox 3126 4891 3130 4894; x_wconf 75' lang='lat'><em>_</em></span> <span class='ocrx_word' id='word_1_779' title='bbox 3635 4860 3645 4894; x_wconf 45' lang='grc' dir='ltr'><strong>ε</strong></span> 
     </span>
    </p>
   </div>
   <div class='ocr_carea' id='block_1_110' title="bbox 2269 4893 3639 4978">
    <p class='ocr_par' dir='ltr' id='par_1_110' title="bbox 2269 4893 3639 4978">
     <span class='ocr_line' id='line_1_110' title="bbox 2269 4893 3639 4978; baseline 0.004 -7"><span class='ocrx_word' id='word_1_780' title='bbox 2269 4916 2338 4971; x_wconf 89' lang='lat' dir='ltr'><strong>Ut</strong></span> <span class='ocrx_word' id='word_1_781' title='bbox 2368 4917 2575 4971; x_wconf 85' lang='lat' dir='ltr'><strong>viduam</strong></span> <span class='ocrx_word' id='word_1_782' title='bbox 2603 4893 2817 4974; x_wconf 77' lang='lat' dir='ltr'><strong>clericus</strong></span> <span class='ocrx_word' id='word_1_783' title='bbox 2841 4934 2943 4974; x_wconf 87' lang='lat' dir='ltr'><strong>non</strong></span> <span class='ocrx_word' id='word_1_784' title='bbox 2967 4919 3120 4978; x_wconf 80' lang='lat' dir='ltr'><strong>ducat</strong></span> <span class='ocrx_word' id='word_1_785' title='bbox 3143 4936 3377 4978; x_wconf 68' lang='lat' dir='ltr'><strong>umorem.</strong></span> <span class='ocrx_word' id='word_1_786' title='bbox 3627 4905 3639 4965; x_wconf 61' lang='grc' dir='ltr'>ί</span> 
     </span>
    </p>
   </div>
   <div class='ocr_carea' id='block_1_111' title="bbox 2103 5024 3616 5100">
    <p class='ocr_par' dir='ltr' id='par_1_111' title="bbox 2103 5024 3616 5100">
     <span class='ocr_line' id='line_1_111' title="bbox 2103 5024 3616 5100; baseline 0.007 -22"><span class='ocrx_word' id='word_1_787' title='bbox 2103 5024 2191 5078; x_wconf 82' lang='lat' dir='ltr'><strong>XI.</strong></span> <span class='ocrx_word' id='word_1_788' title='bbox 2246 5025 2315 5080; x_wconf 90' lang='lat' dir='ltr'><strong>Ut</strong></span> <span class='ocrx_word' id='word_1_789' title='bbox 2343 5027 2554 5081; x_wconf 88' lang='lat' dir='ltr'><strong>viduam</strong></span> <span class='ocrx_word' id='word_1_790' title='bbox 2587 5027 2814 5082; x_wconf 90' lang='lat' dir='ltr'><strong>clericus</strong></span> <span class='ocrx_word' id='word_1_791' title='bbox 2842 5043 2948 5082; x_wconf 89' lang='lat' dir='ltr'><strong>non</strong></span> <span class='ocrx_word' id='word_1_792' title='bbox 2993 5027 3156 5083; x_wconf 88' lang='lat' dir='ltr'><strong>ducat</strong></span> <span class='ocrx_word' id='word_1_793' title='bbox 3185 5045 3406 5084; x_wconf 83' lang='lat' dir='ltr'><strong>uxorem</strong></span> <span class='ocrx_word' id='word_1_794' title='bbox 3433 5071 3457 5095; x_wconf 80' lang='lat'><strong>,</strong></span> <span class='ocrx_word' id='word_1_795' title='bbox 3489 5032 3616 5100; x_wconf 86' lang='lat' dir='ltr'><strong>quia</strong></span> 
     </span>
    </p>
   </div>
   <div class='ocr_carea' id='block_1_112' title="bbox 2028 5117 3611 5191">
    <p class='ocr_par' dir='ltr' id='par_1_112' title="bbox 2028 5117 3611 5191">
     <span class='ocr_line' id='line_1_112' title="bbox 2028 5117 3611 5191; baseline 0.001 -19"><span class='ocrx_word' id='word_1_796' title='bbox 2028 5117 2286 5186; x_wconf 87' lang='lat' dir='ltr'><strong>scriptum</strong></span> <span class='ocrx_word' id='word_1_797' title='bbox 2332 5126 2418 5172; x_wconf 89' lang='lat' dir='ltr'><strong>est</strong></span> <span class='ocrx_word' id='word_1_798' title='bbox 2456 5137 2468 5169; x_wconf 90' lang='lat'>:</span> <span class='ocrx_word' id='word_1_799' title='bbox 2503 5118 2765 5173; x_wconf 81' lang='lat' dir='ltr'><strong>Sacerdos</strong></span> <span class='ocrx_word' id='word_1_800' title='bbox 2810 5134 3024 5171; x_wconf 72' lang='lat' dir='ltr'><strong>uxorem</strong></span> <span class='ocrx_word' id='word_1_801' title='bbox 3073 5121 3324 5189; x_wconf 80' lang='lat' dir='ltr'><strong>virginem</strong></span> <span class='ocrx_word' id='word_1_802' title='bbox 3368 5122 3611 5191; x_wconf 80' lang='lat' dir='ltr'><strong>accipiat,</strong></span> 
     </span>
    </p>
   </div>
   <div class='ocr_carea' id='block_1_113' title="bbox 2029 5209 3615 5284">
    <p class='ocr_par' dir='ltr' id='par_1_113' title="bbox 2029 5209 3615 5284">
     <span class='ocr_line' id='line_1_113' title="bbox 2029 5209 3615 5284; baseline 0.004 -22"><span class='ocrx_word' id='word_1_803' title='bbox 2029 5225 2131 5263; x_wconf 86' lang='lat' dir='ltr'><strong>non</strong></span> <span class='ocrx_word' id='word_1_804' title='bbox 2161 5209 2384 5274; x_wconf 80' lang='lat' dir='ltr'><strong>viduam,</strong></span> <span class='ocrx_word' id='word_1_805' title='bbox 2418 5226 2523 5266; x_wconf 82' lang='lat' dir='ltr'><strong>non</strong></span> <span class='ocrx_word' id='word_1_806' title='bbox 2551 5211 2767 5280; x_wconf 75' lang='lat' dir='ltr'><strong>ejectum</strong></span> <span class='ocrx_word' id='word_1_807' title='bbox 2796 5209 2991 5279; x_wconf 57' lang='lat' dir='ltr'><strong>(laet-it.</strong></span> <span class='ocrx_word' id='word_1_808' title='bbox 3015 5226 3126 5272; x_wconf 69' lang='lat' dir='ltr'><strong>xxi,</strong></span> <span class='ocrx_word' id='word_1_809' title='bbox 3158 5209 3276 5281; x_wconf 79' lang='grc'><strong>15)..</strong></span> <span class='ocrx_word' id='word_1_810' title='bbox 3305 5209 3500 5280; x_wconf 87' lang='lat' dir='ltr'><strong>Utique</strong></span> <span class='ocrx_word' id='word_1_811' title='bbox 3521 5215 3615 5284; x_wconf 86' lang='lat' dir='ltr'><strong>qui</strong></span> 
     </span>
    </p>
   </div>
   <div class='ocr_carea' id='block_1_114' title="bbox 2024 5300 3614 5370">
    <p class='ocr_par' dir='ltr' id='par_1_114' title="bbox 2024 5300 3614 5370">
     <span class='ocr_line' id='line_1_114' title="bbox 2024 5300 3614 5370; baseline 0.004 -17"><span class='ocrx_word' id='word_1_812' title='bbox 2024 5300 2093 5354; x_wconf 88' lang='lat' dir='ltr'><strong>ad</strong></span> <span class='ocrx_word' id='word_1_813' title='bbox 2119 5301 2480 5355; x_wconf 86' lang='lat' dir='ltr'><strong>sacerdotium</strong></span> <span class='ocrx_word' id='word_1_814' title='bbox 2510 5300 2696 5356; x_wconf 90' lang='lat' dir='ltr'><strong>labore</strong></span> <span class='ocrx_word' id='word_1_815' title='bbox 2734 5315 2833 5356; x_wconf 87' lang='lat' dir='ltr'><strong>suo</strong></span> <span class='ocrx_word' id='word_1_816' title='bbox 2861 5309 2917 5355; x_wconf 90' lang='lat' dir='ltr'><strong>et</strong></span> <span class='ocrx_word' id='word_1_817' title='bbox 2942 5301 3063 5354; x_wconf 76' lang='lat' dir='ltr'><strong>vita:</strong></span> <span class='ocrx_word' id='word_1_818' title='bbox 3091 5301 3360 5370; x_wconf 79' lang='lat' dir='ltr'><strong>probitate</strong></span> <span class='ocrx_word' id='word_1_819' title='bbox 3386 5312 3614 5359; x_wconf 86' lang='lat' dir='ltr'><strong>conten-</strong></span> 
     </span>
    </p>
   </div>
   <div class='ocr_carea' id='block_1_115' title="bbox 2027 5392 3614 5468">
    <p class='ocr_par' dir='ltr' id='par_1_115' title="bbox 2027 5392 3614 5468">
     <span class='ocr_line' id='line_1_115' title="bbox 2027 5392 3614 5468; baseline 0.005 -22"><span class='ocrx_word' id='word_1_820' title='bbox 2027 5393 2124 5457; x_wconf 90' lang='lat' dir='ltr'><strong>dit,</strong></span> <span class='ocrx_word' id='word_1_821' title='bbox 2157 5408 2352 5447; x_wconf 84' lang='lat' dir='ltr'><strong>cavere</strong></span> <span class='ocrx_word' id='word_1_822' title='bbox 2379 5392 2539 5446; x_wconf 87' lang='lat' dir='ltr'><strong>debet</strong></span> <span class='ocrx_word' id='word_1_823' title='bbox 2587 5408 2656 5449; x_wconf 83' lang='lat' dir='ltr'><strong>ne</strong></span> <span class='ocrx_word' id='word_1_824' title='bbox 2686 5392 2790 5447; x_wconf 93' lang='lat' dir='ltr'><strong>hoc</strong></span> <span class='ocrx_word' id='word_1_825' title='bbox 2837 5392 3146 5462; x_wconf 74' lang='lat' dir='ltr'><strong>prtejudicio</strong></span> <span class='ocrx_word' id='word_1_826' title='bbox 3175 5394 3462 5465; x_wconf 84' lang='lat' dir='ltr'><strong>impeditus</strong></span> <span class='ocrx_word' id='word_1_827' title='bbox 3487 5410 3614 5468; x_wconf 55' lang='lat' dir='ltr'><strong>pert-</strong></span> 
     </span>
    </p>
   </div>
   <div class='ocr_carea' id='block_1_116' title="bbox 2026 5483 2560 5553">
    <p class='ocr_par' dir='ltr' id='par_1_116' title="bbox 2026 5483 2560 5553">
     <span class='ocr_line' id='line_1_116' title="bbox 2026 5483 2560 5553; baseline -0.007 -14"><span class='ocrx_word' id='word_1_828' title='bbox 2026 5483 2209 5538; x_wconf 89' lang='lat' dir='ltr'><strong>venire</strong></span> <span class='ocrx_word' id='word_1_829' title='bbox 2237 5498 2343 5537; x_wconf 92' lang='lat' dir='ltr'><strong>non</strong></span> <span class='ocrx_word' id='word_1_830' title='bbox 2371 5483 2560 5553; x_wconf 90' lang='lat' dir='ltr'><strong>possit.</strong></span> 
     </span>
    </p>
   </div>
   <div class='ocr_carea' id='block_1_117' title="bbox 2142 5593 3483 5671">
    <p class='ocr_par' dir='ltr' id='par_1_117' title="bbox 2142 5593 3483 5671">
     <span class='ocr_line' id='line_1_117' title="bbox 2142 5593 3483 5671; baseline 0.007 -24"><span class='ocrx_word' id='word_1_831' title='bbox 2142 5593 2209 5648; x_wconf 87' lang='lat' dir='ltr'><strong>Ut</strong></span> <span class='ocrx_word' id='word_1_832' title='bbox 2237 5595 2282 5647; x_wconf 89' lang='lat' dir='ltr'><strong>si</strong></span> <span class='ocrx_word' id='word_1_833' title='bbox 2311 5594 2473 5648; x_wconf 81' lang='lat' dir='ltr'><strong>laicus</strong></span> <span class='ocrx_word' id='word_1_834' title='bbox 2504 5593 2709 5647; x_wconf 80' lang='lat' dir='ltr'><strong>viduam</strong></span> <span class='ocrx_word' id='word_1_835' title='bbox 2738 5594 2961 5660; x_wconf 70' lang='lat' dir='ltr'><strong>duxerit,</strong></span> <span class='ocrx_word' id='word_1_836' title='bbox 2997 5598 3213 5652; x_wconf 80' lang='lat' dir='ltr'><strong>clericus</strong></span> <span class='ocrx_word' id='word_1_837' title='bbox 3236 5615 3338 5655; x_wconf 74' lang='lat' dir='ltr'><strong>tum</strong></span> <span class='ocrx_word' id='word_1_838' title='bbox 3367 5601 3483 5671; x_wconf 80' lang='lat' dir='ltr'><strong>ﬁat.</strong></span> 
     </span>
    </p>
   </div>
   <div class='ocr_carea' id='block_1_118' title="bbox 2088 5701 3604 5782">
    <p class='ocr_par' dir='ltr' id='par_1_118' title="bbox 2088 5701 3604 5782">
     <span class='ocr_line' id='line_1_118' title="bbox 2088 5701 3604 5782; baseline 0.011 -28"><span class='ocrx_word' id='word_1_839' title='bbox 2088 5701 2200 5754; x_wconf 79' lang='grc' dir='ltr'><strong>ΧΠ.</strong></span> <span class='ocrx_word' id='word_1_840' title='bbox 2240 5701 2304 5756; x_wconf 89' lang='lat' dir='ltr'><strong>Ut</strong></span> <span class='ocrx_word' id='word_1_841' title='bbox 2354 5703 2398 5756; x_wconf 90' lang='lat' dir='ltr'><strong>is</strong></span> <span class='ocrx_word' id='word_1_842' title='bbox 2422 5703 2512 5770; x_wconf 91' lang='lat' dir='ltr'><strong>qui</strong></span> <span class='ocrx_word' id='word_1_843' title='bbox 2541 5702 2775 5765; x_wconf 82' lang='lat' dir='ltr'><strong>viduam,</strong></span> <span class='ocrx_word' id='word_1_844' title='bbox 2797 5703 2930 5758; x_wconf 87' lang='lat' dir='ltr'><strong>licet</strong></span> <span class='ocrx_word' id='word_1_845' title='bbox 2957 5705 3146 5774; x_wconf 84' lang='lat' dir='ltr'><strong>laicus,</strong></span> <span class='ocrx_word' id='word_1_846' title='bbox 3180 5708 3332 5764; x_wconf 82' lang='lat' dir='ltr'><strong>duxit</strong></span> <span class='ocrx_word' id='word_1_847' title='bbox 3359 5727 3604 5782; x_wconf 77' lang='lat' dir='ltr'><strong>uxorem,</strong></span> 
     </span>
    </p>
   </div>
   <div class='ocr_carea' id='block_1_119' title="bbox 2017 5796 3605 5868">
    <p class='ocr_par' dir='ltr' id='par_1_119' title="bbox 2017 5796 3605 5868">
     <span class='ocr_line' id='line_1_119' title="bbox 2017 5796 3605 5868; baseline 0.006 -18"><span class='ocrx_word' id='word_1_848' title='bbox 2017 5797 2128 5850; x_wconf 78' lang='lat' dir='ltr'><strong>sive</strong></span> <span class='ocrx_word' id='word_1_849' title='bbox 2158 5804 2281 5850; x_wconf 86' lang='lat' dir='ltr'><strong>ante</strong></span> <span class='ocrx_word' id='word_1_850' title='bbox 2312 5796 2634 5865; x_wconf 81' lang='lat' dir='ltr'><strong>baptismum</strong></span> <span class='ocrx_word' id='word_1_851' title='bbox 2657 5837 2670 5861; x_wconf 93' lang='lat'><strong>,</strong></span> <span class='ocrx_word' id='word_1_852' title='bbox 2704 5796 2815 5850; x_wconf 84' lang='lat' dir='ltr'><strong>sive</strong></span> <span class='ocrx_word' id='word_1_853' title='bbox 2844 5806 2964 5866; x_wconf 86' lang='lat' dir='ltr'><strong>post</strong></span> <span class='ocrx_word' id='word_1_854' title='bbox 2993 5798 3336 5868; x_wconf 86' lang='lat' dir='ltr'><strong>baptismum,</strong></span> <span class='ocrx_word' id='word_1_855' title='bbox 3368 5818 3474 5857; x_wconf 80' lang='lat' dir='ltr'><strong>non</strong></span> <span class='ocrx_word' id='word_1_856' title='bbox 3507 5806 3605 5860; x_wconf 88' lang='lat' dir='ltr'><strong>ad-</strong></span> 
     </span>
    </p>
   </div>
   <div class='ocr_carea' id='block_1_120' title="bbox 2018 5887 3596 5960">
    <p class='ocr_par' dir='ltr' id='par_1_120' title="bbox 2018 5887 3596 5960">
     <span class='ocr_line' id='line_1_120' title="bbox 2018 5887 3596 5960; baseline 0.004 -15"><span class='ocrx_word' id='word_1_857' title='bbox 2018 5890 2259 5946; x_wconf 68' lang='lat' dir='ltr'><strong>mittatur</strong></span> <span class='ocrx_word' id='word_1_858' title='bbox 2287 5887 2354 5943; x_wconf 85' lang='lat' dir='ltr'><strong>ad</strong></span> <span class='ocrx_word' id='word_1_859' title='bbox 2386 5887 2606 5956; x_wconf 85' lang='lat' dir='ltr'><strong>clerum,</strong></span> <span class='ocrx_word' id='word_1_860' title='bbox 2641 5888 2764 5960; x_wconf 81' lang='lat' dir='ltr'><strong>quia</strong></span> <span class='ocrx_word' id='word_1_861' title='bbox 2805 5889 2997 5950; x_wconf 86' lang='lat' dir='ltr'><strong>eodem</strong></span> <span class='ocrx_word' id='word_1_862' title='bbox 3024 5891 3154 5948; x_wconf 82' lang='lat' dir='ltr'><strong>vitio</strong></span> <span class='ocrx_word' id='word_1_863' title='bbox 3187 5891 3392 5950; x_wconf 78' lang='lat' dir='ltr'><strong>videtur</strong></span> <span class='ocrx_word' id='word_1_864' title='bbox 3420 5895 3596 5951; x_wconf 56' lang='lat' dir='ltr'><strong>excluc</strong></span> 
     </span>
    </p>
   </div>
  </div>
