4104 6468
469 308 572 370 245

1752 287 2106 347 DIONYSIUS
2144 287 2462 344 EXIGUUS.

3652 283 3753 336 2i!

465 437 577 477 sus.
621 419 680 474 In
709 417 976 488 baptismo
1000 415 1141 470 enim
1172 411 1396 467 crimina
1424 406 1785 469 dimittuntur,
1820 419 1924 457 nou
1955 419 2046 456 ac—
2080 407 2127 466 Α
2155 417 2375 458 scrvare
2399 399 2668 467 debeant,
2710 402 2904 470 quibus
2933 399 3018 455 vel
3047 397 3408 454 sacerdotium
3451 397 3535 452 vel
3593 397 3754 451 mini-

466 519 639 584 ccpta:
668 508 854 566 uxoris
881 505 1211 563 consortium
1240 500 1532 556 relaxatur.

489 652 560 707 Ut
587 653 673 722 qui,
699 649 979 707 secundam
1015 659 1231 718 uxorem
1270 641 1505 697 habuerit
1543 641 1760 694 clericus
1790 654 1892 691 non
1933 635 2022 694 sit.

537 764 672 820 XIII.
725 763 804 819 Ne
832 763 877 819 is
896 762 987 832 qui
1015 758 1309 816 secundam
1337 755 1550 812 duxerit
1577 767 1800 808 uxorem
1829 751 2060 807 clericus

469 858 581 925 liat,
613 856 741 928 quia
763 854 1026 924 scriptum
1053 859 1138 907 est
1163 867 1179 905 :
1211 849 1376 904 Unius
1405 846 1582 900 uxoris
1611 845 1775 899 virum
1805 841 1856 911 (1
1923 839 2056 896 Tim.

467 954 576 1022 ut);
607 961 664 1007 et
689 950 882 1008 iterum
914 965 932 1000 :
964 944 1277 1004 Sacerdotes
1305 940 1405 994 mei
1434 939 1589 994 semel
1615 935 1810 991 nubant
1863 933 2054 1000 (Lerit.

468 1059 561 1100 χιι
582 1044 635 1113 );
680 1052 737 1098 et
761 1039 892 1096 alibi
922 1056 938 1092 :
969 1035 1280 1094 Sacerdotes
1324 1033 1422 1086 mei
1463 1046 1569 1085 non
1612 1026 1814 1081 nubant
1838 1024 2060 1094 amplius

465 1135 686 1204 (Bacch.
716 1131 884 1201 xuv).
934 1128 1004 1184 Et
1028 1129 1076 1184 si
1119 1126 1188 1182 ab
1223 1123 1489 1193 aliquibus
1537 1118 1896 1181 existimatur,
1937 1122 2063 1168 ante

467 1231 793 1302 baptismum
822 1227 868 1284 si
914 1225 1054 1281 forte
1085 1222 1209 1293 quis
1252 1217 1466 1289 accepit
1508 1228 1736 1271 uxorem
1757 1252 1772 1277 ,
1818 1220 1876 1268 et
1902 1225 1966 1266 ea
1995 1208 2063 1272 de

466 1321 672 1381 saeculo
721 1317 1014 1375 recedente
1040 1314 1264 1368 alteram
1293 1307 1526 1374 duxerit,
1557 1307 1612 1361 in
1641 1303 1913 1374 baptismo
1941 1313 2064 1355 esse

466 1411 750 1468 diluissem
776 1447 797 1474 ,
829 1407 960 1462 satis
987 1412 1136 1461 errat
1174 1417 1205 1457 a
1247 1400 1431 1469 regula
1454 1438 1470 1464 ,
1520 1397 1647 1468 quia
1694 1395 1747 1450 in
1793 1391 2062 1464 baptismo

469 1509 692 1572 peccata
710 1499 1083 1564 remittuntur,
1107 1509 1214 1549 non
1244 1500 1591 1560 acceptarum
1621 1500 1848 1543 uxorum
1878 1495 2064 1538 nume.

469 1606 568 1649 rus
593 1591 883 1654 aboletur,
929 1602 1053 1642 cum
1100 1583 1289 1652 utique
1336 1594 1475 1635 uxor
1509 1592 1578 1632 ex
1627 1575 1762 1645 legis
1789 1581 2063 1644 prmeepto

470 1685 718 1749 ducatur,
747 1682 801 1737 in
831 1686 1038 1736 tantum
1069 1683 1129 1732 ut
1175 1681 1231 1730 et
1259 1673 1311 1727 in
1339 1669 1592 1742 paradiso
1614 1707 1631 1732 ,
1657 1682 1783 1722 cum
1811 1671 2065 1735 parentes

2161 493 2383 548 sterium
2417 493 2533 548 sine
2561 493 2903 550 successione
2931 500 3014 548 cst
3033 531 3046 554 ,
3084 507 3183 545 nec
3209 489 3448 560 prmterit
3476 488 3591 544 dies
3645 505 3754 559 qua

2161 585 2246 639 vel
2276 600 2305 638 a
2335 585 2609 641 sacriliciis
2651 584 2844 642 divinis
2883 585 2969 640 vel
3019 599 3048 638 a
3077 583 3414 653 baptismatis
3452 580 3631 637 ollicio
3661 597 3756 635 va-

2160 677 2321 733 cent?
2370 677 2502 731 Nam
2544 679 2591 732 si
2632 675 2829 733 Paulus
2871 677 2938 732 ad
2967 675 3278 731 Corinthios
3307 673 3493 728 scribit
3521 672 3708 728 dicens
3743 692 3755 725 :

2163 769 2444 825 Abstinete
2471 786 2566 826 vos
2592 769 2660 824 ad
2691 778 2923 839 tempus,
2959 777 3018 822 ut
3045 769 3250 822 vacetis
3279 766 3513 822 orationi
3550 765 3603 837 (l
3627 765 3754 820 Cor.

2163 862 2258 928 vn)
2278 901 2292 927 ,
2322 869 2378 916 et
2406 861 2511 916 hoc
2536 861 2720 930 utique
2757 859 2906 915 laicis
2943 859 3230 929 praecepit,
3278 857 3446 912 multo
3475 857 3647 926 magis
3672 872 3754 910 sa-

2163 951 2444 1017 cerdotes,
2475 951 2667 1021 quibus
2704 959 2760 1006 et
2784 948 2972 1005 orandi
3012 957 3068 1003 et
3120 945 3455 1004 sacriﬁcandi
3479 945 3608 1016 iuge
3635 943 3757 1001 ofﬁ-

2163 1044 2305 1100 cium
2353 1052 2468 1111 est,
2499 1057 2714 1114 semper
2747 1041 3022 1098 debebunt
3049 1041 3118 1096 ab
3146 1037 3450 1109 huiusmodi
3477 1039 3756 1094 consortio

2165 1133 2436 1190 abstinere
2459 1175 2475 1200 ,
2507 1133 2598 1202 qui
2629 1133 2674 1189 si
2717 1130 3072 1188 contaminati
3100 1128 3300 1184 fuerint
3326 1127 3529 1184 carnali
3555 1142 3756 1182 concu-

2162 1228 2447 1299 piscentia,
2468 1241 2577 1296 quo
2605 1225 2811 1297 pudore
2838 1224 2924 1279 vel
2950 1223 3254 1278 sacriﬁcare
3281 1221 3503 1277 forsitan
3530 1233 3755 1289 usurpa-

2164 1313 2330 1384 bunt,
2362 1325 2456 1372 aut
2484 1332 2590 1386 qua
2620 1314 2971 1382 conscientia,
3001 1326 3179 1382 quove
3207 1311 3404 1367 merito
3430 1309 3674 1366 exaudiri
3696 1325 3758 1365 se

2165 1407 2425 1475 credunt,
2477 1421 2596 1462 cum
2646 1405 2849 1461 dictum
2899 1405 2972 1460 sit
3002 1422 3014 1434 ·
3042 1402 3234 1460 Omnia
3279 1401 3478 1456 munda
3519 1401 3756 1465 mundis,

2165 1483 2530 1565 coinquinatis
2553 1505 2733 1551 autem
2783 1502 2839 1550 et
2869 1493 3170 1550 infidelibus
3200 1491 3330 1547 nihil
3356 1490 3614 1546 mundum
3653 1491 3756 1559 (Ad

2169 1587 2272 1642 Tit.
2295 1589 2370 1658 1),?
2401 1586 2509 1643 Sed
2539 1586 2768 1642 fortasse
2795 1586 2961 1641 licere
2988 1585 3092 1640 hoc
3121 1583 3311 1650 credit,
3342 1581 3468 1651 quia
3496 1580 3755 1650 scriptum

2166 1691 2286 1736 est:
2316 1679 2484 1736 Unius
2511 1679 2695 1735 uxoris
2719 1679 2890 1733 virum
2922 1675 2975 1747 (1
3002 1675 3135 1730 Tim.
3165 1674 3264 1744 ιιι),
3297 1689 3406 1728 non
3433 1685 3756 1742 permanen-

469 1775 695 1832 bumani
737 1772 952 1843 generis
997 1769 1454 1838 coniungerentur
1502 1761 1656 1832 (Gen.
1689 1761 1781 1826 ιι),
1829 1759 1900 1825 ab
1944 1757 2062 1829 ipso

2170 1782 2276 1828 tem
2307 1774 2360 1827 in
2391 1770 2828 1842 concupiscentia
2864 1765 3156 1837 generandi
3193 1764 3361 1829 dixit,
3403 1762 3498 1820 sed
3533 1769 3758 1832 propter

469 1869 580 1924 sint
630 1865 862 1922 Domino
906 1860 1214 1923 benedicti,
1260 1865 1317 1912 et
1364 1855 1623 1910 Salomon
1671 1852 1843 1916 dicat,
1873 1851 1917 1903 A
1945 1849 2058 1904 Deo

470 1953 860 2027 pmparabitur
903 1951 1021 2006 viro
1073 1963 1211 2004 uxor
1275 1945 1479 2014 (Prov.
1511 1959 1598 1997 χιιι
1623 1943 1639 2011 )
1661 1983 1678 2010 ,
1735 1956 1896 2010 quam
1953 1938 2060 1994 for-

475 2060 615 2101 mam
639 2044 803 2100 etiam
830 2039 1149 2098 sacerdotes
1175 2050 1367 2096 omnes
1391 2047 1612 2110 servare
1664 2046 1792 2088 usus
1819 2031 1936 2100 ipse
1961 2028 2060 2086 de-

471 2143 738 2194 monstrat
757 2133 1034 2192 Ecclesiae.
1066 2131 1212 2187 Satis
1233 2129 1377 2185 enim
1397 2125 1688 2184 absurdum
1716 2131 1801 2179 est
1827 2122 2062 2192 aliquem

470 2228 714 2294 credere,
760 2239 988 2282 uxorem
1035 2231 1162 2277 ante
1204 2219 1534 2289 baptismum
1598 2220 1882 2284 acceptam
1943 2219 2064 2282 post

471 2318 798 2391 baptismum
825 2331 932 2374 nou
962 2312 1295 2384 computari,
1319 2324 1444 2366 cum
1470 2306 1778 2364 benedictio
1828 2318 1947 2376 qua:
1969 2318 2064 2373 per

471 2410 808 2469 sacerdotem
827 2422 993 2480 super
1010 2406 1277 2464 nubentes
1302 2403 1618 2474 imponitur,
1643 2415 1755 2456 non
1780 2398 2063 2456 materiam

471 2501 816 2572 delinquendi
846 2499 1080 2564 dedisse,
1101 2495 1196 2553 sed
1224 2495 1452 2550 formam
1482 2491 1717 2548 tenuisse
1745 2489 1880 2557 legis
1900 2504 1930 2542 a
1954 2487 2064 2548 Deo

471 2594 766 2664 antiquitus
809 2591 1072 2651 instituta:
1107 2589 1392 2649 doceatur.
1443 2583 1600 2650 Quod
1627 2583 1679 2638 si
1707 2596 1816 2642 non
1843 2587 2065 2650 putatur

472 2701 609 2742 uxor
663 2698 783 2741 esse
836 2678 1201 2751 computanda
1246 2691 1367 2746 qua:
1395 2683 1523 2730 ante
1551 2673 1875 2743 baptismum
1905 2671 2065 2727 ducta

470 2783 574 2842 est,
603 2786 735 2843 ergo
786 2787 889 2828 nec
917 2771 1012 2828 lilii
1058 2769 1152 2839 qui
1197 2775 1324 2822 ante
1369 2764 1695 2834 baptismum
1725 2761 1892 2833 geniti
1921 2771 2064 2825 sunt,

471 2878 578 2935 pro
601 2859 724 2918 ﬁliis
749 2861 1040 2917 habentur.

477 2977 547 3032 Ut
573 2976 786 3031 alterius
823 2974 1038 3044 clericos
1069 2970 1316 3025 ordinare
1345 2967 1514 3023 nullus
1539 2974 1748 3036 usurpet
1775 2950 2063 3036 episcopus.

546 3085 685 3149 XIV.
720 3085 791 3152 Ut
813 3083 882 3146 de
908 3083 1081 3160 aliena
1111 3077 1354 3142 Ecclesia
1384 3077 1642 3146 clericum
1670 3074 1922 3144 ordinare
1948 3075 2068 3142 nul-

477 3181 562 3238 lus
588 3186 855 3250 usurpet,
893 3176 996 3250 nisi
1025 3175 1142 3246 eius
1181 3173 1470 3246 episcopus
1515 3168 1768 3250 precibus
1814 3175 2069 3228 exoratus

478 3269 780 3336 concedere
817 3267 1067 3323 voluerit.
1117 3264 1231 3319 lloc
1277 3257 1439 3331 etiam
1477 3258 1714 3332 synodus
1751 3259 1938 3314 statuit
1979 3257 2068 3311 Ni-

478 3367 733 3426 cmna,ut
752 3357 1023 3433 abiectum
1049 3356 1116 3414 ab
1146 3355 1324 3420 altero,
1347 3352 1604 3424 clericum
1635 3349 1802 3419 altera
1826 3347 2069 3405 Ecclesia

481 3467 590 3508 non
615 3447 863 3520 recipiat.

478 3589 556 3650 υι
581 3605 688 3650 nam
737 3586 1120 3659 rebaptizeugur
1148 3587 1236 3658 qui
1281 3586 1352 3659 ad
1378 3582 1669 3659 Ecclesium
1698 3601 1732 3640 α
1758 3579 2074 3646 Noratiauis

924 3641 1006 3716 rel
1030 3641 1404 3718 Munientibus
1415 3655 1642 3708 veniunt.

553 3773 670 3834 ιγ.
725 3772 797 3835 ιιι
838 3773 1119 3847 venientes
1163 3785 1196 3824 a
1240 3768 1555 3833 Novatianis
1589 3768 1677 3824 vel
1706 3767 2072 3830 Montensibus

476 3879 580 3937 per
606 3877 799 3922 manus
847 3871 1062 3928 tantum.
1105 3859 1504 3929 impositionem
1532 3857 1922 3927 suscipiantur,
1948 3859 2074 3925 quia

479 3953 729 4024 quamvis
755 3953 826 4010 ab
851 3951 1118 4027 lucreticis
1141 3993 1159 4017 ,
1209 3959 1387 4013 tamen
1417 3950 1470 4006 in
1497 3947 1698 4016 Christi
1731 3947 1948 4002 nomine
1976 3948 2072 4002 ba-

483 4043 674 4119 ptizati
697 4052 844 4109 sunt,
898 4051 1095 4113 prater
1122 4057 1220 4107 eos
1260 4041 1351 4111 qui
1377 4040 1425 4107 si
1450 4039 1592 4106 forte
1619 4055 1651 4093 a
1685 4039 1840 4099 nobis
1863 4038 1932 4095 ad
1958 4037 2076 4100 illos

485 4143 830 4197 transeuntes
874 4132 1198 4204 rebaptizati
1240 4139 1400 4197 sunt,
1430 4131 1488 4195 hi
1513 4131 1560 4186 si
1591 4130 1974 4200 resipiscentes
2021 4138 2077 4183 et

482 4228 696 4288 ruinam
722 4241 874 4288 suam
903 4226 1202 4294 cogitantes
1228 4223 1404 4284 redire
1433 4222 1720 4278 maluerint
1744 4262 1758 4286 ,
1793 4223 1890 4278 sub
1919 4223 2076 4289 longa

483 4318 814 4388 pauitantia:
843 4317 1212 4379 satisfactione
1240 4315 1559 4388 admittendi
1586 4325 1734 4374 sunt.

483 4455 641 4524 Quod
682 4458 972 4514 sacerdotes
1001 4465 1050 4510 et
1081 4456 1410 4580 levidtarbegum
1450 4456 1747 4514 mulieribus
1787 4458 1924 4511 coire
1971 4474 2076 4512 non

1195 4543 1224 4579 e
1320 4535 1398 4580 nt.

1195 4535 1398 4580 abeant.

559 4637 698 4695 XVI.
729 4637 1029 4703 Przeterea,
1063 4637 1207 4714 quod
1236 4637 1478 4706 dignum,
1511 4646 1566 4692 ct
1595 4638 1868 4707 pudicum,
1904 4650 1958 4694 et
1987 4642 2081 4694 ho-

491 4742 701 4790 nestum
757 4743 840 4788 est
865 4775 881 4800 ,
927 4741 1114 4788 tenere
1154 4730 1395 4786 Ecclesia
1437 4730 1749 4786 omnimodo
1777 4731 1966 4799 debet,
2027 4740 2085 4788 ut

490 4823 802 4880 sacerdotes
839 4831 895 4879 et
949 4823 1121 4878 levita:
1150 4837 1271 4878 cum
1303 4821 1561 4876 uxoribus
1590 4822 1699 4877 suis
1731 4838 1836 4877 non
1866 4831 2080 4888 coeant,

490 4917 614 4986 quia
641 4915 929 4972 ministerii
947 4913 1244 4984 quotidiani
1269 4914 1681 4970 necessitatibus
1709 4921 2040 4984 occupantur
2068 4932 2081 4967 :

486 5009 748 5079 scriptum
791 5016 877 5064 est
903 5007 1048 5063 enim
1081 5024 1094 5059 :
1127 5005 1312 5066 SanCti
1343 5014 1556 5070 estote,
1601 5006 1857 5076 quoniam
1902 5014 1958 5060 et
1982 5020 2082 5074 ego

490 5107 712 5159 sanctus
766 5113 883 5154 sum
914 5097 1175 5158 Dominus
1203 5096 1347 5152 Dens
1385 5104 1583 5152 vester.
1639 5095 1773 5150 Nam
1812 5098 1857 5151 si
1893 5097 2084 5165 priscis

492 5190 828 5260 temporibus
853 5190 923 5246 de
951 5190 1152 5261 templo
1181 5188 1276 5246 Dei
1306 5189 1618 5244 sacerdotes
1641 5203 1785 5244 anno
1813 5189 1944 5244 vicis
1973 5205 2082 5244 sua:

493 5296 599 5334 non
627 5279 978 5336 discedebant
999 5323 1014 5346 ,
1051 5281 1192 5336 sicut
1229 5280 1296 5334 de
1327 5279 1587 5334 Zacharia
1619 5280 1843 5347 legimus
1930 5284 2079 5352 (Lar.

499 5373 614 5443 53,)
645 5412 662 5437 ,
699 5388 802 5428 nec
835 5371 1057 5426 domum
1097 5387 1252 5429 suam
1279 5372 1504 5425 omnino
1530 5370 1819 5438 tangebam
1843 5410 1857 5435 ,
1887 5371 2082 5438 quibus

495 5464 680 5526 utique
725 5469 948 5529 propter
995 5461 1197 5516 sobolis
1243 5461 1644 5516 successionem
1689 5459 1911 5513 uxorius
1953 5475 2080 5514 usus

498 5548 669 5621 fuerat
698 5551 1000 5617 relaxatus,
1033 5553 1157 5620 quia
1187 5567 1252 5605 ex
1311 5550 1412 5603 alia
1443 5549 1586 5604 tribu
1638 5557 1692 5604 et
1723 5557 2078 5618 praeterquam

497 5656 564 5694 ex
591 5641 796 5698 semine
826 5642 1003 5698 Aaron
1035 5643 1102 5696 ad
1132 5642 1495 5698 sacerdotium
1539 5641 1715 5696 nullus
1745 5639 1914 5696 fuerat
1945 5656 2080 5710 prac-

500 5739 687 5800 t‘eptus
708 5733 965 5790 accedere
989 5732 1173 5804 (Num.
1201 5735 1377 5802 xvm),
1411 5742 1614 5802 quanto
1637 5733 1806 5799 magis
1827 5731 1878 5785 hi
1901 5746 2081 5784 sacer-

503 5827 652 5878 dotes
682 5826 763 5899 vel
817 5825 989 5881 lcvilze
1021 5825 1328 5897 pudicitiam
1364 5841 1430 5879 ex
1469 5825 1553 5880 die
1594 5824 1944 5880 ordinationis
1972 5839 2080 5878 sum

2166 1864 2553 1942 conscientiam
2583 1862 2836 1918 futuram.
2874 1861 3058 1930 Neque
3088 1858 3231 1914 enim
3259 1857 3499 1925 integros
3525 1867 3758 1924 corpore

2164 1971 2273 2013 non
2303 1955 2519 2010 admisit
2537 1995 2552 2020 ,
2581 1953 2674 2022 qui
2701 1953 2776 2007 ait
2803 1970 2815 2006 :
2844 1951 3049 2006 Vellem
3078 1957 3260 2004 autem
3291 1961 3481 2004 omnes
3504 1947 3583 2003 sic
3609 1960 3754 2008 esse,

2165 2048 2305 2105 sicut
2324 2057 2378 2103 et
2401 2060 2501 2116 ego
2529 2045 2584 2117 (ι
2606 2045 2725 2100 Cor.
2752 2044 2866 2116 vn).
2903 2043 2969 2098 Et
2994 2043 3232 2114 apertius
3259 2039 3498 2097 declarat
3525 2039 3715 2095 dicens
3742 2058 3755 2092 :

2165 2140 2268 2207 Qui
2297 2151 2478 2197 autem
2506 2140 2560 2195 in
2585 2153 2751 2196 carne
2775 2147 2932 2204 sunt,
2962 2136 3075 2193 Deo
3103 2135 3321 2206 placere
3344 2149 3453 2190 non
3488 2142 3755 2204 possunt;

2168 2246 2265 2286 vos
2301 2240 2483 2286 autem
2510 2228 2620 2300 iam
2663 2214 2770 2286 non
2809 2229 2939 2286 estis
2985 2229 3040 2283 in
3091 2241 3254 2282 carne
3279 2268 3296 2295 ,
3338 2223 3433 2281 sed
3474 2225 3527 2280 in
3565 2224 3759 2294 spiritu

2169 2321 2346 2392 (Rom.
2382 2320 2518 2389 vm).

2169 2431 2320 2497 Quod
2348 2431 2662 2495 monachus,
2699 2432 2742 2486 si
2772 2434 2989 2492 clericus
3019 2432 3187 2501 {actus
3216 2430 3399 2500 fuerit,
3430 2428 3754 2498 propositum

2651 2518 2798 2556 suum
2827 2517 3030 2556 servare
3058 2501 3258 2554 debeat.

2240 2593 2398 2649 XVII.
2453 2594 2528 2649 De
2557 2593 2836 2669 monachis
2887 2593 2981 2662 qui
3038 2590 3131 2646 diu
3161 2599 3440 2646 morantes
3471 2590 3522 2644 in
3564 2605 3757 2644 mona-

2168 2685 2346 2741 steriis
2367 2691 2554 2755 postea
2575 2683 2640 2738 ad
2667 2683 2952 2739 clericatus
2983 2681 3228 2738 ordinem
3255 2679 3622 2751 pervenerint,
3653 2695 3760 2733 non

2169 2777 2366 2832 debere
2389 2790 2483 2832 eos
2505 2791 2536 2830 a
2558 2775 2738 2846 priore
2759 2773 3037 2845 proposito
3062 2773 3298 2828 deviare.
3329 2771 3435 2825 Aut
3459 2770 3603 2825 enim
3625 2770 3760 2824 sicut

2170 2869 2224 2927 in
2253 2867 2584 2922 monasterio
2613 2867 2713 2920 fuit
2737 2909 2750 2933 ,
2783 2875 2839 2920 et
2866 2864 3009 2935 quod
3039 2863 3130 2918 diu
3160 2862 3396 2918 servavit
3415 2903 3431 2929 ,
3469 2862 3521 2915 in
3551 2860 3762 2915 meliori

2167 2959 2337 3028 gradu
2366 2959 2574 3034 positus
2604 2959 2852 3013 amittere
2901 2973 3007 3011 non
3037 2955 3220 3010 debet.
3269 2953 3376 3008 Aut
3403 2954 3448 3008 si
3475 2963 3764 3021 corruptus

2169 3058 2357 3119 postea
2387 3049 2690 3120 baptizatus
2720 3048 2774 3102 in
2805 3045 3135 3101 monasterio
3180 3042 3395 3111 sedens,
3425 3052 3480 3098 et
3507 3043 3576 3097 ad
3604 3043 3764 3098 cleri-

2098 3140 2142 3202 C
2172 3153 2324 3200 catus
2372 3139 2613 3218 ordinem
2661 3141 2923 3217 accedere
2970 3139 3242 3216 voluerit,
3286 3151 3510 3194 uxorem
3541 3135 3765 3191 omnino

2174 3235 2374 3291 habere
2416 3249 2522 3288 non
2553 3213 2796 3303 poterit,
2829 3230 2954 3300 quia
2985 3244 3086 3285 nec
3125 3213 3369 3284 licuodici
3401 3242 3524 3282 cum
3565 3243 3766 3298 sponsa

2175 3331 2353 3396 potest
2378 3323 2488 3394 iam
2520 3333 2646 3378 ante
2683 3331 2988 3393 corruptus.
3039 3322 3171 3391 Qua:
3219 3320 3388 3375 forma
3433 3329 3682 3375 servatur
3709 3321 3765 3373 in

2175 3416 2385 3472 clericis
2412 3402 2681 3484 maxime,
2715 3429 2835 3469 cum
2885 3422 3035 3467 vetus
3078 3412 3262 3488 regula
3302 3411 3408 3466 hoc
3451 3411 3673 3475 habeat,
3708 3417 3764 3464 ut

2175 3507 2402 3576 quisque
2432 3514 2719 3575 corruptus
2747 3504 3048 3573 baptizatus
3076 3502 3306 3557 clericus
3341 3516 3464 3578 esse
3487 3500 3764 3564 voluisset,

2175 3599 2466 3675 sponderet
2493 3613 2552 3655 se
2582 3612 2806 3654 uxorem
2838 3596 3060 3652 omnino
3091 3611 3196 3648 non
3225 3592 3445 3648 ducere.

2181 3715 2246 3771 L’t
2275 3732 2339 3769 ea:
2370 3715 2652 3772 curialibus
2682 3714 2898 3768 clericus
2939 3729 3046 3768 non
3073 3712 3201 3781 ﬁat,
3231 3720 3442 3780 propter
3487 3713 3769 3780 roluptatct

2317 3803 2445 3857 quas
2473 3803 2505 3839 a
2533 3783 2738 3839 diabolo
2767 3785 2998 3838 iuventas
3021 3782 3259 3836 exhibere
3287 3781 3624 3848 cdiupellitur.

2247 3876 2429 3942 XVIII.
2479 3875 2746 3931 Przeterea
2804 3869 3114 3943 frequenter
3149 3873 3364 3942 quidam
3411 3889 3475 3927 ex
3517 3871 3770 3926 fratribus

2179 3969 2376 4024 nostris
2417 3967 2679 4038 curiales,
2712 3965 2796 4027 vel
2834 3965 3103 4036 quoslibet
3144 3964 3372 4033 publicis
3411 3963 3771 4026 functionibus

2180 4067 2494 4128 occupatos,
2526 4056 2752 4111 clericos
2782 4055 2959 4109 facere
2988 4055 3338 4119 contendunt,
3366 4054 3555 4122 quibus
3585 4063 3770 4123 postea

2180 4149 2351 4219 major
2379 4149 2615 4212 tristitia,
2653 4162 2774 4203 eum
2801 4145 2867 4203 de
2893 4145 3210 4208 revocandis
3239 4145 3316 4200 eis
3345 4144 3542 4213 aliquid
3573 4146 3640 4199 ab
3671 4145 3772 4198 im-

2180 4249 2431 4309 peratore
2459 4239 2785 4309 prmcipitur,
2813 4251 2973 4306 quam
2998 4237 3168 4306 gratia
3194 4235 3428 4291 nascitur
3447 4235 3512 4290 de
3535 4235 3772 4291 adscitis.

2179 4327 2405 4385 Constat
2434 4329 2576 4384 enim
2607 4342 2702 4384 eos
2747 4327 2798 4382 in
2849 4327 2977 4396 ipsis
3013 4313 3220 4382 'muniis
3266 4326 3570 4396 voluptates
3609 4327 3774 4382 etiam

2184 4419 2462 4485 exhibere,
2495 4434 2627 4489 quas
2657 4435 2686 4472 a
2717 4417 2937 4472 diabolo
2975 4417 3221 4472 inventas
3260 4431 3378 4472 esse
3411 4407 3523 4471 non
3553 4417 3773 4471 dubium

2109 4522 2163 4582 ι)
2186 4518 2299 4577 est,
2330 4518 2383 4564 ct
2413 4503 2660 4563 luderum
2690 4515 2783 4560 ant
2823 4520 3106 4560 munerum
3143 4506 3488 4576 apparatibus
3519 4515 3611 4559 aut
3636 4523 3774 4576 prae-

2185 4613 2304 4655 esse
2334 4607 2425 4652 aut
2455 4597 2675 4652 forsitan
2718 4597 3001 4652 interesse.
3051 4595 3134 4651 Sit
3179 4605 3330 4653 certe
3376 4598 3427 4651 in
3468 4600 3775 4668 exemplum

2184 4689 2492 4760 sollicitudo
2519 4697 2574 4742 et
2600 4687 2814 4742 tristitia
2837 4685 3080 4750 fratrum,
3105 4703 3266 4756 quam
3291 4701 3432 4756 stupe
3459 4681 3784 4756 pertulimus;

2185 4780 2512 4850 imperatore
2533 4789 2816 4848 praesente,
2840 4785 2960 4833 cuin
2983 4793 3082 4848 pro
3112 4779 3194 4833 his
3221 4779 3414 4850 smpius
3443 4769 3787 4848 rogaremus,"

2186 4885 2344 4941 quam
2377 4871 2490 4941 ipse
2521 4870 2798 4924 nobiscum
2838 4871 3045 4939 positus
3085 4870 3419 4939 cognovisti,
3449 4872 3644 4939 quibus
3670 4887 3774 4926 non

2188 4961 2361 5016 solum
2393 4962 2675 5017 inferiores
2705 4961 2888 5016 clerici
2927 4976 2996 5030 ex,
3037 4961 3356 5026 curialibus,
3389 4978 3575 5017 verum
3614 4964 3776 5018 etiam

2181 5050 2290 5119 iam
2323 5049 2375 5103 in
2405 5049 2711 5104 sacerdotio
2739 5049 3038 5116 constituti,
3071 5049 3256 5118 ingens
3285 5050 3531 5106 molestia
3566 5059 3623 5105 ut
3651 5052 3774 5106 red-

2185 5139 2442 5196 derentur
2471 5141 2725 5195 instabat.

2458 5251 2534 5306 De
2564 5251 2843 5322 virginibus
2879 5254 3080 5318 relatis,
3108 5257 3153 5308 si
3181 5254 3513 5309 deviaveriut.

2254 5363 2392 5418 XIX.
2425 5365 2558 5418 Item
2588 5379 2706 5433 qua:
2735 5365 2949 5421 Christo
2976 5367 3290 5436 spiritaliter
3318 5377 3634 5437 nupserunt,
3663 5379 3719 5424 et
3745 5385 3774 5425 a

2184 5457 2466 5511 sacerdote
2496 5458 2740 5511 velantur
2761 5501 2775 5524 ,
2810 5460 2853 5512 si
2883 5467 3070 5526 postea
3113 5459 3198 5514 vel
3231 5459 3443 5530 publice
3471 5462 3770 5532 nupserint,

2185 5548 2268 5600 vel
2296 5563 2353 5600 se
2374 5547 2620 5604 clanculo
2644 5549 3004 5619 corruperint,
3029 5565 3134 5604 non
3161 5565 3252 5610 eas
3277 5550 3634 5607 admittendas
3653 5567 3774 5610 esse

2186 5638 2250 5692 ad
2281 5639 2538 5707 agendam
2573 5641 2970 5709 pcnnitentiam,
3032 5643 3132 5698 nisi
3163 5643 3206 5698 is
3248 5644 3335 5700 cui
3391 5661 3450 5700 se
3482 5645 3774 5712 iunxerant

2186 5730 2253 5782 de
2297 5730 2494 5784 mundo
2537 5733 2842 5785 recesserit.
2893 5733 2948 5786 Si
2999 5733 3140 5787 enim
3188 5734 3254 5788 de
3305 5735 3612 5789 hominibus
3660 5737 3771 5790 hsce

2186 5821 2322 5876 ratio
2352 5822 2675 5892 custoditur,
2723 5833 2778 5878 ut
2808 5837 3139 5895 quaecunque
3189 5825 3401 5883 vivente
3449 5824 3563 5884 vim
3612 5825 3770 5888 alteri
