4104 6478
317 331 430 388 2l5
1051 324 1055 330 ’
1355 319 1729 379 COLLECTIO
1769 318 2238 377 DECRETORUM
2280 321 2384 376 PP.
2430 321 2546 377 RR.
3525 327 3632 383 248

318 443 581 516 nupserit,
611 439 878 498 habeatur
905 437 1176 506 adultera,
1207 453 1308 494 nec
1336 439 1386 494 ci
1415 438 1635 508 agendae
1663 438 1929 508 pteniten-
1961 440 2007 500 Α
2033 445 2306 504 varentur,
2339 451 2441 494 nec
2468 437 2821 494 admittantur
2849 439 2918 494 ad
2951 439 3054 496 tale
3082 441 3441 498 ministerium
3488 443 3634 514 quod

323 538 408 590 tiae
439 533 650 588 licentia
681 529 1048 594 concedatur,
1093 529 1194 586 nisi
1235 544 1376 584 unus
1410 544 1477 584 ex
1521 529 1604 584 his
1633 527 1794 582 fuerit
1823 528 1920 582 de-
2031 532 2145 587 sola
2177 532 2512 588 continentia
2544 541 2761 602 oportet
2790 533 3024 602 impleri.
3056 533 3150 588 Est
3178 535 3321 589 enim
3347 541 3506 591 vetus
3535 536 3633 591 ad-
3676 574 3696 615 ί

321 631 562 695 functus,
602 623 809 694 quanto
834 624 1009 692 magis
1037 623 1103 678 de
1132 623 1222 677 illa
1253 621 1484 678 tenenda
1513 629 1598 677 est
1649 635 1767 690 quae
1797 628 1922 675 ante
2031 621 2248 675 modum
2277 635 2447 676 sacra:
2471 621 2604 691 legis
2631 623 2927 679 auctoritas
2955 622 3011 694 (Ι
3034 623 3220 678 Parat.
3245 640 3381 691 xxv;
3413 624 3542 679 Luc.
3569 625 3632 695 l),
3678 623 3681 626 ’

321 716 614 773 immortali
656 731 717 771 se
756 729 960 785 sponso
987 713 1348 784 conjunxerat
1367 756 1383 783 ,
1414 721 1472 769 et
1507 722 1696 784 postea
1726 713 1793 768 ad
1821 712 1924 766 hu-

321 826 512 867 manas
541 810 763 881 nuptias
785 809 1229 878 transmigravit?

524 920 602 976 De
630 917 918 993 virginibus
948 937 1052 975 non
1081 919 1261 974 relatis
1281 961 1294 985 ,
1325 921 1370 974 si
1397 920 1726 974 deviaverint.

397 1029 510 1087 XX.
552 1031 650 1089 Hae
677 1048 808 1089 vero
862 1048 982 1102 quae
1012 1030 1239 1087 necdum
1270 1047 1426 1088 sacro
1449 1033 1716 1088 velamine
1747 1042 1928 1106 tectre,

331 1117 513 1185 tamen
543 1126 597 1179 in
627 1124 909 1196 proposito
936 1123 1183 1205 virginali
1211 1137 1428 1193 semper
1455 1137 1514 1178 se
1542 1123 1929 1190 simulaverunt

329 1233 670 1290 permanere,
702 1216 831 1272 licet
859 1215 1048 1271 velatae
1077 1232 1184 1270 non
1215 1215 1431 1283 fuerint,
1463 1216 1510 1271 si
1541 1216 1679 1272 forte
1721 1234 1922 1288 nupse-

328 1313 462 1378 rint,
521 1310 606 1366 his
635 1307 843 1378 agenda
874 1307 1150 1375 aliquanto
1190 1316 1432 1377 tempore
1465 1309 1782 1377 pmnitentia
1816 1319 1924 1377 est,

328 1402 456 1472 quia
486 1401 706 1471 sponsio
747 1413 934 1454 earum
979 1413 1012 1452 a
1047 1396 1278 1453 Domino
1328 1398 1632 1454 tenebatur.
1681 1399 1738 1454 Si
1785 1401 1929 1456 enim

330 1491 474 1544 inter
502 1488 751 1544 homines
786 1487 927 1542 solet
967 1487 1122 1542 home
1157 1485 1280 1541 fidei
1318 1495 1630 1542 contractus
1659 1489 1804 1544 nulla
1830 1506 1925 1545 ra-

333 1583 483 1637 tione
511 1579 767 1644 dissolvi,
805 1587 1010 1647 quanto
1052 1578 1222 1647 magis
1260 1577 1358 1632 ista
1415 1579 1732 1648 pollicitatio
1768 1595 1931 1648 quam

329 1687 453 1728 cum
483 1671 596 1726 Deo
627 1670 971 1740 pepigerunt,
999 1669 1136 1724 solvi
1156 1670 1272 1724 sine
1303 1668 1536 1725 vindicta
1565 1685 1673 1725 non
1698 1672 1930 1740 poterit?

335 1765 474 1820 Nam
504 1764 553 1820 si
581 1761 858 1833 apostolus
885 1759 1084 1815 Paulus
1121 1775 1240 1828 quae
1280 1774 1310 1814 a
1348 1761 1627 1831 proposito
1658 1761 1932 1817 viduitatis

329 1857 721 1916 discesserant,
755 1852 955 1907 dixerit
982 1865 1078 1906 eas
1106 1851 1310 1906 habere
1338 1850 1738 1905 damnationem
1759 1894 1775 1919 ,
1806 1852 1932 1922 quia

331 1948 568 2016 primam
606 1945 766 2000 fidem
804 1944 1011 1998 irritam
1055 1941 1297 1997 fecerunt
1344 1940 1399 2010 (Ι
1422 1939 1554 1995 Tim.
1579 1942 1634 2012 v)
1657 1983 1674 2005 ,
1726 1952 1932 2013 quanto

334 2041 514 2111 potius
539 2038 796 2106 virgines,
827 2051 947 2106 qua:
976 2035 1171 2105 prioris
1200 2035 1572 2104 promissionis
1599 2034 1756 2092 fidem
1786 2038 1930 2094 fran-

331 2144 465 2199 gere
487 2137 614 2184 sunt
639 2128 888 2184 conatae?

407 2219 534 2274 Hinc
563 2220 748 2288 itaque
777 2218 994 2286 regula,
1026 2217 1191 2273 frater
1219 2221 1563 2288 charissime,
1589 2221 1635 2274 si
1667 2221 1824 2289 plena
1853 2222 1934 2274 vi-

334 2310 559 2377 gilantia
599 2308 761 2364 fuerit
803 2309 868 2362 ah
907 2309 1158 2364 omnibus
1199 2309 1294 2365 Dei
1337 2311 1712 2366 sacerdotibus
1753 2313 1937 2367 obser-

337 2408 482 2464 vata,
515 2398 750 2454 cessabit
778 2398 1025 2465 ambitio,
1069 2398 1336 2454 dissensio
1363 2401 1734 2469 conquiescet,
1768 2401 1942 2456 haere-

337 2505 426 2546 ses
455 2500 511 2545 et
538 2490 834 2545 schismata
880 2505 988 2544 non
1037 2500 1339 2560 emergent,
1368 2493 1549 2547 locum
1581 2507 1688 2547 non
1715 2493 1941 2562 accipiet

338 2581 585 2636 diabolus
630 2581 924 2645 saiviendi,
975 2581 1215 2636 manebit
1261 2582 1627 2648 unanimitas,
1682 2583 1940 2653 iniquitas

336 2680 593 2742 superata
623 2671 937 2735 calcabitur,
961 2674 1160 2726 veritas
1185 2673 1412 2741 spiritali
1440 2671 1654 2729 fervore
1676 2673 1939 2743 llagrabit,

340 2778 449 2831 pax
478 2760 772 2831 praedicata
789 2760 946 2815 labiis
971 2776 1095 2816 cum
1124 2761 1402 2817 voluntate
1430 2763 1624 2816 anima:
1650 2763 1944 2818 concorda-

346 2851 452 2914 bit,
484 2850 801 2920 implebitur
829 2849 1036 2905 dictum
1087 2850 1353 2922 Apostoli,
1384 2861 1441 2907 ut
1470 2853 1750 2908 unanimes
1780 2870 1947 2908 unum

344 2941 645 2997 sentientes
673 2955 1087 3011 permaneamus
1116 2943 1171 2996 in
1199 2941 1416 2998 Christo
1454 2944 1712 3014 (Philipp.
1750 2945 1828 3016 ιι),
1863 2945 1947 2998 ni-

344 3035 421 3089 hil
452 3050 550 3105 per
575 3035 983 3090 contentionem
1028 3035 1220 3099 nobis,
1261 3052 1437 3106 neque
1466 3052 1564 3106 per
1588 3038 1803 3092 inanem
1833 3038 1949 3106 glo-

342 3127 482 3180 riam
523 3125 894 3189 vindicantes,
938 3141 1047 3179 non
1088 3125 1428 3192 hominibus,
1471 3127 1566 3181 sed
1613 3127 1722 3182 Deo
1765 3136 1950 3182 nostro

341 3217 602 3272 salvatori
643 3218 918 3287 placentes
953 3234 965 3269 :
997 3217 1082 3272 cui
1122 3229 1206 3272 est
1247 3217 1422 3274 honor
1455 3227 1511 3272 et

344 3309 471 3365 cuia
505 3310 851 3364 seculorum.
886 3310 1078 3362 Amen.
1109 3308 1243 3362 Data
1277 3326 1338 3362 xv
1368 3311 1471 3363 cal.
1507 3309 1678 3363 Martii
1708 3309 1946 3364 Honorio

346 3405 592 3471 Augusto
619 3417 672 3456 vi
701 3409 756 3455 et
784 3401 1098 3456 Aristoneto
1129 3417 1182 3455 v.
1215 3416 1262 3454 c.
1298 3417 1472 3456 conss.
1528 3403 1546 3471 (
1571 3401 1708 3453 Ann.
1756 3399 1947 3454 Christi

345 3493 523 3563 404-)

421 3585 768 3639 innocentius
791 3583 1063 3653 Exuperio
1085 3584 1345 3654 episcopo
1369 3583 1637 3639 Tolosano
1658 3585 1907 3640 salutem.

422 3675 740 3730 Consulenti
769 3675 890 3741 tibi,
921 3673 1088 3728 frater
1115 3675 1432 3730 charissime
1451 3715 1466 3740 ,
1497 3675 1625 3745 quid
1653 3675 1722 3730 de
1750 3691 1947 3745 propo-

349 3770 452 3822 sita
481 3767 664 3837 specie
710 3781 1035 3836 unaquaque
1062 3767 1340 3833 sentirem,
1401 3783 1502 3837 pro
1533 3777 1694 3837 captu
1747 3769 1945 3822 intelli-

347 3857 546 3926 gentia:
572 3871 709 3911 meae
757 3871 877 3926 qua:
905 3866 1032 3910 sunt
1077 3857 1191 3911 visa
1219 3856 1515 3927 respondi,
1548 3858 1674 3927 quid
1710 3872 1945 3927 sequen-

349 3947 503 4009 dum,
533 3946 621 4001 vel
665 3945 859 4001 docilis
905 3947 1047 4001 ratio
1093 3947 1483 4016 persuaderet,
1529 3948 1616 4002 vel
1657 3949 1952 4004 auctoritas

349 4035 601 4090 lectionis
630 4035 962 4100 ostenderet,
993 4035 1081 4090 vel
1127 4036 1398 4091 custodita
1451 4038 1618 4092 series
1646 4046 1948 4108 temporum

349 4125 773 4182 demonstraret.
799 4123 1061 4195 Equidem
1083 4125 1303 4182 dilectio
1325 4136 1415 4182 tua
1437 4128 1741 4184 institutum
1761 4140 1947 4184 secuta

349 4216 698 4286 prudentium
742 4215 812 4270 ad
859 4215 1045 4272 sedem
1091 4219 1444 4288 apostolicam
1491 4219 1694 4275 referre
1738 4222 1946 4286 maluit,

325 4305 479 4398 ‘quid
509 4306 734 4360 deberet
762 4307 830 4361 de
866 4307 1028 4362 rebus
1053 4308 1228 4363 dubiis
1254 4309 1526 4365 custodire
1555 4312 1754 4381 potius,
1786 4327 1952 4381 quam

319 4446 327 4478 ι
350 4397 706 4464 usurpatione
733 4407 1065 4468 praesumpta
1086 4414 1208 4468 qua:
1232 4401 1332 4455 sibi
1359 4401 1670 4456 viderentur
1688 4445 1702 4467 ,
1745 4404 1813 4458 de
1838 4404 1950 4458 sin-

307 4485 321 4568 “
347 4489 490 4556 gulis
517 4489 786 4545 obtinere.
817 4488 926 4545 Cur
955 4491 1098 4545 enim
1137 4493 1306 4562 magis
1352 4493 1662 4562 pudendum
1698 4505 1949 4564 putemus

349 4577 568 4635 discere
594 4579 817 4648 aliquid,
847 4596 1014 4650 quam
1042 4583 1264 4638 omnino
1293 4584 1543 4638 nescire?
1571 4585 1704 4638 mihi
1729 4601 1950 4656 quoque

350 4670 456 4740 ipsi
503 4669 571 4725 de
613 4671 907 4728 collatione
949 4671 1200 4730 docilitas
1229 4674 1556 4743 accedit,-ut
1596 4677 1951 4745 perscrutatis

349 4762 655 4817 rationibus
677 4763 744 4818 ad
767 4763 1043 4834 proposita
1069 4765 1392 4835 respondere
1419 4769 1712 4838 compellar
1738 4789 1748 4822 :
1777 4786 1950 4840 eoque

349 4851 414 4904 ﬁt
455 4860 513 4905 ut
548 4852 750 4922 aliquid
776 4869 993 4924 semper
1017 4855 1280 4922 addiscat,
1314 4858 1401 4926 qui
1433 4859 1734 4927 postulatur
1766 4870 1824 4915 ut
1849 4862 1950 4916 do:

261 4937 285 4946 ’
347 4951 494 4998 ccat.
515 4942 823 5014 Proponam
852 4947 1014 5016 igitur
1042 4946 1270 5014 singula,
1303 4947 1697 5017 subjiciamque
1724 4966 1950 5021 respon-

349 5048 494 5089 sum.

518 5144 598 5200 De
625 5149 1002 5202 incontinentia
1033 5152 1359 5206 sacerdotum
1387 5153 1464 5207 vel
1493 5153 1784 5208 levitarum.

429 5256 566 5312 XXI.
609 5259 943 5329 Proposuisti
990 5261 1118 5330 quid
1171 5261 1239 5316 de
1287 5263 1371 5317 his
1431 5263 1706 5318 observari
1757 5265 1952 5320 debeat

349 5365 494 5419 quos
523 5351 579 5404 in
608 5350 842 5408 diaconii
874 5354 1171 5409 ministerio
1199 5363 1293 5409 aut
1347 5356 1398 5410 in
1429 5354 1608 5410 oliicio
1634 5358 1952 5429 presbyterii

349 5442 564 5512 positos
605 5443 1002 5500 incontinentes
1039 5461 1160 5501 esse
1220 5456 1312 5501 aut
1352 5447 1515 5503 fuisse
1558 5451 1799 5517 generati
1859 5450 1953 5505 lilii

352 5533 728 5606 prodiderunt.
755 5535 830 5590 De
855 5536 936 5591 his
957 5545 1011 5592 et
1030 5537 1335 5592 divinarum
1365 5539 1540 5606 legum
1566 5540 1846 5596 manifesta
1875 5551 1958 5597 est

351 5627 662 5696 disciplina,
685 5637 740 5683 et
761 5629 931 5682 beat-.e
953 5629 1349 5684 recordationis
1379 5630 1477 5683 viri
1507 5629 1683 5685 Siricii
1714 5633 1956 5704 cpisc0pi

352 5721 560 5774 monita
593 5721 861 5776 evidentia
903 5732 1308 5786 commcarunt,
1369 5731 1425 5776 ut
1466 5723 1863 5780 incontinentes
1901 5727 1956 5782 in

355 5809 549 5868 ciliciis
582 5812 773 5869 talibus
803 5812 968 5883 positi
1011 5814 1158 5870 omni
1201 5813 1407 5872 honore
1447 5814 1809 5876 ecclesiastico
1847 5821 1952 5887 pri-

2025 707 2138 776 jam
2167 709 2292 764 inde
2319 710 2388 766 ab
2419 711 2571 766 initio
2609 711 2876 768 custodita
2902 753 2918 782 ,
2969 713 3115 782 quod
3156 714 3209 768 in
3244 715 3450 784 templo
3489 729 3635 770 anno
3705 715 3716 724 ’

2033 798 2165 855 vicis
2190 814 2301 854 suae
2330 799 2575 857 habitare
2603 801 2860 872 praecepti
2887 811 3012 858 sunt
3043 803 3372 870 sacerdotes,
3430 813 3491 861 ut
3517 819 3631 862 ser-

2030 889 2240 945 vientes
2277 890 2448 947 sacris
2488 891 2852 947 oblationibus
2909 907 3076 963 puros
3109 900 3168 948 et
3223 894 3292 948 ab
3318 893 3467 949 omni
3513 895 3637 950 labe

2034 989 2292 1050 purgatos
2315 982 2417 1037 sibi
2440 981 2714 1038 vindicent
2737 983 2917 1039 div-ina
2943 984 3220 1056 mysteria,
3243 999 3420 1055 neque
3443 1001 3539 1042 eos
3569 987 3637 1041 ad

2033 1071 2299 1130 sacriﬁcia
2329 1074 2408 1130 fas
2435 1073 2506 1130 sit
2532 1073 2764 1145 admitti,
2794 1075 2886 1146 qui
2910 1084 3169 1132 exercent
3195 1076 3283 1132 vel
3311 1092 3433 1132 cum
3464 1093 3636 1134 uxore

2033 1167 2252 1223 carnale
2273 1161 2628 1236 consortium,
2651 1171 2776 1239 quia
2799 1170 3058 1241 scriptum
3080 1177 3164 1226 est
3186 1189 3199 1224 :
3225 1170 3409 1227 Sancti
3434 1180 3636 1240 estote,

2033 1261 2158 1330 quia
2179 1269 2234 1316 et
2254 1274 2354 1329 ego
2374 1270 2599 1318 sanctus
2619 1256 2736 1318 sum
2760 1261 3018 1320 Dominus
3038 1264 3182 1319 Deus
3211 1270 3391 1319 vester
3443 1262 3630 1335 (Levii.

2031 1354 2144 1419 xx).
2197 1351 2404 1417 Quibus
2442 1353 2628 1422 utique
2671 1362 2896 1424 propter
2959 1355 3162 1411 sobolis
3227 1355 3632 1411 successionem

2033 1448 2323 1511 propterea
2351 1443 2574 1498 uxorius
2605 1459 2732 1499 usus
2759 1442 2934 1499 fuerat
2962 1445 3253 1510 relaxatus,
3285 1445 3410 1515 quia
3437 1460 3506 1500 ex
3529 1445 3633 1499 alia

2034 1529 2178 1585 tribu
2221 1531 2288 1586 ad
2346 1533 2708 1589 sacerdotium
2741 1534 2917 1589 nullus
2943 1533 3117 1589 fuerat
3152 1542 3453 1605 piteceptus
3482 1549 3638 1590 acce-

2033 1621 2162 1677 dere
2195 1641 2207 1675 :
2239 1633 2445 1692 quanto
2475 1626 2644 1693 magis
2673 1627 2726 1680 hi
2752 1626 3061 1682 sacerdotes
3107 1627 3192 1682 vel
3221 1627 3397 1682 levita:
3423 1626 3632 1697 pudici-

2037 1713 2165 1768 tiam
2198 1729 2263 1768 ex
2289 1715 2378 1769 die
2405 1714 2765 1770 ordinationis
2793 1731 2902 1770 suae
2929 1731 3150 1772 servare
3173 1715 3406 1782 debent,
3438 1717 3634 1786 quibus

1966 1820 2012 1879 Β
2041 1806 2124 1861 vel
2188 1807 2550 1861 sacerdotium
2609 1808 2690 1862 vel
2734 1808 3090 1862 ministerium
3133 1809 3250 1864 sine
3287 1811 3635 1866 successione

2035 1908 2144 1962 est,
2205 1914 2306 1954 nec
2361 1900 2598 1968 praeterit
2650 1898 2764 1954 dies
2799 1913 2904 1967 qua
2931 1899 3018 1953 vel
3057 1913 3090 1952 a
3127 1898 3402 1954 sacriﬁciis
3441 1898 3636 1956 divinis

2037 1991 2178 2045 Vela
2208 1991 2549 2060 baptismatis
2587 1989 2769 2046 ollicio
2812 1991 3050 2046 vacent?
3080 1991 3214 2045 Nam
3254 1991 3299 2047 si
3339 1990 3536 2047 Paulus
3565 1990 3634 2045 ad

2036 2082 2351 2137 Corinthios
2386 2082 2576 2137 scribit
2604 2083 2789 2138 dicens
2819 2099 2831 2134 :
2865 2081 3147 2136 Abstinete
3179 2095 3276 2137 vos
3304 2081 3370 2136 ad
3401 2088 3635 2152 tempus,

2040 2180 2100 2226 ut
2135 2174 2339 2228 vacetis
2380 2173 2613 2229 orationi
2657 2175 2708 2244 (ι
2767 2172 3004 2228 Corinth.
3031 2173 3161 2242 vn),
3205 2181 3263 2229 et
3303 2173 3408 2228 hoc
3453 2173 3637 2242 utique

2040 2261 2190 2317 laieis
2227 2263 2514 2332 praecepit,
2559 2262 2729 2317 multo
2769 2262 2939 2331 magis
2979 2262 3324 2326 sacerdotes,
3363 2261 3556 2333 quibus
3585 2269 3639 2316 et

2041 2351 2231 2406 orandi
2294 2360 2350 2406 et
2395 2351 2737 2408 sacrificandi
2778 2352 2906 2422 juge
2959 2350 3197 2407 officium
3240 2359 3362 2417 est,
3423 2367 3638 2421 semper

2041 2443 2312 2496 debebunt
2338 2444 2404 2498 ab
2446 2435 2756 2512 hujusmodi
2798 2443 3078 2498 consortio
3117 2441 3389 2497 abstinere
3426 2443 3556 2512 :qui
3590 2443 3634 2496 si

2043 2536 2437 2590 Contaminatus
2466 2536 2627 2591 fuerit
2658 2536 2862 2590 carnali
2905 2534 3364 2604 concupiscentia,
3395 2551 3504 2606 quo
3541 2552 3640 2604 pu-

2046 2625 2178 2680 dore
2208 2626 2290 2679 vel
2317 2623 2622 2680 sacriﬁcare
2663 2625 2974 2694 usurpahit,
3025 2633 3119 2678 aut
3145 2638 3250 2694 qua
3284 2624 3637 2692 conscientia,

2047 2733 2224 2787 quove
2260 2718 2455 2772 merito
2497 2716 2741 2772 exaudiri
2781 2730 2841 2770 se
2882 2714 3090 2782 credit,
3131 2729 3251 2770 cum
3291 2713 3490 2768 dictum
3520 2715 3590 2769 sit
3623 2735 3633 2768 :

2047 2809 2239 2864 Omnia
2264 2808 2462 2864 munda
2497 2807 2729 2873 mundis,
2756 2806 3116 2876 coinquinatis
3145 2813 3343 2870 autem,
3367 2813 3422 2860 et
3445 2805 3636 2860 inlide-

2050 2903 2189 2958 libus
2231 2902 2364 2957 nihil
2404 2901 2660 2957 mundum
2714 2901 2827 2971 (Ad
2856 2899 2958 2956 Tit.
2993 2900 3075 2970 i)?
3112 2899 3223 2956 Sed
3269 2899 3495 2955 fortasse
3537 2902 3639 2955 hoc

2050 2994 2213 3046 licere
2250 2992 2442 3057 credit,
2473 2992 2594 3060 quia
2636 2990 2896 3060 scriptum
2920 2997 3002 3045 est
3027 3006 3040 3042 :
3068 2987 3236 3044 Unius
3258 2989 3440 3044 uxoris
3468 2989 3640 3042 virum

2052 3083 2116 3154 (1
2151 3082 2283 3136 Tim.
2325 3084 2455 3151 tu);
2506 3097 2614 3136 non
2661 3088 3068 3151 permanentem
3114 3081 3168 3134 in
3206 3079 3639 3150 concupiscentia

1565 3169 1734 3286 3'33;
1976 3201 2024 3262 ρ
2051 3173 2344 3242 generandi
2376 3173 2481 3228 hoc
2504 3171 2672 3236 dixit,
2707 3171 2802 3226 sed
2831 3178 3054 3242 propter
3087 3169 3472 3226 continentiam
3502 3170 3642 3223 futu-

1875 3255 1920 3273 ι’
2053 3282 2161 3286 __-_-_
2235 3266 2417 3286 51-..---
2457 3263 2592 3286 -_:2.x
2627 3265 2863 3286 :...-.._-..
2897 3277 3120 3286 ..Λ-...η-,ι
3151 3278 3255 3286 ...ι-
3287 3261 3495 3286 Mans-“
3555 3262 3640 3286 ....:

2052 3282 2186 3320 ram.
2235 3266 2420 3334 Neque
2453 3263 2596 3319 eniin
2626 3265 2866 3334 integros
2891 3277 3122 3332 corpore
3151 3278 3258 3317 non
3285 3261 3520 3328 admisit,
3553 3262 3643 3330 qui

2050 3359 2126 3411 ait
2170 3376 2183 3410 :
2231 3356 2436 3410 Vellem
2486 3364 2667 3411 autem
2720 3370 2912 3411 omnes
2951 3354 3029 3410 sic
3069 3369 3224 3420 esse,
3266 3355 3408 3409 sicut
3451 3362 3505 3410 et
3541 3367 3646 3422 ego

2053 3449 2106 3521 (Ι
2132 3450 2254 3505 Cor.
2280 3449 2412 3520 vn),
2444 3459 2501 3505 et
2538 3451 2774 3518 apertius
2794 3449 3056 3512 declarat,
3085 3447 3270 3503 dicens
3295 3465 3305 3498 :
3331 3445 3432 3512 Qui
3461 3452 3645 3500 autem

2051 3541 2104 3595 in
2129 3555 2293 3596 carne
2321 3548 2476 3605 sunt,
2507 3538 2622 3594 Deo
2651 3540 2866 3608 placere
2904 3555 3012 3593 non
3039 3545 3268 3607 possunt
3293 3553 3306 3602 ;
3340 3550 3437 3590 vos
3465 3543 3645 3589 autem

2048 3632 2159 3698 jam
2188 3645 2297 3684 non
2319 3629 2448 3683 estis
2473 3629 2528 3684 in
2556 3643 2742 3697 carne,
2765 3629 2860 3684 sed
2889 3629 2942 3682 in
2972 3628 3162 3697 spiritu
3199 3626 3376 3696 (Rern.
3412 3626 3544 3694 vni).
3581 3623 3647 3678 Et

2051 3721 2337 3776 habentem
2374 3717 2512 3775 ﬁlios
2553 3718 2606 3789 (Ι
2633 3719 2765 3773 Tim.
2792 3719 2892 3787 ιιι),
2928 3733 3036 3772 ιιοιι
3073 3725 3442 3787 generantem,
3487 3715 3640 3768 dixit.

2051 3813 2157 3869 Sed
2194 3828 2259 3869 ea
2291 3812 2450 3883 plane
2484 3812 2667 3882 dispar
2721 3819 2778 3867 et
2805 3811 2975 3867 divisa
3005 3809 3272 3865 sententia
3300 3815 3413 3874 est';
3447 3824 3570 3862 nam
3599 3811 3644 3862 si

2052 3905 2124 3958 ad-
2175 3905 2387 3974 aliquos
2427 3903 2604 3960 forma
2634 3903 2724 3957 illa
2766 3901 3144 3959 ecclesiasticae
3182 3900 3308 3954 vita:
3341 3899 3544 3969 pariter
3592 3908 3648 3952 et

2048 3997 2376 4067 disciplinae,
2431 4012 2550 4067 quia
2589 3997 2658 4051 ab
2704 3996 2961 4066 episcopo
3003 3993 3196 4049 Siricio
3235 3991 3303 4046 ad
3341 3991 3647 4061 provincias

2052 4089 2379 4144 commeavit
2401 4131 2414 4156 ,
2446 4103 2554 4143 non
2585 4087 2904 4156 probabitur
2931 4085 3260 4155 pervenisse,
3321 4083 3405 4136 his
3432 4083 3646 4150 ignora-

2055 4180 2216 4235 tionis
2245 4180 2398 4234 venia
2427 4178 2755 4244 remittetur,
2783 4178 2857 4232 ita
2885 4185 2946 4230 ut
2965 4177 3033 4231 de
3053 4184 3251 4231 caetero.
3273 4175 3486 4245 penitus
3513 4174 3645 4228 inci-

2052 4272 2203 4341 piant
2231 4270 2520 4333 abstinere,
2551 4277 2606 4324 et
2637 4269 2711 4323 ita
2741 4268 2936 4337 gradus
2964 4282 3091 4322 suos
3115 4267 3168 4320 in
3198 4267 3392 4335 quibus
3441 4266 3650 4324 inventi.

2051 4362 2247 4417 fuerint
2288 4363 2366 4416 sic
2421 4367 2689 4414 retentent
2714 4401 2730 4427 ,
2767 4365 2823 4414 ut
2852 4358 2930 4413 eis
2963 4373 3070 4414 non
3110 4357 3271 4412 liccat
3309 4357 3376 4412 ad
3435 4357 3644 4426 potiora

2053 4450 2428 4508 conscendere
2460 4468 2472 4502 :
2506 4450 2702 4518 quibus
2728 4450 2785 4504 in
2816 4448 3082 4504 beneficio
3108 4462 3230 4503 esse
3265 4448 3459 4513 debet,
3501 4449 3644 4516 quod

1979 4576 2028 4634 υ
2054 4545 2195 4598 hunc
2224 4543 2397 4611 ipsum
2426 4541 2599 4594 locum
2653 4555 2814 4610 quem
2853 4540 3090 4594 retinent
3142 4555 3251 4594 non
3281 4539 3646 4593 amittam-Si

2054 4635 2144 4704 qui
2174 4643 2356 4688 autem
2386 4633 2554 4689 scisse
2595 4632 2826 4688 formam
2870 4631 3084 4687 vivendi
3128 4632 3345 4686 missam
3391 4649 3420 4685 a
3452 4630 3645 4687 Siricio

2052 4726 2396 4794 deteguntur,
2450 4739 2626 4793 neque
2669 4725 2850 4778 statim
2888 4723 3208 4794 cupiditates
3239 4723 3470 4779 libidinis
3495 4723 3644 4791 ahje-

2057 4815 2217 4882 cisse,
2247 4815 2322 4868 illi
2351 4821 2478 4869 sunt
2506 4814 2684 4870 modis
2712 4813 2962 4871 omnibus
3005 4813 3378 4878 submovendi,
3407 4813 3495 4882 qui
3522 4822 3645 4883 post

2055 4907 2476 4963 admonitionem
2505 4907 2774 4977 cognitam
2804 4900 3223 4978 prmpohendam
3252 4904 3495 4961 arbitrati
3521 4911 3647 4960 sunt

2056 4931 2476 4963 ίιωιιυιιιιιυιιυιιι
2505 4931 2774 4977 ευδιιιιειιιι
2805 4931 3223 4978 γιωμυιιυιιυίιιιι
3252 4931 3495 4961 διῐυιιηιιι
3521 4931 3647 4960 auus

2056 4999 2411 5069 voluptatem.
3071 5055 3075 5059 .
3607 4931 3690 5072 λζ

3596 5055 3740 5115 KR.

2536 5160 2615 5214 De
2637 5161 2822 5216 ultima
2846 5159 3167 5230 pauitantia.

2135 5274 2296 5329 XXII.
2342 5275 2411 5330 Et
2438 5277 2542 5330 hoc
2573 5275 2852 5346 quaesitum
2882 5281 2983 5341 est,
3014 5273 3141 5344 quid
3168 5273 3236 5328 de
3260 5273 3342 5328 his
3370 5274 3645 5331 observari

2060 5375 2340 5436 oporteat,
2370 5368 2460 5436 qui
2489 5375 2612 5438 post
2643 5366 2968 5436 baptismum
2997 5367 3144 5421 omni
3188 5374 3430 5437 tempore
3458 5367 3648 5423 incon-

2063 5458 2301 5511 tinentiae
2351 5458 2718 5528 voluptatibus
2778 5456 2946 5512 dediti
2993 5457 3045 5512 in
3095 5466 3338 5514 extremo
3384 5458 3488 5514 line
3526 5459 3648 5512 vitro

2061 5561 2171 5600 suae
2201 5548 2572 5615 paenitentiam
2600 5547 2758 5604 simul
2790 5556 2846 5602 et
2875 5547 3372 5604 reconciliationem
3405 5564 3648 5606 commu—

2061 5638 2236 5691 nionis
2293 5649 2606 5706 exposcunt.
2659 5638 2734 5693 De
2764 5640 2846 5694 his
2889 5639 3192 5696 observatio
3234 5641 3383 5710 prior
3442 5639 3642 5704 durior,

2059 5731 2328 5800 posterior
2366 5731 2756 5786 interveniente
2793 5734 3158 5789 misericordia
3189 5735 3492 5790 inclinatior
3521 5742 3602 5788 est
3623 5773 3637 5795 ,

2061 5837 2182 5876 nam
2231 5818 2558 5876 consuetudo
2599 5822 2748 5887 prior
2797 5823 2964 5876 tenuit
2993 5865 3007 5887 ,
3058 5835 3110 5878 ιιι
3154 5827 3528 5879 ωιιςριιυιριλιι
3572 5825 3644 5875 eis
