4104 6472
507 278 573 333 il

1753 286 1900 342 ΠΙοΝ
1909 288 2008 345 YSI
2018 287 2099 346 US
2137 287 2294 344 EXIG
2306 288 2345 343 [Σ
2358 287 2459 343 US.

3637 291 3743 348 248

471 399 803 472 poenitentia,
841 401 933 457 sed
954 403 1258 458 comnmnio
1285 413 1586 472 negaretur.
1628 405 1759 460 Nam
1787 421 1910 462 cum
1939 407 2042 462 illis
2073 410 2115 466 Α
2146 404 2476 458 tervcniente
2507 402 2729 471 repudio
2759 403 2847 458 alii
2885 420 2945 459 se
2981 405 3324 464 matrimonio
3378 409 3728 480 copularunt,

474 490 805 560 temporibus
829 493 1030 547 crebra:
1059 493 1455 561 persecutiones
1484 506 1683 563 essent,
1705 513 1773 552 ne
1794 513 2043 554 commu-

474 583 646 638 nionis
673 599 926 641 concessa
964 584 1190 641 facilitas
1219 587 1464 645 homines
1491 590 1559 646 de
1595 593 2043 650 reconciliatione

472 688 692 729 securos
717 689 822 728 non
860 685 1141 732 revocaret
1173 691 1205 730 a
1233 677 1416 747 lapsu,
1451 681 1647 734 merito
1679 691 1870 750 negata
1899 698 2052 737 com-

472 762 656 817 munio
685 772 796 829 est,
836 779 1095 822 concessa
1132 767 1446 837 poenitentia
1483 787 1498 823 :
1537 786 1607 826 ne
1635 777 1808 826 totum
1838 774 2052 842 penitus

469 861 780 919 negaretur,
812 861 869 909 et
892 854 1162 912 duriorem
1205 857 1574 915 remissionem
1620 858 1750 916 fecit
1787 863 2049 931 temporis

470 941 629 995 ratio.
659 940 764 997 Sed
793 951 1076 1014 postquam
1124 946 1382 1002 Dominus
1418 957 1606 1005 noster
1633 964 1821 1020 pacem
1857 949 2048 1008 Eccle-

468 1031 560 1085 siis
585 1031 695 1086 suis
723 1033 970 1101 reddidit,
991 1035 1103 1104 jam
1130 1046 1337 1093 terrore
1364 1038 1588 1109 depulso
1612 1041 2044 1098 communionem

468 1121 582 1175 dari
603 1123 923 1180 abeuntibus
944 1127 1166 1196 placuit,
1186 1137 1239 1184 et
1261 1139 1481 1200 propter
1502 1130 1714 1187 Domini
1737 1134 2044 1190 misericor-

466 1213 607 1271 diam
626 1255 641 1280 ,
674 1217 827 1285 quasi
855 1218 1106 1274 viaticum
1137 1219 1491 1288 profecturis,
1524 1238 1593 1278 ne
1619 1223 1900 1279 Novatiani
1931 1225 2041 1280 hie-

469 1306 618 1366 rctici
647 1347 663 1372 ,
704 1310 950 1376 negantis
993 1313 1243 1378 veniam,
1291 1314 1632 1382 asperitatem
1689 1326 1744 1372 et
1796 1316 2045 1372 duritiam

467 1395 721 1464 subsequi
751 1398 1044 1454 videamur.
1093 1400 1378 1464 Tribuctur
1417 1417 1548 1472 ergo
1578 1421 1700 1462 cum
1729 1408 2042 1477 pmnitcntia

466 1493 706 1545 extrema
749 1491 1094 1556 communio,
1138 1500 1195 1544 ut
1235 1493 1480 1548 homines
1519 1494 1824 1564 hujusmodi
1865 1497 1948 1552 vel
1989 1497 2043 1552 in

466 1575 729 1643 supremis
756 1578 894 1643 suis,
929 1581 1274 1649 permittente
1307 1581 1584 1640 Salvatore
1615 1596 1820 1653 nostro,
1857 1603 1886 1642 a
1917 1603 2042 1657 per-

467 1673 630 1738 petuo
659 1665 824 1722 exitio
850 1668 1210 1727 vindicentur.

920 1758 1001 1818 De
1029 1762 1578 1822 administrationibus.

537 1843 719 1908 XXIII.
745 1847 1037 1912 Quaesitum
1066 1851 1227 1905 etiam
1255 1861 1340 1908 est
1364 1871 1527 1926 super
1554 1859 1637 1914 his
1679 1861 1772 1929 qui
1801 1867 1922 1930 post
1951 1861 2048 1917 ba—

464 1934 718 2003 ptismum
767 1939 1310 2012 administraverant,
1359 1953 1414 2001 et
1473 1957 1567 2001 aut
1615 1958 1883 2010 tormenta
1930 1954 2045 2008 sola

463 2038 844 2094 exercuerunt,
870 2031 1143 2086 autetiam
1171 2036 1456 2105 capitalem
1475 2040 1813 2109 protulerunt
1831 2052 2049 2100 sonten~

467 2113 596 2202 tiam
622 2153 638 2179 ,
677 2115 743 2171 de
773 2117 855 2172 his
900 2120 1032 2175 nihil
1076 2122 1299 2192 legimus
1344 2143 1373 2180 a
1422 2128 1716 2202 majoribus
1767 2132 2045 2190 delinitum

466 2201 648 2274 (Rom.
691 2205 827 2277 xm).
876 2207 1229 2268 Meminerant
1259 2216 1398 2272 enim
1427 2233 1458 2272 a
1485 2217 1598 2275 Deo
1625 2228 1918 2290 potestates
1947 2225 2046 2280 has

465 2292 630 2356 fuisse
657 2310 958 2365 concessas,
984 2309 1038 2354 et
1062 2312 1280 2372 propter
1306 2307 1594 2367 vindictam
1623 2312 1908 2371 noxiorum
1934 2315 2049 2384 glav

465 2382 608 2437 dium
637 2382 800 2440 fuisse
827 2390 1166 2460 permissum,
1189 2404 1243 2447 et
1270 2393 1366 2450 Dei
1395 2397 1696 2454 ministrum
1724 2417 1843 2458 esse
1862 2382 2044 2459 datum

464 2474 519 2527 in
546 2474 846 2544 huiusmodi
876 2479 1157 2535 vindicem.
1190 2481 1468 2550 Quomodo
1498 2489 1660 2557 igitur
1685 2493 2046 2562 reprehende-

465 2574 584 2628 rent
609 2565 806 2622 factum
836 2569 979 2638 quod
1007 2581 1228 2628 auctore
1273 2574 1385 2632 Deo
1411 2577 1656 2635 viderent
1680 2597 1800 2638 esse
1825 2599 2048 2640 conces-

465 2657 639 2710 sum?-
667 2657 742 2712 De
772 2658 854 2714 his
884 2673 1012 2728 ergo
1059 2663 1132 2716 ita
1161 2672 1218 2717 ut
1244 2664 1506 2722 hactenus
1534 2678 1803 2726 servatum
1833 2681 1938 2741 est,
1968 2674 2048 2730 sic

465 2746 760 2816 habemus,
807 2766 876 2806 ne
914 2761 1008 2806 aut
1040 2753 1374 2824 disciplinam
1412 2767 1686 2826 evertere,
1726 2770 1820 2816 aut
1857 2772 2046 2819 contra

466 2841 842 2900 auctoritatem
881 2842 1093 2899 Domini
1132 2847 1314 2902 venire
1354 2848 1646 2906 videamur.
1697 2852 1830 2922 Ipsis
1867 2864 2046 2911 autem

467 2931 516 2995 in
547 2933 757 2988 ratione
780 2934 1071 3002 reddenda,
1099 2947 1248 3006 gesta
1278 2954 1372 2994 sua
1399 2942 1577 2996 omnia
1599 2946 1970 3001 servabuntur.

539 3043 690 3112 Quod
718 3048 810 3102 viri
832 3064 945 3102 cum
973 3049 1223 3104 adulteris
1248 3051 1495 3108 uxoribus
1521 3070 1625 3109 non
1647 3059 1971 3114 conveniant.

536 3135 725 3191 XXIV.
756 3136 823 3191 Et
851 3138 976 3193 illud
1005 3139 1368 3196 desideratum
1399 3152 1485 3199 est
1511 3146 1657 3209 sciri,
1681 3161 1778 3202 cur
1803 3163 2046 3206 commu-

468 3230 708 3287 nicantes
726 3230 824 3286 viri
847 3246 967 3287 cum
996 3231 1248 3288 adulteris
1269 3236 1524 3292 uxoribus
1549 3253 1654 3293 non
1680 3240 2041 3305 conveniant,

467 3337 590 3376 cum
613 3330 799 3376 contra
823 3337 1018 3376 uxores
1047 3316 1098 3377 in
1122 3324 1394 3381 consortio
1414 3325 1779 3381 adulterorum
1809 3327 2043 3384 virorum

468 3426 688 3466 manere
707 3411 1018 3467 videantur?
1034 3413 1206 3484 Super
1223 3415 1328 3471 hoc
1355 3416 1654 3473 Christiana
1677 3418 1866 3489 religio
1893 3419 2047 3476 adul-

467 3503 661 3558 terium
692 3503 746 3559 in
775 3511 1001 3574 utroque
1028 3521 1159 3561 sexu
1198 3509 1312 3577 pari
1341 3509 1548 3565 ratione
1575 3513 1915 3577 condemnat.
1948 3515 2044 3572 sed

466 3592 612 3648 viros
633 3609 762 3649 suos
786 3595 1036 3650 mulieres
1063 3612 1172 3652 non
1197 3597 1354 3654 facile
1380 3600 1447 3655 de
1470 3601 1735 3658 adulterio
1765 3613 2039 3672 accusant,

465 3691 521 3735 et
547 3698 651 3737 non
680 3683 879 3739 habent
899 3684 1120 3738 latentia
1144 3696 1363 3755 peccata
1387 3689 1706 3755 vindictam;
1739 3692 1836 3747 viri
1862 3702 2042 3749 autem

465 3774 684 3828 liberius
721 3789 919 3829 uxores
960 3775 1233 3831 adulteras
1280 3774 1423 3847 apud
1475 3781 1785 3837 sacerdotes
1833 3782 2043 3838 deferre

465 3872 880 3926 consueverunt,
904 3871 960 3918 et
986 3863 1106 3918 ideo
1131 3865 1461 3932 mulieribus,
1487 3868 1702 3936 prodito
1730 3884 1912 3924 earum
1937 3872 2044 3926 cri-

464 3953 641 4018 mine,
671 3952 974 4007 communio
1005 3953 1298 4021 denegatur
1317 3996 1331 4020 ,
1363 3955 1600 4010 virorum
1629 3966 1808 4012 autem
1839 3959 2042 4016 latente

462 4043 751 4098 commisso
774 4057 880 4096 non
901 4042 1056 4098 facile
1075 4044 1353 4114 quisquam
1376 4060 1443 4100 ex
1465 4048 1853 4116 suspicionibus
1876 4051 2043 4106 absti-

462 4139 651 4199 netur,
683 4133 773 4206 qui
814 4133 998 4202 utique
1041 4133 1485 4202 submovebitur,
1528 4137 1573 4192 si
1622 4137 1738 4207 ejus
1780 4140 2038 4208 ﬂagitium

460 4224 757 4292 detegatur.
787 4223 922 4279 Cum
951 4240 1080 4293 ergo
1110 4241 1206 4295 par
1234 4241 1392 4286 causa
1419 4229 1508 4294 sit,
1539 4230 1806 4289 interdum
1843 4233 2038 4302 proba-

462 4314 608 4368 tione
635 4323 878 4370 cessantc
903 4315 1154 4371 vindicta:
1179 4317 1316 4378 ratio
1348 4319 1698 4389 conquiescit.

461 4429 612 4496 Quod
655 4432 740 4502 qui
787 4446 960 4500 preces
1006 4431 1082 4484 vel
1114 4432 1424 4502 criminale;
1471 4433 1708 4499 dictant,
1751 4435 2037 4490 habeantur

1105 4516 1375 4556 tmmunes.

529 4590 693 4645 XXV.
708 4590 838 4644 Illud
849 4591 1009 4652 etiam
1021 4591 1282 4652 sciscitari
1297 4593 1528 4658 voluisti,
1544 4611 1610 4650 an
1627 4611 1816 4666 preces
1830 4598 2042 4654 dictan-

459 4683 601 4737 tibus
629 4681 856 4740 liberum
886 4681 1214 4742 concedatur
1235 4684 1417 4752 utique
1446 4695 1569 4754 post
1607 4687 1857 4756 baptismi
1885 4703 2039 4758 rege-

453 4773 788 4830 nerationem
817 4787 846 4826 a
877 4773 1202 4843 principibus
1244 4790 1468 4847 poscere
1515 4785 1742 4838 mortem
1782 4780 2032 4850 alicujus,

452 4863 536 4920 vel
564 4863 880 4932 sanguinem
907 4862 974 4926 de
1002 4873 1153 4918 reatu
1178 4867 1202 4926 ἲ
1251 4883 1413 4936 quam
1453 4883 1568 4924 rem
1599 4868 1867 4938 principes
1897 4888 2035 4926 nun-.

451 4970 613 5024 quam
664 4955 780 5009 sine
823 4955 1130 5023 cognitione
1179 4957 1519 5022 concedunt,
1570 4958 1664 5012 sed
1719 4959 1784 5012 ad
1823 4959 2032 5028 judices

445 5045 734 5101 commissa
788 5045 902 5114 ipsa
949 5046 1036 5100 vel
1080 5046 1306 5100 crimina
1354 5062 1568 5116 semper
1609 5049 1926 5113 remittunt,
1974 5059 2032 5104 ut

444 5147 607 5186 causa
637 5133 850 5199 cognita
888 5134 1224 5192 vindicentur
1257 5153 1270 5188 :
1301 5150 1420 5204 qua:
1461 5151 1583 5191 cum
1611 5138 1882 5205 qumsitori
1913 5140 2029 5194 fue-

445 5222 554 5283 rint
585 5221 850 5291 delegata,
878 5231 970 5276 aut
997 5223 1264 5278 absolutio
1320 5232 1414 5278 aut
1439 5224 1713 5282 damnatio
1740 5245 1838 5298 pro
1865 5243 2031 5298 nego-

447 5313 504 5366 tii
543 5311 798 5381 qualitate
827 5315 1134 5384 profertur,
1166 5324 1221 5369 et
1258 5315 1382 5370 dum
1433 5318 1608 5386 legum
1658 5320 1710 5374 in
1757 5321 2029 5391 improbos

443 5413 730 5460 exercetur
757 5407 1069 5473 auctoritas,
1102 5409 1204 5461 erit
1229 5407 1459 5462 dictator
1488 5410 1756 5467 immunis.

447 5515 599 5588 Quod
648 5515 700 5578 lli
742 5520 828 5596 qui
853 5515 1197 5599 intercedente
1235 5522 1447 5588 repudio
1486 5525 2024 5604 divortiumpertule-

515 5595 632 5637 runt
658 5627 671 5648 ,
715 5589 928 5657 artisque
972 5605 1024 5642 se
1073 5590 1341 5644 vinxerunt
1388 5596 1614 5660 nuptiis,
1665 5589 2024 5651 adult'cri'cssc

517 5664 880 5708 mmtstrentur.

517 5743 694 5811 χχιι.
731 5744 803 5802 Dc
825 5745 908 5802 bis
933 5748 1094 5804 etiam
1125 5752 1402 5819 requisivit
1434 5754 1650 5810 dilectio
1685 5765 1795 5816 tua.
1824 5760 1914 5828 qui
1943 5761 2021 5826 in-

2066 4523 2117 4584 D

2149 512 2283 566 quos
2305 497 2355 550 in
2387 506 2612 565 utraque
2640 505 2793 567 parte
2819 499 3090 554 adulteros
3110 513 3230 556 esse
3256 501 3597 560 manifestum
3626 515 3730 560 est.

2149 588 2250 653 Qui
2300 602 2430 642 vero
2461 588 2543 643 vel
2591 602 2759 642 uxore
2802 589 3059 656 vivente,
3088 593 3336 659 quamvis
3379 592 3733 650 dissociatum

2150 677 2392 733 videatur
2417 693 2539 734 esse
2576 678 2911 748 conjugium,
2943 678 3013 735 ad
3043 679 3202 734 aliam
3231 681 3478 752 copulam
3507 682 3735 738 festina-

2149 778 2305 834 runt,
2339 785 2513 840 neque
2543 780 2766 840 possunt
2793 771 3022 828 adulteri
3053 788 3162 828 non
3201 774 3398 842 videri,
3433 775 3486 830 in
3523 783 3733 831 tantum

2149 873 2209 918 ut
2235 865 2396 920 etiam
2443 866 2526 920 hae
2578 881 2823 937 personae
2861 867 3055 938 quibus
3090 867 3227 924 tales
3270 867 3545 937 conjuncti
3586 879 3734 939 sunt,

2148 957 2313 1011 etiam
2344 957 2471 1027 ipsa:
2501 957 2822 1013 adulterium
2851 960 3184 1015 commisisse
3204 960 3506 1028 videantur,
3536 977 3735 1018 secun-

2148 1047 2274 1101 dum
2305 1047 2435 1102 illud
2478 1049 2621 1118 quod
2651 1049 2876 1119 legimus
2905 1050 2957 1103 in
2991 1050 3280 1122 Evangelia
3305 1069 3318 1106 :
3347 1049 3448 1118 Qui
3476 1053 3734 1110 dimiserit

2146 1153 2360 1191 uxorem
2387 1153 2554 1200 suam,
2575 1147 2623 1192 et
2649 1139 2853 1192 duxerit
2880 1140 3058 1201 aliaat,
3091 1140 3404 1208 intuebatur;
3427 1143 3666 1197 similiter
3685 1152 3736 1197 et

2147 1231 2233 1301 qui
2263 1231 2528 1286 dimissam
2554 1233 2776 1298 duxerit,
2806 1235 3086 1290 nurchatur
3114 1235 3327 1307 (Matth.
3359 1237 3494 1310 XIX),
3525 1249 3582 1295 ct
3609 1241 3731 1297 idco

2147 1333 2334 1373 omnes
2361 1335 2390 1373 a
2427 1322 2805 1376 communione
2837 1323 3069 1378 lidelium
3101 1325 3469 1382 abstinendos.
3513 1328 3591 1384 De
3631 1345 3729 1400 pa-

2147 1407 2388 1464 rentibus
2415 1417 2594 1464 autem
2621 1418 2713 1465 aut
2743 1412 3056 1483 prepinquis
3083 1428 3297 1485 eorum,
3325 1417 3457 1471 nihil
3489 1418 3594 1474 tale
3621 1431 3734 1473 sta-

2149 1497 2224 1551 tui
2253 1505 2465 1568 potest,
2499 1500 2600 1555 nisi
2632 1501 2675 1555 si
2720 1502 3031 1560 inccntorcs
3057 1504 3228 1559 illiciti
3267 1507 3526 1563 consortii
3563 1507 3730 1566 fuisse

2146 1587 2488 1658 detegantur.

2484 1698 2585 1764 Qui
2607 1701 2725 1756 libri
2752 1702 2806 1757 in
2837 1719 3033 1758 canone
3061 1705 3394 1772 recipiantur.
3535 1691 3608 1772 ξεί

2073 1784 2123 1843 Β
2222 1809 2428 1867 XXVII.
2445 1811 2544 1879 Qui
2563 1827 2692 1868 vero
2705 1813 2823 1868 libri
2844 1815 3172 1884 recipiantur
3192 1815 3245 1870 in
3265 1830 3471 1872 canone
3491 1816 3736 1888 Scriptu-

2152 1920 2331 1960 rarum
2363 1905 2542 1961 brevis
2571 1921 2812 1962 annexus
2843 1906 3100 1962 ostendit.
3138 1907 3262 1962 Ilaec
3289 1918 3414 1962 sunt
3451 1923 3582 1978 ergo
3612 1925 3736 1980 qua:

2150 1996 2450 2056 desiderata
2470 1998 2679 2053 moneri
2704 2012 2837 2054 voce
2863 1998 3079 2054 voluisti
3103 2016 3116 2052 :
3146 1997 3309 2055 Mosis
3330 2000 3450 2055 libri
3468 2003 3732 2072 quinque,

2151 2091 2205 2146 id
2230 2099 2313 2146 est
2340 2089 2584 2154 Genesis,
2614 2089 2850 2156 Exodus,
2881 2089 3174 2155 Leviticus,
3201 2090 3440 2157 Numeri,
3467 2092 3732 2150 Deutcro-

2151 2182 2410 2246 nomium,
2435 2195 2533 2235 nec
2547 2195 2654 2235 non
2668 2188 2723 2235 et
2736 2179 2861 2235 Jesu
2884 2180 3029 2236 Nave
3051 2195 3207 2246 unus,
3231 2188 3286 2236 et
3303 2180 3547 2237 Judicum
3573 2199 3731 2250 unus,

2149 2280 2206 2328 et
2233 2270 2538 2339 Regnorum
2591 2269 2712 2324 libri
2750 2269 2816 2334 4,
2847 2268 3007 2325 simul
3036 2277 3092 2323 et
3140 2269 3304 2324 Ruth.
3337 2268 3730 2340 Prophetarum

2148 2364 2271 2420 libri
2315 2363 2400 2430 IG,
2433 2361 2739 2418 Salomonis
2769 2361 2888 2416 libri
2918 2360 2972 2428 5,
3005 2360 3344 2416 Psalterium.
3373 2361 3508 2418 Item
3558 2363 3731 2420 histo-

2149 2458 2346 2512 riarum
2373 2452 2474 2510 Job
2501 2453 2637 2508 liber
2656 2468 2813 2517 unus,
2841 2451 3020 2507 Tobiae
3048 2466 3204 2515 unus,
3225 2449 3424 2509 Esther
3453 2469 3610 2518 unus,
3636 2454 3731 2509 Ju-

2148 2550 2263 2606 ditb
2292 2563 2448 2612 tinus,
2479 2546 2905 2618 Machabtcorum
2932 2545 3064 2614 duo,
3088 2543 3268 2600 Esdrzc
3295 2545 3424 2613 duo,
3455 2545 3733 2618 Paralipo-

2147 2654 2346 2695 menon
2371 2639 2498 2694 duo.
2523 2617 2654 2693 Item
2685 2636 2818 2692 Novi
2842 2635 3170 2691 Testamenti
3191 2635 3603 2706 Evangeliorum
3635 2617 3728 2694 lib.

2148 2729 2213 2796 4;
2255 2729 2486 2800 apostoli
2515 2726 2664 2781 Pauli
2693 2725 2946 2796 Epistolas
2976 2724 3077 2792 M;
3119 2724 3372 2795 Epistolas
3414 2725 3638 2784 Joannis
3668 2730 3730 2795 ὃς

2148 2818 2401 2890 Epistolas
2451 2817 2595 2873 Petri
2647 2816 2713 2884 2;
2739 2815 2980 2886 Epistola
3008 2814 3190 2882 Iudae;
3231 2815 3474 2887 Epistula
3512 2817 3730 2883 Jacobi,

2150 2912 2316 2966 Actus
2351 2909 2742 2980 apostolorum,
2779 2906 3130 2978 Apocalypsis
3147 2905 3386 2963 Joannis.
3405 2905 3612 2962 Csetera
3644 2924 3731 2962 au-

2149 3009 2278 3066 tem,
2309 3015 2426 3070 qua:
2449 3000 2533 3055 vel
2559 2999 2656 3055 sub
2696 2999 2915 3053 nomine
2953 2996 3207 3062 Matthiae,
3244 2999 3358 3055 sive
3399 2998 3583 3057 Jacobi
3630 2999 3730 3055 Mi-

2151 3096 2317 3160 noris,
2348 3092 2433 3146 vel
2476 3091 2575 3146 sub
2604 3092 2821 3146 nomine
2849 3087 2993 3144 Petri
3033 3097 3091 3144 ct
3115 3089 3359 3154 Joannis,
3387 3106 3509 3161 quae
3535 3107 3568 3148 a
3593 3108 3731 3162 quo-

2071 3152 2118 3216 C
2148 3180 2272 3235 dam
2304 3152 2519 3236 'Lcueio
2547 3181 2745 3251 scripta
2775 3189 2920 3246 sunt,
2954 3179 3037 3236 vel
3065 3180 3166 3236 sub
3213 3152 3431 3238 nomine
3479 3152 3729 3250 Andreae,

2147 3286 2265 3341 quae
2304 3286 2336 3326 a
2360 3270 2734 3326 Nexocharide
2772 3278 2827 3325 et
2871 3269 3108 3326 Leonide
3133 3271 3495 3342 philosophis,
3524 3272 3605 3328 vel
3635 3275 3733 3330 sub

2147 3362 2364 3417 nomine
2384 3360 2602 3416 Thema:
2630 3361 2829 3431 scripta
2857 3370 3001 3428 sunt,
3033 3369 3088 3416 et
3124 3362 3168 3417 si
3193 3376 3297 3430 qua
3325 3372 3451 3417 sunt
3473 3363 3604 3432 alia,
3625 3380 3732 3420 non

2145 3453 2320 3510 solum
2360 3452 2708 3524 repudianda,
2747 3467 2934 3507 verum
2977 3453 3139 3508 etiam
3169 3454 3384 3508 noveris
3411 3469 3531 3510 esse
3576 3454 3732 3510 dam-

2145 3543 2499 3599 nanda.Data
2545 3560 2578 3599 x
2605 3544 2711 3600 cal.
2744 3543 3081 3610 Martiarum;
3131 3542 3388 3604 Stiliconc
3431 3560 3470 3605 ιι
3511 3552 3568 3600 ct
3621 3546 3731 3601 An-

2147 3633 2349 3688 themio
2371 3647 2549 3688 conss.
2585 3632 2706 3704 (An.
2729 3631 2922 3686 Christi
2950 3628 3104 3703 405.)

2215 3745 2558 3801 Innocentius
2579 3745 2742 3800 Felici
2770 3745 3024 3815 episcopo
3045 3745 3344 3803 Nuceriano
3371 3748 3621 3806 salutem.

2215 3837 2394 3891 Mirari
2423 3852 2533 3892 non
2563 3851 2846 3905 possumus
2887 3836 3234 3892 dilectionem
3263 3847 3410 3892 tuam
3462 3841 3615 3909 sequi
3645 3841 3730 3896 in~

2143 3928 2331 3984 stituta
2353 3925 2637 3995 majorum,
2671 3927 2851 3980 omnia
2872 3941 3099 3995 qumque
3135 3938 3362 3997 possunt
3385 3929 3617 3998 aliquam
3640 3947 3730 3986 re-

2142 4019 2323 4088 cipere
2347 4017 2760 4080 dubitationem,
2803 4016 2868 4070 ad
2917 4032 3015 4070 nos
3035 4057 3052 4085 ,
3080 4017 3233 4086 quasi
3263 4018 3330 4073 ad
3359 4027 3519 4088 caput
3567 4027 3733 4088 atque

2143 4108 2213 4163 ad
2241 4109 2447 4179 apicem
2477 4107 2818 4177 episcopatus
2846 4106 3048 4162 referre
3077 4125 3090 4160 :
3116 4117 3175 4162 ut
3201 4110 3448 4164 consulta
3476 4111 3730 4167 videlicet

2141 4201 2296 4257 sedes
2336 4201 2634 4270 apostolica
2658 4215 2724 4254 ex
2750 4199 2878 4268 ipsis
2896 4201 3056 4255 rebus
3080 4200 3253 4255 dubiis
3275 4203 3506 4256 certum"
3525 4203 3730 4272 aliquid

2142 4291 2548 4359 faciendumque
2579 4291 2907 4360 pronuntiet,
2939 4291 3083 4360 quod
3112 4308 3212 4348 nos
3250 4302 3307 4347 et
3335 4294 3564 4349 libenter
3583 4297 3730 4351 acci-

2138 4383 2332 4453 pimus,
2351 4381 2763 4437 etdilectionem
2789 4389 2937 4436 tuam
2961 4396 3255 4444 memorem
3281 4399 3548 4440 canonum
3568 4401 3724 4442 com-

2139 4473 2448 4545 probemus.
2479 4471 2748 4542 Scripsisti
2780 4473 2939 4540 igitur
2981 4475 3155 4543 quod,
3189 4475 3405 4532 fervore
3447 4477 3571 4532 ﬁdei
3616 4494 3726 4550 quo

2142 4563 2335 4635 polles,
2358 4571 2413 4618 ct
2432 4577 2618 4618 amore
2645 4571 2847 4618 sancta:
2871 4565 3041 4634 plebis
3068 4566 3151 4620 vel
3182 4569 3518 4640 reparaveris
3546 4568 3726 4626 Eccle-

2139 4656 2247 4711 sias
2277 4655 2391 4723 Dei,
2423 4655 2508 4720 vel
2549 4670 2717 4711 novas
2769 4669 3008 4724 quasque
3062 4660 3474 4715 eonstruxeris:
3522 4661 3614 4716 sed
3667 4662 3722 4717 in

2139 4745 2221 4800 his
2257 4745 2480 4801 clericos
2508 4761 2644 4814 quos
2670 4745 2962 4800 constituas
2985 4762 3093 4802 non
3116 4747 3336 4814 habere,
3362 4750 3570 4819 aliquos
3594 4769 3721 4807 vero

2136 4836 2374 4898 mutilos,
2405 4835 2614 4906 aliquos
2669 4834 2913 4904 digamos
2954 4851 3094 4903 esse,
3145 4839 3216 4893 ad
3245 4839 3391 4908 quod
3419 4842 3722 4910 stupuimus

2135 4928 2454 4996 prudentem
2505 4927 2680 4980 virum
2729 4925 2797 4981 de
2846 4927 2930 4982 his
2956 4926 3191 4982 voluisse
3243 4930 3551 4996 consulere,
3601 4946 3722 4999 quae

2135 5018 2384 5072 omnibus
2411 5025 2535 5071 sunt
2556 5025 2702 5071 certa
2734 5017 2943 5072 ratione
2959 5026 3254 5086 comperta.
3270 5017 3412 5087 Ergo
3436 5036 3543 5075 non
3565 5021 3718 5089 quasi

2135 5109 2400 5177 ignoranti
2452 5109 2696 5174 dicimus,
2726 5107 2822 5163 sed
2871 5109 2923 5162 in
2975 5108 3095 5164 aliis
3147 5108 3371 5170 forsitan
3425 5121 3718 5184 occupatos

2133 5198 2275 5252 istud
2305 5198 2500 5252 oblitos
2529 5213 2646 5253 esse
2670 5213 2765 5251 vos
2797 5197 3041 5253 dicimus.

2135 5309 2193 5362 Si
2221 5309 2332 5378 quis
2355 5310 2528 5370 volens
2553 5318 2748 5377 partem
2777 5308 2874 5364 sibi
2904 5312 3132 5379 corporis
3162 5316 3521 5381 anzputaverit,
3564 5316 3716 5371 cleri-

2311 5395 2398 5430 cus
2425 5395 2534 5432 esse
2560 5396 2661 5432 non
2690 5389 2855 5449 potest
2885 5396 2902 5432 :
2939 5381 3119 5434 nolens
3149 5394 3320 5436 autem
3348 5393 3534 5454 potest.

2205 5485 2435 5541 XXVIII.
2455 5488 2553 5553 Qui
2580 5491 2737 5558 igitur
2763 5500 2968 5561 partem
2995 5491 3284 5561 cujuslibet
3311 5495 3458 5566 digiti
3478 5497 3576 5551 sibi
3601 5499 3714 5567 ipse

2135 5579 2316 5633 volens
2346 5579 2589 5645 abscidit,
2620 5582 2760 5637 hunc
2789 5584 2851 5636 ad
2885 5583 3083 5637 clerum
3114 5600 3350 5640 canones
3379 5603 3484 5640 non
3519 5589 3711 5645 admit-

2135 5679 2249 5721 tunt
2281 5688 2288 5720 :
2325 5671 2408 5723 cui
2450 5687 2577 5725 vero
2626 5690 2750 5729 casu
2795 5675 2975 5741 aliquo
3003 5677 3244 5744 contigit,
3271 5677 3394 5732 dum
3437 5689 3529 5733 aut
3557 5684 3709 5750 operi

2131 5763 2328 5815 rustico
2357 5777 2540 5826 em'am
2571 5763 2848 5831 impendit,
2890 5772 2980 5818 aut
3007 5765 3204 5836 aliquid
3247 5767 3452 5830 faciens
3489 5784 3547 5837 se
3593 5785 3702 5836 non
