4104 6476
261 315 369 371 259

1325 313 1432 368 COI
1445 314 1696 369 IECTIO
1736 314 2148 374 DECRE'I’URU
2161 323 2202 373 fit
2247 314 2352 376 Pi‘.

2399 319 2442 373 ll
2451 321 2492 376 Il
2503 361 2515 374 .
3425 319 3532 374 27.30

264 432 460 496 sponte
481 424 744 496 percussit
772 443 782 477 :
809 424 908 480 hos
937 440 1170 480 canones
1197 427 1515 498 praecipiunt
1541 437 1595 482 et
1623 429 1850 484 clericos
1883 440 1923 493 Α
1953 436 2226 502 querelam
2259 436 2528 501 detulerit,
2577 436 2739 490 libelli
2796 436 2911 504 ejus
2957 437 3131 493 series
3183 455 3392 493 annexa
3441 440 3536 494 de-

269 518 406 583 ﬁeri,
436 525 492 572 et
517 517 563 571 si
586 516 641 570 in
668 516 818 572 clero
848 517 1044 570 fuerint
1065 520 1282 587 reperti,
1320 536 1426 573 non
1451 521 1629 588 abjici.
1655 521 1711 574 In
1745 522 1850 577 illis

265 609 412 663 euim
437 605 686 662 voluntas
706 614 788 661 est
808 607 1064 674 judicala,
1097 623 1214 677 qua:
1241 609 1341 662 sibi
1373 625 1502 665 ausa
1528 611 1626 666 fuit
1651 611 1850 665 ferrqu

267 697 508 766 injicere,
539 696 682 767 quod
729 697 932 752 scilicet
961 706 1016 751 et
1044 699 1132 751 alii
1163 699 1214 752 id
1245 698 1424 754 facere
1464 700 1714 756 dubitare
1744 717 1852 756 non

269 795 440 864 possit
465 811 480 846 :
509 794 562 848 in
591 793 706 850 istis
729 807 857 848 vero
884 809 1042 848 casus
1072 794 1282 847 veniam
1311 795 1529 849 meruit.

413 904 564 969 Quod
590 905 786 976 digami
814 904 883 958 ad
903 905 1094 959 clerum
1121 905 1323 959 admitti
1353 923 1454 961 non
1475 907 1704 974 possint.

342 1018 531 1074 XXIX.
563 1018 639 1074 De
668 1017 896 1086 digamis
921 1027 1098 1071 autem
1122 1033 1221 1072 nec
1243 1017 1451 1072 consuli
1473 1017 1658 1073 debuit
1683 1059 1701 1087 ,
1731 1034 1852 1074 cum

270 1111 555 1167 manifesta
578 1111 648 1164 sit
677 1109 836 1164 lectio
874 1109 1139 1178 Apostoli,
1171 1109 1327 1162 unius
1357 1110 1541 1164 uxoris
1572 1111 1744 1163 virum
1788 1109 1856 1164 ad

270 1204 630 1258 sacerdotium
660 1203 786 1256 sive
837 1201 902 1254 ad
954 1201 1264 1255 clericatum
1305 1201 1513 1256 admitti
1556 1203 1754 1257 debere
1784 1207 1800 1266 (
1829 1201 1857 1255 Ι

275 1293 462 1348 Timet.
488 1294 590 1363 ιιι).
624 1291 689 1346 Ει
711 1292 851 1347 hanc
872 1291 1039 1362 ipsam
1067 1299 1245 1346 tamen
1267 1293 1310 1346 si
1340 1292 1600 1360 virginem
1629 1293 1856 1362 accepit,

271 1402 396 1440 nam
444 1401 507 1440 ea
535 1401 653 1454 quae
704 1384 950 1438 habuerit
995 1393 1122 1438 ante
1169 1385 1362 1447 virum,
1395 1385 1521 1438 licet
1571 1384 1858 1440 defunctus

271 1478 361 1541 sit,
396 1485 574 1531 t:uuen
596 1476 642 1530 si
671 1474 868 1530 clerico
891 1484 1076 1544 postea
1105 1472 1266 1528 fuerit
1290 1474 1538 1544 copulata
1563 1517 1579 1542 ,
1630 1475 1860 1530 clericus

271 1567 364 1636 qui
411 1580 529 1619 eam
576 1563 844 1633 acceperit
897 1578 1018 1617 esse
1047 1579 1152 1617 non
1189 1563 1406 1630 poterit,
1457 1563 1583 1631 quia
1637 1563 1688 1617 in
1742 1565 1861 1633 lege

271 1665 491 1712 cautum
519 1664 622 1721 est,
648 1654 771 1709 Non
801 1654 1036 1719 viduam,
1069 1671 1170 1708 non
1204 1653 1456 1724 abjectam
1486 1653 1675 1708 habere
1708 1670 1860 1723 posse

271 1765 366 1802 con
366 1749 425 1818 ju
433 1761 546 1817 gem
571 1746 908 1800 sacerdotem.

367 1859 468 1916 (lui
493 1859 556 1912 de
591 1860 739 1912 taieis
766 1859 837 1912 ad
857 1859 1049 1912 clerum
1079 1875 1181 1912 non
1202 1859 1420 1913 debeant
1447 1862 1757 1930 promoveri.

345 1947 511 2002 XXX.
538 1950 613 2004 De
637 1949 786 2004 laicis
817 1964 944 2004 vero
975 1946 1164 2018 religio
1190 1957 1279 2004 tua
1309 1952 1578 2005 consuluit
1605 1952 1751 2022 quod
1770 1967 1863 2008 ca-

274 2056 450 2095 nones
473 2041 724 2095 ordinare
753 2041 1089 2109 prohibeant.
1123 2038 1340 2095 Certum
1370 2051 1454 2096 est
1491 2043 1708 2111 quidem
1758 2044 1863 2099 hoc

274 2131 491 2200 regulas
510 2131 913 2199 ecclesiasticas
928 2131 1211 2186 continere
1244 2150 1255 2184 :
1289 2131 1384 2184 sed
1427 2148 1534 2184 non
1567 2132 1638 2185 ita
1667 2132 1860 2186 deﬁni-

277 2233 390 2276 tum
421 2233 504 2280 εει
531 2230 590 2276 ιιι
623 2221 691 2277 de
731 2222 980 2276 omnibus
1005 2221 1074 2276 sit
1103 2221 1254 2276 laicis
1283 2222 1653 2277 constitutum.
1679 2221 1863 2291 Neque

275 2317 422 2372 enim
444 2316 625 2372 clerici
653 2316 804 2372 nasci
845 2324 900 2371 et
929 2331 1034 2370 non
1059 2315 1173 2370 ﬁeri
1204 2324 1449 2386 possunt,
1470 2315 1565 2371 sed
1585 2316 1864 2385 designata

274 2415 406 2461 sunt
431 2421 628 2475 genera
656 2407 724 2461 de
751 2407 945 2476 quibus
977 2407 1047 2461 ad
1102 2407 1413 2463 clericatum
1443 2408 1724 2476 pervenire
1754 2423 1862 2461 non

277 2502 525 2567 possunt,
557 2497 609 2551 id
637 2503 740 2561 est,
769 2497 815 2552 si
843 2497 963 2566 quis
992 2497 1162 2554 ﬁdelis
1200 2499 1532 2565 militaverit,
1562 2499 1607 2553 si
1630 2500 1750 2566 quis
1798 2497 1862 2550 ﬁ-

275 2586 415 2640 delis
439 2600 630 2641 causas
655 2586 844 2654 egerit,
869 2586 971 2641 hoc
1000 2595 1086 2642 est
1114 2587 1488 2657 postulaverit,
1518 2588 1563 2644 si
1592 2587 1713 2658 quis
1736 2588 1866 2643 tide—

277 2679 348 2734 lis
375 2678 852 2734 administraverit.
897 2678 972 2732 De
1015 2679 1306 2733 curialibus
1360 2688 1539 2734 autem
1583 2679 1865 2734 manifesta

275 2768 423 2822 ratio
455 2775 564 2833 est,
606 2767 886 2836 quoniam,
934 2767 1035 2822 etsi
1063 2768 1404 2822 inveniantur
1431 2768 1736 2837 hujusmodi
1765 2768 1866 2822 viri

277 2856 376 2924 qui
405 2855 638 2911 debeant
656 2855 838 2910 clerici
865 2855 996 2919 ﬁeri,
1026 2864 1205 2909 tamen
1231 2856 1424 2925 smpius
1461 2856 1528 2910 ad
1557 2857 1760 2910 curiam
1789 2871 1869 2909 re-

274 2954 558 3016 petuntur,
586 2945 882 3000 cavendum
906 2945 972 2999 ab
994 2946 1076 3000 his
1096 2953 1179 3000 est
1211 2955 1430 3016 propter
1469 2947 1865 3002 tribulationem

277 3052 402 3106 qua:
429 3051 573 3106 saepe
598 3035 668 3092 de
695 3035 779 3090 his
799 3034 1048 3090 Ecclesia:
1077 3035 1342 3104 provenit.

281 3143 386 3209 Qui
428 3145 492 3198 de
517 3145 666 3200 laicis
703 3153 917 3214 possunt
941 3144 1293 3232 ﬁeritrl‘erici,
1327 3144 1406 3200 hic
1435 3154 1610 3217 aperte
1637 3147 1864 3202 concuba
1894 3170 1938 3232 ρ

920 3214 1235 3284 prohibetur.

353 3301 546 3363 XXXI.
578 3301 724 3360 [laici
753 3318 884 3360 veto
934 3306 1026 3374 qui
1073 3306 1336 3360 habentes
1376 3321 1574 3361 uxores
1612 3307 1869 3376 baptizati

280 3407 445 3452 sunt.
471 3408 536 3450 ae
556 3394 635 3449 sic
671 3408 732 3449 se
757 3394 1085 3449 instituerint
1125 3401 1181 3448 ut
1209 3394 1392 3463 opinio
1427 3409 1618 3448 eorum
1647 3395 1699 3448 in
1723 3397 1868 3453 nullo

281 3492 518 3559 vacillet,
545 3499 604 3546 ut
625 3498 718 3546 aut
733 3491 942 3546 clericis
957 3489 1130 3559 juncti
1151 3490 1279 3557 sint,
1301 3498 1394 3545 aut
1421 3491 1781 3555 monasteriis,
1803 3507 1871 3546 ex

282 3597 397 3652 quo
452 3581 709 3650 baptizati
753 3589 896 3646 sunt,
928 3581 1199 3646 bmseriut,
1231 3580 1276 3636 si
1324 3596 1433 3634 non
1490 3581 1867 3648 concubinam,

282 3689 397 3728 non
429 3673 677 3742 pellicem
704 3674 969 3736 noverint,
1001 3673 1047 3727 si
1075 3674 1130 3726 in
1158 3673 1408 3728 omnibus
1433 3673 1590 3728 bonis
1618 3674 1871 3742 operibus

284 3764 652 3833 vigilaverint,
685 3780 794 3820 non
845 3764 1198 3835 prohibentur
1223 3763 1528 3832 bujusmodi
1551 3763 1620 3818 ad
1649 3764 1874 3819 clerica-

284 3867 375 3914 tus
399 3868 602 3914 sortem
627 3856 848 3915 assumi.

568 3993 644 4048 De
667 3973 972 4064 temporibus
999 3993 1338 4046 immomndis
1358 3993 1410 4045 in
1435 3991 1588 4045 clero.

361 4083 574 4139 XXXII.
625 4085 704 4139 Ita
746 4099 876 4138 sane
906 4091 964 4138 ut
993 4083 1048 4138 in
1095 4098 1190 4138 eos
1233 4092 1478 4151 tempora
1504 4097 1533 4134 a
1582 4079 1875 4148 majoribus

288 4178 589 4233 constituta
644 4182 928 4230 serventur
957 4191 972 4228 :
1005 4189 1107 4229 nec
1145 4174 1254 4228 cito
1283 4173 1508 4242 quilibet
1536 4172 1721 4236 lector,
1763 4172 1874 4225 cito

289 4267 601 4338 acolythus,
631 4267 740 4322 cito
780 4267 1056 4329 diaconus,
1100 4266 1207 4320 cito
1240 4265 1491 4320 sacerdos
1517 4264 1625 4318 ﬁat.
1659 4265 1792 4330 Quia
1824 4265 1874 4318 in

290 4360 592 4417 minoribus
620 4358 812 4415 ofﬁciis
850 4359 894 4414 si
936 4359 1026 4413 diu
1062 4357 1377 4428 perdurent,
1426 4366 1481 4411 et
1530 4359 1637 4411 vita
1690 4373 1874 4412 eorum

289 4451 500 4522 pariter
535 4460 591 4506 et
624 4451 879 4518 obsequia
910 4449 1356 4518 comprobantur,
1416 4456 1476 4502 ut
1518 4447 1585 4502 ad
1628 4447 1880 4502 sacerdo-

292 4545 428 4597 tium
479 4551 666 4613 postea
712 4543 934 4597 emersis
973 4539 1360 4610 stipendiorum
1401 4539 1607 4594 meritis
1635 4539 1874 4606 veniam,
1911 4535 1956 4593 D

289 4651 396 4691 nec
426 4633 733 4704 prteripiant
761 4630 905 4702 quod
951 4630 1060 4684 vita
1088 4629 1315 4700 probata
1341 4637 1580 4684 meretm‘
1607 4627 1871 4697 accipere.

292 4725 564 4794 Quoniam
590 4737 720 4792 ergo
758 4729 905 4778 certa
934 4721 1244 4776 deﬁnitione
1272 4727 1628 4774 monstratum
1658 4726 1741 4773 est
1784 4719 1874 4787 qui

291 4817 531 4872 debeant
580 4812 808 4876 admitti,
852 4813 944 4881 qui
971 4826 1102 4868 vero
1129 4811 1427 4881 reprobari,
1483 4825 1550 4865 ex
1595 4809 1678 4864 his
1707 4809 1880 4864 omni-

293 4911 418 4974 bus,
449 4921 586 4978 quos
624 4905 770 4960 videt
797 4905 1032 4974 dignatio
1080 4911 1172 4959 tua
1211 4920 1318 4958 non
1371 4920 1532 4974 posse
1575 4902 1878 4973 reprobari,

293 5001 500 5067 eligere
529 4996 772 5064 debebis,
801 5011 938 5064 quos
963 4996 1193 5051 clericos
1224 4996 1405 5051 facias.
1438 4995 1495 5050 Si
1517 4997 1656 5050 enim
1681 4995 1878 5049 nullam

295 5089 526 5158 gratiam
563 5088 871 5142 hominibus
899 5096 990 5140 aut
1012 5085 1328 5142 beneﬁcium
1361 5095 1616 5155 prmstare
1636 5088 1883 5152 velimus,

295 5181 440 5234 tales
475 5179 714 5234 invenire
734 5194 1039 5249 pessumus,
1065 5179 1132 5233 de
1152 5193 1378 5246 quorum
1400 5179 1764 5248 assumptione
1790 5195 1889 5234 nec

298 5287 603 5337 Incurrere,
631 5286 732 5326 nec
752 5270 1075 5324 erubescere
1103 5269 1396 5324 valeamus.

373 5363 715 5418 Innocentius
732 5361 963 5416 Maximo
980 5369 1033 5417 et
1046 5362 1248 5417 Severo
1269 5363 1536 5432 episcopis
1553 5361 1892 5431 perBrutios.

377 5452 879 5507 Ecclesiastieorum
925 5451 1191 5508 canenum
1251 5468 1435 5506 norma
1480 5452 1611 5505 nulli
1641 5467 1759 5505 esse
1809 5451 1895 5505 de-

299 5549 399 5608 bet
423 5545 692 5613 incognita
725 5543 1012 5610 sacerdoti,
1035 5545 1161 5613 quia
1191 5543 1387 5598 nesciri
1428 5543 1541 5597 haec
1570 5558 1599 5596 a
1640 5542 1895 5612 pontiﬁce

301 5638 438 5691 sitis
481 5645 566 5690 est
609 5635 921 5690 indecorum
956 5637 1225 5690 :maxime
1246 5651 1367 5689 eum
1391 5651 1420 5688 a
1463 5634 1613 5687 laicis
1633 5635 1894 5699 religiosis

306 5727 437 5781 v’ris
467 5736 521 5779 et
559 5727 778 5789 sciatur,
813 5735 868 5780 et
893 5727 1242 5781 custodienda
1291 5741 1407 5780 esse
1437 5724 1678 5778 ducatur.
1716 5725 1894 5792 Nuper

304 5816 706 5876 Mairuiﬁanus
733 5818 872 5876 ﬁhus
913 5827 1096 5878 noster
1127 5833 1289 5889 agens
1328 5819 1382 5875 in
1406 5817 1564 5881 rebus
1597 5817 1892 5887 cujusmodi

1953 526 2142 581 clarat.

1956 633 2107 699 Quod
2135 635 2184 688 lii
2223 637 2308 705 qui
2337 637 2391 688 in
2440 635 2757 710 presbyterio
2793 638 2930 710 ﬁlios
2963 640 3252 710 genuerint,
3295 643 3544 694 remorari

2481 707 2544 758 ab
2576 707 2740 776 ofﬁcio
2765 707 3001 761 debeant.

2027 813 2263 870 XXXIII.
2311 816 2410 883 Qui
2451 818 2566 872 zelo
2599 818 2721 873 ﬁdei
2757 835 2822 873 ac
2875 818 3172 890 disciplima
3203 821 3397 877 ductus
3437 840 3544 877 non

1955 910 2158 979 patitur
2179 907 2472 964 Ecclesiam
2504 910 2667 978 pollui
2690 910 2756 964 ab
2785 910 3016 978 indignis
3038 913 3384 983 presbyteris,
3410 930 3546 982 quos

1957 999 2012 1053 in
2041 998 2374 1068 presbyterio
2404 998 2540 1052 ﬁlios
2566 998 2760 1053 asserit
2785 1013 3126 1070 procreasse,
3155 1002 3306 1071 quod
3349 1018 3456 1055 non
3485 1002 3542 1054 lio

1960 1105 2084 1144 ccre
2110 1105 2459 1159 exponerem,
2485 1091 2585 1144 nisi
2607 1105 2822 1147 nossem
2851 1100 3084 1146 vestram
3117 1093 3455 1162 prudentiam
3479 1093 3554 1148 le-

1959 1178 2039 1247 gis
2076 1179 2239 1232 totius
2280 1178 2476 1232 habcre
2509 1180 2776 1233 notitiam.
2808 1179 2872 1232 Et
2902 1179 3042 1245 ideo,
3077 1180 3266 1236 fratres
3293 1182 3545 1237 charissi-

1960 1271 2056 1337 mi,
2111 1269 2271 1322 libelli
2301 1270 2391 1338 qui
2436 1271 2707 1338 subjectus
2749 1281 2837 1325 est
2895 1280 3079 1324 tenore
3108 1280 3411 1342 perspecto,
3458 1287 3553 1326 eos

1961 1358 2051 1427 qui
2094 1357 2220 1411 talia
2274 1367 2618 1427 perpetrasse
2659 1359 2911 1414 dicuntur
2959 1360 3217 1428 jubebitis
3263 1361 3316 1413 in
3371 1361 3551 1415 medio

1965 1448 2241 1514 collocari,
2274 1449 2638 1519 discussisque
2661 1449 3057 1518 objectionibus
3086 1464 3203 1518 qua:
3232 1450 3360 1520 ipsis
3411 1466 3553 1521 pres-

1965 1537 2168 1608 byteris
2217 1539 2604 1608 impinguntur,
2649 1540 2692 1594 si
2718 1541 2964 1596 convinci
2994 1542 3287 1611 potuerint,
3313 1556 3341 1594 a
3372 1556 3554 1596 sacer-

1965 1630 2133 1684 dotali
2159 1640 2538 1685 removeantur
2565 1632 2766 1686 oflicio.
2798 1633 2933 1698 Quia
2955 1634 3045 1702 qui
3075 1635 3243 1688 sancﬁ
3296 1649 3402 1688 non
3431 1645 3556 1687 sunt

1967 1729 2153 1774 sancta
2187 1730 2418 1776 tractare
2463 1738 2567 1776 non
2600 1731 2844 1794 possunt,
2876 1733 3036 1792 atque
3065 1725 3225 1778 alieni
3255 1722 3554 1778 efﬁciantur

1887 1803 1934 1862 B
1962 1824 1990 1862 a
2041 1810 2338 1864 ministerio
2363 1813 2506 1879 quod
2538 1813 2766 1866 vivendo
2805 1813 2988 1867 illicite
3038 1814 3360 1882 polluerunt.
3393 1813 3554 1867 Mira-

1965 1918 2086 1956 mur
2114 1913 2291 1956 antem
2322 1904 2435 1958 hace
2459 1919 2646 1958 eorum
2677 1904 3015 1959 dissimulare
3046 1905 3348 1975 episcopos,
3380 1914 3556 1960 utaut

1967 1994 2276 2058 conhiberv,
2303 2003 2394 2047 aut
2423 1995 2634 2049 nescire
2659 2008 2778 2049 esse
2808 1995 2990 2050 illicita
3017 1995 3344 2065 judicentur.

2077 2106 2225 2172 Quod
2247 2117 2358 2179 post
2380 2109 2732 2232 ptenitentin‘rln
2768 2110 2938 2191 nullus
2969 2111 3130 2180 possit
3159 2111 3227 2163 ad
3256 2111 3448 2164 clerum

2645 2195 2676 2232 a
2719 2188 2872 2232 mtttt.

2645 2188 2872 2233 admitti.

2037 2289 2274 2346 XXXIV.
2313 2291 2660 2348 Innocentius
2689 2291 2939 2363 Agapito,
2995 2291 3308 2347 Macedonio
3355 2303 3410 2348 et
3437 2291 3552 2347 Ma-

1966 2380 2120 2434 riano
2150 2381 2418 2451 episcopis
2444 2380 2650 2450 Apulis.

2040 2472 2204 2526 Multa
2234 2473 2287 2526 in
2321 2473 2594 2541 provincia
2616 2481 2792 2527 vestra
2822 2481 3010 2527 contra
3032 2487 3269 2528 canones
3297 2474 3552 2528 ecclesia-

1963 2562 2130 2617 sticos
2157 2561 2478 2630 decretaque
2506 2561 2766 2630 majorum
2791 2562 3035 2630 usurpari
3066 2578 3094 2614 a
3119 2562 3360 2630 plurimis
3385 2572 3439 2616 et
3467 2579 3554 2617 re-

1965 2652 2195 2706 lationes
2216 2652 2569 2718 diversorum,
2601 2660 2658 2706 et
2703 2651 3076 2720 suggestiones
3107 2650 3376 2706 ﬁdissiime
3407 2662 3553 2706 retu-

1965 2743 2170 2811 lerunt,
2194 2759 2312 2813 quae
2333 2743 2544 2812 quidem
2567 2741 2960 2812 possentfacile
2976 2743 3228 2809 resecari,
3253 2743 3294 2798 si
3315 2743 3551 2813 cpiscOpi

1974 2833 2028 2887 in
2057 2833 2141 2888 his
2170 2849 2277 2888 non
2308 2832 2674 2886 invenirentur
2699 2840 2966 2886 auctores.
3005 2832 3106 2897 Qui
3135 2831 3258 2886 dum
3290 2844 3381 2885 aut
3407 2835 3545 2887 ami-

1965 2923 2083 2986 cis,
2134 2931 2228 2977 aut
2271 2921 2694 2991 obsequentibus
2733 2922 2959 2990 gratiam
2989 2930 3243 2991 prmstare
3289 2923 3552 2988 nituntur,

1969 3013 2290 3081 religionem
2319 3013 2544 3078 violant,
2576 3013 2900 3083 ordinesque
2927 3022 3308 3083 corrumpunt,
3362 3029 3426 3069 ac
3478 3014 3557 3070 sic

1969 3105 2152 3160 evenit
2203 3113 2262 3160 ut
2290 3105 2492 3175 indigni
2512 3105 2712 3174 quique
2740 3105 2973 3160 honores
2993 3105 3285 3174 suscipiant
3304 3107 3556 3160 ecclesia—

1969 3196 2156 3260 sticos,
2187 3204 2241 3251 et
2260 3195 2613 3250 admittantur
2637 3194 2705 3250 ad
2733 3194 2958 3260 elerum,
2981 3195 3071 3263 qui
3098 3209 3198 3249 nec
3227 3195 3364 3249 inter
3391 3196 3558 3251 laicos

1969 3289 2187 3360 quidem
2239 3287 2456 3355 dignum
2503 3286 2681 3342 locum
2732 3287 2934 3341 habere
2978 3293 3347 3349 mererentur,
3401 3286 3557 3341 sicuti

1971 3393 2113 3431 nunc
2141 3375 2268 3431 dato
2296 3375 2452 3430 nobis
2478 3374 2662 3429 libello
2703 3381 3060 3428 monstratum
3109 3382 3212 3441 est,
3258 3373 3556 3428 Modestum

1971 3467 2255 3538 quemdam
2283 3466 2462 3521 multis
2501 3466 2814 3520 criminibus
2843 3465 3138 3519 involutum
3158 3507 3173 3531 ,
3200 3475 3419 3538 propter
3441 3481 3558 3535 qum

1972 3558 2134 3612 etiam
2170 3555 2541 3624 pceuitcntiam
2587 3556 2765 3622 egisse
2811 3555 3025 3620 dicitur,
3057 3570 3162 3608 non
3195 3555 3367 3609 solum
3399 3556 3557 3610 cleri-

1972 3660 2093 3700 cum
2121 3642 2390 3710 effectum,
2421 3643 2564 3712 quod
2591 3659 2699 3697 non
2726 3643 2869 3709 licet,
2915 3657 3103 3697 verum
3129 3643 3292 3697 etiam
3323 3643 3390 3696 ad
3432 3644 3552 3712 epi-

1971 3741 2226 3803 scopatus
2246 3732 2456 3802 apicem
2487 3731 2728 3795 tendere,
2755 3746 2876 3786 cum
2899 3745 3136 3785 canones
3156 3730 3297 3798 apud
3325 3730 3555 3784 Niemam

1973 3823 2253 3879 constituti
2281 3822 2602 3892 pmnitentes
2623 3822 2784 3876 etiam
2808 3822 2874 3874 ab
2897 3821 3091 3876 inﬁmis
3120 3820 3312 3877 ofﬁciis
3339 3822 3560 3878 clerico-

1973 3931 2093 3969 rum
2123 3913 2430 3970 excludant.
2458 3913 2524 3967 Et
2553 3913 2691 3977 ideo,
2725 3913 2917 3968 fratres
2935 3902 3255 3982 charissimi,
3276 3922 3561 3985 perspecto

1978 4013 2167 4058 tenore
2197 4003 2360 4057 libelli
2400 4017 2523 4057 eum
2548 4002 2804 4072 jubcbitis
2852 4004 3192 4071 praesentari,
3226 4019 3290 4059 ac
3341 4005 3385 4057 si
3431 4019 3561 4059 vere

1976 4095 2276 4148 constiterit
2303 4095 2465 4148 talem
2493 4093 2708 4163 qualem
2737 4093 2948 4149 libellus
2984 4093 3232 4158 afﬁrmat,
3261 4112 3365 4150 non
3385 4096 3560 4150 solum

1979 4185 2047 4238 ab
2073 4185 2368 4240 ambitione
2397 4185 2757 4255 episcopatus,
2790 4184 2887 4240 sed
2915 4186 3077 4240 etiam
3107 4202 3137 4240 a
3163 4187 3446 4242 clericatus
3474 4202 3561 4242 re-

1982 4284 2260 4330 moveatur
2284 4275 2481 4330 ofﬁcio.

1981 4387 2059 4440 Ile
2109 4387 2324 4441 Bubalio
2364 4399 2414 4440 et
2461 4387 2757 4454 Tauriana,
2790 4389 3050 4442 damnatis
3091 4407 3123 4442 a
3159 4389 3563 4457 provincialibus

2052 4459 2320 4527 cpismpis,
2352 4473 2566 4527 quarunt
2609 4459 2918 4512 sententiam
2968 4459 3112 4515 sedes
3161 4462 3446 4527 apostolica
3476 4478 3562 4515 re-

2053 4537 2273 4580 tractare
2304 4527 2518 4580 intrarit.

2053 4637 2267 4694 XXXV.
2308 4638 2652 4694 Innocentius
2683 4639 2839 4704 Rufo,
2893 4639 3186 4707 Gerontio,
3236 4641 3564 4712 Sophronio,

1986 4727 2260 4794 Flaviano,
2287 4727 2616 4794 Macedonio,
2639 4727 2941 4796 Prosdotio,
2966 4739 3022 4784 et
3049 4730 3274 4785 Aristece
3297 4733 3564 4802 episcopis

1986 4837 2084 4890 per
2120 4819 2486 4874 Macedoniam
2542 4820 2864 4874 constitutis.
2915 4819 3064 4874 Mora
3122 4821 3567 4890 coepiscoporum

1989 4919 2295 4965 nostrorum
2339 4908 2645 4963 Maximiani
2676 4918 2732 4962 et
2757 4909 3000 4975 Eumeni,
3030 4910 3112 4964 vel
3142 4911 3318 4980 potius
3370 4911 3570 4980 impor-

1990 5001 2188 5054 tunitas
2217 5008 2517 5068 temporum
2547 4997 2673 5053 fecit
2707 5007 2764 5052 ut
2800 5015 2897 5054 vos
2941 4999 3206 5054 iteraretis
3245 4999 3312 5053 de
3345 4999 3570 5056 Bubalio

1989 5100 2044 5145 et
2071 5090 2339 5144 Tauriano
2370 5090 2777 5160 querimoniam,
2810 5099 2866 5143 et
2893 5106 2989 5144 nos
3017 5091 3210 5144 iterum
3241 5091 3292 5144 in
3323 5091 3572 5148 homines

1991 5179 2379 5250 perditissimos
2409 5179 2806 5247 insurgeremus
2843 5179 2937 5234 sed
2972 5187 3029 5232 ut
3057 5194 3272 5248 possum
3298 5180 3570 5249 pauciori-

1994 5273 2094 5327 bus
2116 5271 2292 5326 verbis
2314 5270 2577 5325 malorum
2602 5279 2871 5325 tantorum
2903 5271 3150 5326 imitabor
3171 5271 3569 5339 compendium,

1995 5373 2050 5417 ct
2093 5362 2320 5417 striCtim
2353 5376 2472 5429 qua:
2514 5361 2567 5413 in
2617 5361 2887 5414 volumine
2932 5361 3229 5414 litterarum
3276 5369 3574 5414 vestrarum

1999 5454 2366 5523 conspexerim
2390 5453 2713 5507 rctractabo.
2739 5451 2912 5506 Grave
2938 5469 3044 5506 non
3068 5455 3238 5522 potuit
3261 5454 3427 5507 videri
3452 5455 3578 5522 piis-

1999 5545 2145 5600 simis
2175 5545 2442 5598 mentibus
2471 5544 2660 5597 vestris
2706 5543 3073 5611 eujuscunque
3120 5547 3402 5600 retractari
3429 5547 3576 5615 judi-

2000 5635 2300 5702 cium,quia
2324 5634 2520 5686 veritas
2549 5633 2814 5700 exagitata
2844 5635 3037 5701 smpius
3061 5637 3229 5701 magis
3257 5636 3583 5704 Splendeseit

2002 5729 2053 5779 in
2108 5727 2242 5789 luce,
2293 5733 2345 5777 et
2403 5723 2663 5791 pernicies
2692 5735 2938 5777 revocata
2993 5725 3042 5777 in
3079 5724 3340 5791 judicium
3370 5729 3584 5793 gravius

2001 5823 2052 5869 ct
2081 5816 2197 5872 ξλιξο
2225 5813 2537 5884 pmnientia
2555 5813 2968 5882 condemnatur,
2993 5830 3115 5870 nam
3141 5815 3344 5871 fructus
3371 5817 3580 5872 divinus
