4104 6474
1774 274 2130 336 DIONYSIUS
2170 266 2494 328 EXIGUUS.
3679 252 3747 308 ΕΞ

494 421 576 469 est
605 414 867 483 iustitiam
888 424 1079 480 smptus
1110 403 1398 471 reecnseri,
1423 401 1615 454 fratres
1632 395 1950 452 charissimi.
1976 391 2079 447 Vc-
2109 394 2159 453 Α
2187 399 2438 444 recursus
2473 394 2674 483 vacuus
2711 376 2900 483 officio.
2919 383 3106 481 nostro
3127 389 3251 431 esse
3281 388 3389 483 non
3424 372 3613 483 debuit
3686 386 3787 444 per

494 481 621 557 tum—
650 502 780 560 illud
808 502 964 557 video
1013 496 1245 551 movisse
1290 493 1499 546 animos
1546 495 1774 550 vestros,
1823 482 1972 552 quod
2024 481 2082 535 in

503 597 682 651 multis
703 591 954 648 Bubalius
981 600 1125 656 smpe
1147 582 1373 639 fallaciis
1403 579 1771 649 deprehensus
1817 571 2082 643 obiecerit

502 683 830 755 exemplaria
867 680 1111 735 ﬁctarum
1147 674 1301 745 quasi
1346 688 1378 726 a
1403 670 1561 725 nobis
1589 669 1890 723 litterarum
1915 682 1929 718 :
1958 679 2079 719 eum

503 791 599 845 pro
621 768 1013 828 consuetudine
1044 763 1282 822 hominis
1328 759 1463 815 nihil
1491 757 1635 829 quod
1672 755 1942 827 proferret
1968 755 2080 845 jam

503 844 609 920 Iide
655 860 1024 931 dignissimum
1064 854 1358 912 videretur.
1390 851 1496 906 Sed
1524 849 1745 904 sileatur
1771 860 1932 901 omne
1974 844 2086 914 jam

502 956 570 1011 de
600 954 691 1008 tali
717 951 936 1023 negotio
956 963 1219 1011 murmur,
1251 952 1307 999 et
1335 940 1566 998 convicti
1595 936 1796 993 diaboli
1841 935 1941 1006 ipsi
1986 949 2086 988 an-

504 1045 696 1099 helitus
724 1041 1169 1111 comprimantur.
1197 1032 1582 1104 Subiunximus
1611 1037 1794 1083 autem
1822 1025 1905 1080 his
1938 1023 2087 1094 prio-

505 1151 590 1190 res
620 1135 846 1197 litteras,
871 1146 1005 1202 quas
1033 1145 1132 1200 per
1153 1132 1481 1182 memoratos
1507 1121 1788 1191 episcopos
1810 1116 2083 1189 miseram;

474 1205 697 1296 {quibus
726 1226 801 1280 ita
821 1224 1060 1293 plenaria
1081 1217 1347 1276 sententia
1383 1221 1689 1270 nostrorum
1714 1222 1967 1265 sensuum
1989 1204 2088 1259 de-

503 1320 714 1387 signata
735 1324 837 1380 est,
862 1323 922 1369 ut
949 1313 1077 1368 dum
1102 1307 1420 1377 relcgeritis,
1442 1304 1574 1359 nihil
1602 1301 1931 1369 ambiguum,
1958 1296 2088 1352 nihil
2110 1377 2115 1381 θ

474 1383 477 1399 i
504 1383 892 1477 requirendum
919 1404 972 1456 in
1001 1403 1104 1458 hac
1129 1414 1291 1455 causa
1318 1397 1386 1453 de
1412 1402 1608 1451 caetero
1636 1391 1915 1464 repetatis.
1941 1388 2090 1443 lianc

507 1505 690 1551 autem
741 1493 1049 1563 paginulam
1104 1500 1344 1545 nostram
1401 1483 1686 1541 sollicitius
1745 1479 2089 1537 credentibus

506 1583 776 1653 episcopis
805 1580 1144 1650 relegendam
1199 1578 1426 1642 mittite,
1470 1583 1530 1629 ut
1555 1573 1731 1628 sciant
1781 1570 2089 1642 plenissime

505 1674 633 1743 quid
659 1673 728 1729 sit
754 1672 820 1728 de
846 1670 1068 1726 Bubalio
1123 1678 1179 1724 et
1206 1668 1494 1732 Tauriauo,
1516 1663 1839 1731 emterisque
1864 1661 2087 1732 provin-

2189 482 2383 541 charos
2408 477 2555 532 enim
2579 474 2817 529 salutare
2855 470 3199 528 charissimos
3226 466 3475 527 naturale
3521 465 3780 537 quodam.

2190 573 2351 629 modo
2399 560 2554 643 (ubis
2583 565 2798 621 videtur
2834 571 2893 618 et
2930 574 3290 629 consequens.
3321 555 3570 612 Gaudere
3611 556 3776 625 igitur

2190 668 2243 720 in
2275 662 2500 721 Omnino
2528 665 2764 716 vestram
2790 654 3199 726 germanitatem
3242 649 3596 706 amantissimi
3630 650 3777 719 cupi-

2191 772 2327 819 mus,
2361 762 2417 810 et
2443 767 2542 824 pro
2569 750 2730 808 nobis
2778 747 2929 817 paria
2975 745 3044 801 ad
3088 745 3257 801 Deum
3295 752 3423 799 vota
3476 742 3779 813 rependere

2190 859 2494 913 precamur,
2518 842 2663 913 quia,
2690 848 2748 894 ut
2772 838 2914 893 bene
2942 835 3143 901 nostis,
3193 832 3569 891 communibus
3615 840 3674 887 et
3699 832 3778 886 al-

2190 937 2358 992 ternis
2406 934 2524 1004 plus
2569 932 2775 1001 agimus
2819 927 3175 993 orationibus,
3221 916 3783 995 quam'singularibus

2189 1037 2284 1082 aut
2311 1023 2552 1095 privatis.

2189 1140 2268 1192 Ad
2294 1138 2562 1191 Julianam
2592 1133 2813 1190 nobilem
2860 1133 3088 1214 ejusdem
3118 1147 3267 1205 papa:
3305 1131 3500 1199 scripta
3527 1129 3783 1185 exhorta—

2900 1213 3054 1258 toria.

2260 1295 2500 1351 XXXIX.
2542 1294 2826 1364 Singulare
2853 1292 3151 1348 membrum
3202 1290 3454 1346 Ecclesiae
3508 1298 3611 1345 tum
3661 1289 3781 1346 reli-

2190 1390 2363 1459 gionis
2389 1387 2794 1458 amplitudinem
2824 1384 3076 1450 existere,
3109 1392 3166 1439 et
3193 1399 3221 1438 a
3250 1383 3406 1438 nobis
3450 1383 3781 1438 reverentis-

2190 1483 2324 1537 sime
2355 1481 2461 1536 coli
2501 1480 2632 1535 satis
2658 1487 2741 1533 est
2769 1477 3017 1532 omnibus
3042 1475 3403 1531 manifestum.
3435 1475 3491 1529 In
3521 1475 3638 1545 ipso
3668 1474 3782 1544 api-

2191 1587 2254 1627 ce
2281 1571 2426 1625 cnim
2453 1568 2750 1624 nobilitatis
2770 1566 2941 1621 multo
2970 1565 3287 1621 nobiliorem
3317 1563 3572 1619 Ecclesiae
3611 1564 3781 1620 devo-

2193 1663 2394 1716 tionem
2410 1659 2699 1731 impendis,
2721 1665 2778 1714 ct
2802 1656 2972 1725 magis
2995 1656 3115 1710 laeta
3142 1655 3341 1711 Christi
3360 1653 3631 1723 agnitione
3653 1669 3781 1724 prm-

506 1764 818 1829 ciarum,ut
843 1766 1079 1826 servent,
1108 1758 1201 1827 qui
1248 1756 1394 1824 digni
1421 1754 1788 1815 admonitione
1815 1760 1958 1819 sunt,
2000 1767 2089 1807 ca-
2123 1756 2164 1814 Β
2194 1752 2366 1820 ceptis
2413 1749 2529 1820 ejus
2576 1749 2939 1818 obtemperas,
2971 1747 3106 1802 etin
3145 1744 3249 1800 fide
3295 1747 3477 1815 potius
3520 1744 3780 1810 exsultas,

506 1868 686 1909 verea
710 1850 922 1916 talibus,
955 1834 1178 1904 ne’talia
1203 1847 1512 1902 sortiantur.

791 1963 870 2020 De
904 1961 1139 2017 terminis
1167 1961 1377 2014 minime
1403 1939 1798 2029 transferendis.

583 2074 811 2131 XXXVI.
858 2072 1200 2129 Innocentius
1229 2054 1507 2126 Florentio
1552 2067 1809 2139 episcopo
1851 2065 2087 2121 Tiburti-

510 2167 679 2223 nensi.

580 2255 699 2309 Non
727 2253 915 2320 semel,
946 2251 1040 2308 sed
1069 2249 1357 2319 aliquoties
1385 2248 1583 2304 clamat
1610 2247 1885 2318 Scriptura
1908 2245 2087 2301 divina

509 2347 531 2418 (
560 2346 712 2400 Deut.
763 2360 855 2398 XIX
884 2352 933 2397 et
981 2358 1160 2407 xxvu;
1200 2339 1441 2394 I’roverb.
1474 2340 1626 2410 χιιι)
1677 2338 1951 2395 transferri
1980 2353 2090 2394 non

515 2443 771 2507 oportere
812 2433 1077 2488 terminos
1118 2447 1149 2486 a
1179 2431 1419 2502 patribus
1448 2430 1771 2486 constitutos
1803 2449 1815 2483 :
1847 2429 1971 2499 quia
1994 2444 2090 2483 ne-

510 2527 589 2579 fas
614 2533 698 2579 est
725 2523 771 2578 si
797 2521 941 2592 quod
980 2521 1117 2576 alter
1160 2537 1377 2591 semper
1405 2520 1724 2590 possederit,
1755 2520 1893 2576 alter
1942 2520 2089 2575 inva-

508 2619 620 2684 dat,
642 2615 785 2688 quod
814 2621 959 2669 tuam
988 2613 1283 2668 bonitatem
1309 2612 1476 2667 frater
1502 2620 1557 2666 et
1605 2612 1960 2681 coepiscopns
1985 2626 2087 2666 uo-

508 2714 618 2759 ster
641 2702 807 2761 Ursus
826 2702 1018 2757 asserit
1043 2711 1400 2773 perpetrasse.
1414 2700 1547 2755 Nam
1568 2699 1958 2754 Nomentanam
1977 2699 2090 2753 sive

511 2793 856 2849 Felieiensem
886 2791 1198 2860 parochiam
1227 2789 1293 2844 ad
1320 2804 1473 2863 suam
1500 2787 1777 2853 dimensim
1822 2802 1855 2841 a
1879 2786 2091 2854 maiori-

510 2887 609 2941 bus
636 2886 992 2955 pertinentem
1014 2882 1273 2936 invasisse
1304 2889 1373 2946 te,
1405 2887 1567 2948 atque
1594 2878 1705 2933 illic
1732 2878 1911 2933 divina
1945 2879 2092 2934 cele-

516 2978 699 3029 brasse
733 2971 989 3044 mysteria
1022 2969 1326 3027 inconsulto
1348 2968 1538 3025 eodem
1566 2983 1631 3022 ac
1659 2968 1958 3036 nesciente,
1978 2984 2087 3023 non

510 3068 629 3120 sine
656 3063 844 3118 dolore
890 3069 1217 3131 conquestus
1255 3067 1359 3119 est.
1391 3057 1545 3126 Quod
1572 3059 1618 3115 si
1638 3073 1824 3114 verum
1845 3068 1946 3125 est,
1978 3074 2087 3115 non

2193 1859 2354 1913 quam
2385 1843 2519 1897 tanti
2545 1842 2757 1910 generis
2784 1839 2917 1895 flore
2941 1839 3181 1908 iactaris.
3204 1838 3439 1893 Summa:
3461 1837 3676 1892 virtutis
3700 1845 3781 1893 est

2193 1933 2383 1988 vicisse
2410 1931 2637 1999 gloriam
2667 1929 2864 1993 carnis,
2905 1936 2961 1983 ct
2992 1941 3204 1996 magna:
3230 1934 3315 1981 est
3360 1924 3559 1980 Christi
3596 1926 3781 1994 gratim

2193 2023 2530 2079 nobilitatem
2560 2020 2801 2076 moribus
2845 2033 3150 2089 superasse,
3197 2016 3415 2073 domina
3454 2016 3559 2070 tilia
3584 2017 3785 2073 merito

2192 2113 2431 2169 iliustris.
2457 2110 2619 2167 Certa
2650 2109 3077 2179 igiturexistens,
3108 2107 3783 2177 (ﬂuctissimaﬁittehujus

2192 2220 2525 2274 qurecunqne
2582 2210 2712 2258 sunt
2755 2202 2927 2271 spatia
2978 2199 3197 2255 internis
3232 2199 3534 2267 divinisque
3587 2198 3785 2254 ofﬁciis

2194 2297 2463 2352 illustrare
2490 2294 2775 2362 contende,
2836 2304 2896 2348 ut
2943 2294 3035 2364 qui
3087 2292 3352 2360 insignem
3407 2300 3462 2347 te
3505 2293 3779 2362 prmatitit,

2192 2386 2383 2440 reddat
2407 2385 2509 2441 sibi
2548 2400 2644 2454 per
2672 2384 2869 2439 srecula
2899 2383 3202 2438 clariorem.

2289 2496 2370 2549 Ad
2389 2494 2650 2549 Aurelium
2677 2496 2967 2564 episcopum
2993 2491 3326 2563 Carthaginis
3355 2484 3419 2547 de
3447 2493 3678 2550 Pascha.

2263 2584 2379 2641 XL.
2422 2586 2761 2641 Innocentius
2789 2584 3028 2638 Aurelio.

2265 2677 2557 2732 Charitatis
2580 2684 2780 2731 nostra:
2810 2674 3044 2729 cilicium
3078 2674 3224 2728 nullo
3265 2673 3548 2730 intervallo
3574 2675 3778 2731 dirimi-

2193 2775 2300 2834 tur,
2331 2767 2540 2822 etiamsi
2568 2766 2755 2821 charta
2800 2765 2975 2820 nullos
3024 2765 3204 2835 apices
3245 2765 3399 2819 ferat.
3444 2765 3588 2820 Vivit
3635 2767 3782 2822 enim

2192 2858 2449 2929 Spiritalis
2473 2858 2646 2926 gratia
2681 2857 2904 2912 alternis
2935 2857 2987 2911 in
3019 2856 3297 2924 cordibus,
3327 2863 3382 2912 et
3408 2872 3649 2914 amorem
3681 2876 3774 2915 no-

2191 2956 2362 3004 strum
2393 2946 2645 3003 confovet
2672 2945 3027 3001 sacerdotalis
3060 2945 3172 3017 ipsa
3203 2946 3455 3001 societas.
3489 2945 3622 3001 Cum
3647 2964 3777 3019 ergo

2193 3039 2466 3107 indignum
2492 3047 2574 3092 est
2598 3037 2856 3093 unitatem
2876 3034 3132 3092 Ecclesia:
3163 3052 3268 3092 non
3298 3036 3580 3103 custodiri,
3610 3038 3775 3093 idem-

513 3155 707 3211 levitcr
729 3162 781 3209 te
803 3152 1097 3208 incurrisse
1125 3164 1443 3218 cognoscas,
1474 3149 1615 3204 unde
1640 3148 1687 3204 si
1713 3149 1984 3206 dedicare
2003 3165 2086 3205 eu-

2195 3146 2300 3202 que
2342 3133 2531 3187 omnes
2570 3129 2773 3200 pariter
2817 3137 2874 3183 et
2910 3129 3204 3184 sentiamus
3244 3136 3299 3183 et
3343 3130 3776 3198 pronuntiemus,

512 3245 596 3315 pis
620 3250 777 3298 tantm
798 3241 1162 3311 usurpationis
1183 3239 1459 3306 invidiam,
1478 3239 1678 3299 nostris
1696 3239 1888 3296 litteris
1902 3239 2090 3294 admo-

513 3336 684 3391 nitum
736 3341 789 3389 te
832 3332 1086 3388 convenit
1136 3331 1447 3386 abstinere:
1474 3341 1628 3387 certe
1673 3333 1721 3386 si
1765 3331 1965 3403 aliquid
1995 3331 2093 3386 tibi

512 3424 687 3480 credis
709 3422 931 3493 justitiae
950 3422 1228 3492 sutlragari
1273 3422 1491 3492 integris
1520 3423 1787 3489 omnibus,
1816 3431 1874 3479 et
1900 3424 1952 3478 in
1980 3422 2092 3494 pri-

512 3512 659 3568 stino
675 3520 819 3573 statu
846 3511 1207 3577 manentibus,
1239 3520 1362 3581 post
1387 3512 1502 3567 dies
1525 3513 1845 3568 venerabilis
1872 3512 2090 3569 Pascha:

511 3602 703 3660 adesse
749 3603 989 3669 debebis,
1022 3612 1080 3658 ut
1126 3604 1443 3658 memoratis.
1485 3604 1660 3674 possis
1708 3604 2092 3661 intentionibus

511 3692 861 3762 respondere,
889 3693 1236 3763 partibusque
1280 3693 1337 3748 in
1385 3693 1565 3749 medio
1612 3694 1913 3762 collocatis,
1962 3694 2090 3763 quid

512 3781 804 3852 antiquitas
822 3790 917 3836 aut
946 3782 1142 3836 veritas
1168 3781 1364 3836 habeat
1390 3781 1740 3851 inquiramus.

514 3892 577 3948 Si
603 3893 751 3963 cujus
780 3908 915 3947 umor
942 3894 1098 3963 fuerit
1141 3893 1363 3949 abducta
1400 3894 1455 3951 in
1484 3894 1851 3963 captivitatem,
1883 3902 1935 3948 et
1959 3896 2090 3949 atte-

582 3977 698 4034 ram
733 3964 949 4034 maritus
991 3964 1263 4034 acceperit,
1312 3972 1591 4018 reuertente
1637 3965 1830 4034 prima,
1865 3966 2091 4019 secunda

586 4032 770 4085 mulier
798 4031 945 4086 debet
970 4031 1197 4088 excludi.

585 4121 847 4177 XXXVII.
888 4121 1231 4183 Innocentius
1259 4124 1455 4181 Probo.

585 4214 937 4270 Couturbatio
952 4216 1202 4286 procellae
1220 4216 1515 4272 barbarica:
1542 4215 1781 4271 facultati
1813 4217 1987 4286 legum
2018 4217 2093 4271 in-

513 4306 636 4360 tulit
661 4321 866 4370 casum,
898 4320 1022 4360 nam
1049 4307 1188 4361 bene
1229 4306 1525 4362 constituto
1570 4306 1915 4362 matrimonio
1954 4306 2094 4360 inter

513 4395 831 4450 Fortunium
851 4403 907 4449 et
932 4392 1124 4450 Ursam
1139 4396 1471 4466 captivitatis
1498 4397 1742 4453 incursus
1770 4397 1968 4452 fucerat
1990 4411 2092 4450 na:-

2192 3222 2357 3277 I'rater
2385 3221 2718 3287 charissime,
2738 3219 2833 3274 has
2857 3232 2958 3288 ego
2980 3218 3188 3274 litteras
3209 3219 3275 3273 de
3296 3220 3506 3275 ratione
3533 3220 3775 3288 paschali

2192 3311 2433 3376 alterius,
2462 3310 2586 3366 dico
2616 3308 2779 3363 futuri
2809 3309 2956 3377 anni,
2988 3308 3298 3380 perscripsi.
3327 3307 3459 3362 Nam
3489 3325 3608 3365 cum
3653 3317 3779 3364 autc

2191 3400 2332 3456 diem
2365 3417 2416 3454 XI
2439 3400 2540 3455 cal.
2567 3398 2828 3469 Aprilium
2854 3413 2994 3470 pene
3009 3398 3145 3453 luna
3184 3399 3251 3452 16
3298 3399 3582 3467 colligatur
3628 3403 3777 3470 (nam

2192 3490 2464 3560 quippiam
2495 3489 2671 3545 minus
2699 3488 2829 3559 est),
2856 3488 3095 3559 itemque
3122 3489 3177 3544 in
3219 3498 3346 3545 ante
3397 3490 3538 3544 diem
3568 3505 3620 3545 ιν
3671 3491 3778 3545 cal.

2192 3583 2505 3638 earumdem
2530 3583 2712 3637 veniat
2758 3581 2849 3650 ‘25,
2880 3581 3183 3637 existimavi
3224 3596 3276 3635 x1
3323 3581 3423 3636 cal.
3457 3590 3777 3636 memorata-

2192 3690 2311 3729 rum
2340 3673 2427 3729 die
2455 3674 2590 3729 festa
2621 3675 2894 3744 paschalia
2926 3673 3248 3730 celebranda
3280 3691 3292 3726 :
3328 3675 3583 3742 quoniam
3612 3674 3666 3730 in
3703 3672 3778 3729 ‘25

2192 3762 2316 3817 luna
2339 3763 2542 3817 nullum
2565 3761 2768 3817 Pascha
2794 3777 3028 3832 unquam
3057 3770 3182 3818 ante
3209 3764 3314 3819 hoc
3344 3761 3549 3818 Pascha
3578 3763 3779 3819 factum

2193 3867 2312 3907 esse
2358 3853 2750 3921 cognoscimus.
2817 3851 3110 3907 Sententiae
3156 3867 3290 3906 mea:
3335 3853 3561 3922 exposui
3613 3860 3778 3923 atque

2197 3942 2341 3997 edixi
2387 3948 2680 4006 tenorem;
2722 3941 2832 4011 jam
2880 3941 3177 4012 prudentiae
3220 3941 3325 3995 erit
3377 3949 3499 4003 tute,
3557 3956 3774 3997 censor:

2193 4034 2324 4088 mihi
2355 4033 2535 4097 frater,
2600 4047 2720 4087 cum
2752 4032 3021 4087 unanimis
3057 4039 3115 4088 et
3160 4031 3637 4089 consacerdotibus
3680 4047 3781 4088 no—

2195 4123 2322 4179 stris
2350 4122 2491 4176 hanc
2518 4123 2688 4191 ipsam
2716 4136 2831 4176 rem
2862 4121 2915 4176 in
2944 4121 3152 4192 synodo
3178 4122 3580 4192 religiosissima
3608 4130 3779 4178 retra-

2197 4220 2366 4277 ctare,
2397 4220 2455 4267 ut
2482 4212 2528 4266 si
2556 4211 2688 4266 nihil
2732 4211 3074 4284 dispositioni
3101 4220 3302 4269 nostrae
3329 4214 3576 4278 resultat,
3627 4215 3784 4270 nobis

2194 4304 2500 4376 plenissime
2543 4312 2837 4375 aperteque
2904 4305 3167 4361 rescribas
3191 4345 3207 4371 ,
3263 4320 3372 4376 quo
3428 4307 3783 4362 deliberatam

2195 4396 2502 4466 paschalem
2531 4395 2672 4450 diem
2697 4395 2810 4465 jam
2841 4396 3033 4452 litteris
3081 4406 3209 4453 ante
3255 4406 3314 4453 ut
3339 4399 3505 4454 moris
3531 4408 3618 4455 est
3664 4416 3778 4456 ser-

513 4500 662 4552 vum,
702 4484 805 4540 nisi
833 4491 1020 4539 sancta
1048 4485 1322 4554 religionis
1349 4495 1547 4542 statuta
1568 4486 1935 4557 providerent.
1957 4484 2091 4541 Cum
2122 4490 2170 4550 Ι)
2196 4488 2426 4542 vandam
2476 4502 2577 4543 suo
2624 4497 2866 4563 tempore
2912 4490 3342 4559 prmseribamus.
3376 4490 3780 4563 Compresbyte-

512 4574 657 4628 enim
688 4573 743 4628 in
783 4573 1095 4643 captivitate
1122 4575 1378 4645 praedicta
1409 4574 1542 4631 Ursa
1568 4576 1761 4631 mulier
1791 4582 2087 4642 teneretur,

510 4662 656 4718 aliud
679 4663 986 4734 coniugium
1010 4680 1132 4721 cum
1160 4665 1425 4723 Restituta
1446 4667 1734 4722 Fortunius
1760 4673 2093 4722 memoratus

514 4754 676 4810 inisse
707 4755 1072 4824 cognoscitur.
1118 4755 1229 4813 Sed
1250 4756 1434 4814 favore
1463 4758 1673 4814 Domini
1701 4774 1919 4815 reversa
1949 4756 2087 4813 Ursa

512 4858 612 4898 nos
640 4843 792 4913 adiit,
817 4850 870 4899 et
890 4845 1037 4900 nullo
1057 4843 1318 4903 diffitente
1338 4862 1560 4902 uxorem
1581 4862 1640 4903 se
1667 4848 1950 4902 memorati
1971 4863 2093 4905 esse

512 4932 817 5003 perdocuit.
848 4932 1045 5002 Quare,
1076 4936 1292 4992 domine
1320 4936 1392 4991 lili
1421 4937 1613 4992 merito
1643 4937 1882 5007 illustris,
1908 4940 2095 4995 statui-

511 5037 657 5093 mus,
685 5021 790 5080 ﬁde
817 5023 1083 5079 catholica
1103 5025 1428 5097 suﬂ‘ragante
1468 5027 1596 5082 illud
1622 5043 1741 5083 esse
1761 5029 2089 5099 coniugium,

496 5114 659 5183 ’quod
678 5122 798 5169 erat
825 5115 1072 5187 primitus
1109 5118 1281 5186 gratia
1316 5118 1496 5173 divina
1542 5119 1820 5176 fundatum
1856 5138 2091 5179 conven-

512 5214 736 5274 tumque
763 5205 1015 5261 secundm
1038 5207 1299 5274 mulieris,
1330 5209 1511 5283 priore
1536 5214 1825 5281 superstite
1842 5256 1858 5283 ,
1889 5229 1991 5272 nec
2011 5215 2092 5272 di-

515 5297 691 5361 vortio
702 5297 896 5367 ejecta,
913 5297 1061 5354 nullo
1084 5307 1243 5369 pacto
1270 5315 1428 5371 posse
1454 5316 1574 5359 esse
1594 5302 1910 5374 legitimum.

513 5411 598 5463 Ad
624 5409 887 5467 Aurelium
912 5411 1411 5494 partliaginienmt,
1429 5424 1491 5494 ,ει
1520 5416 1865 5494 Augustinum
1894 5420 2091 5494 Hippo-

583 5496 793 5601 ;ielnsem
839 5483 1105 5552 episcopos
1125 5484 1318 5553 scripta
1357 5483 1666 5542 salutatoria
1710 5489 1867 5559 plena
1917 5483 2091 5547 chari—

608 5566 637 5600 α
662 5566 708 5601 e.

608 5566 708 5602 ate.

584 5638 870 5697 XXXVIII.
925 5642 1264 5701 Innocentius
1286 5645 1508 5706 Aurelio
1558 5658 1613 5706 et
1639 5651 1938 5721 Augustino
1982 5655 2089 5724 epi-

513 5732 710 5804 scopis.
724 5733 1095 5815 Acceptissimi
1123 5739 1253 5795 mihi
1282 5738 1533 5800 Germani
1555 5747 1978 5820 comprcsbyteri
1997 5749 2087 5809 ille

2193 4592 2312 4632 ritu:
2344 4585 2526 4632 autem
2545 4576 2950 4646 Archidamum,
2981 4581 3227 4650 quamvis
3268 4582 3511 4639 noverim
3538 4583 3685 4652 quod
3722 4584 3779 4640 li-

2191 4667 2508 4723 bentissime
2547 4682 2613 4723 ac
2658 4682 2812 4724 more
2855 4670 3120 4743 suscipias
3173 4682 3454 4739 consueto,
3504 4682 3681 4739 tamen
3707 4688 3771 4732 ex

2192 4756 2588 4815 abundantibus
2631 4758 2847 4828 postulo
2911 4768 2973 4817 ut
3032 4775 3159 4821 eum
3180 4796 3183 4799 ι
3205 4762 3348 4819 inter
3407 4771 3530 4821 tuos
3576 4764 3778 4824 habere

2613 4942 2695 4996 De
2714 4943 3033 4999 Antiocle
3061 4944 3317 5001 Ecclesia.

2192 4846 2448 4918 digneris.
3622 4902 3627 4909 .
3656 4918 3673 4923 _

2613 4942 2695 4996 De
2714 4943 3033 4999 Antiochena
3061 4944 3317 5001 Ecclesia.
3601 4922 3839 5091 Δ*

2269 5029 2401 5084 XLI.
2442 5031 2789 5088 Innocentius
2820 5033 3102 5090 Bonifacio
3125 5036 3464 5107 presbytero.

2266 5118 2508 5177 Ecclesia
2537 5121 2904 5190 Antiochena,
2934 5138 3096 5193 quam
3135 5126 3443 5197 priusquam
3491 5128 3558 5185 ad
3587 5131 3771 5187 urbem
3820 5157 3825 5162 -

2194 5211 2501 5281 perveniret
2521 5211 2748 5267 Romam
2772 5214 2963 5269 beatus
3003 5215 3281 5285 apostolus
3308 5214 3501 5273 Petrus
3527 5235 3624 5275 sua
3647 5235 3773 5292 prte-

2196 5302 2371 5357 sentia
2413 5303 2718 5370 illustravit,
2744 5306 2892 5360 velut
2914 5318 3171 5376 germana
3198 5306 3454 5366 Ecclesiae
3485 5310 3739 5369 Romanae
3756 5356 3771 5381 ,

2194 5392 2287 5448 diu
2311 5409 2370 5450 se
2398 5396 2466 5451 ab
2494 5396 2683 5452 eadem
2714 5398 2944 5453 alienam
2988 5414 3110 5456 esse
3157 5416 3264 5457 non
3294 5417 3453 5472 passa
3498 5412 3615 5471 est;
3648 5422 3774 5463 nam

2194 5483 2369 5539 missis
2396 5484 2587 5555 legatis
2617 5486 2686 5541 ita
2716 5503 2903 5559 pacem
2952 5489 3241 5560 postulavit
3275 5500 3334 5548 et
3386 5495 3601 5562 meruit,
3633 5505 3693 5550 ut
3720 5508 3775 5556 et

2193 5569 2524 5641 Evagrianos
2546 5575 2655 5631 suis
2682 5578 2979 5645 ordinibus,
3009 5594 3073 5636 ac
3099 5580 3233 5638 locis
3272 5583 3591 5640 intemerata
3629 5587 3774 5644 ordi-

2192 5663 2411 5720 natione
2458 5681 2619 5735 quam
2686 5682 3015 5740 acceperant
3080 5689 3113 5728 a
3174 5686 3475 5734 memorato
3534 5680 3771 5751 suscipe.

2193 5765 2333 5845 rent,
2373 5768 2423 5814 ct
2465 5758 2684 5820 Joannis
2720 5774 2920 5821 sancta:
2953 5766 3229 5825 memoriae
3283 5769 3366 5828 vel
3404 5771 3636 5830 clericos
3685 5778 3769 5835 vel
