4104 6478
322 294 425 349 255

1340 287 1711 345 COLLECTIO
1749 284 2219 344 DECRETOIiilM
2271 289 2370 345 PP.
2418 290 2530 345 RR.

3490 304 3559 358 9-5
3568 307 3599 363 (θ

323 411 486 465 laieos
534 407 586 461 iu
621 421 783 460 unum
822 404 1101 472 colligeret
1143 414 1303 473 atque
1351 412 1725 473 congregaret.
1781 402 1905 455 Pro-
1934 400 1981 458 Α
2013 409 2092 454 ter
2111 402 2377 459 destinata
2405 406 2505 459 sibi
2550 407 2857 473 rogaverint
2884 408 3172 464 redhiberi.
3205 411 3593 482 Exspcctamus

320 498 534 555 mittens
556 498 719 568 ipsius
740 496 971 553 civitatis
990 496 1296 566 cpiscopus,
1314 496 1479 548 frater
1503 511 1653 548 meus
1674 494 1900 546 Alexan-

318 597 439 660 der,
465 592 679 646 etiamsi
725 590 846 661 quis
876 576 1012 645 forte
1057 588 1140 641 vel
1184 603 1212 639 a
1244 586 1398 641 nobis
1444 586 1529 641 vel
1566 585 1780 640 aliunde
1811 600 1902 654 po-

318 683 559 741 sterioris
587 680 944 737 ordinationis
972 679 1039 733 ad
1067 676 1293 733 eosdem
1343 676 1649 740 advenerit,
1700 690 1759 730 se
1787 677 1902 730 sine

320 776 685 833 controversia
708 780 1073 843 recepturum,
1107 786 1172 825 ac
1199 786 1395 826 nomen
1425 769 1665 840 episc0pi
1691 783 1902 823 memo-

318 868 421 923 rati
449 867 590 921 inter
617 864 959 934 quiescentes
981 877 1264 932 episcopos
1293 862 1643 915 recitaturum
1669 879 1681 913 :
1714 860 1797 915 cui
1819 859 1901 916 rei

320 973 419 1011 nos
457 956 669 1011 noverit
716 953 994 1009 tradidisse
1022 966 1231 1017 manus,
1284 948 1447 1004 frater
1484 950 1816 1017 charissime,
1847 959 1902 1005 et

319 1064 414 1117 eos
443 1049 495 1102 in
522 1056 704 1105 nostra
728 1045 935 1105 viscera
965 1043 1251 1114 recepisse,
1301 1058 1369 1097 ne
1400 1042 1489 1096 diu
1522 1043 1758 1098 membra
1781 1057 1899 1111 quae

318 1134 711 1209 requisiverant
756 1135 1072 1201 sanitatem,
1104 1135 1172 1190 ab
1221 1134 1427 1189 unitate
1455 1134 1699 1203 corporis
1728 1134 1898 1189 habe-

318 1241 507 1287 rentur
552 1228 745 1289 aliena.
794 1225 983 1283 Omnia
1031 1240 1159 1281 vero
1187 1238 1306 1292 qum
1335 1237 1431 1292 per
1458 1223 1701 1277 ordinem
1748 1229 1896 1291 gesta

316 1328 441 1376 sunt
491 1318 628 1377 filius
682 1331 832 1371 meus
877 1316 1135 1369 diaconus
1190 1311 1406 1379 Paulus,
1465 1313 1655 1367 harum
1691 1313 1899 1369 scilicet

316 1412 547 1483 portitor
573 1410 895 1473 litterarum,
928 1417 1030 1462 tuae
1068 1405 1343 1460 dilectioni
1373 1406 1574 1475 poterit
1602 1419 1854 1459 enarrare
1880 1423 1892 1457 :

317 1513 375 1557 ut
403 1516 459 1559 et
482 1502 732 1570 gaudium
776 1514 1063 1555 commune
1112 1498 1389 1553 nobiscum
1418 1498 1640 1562 habeas,
1695 1505 1752 1551 et
1799 1512 1895 1550 eos

315 1593 571 1649 informes
605 1592 697 1663 qui
732 1607 833 1663 pro
864 1590 1024 1645 Attici
1053 1590 1296 1659 partibus
1325 1588 1651 1643 intervenire
1676 1602 1896 1643 consue-

316 1693 528 1740 verum.

366 1798 447 1851 Ad
472 1796 826 1851 Alexandrum
854 1794 1229 1847 Antiochenam
1256 1793 1552 1860 episcomm
1581 1792 1647 1844 de
1671 1806 1815 1859 pace.

385 1906 542 1962 XLII.
581 1905 927 1961 Innocentius
954 1902 1257 1957 Alexandro
1280 1904 1555 1971 episcopo.

384 1997 556 2075 Quam
583 2005 737 2064 grata
770 1996 920 2059 mihi,
951 2008 1111 2064 quam
1150 1994 1259 2063 pia,
1289 2007 1451 2061 quam
1500 1991 1801 2048 necessaria
1829 1993 1898 2047 le-

308 2090 456 2157 gatio
483 2104 513 2142 a
544 2096 635 2141 tua
665 2086 975 2155 sanctitate,
1022 2084 1190 2140 frater
1218 2083 1554 2153 charissime,
1589 2083 1657 2139 ad
1696 2098 1796 2139 nos
1824 2084 1897 2138 di-

309 2189 456 2234 recta
490 2180 670 2245 fuerit,
709 2186 984 2247 gestorum
1026 2178 1265 2247 ipsorum
1304 2178 1655 2246 replicatione
1688 2192 1893 2245 cogno-

308 2284 454 2325 secs.
472 2270 655 2350 Voluit
673 2270 814 2329 cuitu
843 2269 1248 2343 compresbyter
1265 2276 1448 2325 noster
1458 2266 1743 2325 Cassianus
1760 2272 1896 2327 hanc

306 2363 667 2422 amicitiarum
696 2373 1000 2423 nostrarum
1026 2363 1332 2433 paginulam
1361 2377 1458 2432 per
1487 2364 1892 2433 comprcsbytc-

307 2471 431 2512 rum
481 2466 724 2514 nostrum
752 2454 1008 2519 Paulum,
1041 2453 1319 2509 Nicolaum
1350 2454 1668 2520 diaconum,
1702 2462 1754 2507 et
1804 2452 1897 2506 Pe-

309 2558 455 2602 trum
503 2547 923 2611 subdiaconum,
959 2545 1096 2601 ﬁlios
1144 2555 1383 2610 nostros,
1431 2545 1583 2613 quasi
1634 2545 1893 2614 primitias

308 2628 461 2707 pacis
509 2644 705 2694 nostra:
735 2636 1022 2693 conscribi.
1048 2635 1234 2691 Saluto
1262 2638 1447 2705 itaque
1486 2644 1543 2690 et
1574 2644 1716 2688 tuam
1765 2636 1893 2689 mihi

308 2731 365 2783 in
387 2730 602 2789 Christo
632 2729 1061 2799 germanitatcm,
1084 2736 1139 2782 et
1168 2743 1381 2782 omnem
1407 2726 1549 2780 illam
1573 2742 1691 2795 qua:
1717 2736 1891 2781 tecum

307 2828 420 2885 tam
461 2820 598 2873 bene
646 2819 810 2874 sentit
853 2817 1170 2881 Ecclesium,
1211 2834 1436 2885 nosque,
1486 2826 1545 2871 ut
1596 2817 1795 2880 facitis,
1840 2828 1893 2871 et

306 2910 656 2979 alloquamini
688 2919 814 2978 pcto
861 2909 1101 2967 crebrius
1132 2909 1344 2973 litteris,
1388 2918 1442 2962 et
1471 2909 1800 2977 frequentius
1828 2909 1893 2963 dc

307 3008 485 3055 vestra
518 2999 690 3055 salute
719 2998 1017 3055 lmtiiicetis.
1051 2999 1207 3054 Dabit
1235 3001 1375 3065 enim
1411 3002 1491 3071 (ut
1519 3000 1752 3070 confido)
1781 3001 1888 3057 Do-

307 3089 486 3142 minus
518 3091 683 3144 totius
704 3104 804 3143 nos
834 3090 1089 3159 praeteriti
1122 3091 1375 3160 temporis
1404 3091 1680 3163 dispendia
1711 3107 1891 3147 aman-
1918 3119 1965 3183 ϐ

308 3181 517 3236 tissime
538 3182 836 3236 litterarum
861 3182 1128 3250 colloquio
1157 3196 1461 3257 repensare.

529 3295 606 3357 De
631 3296 799 3361 Attico
826 3295 1396 3367 ConstantinOpolitano
1419 3298 1674 3370 episcOpo.

381 3406 557 3461 XLIII.
598 3407 943 3463 Innocentius
973 3408 1298 3464 Maximiano
1327 3402 1604 3481 episcopo.

380 3498 639 3551 Miramur
658 3497 996 3567 prudentiam
1026 3507 1169 3552 tuam
1199 3500 1399 3569 scripta
1429 3501 1494 3555 ad
1518 3502 1752 3557 Atticum
1785 3488 1906 3573 cpi--

308 3603 533 3657 scopum
582 3587 1192 3658 Constantinopolitame
1220 3590 1365 3645 urbis
1405 3606 1433 3644 a
1465 3592 1618 3646 nobis
1639 3601 1691 3645 ct
1714 3609 1892 3663 prose-

308 3679 527 3732 cutione
553 3679 795 3748 propria,
828 3686 885 3733 et
912 3678 1041 3733 dato
1073 3680 1272 3744 libello,
1306 3681 1397 3749 qui
1445 3682 1627 3735 subter
1649 3698 1889 3739 annexus

310 3778 413 3830 est,
440 3770 715 3838 postulare
747 3788 758 3822 :
785 3785 815 3823 a
837 3786 944 3839 quo
973 3786 1073 3825 nec
1103 3772 1291 3826 missas
1314 3773 1450 3826 ullas
1476 3774 1665 3829 saltem
1694 3776 1891 3842 episto-

310 3860 389 3914 las
410 3861 475 3913 ad
501 3876 599 3915 nos
626 3861 709 3915 vel
738 3860 806 3915 ad
834 3869 1069 3915 vestram
1091 3862 1355 3932 synodum
1391 3865 1572 3932 utique
1602 3865 1886 3936 pertulisti,

309 3952 473 4020 idque
518 3967 629 4006 non
682 3953 885 4021 petenti
915 3954 1147 4008 mstimes
1194 3955 1579 4009 tribuendum:
1630 3959 1771 4024 quod
1804 3958 1889 4013 dc-

308 4040 439 4095 bcas
484 4040 956 4109 deprecationibus
1009 4043 1249 4099 discussa
1301 4046 1511 4099 ratione
1550 4062 1882 4113 concessum,

306 4132 743 4185 communionem
814 4148 1075 4202 suspensa
1144 4136 1444 4189 restituitur
1497 4136 1891 4199 rimiionstranti

306 4237 498 4275 causas
537 4223 732 4291 quibus
752 4222 805 4277 id
835 4224 1053 4278 cederat
1072 4225 1183 4293 jam
1209 4241 1329 4281 esse
1353 4227 1612 4292 detersus,
1650 4238 1705 4282 et
1731 4230 1887 4298 proft-

305 4315 442 4366 tenti
470 4314 809 4369 conditiones
836 4318 985 4384 pacis
1010 4317 1275 4385 impletas.
1328 4316 1483 4382 Quod
1532 4334 1707 4386 neque
1745 4322 1889 4390 apud

304 4417 425 4467 vos,
480 4418 659 4472 neque
681 4404 824 4474 apud
851 4421 971 4473 nos,
1004 4414 1062 4459 ut
1081 4407 1318 4475 pnedixi,
1353 4408 1562 4463 Atticus
1590 4410 1764 4465 missis
1792 4411 1884 4464 alir

302 4496 501 4562 quibus
546 4512 764 4551 suorum
794 4498 879 4552 vel
932 4498 1112 4553 dicere
1160 4486 1345 4565 voluit,
1380 4501 1461 4554 vel
1515 4502 1884 4557 demonstrare
1913 4488 1961 4545 Ῐ)

303 4586 657 4655 completum.
706 4588 1168 4653 Quemadmodum
1232 4589 1581 4645 Antiochense
1629 4590 1884 4646 Ecclesiae

301 4679 478 4732 ffater
506 4686 564 4732 et
599 4679 961 4748 coepiscopus
993 4688 1181 4734 noster
1208 4680 1513 4736 Alexander
1539 4682 1696 4750 digna
1748 4682 1888 4750 lega-

302 4769 455 4823 tione
481 4777 538 4824 et
557 4778 874 4839 prosecutus
898 4779 999 4836 est,
1023 4778 1077 4825 et
1106 4773 1367 4841 probavit,
1400 4773 1597 4841 quibus
1639 4774 1887 4828 omnibus

300 4860 490 4929 utique
517 4861 780 4917 interesse
806 4860 1059 4931 dignatus
1083 4865 1405 4931 cognovisti,
1434 4864 1885 4933 quemadmodum

300 4952 635 5019 singillatim,
653 4955 831 5008 omnia
847 4956 1177 5024 scriptorum
1206 4965 1512 5012 nostrorum
1544 4966 1670 5012 ante
1699 4960 1799 5012 hac
1820 4958 1887 5013 de

301 5058 466 5097 causa
492 5043 787 5099 beatissimi
805 5043 1046 5113 Joannis,
1072 5048 1341 5115 quondam
1368 5050 1669 5118 coepiscOpi
1696 5050 1886 5114 nostri,

300 5134 672 5190 discusserim.
706 5145 875 5205 utque
900 5137 974 5191 illi
1025 5138 1081 5191 in
1129 5139 1383 5195 omnibus.
1428 5140 1557 5194 satis
1612 5140 1887 5195 evidenter

299 5226 729 5283 monstravertnt
774 5227 1020 5282 universa
1059 5243 1180 5297 quce
1227 5230 1365 5298 apud
1396 5231 1741 5286 Antiochiam
1770 5231 1886 5288 fieri

297 5317 608 5384 debuerint,
642 5316 806 5375 fuisse
857 5321 1146 5391 completa.
1192 5322 1432 5388 Quorum
1482 5323 1767 5391 amplcxati
1799 5340 1886 5393 pa-

299 5424 425 5463 cem
450 5410 636 5478 utique
662 5410 820 5465 fidem
850 5410 1094 5476 fecimus,
1122 5420 1177 5466 et
1204 5427 1454 5482 magnum
1485 5413 1751 5467 tramitem
1775 5429 1884 5467 om-

300 5500 464 5553 nibus
519 5500 767 5554 eamdem
816 5502 1165 5570 postulaturis
1213 5502 1583 5557 ostendimus:
1626 5504 1671 5557 si
1724 5504 1883 5559 modo

297 5607 421 5659 qua:
449 5591 685 5647 discussa
716 5601 840 5648 sunt
870 5602 1031 5663 atque
1057 5598 1345 5664 completa,
1376 5597 1537 5650 etiam
1570 5597 1671 5665 ipsi
1702 5612 1758 5651 se
1787 5613 1883 5667 pro

298 5699 401 5737 suo
430 5684 551 5737 loco
581 5682 775 5739 fecisse
803 5683 887 5737 vel
939 5686 1233 5754 complesse
1285 5684 1569 5752 aliquando
1614 5695 1882 5740 monstra-

300 5778 501 5845 verint,
535 5778 1094 5847 communionemque,
1128 5786 1185 5831 ut
1216 5777 1301 5833 isti
1332 5777 1599 5847 legatione
1629 5777 1881 5833 solemur

1923 1756 1972 1817 B

2003 506 2133 558 ergo
2180 500 2233 547 et
2262 492 2651 563 professionem
2694 500 2979 553 memorati
3012 499 3080 553 de
3112 503 3393 571 completis
3422 508 3593 559 omni-

2003 582 2101 637 bus
2118 584 2536 654 conditionibus,
2561 600 2694 654 quas
2724 587 2951 643 diversis
2982 593 3317 661 temporibus
3345 595 3592 662 pnedixi-

2001 688 2140 739 mus,
2166 683 2217 727 ct
2240 676 2552 743 petitionem
2576 678 3001 733 communionis:
3029 689 3087 734 ut
3114 691 3264 736 recte
3298 692 3353 737 et
3383 687 3586 754 petenti

2001 772 2057 818 et
2105 766 2353 834 probanti
2411 780 2470 821 se
2525 767 2768 821 eamdem
2824 772 3020 825 mereri
3076 773 3392 841 reddamus,
3426 772 3592 829 frater

2001 854 2332 925 charissime.
2356 854 2490 909 Nam
2515 856 2583 911 de
2611 858 2859 913 omnibus
2888 860 3225 928 plenissimas
3254 862 3319 916 ad
3347 872 3588 919 sanctam

1999 942 2226 997 fratrum
2276 952 2589 1000 nostrorum
2640 949 2903 1017 synodum
2944 949 3143 1004 dudum
3202 951 3410 1008 litteras
3465 969 3591 1023 per—

1999 1034 2206 1103 cepisti.
2297 1101 2299 1103 ι

2121 1144 2253 1198 Item
2282 1146 2581 1205 Alexandro
2607 1151 2846 1221 episcopo
2869 1153 3187 1209 Antiocheno
3217 1156 3278 1210 de
3306 1175 3453 1227 pace.

2070 1253 2252 1308 XLIV.
2277 1254 2571 1325 Apostolici
2602 1258 2799 1316 favoris
2826 1262 2998 1330 gratia
3017 1278 3213 1332 magno
3242 1267 3387 1335 pacis
3418 1283 3584 1337 usque

1998 1343 2068 1399 ad
2110 1361 2208 1401 nos
2238 1347 2433 1402 decore
2463 1349 2819 1417 resplenduit,
2854 1361 3167 1423 tantumque
3199 1356 3331 1410 lucis
3360 1359 3583 1424 gaudio-

1996 1451 2135 1502 rum,
2165 1453 2284 1506 qua:
2310 1438 2510 1501 iufulsit
2538 1439 2781 1497 fidelibus
2808 1461 2820 1495 :
2848 1452 2905 1495 ut
2932 1443 3173 1500 dicentes
3195 1446 3305 1501 Deo
3326 1450 3585 1502 maximas

1998 1524 2185 1581 laudes
2225 1529 2456 1596 majores
2486 1547 2583 1586 nos
2612 1532 2809 1587 debere
2837 1534 3119 1600 fateamur,
3151 1537 3377 1606 plusque
3402 1554 3431 1592 a
3474 1539 3583 1593 Deo

1991 1616 2273 1684 jocundati
2322 1635 2528 1686 sumus,
2574 1623 2716 1689 quod
2758 1624 3012 1680 discussis
3040 1628 3291 1684 omnibus
3330 1629 3585 1685 lateribus

1998 1708 2269 1769 actionum
2301 1717 2403 1765 tute
2433 1710 2810 1778 fraternitatis,
2852 1715 2924 1769 ita
2956 1724 3127 1773 totum
3151 1718 3352 1786 pietate
3398 1736 3462 1775 ac
3491 1737 3583 1790 pa-

2000 1800 2185 1854 tientia
2214 1810 2421 1868 gestum
2451 1805 2819 1871 cognovimus,
2856 1816 2915 1860 ut
2942 1808 2997 1861 in
3020 1810 3268 1864 omnibus
3298 1811 3582 1866 Dominum

1997 1888 2372 1954 laudat-emus,
2428 1907 2844 1965 successumque
2890 1898 3066 1966 ipsum
3116 1900 3237 1956 ideo
3285 1903 3582 1970 prmstituin

1999 1981 2105 2047 tuis
2147 1982 2421 2041 laboribus
2474 1985 2790 2053 videamus,
2843 1988 2990 2058 quod
3040 1996 3152 2044 tota
3196 1992 3390 2046 virtute
3436 1994 3582 2061 pacis

1998 2082 2209 2128 amator
2236 2076 2473 2131 existens
2501 2093 2622 2133 eam
2652 2079 2965 2149 requisitam
2997 2081 3284 2147 inveneris,
3312 2092 3367 2137 et
3396 2099 3579 2154 reper—

1996 2172 2106 2217 tam
2135 2180 2342 2220 sunnna
2369 2167 2635 2229 charitate
2675 2172 3003 2237 servaveris,
3048 2188 3168 2227 cum
3218 2190 3345 2244 erga
3374 2192 3581 2239 omnes,

2000 2261 2108 2313 tum
2131 2257 2397 2331 prrecipue
2420 2260 2567 2316 circa
2591 2258 2710 2317 illos
2734 2260 2825 2332 qui
2872 2260 3140 2332 quondam
3171 2260 3379 2341 Paulini
3422 2274 3582 2337 atque

1998 2348 2211 2419 Evagrii
2253 2354 2627 2423 episcoporum
2655 2357 2847 2413 consiti
2893 2357 3105 2415 fuerant
3133 2360 3364 2414 nomine.
3398 2359 3589 2417 Habeo

1997 2458 2260 2498 summam
2294 2454 2540 2501 votorum
2570 2464 2844 2518 meorum,
2892 2466 3011 2505 cum
3058 2452 3263 2520 antiqui
3294 2454 3429 2507 naevi
3458 2471 3581 2523 pur-

1996 2538 2143 2605 gatio
2201 2540 2306 2594 tuis
2348 2542 2677 2609 temporibus
2730 2544 2943 2614 tuisque
2989 2546 3196 2600 meritis
3240 2559 3578 2616 prorogatur.

2000 2626 2240 2692 Quorum
2282 2631 2443 2685 etiam
2472 2632 2593 2688 illos
2647 2634 2884 2703 ejusdem
2924 2638 3155 2691 nominis
3199 2638 3290 2704 qui
3335 2639 3391 2691 in
3431 2639 3581 2692 Italia

1998 2720 2191 2803 merita
2232 2722 2514 2778 clericatus
2559 2734 2913 2793 acceperant,
2964 2729 3147 2782 censui
3196 2728 3341 2783 bono
3386 2732 3581 2798 quietis

1997 2814 2223 2878 gratiam
2268 2814 2503 2869 retinere
2547 2825 2870 2887 susceptam.
2920 2816 2986 2873 Et
3032 2820 3158 2888 quia
3202 2829 3385 2877 noster
3430 2837 3580 2876 com-

1998 2902 2279 2970 presbyter
2291 2901 2579 2961 Cassianus
2600 2915 2809 2971 gratum
2828 2907 2961 2961 dixit
2984 2917 3085 2962 tute
3107 2908 3224 2963 fore
3256 2910 3579 2978 dignationi,

1998 2988 2050 3042 si
2072 3004 2195 3045 meo
2225 2992 2451 3048 consilio
2477 2994 2533 3048 in
2562 2996 2781 3051 civitate
2809 3005 2984 3051 vestra
3028 2998 3309 3054 clericatus
3338 3000 3579 3057 ordinem

1997 3080 2195 3139 ducere
2245 3094 2593 3141 censerentur
2619 3128 2634 3153 ,
2684 3089 2847 3143 statui
2895 3098 3116 3158 propter
3151 3090 3580 3147 benevolentiam

1999 3177 2167 3235 tuam.
2197 3174 2571 3241 Dromissaque
2589 3177 2893 3241 memorati,
2920 3187 2979 3230 ut
3000 3178 3138 3233 inter
3158 3187 3385 3235 ereteros
3412 3195 3583 3235 sacer-

1996 3259 2154 3316 dotes
2185 3261 2569 3332 ministrosque
2594 3265 2686 3332 qui
2729 3264 2784 3318 in
2813 3266 3034 3321 civitate
3053 3276 3196 3334 sunt,
3225 3284 3582 3325 annumeran-

1996 3360 2101 3417 tur,
2127 3352 2295 3408 frater
2314 3354 2649 3409 charissime.
2673 3355 2931 3411 Libenter
2949 3366 3206 3426 prmterea
3228 3359 3293 3416 de
3315 3360 3583 3429 episcopis

1994 3440 2204 3511 Elpidio
2259 3451 2423 3511 atque
2452 3443 2636 3513 Pappo
2664 3446 2914 3513 cognovi,
2961 3448 3105 3515 quod
3135 3448 3250 3502 sine
3284 3452 3582 3517 quastione

1992 3546 2117 3595 suas
2157 3530 2426 3587 Ecclesias
2456 3536 2915 3602 recuperaverint,
2950 3546 3004 3590 et
3042 3537 3269 3597 multum
3311 3539 3364 3592 in
3394 3542 3581 3608 gestis,

1993 3630 2053 3683 ut
2099 3621 2342 3690 subjecta
2392 3631 2697 3689 testantur,
2757 3626 3021 3681 sollicitus
3072 3627 3350 3695 inquisivi,
3404 3639 3581 3684 utrum

1993 3711 2241 3769 omnibus
2289 3721 2436 3767 esset
2484 3705 2883 3769 conditionibus
2926 3715 3259 3769 satisfactum
3309 3717 3362 3769 in
3415 3733 3576 3772 causa

1990 3800 2134 3862 beati
2182 3809 2235 3856 et
2281 3818 2409 3858 vere
2436 3802 2548 3857 Deo
2578 3804 2723 3872 digni
2762 3803 3057 3860 sacerdotis
3086 3802 3326 3859 Joannis.
3362 3804 3429 3857 Et
3458 3822 3579 3862 eum

1988 3905 2087 3958 per
2106 3892 2312 3963 singula
2343 3893 2570 3961 assertio
2600 3894 2898 3962 legatorum
2923 3910 2989 3949 ex
3016 3903 3143 3949 voto
3167 3895 3433 3963 completa
3459 3912 3578 3952 esse

1992 3982 2270 4050 fateretur,
2293 3984 2493 4052 gratias
2517 3997 2680 4051 agens
2710 3984 2937 4040 Domino
2957 3984 3386 4039 communionem
3404 3984 3579 4043 Eccle-

1990 4075 2085 4128 sia:
2128 4085 2319 4130 vestra:
2350 4076 2420 4129 ita
2450 4076 2653 4144 recepi,
2701 4084 2759 4130 ut
2787 4091 2894 4144 prae
2939 4092 3024 4129 me
3076 4073 3239 4128 feram
3268 4074 3577 4145 apostolica:

1988 4164 2128 4219 sedis
2156 4165 2552 4234 condiscipulos
2580 4165 2783 4234 primos
2812 4165 3024 4220 dedisse
3061 4165 3270 4219 caneris
3312 4165 3453 4219 viam
3483 4181 3577 4235 pa—

1988 4255 2064 4309 cis
2099 4273 2109 4307 :
2142 4255 2193 4307 in
2222 4270 2325 4323 qua
2360 4254 2595 4309 firmatos
2624 4270 2720 4308 vos
2760 4269 2963 4322 nosque
3002 4253 3214 4307 Domini
3253 4252 3455 4308 Christi
3496 4255 3567 4309 ita

1986 4345 2289 4414 benignitas
2319 4345 2733 4414 amplexabitur,
2764 4353 2928 4414 utque
2950 4344 3276 4408 communio,
3320 4354 3485 4414 atque
3514 4354 3576 4400 nt

1986 4436 2134 4492 nullo
2162 4437 2229 4490 de
2256 4444 2449 4490 caetero
2481 4434 2841 4500 titillamento,
2872 4434 2957 4488 vel
2978 4434 3082 4489 levi
3105 4433 3421 4504 cujusquam
3446 4451 3576 4490 con-

1991 4526 2245 4585 tentionis
2272 4526 2477 4596 pudore
2506 4525 2767 4595 pulsetur.
2798 4524 3011 4593 Scripta
3042 4534 3218 4579 autem
3248 4527 3427 4581 Acacii
3456 4528 3569 4597 cpi-

1990 4618 2161 4687 scopi,
2193 4618 2447 4687 quoniam
2478 4634 2598 4674 cum
2631 4618 2826 4674 vestris
2864 4628 2989 4673 sunt
3017 4628 3294 4686 porrecta,
3334 4622 3573 4691 suscepi-

1990 4725 2108 4764 mus
2142 4727 2155 4762 :
2184 4724 2252 4764 ne
2278 4725 2375 4779 per
2403 4718 2638 4764 vestram
2671 4710 2921 4779 injuriam
2948 4710 3058 4774 ille,
3088 4711 3180 4778 qui
3209 4711 3337 4766 olim
3360 4727 3388 4765 a
3422 4712 3578 4766 nobis

1990 4815 2285 4870 suspensus
2302 4801 2499 4869 fuerat,
2520 4801 2915 4870 repudiaretur,
2941 4808 2996 4853 et
3013 4807 3189 4855 tamen
3218 4802 3348 4857 satis
3363 4801 3575 4857 abunde

1992 4891 2045 4944 in
2076 4891 2208 4947 actis
2226 4882 2535 4955 ’statuimus,
2559 4889 2714 4946 sicuti
2741 4889 3025 4957 dignanter
3052 4890 3293 4958 relegere
3324 4906 3575 4959 procura—

1990 4980 2095 5045 bis,
2123 4979 2249 5047 quid
2282 4979 2334 5032 in
2365 4978 2480 5047 ejus
2503 4993 2729 5047 persona
2772 4977 2966 5033 debeat
3009 4976 3291 5043 custodiri,
3326 4986 3383 5031 ut
3410 4977 3452 5032 si
3476 4992 3572 5045 per

1992 5069 2172 5123 omnia
2197 5070 2385 5124 vestris
2413 5070 2652 5125 consiliis
2683 5070 2997 5137 actibusqne
3024 5076 3132 5121 tam
3161 5068 3361 5122 sanctis
3391 5084 3450 5127 se
3480 5084 3573 5123 ros
3635 5068 3641 5076 '

1991 5160 2195 5228 gaverit
2238 5174 2356 5215 esse
2394 5175 2757 5228 communem,
2807 5165 3091 5229 priestetur
3118 5158 3233 5212 seni
3264 5158 3446 5239 favore
3476 5174 3571 5213 ve-

1991 5260 2124 5314 stro,
2171 5259 2466 5320 nostroque
2488 5251 2694 5321 judicio
2725 5248 3149 5306 communionis.
3181 5263 3244 5303 ac
3273 5248 3577 5315 litterarum

1993 5357 2031 5409 ιι⁸
2052 5342 2206 5397 nobis
2234 5342 2402 5411 gratia
2430 5349 2737 5412 prorogata.
2769 5340 3212 5409 Subscripscrunt
3238 5337 3303 5391 ΞΟ
3336 5338 3572 5408 episcopi

1991 5432 2175 5485 Italiae.

2231 5522 2363 5577 Item
2391 5525 2687 5579 Alexandro
2716 5526 2951 5592 episcopo
2981 5524 3315 5578 Antiocheno.

1995 5614 2144 5678 Quod
2175 5616 2341 5683 prima
2372 5615 2515 5667 sedes
2547 5614 2678 5667 beati
2721 5612 2860 5665 Petri
2907 5613 3044 5674 apud
3092 5614 3413 5669 Antiochiam
3463 5631 3574 5668 esse

2618 5692 2941 5735 memoratur.

2067 5776 2221 5832 XLV.
2270 5775 2329 5829 Iit
2363 5793 2495 5832 onus
2544 5784 2595 5832 ct
2629 5776 2799 5831 honor
2844 5775 2996 5831 nobis
3055 5792 3082 5828 a
3115 5783 3203 5829 tua
3237 5774 3569 5829 fraternitate
