4104 6470
484 320 590 376 255

486 439 766 508 impositus
796 437 1078 491 necessarii
1113 443 1371 488 tractatus
1410 449 1600 487 causas
1642 432 1848 486 induxit
1893 449 1903 482 :

485 530 698 597 litteris,
731 528 812 581 vel
843 526 1254 581 COIIltI'IOIIIlOI‘lO
1285 535 1488 592 vestro,
1539 531 1596 577 ut
1626 523 1717 576 dat
1744 521 1913 575 sancti
1943 520 2064 588 Spi-

488 621 620 672 riius
644 618 810 686 gratia
829 659 842 681 ,
895 616 1226 685 respondere
1253 615 1543 685 possimus.
1577 613 1935 668 Revolvcntes
1963 610 2065 663 ita-

484 725 590 776 que
612 707 986 761 auctoritatem
1017 705 1242 760 Nicanue
1263 706 1473 776 synodi,
1496 719 1614 775 qua:
1635 719 1794 757 unam
1826 701 2067 756 omnium

485 814 580 866 per
611 799 796 851 orbem
843 805 1106 850 terrarum
1138 805 1378 851 mentem
1427 797 1662 865 explicat
1699 791 2061 857 sacerdotum,

481 902 600 957 qua}
630 887 836 940 censuit
865 886 932 940 de
961 887 1296 942 Antiochena
1315 886 1552 942 Ecclesia
1574 886 1779 942 cunctis
1802 883 2063 945 fidelibus,

481 993 550 1031 ne
580 976 806 1030 dixerim
835 976 1206 1030 sacerdotibus
1233 991 1351 1032 esse
1383 975 1744 1030 necessarium
1773 972 2062 1036 custodire,

463 1059 586 1162 (qua
617 1084 776 1137 super
817 1067 1094 1122 dimcesim
1129 1083 1279 1121 suam
1309 1067 1614 1136 pragdictam
1640 1064 1929 1120 Ecclesium
1960 1078 2065 1118 non

481 1172 645 1226 super
685 1156 920 1225 aliquam
967 1155 1300 1224 provinciam
1340 1155 1774 1221 recognoscimus
1803 1153 2068 1206 constitu-

483 1257 616 1301 tum.
656 1245 807 1300 Unde
837 1246 1164 1299 advertimus
1195 1262 1302 1298 non
1333 1254 1441 1298 tam
1472 1261 1570 1314 pro
1611 1245 1845 1300 civitatis
1865 1243 2071 1311 magni-

485 1339 696 1394 ficentia
740 1341 842 1392 hoc
888 1337 1060 1392 eidem
1096 1339 1409 1391 attributum
1437 1378 1451 1398 ,
1501 1352 1661 1404 quam
1709 1335 1853 1403 quod
1898 1335 2070 1404 prima

483 1429 643 1497 primi
679 1427 908 1497 apostoli
941 1426 1097 1480 sedes
1126 1441 1246 1479 esse
1276 1434 1605 1479 monstretur
1625 1465 1640 1489 ,
1670 1425 1760 1478 ubi
1789 1434 1843 1478 ct
1874 1440 2071 1478 nomen

485 1519 696 1587 accepit
741 1517 928 1586 religio
958 1515 1266 1572 Christiana
1289 1559 1304 1583 ,
1349 1524 1405 1569 et
1432 1531 1550 1584 qua:
1581 1524 1903 1570 conventum
1935 1531 2069 1586 apo-

483 1611 741 1663 stolorum
765 1608 904 1678 apud
934 1624 993 1664 se
1025 1608 1136 1662 lieri
1158 1607 1567 1662 celeberrimum
1598 1608 1813 1670 meruit,
1844 1621 2070 1676 qumque

485 1702 630 1755 urbis
650 1701 832 1755 lloma:
858 1701 970 1756 sedi
1004 1717 1108 1755 non
1127 1700 1364 1768 cederet,
1393 1701 1496 1756 nisi
1519 1701 1662 1768 quod
1696 1700 1784 1753 illa
1814 1700 1867 1752 in
1896 1711 2069 1753 trans-

484 1792 560 1845 itu
591 1792 820 1855 meruit,
855 1791 952 1844 ista
1002 1799 1312 1860 susceptum
1343 1791 1483 1861 apud
1511 1807 1570 1846 se
1609 1801 2066 1845 consummatum-
2101 1787 2143 1844 ll

482 1898 588 1951 que
613 1883 828 1950 gaudet.
859 1883 1044 1951 Itaque
1074 1883 1422 1949 arbitramur,
1453 1881 1618 1937 frater
1639 1883 1973 1945 charissime,
2009 1891 2066 1936 ut

481 1976 622 2030 sicut
657 1975 1109 2044 metropolitanos
1153 1975 1477 2029 auctoritate
1515 1975 1730 2029 ordinas
1778 1975 2063 2043 singulari,

482 2068 562 2122 sic
589 2076 644 2121 et
670 2075 897 2122 cancros
933 2083 1037 2121 non
1067 2068 1184 2121 sine
1211 2067 1478 2136 permissu
1510 2069 1949 2136 conscientiaque
1977 2077 2063 2121 tua

481 2159 628 2213 sinas
656 2158 939 2227 episcopos
968 2157 1282 2226 procreari,
1334 2157 1386 2211 in
1427 2157 1619 2226 quibus
1662 2159 1801 2211 hunc
1847 2157 2063 2212 modum

483 2259 630 2304 recte
658 2250 918 2314 servabis,
945 2259 998 2301 ut
1028 2249 1184 2316 longe
1211 2251 1419 2318 positos
1448 2249 1638 2304 litteris
1663 2249 1802 2305 datis
1823 2249 2062 2303 ordinari

481 2355 706 2395 censeas
740 2339 806 2392 ab
853 2320 932 2393 his
977 2339 1067 2406 qui
1111 2355 1253 2393 nunc
1291 2355 1386 2392 eos
1426 2355 1525 2394 suo
1569 2347 1776 2393 tantum
1814 2340 2066 2392 ordinant

483 2429 774 2493 arbitratu;
804 2429 1010 2483 vicinos
1032 2439 1233 2494 autem,
1260 2429 1302 2482 si
1327 2431 1561 2484 aestimas
1584 2429 1648 2483 ad
1672 2443 1862 2484 manus
1893 2431 2062 2499 impo-

481 2520 731 2576 sitionem
762 2527 864 2573 tum
888 2519 1070 2587 gratire
1095 2528 1300 2573 statuas
1323 2521 1606 2590 pervenire
1633 2538 1646 2572 :
1673 2536 1900 2589 quorum
1919 2521 2060 2575 enim

481 2619 537 2664 te
576 2611 807 2662 maxima
837 2618 1115 2680 exspectat
1141 2627 1269 2665 cura
1293 2652 1308 2677 ,
1359 2611 1628 2681 praecipue
1672 2620 1819 2666 tuum
1865 2611 2064 2665 debent

481 2701 675 2754 mereri
701 2700 983 2768 judicium.

481 2815 630 2880 Quod
665 2832 767 2870 non
785 2824 1031 2887 _oporteat
1059 2817 1340 2868 secundum
1374 2817 1652 2868 constituta
1697 2817 2063 2887 imperatorum

758 2885 886 2938 duos
911 2902 1021 2937 esse
1042 2887 1464 2953 metropolitano:
1495 2885 1778 2956 episcopos;

549 2974 731 3029 XLVI.
762 2973 895 3027 Nam
926 2973 1072 3044 quod
1113 2975 1436 3040 sciscitaris,
1467 2985 1647 3030 utrum
1677 2977 1860 3032 divisis
1890 2979 2060 3048 impe-

479 3066 599 3120 riali
617 3064 820 3134 judicio
850 3064 1157 3132 provinciis,
1192 3072 1250 3118 ut
1280 3063 1398 3119 dua:
1427 3068 1754 3138 metropoles
1784 3068 1935 3133 ﬁant,
1983 3071 2060 3125 sic

1759 314 2108 370 l‘itl-NYSIUS
2151 311 2465 366 EXIGlil'S.

1954 447 2061 500 quo
2093 429 2137 486 Α
2169 423 2554 494 plenitudinem
2587 431 2831 491 possunt,
2859 427 2977 492 qum
3004 423 3232 476 t'naxinn:
3257 423 3309 476 in
3332 424 3764 480 ordinationibus

3657 310 3770 365 9.56

2169 521 2452 582 operatur,
2487 528 2646 581 quam
2679 528 2773 580 per
2803 513 3094 581 impietatis
3119 528 3227 567 suae
3259 515 3534 583 perfidiam
3580 519 3763 586 potius

2167 621 2328 675 quam
2373 604 2529 660 fidem
2569 605 2836 668 dixerim,
2890 606 3257 676 perdiderunt.
3307 608 3589 674 Quomodo
3641 610 3760 665 ﬁeri

2170 705 2371 768 potest,
2404 707 2463 752 ut
2501 713 2689 752 eorum
2721 697 2976 767 profanos
3005 699 3314 753 sacerdotes
3343 701 3533 769 dignos
3562 701 3762 757 Christi

2169 791 2468 845 honoribus
2520 790 2864 856 arbitremur,
2907 805 3134 858 quorum
3183 791 3345 845 laicos
3391 792 3760 862 imperfectos,

2170 893 2228 939 ut
2250 883 2380 947 dixi,
2414 883 2479 936 ad
2507 883 2676 938 sancti
2707 883 2940 951 Spiritus
2972 883 3364 952 percipiendam
3386 884 3613 950 gratiam
3637 900 3758 938 cum

2166 973 2493 1044 patuiteutias
2522 973 2750 1040 imagine
2780 973 3141 1041 recipiamus?
3165 972 3410 1026 Gravitas
3438 973 3618 1042 itaque
3670 983 3758 1028 tua

2170 1064 2285 1118 lucc
2310 1063 2375 1116 ad
2402 1062 2648 1116 notitiam
2678 1063 3127 1131 coepiscoporum
3158 1063 3242 1115 vel
3269 1078 3363 1130 per
3385 1063 3646 1133 synodum
3667 1106 3682 1127 ,
3712 1064 3757 1120 si

2169 1161 2376 1222 potest,
2409 1152 2494 1205 vel
2524 1168 2618 1222 per
2646 1153 2832 1204 harum
2863 1152 3234 1205 recitationem
3263 1151 3423 1205 faciat
3453 1153 3755 1220 pervenire,

2170 1255 2231 1296 ut
2258 1258 2377 1311 qure
2404 1244 2516 1312 ipse
2558 1251 2663 1295 tam
2706 1243 3013 1297 necessario
3055 1251 3401 1310 percontatus
3432 1257 3521 1311 es,
3561 1253 3618 1298 et
3660 1258 3755 1297 nos

2172 1334 2391 1387 climate
2432 1332 2838 1402 respondimus,
2889 1333 3160 1386 communi
3201 1333 3437 1387 omnium
3485 1349 3752 1389 consensu

2173 1424 2460 1494 studioque
2489 1434 2791 1479 serventur.

2257 1563 2334 1617 De
2361 1573 2541 1618 amato
2569 1565 2776 1618 Joanne
2805 1562 3379 1635 Constantinopolitano
3400 1566 3660 1635 episcopo.

2244 1676 2472 1730 XLVIII.
2500 1676 2842 1743 Innocentius
2868 1677 3084 1743 Acacio,
3116 1676 3320 1730 Benene
3349 1678 3625 1746 episcopo.

2246 1765 2564 1836 Adgaudere
2614 1767 2806 1820 litteris
2861 1767 3247 1821 fraternitatem
3301 1776 3447 1822 tuam
3489 1767 3556 1822 de
3597 1782 3752 1822 rece-

2171 1860 2274 1929 ptis
2340 1857 2549 1912 Paulini
2643 1858 2727 1912 vel
2798 1856 3010 1926 Evagrii
3066 1859 3442 1929 episcoporum
3504 1858 3752 1927 clericis,

2169 1951 2532 2022 populisque,
2587 1959 2643 2005 et
2704 1949 2772 2005 de
2818 1951 3076 2005 restitutis
3130 1948 3337 2018 Elpidio
3399 1957 3559 2018 atque
3617 1947 3753 2020 Pap-

2169 2058 2239 2111 po
2279 2042 2618 2111 coepiscopis
2654 2041 3081 2111 percensuimus,
3117 2049 3171 2094 et
3217 2040 3301 2095 vel
3349 2055 3471 2096 sero
3515 2049 3754 2110 recepta:

2168 2134 2317 2201 pacis
2342 2135 2568 2201 gratiam
2600 2140 2652 2186 te
2684 2133 2868 2187 fovere
2896 2133 3195 2202 postposita
3225 2133 3372 2187 omni
3405 2133 3752 2188 contentione

2167 2226 2516 2296 pervidimus.
2571 2222 2722 2278 Unde
2752 2224 2849 2278 has
2878 2223 2944 2276 ad
2989 2223 3486 2293 praestantissimum
3533 2222 3750 2278 fratrem

2165 2326 2220 2370 et
2261 2315 2640 2385 coepiscopum
2669 2322 2912 2368 nostrum
2939 2313 3300 2368 Alexandrum
3321 2313 3619 2370 reddendas
3648 2321 3749 2368 tum

2169 2406 2559 2460 transmisimus
2587 2404 2948 2469 uuanimitati,
2979 2403 3228 2459 videlicet
3264 2412 3322 2456 ut
3355 2403 3401 2457 si
3434 2418 3622 2457 omnes
3651 2404 3747 2457 ini-

2165 2497 2402 2561 micitiae,
2428 2499 2604 2553 omnis
2625 2498 2900 2552 aemulatio
2925 2504 3031 2550 tam
3060 2495 3130 2550 de
3155 2496 3371 2551 nomine
3398 2496 3570 2551 sancti
3593 2494 3761 2549 Joan-

2165 2591 2250 2642 nis
2275 2587 2503 2641 mirandi
2527 2587 2791 2656 episcopi,
2813 2601 2972 2655 quam
2994 2586 3061 2641 de
3081 2585 3328 2641 omnibus
3348 2586 3585 2654 ejusdem
3607 2599 3748 2639 com-

2164 2678 2433 2733 munionis
2489 2676 2836 2746 participibus
2876 2691 2907 2730 a
2949 2684 3036 2729 tua
3095 2675 3435 2730 animositate
3481 2674 3749 2740 discessit,

2163 2772 2261 2826 has
2289 2778 2486 2825 nostra:
2515 2769 2790 2825 societatis
2829 2768 3057 2837 recipias
3096 2767 3320 2832 litteras,
3353 2766 3517 2820 frater
3544 2766 3748 2822 charis-

2160 2861 2316 2925 sime,
2362 2859 2522 2914 modo
2571 2867 2630 2912 ut
2657 2857 2838 2912 omnia
2879 2872 2999 2926 qua:
3028 2856 3114 2910 hic
3159 2856 3294 2911 actis
3350 2856 3554 2909 firmata
3597 2863 3746 2922 sunt,

2162 2952 2302 3022 apud
2332 2951 2683 3004 mediatorem
2709 2956 2954 3004 nostrum
2972 2947 3254 3002 amabilem
3271 2946 3630 3003 Alexandrum
3649 2961 3747 3001 ore

2161 3045 2400 3118 proprio,
2454 3050 2512 3097 ut
2536 3043 3023 3098 communicantem
3053 3043 3340 3106 convenit,
3389 3038 3624 3094 fatearis.
3677 3037 3747 3094 Ut

480 3155 590 3210 duo
619 3131 1019 3224 metropolitani
1063 3155 1304 3226 episcopi
1333 3157 1568 3212 debeant
1603 3131 1871 3214 nominari
1898 3131 2056 3216 anon
2085 3157 2130 3218 C
2161 3137 2306 3190 enim
2348 3136 2463 3190 hmo
2512 3134 2671 3189 "oms
2715 3131 3085 3188 "nanimimus
3118 3132 3535 3226 "dial-imusque.
3557 3144 3742 3226 _ca_u_s_a

478 3263 610 3316 ergo
634 3248 806 3303 visum
835 3255 919 3303 est
947 3249 1011 3303 ad
1043 3249 1395 3304 mobilitatem
1423 3253 1803 3308 necessitatum
1833 3256 2060 3311 munda-

480 3353 668 3394 narum
691 3338 783 3394 Dei
807 3337 1099 3394 Ecclesium
1123 3341 1463 3406 commutari,
1489 3341 1829 3412 honoresque
1858 3355 1952 3400 aut
1979 3331 2062 3400 di;-

481 3431 711 3484 visiones
732 3429 972 3498 perpeti,
996 3444 1130 3498 quas
1152 3445 1248 3498 pro
1271 3431 1381 3484 suis
1407 3431 1584 3486 causis
1605 3431 1878 3489 faciendas
1898 3435 2063 3492 duxe-

478 3521 550 3574 rit
595 3520 887 3588 imperator
937 3533 1113 3586 :ergo
1163 3519 1461 3574 secundum
1507 3522 1788 3592 pristinum
1835 3526 2057 3594 provin-

478 3609 679 3663 ciarum
728 3623 934 3662 morem
977 3610 1428 3679 metropoLtauos
1473 3614 1759 3684 episcopos
1805 3619 2057 3673 convenit

478 3701 766 3756 numerari.
799 3702 1024 3772 Cyprios
1052 3717 1182 3757 sane
1211 3705 1427 3772 asset-is,
1460 3708 1588 3761 olim
1629 3709 1840 3764 Ariana:
1868 3711 2058 3781 impie-

478 3794 602 3847 tatis
627 3795 867 3862 potentia
899 3795 1183 3862 fatigatos,
1228 3813 1336 3852 non
1365 3801 1600 3855 tenuisse
1629 3801 1870 3858 Nicenos
1893 3819 2058 3860 cano-

478 3899 574 3937 nes
629 3884 682 3936 in
730 3884 1042 3938 ordinandis
1088 3886 1189 3941 sibi
1240 3890 1543 3958 episcopis,
1594 3901 1649 3946 et
1677 3909 1846 3963 usque
1882 3895 2056 3950 adhuc

479 3973 677 4028 habere
706 3984 1106 4044 praesumptum,
1147 3984 1206 4030 ut
1233 3993 1331 4031 suo
1367 3979 1628 4035 arbitratu
1653 3983 1921 4049 ordinent,
1957 4001 2054 4040 ne-

478 4065 677 4118 miuem
706 4065 1048 4121 consulentes
1079 4085 1093 4120 :
1127 4069 1380 4137 quocirca
1417 4072 1808 4140 persuademus
1850 4077 1948 4143 eis,
1997 4089 2057 4134 ut

480 4165 667 4210 curent
681 4154 833 4224 juxta
855 4171 1120 4211 canonum
1146 4158 1301 4213 fidem
1323 4161 1646 4216 catholicam
1677 4179 1868 4234 sapere
1893 4175 2056 4236 atque

481 4260 645 4298 unum
691 4261 814 4299 cum
857 4248 1065 4302 caeteris
1092 4250 1292 4304 sentire
1332 4253 1653 4320 provinciis,
1696 4265 1756 4310 ut
1799 4266 2056 4326 appareat

479 4333 707 4400 Spiritus
735 4337 906 4389 sancti
936 4338 1104 4405 gratia
1148 4339 1293 4408 ipsos
1323 4355 1537 4412 quoque
1570 4352 1628 4400 ut
1657 4361 1846 4403 omnes
1875 4347 2056 4404 Eccle-

481 4424 589 4476 sias
609 4424 914 4491 gubernari.

485 4533 637 4620 Quod
673 4537 995 4620 Arianorum
1035 4544 1206 4598 clerici
1236 4563 1338 4620 non
1376 4550 1483 4620 sint
1521 4553 1832 4620 suscipiendi
1871 4555 1926 4608 in
1953 4558 2060 4611 suis

551 4605 756 4690 ofﬁciis,
779 4612 1008 4690 quamvis
1044 4628 1218 4690 eorum
1246 4615 1525 4690 baptisma,
1569 4605 1704 4690 quad

553 4684 772 4740 constat,
799 4678 1068 4746 conﬁrntet
1089 4678 1343 4738 Ecclesia.

552 4781 758 4839 XLVII.
776 4786 899 4840 Aria
908 4803 1004 4842 nos
1020 4800 1299 4858 pneterea,
1316 4805 1644 4866 czeterasque
1659 4798 1898 4871 ejusdem
1914 4804 2059 4860 modi

481 4883 681 4944 pestes,
731 4875 855 4944 quia
902 4891 1091 4932 eorum
1138 4879 1306 4937 laicos
1346 4898 1638 4942 conversos
1667 4889 1733 4943 ad
1773 4890 2058 4948 Dominum

479 4965 581 5019 sub
611 4965 840 5033 imagine
893 4969 1223 5036 pmnitentite
1279 4987 1343 5028 ac
1388 4977 1559 5031 sancti
1589 4977 1822 5048 Spiritus
1861 4987 2062 5041 sancti-

486 5054 734 5109 licatione
769 5071 865 5125 per
905 5073 1096 5113 manus
1125 5059 1521 5130 impositionem
1568 5070 1918 5139 suscipimus,
1953 5091 2062 5129 non

484 5142 698 5198 videtur
717 5146 940 5202 clericos
961 5163 1147 5203 eorum
1179 5167 1300 5206 cum
1331 5157 1616 5211 sacerdotii
1649 5167 1743 5213 aut
1780 5144 2063 5219 ministerii

487 5236 780 5306 cujuspiam
798 5240 1070 5309 suscipere
1090 5241 1349 5310 dignitate
1368 5263 1380 5298 :
1405 5248 1658 5314 quoniam
1680 5251 1874 5318 quibus
1890 5253 2062 5306 solum

483 5325 745 5394 baptisma
775 5337 948 5383 ratum
979 5346 1097 5394 esse
1140 5335 1535 5405 permittimus,
1591 5341 1735 5407 quod
1782 5342 1966 5411 utique
2009 5344 2062 5398 iu

486 5417 702 5472 nomine
732 5417 921 5482 Patris,
967 5430 1021 5475 et
1049 5423 1186 5490 Filii,
1221 5434 1274 5479 ct
1303 5425 1534 5496 Spiritus
1557 5432 1725 5484 sancti
1753 5415 2060 5501 perficitur;

485 5519 585 5557 nec
606 5515 846 5560 sanctum
873 5509 1128 5578 Spiritum
1153 5529 1246 5568 eos
1270 5516 1471 5572 habere
1502 5534 1568 5573 ex
1598 5521 1687 5575 illo
1717 5522 2057 5590 baptismate,

486 5592 694 5660 illisque
723 5600 990 5666 mysteriis
1013 5603 1358 5672 arbitramur,
1387 5610 1638 5676 quoniam
1669 5627 1788 5665 cum
1822 5628 1850 5664 a
1877 5615 2063 5667 catho-

489 5687 584 5738 lica
622 5687 719 5740 lide
750 5705 936 5744 eorum
977 5705 1221 5748 auctores
1253 5697 1642 5766 desciscerent,
1677 5703 2062 5769 perh'ctionetu

487 5778 715 5850 Spiritus
754 5797 913 5852 quam
938 5796 1255 5855 acceperant
1289 5792 1609 5857 amiserunt,
1654 5810 1750 5850 nec
1794 5796 1916 5850 dare
1951 5793 2064 5866 ejus

2163 3228 2489 3284 venerabilis
2517 3235 2600 3281 est
2617 3268 2631 3291 ,
2676 3227 2754 3281 sic
2798 3226 3024 3280 inhzeret
3049 3224 3278 3281 sollicita
3297 3265 3312 3292 ,
3356 3239 3423 3277 ne
3449 3223 3573 3292 quid
3597 3222 3740 3277 obli-

2163 3334 2346 3388 quum,
2389 3327 2480 3373 aut
2524 3317 2850 3373 subsicivum
2885 3316 2938 3370 in
2966 3329 3234 3385 quoquam
3270 3313 3506 3370 residere
3543 3327 3736 3368 nosca-

2164 3417 2270 3464 tur.

2276 3546 2355 3601 De
2389 3547 2709 3614 Bonosiacis,
2741 3548 2874 3618 quod
2893 3546 3095 3601 Judwis
3125 3547 3227 3599 sint
3255 3545 3613 3616 comparandi.

2230 3661 2414 3718 XLIX.
2465 3661 2811 3717 Innocentius
2852 3659 3146 3714 Laurentio
3187 3657 3442 3727 episcopo
3469 3655 3734 3712 Seniensi.

2230 3754 2332 3808 Diu
2380 3755 2558 3808 mirati
2606 3770 2790 3809 sumus
2833 3752 3135 3808 dilectionis
3181 3759 3285 3805 ttae
3343 3751 3533 3804 litteris
3583 3751 3738 3806 lectis

2158 3844 2443 3900 lunrcticos
2472 3844 2684 3898 Photini
2713 3859 2919 3898 venena
2949 3851 3218 3898 sectantes
3246 3842 3298 3894 in
3349 3841 3617 3895 territorio
3654 3841 3740 3895 di-

2159 3935 2406 3990 lectionis
2436 3942 2540 3987 tua:
2566 3950 2675 3988 non
2704 3934 2878 3989 solum
2909 3948 3046 3997 esse,
3072 3932 3165 3987 sed
3190 3941 3244 3986 ct
3264 3932 3475 4000 publice
3494 3931 3594 3986 sibi
3616 3947 3742 3985 con-

2157 4024 2427 4080 venticula
2481 4024 2534 4078 iu
2581 4025 2880 4093 aliquorum
2936 4022 3362 4092 possessionibus
3413 4036 3738 4091 praeparare,

2158 4137 2280 4176 cum
2306 4121 2374 4176 de
2413 4129 2526 4175 toto
2550 4135 2688 4190 pene
2746 4119 2877 4174 orbe
2919 4133 3178 4186 nusquam
3230 4125 3336 4170 tam
3391 4116 3542 4170 multi
3577 4131 3738 4185 quam

2160 4211 2231 4264 ad
2252 4226 2349 4265 vos
2368 4210 2670 4278 delegerint
2691 4210 2951 4264 habitare.
2969 4208 3208 4274 Quorqu
3237 4208 3496 4262 doctrina:
3523 4207 3740 4261 nefaria:

2160 4309 2351 4356 auctor
2401 4299 2613 4356 Marcus
2652 4300 2851 4354 dudum
2898 4299 2966 4354 de
3014 4301 3146 4354 urbe
3194 4300 3377 4369 pulsus
3426 4300 3743 4355 temeritatis

2162 4397 2324 4444 tanta:
2367 4398 2450 4445 est
2477 4389 2669 4446 ductus
2702 4389 2950 4453 audacia,
3002 4397 3060 4442 ut
3083 4389 3310 4458 primum
3341 4390 3439 4443 sibi
3481 4390 3620 4444 inter
3647 4406 3744 4444 eos

2095 4521 2141 4579 Β
2163 4481 2405 4536 vindicet
2428 4481 2626 4546 locum,
2651 4481 2745 4536 sed
2775 4496 2842 4536 ne
2865 4481 3088 4536 ulterius
3116 4481 3481 4536 debacchandi
3509 4482 3742 4537 habeant

2163 4566 2505 4639 facultatem,
2553 4581 2609 4627 et
2650 4573 2856 4628 animas
2883 4573 3206 4642 simplicium
3256 4590 3322 4629 ac
3349 4576 3741 4631 rusticanorum

2166 4675 2348 4715 secum
2396 4661 2451 4716 in
2497 4663 2798 4731 gehennam
2822 4671 2861 4727 ,'
2885 4663 2971 4717 cui
2999 4663 3248 4718 destinati
3277 4674 3434 4732 sunt,
3480 4668 3691 4722 trahant
3724 4687 3737 4721 :

2165 4759 2348 4806 aetum
2373 4761 2458 4807 est
2485 4753 2742 4809 adversus
2768 4770 2864 4809 eos
2889 4770 2921 4808 a
2944 4754 3314 4811 defensoribus
3355 4756 3603 4813 Ecclesizc
3643 4777 3744 4814 n0-

2165 4852 2320 4910 strte,
2371 4846 2516 4914 quod
2554 4862 2650 4901 eos
2677 4848 2883 4916 possint
2912 4849 3206 4917 expellere,
3253 4853 3425 4920 utqui
3473 4851 3742 4910 Christum

2167 4937 2334 4992 Deum
2361 4952 2430 4992 ex
2459 4937 2631 4993 Patris
2663 4939 2960 4994 substantia
2987 4948 3112 4994 ante
3140 4941 3330 4995 saecula
3361 4954 3559 5010 negant
3593 4947 3746 5012 geni-

2167 5035 2281 5080 tum
2302 5068 2316 5092 ,
2361 5028 2414 5080 hi
2444 5042 2564 5082 cum
2591 5027 2786 5084 Judatis
2804 5070 2819 5094 ,
2851 5030 3084 5098 quicum
3115 5030 3367 5085 deitatem
3395 5046 3744 5102 negaverunt,

2170 5125 2226 5170 et
2255 5132 2395 5170 nunc
2425 5133 2592 5186 usque
2627 5127 2852 5186 negant,
2900 5120 3237 5188 participium
3266 5121 3498 5175 habeant
3522 5123 3745 5178 damna-

2168 5206 2350 5260 tionis.
2382 5207 2553 5261 Tuum
2583 5215 2684 5273 est,
2735 5207 2902 5262 frater
2945 5208 3292 5274 charissime,
3335 5225 3455 5278 quae
3481 5223 3745 5280 percepta

2168 5304 2292 5350 sunt
2321 5313 2426 5351 non
2450 5299 2666 5365 segnius
2686 5312 2865 5366 agere,
2898 5314 2966 5354 ne
2993 5300 3204 5368 plebem
3237 5301 3330 5354 tibi
3360 5302 3616 5358 creditam
3640 5303 3745 5357 dis-

2167 5385 2512 5442 simulatione
2552 5389 2850 5458 deperdas,
2901 5403 2957 5445 et
3000 5391 3226 5459 incipias
3264 5391 3376 5448 Deo
3414 5393 3483 5448 de
3523 5397 3747 5464 perditis

2167 5481 2394 5535 reddere
2417 5483 2700 5537 rationem.

2170 5618 2316 5672 Idem
2339 5638 2473 5689 papa
2497 5621 2916 5695 desuscipicmtis
2939 5623 3158 5690 clericis,
3181 5644 3304 5695 quos
3332 5626 3580 5688 Bonosus,
3608 5640 3740 5683 ente-

2345 5708 2493 5756 quam
2535 5691 2891 5759 dmnnaretar,
2920 5691 3203 5748 ordinasse
3219 5701 3562 5766 cognoscitur.

2243 5798 2303 5853 Ι..
2334 5798 2673 5856 Innocentius
2701 5801 2962 5860 Martiano
2993 5806 3246 5878 episc0po
3277 5807 3601 5865 Naissitanu.
