4104 6478
353 276 455 330 ΞΧἹ

1441 284 1811 357 COLIECTIO
1851 289 2317 348 DECRETORUM
2354 296 2453 350 PP.
2500 298 2614 355 RR.

3523 314 3631 372 258

420 389 696 458 Superiori
728 397 998 460 tempore,
1031 392 1074 445 si
1118 397 1293 445 ttmen
1328 404 1474 447 recte
1505 397 1794 463 recordor,
1826 415 1938 451 me-
1974 413 2007 463 λ
2046 401 2114 454 Ut
2163 405 2221 484 si.
2247 408 2488 462 sacerdos
2545 411 2623 464 vel
2672 414 2884 484 quilibet
2909 436 2974 473 ea:
3001 422 3140 477 clero
3172 424 3375 479 viduum
3422 444 3634 484 uxorem

350 480 477 533 mini
508 496 615 548 me,
646 489 754 535 tam
784 483 851 536 ad
886 483 1227 538 dilectionem
1267 493 1411 539 tuam
1447 502 1605 555 quam
1647 490 1715 542 ad
1750 490 1939 546 fratres

348 582 403 626 et
428 574 781 643 coepiscopos
811 584 1059 642 nostros,
1101 575 1324 643 Rufum,
1359 578 1647 634 Eusebium
1678 592 1732 635 et
1780 592 1939 639 cartc-

346 677 455 726 ros,
481 662 791 733 linjnsmodi
814 666 1018 720 litteras
1047 667 1113 721 de
1136 668 1344 723 clericis
1366 668 1736 727 Naissensibns
1766 682 1937 730 trans—

344 751 574 805 misisse.
634 752 730 809 llis
786 754 1036 811 videlicet
1098 757 1189 825 qui
1262 774 1320 811 se
1365 769 1490 813 ante
1536 759 1937 817 damnationem

344 839 541 895 Bonosi
572 854 881 898 assererent
909 847 975 899 ab
1006 847 1197 902 eodem
1246 825 1354 903 tam
1386 852 1728 922 presbyteros
1776 872 1934 925 quam

340 933 605 987 diaconos
625 934 904 990 ordinatos
931 955 942 989 :
971 946 1027 991 ut
1050 939 1093 993 si
1125 941 1314 995 relicto
1354 952 1517 1013 atque
1546 944 1799 1003 damnato
1820 949 1936 1019 ejus

344 1041 529 1079 errore
545 1025 1007 1081 vellentEcclesim
1021 1030 1282 1099 copulari,
1305 1032 1531 1087 libenter
1546 1036 1931 1106 reciperentur.

346 1116 419 1169 Ne
445 1116 579 1171 forte
604 1118 694 1185 qni
718 1125 899 1171 essent
926 1118 1071 1187 digni
1112 1123 1492 1189 recuperanda:
1516 1125 1726 1192 salutis,
1758 1128 1811 1181 in
1840 1144 1935 1182 ec.-

340 1207 461 1259 dem
485 1206 811 1276 deperirent.
846 1206 1047 1262 Verum
1078 1210 1289 1264 nuncin
1315 1210 1617 1268 Ravennati
1646 1216 1777 1270 urbe
1798 1218 1928 1272 mihi

339 1298 636 1351 constituto
650 1305 869 1367 propter
882 1297 1110 1353 Romani
1129 1301 1310 1369 populi
1330 1304 1678 1359 necessitates
1703 1306 1929 1361 creber-

339 1389 504 1444 rimas
518 1388 831 1457 Germanio,
847 1390 938 1458 qui
958 1405 1017 1444 se
1034 1393 1352 1447 asseritesse
1363 1396 1754 1466 presbyterum,
1769 1409 1931 1469 atque

339 1478 655 1547 Lupentins,
688 1480 777 1548 qui
807 1495 867 1535 se
896 1480 1182 1536 diaconum
1213 1483 1364 1550 dicit,
1398 1488 1689 1542 multarunt
1721 1491 1924 1555 talium,

334 1572 490 1640 quasi
520 1571 787 1640 legatione
816 1582 1069 1643 suscepta
1099 1591 1261 1645 prece
1290 1577 1404 1631 fusa
1436 1579 1653 1635 dolores
1680 1585 1928 1652 proprios

333 1665 643 1733 exprimere
682 1665 1043 1732 gestivernnt,
1075 1678 1381 1723 asserentes
1408 1686 1465 1725 se
1491 1673 1707 1741 quidem
1737 1673 1923 1729 Eccle-

2186 475 2413 545 duxcrit,
2444 480 2521 532 rc!
2544 475 2820 552 abjeclam,
2844 504 2990 542 suum
3015 475 3211 559 perdat

2117 562 2198 617 ιι.
2255 564 2361 621 Eos
2399 570 2489 637 qui
2516 571 2701 627 viduas
2724 578 3001 645 accepisse
3029 562 3385 650 suggeruntur
3414 602 3630 650 uxores.

2043 669 2149 708 non
2176 657 2351 711 solum
2381 660 2609 718 clericos
2638 663 2861 721 effectos
2892 672 3119 737 agnovi,
3152 688 3339 728 verum
3370 677 3532 730 etiam
3563 680 3631 732 ad

2042 744 2236 802 infulas
2282 752 2476 805 summi
2514 756 2802 812 sacerdotii
2849 765 3198 834 pervenisse,
3246 770 3391 837 quod
3440 782 3629 828 contra

2041 834 2173 903 legis
2195 852 2313 893 esse
2338 852 2607 913 praecepta
2639 848 2815 903 nullus
2845 851 3074 919 ignorat.
3100 856 3231 910 Nam
3264 875 3385 915 cum
3417 861 3629 932 Moyses

2039 925 2316 994 legislator
2343 931 2581 987 clamitet
2615 953 2627 987 :
2656 934 2920 995 Sacerdos
2942 958 3165 998 uxorem
3196 947 3457 1015 virginem
3483 925 3628 1005 acci-

2037 1018 2171 1087 piat,
2202 1034 2266 1073 ac
2292 1036 2363 1103 ne
2389 1022 2441 1076 in
2472 1023 2577 1079 hoc
2606 1039 2877 1099 pnecepto
2907 1033 3108 1102 aliquid
3137 1045 3423 1105 putaretur
3453 1042 3627 1095 ambi-

2037 1121 2219 1176 guum,
2253 1111 2454 1167 addidit
2483 1132 2495 1167 :
2526 1116 2642 1170 Non
2675 1120 2912 1189 viduam,
2942 1139 3118 1193 neque
3144 1127 3391 1195 ejectam.
3424 1128 3624 1186 Contra

2035 1199 2179 1267 quod
2227 1215 2551 1273 praeceptum
2577 1207 2757 1265 divina
2792 1215 3114 1271 auctoritate
3144 1221 3430 1275 subnixum
3478 1225 3624 1280 nulla

2034 1289 2279 1347 defensio
2317 1296 2557 1350 mandati
2606 1300 2832 1356 alterius
2874 1308 3169 1373 opponitur
3202 1327 3213 1362 :
3249 1312 3351 1365 nisi
3393 1328 3623 1368 consue-

2035 1381 2164 1435 tudo
2194 1393 2371 1438 vcstra
2392 1425 2405 1449 ,
2433 1400 2552 1455 qua:
2581 1390 2661 1461 (ut
2690 1392 2791 1461 ipsi
2819 1392 3082 1467 fatemini)
3115 1414 3182 1452 ex
3214 1401 3533 1470 ignorantia,
3566 1413 3622 1459 et

2032 1480 2093 1525 ut
2122 1476 2475 1533 verecundius
2500 1478 2706 1549 dicam,
2749 1500 2857 1537 non
2888 1500 2953 1539 ex
2996 1492 3292 1556 apostolica
3334 1494 3622 1549 traditione

2032 1572 2087 1618 et
2116 1567 2328 1621 ratione
2350 1570 2558 1639 integra
2590 1575 2883 1630 constituta
2910 1588 3013 1633 est.
3039 1579 3147 1634 Nos
3173 1593 3371 1651 autem,
3403 1602 3592 1639 omnes
3615 1617 3622 1627 -

2029 1670 2135 1723 que
2162 1672 2260 1727 per
2279 1658 2552 1715 Orientem
2604 1662 3057 1738 Occidentemque
3086 1668 3374 1739 Eeclesias,
3407 1679 3618 1731 noverit

332 1758 441 1811 sias
472 1758 521 1810 in
553 1757 856 1813 dilectionis
887 1767 991 1813 tua:
1018 1762 1339 1817 constitutas
1369 1768 1641 1833 parochiis
1667 1770 1919 1841 retinere,

2029 1757 2207 1803 vestra
2238 1750 2457 1806 dilectio
2486 1754 2599 1808 hcce
2628 1758 2844 1825 penitus
2874 1775 2982 1815 non
3034 1761 3347 1831 admittere,
3402 1784 3501 1823 nec
3549 1769 3617 1823 ad

332 1847 426 1903 sed
452 1857 596 1901 tuam
622 1849 1057 1905 communionem
1090 1868 1193 1905 non
1217 1855 1459 1922 potuisse
1486 1858 1679 1912 mereri
1709 1877 1720 1911 :
1752 1874 1814 1913 ea
1846 1862 1926 1915 vi-

332 1936 535 1989 delicet
582 1936 793 1991 ratione
821 1953 925 2007 qua
949 1939 1211 1996 Rustitius
1244 1943 1459 2012 quidam
1488 1948 1705 2002 nomine
1734 1949 1923 2005 iterata

331 2028 673 2082 ordinatione
696 2030 1087 2100 presbyterium
1110 2035 1456 2103 suscepisset.
1475 2036 1539 2091 Et
1561 2055 1667 2092 non
1696 2040 1798 2094 levi
1824 2042 1924 2095 im-

330 2120 639 2190 pedimento
663 2118 737 2185 ﬁt,
763 2121 890 2176 dum
912 2132 1004 2177 aut
1027 2123 1103 2178 illi
1128 2125 1313 2181 dolent
1329 2127 1632 2197 liujusmodi
1650 2131 1921 2186 hominem

332 2210 383 2263 in
416 2209 658 2265 Ecclesia
709 2212 927 2266 retineri
956 2254 972 2279 ,
1017 2222 1110 2268 aut
1140 2213 1228 2268 ille
1258 2215 1338 2269 sic
1379 2232 1610 2286 peccare
1638 2218 1837 2275 debere
1868 2221 1921 2275 in

330 2302 466 2356 alios
495 2301 800 2368 arbitretur,
849 2303 940 2372 qui
968 2303 1021 2356 in
1064 2318 1121 2358 se
1149 2306 1395 2374 agnoscit
1442 2321 1562 2361 esse
1610 2317 1916 2377 peccatum.

330 2393 397 2447 Et
425 2394 669 2463 quamvis
694 2393 761 2448 de
790 2395 977 2449 eadem
1005 2411 1065 2451 re
1093 2396 1305 2466 plenius
1333 2397 1526 2453 littera:
1563 2412 1701 2454 mem
1742 2402 1919 2456 conti—

327 2493 524 2548 neant,
568 2500 705 2555 quas
730 2486 977 2555 superius
1005 2490 1332 2556 memoravi,
1373 2498 1555 2546 tamen
1584 2492 1745 2547 etiam
1776 2509 1920 2548 nunc

328 2577 724 2632 admonendam
745 2578 992 2633 duximus
1021 2578 1411 2637 fraternitatem
1442 2590 1607 2649 tuam,
1634 2592 1695 2639 ut
1722 2585 1767 2639 si
1790 2600 1917 2641 vere

327 2674 545 2721 constat
575 2667 785 2736 aliquos
814 2677 937 2722 ante
963 2668 1366 2726 damnationem
1396 2671 1596 2727 Bonosi
1624 2673 1691 2727 ab
1724 2673 1917 2728 eodem

327 2756 608 2812 ordinatos
636 2766 825 2827 postea
853 2759 1112 2828 voluisse,
1134 2761 1220 2816 vel
1238 2776 1381 2816 nunc
1410 2762 1548 2818 velle
1575 2765 1795 2830 reverti,
1822 2780 1919 2821 eos

327 2850 668 2921 recipiendos
693 2866 814 2907 esse
842 2867 1125 2909 censemus
1168 2871 1180 2906 :
1213 2856 1447 2911 maxime
1478 2872 1599 2911 eum
1630 2859 1915 2913 memorati

326 2952 574 3000 asserant
620 2958 679 2998 se
721 2944 774 2999 in
806 2951 1010 2999 tantum
1038 2945 1298 2999 anteriori
1326 2953 1573 3016 tempore
1614 2947 1914 3015 ordinatos,

326 3043 386 3087 nt
408 3042 609 3087 sancte
639 3033 1027 3090 recordationis
1055 3035 1229 3089 virum
1259 3035 1566 3090 Cornelium
1600 3038 1916 3107 episcopmn

324 3123 634 3179 Sirmiensis
663 3124 830 3188 urbis,
872 3139 972 3180 nec
1000 3140 1107 3179 non
1136 3134 1192 3180 et
1220 3125 1438 3181 fratrem
1469 3135 1712 3181 nostrum
1755 3128 1917 3183 Nice-

328 3224 458 3280 tam,
490 3214 732 3283 aliosque
754 3215 1041 3269 nonnullos
1068 3215 1233 3271 fuisse
1261 3226 1574 3286 praesentes,
1601 3233 1722 3272 cum
1746 3218 1918 3271 hono-

324 3307 495 3371 ribus,
528 3322 665 3376 quos
692 3321 749 3361 se
777 3305 979 3363 habere
1005 3317 1329 3377 memorant,
1360 3319 1706 3377 augerentur.
1740 3308 1914 3377 Unde,

326 3396 495 3452 frater
537 3396 880 3461 charissime,
930 3398 975 3451 si
1008 3413 1194 3452 eorum
1226 3399 1455 3454 assertio
1507 3398 1663 3454 fidem
1720 3401 1914 3471 recipit

326 3488 466 3550 veri,
500 3487 869 3556 suscipiendos
899 3503 1019 3542 esse
1048 3488 1320 3559 ambigere
1369 3505 1474 3543 non
1523 3489 1687 3545 debes
1713 3530 1726 3553 ,
1777 3506 1914 3557 quos

325 3578 513 3632 tandiu
536 3576 805 3632 Ecclesias
828 3576 927 3631 sibi
958 3578 1189 3633 creditas
1210 3594 1398 3650 passus
1426 3594 1486 3634 es
1508 3580 1762 3635 retinere.

397 3717 740 3773 Innocentius
770 3718 929 3784 Rufo,
968 3728 1022 3772 et
1048 3717 1301 3784 Eusebio,
1329 3704 1387 3776 et
1409 3721 1619 3775 czetcris
1643 3722 1913 3791 episcopis

325 3805 728 3875 Macedonibus,
759 3815 813 3863 et
840 3808 1156 3863 diaeonibus
1183 3809 1235 3862 in
1265 3810 1494 3866 Domino
1525 3811 1775 3865 salutem.

398 3946 586 4015 Magna
628 3962 711 4000 me
740 3949 1028 4016 gratulatio
1069 3949 1275 4015 habuit,
1310 3965 1429 4003 cum
1460 3959 1583 4019 post
1612 3958 1693 4004 tot
1719 3950 1910 4003 discri-

324 4038 471 4092 mina
502 4037 665 4091 totius
696 4042 789 4106 (ut
816 4037 888 4091 ita
919 4038 1184 4109 dixerim)
1216 4039 1399 4093 mundi
1434 4039 1618 4095 Vitalis
1646 4040 1913 4093 archidia-

325 4144 497 4183 conus
534 4135 832 4183 vestrarum
864 4129 1092 4198 portitor
1117 4129 1416 4183 litterarum
1446 4145 1511 4184 ex
1541 4130 1643 4184 illis
1672 4130 1913 4199 partibus

322 4218 393 4274 ad
422 4234 521 4275 nos
546 4234 713 4289 usque
738 4219 974 4274 directus
998 4219 1231 4286 advenit,
1261 4234 1421 4290 quem
1445 4235 1567 4273 cum
1590 4220 1912 4275 vidissemus

324 4309 473 4364 illico
494 4349 508 4375 ,
542 4317 599 4362 ιιι
638 4309 955 4378 oportebat,
1000 4310 1301 4380 percontati
1337 4310 1405 4365 de
1433 4318 1613 4365 vestro
1655 4318 1798 4365 statu
1825 4327 1914 4366 su-

322 4416 464 4456 mus.
508 4399 704 4454 Verum
732 4400 820 4454 ubi
850 4402 1148 4470 reperimus
1176 4418 1273 4456 vos
1307 4417 1375 4456 ex
1404 4403 1671 4456 sententia
1692 4402 1909 4471 degere,

321 4492 555 4547 Domino
596 4489 707 4546 Deo
737 4498 924 4547 nostro
950 4491 1144 4547 uberes
1168 4493 1369 4560 gratias
1404 4492 1717 4556 retulimus,
1763 4493 1910 4562 quod
1943 4529 1988 4587 Β

320 4598 423 4638 vos
453 4580 679 4637 famulos
702 4598 848 4647 suos,
880 4583 1099 4654 suisque
1141 4583 1399 4640 altaribus
1427 4584 1727 4638 servientes
1762 4592 1816 4637 et
1855 4585 1909 4638 in

317 4673 564 4729 adversis
593 4681 826 4740 tueatur,
850 4682 906 4729 et
927 4674 979 4730 in
1007 4675 1283 4745 prosperis
1310 4676 1611 4745 gubernare
1635 4676 1904 4746 dignetur.

319 4763 426 4832 Qui
460 4778 583 4817 cum
611 4764 917 4819 tradidisset
945 4765 1205 4834 epistolas
1234 4780 1345 4830 eas,
1377 4766 1612 4835 pnecepi
1644 4765 1787 4819 illico
1820 4780 1909 4819 re-

318 4855 573 4921 censeri,
625 4855 678 4909 in
706 4855 901 4925 quibus
940 4856 1105 4909 multa
1136 4857 1309 4925 posita
1340 4872 1460 4911 esse
1504 4857 1741 4927 pervidi,
1789 4872 1909 4925 qua:

316 4956 601 5016 stuporem
644 4948 912 5003 mentibus
952 4949 1147 5002 nostris
1188 4948 1470 5017 injicerent
1495 4991 1509 5015 ,
1558 4948 1905 5017 facerentque

318 5053 422 5091 nos
451 5052 560 5091 non
588 5035 859 5091 modicum
888 5037 1135 5091 dubitare
1156 5046 1332 5093 utrum
1361 5038 1518 5093 aliter
1558 5046 1899 5108 putaremus,

317 5143 389 5180 an
414 5127 488 5179 ita
510 5125 597 5179 illa
621 5135 802 5182 essent
820 5128 1015 5196 posita,
1043 5127 1492 5197 quemadmodum
1515 5130 1898 5199 personabant.

315 5217 451 5283 Qua:
482 5233 605 5271 cum
634 5218 828 5287 srepius
855 5219 1025 5288 repeti
1049 5218 1323 5282 fecissem,
1355 5219 1593 5287 adverti,
1624 5220 1735 5273 sedi
1768 5236 1902 5290 apo-

312 5306 543 5369 stoiiczn,
570 5305 636 5359 ad
666 5321 825 5376 quam
845 5307 1057 5373 relatio,
1087 5306 1240 5375 quasi
1266 5306 1333 5360 ad
1356 5316 1516 5376 caput
1542 5305 1903 5361 Ecclesiarum

314 5396 484 5450 missa
506 5396 775 5460 currebat,
790 5398 1021 5465 aliquam
1044 5396 1159 5451 ﬁeri
1187 5396 1452 5466 injuriam,
1472 5397 1624 5466 cujus
1652 5396 1826 5450 adhuc
1849 5398 1904 5452 in

313 5487 631 5557 ambiguum
659 5488 926 5543 sententia
954 5488 1261 5543 duceretur.
1303 5487 1454 5541 Unde
1481 5488 1548 5541 de
1576 5488 1766 5556 quibus
1791 5486 1903 5557 jam

312 5579 519 5634 dudum
548 5580 828 5650 scripsisse
854 5582 1109 5649 memini,
1157 5595 1298 5635 nunc
1330 5581 1526 5634 iterare
1555 5580 1779 5634 formam
1811 5596 1900 5636 ar-

312 5674 587 5743 gumentis
626 5674 1046 5729 evidentioribus
1086 5673 1362 5730 relationis
1394 5679 1586 5729 vestrae
1631 5673 1901 5741 geminata

312 5768 661 5840 percontatio
689 5767 981 5837 compellit.

2028 1841 2273 1896 ultimum
2303 1845 2655 1901 ecclesiastici
2693 1843 2895 1905 ordinis
2930 1852 3111 1907 locum
3137 1856 3270 1910 tales
3297 1873 3570 1914 assumere
3596 1899 3611 1923 ,

2025 1940 2080 1985 et
2103 1933 2147 1985 si
2178 1935 2380 2019 reperti
2414 1936 2637 2005 fuerint,
2661 1924 3005 1997 submbvcre.

2027 2045 2096 2100 Ut
2123 2048 2168 2100 si
2192 2049 2307 2129 guis
2338 2051 2727 2133 catechumenus
2751 2054 2986 2110 habuerit
3010 2075 3256 2133 agitarem,
3285 2072 3334 2116 et
3360 2064 3609 2133 defunrta

2091 2134 2151 2170 ea
2173 2118 2289 2187 jam
2317 2128 2431 2188 post
2471 2120 2776 2201 baptismum
2819 2130 3075 2196 acceperit
3112 2118 3362 2196 alterum,
3395 2118 3610 2192 cicricns

2093 2203 2202 2241 esse
2230 2204 2333 2242 non
2356 2199 2539 2258 possit.

2093 2297 2199 2352 Lll.
2234 2299 2438 2356 Deinde
2478 2304 2724 2372 ponitur,
2780 2324 2889 2363 non
2919 2310 3025 2365 dici
3061 2323 3314 2383 oportere
3341 2317 3612 2386 digamum

2020 2402 2144 2442 eum
2175 2390 2266 2458 qui
2294 2394 2716 2449 catechumenus
2738 2396 3182 2470 habuerit,atque
3211 2406 3454 2462 amiserit
3480 2426 3611 2465 uxo-

2020 2494 2156 2544 rem,
2212 2482 2258 2535 si
2286 2490 2410 2552 post
2433 2484 2756 2554 baptismum
2788 2488 2948 2544 fuerit
2989 2493 3147 2547 aliam
3178 2499 3428 2567 sortitus,
3460 2516 3610 2556 eam-

2018 2586 2126 2640 que
2166 2574 2391 2643 primam
2429 2576 2599 2631 videri
2644 2594 2766 2647 qua:
2807 2597 2949 2637 novo
2992 2583 3197 2639 homini
3236 2591 3487 2659 copulata
3517 2595 3608 2661 sit,

2017 2663 2143 2732 quia
2174 2664 2301 2719 illud
2330 2665 2638 2735 coniugium
2660 2684 2758 2738 per
2778 2670 3033 2740 baptismi
3063 2689 3457 2734 sacramentum
3482 2699 3604 2738 cum

2019 2755 2229 2810 cazteris
2258 2756 2572 2812 criminibus
2600 2760 2669 2813 sit
2715 2761 2989 2829 ablatum,
3043 2766 3185 2834 quod
3218 2783 3341 2822 eum
3389 2771 3458 2826 de
3503 2789 3607 2829 una

2019 2845 2205 2913 utique
2235 2845 2452 2923 dicitur,
2477 2858 2625 2902 certe
2655 2849 2701 2903 si
2730 2858 2839 2905 tres
2866 2852 3115 2909 habuerit
3137 2857 3189 2911 in
3211 2861 3378 2914 veteri
3401 2864 3608 2931 positus

2019 2932 2237 2987 homine
2268 2951 2483 3001 uxores,
2518 2936 2621 2990 erit
2650 2939 2717 3004 ei,
2752 2954 2871 3008 quae
2913 2950 3035 3011 post
3063 2944 3386 3016 baptismum
3417 2962 3609 3021 quarta

2019 3034 2121 3091 est,
2148 3028 2226 3081 sic
2254 3028 2731 3098 interpretantibus
2761 3034 2953 3102 prima,
2987 3036 3207 3106 virginis
3232 3055 3387 3110 aeque
3412 3059 3608 3100 nomen

2021 3115 2272 3186 accipiet,
2298 3134 2416 3187 quze
2444 3128 2638 3188 quarto
2667 3121 2825 3177 ducta
2856 3126 3109 3181 est‘loco.
3142 3129 3292 3196 Quis,
3316 3147 3436 3199 oro,
3468 3136 3608 3191 istud

2024 3222 2132 3261 non
2158 3208 2337 3263 videat
2358 3219 2543 3266 contra
2571 3211 2818 3281 Apostoli
2842 3231 2963 3271 esse
2994 3230 3352 3290 pnnceptum,
3384 3227 3475 3295 qui
3497 3229 3609 3297 ait,

2023 3299 2178 3353 unius
2205 3302 2386 3354 uxoris
2414 3302 2586 3356 virum
2616 3314 2875 3374 oportere
2905 3308 3017 3363 fieri
3046 3314 3385 3370 sacerdotem
3436 3318 3487 3387 (1
3522 3319 3608 3374 Ti-

2017 3390 2174 3442 moth.
2207 3392 2333 3456 tu)?
2377 3391 2483 3446 Sed
2531 3394 2787 3463 objicitur
2833 3401 2977 3468 quod
3030 3402 3082 3456 in
3126 3404 3396 3475 baptismo
3437 3418 3608 3467 totum

2016 3478 2272 3548 quidquid
2303 3482 2355 3535 in
2391 3486 2561 3539 veteri
2592 3486 2812 3543 homine
2850 3500 3062 3559 gestum
3107 3505 3209 3561 est,
3259 3499 3327 3551 sit
3353 3500 3605 3557 solutum.

2016 3570 2189 3626 Dicite
2210 3573 2340 3627 mihi
2364 3576 2507 3644 (cum
2531 3593 2665 3647 pace
2686 3589 2865 3636 vestra
2888 3582 3129 3655 loquor),
3156 3589 3380 3644 crimina
3402 3600 3606 3648 tantum

2014 3662 2355 3718 dimittuntur
2382 3665 2437 3718 in
2496 3666 2792 3737 baptismo,
2827 3686 2895 3725 an
2924 3680 2979 3726 et
3017 3674 3104 3728 illa
3139 3690 3258 3744 qua:
3310 3683 3602 3736 secundum

2014 3751 2226 3808 Domini
2256 3765 2522 3827 praecepta
2571 3774 2635 3813 ac
2660 3761 2752 3815 Dei
2775 3762 3017 3818 instituta
3044 3767 3427 3835 complentur?
3461 3771 3604 3827 Uxo—

2013 3858 2127 3897 rem
2156 3844 2354 3899 ducere
2383 3848 2587 3902 crimen
2617 3858 2716 3912 est,
2752 3861 2844 3905 aut
2870 3868 2979 3908 non
3009 3863 3091 3909 est
3117 3856 3367 3913 crimen?
3415 3861 3469 3915 Si
3500 3865 3604 3916 cri-

2013 3952 2137 3991 men
2161 3948 2262 4002 est,
2296 3954 2446 4007 ergo,
2479 3943 2695 4011 praefata
2724 3947 2879 4000 venia
2903 3947 3162 4015 dixerim,
3197 3953 3300 4007 erit
3329 3965 3520 4010 auctor
3550 3959 3602 4013 in

2015 4029 2193 4097 culpa,
2253 4031 2345 4098 qui
2377 4039 2435 4085 ut
2465 4034 2691 4088 crimina
2718 4038 3187 4096 committerentur
3230 4044 3281 4097 in
3330 4050 3601 4115 paradiso,

2014 4131 2135 4170 cum
2164 4119 2277 4187 ipse
2306 4134 2401 4173 eos
2426 4120 2709 4190 jungeret,
2744 4126 3023 4181 benedixit
3052 4130 3215 4195 (Gen.
3250 4133 3343 4200 ιι).
3377 4134 3431 4189 Si
3478 4154 3604 4190 vero

2014 4221 2121 4260 non
2153 4216 2237 4262 est
2260 4209 2484 4275 crimen,
2514 4211 2640 4281 quia
2670 4213 2814 4281 quod
2842 4213 2983 4268 Deus
3005 4214 3187 4282 junxit
3210 4220 3433 4290 (Manli.
3469 4228 3599 4294 xix),

2016 4298 2163 4353 nefas
2190 4300 2260 4353 sit
2286 4300 2491 4355 crimen
2532 4302 2826 4371 appellari,
2858 4312 2913 4358 et
2939 4304 3195 4362 Salomon
3226 4311 3433 4368 addidit
3466 4334 3478 4368 :
3513 4316 3605 4371 lit-

2015 4390 2155 4443 cnim
2185 4405 2213 4443 a
2246 4389 2356 4445 Deo
2380 4401 2716 4462 przeparatur
2772 4396 2887 4450 viro
2929 4413 3066 4453 uxor
3114 4399 3402 4469 (Praverb.
3439 4423 3525 4461 nux
3555 4412 3599 4476 ),

2016 4479 2285 4549 quomodo
2311 4481 2551 4535 creditur
2573 4482 2714 4537 inter
2730 4484 2955 4539 crimina
2983 4502 3102 4541 esse
3132 4490 3431 4558 dimissum,
3461 4498 3603 4565 quod

2015 4570 2124 4623 Deo
2152 4578 2372 4626 auctore
2404 4572 2601 4640 legitur
2627 4584 3060 4632 consummatum
3084 4580 3107 4633 ?
3155 4580 3292 4648 Quid
3328 4585 3394 4639 de
3418 4588 3602 4644 talium

2014 4661 2133 4716 liliis
2163 4665 2553 4733 percensetur?
2594 4665 2845 4737 Nunquid
2875 4682 2984 4723 non
3014 4680 3173 4725 erunt
3201 4673 3514 4731 admittendi
3547 4680 3599 4733 in

2010 4752 2338 4807 limrcditatis
2367 4756 2662 4819 consortio,
2696 4758 2788 4825 qui
2818 4773 2886 4813 ex
2915 4774 2977 4813 ea
3032 4763 3269 4831 suscepti
3314 4774 3437 4818 sunt
3482 4782 3601 4834 quae

2010 4854 2136 4899 ante
2161 4846 2487 4915 baptismum
2517 4846 2617 4902 fuit
2643 4865 2813 4915 uxor,
2855 4861 3121 4921 eruntque
3162 4856 3465 4923 appellandi
3516 4860 3598 4914 vel

2009 4939 2304 5002 naturales,
2340 4940 2424 4993 vel
2454 4942 2642 5010 spurii,
2675 4942 2801 5010 quia
2833 4958 2941 4998 non
2971 4952 3055 4999 est
3084 4945 3380 5014 legitimum
3412 4950 3599 5003 matris

2010 5029 2250 5082 monimn
2269 5070 2283 5096 ,
2316 5030 2419 5084 nisi
2451 5030 2581 5083 illud
2608 5031 2690 5101 (ut
2718 5032 2869 5086 vobis
2901 5032 3134 5105 videtur)
3179 5036 3323 5103 quod
3348 5046 3471 5106 post
3499 5038 3596 5093 ba-

2010 5121 2261 5189 ptismum
2290 5121 2621 5175 assumitur?
2648 5121 2667 5174 Ι
2672 5136 2767 5191 pse
2788 5121 3069 5189 Dominus,
3093 5138 3215 5177 cum
3240 5124 3598 5195 interrogare-

2012 5220 2098 5264 tur
2126 5226 2155 5264 a
2184 5209 2396 5278 Judaeis,
2431 5213 2475 5266 si
2504 5213 2691 5266 liceret
2719 5212 2989 5267 dimittere
3011 5228 3266 5277 uxorem,
3311 5223 3473 5284 atque
3503 5232 3597 5270 ex-

2010 5313 2238 5372 poneret
2267 5303 2381 5358 ficri
2412 5320 2517 5359 non
2549 5305 2767 5374 debere,
2798 5305 3005 5361 addidit
3036 5325 3047 5359 :
3080 5305 3237 5373 Quod
3280 5322 3409 5376 ergo
3456 5309 3597 5365 Deus

2005 5391 2200 5460 junxit,
2227 5392 2390 5447 homo
2412 5408 2519 5447 non
2550 5402 2761 5463 separet
2788 5393 3003 5464 (Matth.
3034 5397 3146 5466 xix)
3173 5414 3187 5462 ;
3230 5412 3296 5451 ac
3330 5412 3400 5452 ne
3422 5397 3597 5453 dehis

2008 5484 2211 5551 copulis
2242 5484 2453 5537 locutus
2482 5499 2600 5537 esse
2627 5484 2903 5555 credatur,
2950 5501 3070 5555 qua:
3099 5495 3224 5556 post
3270 5489 3594 5560 baptismum

2006 5574 2319 5637 sortiuntur,
2346 5574 2814 5634 meminerintth
2835 5583 2890 5629 et
2913 5592 2943 5629 a
2963 5575 3160 5631 Judaeis
3180 5579 3592 5648 interrogatum,

2007 5664 2265 5721 etJudzeis
2280 5681 2399 5721 esse
2420 5682 2757 5735 responsum.
2784 5668 2999 5734 Qumro,
3024 5678 3078 5722 et
3101 5672 3367 5728 sollicitus
3387 5688 3590 5744 qumro,

2005 5763 2050 5819 si
2077 5778 2180 5819 una
2204 5760 2501 5833 eademque
2531 5762 2598 5816 sit
2625 5778 2760 5818 uxor
2807 5760 2925 5832 ejus
2952 5763 3043 5837 qui
3070 5772 3195 5820 ante
3244 5766 3589 5824 catecltumev
