4104 6470
491 312 596 367 2139

1772 297 2127 357 DIONYSIUS
2165 296 2487 355 EXIGUUS.

3668 299 3780 355 260

493 439 613 486 nus,
644 412 834 493 postea
861 417 932 474 sit
962 417 1151 482 ﬁdelis,
1193 414 1439 484 ﬁliosque
1466 430 1533 470 ex
1563 429 1624 471 ea
1655 429 1777 469 cum
1808 421 1951 470 esset
1981 429 2075 468 ca-
2106 420 2150 476 Α
2182 421 2438 483 prmstare
2467 410 2989 468 consuevit.Nostrae
3016 428 3144 469 vero
3164 412 3253 469 lex
3275 422 3360 469 est
3379 410 3660 482 Ecelcsim,
3689 430 3777 469 ve-

494 515 846 571 techumenus
866 509 1184 579 susceperit,
1215 522 1280 563 ac
1309 515 1498 577 postea
1544 506 1703 571 alios,
1733 520 1855 560 cum
1887 502 2079 572 ﬁdelis,

491 615 673 663 utrum
698 606 805 660 sint
822 604 1016 658 fratres
1036 598 1345 671 appellandi
1366 614 1434 653 an
1458 599 1606 653 non?
1638 597 1874 652 habeant
1892 604 2080 666 postea

493 696 743 754 defuncto
799 703 953 765 patre
987 689 1319 747 erciscundzn
1363 689 1696 744 haereditatis
1722 688 2079 752 consortium,

491 789 686 860 quibus
713 786 941 840 ﬁliorum
971 796 1169 838 nomen
1200 780 1540 848 regeneratio
1567 780 1825 850 spiritalis
1847 778 2083 835 creditur

491 878 811 935 abstulisse?
836 874 992 942 Quod
1016 886 1140 928 cum
1167 872 1242 926 ita
1268 871 1472 926 sentire
1524 879 1688 941 atque
1712 869 1955 940 judicare
1983 869 2082 925 ab-

491 970 711 1026 surdum
740 975 841 1033 est,
892 980 1016 1038 quae
1048 961 1293 1037 (malum)
1336 962 1476 1017 ratio
1505 969 1588 1017 est
1634 963 1739 1017 hoc
1763 959 1999 1027 defendi,
2028 967 2084 1015 et

490 1074 661 1114 vacua
678 1057 848 1125 magis
866 1050 1348 1126 opinionejactari,
1369 1066 1534 1121 quam
1555 1050 1733 1120 aliqua
1754 1050 2077 1106 auctoritate

492 1149 785 1206 roborari?
833 1141 956 1204 cum
1004 1161 1112 1201 non
1149 1143 1324 1214 possit
1370 1142 1512 1199 inter
1538 1150 1763 1213 peccata
1808 1141 2078 1213 deputari,

490 1242 635 1314 quod
666 1242 751 1296 lex
792 1237 1082 1311 praecepit,
1111 1244 1168 1291 ct
1206 1234 1351 1289 Deus
1387 1232 1584 1304 jungit.
1614 1233 1866 1302 Nunquid
1891 1233 1937 1289 si
1964 1233 2085 1302 quis

492 1332 915 1390 eatecbumenus
937 1328 1222 1383 virtutibus
1238 1325 1527 1392 studuerit,
1550 1325 1908 1380 humilitatem
1929 1338 2085 1380 secu—

492 1434 580 1479 tus
617 1422 796 1488 fuerit,
827 1417 1145 1492 patientiam
1176 1416 1429 1481 tenuerit,
1461 1415 1839 1487 eleemosynas
1872 1414 2081 1481 fecerit,

492 1512 656 1568 morti
684 1510 983 1566 destinatos
1006 1505 1248 1577 qualibet
1275 1505 1490 1559 ratione
1515 1503 1795 1573 eripuerit,
1818 1503 2084 1559 adulteria

493 1603 856 1668 exhorruerit,
883 1600 1189 1657 castitatem
1218 1599 1475 1664 tenuerit,
1503 1612 1688 1666 quaero
1716 1599 1763 1653 si
1794 1597 1930 1664 haec,
1962 1614 2086 1655 cum

490 1692 666 1747 factus
690 1691 853 1746 fuerit
883 1690 1075 1755 ﬁdelis,
1100 1689 1320 1756 amittit,
1370 1689 1497 1758 quia
1527 1703 1625 1758 per
1651 1689 1981 1760 baptismum
2010 1697 2090 1745 to-

2187 505 2457 562 nientibus
2484 506 2550 560 ab
2576 502 2867 571 haereticis,
2887 506 2977 576 qui
3000 514 3181 561 tamen
3210 504 3319 561 illic
3343 507 3600 577 baptiznti
3627 517 3774 572 sum,

2185 611 2285 667 per
2334 611 2530 651 manus
2580 596 3005 666 impositionem,
3053 596 3251 652 Taicam
3284 606 3492 652 tantmn
3541 599 3780 654 tribuere

2186 687 2645 755 communionem,
2674 702 2777 743 nec
2800 702 2870 742 ex
2888 687 2974 743 his
2999 687 3234 757 aliquem
3257 688 3308 743 in
3351 687 3640 745 clericatus
3678 688 3782 745 ho—

2184 790 2372 831 norem
2400 776 2485 831 vel
2512 776 2764 846 exiguum
2791 777 3106 848 subrogare.

2188 886 2339 952 Quod
2367 888 2421 962 hi
2461 889 2549 960 qui
2572 906 2605 943 a
2633 888 2837 962 Bonam
2864 890 3106 962 haeretica
3134 890 3366 945 ordinati
3389 894 3510 962 sunt
3558 901 3774 962 praptc-

2255 973 2346 1014 rea
2373 958 2482 1013 sint
2492 961 2701 1029 recepti,
2716 976 2780 1014 ne
2802 958 3107 1014 scandalum
3131 971 3421 1016 remaneret
3441 958 3712 1017 Eccleciie.

2257 1066 2367 1123 LV.
2401 1067 2471 1122 At
2500 1082 2629 1124 vero
2663 1069 2757 1141 qui
2793 1083 2827 1123 a
2861 1068 3134 1125 catholica
3168 1068 3237 1124 ad
3270 1069 3517 1125 hmresim
3544 1071 3779 1127 transie-

2186 1168 2330 1226 runt,
2363 1174 2501 1228 quos
2546 1176 2656 1216 non
2680 1160 2838 1216 aliter
2874 1167 3097 1230 oportet
3137 1159 3239 1214 nisi
3277 1174 3377 1230 per
3404 1160 3778 1230 paenitentiam

2188 1252 2412 1322 suscipi,
2430 1251 2572 1321 apud
2595 1266 2691 1308 vos
2719 1266 2827 1306 non
2853 1251 3027 1306 solum
3057 1251 3428 1321 pmuitentiam
3456 1267 3562 1308 non
3589 1262 3777 1322 agunt,

2187 1357 2372 1397 verum
2402 1343 2566 1397 etiam
2614 1342 2822 1397 honore
2850 1341 3214 1397 cumulantur.
3247 1341 3355 1398 Sed
3387 1343 3553 1399 Anisii
3596 1342 3778 1399 fratris

2188 1433 2462 1505 quondam
2490 1432 2682 1499 nostri,
2716 1432 3055 1503 aliorumque
3094 1433 3540 1488 consacerdotum
3566 1450 3777 1488 summa

2217 1524 2539 1580 deliberatio
2566 1523 2680 1578 haec
2706 1521 2827 1590 fuit,
2877 1530 2936 1577 ut
2963 1538 3100 1592 quos
3128 1523 3374 1579 Bonosus
3413 1524 3778 1589 ordinaverat,

2189 1628 2261 1668 ne
2286 1628 2408 1668 cum
2454 1613 2645 1669 eodem
2672 1612 3037 1679 remanerent,
3070 1628 3135 1669 ac
3185 1614 3335 1670 ﬁeret
3366 1630 3473 1670 non
3503 1615 3779 1671 mediocre

2190 1703 2523 1771 scandalum,
2547 1704 2591 1759 si
2613 1704 2844 1759 ordinati
2871 1705 3275 1776 reciperentur;
3303 1706 3551 1775 vicimus,
3576 1718 3634 1761 ut
3660 1709 3779 1777 opi-

493 1792 604 1837 tum
648 1781 794 1854 quod
838 1791 996 1839 vetus
1044 1783 1209 1836 homo
1264 1790 1510 1849 gesserat
1558 1790 1781 1852 putatur
1831 1782 2082 1838 auferri?
2114 1790 2160 1856 Β
2189 1809 2309 1859 nor,
2340 1794 2609 1863 ambigua.
2644 1792 2763 1847 Jam
2807 1808 2936 1864 ergo
2993 1794 3137 1864 quod
3166 1811 3266 1866 pro
3292 1795 3532 1850 remedio
3590 1810 3655 1850 ac
3683 1811 3780 1852 ne.

493 1875 829 1945 Aspiciamus
843 1875 1099 1943 gentilem
1119 1873 1394 1928 hominem
1414 1870 1726 1927 Cornelium
1747 1874 2085 1930 orationibus

494 1977 657 2036 atque
684 1966 1046 2038 eleemosynis
1069 1973 1383 2030 vacantem,
1415 1980 1515 2034 per
1548 1966 1939 2020 rcvelationem
1987 1981 2085 2021 an-

492 2057 671 2127 gelum
713 2056 1043 2127 Petrquue
1100 2056 1272 2126 ipsum
1327 2054 1548 2119 vidisse,
1596 2055 1836 2125 nunquid
1866 2070 1963 2125 per
1990 2055 2087 2111 ba-

492 2150 747 2218 ptismum
774 2148 890 2204 lucc
919 2149 995 2203 illi
1019 2149 1196 2203 ablata
1219 2156 1363 2214 sunt,
1389 2156 1614 2218 propter
1639 2162 1760 2217 quas
1799 2149 1849 2203 ei
1874 2149 2084 2219 baptis-

493 2254 641 2292 mum
686 2238 900 2294 videtur
940 2254 1061 2294 esse
1090 2254 1409 2295 concessum
1433 2239 1456 2292 ?
1484 2237 1542 2293 Si
1570 2238 1643 2293 ita
1668 2238 1924 2309 creditur,
1956 2241 2085 2295 mihi

494 2330 728 2396 credite,
772 2345 881 2385 non
911 2330 1185 2385 modicum
1216 2338 1462 2398 erratur,
1507 2331 1635 2400 quia
1665 2331 1922 2401 quidquid
1949 2331 2086 2389 bene

491 2425 700 2485 gestum
718 2418 897 2485 fuerit,
917 2428 974 2475 et
992 2419 1287 2475 secundum
1302 2420 1435 2489 legis
1447 2429 1717 2491 praecepta
1735 2422 2088 2493 custoditum,

492 2528 602 2568 non
655 2522 837 2583 potest
889 2514 1212 2570 facientibus
1262 2514 1532 2584 deperire.
1592 2513 1911 2584 Nuptiarum
1955 2530 2087 2588 ergo

492 2606 706 2676 copula,
731 2607 856 2678 quia
887 2606 983 2662 Dei
1010 2605 1268 2663 mandato
1290 2603 1600 2677 perﬁcitur,
1633 2622 1743 2662 non
1772 2615 1953 2677 potest
1979 2607 2086 2663 dici

494 2694 813 2767 peccatum,
863 2698 1090 2767 etquod
1116 2706 1402 2770 peccatum
1449 2712 1559 2752 non
1589 2706 1708 2764 est,
1758 2698 1898 2755 solvi
1944 2699 2090 2756 inter

493 2798 718 2857 peccata
747 2790 897 2846 credi
928 2790 1150 2851 omnino
1196 2805 1305 2845 non
1333 2789 1498 2844 debet
1526 2807 1543 2843 ε
1574 2790 1788 2860 eritque
1817 2791 2087 2861 integrum

491 2880 760 2955 aestimare
804 2880 1012 2936 aboleri
1052 2895 1162 2935 non
1206 2895 1370 2950 posse
1409 2881 1607 2951 prioris
1648 2897 1845 2939 nomen
1878 2885 2084 2952 uxoris,

493 2989 618 3031 cum
659 2988 768 3028 non
799 2971 1084 3029 dimissum
1112 2973 1184 3027 sit
1211 2986 1312 3042 pro
1343 2980 1606 3042 peccato,
1638 2974 1764 3044 quia
1792 2989 1857 3030 ex
1891 2975 1987 3032 Dei
2016 2977 2087 3033 sit

492 3064 775 3120 voluntate
804 3063 1157 3133 completum.

529 3200 683 3269 Quod
708 3218 815 3257 non
844 3201 1189 3258 admittuntur
1215 3205 1392 3260 clerici
1419 3204 1484 3260 ab
1514 3206 1769 3262 htcrcticis
1798 3208 2045 3263 ordinati.

568 3314 697 3371 LIII.
730 3315 961 3373 Ventum
989 3326 1073 3373 est
1100 3317 1168 3374 ad
1203 3321 1417 3375 tertiam
1445 3318 1819 3391 quaestionem,
1844 3335 1964 3392 quae
1988 3337 2087 3393 pro

493 3407 575 3464 sui
599 3406 917 3463 diﬂicultate
962 3406 1260 3478 longiorem
1302 3410 1471 3478 exigit
1497 3410 1938 3481 disputationem,
1963 3427 2087 3468 cum

494 3515 594 3554 nos
620 3499 865 3555 dicamus
904 3499 973 3554 ab
1000 3501 1267 3557 hazreticis
1295 3502 1573 3559 ordinatos
1599 3505 1941 3560 vulneratum
1991 3520 2091 3576 per

493 3591 636 3644 illam
666 3605 859 3645 manus
887 3590 1285 3660 impositionem
1316 3590 1516 3648 habere
1544 3602 1726 3665 caput.
1764 3592 1863 3650 Ubi
1893 3595 2089 3651 vulnus

492 3679 713 3736 inﬁxum
742 3691 845 3749 est,
875 3681 1143 3737 medicina
1196 3692 1279 3739 est
1302 3682 1621 3752 adhibenda,
1653 3695 1712 3740 ut
1754 3686 1924 3756 possit
1951 3686 2090 3741 reci-

492 3788 623 3842 pere
650 3773 940 3829 sanitatem
966 3792 979 3826 :
1011 3788 1131 3844 quae
1155 3775 1362 3830 sanitas
1387 3760 1511 3845 post
1540 3776 1731 3832 vulnus
1759 3786 1947 3832 secuta
1973 3776 2090 3834 sine

493 3862 749 3946 cicatrice
770 3879 890 3920 esse
912 3880 1018 3919 non
1068 3864 1288 3936 poterit,
1336 3873 1498 3935 atque
1528 3865 1616 3921 ubi
1643 3866 1978 3936 pcenitentia:
2004 3881 2090 3921 re-

494 3957 728 4012 medium
760 3957 1127 4014 necessarium
1148 3966 1249 4025 est,
1289 3957 1399 4012 illic
1448 3957 1801 4013 ordinationis
1827 3958 2086 4014 honorem

491 4046 671 4101 locum
694 4045 897 4102 habere
928 4062 1035 4101 non
1061 4061 1239 4116 posse.
1265 4045 1398 4100 Nam
1426 4047 1494 4115 'si,
1516 4055 1575 4101 ut
1601 4046 1796 4116 legitur
1822 4046 2006 4119 (Lavit.
2039 4065 2085 4114 l;

496 4133 547 4189 Ν
552 4153 656 4190 um.
675 4137 810 4206 xm),
834 4134 979 4205 quod
1001 4134 1236 4204 tetigerit
1258 4128 1584 4206 immundus,
1602 4135 1932 4193 immundum
1962 4141 2086 4204 erit,

494 4225 767 4295 quomodo
794 4224 847 4280 id
888 4225 936 4280 ei
969 4225 1255 4291 tribuetur,
1291 4225 1436 4295 quod
1463 4224 1723 4281 nmnditia
1777 4243 1842 4283 ac
1882 4229 2088 4300 puritas

494 4317 775 4371 consuevit
828 4316 1078 4385 accipere
1106 4315 1130 4369 ?
1176 4314 1274 4371 sed
1312 4324 1502 4371 contra
1533 4317 1791 4373 asseritur
1817 4333 1959 4385 enin,
1993 4320 2085 4389 qui

494 4407 758 4461 honorem
785 4407 984 4469 amisit,
1016 4406 1280 4460 honorem
1301 4406 1431 4462 dare
1459 4422 1567 4462 non
1595 4423 1787 4479 posse:
1815 4425 1915 4464 nec
1936 4410 2085 4465 illum

470 4496 698 4565 aliquid
719 4496 1014 4567 accepisse,
1045 4495 1168 4565 quia
1218 4496 1348 4551 nihil
1378 4498 1431 4551 in
1453 4497 1617 4554 dante
1635 4509 1770 4566 erat,
1803 4499 1948 4570 quod
1979 4502 2087 4567 ,ille

496 4596 681 4658 posset
705 4587 986 4658 accipere,
1039 4580 1463 4659 acquiescimus,
1494 4598 1550 4645 et
1576 4605 1763 4646 verum
1807 4601 1890 4646 est
1918 4602 2084 4661 certe,

494 4680 621 4752 quia
651 4679 796 4750 quod
816 4696 924 4735 non
949 4679 1154 4745 habuit,
1178 4676 1309 4735 dare
1332 4692 1437 4736 non
1465 4681 1657 4751 potuit.
1678 4678 2086 4739 Damnationem

496 4771 703 4838 utique,
719 4784 880 4839 quam
894 4768 1084 4824 habuit
1111 4785 1209 4841 per
1222 4778 1445 4840 pravam
1472 4787 1664 4826 manus
1688 4771 2087 4842 impositionem

493 4860 661 4928 dedit,
692 4869 746 4916 et
780 4862 871 4932 qui
895 4860 1167 4934 particeps
1194 4862 1366 4919 factus
1387 4877 1473 4919 csr
1511 4861 1788 4933 damnato,
1813 4865 2089 4934 quomodo

492 4952 691 5009 debeat
713 4952 975 5009 honorem
999 4953 1267 5024 accipere,
1302 4954 1547 5009 invenire
1576 4969 1684 5010 non
1709 4969 1949 5025 possum.
1980 4954 2088 5013 Sed

492 5044 693 5099 dicitur
717 5058 846 5099 vera
899 5059 966 5098 ac
985 5043 1128 5113 justa
1176 5043 1403 5113 legitimi
1455 5043 1753 5099 sacerdotis
1779 5044 2086 5101 benedictio

495 5132 710 5190 auferre
739 5149 899 5190 omne
920 5134 1131 5202 vitium,
1150 5132 1296 5204 quod
1318 5149 1348 5188 a
1371 5133 1566 5189 vitioso
1596 5134 1773 5190 fuerat
1803 5136 2080 5206 injectum.

534 5246 687 5312 Quod
724 5248 779 5301 in
806 5245 1220 5303 ordinationibus
1251 5247 1471 5300 crimina
1517 5247 1595 5301 vel
1623 5249 1747 5302 vitia
1788 5264 1892 5303 non
1924 5249 2048 5303 bene

1030 5317 1310 5371 credantur
1338 5318 1554 5388 auferri.

570 5426 700 5484 LIV.
723 5426 884 5499 Ergo,
914 5430 959 5485 si
983 5429 1054 5483 ita
1081 5435 1183 5494 est,
1215 5427 1556 5498 applicentur
1584 5429 1662 5484 ‘ad
1687 5431 2083 5486 ordinationem

496 5519 766 5588 sacrilegi,
789 5519 1044 5587 adulteri,
1076 5528 1239 5589 atque
1259 5520 1498 5577 omnium
1522 5523 1808 5578 criminum
1834 5524 1933 5586 rei,
1961 5523 2085 5590 quia

496 5623 596 5676 per
651 5609 1084 5666 benedictionem
1141 5611 1495 5671 ordinationis
1546 5615 1771 5670 crimina
1828 5614 1913 5670 vel
1958 5616 2085 5669 vitia

497 5706 757 5769 putantur
784 5701 1004 5758 auferri.
1038 5701 1223 5760 Nullus
1268 5706 1338 5761 sit
1380 5704 1711 5777 paenitentia}
1757 5707 1927 5773 locus,
1959 5707 2084 5779 quia

499 5789 552 5843 id
579 5797 759 5860 potest
799 5800 1055 5862 praestare
1082 5795 1373 5861 ordinatio,
1425 5798 1571 5866 quod
1600 5798 1755 5869 longa
1785 5798 2082 5856 satisfactio

2190 1883 2443 1939 cessitate
2468 1883 2729 1954 temporis
2748 1893 3007 1939 statutum
3034 1892 3135 1951 est,
3160 1894 3376 1940 constat
3397 1886 3643 1955 primitus
3667 1903 3781 1942 non

2190 1974 2375 2039 fuisse,
2397 1991 2462 2031 ac
2492 1975 2657 2033 fuisse
2680 1977 2893 2047 regulas
2904 1986 3133 2044 veteres,
3151 1993 3287 2048 quas
3310 1981 3378 2034 ab
3398 1979 3656 2049 apostolis
3684 1990 3781 2037 aut

2188 2067 2503 2137 apostolicrs
2519 2067 2649 2123 viris
2667 2067 2887 2124 traditas
2900 2067 3141 2124 Ecclesia
3159 2068 3400 2125 Romana
3416 2074 3669 2138 custodit,
3684 2086 3780 2126 cu-

2189 2156 2606 2228 stodiendasque
2642 2158 2862 2214 mandat
2890 2160 2974 2215 his
3005 2161 3096 2230 qui
3119 2176 3239 2215 eam
3260 2161 3448 2216 audire
3477 2176 3777 2217 consueve-

2190 2256 2335 2311 runt,
2369 2248 2462 2304 sed
2492 2249 2787 2305 necessitas
2818 2251 3075 2320 temporis
3095 2235 3150 2306 id
3175 2250 3290 2306 ﬁeri
3327 2264 3653 2321 magnopere
3680 2268 3779 2322 po-

2190 2337 2445 2392 stulabat.
2478 2335 2619 2408 Ergo
2648 2339 2792 2409 quod
2826 2340 3122 2396 necessitas
3163 2342 3263 2412 pro
3292 2325 3533 2396 remedio
3554 2343 3776 2411 reperit,

2191 2437 2438 2485 cessante
2485 2430 2810 2486 necessitate
2858 2430 3020 2487 debet
3071 2431 3257 2502 utique
3286 2445 3501 2488 cessare
3552 2430 3777 2501 pariter,

2189 2510 2334 2591 quod
2361 2520 2604 2589 urgebat,
2629 2522 2755 2590 quia
2777 2520 2914 2576 alius
2930 2530 3012 2577 est
3032 2521 3168 2578 ordo
3195 2521 3487 2593 legitimus,
3504 2522 3609 2576 alia
3630 2538 3779 2577 usur~

2190 2609 2358 2680 patio,
2410 2624 2571 2681 quam
2618 2609 2687 2664 ad
2716 2625 2950 2680 praesens
3006 2606 3122 2665 ﬁeri
3152 2618 3363 2681 tempus
3392 2602 3638 2680 impellit.
3670 2604 3780 2665 Sed

2190 2714 2430 2756 canones
2467 2690 2612 2771 apud
2651 2692 2885 2757 Nicaeam
2922 2701 3200 2757 constituti
3227 2700 3296 2757 de
3325 2698 3636 2755 NoVatianis
3664 2696 3779 2756 ﬁeri

2189 2792 2569 2862 permiserunt,
2611 2792 2760 2863 prius
2808 2785 2897 2848 ille
2925 2794 3102 2848 canon
3147 2807 3178 2846 a
3206 2780 3455 2846 Patribus
3501 2791 3781 2847 institutus

2191 2880 2474 2951 ponendus
2510 2892 2622 2950 est,
2672 2891 2732 2938 ut
2767 2876 3350 2954 possimusadvertere
3397 2882 3484 2938 vel
3519 2881 3649 2952 quid
3689 2878 3777 2937 vel

2191 2974 2428 3042 qualiter
2478 2975 2545 3029 ab
2581 2974 2784 3030 eisdem
2829 2988 3046 3030 sensum
3085 2972 3157 3028 sit
3192 2970 3278 3028 vel
3307 2972 3659 3044 praeceptum.
3700 2971 3779 3028 De

2190 3066 2292 3132 his,
2319 3066 2513 3137 inquit,
2564 3067 2655 3136 qui
2712 3067 2993 3122 nominant
3030 3067 3238 3136 scipsos
3278 3068 3560 3135 catharos,
3609 3056 3660 3121 id
3696 3078 3781 3124 est

2115 3166 2160 3231 ρ
2193 3156 2442 3223 mundos,
2473 3164 2530 3211 et
2558 3155 2849 3228 aliquando
2878 3156 3104 3210 veniunt
3132 3154 3199 3210 ad
3230 3155 3552 3211 catholicam
3593 3153 3781 3212 Eccle-

2191 3249 2347 3318 siam,
2389 3248 2590 3319 placuit
2615 3249 2817 3303 sahctac
2866 3255 2922 3303 et
2962 3261 3170 3317 magum
3194 3248 3426 3320 synodo,
3473 3258 3533 3303 ut
3560 3258 3781 3319 accepta

2192 3352 2381 3395 manus
2406 3338 2755 3410 impositione
2782 3338 2861 3394 sic
2888 3347 3143 3395 maneant
3178 3339 3232 3394 in
3262 3338 3431 3395 clero.

2264 3428 2560 3493 Possumus
2584 3443 2716 3485 vero
2738 3426 2918 3484 dicere
2942 3424 3009 3483 de
3038 3422 3167 3484 solis
3193 3428 3299 3484 hoc
3326 3427 3636 3484 Novatianis
3660 3443 3781 3483 esse

2189 3505 2540 3591 praeceptum,
2572 3534 2673 3575 nec
2703 3518 2769 3574 ad
2798 3519 3024 3574 aliarum
3054 3508 3317 3574 hacresum
3349 3518 3578 3574 clericos
3606 3520 3778 3588 perti-

2192 3598 2345 3677 nerej
2379 3626 2504 3665 nam
2531 3611 2574 3665 si
2606 3610 2792 3680 utique
2813 3608 2879 3665 de
2908 3608 3162 3665 omnibus
3194 3609 3267 3663 ita
3297 3607 3600 3673 delinirent,
3629 3607 3782 3664 addi—

2188 3704 2398 3758 dissent
2439 3718 2471 3757 a
2511 3700 2825 3757 Novatianis
2859 3698 3087 3770 aliisque
3128 3701 3398 3757 haereticis
3444 3711 3781 3757 revertentes

2192 3794 2394 3851 debere
2422 3794 2475 3849 in
2522 3808 2678 3849 suum
2723 3790 2968 3849 ordinem
2998 3793 3168 3864 recipi
3208 3812 3221 3847 :
3254 3792 3398 3863 quod
3424 3796 3469 3849 si
3512 3794 3586 3849 ita
3610 3803 3778 3856 esset.

2192 3886 2352 3940 etiam
2376 3882 2507 3939 illud
2538 3884 2792 3951 maxime,
2818 3884 2964 3955 quod
2990 3884 3058 3941 de
3082 3882 3422 3940 Panlianistis
3448 3884 3650 3940 dictum
3674 3896 3779 3950 εει,

2190 3975 2391 4048 poterit
2419 3974 2762 4040 conﬁrmare,
2811 3988 2842 4028 a
2868 3973 3062 4043 quibus
3089 3975 3371 4030 venientes
3413 3976 3573 4029 etiam
3604 3974 3781 4045 bapti-

2191 4067 2300 4121 zari
2350 4065 2689 4136 praecipiunt.
2721 4063 3096 4134 Nunquidnam
3145 4080 3269 4120 cum
3318 4063 3388 4120 de
3436 4063 3782 4120 Panlianistis

2185 4156 2409 4225 jubent,
2456 4169 2647 4211 omnes
2689 4154 2780 4224 qui
2827 4154 2895 4209 ab
2924 4152 3192 4210 haereticis
3215 4156 3579 4223 revertuntur,
3619 4165 3780 4210 erunt

2190 4247 2298 4303 hoc
2338 4246 2588 4318 exemplo
2635 4244 2989 4317 baptizandi?
3016 4244 3160 4315 quod
3205 4259 3327 4300 cum
3377 4245 3553 4300 nullus
3580 4245 3780 4301 audeat

2190 4335 2389 4401 facere,
2419 4336 2487 4392 de
2530 4335 2661 4407 ipsis
2708 4342 2916 4390 tantum
2969 4348 3090 4390 esse
3124 4336 3453 4407 prmceptuni
3494 4335 3635 4391 ratio
3661 4336 3778 4406 ipsa

2181 4424 2548 4480 "demonstrat.
2596 4423 2839 4495 Denique
2882 4420 3184 4495 baptizatos
3223 4427 3325 4481 rite
3353 4426 3421 4480 ab
3450 4427 3779 4495 evangelista

2115 4536 2162 4601 ο
2192 4516 2442 4588 Philippo
2473 4515 2661 4572 Petrus
2690 4524 2745 4572 et
2772 4512 3009 4572 Joannes
3035 4516 3151 4572 sola
3196 4533 3386 4572 manus
3436 4517 3782 4587 impositione

2193 4616 2570 4663 consummant
2611 4606 2748 4672 (Act.
2787 4606 2939 4679 vui):
2997 4607 3119 4663 illos
3168 4610 3299 4673 vero
3337 4622 3474 4678 quos
3503 4607 3780 4678 apostolus

2192 4696 2390 4754 Paulus
2428 4696 2652 4754 Joannis
2689 4698 3014 4769 baptismate
3053 4694 3356 4769 baptizatos
3404 4694 3608 4770 repe'rit
3635 4700 3773 4770 (Act.

2194 4788 2326 4862 xu),
2360 4789 2815 4861 interrogavitque
2859 4805 2925 4843 an
2953 4788 3212 4859 Spiritum
3234 4794 3480 4844 sanctum
3508 4790 3780 4860 suscepis-

2192 4889 2330 4949 sent,
2363 4880 2760 4952 fatentibusque
2781 4897 2840 4937 se
2868 4880 2998 4936 illud
3030 4897 3101 4937 ne
3127 4881 3345 4952 quidem
3368 4882 3565 4937 nomen
3597 4881 3781 4937 audis—

2189 4987 2269 5041 se,
2292 4971 2455 5042 jussit
2483 4988 2576 5030 eos
2600 4971 2883 5044 baptizari.
2913 4971 3120 5029 Videtis
3147 4986 3278 5042 ergo
3304 4972 3409 5028 rite
3454 4973 3778 5043 baptizatos,

2192 5064 2283 5120 illo
2311 5063 2454 5121 dono
2484 5064 2668 5120 iterari
2694 5081 2804 5120 non
2835 5079 2995 5136 posse
3021 5084 3033 5119 :
3062 5074 3117 5120 et
3145 5062 3302 5120 aliter
3322 5063 3437 5120 sola
3467 5078 3608 5135 aqua
3636 5063 3782 5117 lotos

2190 5156 2450 5227 baptizari
2506 5157 2559 5211 in
2609 5157 2824 5213 nomine
2874 5156 3076 5225 Patris,
3125 5164 3181 5213 et
3234 5144 3391 5225 Filii,
3446 5156 3504 5213 et
3548 5155 3781 5227 Spiritus

2188 5248 2359 5302 sancti
2413 5248 2776 5303 necessarium
2808 5248 3096 5319 pervideri.
3124 5247 3199 5303 Ita
3247 5259 3302 5303 et
3348 5248 3417 5302 de
3465 5244 3781 5303 Novatianis

2189 5348 2394 5394 tantum
2419 5339 2628 5409 jussum
2656 5355 2775 5397 esse
2798 5341 2972 5396 lucida
2995 5341 3434 5397 manifestatione
3463 5342 3778 5412 perlegitur,

2187 5429 2330 5500 quod
2360 5430 2560 5486 idcirco
2589 5430 2898 5488 distinctum
2931 5447 3051 5488 esse
3097 5430 3227 5503 ipsis
3254 5433 3460 5487 duabus
3485 5433 3783 5488 hteresibus

2197 5522 2335 5576 ratio
2360 5521 2640 5578 manifesta
2670 5522 2927 5588 declarat,
2959 5522 3082 5592 quia
3113 5520 3455 5577 Paulianista:
3479 5524 3531 5577 in
3560 5522 3784 5577 nomine

2195 5612 2389 5681 Patris,
2422 5611 2476 5668 et
2500 5614 2639 5679 Filii,
2670 5624 2727 5670 et
2752 5614 2985 5684 Spiritus
3026 5611 3201 5671 sancti
3230 5615 3453 5670 minime
3480 5612 3779 5685 baptizant.

2192 5705 2259 5761 Et
2287 5707 2569 5762 Novatiani
2600 5708 2785 5763 iisdem
2816 5707 3121 5762 nominibus
3167 5704 3459 5763 tremendis
3515 5718 3782 5761 veneram.

2189 5799 2375 5872 disque
2396 5799 2692 5870 baptizant,
2724 5813 2825 5856 nec.
2853 5798 2994 5870 apud
3045 5798 3179 5880 istos
3200 5797 3508 5880 deunitatc
3536 5802 3781 5867 potesta-
