4104 6474
327 294 423 349 EG!

1360 303 1733 359 COLLECTIO
1776 306 2237 369 DECRETORUH
2289 316 2392 372 PP.
2438 320 2555 373 RR.

3512 340 3618 395 202

335 410 403 460 tis
427 404 638 472 divinm,
663 406 765 461 hoc
795 412 880 462 est
906 408 1098 476 Patris,
1125 420 1180 465 et
1208 411 1345 477 Filii,
1378 423 1431 468 et
1461 416 1689 485 Spiritus
1710 424 1908 489 sancti,
1948 431 1997 488 Α
2024 428 2201 495 priora
2242 444 2369 499 ergo
2399 434 2715 493 dimittenda
2742 438 2865 498 dico
2909 441 3004 502 Dei
3032 445 3234 516 judicio
3261 467 3273 515 ;
3308 450 3373 506 de
3404 452 3610 523 reliquo

335 498 555 523 η-....ι..ι2Λ
580 499 793 523 ..ιε-.--λη
817 499 865 523 ι..
904 510 1163 523 --....._-a-
1204 512 1275 523 -_.
1340 515 1377 523 _.
1428 509 1438 518 -
1463 508 1499 523 n,
1588 511 1601 523 ι
1798 515 1829 523 ..
2154 519 2166 523 -

332 498 557 568 quaestio
580 499 869 568 aliquando
898 510 1167 557 commota
1197 512 1300 573 est,
1329 515 1384 559 et
1426 508 1547 563 ideo
1572 511 1638 566 de
1665 515 1918 571 omnibus

331 592 624 659 sagi-egetis
672 591 788 647 lucc
834 593 948 647 sola
979 594 1155 649 electa
1186 606 1288 662 est,
1336 601 1421 653 cui
1468 601 1612 657 istud
1636 604 1921 663 crederent

333 680 756 747 concedendum,
781 683 907 752 quia
939 684 1069 738 nihil
1093 687 1146 739 in
1175 684 1439 756 Patris,et
1458 690 1669 760 Filii,et
1688 694 1921 764 Spiritus

332 773 506 828 sancti
534 786 876 831 sacramento
906 787 1215 847 peccarent.
1239 782 1294 835 Si
1307 783 1424 849 quis
1435 799 1561 839 vero
1576 785 1642 841 de
1656 789 1921 846 catholica

333 864 399 918 ad
438 864 682 918 hmresim
715 867 1004 930 transiens,
1036 876 1129 922 aut
1173 869 1343 925 ﬁdelis
1372 873 1440 927 ad
1478 878 1803 943 apostasiam
1832 895 1920 934 re-

334 965 550 1011 vertens
579 958 906 1026 resipiscens
951 960 1129 1016 redire
1156 962 1417 1030 voluerit,
1462 968 1701 1036 nunquid
1731 971 1920 1027 eadem

331 1048 542 1102 ratione
570 1050 772 1117 poterit
816 1050 884 1104 ad
940 1051 1143 1107 clerum
1173 1056 1410 1123 permitti
1438 1058 1459 1111 ?
1503 1058 1741 1125 Quorum
1770 1080 1922 1118 com-

334 1137 555 1190 missum
608 1153 717 1192 non
768 1140 869 1194 nisi
912 1141 1069 1209 longa
1101 1145 1413 1213 poenitentia
1464 1152 1663 1218 poterit
1691 1153 1916 1222 aboleri,

334 1243 435 1282 nec
464 1239 587 1299 post
607 1233 979 1300 paenitentiam
1003 1237 1258 1293 clericum
1288 1241 1402 1297 ﬁeri
1431 1245 1530 1313 ipsi
1558 1261 1796 1303 canones
1820 1266 1919 1306 sua

332 1321 656 1376 auctoritate
684 1325 1020 1392 permittunt.
1044 1325 1195 1384 Unde
1223 1341 1465 1398 constat,
1499 1337 1588 1403 qui
1616 1337 1684 1391 de
1730 1341 1919 1395 catho-

332 1412 431 1467 lica
464 1414 530 1469 ad
558 1415 830 1472 Bonosum
882 1421 1210 1477 transierunt
1261 1423 1573 1481 damnatum
1598 1468 1614 1494 ,
1671 1440 1833 1500 atque
1861 1449 1920 1490 se

328 1506 473 1574 passi
512 1514 637 1563 sunt
686 1510 770 1565 vel
824 1511 1112 1580 cupierunt
1158 1516 1224 1570 ab
1265 1518 1456 1572 eodem
1494 1521 1753 1589 ordinari,
1810 1542 1919 1581 non

327 1600 635 1669 oportuisse
681 1602 1038 1661 ordinationis
1081 1608 1458 1666 ecclesiastica:
1514 1615 1789 1684 suscipere
1834 1618 1919 1673 di-

326 1694 606 1759 gnitatem,
639 1697 729 1764 qui
785 1712 1070 1754 commune
1124 1703 1364 1756 omnium
1407 1704 1771 1763 Eeclesiarum
1822 1709 1913 1779 ju-

2022 519 2256 575 maxima
2285 524 2645 584 sollicitudine
2669 536 3102 601 prrecavendum.

2024 627 2176 717 Quod
2203 633 2496 717 subreptum
2527 642 2681 712 fuerit
2709 646 3008 714 apostolica:
3025 650 3158 717 sedi,
3177 662 3227 705 et
3256 670 3401 707 suam
3430 656 3482 709 in
3513 674 3616 711 nte-

2094 704 2194 790 lius
2221 704 2896 790 mittentique-commutari!
2920 755 2936 781 ,
2986 704 3193 790 quando
3214 704 3612 781 damnationem

2094 772 2309 830 Pltotini
2333 781 2598 835 rescindit.

2096 864 2320 921 Veniam
2351 885 2492 925 nunc
2523 874 2591 927 ad
2625 876 2917 933 maximum
2944 882 3096 950 quasi
3124 885 3399 953 quoddam
3431 888 3610 947 thema

2024 954 2332 1025 Photinum,
2362 969 2417 1014 et
2446 965 2589 1033 quod
2611 966 2742 1021 mihi
2770 971 2987 1024 anxium
3011 982 3095 1028 est
3124 990 3186 1029 ac
3215 976 3608 1043 diflicillimum,

2023 1046 2289 1116 majorum
2308 1066 2550 1107 meorum
2574 1059 2845 1114 revolvam
2875 1066 3189 1120 sententias.
3210 1067 3406 1122 Fuerat
3427 1070 3495 1125 de
3519 1071 3614 1126 illo

2023 1148 2241 1205 quoquo
2268 1150 2450 1210 pacto,
2483 1152 2544 1197 ut
2571 1146 2734 1202 etiam
2781 1150 2880 1220 ipsi
2922 1157 3384 1225 commeministis,
3411 1160 3613 1231 aliquid

2022 1228 2207 1297 utique
2251 1233 2467 1301 gravius
2506 1238 2896 1307 constitutum;
2925 1259 3109 1298 verum
3148 1249 3405 1315 quoniam
3434 1251 3485 1304 id
3516 1266 3612 1320 per

2022 1335 2294 1377 rumorem
2322 1324 2885 1401 falsum,utasseritis,
2907 1337 3221 1407 subreptum
3253 1340 3380 1395 huic
3410 1342 3610 1406 sedi,et

2022 1410 2259 1466 elicitum
2288 1430 2385 1483 per
2410 1417 2633 1473 insidias
2679 1422 3085 1494 demonstratis,
3116 1431 3240 1496 quia
3264 1446 3350 1484 res
3376 1431 3441 1484 ad
3470 1434 3608 1487 salu-

2022 1509 2131 1554 tem
2178 1505 2355 1571 rediit,
2385 1510 2600 1565 veniam
2632 1529 2730 1567 nos
2779 1517 2917 1572 hanc
2945 1518 2998 1572 in
3050 1528 3257 1574 tantum
3284 1523 3435 1577 vobis
3459 1525 3608 1577 adni-

2022 1594 2258 1650 tentibus
2294 1606 2417 1666 post
2439 1602 2946 1661 condemnationem
2980 1623 3133 1665 more
3159 1614 3457 1681 apostolico
3486 1617 3607 1669 sub-

2016 1696 2307 1751 rogamus,
2355 1691 2626 1762 tantisque
2670 1698 2863 1752 vestris
2903 1702 3308 1770 assertiopibus,
3356 1706 3609 1776 vobisque

326 1781 527 1837 (ﬁcium
558 1784 896 1853 deserentes,
934 1804 1086 1844 suam
1109 1794 1455 1861 peculiariter
1498 1797 1549 1851 in
1579 1797 1796 1855 Bonoso
1821 1775 1916 1857 ᾖ,
1951 1805 1993 1864 Β
2023 1780 2129 1864 tam
2157 1775 2334 1843 bonis,
2368 1789 2472 1833 tam
2503 1783 2681 1838 charis
2698 1801 2806 1840 non
2834 1787 2963 1845 dare
2992 1807 3334 1859 consensum,
3361 1798 3608 1852 omnibus

327 1876 549 1931 nitatem
580 1879 911 1948 sequendam
940 1896 1059 1938 esse
1083 1883 1382 1953 duxerunt;
1414 1888 1509 1944 sed
1538 1890 1734 1946 multos
1784 1909 1917 1949 con-

327 1976 438 2021 stat
459 1971 568 2023 vim
590 1986 796 2041 passos,
823 1982 984 2044 atque
1013 1975 1209 2033 invitos
1235 1984 1493 2036 attractos
1524 1995 1914 2052 repugnantes-

324 2074 433 2128 que
458 2061 525 2115 ab
553 2062 744 2117 eodem
775 2066 1069 2122 ordinatos.
1102 2069 1255 2124 Dicat
1301 2072 1451 2137 mihi,
1482 2075 1626 2140 volo,
1671 2078 1915 2146 quisquis

328 2150 430 2205 hoc
458 2151 649 2217 credit,
670 2154 716 2207 si
740 2170 847 2209 non
878 2165 1001 2225 post
1021 2159 1417 2216 ordinationem
1432 2161 1626 2218 Βοηθεὶ
1652 2167 1909 2234 interfuit,

323 2254 447 2294 cum
476 2242 769 2298 conﬁceret
796 2256 1152 2313 sacramenta,
1183 2252 1227 2304 si
1254 2254 1619 2308 communioni
1643 2256 1760 2325 ejus
1788 2273 1913 2329 par-

326 2326 575 2399 tieipatus
600 2347 705 2385 non
729 2342 830 2400 est,
862 2336 905 2389 si
933 2338 1113 2391 statim
1138 2339 1540 2399 discedentibus
1564 2345 1631 2400 de
1662 2348 1776 2415 ejus
1790 2326 1914 2418 pes-

320 2420 462 2475 simo
499 2425 861 2481 conciliabulo
914 2428 983 2481 ad
1012 2428 1307 2485 Ecclesiam
1356 2433 1535 2499 rediit,
1561 2443 1616 2490 et
1663 2438 1762 2491 iste
1793 2440 1913 2495 talis

320 2520 499 2580 potest
516 2514 716 2570 habere
739 2516 975 2572 colorem
998 2519 1225 2589 aliquem
1245 2525 1628 2580 excusationis.
1644 2526 1911 2586 Czeternm

321 2605 409 2659 alii
433 2607 521 2675 qui
543 2609 626 2662 vel
654 2618 779 2677 μορε,
795 2625 993 2665 annum
1029 2621 1123 2665 aut
1151 2629 1391 2669 mensem
1421 2617 1789 2673 adEcelesiam
1820 2636 1909 2674 re-

323 2692 546 2750 dierunt
609 2698 924 2768 intelligitur
965 2714 1062 2755 eos
1103 2703 1195 2770 qui
1250 2704 1303 2757 in
1342 2707 1604 2763 catholica
1644 2720 1911 2767 noverunt

318 2798 379 2839 se
395 2795 616 2856 propter
629 2789 757 2841 vitia
780 2804 876 2847 sua
894 2805 1000 2844 non
1024 2806 1184 2861 posse
1199 2796 1477 2865 suscipere
1489 2798 1907 2869 ordinationem,

322 2874 526 2931 idcirco
572 2877 641 2931 ad
664 2879 812 2932 illum
855 2883 1178 2950 porrexisse,
1211 2886 1302 2955 qui
1334 2888 1531 2955 passim
1581 2899 1636 2944 et
1656 2888 1772 2946 sine
1802 2894 1907 2948 ulla

318 2967 653 3025 discussione
679 2972 1048 3031 ordinationes
1073 2977 1284 3034 illicitas
1314 2979 1543 3037 faciebat
1578 3001 1591 3036 :
1622 2984 1910 3043 credentes

315 3072 375 3112 se
405 3074 565 3127 posse
616 3077 714 3130 per
766 3062 922 3119 istam
961 3067 1351 3125 institutionem
1381 3072 1554 3127 locum
1588 3076 1637 3128 in
1667 3076 1904 3133 Ecclesia

2019 1862 2167 1939 duris
2188 1868 2350 1923 rebus
2378 1870 2565 1927 durius
2596 1877 2940 1934 arbitramur.
2967 1881 3071 1938 Pro
3094 1894 3273 1940 vestra
3304 1902 3433 1956 ergo
3463 1889 3606 1944 arbi~

2018 1957 2271 2027 tratione,
2300 1958 2492 2019 fratres
2519 1966 2842 2038 charissimi,
2865 1977 3135 2029 sententia
3162 1992 3224 2031 ac
3246 1980 3607 2047 postulatione

2004 2048 2329 2120 episcopum
2347 2053 2635 2112 Photinum
2662 2060 2917 2117 habetote
2944 2065 3145 2120 licitum
3169 2068 3242 2122 ita
3259 2072 3606 2135 constituere,

2015 2147 2076 2193 ut
2102 2140 2813 2214 deprecamini,etnostram
2838 2154 2890 2207 in
2914 2156 3102 2211 melius
3132 2173 3451 2215 conversam
3482 2178 3607 2217 sen-

2016 2234 2236 2289 tentiam
2276 2237 2462 2295 labore
2502 2241 2589 2296 vel
2617 2244 2928 2301 testimonio
2970 2258 3150 2306 vestro
3173 2260 3453 2323 compotes
3493 2258 3606 2309 voti

2012 2326 2287 2395 suscipite.
2317 2329 2494 2399 [Eque
2542 2331 2878 2390 Eustathium
2926 2354 2955 2392 a
3012 2355 3099 2394 me
3131 2343 3425 2411 smpissime
3459 2360 3609 2398 com~

2012 2416 2299 2484 probatum
2325 2421 2497 2476 nolite
2522 2433 2929 2494 exspectare,ut
2954 2428 3183 2485 diaconii
3212 2434 3382 2498 gratia
3409 2449 3607 2503 exspo-

2014 2506 2207 2560 lietur:
2259 2510 2520 2568 sollicitos
2549 2516 2692 2568 enim
2719 2532 2817 2572 vos
2838 2533 2938 2587 pro
2962 2520 3135 2574 salute
3163 2521 3395 2577 libenter
3424 2524 3606 2591 audio,

2014 2606 2203 2654 contra
2231 2611 2392 2672 caput
2412 2605 2595 2670 etiam,
2623 2608 2667 2661 si
2689 2607 2991 2665 faciendum
3014 2620 3238 2677 est,non
3264 2614 3492 2671 libenter
3511 2621 3601 2675 ad-

2014 2688 2187 2755 mitto,
2230 2692 2317 2745 cui
2356 2708 2573 2749 manum
2614 2698 2905 2767 porrigitis,
2937 2703 3214 2757 vobiscum
3245 2706 3484 2773 porrigo,
3515 2711 3604 2766 cui

2011 2780 2250 2849 porrigo,
2282 2797 2491 2839 mecum
2530 2788 2810 2856 porrigite.
2841 2789 2967 2847 Haec
2991 2793 3134 2847 enim
3177 2794 3244 2848 ad
3291 2796 3603 2855 Corinthios

2012 2872 2309 2939 apostolica
2342 2882 2425 2929 est
2451 2876 2725 2933 declarata
2772 2879 3076 2949 benignitas
3118 2882 3172 2955 (1
3220 2885 3418 2940 Coi-int.
3450 2887 3514 2957 ι),
3546 2900 3603 2945 ut

2012 2960 2065 3013 in
2095 2976 2204 3016 uno
2232 2965 2423 3032 spiritu
2472 2966 2687 3023 ductam
2718 2984 2783 3024 ac
2807 2972 3083 3027 reductam
3124 2976 3444 3031 sententiam
3475 2977 3606 3038 boni

2010 3063 2224 3120 semper
2272 3052 2637 3112 indifferenter
2690 3070 3007 3129 sequantur.
3056 3063 3189 3119 Nam
3238 3067 3441 3136 fateor,
3488 3070 3603 3126 hinc

318 3149 587 3205 catholica
641 3155 910 3223 reperire,
965 3157 1033 3213 de
1085 3172 1194 3229 quo
1247 3170 1405 3216 antea
1457 3164 1894 3235 desperaverunt.
1933 3172 1977 3234 ρ
2009 3156 2097 3194 nte
2123 3142 2355 3235 primum
2397 3156 2485 3199 res
2520 3147 2658 3203 bene
2694 3149 2858 3206 habet
2893 3168 3018 3222 erga
3051 3152 3389 3211 Eustathium
3417 3158 3599 3213 diaco-

314 3240 470 3297 Nunc
515 3243 645 3298 illud
693 3248 838 3315 quod
867 3260 1111 3319 superest
1150 3253 1443 3324 interrogo,
1477 3258 1565 3326 qui
1600 3270 1724 3329 post
1750 3249 1904 3321 nien-

312 3348 428 3387 sem
486 3344 587 3413 aut
606 3339 833 3408 amplius
873 3343 1050 3406 rediit,
1097 3360 1219 3400 cum
1250 3361 1310 3401 se
1339 3350 1709 3421 presbyterum
1739 3370 1770 3409 a
1799 3355 1906 3411 Bo-

315 3438 450 3480 noso
477 3426 775 3489 conﬁdent
796 3432 1120 3499 ordinatum,
1156 3436 1329 3491 sinon
1351 3450 1690 3496 sacramenta
1717 3445 1902 3501 confes

311 3516 407 3580 cit,
429 3517 472 3571 si
497 3533 603 3572 non
634 3522 1155 3595 populis-distribuit,
1183 3528 1229 3582 si
1248 3544 1358 3583 non
1388 3531 1577 3588 missas
1604 3535 1899 3591 secundum

309 3611 754 3667 consuetudinem
812 3616 1147 3685 complevit:
1207 3619 1333 3688 quid
1386 3620 1453 3675 de
1483 3622 1565 3677 his
1604 3627 1893 3690 censeatis,

307 3712 495 3765 queeso
528 3703 790 3769 promatis
833 3706 1122 3773 apertius?
1173 3709 1255 3763 Ad
1305 3726 1569 3767 summam
1611 3725 1777 3781 certe,
1804 3718 1896 3786 qui

308 3788 439 3841 nihil
469 3803 500 3842 a
527 3788 741 3847 Bonoso
767 3805 1111 3863 acceperunt,
1142 3800 1223 3853 rei
1265 3810 1391 3855 sunt
1420 3814 1687 3873 usurpatae
1717 3806 1895 3875 digni-

305 3881 465 3944 tatis,
499 3883 590 3949 qui
615 3883 1076 3942 eonﬁciendorum
1121 3901 1583 3950 sacramentorum
1622 3897 1723 3952 sibi
1774 3900 1894 3954 vin-

301 3966 622 4023 dicaverunt
651 3978 743 4025 aut
771 3988 878 4028 non
908 3974 1317 4033 vindieaverunt
1365 3984 1742 4040 auctoritatem
1761 4028 1776 4053 ,
1809 3996 1893 4042 at-

301 4069 408 4123 que
432 4057 482 4112 id
505 4073 563 4112 se
586 4068 910 4128 putaverunt
937 4079 1079 4134 esse,
1106 4069 1251 4138 quod
1298 4069 1382 4125 his
1427 4073 1571 4128 nulla
1603 4075 1776 4131 fuerat
1798 4094 1887 4135 re-

301 4146 470 4216 gulari
494 4151 704 4207 ratione
732 4169 1078 4215 concessum.

372 4306 522 4372 Quod
546 4313 600 4366 in
630 4312 867 4372 Ecclesia
906 4328 1172 4445 peccatum
1196 4327 1377 4405 populi
1405 4327 1626 4383 inultum
1648 4331 1813 4386 soleat

952 4407 1062 4445 vro:
1084 4410 1229 4445 erm.

951 4407 1205 4461 pra'term
1216 4433 1229 4447 .

2008 3244 2156 3296 nutu,
2182 3233 2323 3299 quod
2349 3247 2451 3289 nec
2472 3245 2661 3291 contra
2685 3237 2841 3294 tidem
2871 3256 3105 3311 unquam
3132 3244 3422 3314 quidquam
3451 3247 3600 3302 locn-

2009 3328 2092 3375 tns
2113 3320 2201 3387 sit,
2233 3337 2333 3378 nec
2355 3322 2664 3395 loquentem
2696 3330 2992 3399 admiserit,
3025 3348 3125 3390 nec
3153 3335 3221 3389 ad
3250 3347 3479 3393 mortem
3501 3338 3598 3393 cri-

2004 3426 2127 3466 men
2150 3413 2369 3483 aliquod
2407 3420 2763 3488 commisisse,
2810 3423 2895 3478 vel
2916 3424 3180 3494 jactatum
3211 3443 3465 3498 unquam,
3511 3440 3599 3492 vel

2004 3503 2189 3559 ﬁctum
2220 3508 2289 3561 de
2314 3522 2381 3562 eo
2410 3514 2836 3579 recognoverim.
2868 3512 2933 3569 Et.
2980 3518 3071 3585 qui
3099 3518 3152 3572 in
3182 3522 3265 3576 his
3285 3524 3464 3582 salvus
3488 3540 3593 3595 est,

2000 3596 2045 3651 si
2075 3611 2183 3664 quo
2209 3607 2368 3666 pacto
2399 3604 2842 3660 conversationes
2872 3608 3129 3665 amabiles
3159 3628 3268 3668 non
3292 3615 3479 3686 habet,
3505 3620 3595 3676 ha—

1998 3690 2206 3746 bendus
2234 3700 2337 3761 est,
2392 3701 2451 3747 ut
2482 3696 2661 3752 minus
2687 3713 2788 3767 pro
2829 3706 3075 3770 tempore
3100 3703 3344 3773 dilectus,
3397 3727 3505 3766 non
3537 3726 3594 3768 ut

1997 3782 2245 3840 inimicus
2273 3786 2591 3853 aestimatus,
2607 3788 2825 3845 diabolo
2850 3791 2903 3844 in
2932 3803 3249 3863 perpetuum
3274 3800 3591 3871 mancipan-

1997 3873 2115 3931 dus.
2140 3876 2420 3945 Cognosce
2444 3879 2590 3934 illum
2611 3881 2752 3937 inter
2771 3883 2887 3938 illas
2907 3885 3207 3945 simultates
3240 3904 3305 3946 ac
3328 3896 3587 3961 turbines,

1994 3973 2183 4021 contra
2219 3970 2510 4023 multorum
2555 3972 2751 4039 studia,
2806 3990 2916 4030 non
2967 3976 3090 4034 dico
3137 3983 3341 4050 qualia,
3376 3987 3586 4044 diversa

1991 4056 2245 4123 sensisse,
2276 4067 2330 4112 et
2349 4074 2469 4114 cum
2498 4060 2625 4116 hinc
2666 4077 2755 4118 res
2786 4065 3227 4138 calamitatesque
3251 4072 3378 4143 ipsae
3404 4091 3588 4132 emcn-

1992 4149 2131 4205 datze
2174 4152 2303 4219 sint,
2335 4153 2508 4209 adhuc
2537 4154 2817 4211 Dizoniani
2870 4163 2925 4213 et
2970 4158 3181 4231 Cyriaci
3223 4166 3586 4223 subdiacono-

1990 4257 2108 4295 rum
2159 4258 2268 4297 non
2316 4243 2559 4312 potuisse
2608 4245 2753 4315 apud
2783 4262 2879 4302 vos
2927 4250 3360 4309 emendationem
3391 4259 3586 4314 revivi—

1989 4347 2157 4389 scere.
2185 4331 2547 4403 Compescite,
2567 4348 2771 4404 quaeso,
2804 4338 2870 4392 ab
2899 4338 2991 4393 illo
3019 4342 3415 4415 praedictisque,
3446 4366 3583 4418 quo-

1987 4437 2320 4491 rumcunque
2365 4423 2558 4480 videtis
2586 4426 2815 4494 animos,
2845 4440 2909 4483 ac
2940 4443 3055 4484 non
3080 4429 3254 4499 justas
3281 4438 3584 4496 mmulatio-

366 4490 500 4548 LVI.
526 4492 813 4554 Pervideat
852 4514 982 4570 ergo
1015 4502 1234 4560 dilectio
1254 4518 1434 4561 vestra
1465 4507 1726 4566 hactenus
1754 4513 1884 4569 talia
1914 4540 1965 4599 D
1990 4530 2105 4579 nes,
2128 4523 2186 4570 ut
2212 4490 2330 4584 ipse
2357 4515 2499 4585 apud
2540 4531 2638 4571 nos
2660 4516 2889 4587 integer,
2925 4521 3064 4589 apud
3091 4538 3187 4579 vos
3215 4542 3338 4581 cum
3360 4530 3471 4586 suis
3496 4548 3583 4588 rc-

292 4584 576 4655 trausisse,
600 4596 655 4642 et
675 4588 937 4647 advertite
957 4594 1123 4662 quod,
1160 4602 1219 4650 ut
1240 4595 1438 4664 dicitis,
1460 4603 1759 4659 necessitas
1782 4605 1881 4658 im-

288 4678 508 4746 peravit
532 4678 587 4733 in
615 4696 752 4751 pace
778 4683 888 4752 jam
914 4684 1187 4744 Ecclesiae
1227 4692 1553 4749 constitutas
1582 4710 1689 4750 non
1721 4712 1881 4765 posse

287 4779 658 4836 praesumere:
688 4773 801 4838 sed,
827 4783 888 4830 ut
934 4790 1077 4847 saepe
1104 4780 1330 4849 accidit,
1361 4784 1574 4851 quoties
1598 4799 1628 4838 a
1666 4786 1881 4856 populis

287 4868 389 4915 aut
409 4876 442 4916 a
474 4863 628 4919 turba
652 4878 923 4938 peccatur,
950 4873 1072 4940 quia
1102 4874 1154 4928 in
1185 4890 1373 4931 omnes
1394 4886 1616 4948 propter
1644 4878 1880 4933 amttitu-

284 4950 477 5008 dinem
496 4971 605 5011 non
631 4967 813 5027 potest
836 4962 1116 5031 vindicari,
1142 4966 1369 5020 inultum
1398 4967 1572 5023 soleat
1604 4971 1832 5024 transire
1857 4988 1870 5024 :

1446 5172 1815 5233 DECRETA
1860 5174 2129 5238 ZOSIMI
2173 5180 2422 5242 PAPJE.

278 5345 440 5415 Quod
468 5354 705 5428 monachi
734 5355 809 5428 uel
839 5354 980 5421 laici,
1003 5355 1103 5409 nisi
1132 5373 1220 5425 per
1247 5359 1439 5428 gradus
1470 5359 1735 5427 Ecclesiw,
1762 5379 1865 5417 non

439 5422 653 5476 debeant
681 5425 749 5476 ad
777 5440 1029 5478 summum
1064 5422 1406 5481 sacerdotium
1434 5433 1714 5497 pervenire.

344 5532 387 5588 Ι.
432 5530 677 5590 Zosimus
705 5534 990 5607 episcopus
1019 5537 1166 5593 urbis
1207 5538 1392 5594 Roma:
1437 5539 1704 5611 Hesychio
1746 5545 1863 5613 epi-

268 5641 444 5695 scopo
469 5623 806 5682 Salonitano.
831 5625 1021 5696 Exegit
1038 5628 1254 5685 dilectio
1277 5638 1365 5685 tua
1385 5641 1710 5701 praeceptum
1735 5650 1862 5706 apo-

267 5717 478 5773 stolica:
506 5717 670 5786 sedis,
704 5720 753 5773 in
782 5736 889 5790 quo
913 5718 1135 5779 Patrum
1164 5725 1383 5781 decreta
1404 5726 1770 5796 consentiunt,
1800 5736 1854 5785 et

1988 4614 2211 4675 paratus
2233 4613 2511 4663 mereatur
2538 4622 2747 4678 pacem,
2794 4626 2899 4666 non
2932 4612 3111 4668 ﬁctam
3142 4618 3431 4685 pervidens
3452 4623 3581 4679 cha-

1988 4697 2224 4751 ritatem.
2252 4694 2512 4754 Omnibus
2543 4699 2706 4768 igitur
2727 4701 2879 4758 vobis
2905 4717 2969 4757 ac
2992 4704 3301 4773 singillatim
3328 4723 3578 4769 occurrat

1985 4786 2241 4851 eharitas,
2284 4796 2337 4842 et
2367 4788 2596 4844 vinculis
2620 4804 2740 4858 qute
2781 4792 2940 4847 nullis
2970 4795 3145 4850 modis
3167 4813 3195 4851 a
3223 4797 3437 4855 Christo
3468 4805 3575 4856 sol-

1985 4886 2201 4945 vuntur,
2229 4879 2506 4933 vobiscum
2537 4880 2738 4949 pariter
2766 4881 2819 4935 in
2847 4892 3166 4953 perpetuum
3196 4901 3459 4956 connexa,
3492 4890 3575 4945 la»

1987 4978 2128 5025 tetur
2154 4971 2207 5024 in
2237 4971 2488 5027 Domino.

2721 5088 3568 5113 Ἦ

1975 5364 2244 5432 signiﬁcas
2273 5373 2558 5430 nonnullos
2592 5390 2655 5430 ex
2689 5379 3079 5436 monachorum
3128 5393 3289 5452 cmtu,
3332 5401 3566 5456 quorum

1973 5459 2204 5516 solitudo
2216 5466 2461 5532 quamvis
2474 5467 2775 5537 frequentia
2792 5472 2965 5540 major
2991 5486 3091 5542 est,
3117 5477 3212 5532 sed
3230 5486 3286 5534 et
3309 5480 3474 5538 laicos
3497 5484 3565 5539 ad

1971 5551 2329 5607 sacerdotium
2360 5554 2632 5611 festinare.
2666 5557 2781 5614 IIoc
2809 5572 2989 5618 autem
3017 5569 3342 5638 specialiter,
3383 5582 3435 5628 et
3464 5577 3565 5631 sub

1971 5640 2455 5709 prmdecessoribus
2475 5649 2693 5713 nostris,
2719 5658 2773 5704 et
2795 5668 2965 5721 nuper
2986 5671 3016 5709 a
3039 5660 3195 5715 nobis
3215 5663 3561 5721 interdictum

1969 5742 2203 5804 constat,
2235 5736 2426 5795 litteris
2471 5739 2539 5795 ad
2560 5737 2764 5797 Gallias
2791 5741 3181 5819 Hispaniasque
3208 5756 3555 5821 transmissis,

3518 5248 3603 5275 ’λιια
3622 5276 3627 5279 ⁸
3646 5278 3655 5285 ⁵
