4104 6480
471 281 578 336 9.63

1742 266 2099 322 01δ>ίϊει115
2141 266 2461 324 11110005.

3645 263 3754 320 264

475 398 529 452 111
555 395 746 464 quibus
783 391 1086 462 regionibus
1120 388 1392 443 familiaris
1417 394 1502 442 est
1531 387 1632 441 ista
1662 381 2005 454 praesumptio
2037 399 2049 433 :
2084 390 2130 448 Α
2160 382 2292 436 bitct
2307 381 2406 434 sibi
2438 394 2544 434 non
2566 386 2816 434 constare
2836 378 3121 442 rationem,
3149 377 3194 432 si
3223 376 3329 432 hoc
3349 385 3503 448 putat
3523 384 3646 449 post
3674 387 3758 432 tot

476 486 719 556 quamvis
764 499 863 538 nec
902 482 1076 536 Africa
1112 495 1273 549 super
1312 480 1416 533 hac
1461 476 1830 532 admonitione
1878 482 2062 528 nostra

479 576 743 632 habeatur
767 572 961 636 aliena,
987 585 1053 624 ne
1074 570 1194 638 quis
1223 569 1434 638 penitus
1463 571 1651 620 contra
1682 563 1900 618 Patrum
1923 576 2062 632 prm—

481 675 659 736 ccpta,
687 662 776 731 qui
817 659 1190 717 ecclesiasticis
1217 658 1508 728 disciplinis
1536 656 1769 710 imbutus
1797 670 1893 724 per
1920 654 2065 708 ordi-

484 770 606 809 nem
652 768 756 807 non
801 750 1008 818 fuisset,
1047 758 1104 805 et
1144 749 1405 818 temporis
1443 746 1834 817 approbatione
1871 744 2067 800 divinis

483 844 760 915 stipendiis
786 842 1044 906 eruditus,
1072 854 1408 910 nequaquam
1431 839 1498 892 ad
1521 852 1788 892 summum
1813 834 2069 890 Ecclesia:

486 933 846 993 sacerdotium
875 931 1111 1002 aspirare
1152 937 1520 1000 pnesumeret,
1551 936 1606 983 et
1649 943 1757 982 non
1799 927 1972 981 solum
2016 925 2070 979 in

488 1045 554 1081 cn
586 1025 805 1079 ambitio
832 1022 1080 1078 inefﬁcax
1109 1022 1416 1086 haberetur,
1441 1036 1629 1075 verum
1653 1019 1816 1073 etiam
1845 1019 1897 1072 in
1929 1017 2074 1073 ordi-

491 1128 707 1172 natores
727 1115 863 1185 ejus,
887 1123 947 1169 ut
966 1120 1216 1170 carerent
1245 1127 1311 1166 co
1339 1110 1529 1166 ordine
1551 1125 1712 1180 quem
1740 1103 1857 1164 sine
1884 1108 2074 1163 ordine

494 1218 678 1262 contra
710 1214 977 1277 praecepta
1005 1204 1225 1258 Patrum
1256 1203 1594 1258 crediderant
1621 1201 2071 1272 praisumendum.

499 1298 650 1352 Unde
697 1298 954 1352 miramur
985 1295 1052 1349 ad
1079 1295 1421 1350 dilectionem
1452 1301 1598 1347 tuam
1627 1300 1827 1348 statuta
1856 1300 2076 1361 aposto«

497 1387 612 1440 lica:
641 1386 784 1440 sedis
813 1401 920 1439 non
959 1384 1122 1438 fuisse
1155 1383 1383 1453 perlata.
1416 1382 1718 1437 Laudamus
1757 1382 1920 1451 igitur
1948 1395 2076 1450 pro—

496 1477 730 1547 positum
760 1477 1075 1531 constantiae
1103 1484 1227 1545 tute,
1257 1474 1424 1530 frater
1445 1475 1778 1542 cbarissime,
1809 1489 1909 1528 nec
1936 1471 2080 1527 aliud

497 1568 565 1622 de
610 1566 866 1636 pontiﬁcii
907 1582 1134 1621 censura
1172 1565 1371 1621 veteris
1413 1564 1749 1620 auctoritatis
1791 1577 1958 1633 genus
1985 1577 2082 1617 ex-

499 1657 848 1727 spectandum
890 1655 1009 1720 fuit,
1041 1670 1201 1724 quam
1248 1663 1308 1710 ut
1353 1655 1548 1709 talibus
1579 1654 1958 1710 ambitionibus
1982 1669 2081 1724 pro

2161 474 2553 544 prohibitiones
2573 473 2790 542 impune
2809 486 2971 542 posse
2993 471 3190 526 tentari
3214 489 3227 523 :
3250 470 3590 526 contumeliae
3609 471 3756 526 enim

2164 563 2342 622 studio
2373 562 2434 616 ﬁt
2457 562 2718 632 quidquid
2745 563 3089 617 interdictum
3119 560 3280 617 toties
3309 569 3621 631 usurpatur.

2202 671 2334 738 Quae
2349 674 2404 728 in
2430 675 2647 745 singulis
2671 674 2792 728 cieri
2820 673 3066 743 gradibus
3089 682 3322 744 tempora
3347 674 3454 728 sint
3476 674 3721 744 pmﬁxa.

2242 764 2328 818 111.
2372 763 2498 819 [hec
2527 773 2706 819 autem
2729 765 2954 834 singulis
2983 765 3238 833 gradibus
3267 763 3603 820 observanda
3637 771 3763 819 sunt

2170 865 2414 924 tempora
2429 871 2442 906 :
2456 852 2513 908 Si
2525 855 2592 909 ab
2605 854 2824 908 infantia
2837 853 3218 910 ecclesiasticis
3233 853 3543 908 ministeriis
3557 869 3755 908 nomen

2171 945 2402 1010 dederit,
2449 945 2591 999 inter
2633 945 2865 1000 lectores
2907 958 3080 1012 usque
3121 944 3188 998 ad
3225 942 3540 998 vicesimum
3587 943 3764 997 artatis

2173 1053 2374 1092 annum
2419 1037 2732 1093 continuata
2762 1038 3147 1093 observatione
3189 1038 3463 1108 perduret.
3502 1036 3560 1092 Si
3587 1038 3765 1106 major

2169 1129 2282 1200 jam
2340 1138 2397 1184 et
2453 1129 2765 1196 grandzevus
2817 1129 3146 1196 accesserit,
3192 1129 3265 1183 ita
3312 1137 3491 1183 tamen
3539 1135 3598 1182 ut
3640 1137 3764 1198 post

2176 1223 2500 1292 baptismum
2527 1221 2708 1275 statim
2735 1233 2796 1277 se
2823 1219 3015 1274 divinae
3038 1219 3237 1274 militiae
3264 1219 3531 1274 desideret
3559 1220 3764 1274 manci-

2177 1313 2314 1384 pari,
2347 1312 2461 1367 sive
2490 1313 2630 1366 inter
2672 1311 2926 1373 lectores,
2953 1311 3066 1366 sive
3105 1310 3247 1365 inter
3266 1311 3564 1364 exorcistas
3600 1310 3763 1378 quin-

2178 1405 2416 1474 quennio
2445 1412 2710 1468 teneatur,
2740 1402 2936 1457 exinde
2963 1402 3246 1474 acolythus
3276 1403 3364 1457 vel
3405 1402 3766 1458 subdiaconus

2180 1504 2414 1566 quatuor
2443 1495 2617 1561 annis,
2646 1502 2702 1549 et
2729 1494 2807 1549 sic
2844 1493 2911 1548 ad
2947 1493 3380 1550 benedictionem
3424 1495 3765 1559 diaconatus,

2181 1588 2228 1642 si
2250 1595 2508 1651 meretur,
2541 1586 2782 1651 accedat,
2814 1587 2867 1640 in
2895 1599 3005 1656 quo
3035 1587 3224 1642 ordine
3257 1587 3490 1657 quinque
3519 1587 3694 1652 annis,
3722 1585 3769 1642 si

2185 1676 2458 1746 inculpate
2481 1691 2540 1731 se
2565 1675 2810 1744 gesserit,
2829 1676 3035 1731 haerere
3065 1676 3299 1732 debebit.
3319 1675 3544 1742 Exinde,
3571 1675 3766 1731 suffra-

500 1745 1036 1838 Ρνπθθνιίδ-ίξωτωξι
1067 1747 1126 1838 ίτιη
1152 1745 1448 1838 Proem?“
1485 1744 1607 1838 ﬁdei
1636 1744 1960 1838 °°“5“_‘“‘“5
1989 1758 2084 1798 οϐ’
2117 1755 2158 1814 Β
2184 1744 2433 1838 gantibus
2457 1768 2755 1838 stipendiis,
2783 1781 2882 1838 per
2907 1774 2986 1822 tot
3007 1767 3205 1838 gradus
3225 1767 3364 1822 datis
3387 1766 3622 1837 propriae,
3646 1764 3770 1820 ﬁdei

502 1851 768 1892 curreres.
793 1835 957 1904 lgitur
975 1835 1019 1888 si
1041 1833 1170 1902 quid
1193 1833 1500 1888 auctoritati
1526 1841 1647 1898 ture,
1676 1834 1821 1904 quod
1849 1848 1948 1889 nos
1977 1847 2084 1886 non

504 1929 806 1996 opinamur,
824 1926 1059 1980 aestimas
1085 1924 1340 1991 defuisse,
1361 1924 1694 1994 supplemus.
1718 1922 1974 1980 Obsistite
2002 1931 2085 1976 ta—

507 2020 644 2073 libus
679 2015 1104 2072 ordinationibus
1125 2055 1140 2080 ,
1169 2015 1419 2076 obsistite
1455 2013 1718 2084 superbiae
1751 2023 1806 2070 et
1833 2026 2089 2082 arrogan-

509 2109 596 2163 tia:
619 2107 869 2161 venienti.
893 2103 1093 2160 Tecum
1125 2103 1326 2159 faciunt
1349 2112 1618 2174 przecepta
1647 2103 1886 2168 Patrum,
1911 2113 2087 2158 tecum

510 2197 817 2270 apostoliczc
841 2195 982 2250 sedis
1006 2195 1318 2249 auctoritas.
1351 2194 1408 2249 Si
1438 2194 1582 2248 enim
1609 2193 1784 2249 ofﬁcia
1812 2193 2089 2248 szecularia

511 2289 804 2361 principem
836 2287 1032 2351 locum,
1067 2301 1172 2340 non
1205 2285 1526 2342 vestibulum
1557 2284 1788 2340 actionis
1817 2284 2089 2354 ingressis,

511 2380 606 2436 sed
635 2393 731 2448 per
758 2376 1015 2447 plurimos
1044 2375 1241 2444 gradus
1267 2375 1604 2441 examinatis,
1638 2375 1968 2445 temporibus
1997 2376 2093 2428 de-

465 2478 467 2480 ·
513 2473 714 2537 ferunt,
755 2468 874 2535 quis
903 2465 991 2521 ille
1029 2473 1138 2518 tam
1166 2479 1444 2534 arrogans,
1477 2473 1586 2522 tam
1614 2463 1896 2535 impudens
1938 2463 2089 2518 inve-

513 2561 678 2629 nitur,
707 2569 766 2614 ut
793 2559 846 2613 in
889 2558 1096 2613 caelesti
1139 2557 1350 2624 militia,
1379 2572 1500 2627 quae
1539 2557 1861 2629 propensius
1889 2555 2095 2626 ponde-

513 2650 680 2708 randa
708 2657 811 2715 est,
835 2657 892 2704 et
916 2648 1054 2704 sicut
1082 2664 1270 2703 aurum
1298 2649 1542 2719 repetitis
1569 2648 1780 2717 ignibus
1803 2647 2093 2717 exploran-

514 2743 661 2808 dum,
689 2741 869 2798 statim
897 2739 1004 2794 dux
1032 2754 1151 2794 esse
1174 2739 1475 2793 desideret?
1507 2737 1642 2793 Cum
1684 2741 1790 2792 tiro
1830 2745 1955 2792 ante
1983 2753 2092 2792 non

516 2836 696 2900 fuerit,
725 2843 782 2889 et
811 2832 964 2904 prius
990 2832 1120 2886 velit
1147 2831 1326 2886 dicere
1351 2845 1512 2899 (luam
1549 2829 1781 2886 discere?
1808 2830 2094 2888 Assuescat

517 2927 569 2981 in
599 2923 809 2980 Domini
835 2923 1045 2987 castris,
1071 2921 1124 2975 in
1161 2921 1425 2976 lectorum
1453 2921 1701 2992 primitus
1727 2922 1896 2993 gradu
1927 2923 2094 2978 divini

519 3015 819 3071 rudimenta
847 3011 1069 3078 servitii,
1103 3026 1204 3066 nec
1233 3011 1310 3066 illi
1335 3011 1442 3067 vile
1466 3012 1555 3080 sit,
1583 3013 1926 3079 exorcistam,
1961 3027 2092 3068 aco—

518 3109 745 3180 lytbum,
779 3105 1186 3166 subdiaconum,
1222 3103 1508 3160 diaconum
1542 3119 1640 3175 per
1680 3104 1922 3160 ordinem
1959 3103 2092 3169 ﬁeri,

520 3214 622 3254 nec
647 3197 754 3253 hoc
773 3197 932 3263 saltu,
957 3197 1052 3252 sed
1071 3198 1284 3253 statutis
1312 3197 1575 3268 majorum
1598 3198 1936 3254 ordinatione
1961 3207 2099 3254 tem-

518 3289 761 3362 poribus.
791 3287 909 3343 Jam
941 3303 1068 3363 vero
1111 3289 1177 3343 ad
1220 3289 1535 3359 presbyterii
1565 3287 1830 3356 fastigium
1863 3289 1982 3345 talis
2006 3305 2101 3344 ac-

521 3363 697 3444 cedat,
734 3385 868 3432 utet
911 3392 1108 3432 nomen
1133 3385 1266 3434 tetas
1296 3377 1535 3448 impleat,
1563 3387 1616 3432 et
1642 3380 1889 3433 meritum
1920 3380 2104 3449 probi-

523 3469 649 3523 tatis
676 3467 939 3538 stipendia
978 3475 1104 3524 ante
1130 3478 1246 3524 acta
1279 3476 1559 3524 testentur.
1594 3468 1719 3524 Jure
1746 3470 1869 3526 inde
1908 3472 2102 3525 summi

524 3559 788 3631 pontificis
812 3559 986 3615 locum
1016 3573 1235 3630 sperare
1262 3559 1497 3622 debebit,
1530 3559 1657 3614 facit
1684 3561 1788 3615 hoc
1823 3561 1986 3614 nimia
2018 3575 2104 3616 re-

525 3651 704 3705 missio
727 3649 1174 3706 consacerdotum
1215 3659 1542 3716 nostrorum,
1568 3654 1660 3721 qui
1690 3667 1940 3722 pompam
1968 3653 2104 3707 mul-

525 3739 762 3794 titudinis
782 3747 1050 3808 quzerunt,
1078 3748 1133 3794 et
1154 3747 1344 3809 putant
1373 3754 1437 3794 ex
1467 3741 1568 3796 hac
1601 3742 1754 3795 turba
1781 3742 1980 3811 aliquid
2003 3743 2105 3797 sibi

522 3830 793 3900 dignitatis
822 3831 1046 3899 acquiri.
1070 3829 1206 3885 111110
1228 3831 1425 3901 passim
1455 3847 1742 3887 numerosa
1773 3834 2105 3903 popularitas

523 3921 686 3974 etiam
733 3919 816 3973 his
869 3919 1002 3976 locis
1039 3920 1128 3974 ubi
1166 3921 1398 3975 solitudo
1426 3931 1536 3986 est,
1582 3921 1771 3975 talium
1809 3923 2102 3992 reperitur,

524 4011 651 4064 dum
697 4009 980 4079 parochias
1031 4008 1253 4065 extendi
1297 4011 1540 4081 cupiunt,
1582 4019 1676 4064 aut
1722 4011 1915 4078 quibus
1959 4011 2104 4066 aliud

525 4111 776 4170 prmstarc
817 4117 922 4155 non
967 4110 1220 4170 possunt,
1270 4102 1481 4156 divinos
1525 4102 1742 4158 ordines
1783 4103 2101 4170 largiuntur.

523 4189 676 4257 Quod
699 4197 913 4260 oportet
941 4190 1168 4245 districti
1194 4206 1408 4261 semper
1436 4206 1556 4246 esse
1571 4191 1778 4262 judicii,
1812 4207 1991 4247 rarum
2021 4201 2106 4250 est

523 4279 665 4333 enim
692 4293 852 4334 omne
873 4279 1018 4348 quod
1051 4292 1300 4347 magnum
1329 4288 1430 4334 est.

527 4389 674 4455 Quod
696 4391 743 4444 si
769 4391 880 4460 quis
908 4391 1184 4444 interdicta
1210 4393 1520 4464 despexerit,
1545 4394 1736 4464 gradus
1766 4395 1846 4448 sui
1875 4393 2102 4464 periculo

1159 4463 1249 4514 sub
1249 4461 1460 4532 jacebit.

593 4568 657 4624 ll.
700 4567 931 4624 Proinde
975 4585 1103 4633 nos,
1146 4586 1213 4627 ne
1250 4573 1378 4641 quid
1419 4574 1625 4629 meritis
1655 4575 1957 4630 dilectionis
1998 4584 2102 4631 tuae

524 4661 864 4728 derogemus,
893 4661 959 4715 ad
983 4670 1034 4715 te
1064 4661 1397 4731 potissimum
1419 4664 1618 4733 scripta
1645 4663 1957 4732 direximus,
1982 4679 2102 4732 quae

525 4749 577 4804 in
635 4749 873 4805 omnium
918 4749 1141 4804 fratrum
1192 4759 1250 4805 et
1297 4751 1744 4821 coepiscoporum
1791 4759 2102 4806 nostrorum

525 4841 688 4897 facies
714 4842 792 4897 ire
812 4842 1078 4911 notitiam,
1117 4858 1224 4897 non
1247 4851 1450 4898 tantum
1471 4857 1657 4898 eorum
1689 4845 1781 4913 qui
1806 4845 1860 4898 in
1888 4859 1951 4899 ea
1976 4859 2102 4913 pro-

523 4934 694 4989 vincia
722 4943 864 5001 sunt,
889 4933 986 4989 sed
1007 4933 1168 4990 etiam
1192 4935 1283 5005 qui
1309 4935 1503 4989 vicinis
1526 4935 1828 4991 dilectionis
1854 4943 1957 4990 tua:
1977 4951 2102 5006 pro-

525 5025 712 5081 vinciis
749 5025 1127 5094 adjunguntur.
1170 5024 1335 5091 Sciet,
1379 5026 1622 5094 quisquis
1649 5026 1773 5092 hoc,
1804 5029 2102 5098 postposita

523 5113 740 5169 Patrum
769 5125 824 5170 et
850 5115 1158 5186 apostolica:
1186 5115 1327 5170 sedis
1355 5117 1692 5181 auctoritate,
1723 5119 2038 5186 neglexerit,
2069 5135 2102 5174 a

522 5205 678 5261 nobis
705 5205 996 5261 districtius
1019 5205 1412 5270 vindicandum,
1437 5214 1496 5259 ut
1520 5205 1624 5262 loci
1648 5207 1731 5262 sui
1758 5209 1979 5262 minime
2007 5187 2114 5262 du-l

2186 1858 2546 1924 documentis,
2576 1859 2901 1930 presbyterii
2928 1858 3286 1914 sacerdotium
3323 1858 3523 1928 poterit
3556 1863 3771 1928 prome-

2185 1951 2316 2006 reri.
2357 1951 2434 2007 De
2462 1966 2570 2020 quo
2599 1951 2720 2006 loco
2761 1950 2805 2005 si
2841 1965 2966 2005 eum
3007 1950 3248 2006 exactior
3275 1949 3345 2004 ad
3379 1950 3552 2005 bonos
3592 1962 3773 2004 mores

2187 2041 2297 2096 vita
2327 2039 2659 2110 produxerit,
2684 2054 2949 2094 summum
2974 2037 3342 2109 pontiﬁcatum
3361 2051 3581 2110 sperare
3603 2035 3772 2092 debe-

2187 2131 2299 2198 bit,
2323 2131 2425 2184 hac
2449 2139 2625 2184 tamen
2648 2129 2765 2198 lege
2785 2138 3019 2198 servata,
3043 2139 3102 2184 ut
3120 2144 3296 2198 neque
3315 2128 3575 2197 digamus,
3597 2141 3775 2197 neque

2187 2221 2455 2291 paenitens
2482 2219 2549 2274 ad
2567 2219 2668 2274 1105
2686 2223 2881 2287 gradus
2901 2220 3067 2290 possit
3087 2219 3317 2273 admitti.
3342 2217 3503 2283 Sane,
3531 2225 3590 2272 ut
3611 2217 3775 2272 etiam

2189 2311 2502 2366 defensores
2529 2310 2804 2373 Ecclesiae,
2846 2311 2940 2380 qui
2983 2325 3052 2365 ex
3096 2309 3246 2365 laicis
3274 2307 3428 2377 ﬁunt,
3472 2308 3776 2379 supradicta

2191 2402 2572 2457 observatione
2611 2409 2915 2466 teneantur,
2944 2401 2990 2457 si
3037 2399 3329 2456 meruerint
3355 2412 3475 2455 esse
3509 2398 3564 2452 in
3588 2397 3779 2452 ordine

2191 2493 2495 2549 clericatus.
2524 2493 2658 2547 Data
2685 2509 2737 2548 ix
2762 2492 2866 2547 cal.
2892 2493 3069 2557 Μαι-1.,
3105 2491 3334 2547 dominis
3371 2489 3569 2545 nostris
3595 2487 3780 2544 110110-

2192 2584 2274 2641 rio
2300 2600 2376 2640 1111
2403 2592 2459 2640 01.
2487 2583 2792 2640 Τ1100110510
2821 2599 2913 2639 vni
2939 2583 3112 2652 Augg.
3145 2597 3324 2638 conss.

2553 2674 2636 2727 Ad
2663 2675 2984 2744 presbyteros
3021 2670 3420 2725 Ravennatium.

2262 2765 2354 2822 IV.
2395 2763 2594 2821 Zosimi
2615 2762 2857 2834 episcopi
2885 2759 3358 2817 commonitorium
3385 2756 3709 2828 presbyteris
3729 2763 3783 2810 et

2194 2856 2510 2912 diaconibus
2556 2854 2647 2926 qui
2686 2853 2961 2908 Ravenna:
3000 2859 3144 2907 sunt.
3190 2849 3270 2904 Ex
3301 2849 3563 2904 relatione
3602 2846 3785 2901 fratris

2195 2947 2367 3004 nostri
2403 2945 2711 3001 Archidami
2757 2943 3059 3016 presbyteri
3094 2943 3327 3012 qualiter
3364 2940 3600 3010 suscepti
3647 2939 3781 3003 sitis,

2198 3037 2286 3092 vel
2321 3037 2450 3106 quid
2475 3035 2715 3105 egeritis,
2746 3035 3099 3104 agnovimus;
3133 3033 3217 3088 vel
3245 3031 3475 3101 qualiter
3502 3031 3574 3085 illi
3603 3045 3786 3086 susce-

2122 3113 2168 3176 C
2204 3127 2279 3197 pti
2308 3133 2450 3191 sunt,
2480 3127 2572 3195 qui
2594 3133 2782 3182 contra
2805 3139 3043 3180 canones
3066 3123 3349 3179 adversum
3391 3137 3492 3177 nos
3517 3119 3585 3174 ad
3615 3120 3787 3174 comi-

2205 3224 2395 3282 tatum,
2417 3216 2602 3271 nescio
2621 3229 2726 3284 qua
2747 3215 3007 3270 audentes
3037 3212 3358 3276 temeritate,
3383 3209 3460 3265 ire
3480 3209 3786 3266 voluerunt.

2203 3308 2284 3363 Ad
2312 3323 2448 3379 quos
2475 3307 2614 3371 haec,
2639 3322 2760 3377 qute
2790 3322 2935 3361 nunc
2958 3305 3220 3372 misimus,
3251 3303 3378 3359 olim
3410 3303 3612 3373 scripta
3647 3299 3790 3357 fece-

2201 3413 2419 3462 ramus,
2455 3412 2667 3464 eorum,
2705 3411 2841 3466 quas
2869 3395 3128 3465 injuriose
3155 3393 3432 3471 miseram,
3461 3391 3790 3461 responden-

2207 3497 2287 3544 tes
2316 3487 2576 3558 epistolis.
2603 3485 2713 3542 Sed
2743 3486 2996 3556 quoniam
3025 3500 3132 3538 non
3161 3491 3453 3554 potuerunt
3480 3483 3556 3537 rei
3587 3483 3641 3536 in
3669 3497 3789 3545 sua,

2205 3579 2307 3634 hoc
2329 3588 2415 3633 est
2435 3578 2487 3632 in
2513 3586 2696 3631 nostra
2718 3573 2956 3629 Ecclesia
2987 3573 3250 3638 Romana,
3280 3587 3399 3627 cum
3422 3571 3618 3626 nostris
3644 3587 3792 3625 com-

2205 3669 2535 3740 presbyteris
2585 3666 2928 3732 commorari,
2981 3665 3080 3720 has
3121 3664 3188 3719 ad
3235 3679 3334 3719 vos
3361 3663 3466 3719 illis
3505 3661 3792 3718 tradendas

2205 3760 2414 3814 litteras
2441 3757 2846 3822 destinavimus,
2871 3756 2925 3810 in
2946 3755 3140 3824 quibus
3157 3753 3378 3809 decreto
3399 3760 3585 3808 nostro
3613 3753 3792 3808 sanxi-

2204 3863 2325 3905 mus
2360 3857 2690 3903 memoratos
2727 3847 3133 3916 perturbalores
3175 3857 3413 3899 ommum
3441 3842 3509 3896 ab
3537 3841 3794 3912 apostoli-

2207 3954 2285 3993 cae
2325 3946 2522 3994 nostrae
2560 3936 2705 3992 sedis
2743 3935 3123 3991 communione
3169 3934 3374 3989 alienos
3409 3932 3591 4001 fuisse,
3633 3941 3796 4002 atque

2206 4037 2388 4084 nostra
2409 4027 2800 4096 subscriptione
2832 4025 3098 4095 prolatam
3127 4025 3445 4079 sententiam
3465 4025 3792 4093 suscepisse.

2204 4117 2329 4174 lllos
2358 4117 2523 4172 etiam
2551 4116 2643 4186 qui
2672 4114 2932 4171 eiii-enato
2978 4115 3140 4184 hujus
3167 4113 3312 4170 facto
3343 4115 3676 4184 consilioque
3708 4129 3793 4169 as-

2205 4224 2420 4266 sensum
2453 4207 2800 4263 commodare
2826 4207 3133 4272 voluerunt,
3180 4217 3372 4261 vestra:
3407 4207 3685 4262 charitatis
3711 4215 3797 4260 est

2196 4301 2470 4382 aestimare
2493 4299 2721 4368 qualiter
2742 4298 3060 4353 habeantur.
3085 4295 3290 4363 Quibus
3312 4299 3416 4352 hoc
3440 4297 3676 4366 objicere
3698 4313 3796 4352 vos

2206 4390 2432 4457 debetis,
2457 4390 2600 4460 quod
2619 4389 2772 4459 juxta
2801 4403 3067 4444 canonum
3091 4396 3359 4458 przecepta
3380 4387 3590 4443 fortiter
3613 4389 3794 4442 incur-

2132 4475 2182 4532 D
2207 4497 2346 4548 rere,
2379 4491 2436 4536 et
2478 4480 2708 4551 qualiter
2751 4462 3094 4549 presbyteros
3130 4493 3239 4533 non
3281 4478 3524 4544 decebat,
3565 4478 3791 4532 rebelles

2205 4571 2439 4625 existere
2465 4576 2825 4623 tentaverunt.
2847 4567 2958 4622 Vos
2987 4575 3166 4623 tamen
3195 4582 3495 4635 monemus,
3519 4568 3570 4622 in
3601 4581 3791 4638 specu-

2205 4663 2271 4718 lis
2307 4677 2426 4718 esse
2466 4660 2692 4726 debere,
2741 4674 2812 4715 ne
2848 4673 2954 4728 qua
2979 4673 3166 4714 eorum
3201 4667 3517 4729 prorumpat
3543 4659 3788 4718 audacia,

2204 4768 2340 4824 quos
2365 4751 2845 4806 anathematizatos
2867 4749 2969 4805 scit
3009 4758 3194 4804 sancta
3218 4757 3274 4804 et
3291 4750 3584 4820 apostolica
3603 4749 3795 4805 Eccle-

2205 4843 2302 4896 sia.
2337 4841 2415 4895 De
2452 4841 2533 4894 his
2561 4855 2692 4895 vero
2735 4839 2829 4908 qui
2871 4854 3060 4894 eorum
3097 4853 3158 4894 se
3195 4839 3440 4894 societati
3475 4838 3790 4907 junxerunt,

2205 4931 2332 5000 quid
2373 4930 2441 4984 de
2485 4930 2568 4985 1115
2607 4943 2768 4997 agere
2811 4928 3122 4995 debeamus,
3153 4944 3275 4984 cum
3318 4929 3522 4984 reversi
3561 4929 3789 4993 fueritis,

2207 5025 2433 5080 consilio
2458 5024 2668 5080 meliori
2699 5023 3068 5078 tractabimus.
3099 5021 3167 5076 Et
3192 5023 3296 5076 alia
3325 5037 3489 5077 manu
3508 5041 3521 5075 :
3543 5023 3734 5076 Datum
3760 5040 3791 5076 v

2206 5132 2378 5172 nonas
2405 5117 2622 5181 0ctob.,
2655 5115 2894 5170 llonorio
2934 5131 3008 5170 xu
3045 5122 3101 5170 ct
3142 5113 3446 5170 Theodosio
3487 5131 3576 5171 vtn
3613 5115 3783 5184 Augg.

2209 5222 2387 5262 conss.
2422 5207 2545 5278 (An.
2576 5206 2765 5260 Christi
2791 5204 2942 5276 418.)

1600 5337 1963 5398 DECRETA
2009 5297 2411 5399 Bonis-A011
2458 5339 2703 5400 raras.

526 5503 845 5574 Supplicatio
874 5521 1022 5576 papa;
1046 5504 1322 5576 Bonifacii,
1355 5513 1410 5558 ut
1429 5506 1817 5576 constituaturn
1840 5505 2094 5576 principe,

593 5573 713 5644 quat
745 5589 838 5626 nus
941 5573 1062 5628 urbe
1092 5573 1258 5629 Roma
1287 5591 1546 5646 nunquam
1568 5591 1658 5644 per
1677 5573 1920 5628 ambitum
1944 5575 2057 5627 ordi
2076 5603 2091 5612 -

594 5651 742 5694 netur
763 5651 996 5698 antistes.

595 5750 630 5805 l.
665 5749 963 5809 Bonifacius
989 5753 1271 5825 episcopus
1318 5753 1553 5810 llonorio
1608 5755 1861 5824 Augusto.
1900 5751 2089 5810 Eccle-

2200 5486 2292 5538 sia:
2322 5500 2472 5550 mete,
2505 5487 2588 5542 cui
2636 5487 2776 5542 Deus
2805 5495 2989 5541 noster
3018 5503 3194 5542 meum
3221 5485 3601 5550 sacerdotium,
3632 5485 3788 5539 vobis

2199 5589 2287 5628 res
2310 5574 2568 5630 humanas
2598 5575 2924 5644 regentibus,
2949 5575 3245 5645 deputavit,
3279 5590 3406 5630 cura
3440 5574 3784 5640 constringit,

2201 5679 2267 5718 ne
2289 5665 2465 5721 causis
2493 5669 2630 5735 ejus,
2653 5668 2895 5736 quamvis
2936 5668 3110 5722 adhuc
3141 5669 3382 5738 corporis
3414 5668 3768 5725 incommodi-

2201 5763 2309 5810 tate
2338 5755 2598 5823 detinear,
2635 5767 2856 5826 propter
2891 5767 3186 5814 conventus
3215 5759 3303 5824 qui
3333 5776 3360 5813 a
3403 5759 3780 5816 sacerdotibus
