4104 6518
489 361 596 415 “E67

1777 357 2129 415 DlONYSlUS
2167 359 2324 414 liXlG
2337 359 2372 413 U
2383 359 2466 412 US

3668 362 3773 417 968

498 477 855 544 committere,
900 489 1104 546 quanto
1162 478 1364 533 tardius
1417 493 1477 534 se
1531 477 1827 532 constituto
1871 476 2075 546 judicio
2106 483 2150 538 Α
2180 489 2350 544 scopo
2377 473 2731 530 Narbonensi.
2765 471 3047 530 Difﬁcilem
3076 471 3296 541 quidem
3321 471 3480 526 iidem
3499 474 3775 542 querimo-

485 574 864 639 ~prtcsentaret.
909 566 1079 634 Quem
1131 567 1547 623 Manichaeorum
1597 565 1898 621 involutum
1952 565 2082 620 cali-

498 660 622 728 gine
661 669 907 727 arguunt,
941 659 1078 731 turpi
1124 668 1270 715 secta
1325 660 1476 724 olim,
1505 659 1578 714 ita
1625 674 1695 714 ne
1740 674 1866 714 eum
1915 660 2084 728 possit

488 751 716 806 abluere
736 750 972 806 animum
993 750 1210 806 sordida
1231 766 1291 807 se
1313 752 1709 822 improbatione
1730 750 1958 820 obiectae
1979 752 2079 816 rei,

498 851 646 910 gesta
681 841 955 913 synodalia
984 842 1339 913 proferentes,
1365 854 1420 899 et
1459 844 1761 899 commissis
1784 843 2082 898 involutum

498 933 731 1002 undique
757 931 1006 1001 ﬂagitiis;
1035 935 1237 988 nullum
1260 936 1400 989 enim
1429 935 1679 989 sanitatis
1701 933 1952 988 habuisse
1997 949 2083 988 re-

499 1017 764 1094 spectum,
788 1040 949 1094 quem
980 1027 1161 1082 furore
1211 1042 1311 1082 suo
1355 1035 1410 1082 et
1467 1027 1655 1081 insana
1687 1025 1993 1080 temeritate
2017 1024 2085 1079 ad

497 1118 832 1172 saecularium
877 1132 1094 1187 quoque
1156 1118 1402 1187 judicum
1471 1114 1757 1171 tribunalia
1811 1115 2083 1169 subditum

497 1207 804 1276 qumstioni,
834 1207 978 1278 quod
1009 1209 1062 1262 in
1094 1208 1182 1261 vili
1211 1223 1430 1278 quoque
1458 1221 1690 1277 persona
1719 1205 2082 1275 turpissimum

497 1308 600 1364 est,
624 1299 922 1368 objicerent
949 1300 1259 1369 pervenisse
1280 1311 1333 1354 et
1353 1298 1632 1354 homicidii
1651 1298 1968 1353 damnatum
1997 1311 2086 1351 as-

498 1399 688 1448 serunt
729 1393 894 1460 gestis
949 1393 1174 1463 prolatis
1229 1392 1282 1447 in
1338 1392 1594 1448 medium.
1625 1389 1695 1445 Et
1721 1391 1866 1446 hunc
1896 1390 2080 1453 talem,

497 1491 620 1556 post
647 1491 793 1538 tan1a
820 1483 1053 1552 taliaque
1073 1483 1380 1547 commissa,
1411 1482 1754 1552 episcopatus
1783 1481 1960 1536 adhuc
1985 1479 2084 1534 sibi

499 1592 693 1633 nomen
721 1576 772 1631 in
799 1578 909 1633 suis
928 1577 1170 1632 latibulis
1197 1577 1489 1642 vindicare,
1522 1578 1576 1632 in
1620 1577 1852 1647 proprias
1897 1576 2087 1632 civita-

493 1668 570 1723 tis
624 1667 918 1733 infamiam,
979 1667 1159 1724 nimiis
1217 1666 1497 1721 doloribus
1547 1674 1973 1736 conqueruntnr,
2031 1673 2088 1720 et

493 1767 746 1814 sanctum
767 1773 968 1813 nomen
997 1757 1322 1813 vindicando
1347 1757 1449 1811 sibi
1478 1757 1616 1812 velle
1635 1757 1899 1825 polluere.
1931 1756 2089 1810 Ideo-

2187 566 2288 619 niis
2317 564 2743 628 commodamus,
2773 579 3000 634 quarum
3027 565 3337 620 sacerdotes
3360 565 3571 621 Domini
3594 567 3776 637 pulsat

2186 660 2452 715 intentio:
2509 659 2762 724 maxime,
2821 675 2943 714 cum
2995 674 3090 714 eos
3146 660 3438 728 loquuntur
3493 661 3771 731 quidpiam

2186 763 2374 810 centra
2405 750 2624 807 Patrum
2661 759 2861 809 statuta
2893 761 3152 817 tentasse,
3199 752 3293 808 sed
3339 751 3649 821 frequenter
3676 753 3778 809 has

2188 843 2406 910 asserit,
2465 844 2606 900 sicut
2660 859 2824 902 nunc.
2885 843 3173 898 multitudo
3224 844 3586 900 causantium.
3631 841 3775 901 Ecce

2187 936 2352 999 enim,
2384 946 2442 990 ut
2463 936 2708 994 charitas
2735 945 2824 991 tua
2867 937 3202 1004 recognoscit
3230 952 3298 991 ex
3325 937 3574 1004 subditis,
3607 937 3774 995 Lutu-

2188 1025 2371 1082 bcnsis
2407 1025 2659 1081 Ecclesia:
2694 1025 2828 1080 cieri.
2855 1025 3010 1093 ordo,
3058 1026 3146 1081 vel
3194 1027 3368 1097 plebis
3407 1043 3596 1098 preces
3623 1045 3772 1097 suas,

2185 1117 2270 1172 vel
2315 1116 2676 1188 lacrymasad
2704 1133 2821 1175 nos.
2873 1126 3132 1186 quantum
3176 1119 3334 1174 datur
3364 1119 3609 1190 intelligi,
3659 1137 3775 1175 ma-

2186 1222 2292 1278 gno
2332 1224 2452 1263 cum
2495 1208 2682 1265 dolore
2736 1209 3041 1276 miserunt,
3097 1209 3340 1264 dicentes
3387 1212 3771 1282 coepiscopum

2185 1309 2430 1354 nostrum
2451 1299 2777 1365 Patroclum,
2800 1315 2896 1355 sua
2922 1301 3181 1368 petitione
3207 1311 3473 1365 cessante,
3507 1302 3559 1356 in
3591 1303 3771 1358 locum

2187 1389 2499 1445 decedentis
2527 1390 2788 1460 episcopi,
2824 1391 3005 1445 nescio
3033 1405 3218 1458 quem,
3261 1391 3314 1445 in
3343 1391 3517 1454 aliena
3548 1393 3772 1460 provin-

2187 1485 2290 1548 cia,
2331 1483 2692 1554 prtctermisso
2721 1483 3170 1552 metropolitano,
3220 1492 3408 1538 contra
3437 1481 3654 1538 Patrum
3686 1501 3774 1540 re-

2187 1577 2338 1645 gulas
2367 1575 2681 1641 ordinasse;
2729 1574 2876 1644 quod
2921 1590 3259 1645 nequaquam
3308 1591 3592 1644 possumus
3631 1574 3774 1632 ferre

2189 1667 2478 1736 patienter,
2509 1665 2635 1734 quia
2657 1665 2912 1721 convenit
2940 1681 3039 1720 nos
3062 1675 3408 1735 paternarum
3431 1666 3771 1721 sanctionum

2188 1757 2472 1827 diligentes
2499 1772 2618 1812 esse
2641 1757 2913 1812 custodes.
2955 1757 3092 1811 Nulli
3134 1757 3333 1812 etenim
3361 1756 3576 1812 videtur
3618 1756 3773 1812 inco-

497 1865 627 1919 que,
652 1850 845 1904 fratres
888 1847 1212 1913 charissimi,
1241 1848 1366 1916 quia
1398 1847 1696 1903 audiendus
1725 1847 1813 1902 hic
1851 1863 2088 1918 praesen-
2117 1855 2167 1914 Β
2192 1849 2338 1918 gnita
2380 1848 2571 1919 synodi
2598 1848 2912 1904 constitutio
2950 1847 3210 1904 Nicanore:
3260 1862 3380 1916 qua:
3407 1849 3484 1902 ita
3510 1847 3772 1918 praecipit.

496 1949 622 1996 tare
649 1953 713 1993 se
739 1937 933 2005 noluit,
966 1953 1036 1993 ne
1062 1936 1342 1992 convictus
1363 1935 1585 1991 forsitan
1616 1937 1684 1991 ab
1710 1937 2088 1992 accusantibus

504 2044 569 2084 se
596 2028 830 2095 clericis,
860 2035 1044 2096 posset
1070 2025 1228 2096 digna
1260 2025 1498 2091 tandem,
1532 2024 1820 2096 aliquando
1851 2040 2086 2095 praesen-

499 2126 647 2174 tatus
678 2158 690 2180 ,
737 2117 1028 2187 episcopali
1077 2115 1280 2185 judicio
1337 2115 1795 2186 pronuntiationis
1836 2129 2087 2183 congruae

498 2208 646 2266 feriri
673 2207 954 2264 sententia.
980 2207 1298 2279 Quanquam
1322 2208 1420 2273 illi,
1452 2222 1575 2263 cum
1598 2208 1716 2262 haec
1741 2206 1934 2262 edocta
1965 2206 2085 2262 fue-

498 2301 625 2365 rint,
656 2315 777 2370 quae
822 2309 998 2370 potest
1029 2300 1186 2367 hujus
1214 2300 1446 2356 nominis
1466 2313 1586 2355 esse
1610 2297 1843 2369 jactura,
1868 2297 1958 2366 qui
1988 2313 2088 2366 pu-

497 2390 685 2446 dorem
734 2405 1006 2461 nunquam
1055 2390 1308 2445 habuisse
1346 2388 1641 2445 sacerdotii
1671 2387 2000 2458 perhibetur,
2033 2396 2088 2443 ct

498 2484 675 2540 locum
697 2498 851 2538 suum
880 2498 950 2538 ne
973 2483 1188 2538 modico
1215 2481 1432 2552 quidem
1466 2490 1710 2552 tempore
1741 2478 2041 2553 custodisse
2068 2497 2081 2532 :

499 2575 812 2630 dilationem
841 2574 1104 2640 dedimus,
1128 2583 1183 2630 et
1215 2575 1552 2630 decrevimus
1605 2582 1842 2629 vestrum
1888 2573 2086 2626 debere

499 2664 635 2720 intra
659 2664 993 2734 provinciam
1039 2680 1161 2721 esse
1203 2663 1486 2734 judicium,
1511 2673 1568 2720 et
1583 2663 1897 2733 congregari
1930 2678 2086 2734 syno-

495 2756 620 2810 dum
644 2768 770 2812 ante
806 2757 948 2812 diem
995 2758 1340 2812 calendarum
1369 2757 1781 2821 Novembrium,
1833 2766 1890 2812 ut
1916 2759 1960 2813 si
1990 2757 2085 2811 ad-

496 2862 621 2904 esse
669 2847 920 2913 roluerit,
953 2863 1213 2917 praesens,
1245 2849 1289 2902 si
1315 2848 1558 2913 conlidit,
1615 2849 1684 2903 ad
1731 2849 1941 2917 objecta
1993 2864 2078 2904 rc-

495 2934 759 3005 spondeat
787 2951 803 3000 ;
835 2935 880 2990 si
908 2935 1096 2992 adesse
1125 2935 1444 3005 neglexerit,
1474 2937 1783 2992 dilationem
1805 2939 2085 2992 sententiae

495 3023 564 3078 de
591 3024 830 3077 absentia
853 3039 957 3078 non
1003 3024 1274 3079 lucretur:
1303 3040 1424 3078 nam
1440 3025 1780 3080 manifestum
1807 3034 1888 3080 est
1916 3024 2083 3081 conﬁ-

499 3113 596 3170 teri
628 3127 750 3168 eum
779 3112 847 3169 de
875 3113 1117 3179 crimine,
1149 3115 1240 3184 qui
1289 3115 1496 3170 induite
1543 3125 1598 3169 et
1647 3115 1806 3170 toties
1833 3115 2082 3183 delegato

2190 1949 2250 1994 ut
2277 1940 2464 1997 eadem
2496 1941 2712 2010 proprie
2741 1940 2904 1994 verba
2941 1954 3227 2008 ponamus,
3272 1954 3371 2010 per
3421 1953 3775 2007 unamquam-

2188 2047 2295 2102 que
2322 2031 2658 2101 provinciam
2680 2029 2769 2101 jus
2798 2031 3244 2100 metropolitanos
3283 2030 3524 2099 singulos
3570 2029 3776 2084 habere

2183 2122 2400 2186 debere,
2427 2138 2530 2178 nec
2557 2123 2808 2192 cuiquam
2836 2122 2969 2178 duas
2997 2137 3118 2178 esse
3149 2121 3439 2191 subiectas,
3483 2121 3627 2190 quod
3657 2120 3759 2186 illi,

2187 2214 2504 2284 quia-aliter
2531 2212 2859 2269 credendum
2889 2227 2995 2267 non
3026 2221 3144 2280 est,
3193 2209 3536 2272 servandum,
3582 2218 3773 2266 sancto

2185 2303 2391 2374 Spiritu
2419 2311 2760 2375 suggerente,
2792 2303 3008 2358 sibimet
3027 2310 3371 2357 censuerunt.
3405 2299 3578 2365 Unde,
3607 2299 3774 2353 frater

2186 2397 2520 2459 charissime,
2551 2397 2597 2451 si
2626 2396 2695 2450 ita
2727 2411 2815 2451 res
2839 2404 2985 2463 sunt,
3017 2404 3072 2450 et
3091 2393 3380 2452 Ecclesium
3409 2394 3804 2464 supradictam,

2187 2489 2475 2563 provinciae
2497 2498 2600 2543 tua:
2621 2489 2774 2544 limes
2798 2488 3054 2551 includat,
3080 2497 3260 2542 nostra
3285 2487 3606 2541 auctoritate
3628 2501 3775 2541 com-

2187 2581 2448 2648 munitus,
2501 2581 2642 2649 quod
2679 2579 2894 2649 quidem
2926 2577 3102 2632 facere
3127 2586 3322 2646 sponte
3349 2576 3595 2641 deberes,
3637 2575 3775 2630 desi-

2185 2671 2349 2726 deriis
2379 2670 2790 2739 supplicantium
2832 2677 2888 2723 et
2935 2668 3488 2738 voluntateprespecva
3516 2664 3583 2720 ad
3626 2680 3775 2720 eum-

2187 2762 2308 2816 dem
2366 2763 2540 2816 locum
2573 2762 2624 2814 in
2655 2776 2763 2831 quo
2791 2759 3064 2816 ordinatio
3106 2758 3227 2812 talis
3256 2757 3524 2812 celebrata
3553 2754 3773 2821 dicitur,

2187 2853 2590 2924 metropoiitani
2634 2852 2756 2922 jure
2783 2853 3044 2915 munitus,
3095 2859 3151 2906 et
3188 2849 3640 2919 mceptionibus
3667 2863 3771 2901 no-

2185 2945 2312 3002 stris
2337 2945 2502 2997 fretus
2523 2942 2742 3006 accede,
2770 2941 3072 3009 intelligens
3092 2939 3315 2994 arbitrio
3339 2949 3451 3000 tuo,
3476 2935 3774 2992 secundum

2185 3035 2396 3102 regulas
2423 3033 2663 3097 Patrum,
2716 3045 3049 3101 quaecunque
3089 3029 3330 3084 facienda
3367 3035 3509 3094 sunt,
3549 3041 3581 3080 a
3611 3025 3769 3080 nobis

2187 3140 2307 3182 esse
2353 3139 2632 3188 concessa,
2677 3123 2752 3176 ita
2799 3131 2858 3175 ut
2906 3120 3138 3190 peractis
3180 3119 3432 3174 omnibus
3460 3116 3774 3186 apostolicae

496 3203 710 3274 judicio,
735 3204 996 3275 purgandi
1023 3219 1080 3260 se
1103 3205 1391 3262 occasione
1423 3221 1529 3261 non
1560 3206 1749 3263 utitur.
1774 3205 1915 3262 Nihil
1941 3207 2082 3263 enim
2112 3216 2150 3272 t;
2187 3216 2324 3282 sedi,
2356 3213 2615 3284 quidquid
2637 3213 2913 3280 statueris,
2946 3220 2999 3266 te
3039 3209 3307 3265 referente
3352 3208 3629 3272 clarescat.
3680 3205 3771 3260 υυί

497 3296 740 3362 interest,
791 3305 969 3352 utrum
1017 3299 1069 3352 in
1112 3301 1363 3368 praesenti
1416 3301 1666 3356 examine
1713 3303 1913 3367 omnia,
1964 3317 2084 3371 qua:

496 3382 812 3452 dictasunt,
838 3388 1276 3463 comprobentur,
1303 3404 1424 3446 cum
1455 3390 1570 3460 ipsa
1617 3406 1833 3461 quoque
1861 3389 2087 3447 confes-'

2188 3307 2355 3361 totius
2377 3303 2666 3374 provinciae
2695 3302 3089 3358 ordinationem
3115 3301 3282 3369 liquet
3301 3314 3420 3354 esse
3440 3297 3768 3353 mandatam.

2187 3395 2358 3452 Nemo
2388 3409 2518 3464 ergo
2547 3409 2734 3449 eorum
2785 3393 3045 3447 terminos
3073 3390 3252 3446 audax
3284 3399 3574 3444 temerator
3602 3401 3770 3443 exce-

496 3476 650 3534 sione
677 3486 962 3546 procurata
1003 3480 1165 3537 toties
1212 3490 1427 3538 constet
1469 3483 1734 3539 absentia.
1758 3484 1870 3542 Nos
1901 3493 2081 3540 autem
2188 3488 2302 3555 dat,
2354 3503 2455 3543 nec
2502 3485 2702 3557 aliquid
2742 3485 2795 3551 in
2843 3485 3057 3540 illorum
3101 3483 3484 3539 contumeliam
3525 3479 3774 3552 partibus

496 3584 594 3640 per
620 3585 808 3626 omnes
833 3572 1138 3642 provincias
1185 3574 1392 3630 litteras
1420 3575 1730 3644 dirigemus,
1763 3592 1831 3632 ne
1859 3592 2085 3634 excusa-
2189 3581 2318 3645 suis,
2377 3595 2498 3648 qua:
2545 3579 2646 3634 sibi
2703 3593 2811 3633 non
2867 3577 3114 3630 videntur
3161 3589 3444 3635 concessa,
3491 3571 3770 3627 defendat.

497 3660 696 3718 tionem
721 3661 822 3717 sibi
844 3663 1198 3731 ignorationis
1227 3665 1526 3722 obtendat:
1561 3677 1617 3722 ut
1642 3668 1710 3722 ad
1753 3668 2082 3738 provinciam
2189 3667 2377 3726 Cesset
2427 3667 2734 3738 hujusmodi
2782 3681 2966 3736 pressa
3023 3664 3208 3720 nostra
3260 3664 3580 3719 auctoritate
3623 3676 3772 3732 pne:

497 3752 682 3806 venire
709 3760 953 3821 cogatur,
977 3760 1032 3812 et
1073 3753 1182 3809 illic
1209 3769 1268 3809 se
1303 3757 1600 3812 constituto
1641 3765 1971 3827 pitesentare
1994 3758 2084 3826 ju-

496 3840 658 3900 dicio.
707 3840 977 3910 Quidquid
1006 3852 1187 3900 autem
1215 3852 1396 3901 vestra
1427 3845 1662 3902 charitas
1688 3846 1756 3901 de
1796 3847 1898 3902 hac
1921 3863 2083 3902 causa

495 3933 707 3988 duxerit
735 3932 1302 4000 decernendum,cum
1351 3937 1419 3994 ad
1475 3953 1575 3993 nos
1622 3937 1851 3992 relatum
1901 3937 2080 4008 fuerit,

495 4031 698 4089 nostra,
731 4032 792 4079 ut
813 4024 1094 4091 condecet,
1117 4041 1340 4082 necesse
1364 4037 1447 4082 est
1467 4029 1791 4084 auctoritate
1821 4027 2080 4084 tinuetur.

497 4116 691 4171 Datum
721 4117 820 4172 sub
858 4117 947 4173 die
994 4118 1114 4173 idus
1142 4116 1306 4185 Junii,
1333 4119 1584 4176 Monaxio
1611 4136 1664 4175 v.
1695 4135 1745 4178 c.
1771 4134 1920 4178 cons.
1954 4121 2077 4194 (An.

495 4206 684 4265 Christi
711 4207 862 4281 M9.)

498 4315 566 4372 Ut
586 4319 640 4372 iu
659 4333 966 4390 unaquaque
992 4319 1258 4388 provincia
1279 4335 1448 4383 nemo,
1475 4327 1766 4390 contempto
1788 4319 2082 4390 metropoli-

900 4399 1042 4451 tano,
1074 4390 1340 4460 episcopus
1371 4389 1663 4444 ordinetur.

563 4479 654 4538 IV.
679 4479 1004 4551 Bonifacius,
1030 4485 1314 4554 episcopus
1341 4485 1488 4540 urbis
1513 4485 1936 4553 Ronchlilario
1961 4483 2076 4556 epi-

633 4603 730 4626 ih—

2187 3762 2424 3831 sumptio
2452 3775 2665 3827 eorum,
2707 3759 2798 3828 qui
2848 3759 2983 3812 ultra
3028 3758 3229 3812 licitum
3282 3771 3393 3812 sure
3433 3756 3655 3809 limitem
3687 3754 3770 3808 di-

2186 3854 2406 3922 gnitatis
2434 3851 2747 3912 extendunt.
2790 3849 2945 3917 Quod
2975 3850 3172 3905 idcirco
3201 3849 3444 3913 dicimus,
3488 3858 3542 3902 ut
3572 3847 3768 3902 adver~

2187 3952 2267 3999 tat
2295 3943 2534 3998 charitas
2562 3949 2651 3996 tua
2679 3941 2815 3996 adeo
2837 3956 2936 3995 nos
2955 3955 3221 3996 canonum
3245 3947 3510 4009 praecepta
3531 3953 3769 4002 servare,

2189 4043 2248 4090 ut
2275 4036 2348 4090 ita
2375 4033 2688 4088 constitutio
2717 4046 2932 4102 quoque
2973 4039 3156 4086 nostra
3196 4029 3453 4085 definiat:
3503 4037 3773 4099 quatenus

2184 4123 2588 4194 metropolitani
2623 4123 2704 4178 sui
2735 4137 3068 4192 unaquaeque
3115 4121 3388 4191 provincia
3436 4121 3488 4174 in
3519 4119 3773 4175 omnibus

2181 4220 2344 4275 rebus
2363 4217 2759 4273 ordinatione
2779 4231 2998 4285 semper
3023 4223 3325 4285 exspectet.
3367 4213 3556 4268 Datu-n
3586 4229 3618 4266 v
3645 4209 3772 4266 ldus

2181 4309 2483 4373 Februarii,
2529 4308 2764 4364 dominis
2802 4307 3000 4362 nostris
3029 4305 3266 4361 llonorio
3317 4322 3406 4360 χιιι
3434 4312 3489 4358 et
3517 4301 3768 4359 Theodo-

2181 4402 2262 4456 sio
2294 4416 2327 4456 x
2355 4399 2626 4466 Augustis,
2657 4398 2987 4455 consulibus.
3018 4397 3138 4470 (An.
3167 4396 3357 4451 Christi
3379 4393 3527 4464 ἀεὶ.)

1559 4717 1921 4781 DECRETA
1976 4715 2430 4781 COELESTINI
2480 4712 2720 4774 ΡᾹΡᾸΞ.

495 4923 570 4980 De
601 4923 856 4988 Prospero
878 4935 926 4980 et
960 4926 1185 4993 Hilario,
1227 4929 1310 4996 qui
1339 4927 1587 4995 quosdam
1634 4924 1822 4983 Calliae
1847 4924 2069 4996 presby-
2108 4927 2152 4985 D
2177 4920 2409 4990 qualiter
2438 4935 2552 4983 nos,
2578 4918 2667 4986 qui
2698 4917 2968 4970 neminem
2999 4914 3176 4983 perire
3204 4911 3471 4975 volumus,
3505 4911 3602 4965 ista
3631 4924 3766 4964 con-

808 5007 940 5050 teras
963 5005 1208 5051 accusant
1236 4997 1436 5068 Pelagii
1466 5007 1767 5050 sectatores.

560 5108 600 5164 l.
650 5105 972 5166 lecstinus
1017 5108 1302 5179 episcopus
1329 5121 1358 5175 ,ο
1394 5105 1757 5163 dileclissimis
1823 5103 2075 5159 fratribus

490 5200 741 5265 Venerio,
777 5199 1005 5269 Marino,
1035 5199 1281 5268 Leontio,
1317 5198 1583 5260 Ausonio,
1618 5195 1871 5263 Arcadio,
1899 5195 2070 5251 Filta-

493 5291 579 5342 nio
622 5298 677 5343 et
700 5292 909 5344 creteris
935 5287 1225 5344 Galliarum
1256 5287 1545 5358 episcopis.

568 5381 857 5450 Apostolici
888 5383 1050 5436 verba
1082 5381 1336 5451 prmcepti
1391 5387 1516 5434 sunt
1555 5375 1694 5449 apud
1723 5373 1938 5433 Iudaeos
1987 5383 2069 5428 at-

498 5476 606 5531 quo
635 5466 867 5532 gentiles
895 5466 1017 5520 sine
1040 5465 1347 5520 otl'cnsione
1371 5479 1470 5520 nos
1495 5479 1618 5518 esse
1649 5463 1850 5517 debere.
1877 5462 1919 5534 (l
1947 5459 2075 5514 Cor.

501 5575 553 5622 κ,
580 5557 649 5611 39.
668 5573 683 5625 ;
702 5557 853 5613 Rom.
873 5559 1004 5628 xw).
1028 5560 1143 5615 lloc
1170 5561 1422 5629 quisquis
1449 5558 1806 5615 Christianus
1836 5566 1938 5616 est.
1965 5565 2076 5610 tota

498 5649 663 5702 animi
693 5649 897 5705 virtute
917 5652 1173 5707 custodit.
1196 5652 1349 5720 Quod
1377 5667 1500 5706 cum
1529 5651 1604 5706 ita
1625 5652 1719 5713 sit,
1746 5666 1854 5704 non
1882 5664 2074 5718 parum

496 5741 726 5812 periculi
759 5743 915 5796 illum
943 5760 1169 5799 manere
1200 5746 1406 5814 poterit
1437 5757 1566 5800 ante
1603 5745 1795 5805 Deum,
1835 5744 1927 5812 qui
1971 5742 2076 5796 hoc

494 5833 762 5890 detrectat
784 5834 951 5892 etiam
974 5834 1228 5894 ﬁdelibus
1251 5837 1511 5894 exhibere
1542 5835 1584 5907 (l
1615 5837 1736 5892 Cor.
1764 5835 1910 5906 Vill).
1939 5833 2072 5890 Nam

2187 5013 2423 5078 tristent,
2465 5025 2584 5078 qum
2623 5009 2934 5063 auctoribus
2982 5004 3296 5060 Christianis
3319 5003 3620 5073 percellnnt
3650 5004 3770 5056 ani-

2183 5118 2301 5158 mos
2326 5100 2682 5164 Christianos,
2725 5097 3028 5155 dominicus
3063 5096 3117 5150 in
3146 5093 3432 5160 Evangelio
3462 5106 3641 5147 sermo
3688 5100 3770 5145 tc-

2181 5202 2370 5250 statur.
2416 5191 2503 5245 Ait
2532 5192 2674 5246 enim
2708 5190 2823 5259 ipse
2852 5188 3119 5252 Salvator,
3151 5184 3294 5256 quod
3322 5184 3574 5253 expediat
3602 5199 3764 5238 scan-

2179 5285 2429 5339 dalizanti
2457 5300 2618 5337 unum
2643 5282 2708 5336 de
2731 5281 2956 5351 pusillis,
2983 5281 3034 5333 in
3059 5278 3221 5332 maris
3242 5276 3505 5346 profunda
3526 5275 3764 5342 dctncrgi

2179 5373 2390 5445 (Matth.
2427 5374 2599 5444 xvnt),
2651 5383 2706 5427 et
2753 5371 2873 5426 ideo
2901 5386 3018 5439 quae
3045 5369 3115 5426 sit
3141 5369 3256 5438 ejus
3279 5366 3388 5437 jam
3419 5375 3577 5437 pinna
3608 5379 3762 5433 quai-

2178 5483 2360 5521 ramus
2401 5466 2486 5522 cui
2538 5466 2643 5520 tale
2691 5465 3010 5535 supplicium
3060 5463 3285 5531 legimus
3315 5459 3595 5530 expedire.
3643 5459 3764 5514 Filii

2177 5556 2347 5610 nostri
2378 5563 2668 5625 pnuscntes
2698 5553 2931 5624 Prosper
2961 5561 3012 5608 et
3045 5552 3298 5618 Hilarius,
3355 5566 3586 5620 quorum
3618 5549 3764 5604 circa

2178 5647 2344 5700 Deum
2390 5655 2633 5701 nostrum
2693 5645 2996 5702 sollicitudo
3044 5644 3311 5700 laudanda
3354 5652 3470 5706 est,
3525 5650 3760 5704 tantum,

2177 5737 2361 5790 nescio
2389 5735 2600 5804 quibus,
2633 5737 2964 5808 presbyteris
2994 5736 3099 5790 illic
3119 5737 3298 5800 licere,
3326 5735 3418 5806 qui
3439 5734 3763 5789 dissensioni

2175 5826 2539 5884 Ecclesiarum
2589 5826 2856 5892 studeant,
2908 5835 3030 5882 sunt
3062 5826 3202 5900 apud
3232 5841 3329 5882 nos
3358 5824 3654 5898 prosecuti,
3689 5831 3752 5880 ut
