4104 6522
352 425 410 474 ΞΕ
422 422 455 474 ⁸)

1384 417 1762 473 COLLECTIO
1802 417 2269 473 DECRETORUH
2318 420 2419 475 PP.
2469 424 2582 477 Ilii.

3539 426 3642 483 970

354 531 777 599 indiseiplinntas
804 529 1131 597 qnmtiones
1160 537 1418 584 vocantes
1445 531 1496 584 in
1521 531 1755 585 medium
1778 530 1947 600 perti-
1981 538 2023 591 Α
2053 538 2137 584 est
2182 532 2456 601 agentium
2505 548 2665 587 causa
2715 536 2984 598 solorum,
3036 536 3356 591 universalis
3406 536 3639 598 Ecclesia

355 626 559 679 nariter
607 639 703 677 eos
741 622 922 675 dicant
951 620 1244 690 praedicare
1293 620 1631 675 adversantia
1681 620 1897 675 veritati
1931 637 1944 684 ;

354 716 449 770 sed
480 722 670 769 vestra-
700 711 974 767 dilectioni
998 709 1194 777 justius
1224 711 1573 779 impntamns,
1625 711 1841 779 quando
1871 710 1945 765 illi

355 820 517 875 supra
542 818 639 857 vos
665 796 869 856 habent
896 802 1108 871 copiam
1138 801 1472 871 disputandi.
1528 798 1800 870 Legimus,
1858 818 1948 856 ru-

358 913 453 967 pra
477 896 782 965 magistrum
823 907 925 945 non
964 908 1075 945 esse
1122 891 1431 960 discipulum
1465 891 1677 963 (Matth.
1715 893 1792 963 ι),
1846 893 1951 949 hoc

359 997 459 1048 est,
495 1002 600 1039 non
630 985 734 1039 sibi
764 984 967 1038 debere
1002 998 1328 1052 quemquam
1361 984 1429 1038 ad
1480 984 1729 1052 injuriam
1760 984 1950 1039 docto-

363 1094 479 1131 rum
525 1077 800 1131 vindicare
829 1075 1151 1129 doctrinam.
1205 1075 1337 1128 Nam
1377 1083 1431 1130 et
1461 1075 1558 1130 hos
1590 1076 1735 1146 ipsos
1777 1092 1806 1130 a
1839 1077 1950 1131 Deo

363 1181 546 1224 nostro
577 1168 784 1236 positos
815 1168 1060 1221 novimus
1109 1165 1177 1218 ad
1226 1165 1547 1231 doeendmn,
1572 1182 1694 1221 cum
1742 1167 1848 1230 sit,
1879 1167 1953 1221 di-

363 1266 517 1313 cente
548 1256 809 1327 Apostolo
842 1254 895 1327 (I
923 1255 1045 1310 Cor.
1087 1257 1205 1325 xu),
1252 1258 1330 1310 eis
1378 1257 1569 1311 tertius
1619 1257 1768 1313 locus
1814 1259 1951 1313 intra

367 1348 655 1403 Ecclesium
687 1348 1042 1417 deputandus.
1077 1347 1214 1413 Quid
1242 1349 1348 1403 illic
1388 1349 1501 1418 spei
1526 1358 1628 1415 est,
1664 1351 1753 1404 ubi
1786 1353 1952 1419 magi-

364 1439 490 1492 stris
521 1439 823 1492 tacentibus
852 1439 903 1491 hi
937 1438 1250 1506 loquuntur,
1282 1438 1396 1507 qui,
1434 1439 1477 1492 si
1520 1439 1592 1492 ila
1629 1448 1730 1505 est,
1763 1456 1949 1495 eorum

364 1528 609 1597 discipuli
643 1543 747 1581 non
781 1527 1043 1583 fuerunt?
1092 1527 1280 1583 Timeo
1310 1543 1377 1581 ne
1405 1531 1697 1585 connivere
1746 1532 1815 1586 sit
1850 1532 1953 1588 hoc

367 1627 565 1684 tacere,
600 1619 762 1673 timeo
792 1635 860 1673 ne
901 1619 1069 1687 magis
1098 1619 1198 1688 ipsi
1247 1618 1559 1687 loquantur,
1591 1621 1681 1689 qui
1726 1624 1950 1691 permit-

369 1719 487 1765 tunt
518 1712 618 1765 illis
649 1711 827 1765 taliter
855 1710 1019 1780 loqui.
1072 1710 1130 1763 In
1180 1710 1375 1765 talibus
1424 1713 1601 1765 causis
1650 1728 1757 1766 non
1803 1721 1954 1767 caret

366 1803 672 1873 suspicione
703 1804 1053 1864 taciturnitas,
1107 1803 1231 1873 quia
1283 1813 1595 1859 occurreret
1640 1806 1861 1868 veritas,
1907 1806 1951 1858 si

2054 634 2372 689 quacunque
2401 624 2644 677 novitate
2675 620 2951 694 pulsatur.‘
2990 624 3354 693 lntelligamus
3387 629 3500 682 haec
3530 627 3641 696 ipsa

2056 709 2227 774 vobis,
2253 724 2373 777 qnte
2404 711 2558 766 nobis
2586 729 2693 767 non
2735 716 2967 783 placent,
3016 716 3320 784 displicere.
3370 716 3526 784 Quod
3571 719 3643 773 ita

2053 798 2268 854 demum
2299 802 2529 869 probare
2558 806 2873 874 poterimus,
2918 809 2961 861 si
2990 809 3242 877 imposito
3274 810 3533 880 improbis
3572 814 3643 866 si-

2054 891 2243 956 lentio,
2294 893 2363 948 de
2405 895 2500 949 tali
2548 912 2607 951 re
2651 897 2705 952 in
2755 908 3030 968 posterum
3081 901 3299 969 querela
3330 904 3643 962 cessaverit.

2055 982 2196 1040 Deus
2224 1000 2323 1042 vos
2349 986 2647 1044 incolumes
2677 991 2967 1058 custodiat,
2996 993 3190 1049 fratres
3212 994 3534 1053 charissimi.

2653 1134 3018 1152 —-—-—-‘-——-—

2064 1246 2534 1309 Pratmitorum
2592 1252 2753 1335 sedis
2802 1254 3164 1335 apostol'cm
3209 1259 3645 1335 episcoporum

2374 1331 2791 1389 auctoritatxs
2837 1332 2907 1390 de
2934 1336 3145 1409 gratia
3185 1337 3317 1394 Dei.

2126 1448 2211 1502 ΙΙΙ.
2253 1449 2387 1515 Quia
2411 1453 2675 1516 nonnulli,
2691 1454 2781 1523 qui
2805 1455 3073 1510 cathoiico
3097 1459 3644 1525 nominegloriantur,

2057 1537 2109 1592 in
2139 1538 2409 1595 damnatis
2440 1541 2816 1597 haereticorum
2839 1545 3084 1599 sensibus
3109 1562 3203 1600 seu
3229 1548 3513 1615 pravitate,
3533 1549 3647 1602 sive

2057 1627 2323 1696 imperitia
2339 1630 2706 1701 demorantes,
2725 1634 2979 1702 piissimis
2996 1635 3414 1704 disputatoribns
3430 1639 3650 1693 obviare

2057 1728 2402 1785 praesumunt,
2424 1729 2481 1774 et
2508 1737 2630 1776 cum
2664 1721 2955 1791 Pelagium,
2987 1734 3147 1792 atque
3176 1726 3489 1781 leestium
3512 1744 3647 1783 ana.

2060 1807 2415 1866 thematizare
2464 1826 2570 1865 non
2622 1812 2887 1876 dubitent,
2920 1816 3192 1883 magistris
3215 1826 3393 1872 tamen
3426 1822 3648 1883 nostris,

365 1893 570 1951 falsitas
599 1893 928 1963 displiceret.
962 1892 1152 1948 Merito
1182 1908 1415 1962 namque
1443 1910 1602 1949 causa
1649 1912 1746 1949 nos
1776 1896 1951 1965 respi-
1992 1909 2027 1962 Β
2062 1906 2316 1966 tanquam
2340 1903 2708 1956 necessarium
2732 1904 2948 1958 modum
2973 1908 3325 1971 excesserint,
3349 1910 3650 1978 obloqnun.

365 1986 460 2051 cit,
492 1984 536 2038 si
583 1983 799 2039 silentio
851 1983 1123 2037 faveamus
1164 1982 1357 2037 errori.
1408 1979 1545 2051 Ergo
1591 1984 1958 2054 corripiantur

366 2075 693 2144 linjnsmodi,
730 2092 835 2130 non
863 2075 932 2129 sit
961 2077 1042 2129 his
1068 2075 1295 2130 liberum
1325 2075 1526 2130 habere
1555 2093 1649 2147 pro
1680 2077 1957 2132 voluntate

366 2184 691 2233 sermonem,
724 2167 959 2235 desinat,
992 2167 1037 2221 si
1066 2168 1137 2221 ita
1162 2184 1249 2222 res
1276 2176 1419 2233 sunt,
1446 2167 1717 2223 incessere
1749 2171 1959 2225 novitas

368 2264 722 2324 vetustatem,
745 2257 957 2313 desinat
984 2255 1347 2312 Ecclesiarum
1377 2258 1612 2325 quietem
1646 2258 1960 2327 inquietudo

370 2351 610 2405 tu‘rbane.
665 2347 946 2404 Conantur
989 2364 1130 2419 saepe
1180 2348 1455 2416 naufragio
1497 2362 1776 2417 mergere,
1826 2365 1961 2419 quos

373 2443 511 2497 intra
542 2452 757 2513 portum
808 2451 1014 2498 stantes
1061 2442 1222 2495 statio
1253 2441 1383 2496 facit
1413 2440 1513 2495 lida
1544 2456 1784 2496 securos.
1833 2440 1960 2495 Fida

373 2538 572 2606 quippe
602 2544 687 2590 est
713 2535 949 2590 omnium
989 2534 1434 2604 statio,»quorum
1464 2533 1715 2604 perfectis
1761 2534 1959 2602 gressi-

372 2628 473 2681 bus
506 2627 729 2697 vcstigia
761 2642 868 2680 non
896 2634 1197 2679 moventur.
1235 2624 1598 2679 Recurrerunt
1635 2624 1702 2677 ad
1744 2634 1963 2694 aposto—

374 2718 532 2787 licam
578 2717 819 2787 prtedicti
867 2717 1069 2781 sedem,
1106 2717 1218 2771 lucc
1266 2717 1378 2787 ipsa
1422 2716 1577 2769 nobis
1626 2731 1744 2787 qua:
1793 2724 1965 2771 tentet

375 2808 727 2878 perturbatio,
758 2816 1172 2877 conquerentes.
1223 2806 1509 2868 ilabelote,
1536 2805 1728 2862 fratres
1759 2807 1963 2861 charis—

372 2899 519 2968 simi,
548 2915 647 2970 pro
674 2898 950 2954 catholicae
990 2899 1160 2968 plebis
1199 2913 1332 2966 pace
1364 2905 1674 2960 tractatum,
1706 2898 1880 2953 sciant
1906 2912 1965 2951 se

373 2991 444 3060 (si
473 3000 653 3046 tamen
684 3000 973 3046 censentur
1005 2989 1325 3060 presbyterii
1354 2988 1633 3056 dignitate)
1663 2988 1815 3041 vobis
1846 3002 1965 3043 esse

380 3080 676 3148 subjectos,
703 3079 899 3140 sciant,
932 3082 1075 3147 quod
1103 3078 1205 3136 sibi
1228 3091 1439 3143 omnes,
1469 3076 1561 3144 qui
1582 3076 1722 3131 male
1743 3075 1962 3140 docent,

374 3171 583 3226 discere
627 3171 799 3238 magis
845 3185 909 3225 ac
948 3169 1118 3238 magis
1182 3174 1476 3237 competat,
1522 3180 1685 3236 quam
1742 3166 1961 3223 docere.

2066 1997 2172 2050 tur,
2223 2005 2393 2058 eaque
2424 1994 2799 2048 tantummodo
2855 1996 3007 2062 sequi
3053 2005 3109 2050 et
3137 1998 3367 2065 probare
3396 2000 3651 2067 prollteno

2062 2083 2180 2143 tur,
2231 2094 2351 2147 qute
2398 2083 2763 2138 sacratissima
2817 2085 2957 2138 beati
3010 2088 3244 2155 apostoli
3301 2088 3456 2144 sedes
3505 2088 3649 2147 Petri

2063 2177 2250 2222 contra
2280 2170 2528 2226 inimicos
2555 2173 2742 2240 gratiae
2784 2173 2878 2227 Dei
2924 2190 3020 2244 per
3067 2175 3421 2232 ministerium
3455 2196 3652 2247 praesu-

2065 2263 2173 2316 lum
2204 2279 2424 2318 suorum
2449 2268 2629 2320 sanxit
2659 2275 2713 2322 et
2739 2267 2941 2323 docuit.
3004 2269 3375 2325 Necessarium
3409 2273 3508 2326 fuit
3534 2272 3652 2328 diii.

2063 2366 2254 2422 genter
2284 2356 2556 2423 inquirere
2586 2359 2715 2427 quid
2743 2368 2985 2415 rectores
3014 2358 3270 2415 Romamre
3301 2361 3553 2417 Ecclesia:
3588 2364 3652 2418 de

2066 2444 2275 2509 luercsi,
2308 2462 2427 2515 qu;c
2458 2464 2644 2501 eorum
2678 2450 3009 2519 temporibus
3044 2460 3232 2504 exorta
3264 2452 3458 2520 fuerat,
3501 2453 3648 2521 judi-

2065 2534 2257 2599 carint,
2292 2544 2349 2589 et
2378 2545 2564 2590 contra
2598 2539 3010 2594 nocentissimos
3050 2540 3201 2594 liberi
3232 2541 3437 2595 arbitrii
3468 2541 3652 2597 defenv

2064 2636 2234 2685 sores,
2267 2623 2393 2692 quid
2417 2623 2483 2677 de
2508 2625 2678 2692 gratia
2701 2624 2797 2680 Dei
2819 2626 3153 2680 sentien-lum
3179 2644 3297 2682 esse
3321 2632 3652 2699 censuerint,

2068 2711 2140 2764 ita
2173 2721 2233 2765 ut
2261 2712 2421 2765 etiam
2456 2711 2827 2769 Afrit-anorum
2860 2716 3208 2771 conciliorum
3240 2717 3497 2786 quasdam
3528 2735 3653 2779 sen—

2068 2801 2263 2855 tentias
2309 2800 2676 2870 jnugeremus,
2709 2820 2843 2874 quas
2874 2807 3057 2874 utique
3092 2822 3215 2860 suas
3246 2806 3491 2862 fecerunt
3521 2826 3652 2881 apo-

2066 2891 2243 2945 stolici
2276 2893 2562 2960 antistites,
2618 2910 2737 2948 cum
2772 2897 3087 2964 probarunt.
3142 2895 3209 2951 Ut
3257 2914 3385 2967 ergo
3417 2900 3652 2973 plenius,

2065 2980 2157 3049 qui
2212 2981 2266 3035 in
2295 2982 2472 3052 aliquo
2519 2982 2784 3052 dubitant,
2836 2986 3189 3052 instruantur,
3240 2990 3655 3047 constitutiones

2063 3080 2376 3125 sanctorum
2409 3070 2630 3125 Patrum
2670 3076 3053 3143 compendioso
3085 3076 3485 3135 manifestamus
3513 3078 3651 3137 indiv

2068 3160 2213 3225 culo,
2245 3174 2352 3228 quo
2382 3162 2424 3216 si
2448 3163 2565 3232 quis
2589 3179 2694 3217 non
2720 3164 2941 3221 nimium
2971 3174 3054 3219 est
3076 3169 3653 3238 contentiosus,agno-

376 3262 512 3318 Nam
545 3263 671 3331 quid
699 3265 753 3318 in
784 3261 1036 3318 Ecclesiis
1063 3276 1160 3316 vos
1192 3261 1366 3328 agitis,
1400 3260 1446 3316 si
1476 3260 1551 3314 illi
1576 3274 1844 3313 summam
1876 3268 1958 3313 te-

2068 3256 2185 3303 scat
2229 3251 2470 3307 omnium
2522 3252 2944 3321 disputationum
2994 3258 3386 3312 connexiouem
3434 3274 3504 3313 ex
3552 3261 3655 3318 hac

373 3362 541 3408 neaut
567 3354 889 3423 praedicandi
917 3356 940 3407 ?
969 3353 1071 3408 nisi
1094 3352 1230 3409 forte
1260 3351 1389 3407 illud
1411 3351 1656 3415 obsistat,
1687 3349 1831 3419 quod
1854 3365 1962 3404 non
2066 3338 2405 3393 subditarum
2425 3342 2807 3397 au‘ctoritatum
2831 3343 3094 3397 brevitate
3120 3347 3379 3413 pendere,
3422 3348 3654 3404 nullam-

373 3448 719 3512 auctoritate,
751 3462 858 3501 nou
884 3446 1061 3503 adhuc
1082 3446 1289 3501 ratione
1319 3444 1608 3513 colligitur,
1643 3452 1701 3496 ut
1737 3442 1904 3510 aliqui
1932 3457 1967 3499 e

374 3535 602 3593 fratrum
643 3552 870 3593 numero
918 3554 1092 3607 nuper
1135 3537 1204 3592 de
1251 3537 1510 3592 laicorum
1561 3535 1858 3599 consortio,
1910 3536 1963 3589 in

373 3627 662 3695 collegium
691 3638 937 3683 nostrum
986 3627 1229 3683 fortassis
1257 3626 1494 3689 admissi,
1548 3626 1791 3679 nesciant
1833 3625 1965 3693 quid

374 3718 481 3773 sibi
509 3718 744 3774 debeant
772 3719 1060 3774 vindicare.
1107 3718 1282 3786 Super
1327 3717 1408 3770 his
1456 3716 1624 3770 multa
1666 3714 1779 3783 jam
1821 3714 1966 3773 dicta

375 3816 505 3866 Sunt
544 3824 611 3865 eo
658 3817 921 3879 tempore,
979 3825 1090 3878 quo
1141 3806 1210 3862 ad
1261 3806 1440 3862 fratris
1487 3805 1679 3861 Tueuti
1722 3803 1969 3861 dedimus

373 3899 579 3968 scripta
607 3915 942 3969 responsum.
989 3899 1144 3955 Nunc
1196 3906 1374 3954 tamen
1421 3905 1728 3967 repetentes
1773 3897 1967 3969 smpius

375 3990 751 4054 admonemus,
782 4000 840 4045 ut
867 3993 1106 4047 vitentur
1132 3989 1458 4058 hujusmodi,
1488 3990 1579 4059 qui
1602 3989 1849 4043 laborant
1871 4004 1969 4057 per

377 4093 551 4139 terras
580 4084 745 4151 aliud,
774 4099 935 4152 quam
968 4084 1058 4139 ille
1097 4092 1283 4138 noster
1307 4082 1467 4151 jussit
1494 4081 1756 4147 agricola,
1806 4081 1966 4134 senti—

377 4189 532 4231 uare.
579 4172 692 4228 Nec
733 4183 910 4228 tamen
939 4172 1120 4228 mirari
1155 4187 1460 4241 possumus,
1508 4171 1554 4225 si
1586 4171 1699 4224 hanc
1733 4186 1859 4239 erga
1892 4171 1969 4223 vi-

377 4272 570 4319 ventes
619 4264 672 4317 bi
704 4280 845 4319 nunc
873 4271 1082 4321 tentare
1128 4262 1344 4325 audent,
1395 4261 1487 4329 qui
1534 4260 1776 4313 nituntur
1804 4260 1968 4317 etiam

375 4354 770 4425 quiescentium
798 4354 1021 4410 fratrum
1052 4352 1367 4409 memoriam
1394 4350 1679 4419 dissipare.

429 4514 504 4569 De
528 4523 707 4568 sancto
734 4515 970 4584 episcopo
999 4514 1284 4583 Augustino
1316 4515 1445 4567 mira
1488 4513 1656 4569 (aridis
1688 4515 1929 4577 assertio.

448 4630 493 4685 ιι
564 4630 914 4697 Augustinum
964 4638 1163 4683 sancta:
1213 4628 1604 4683 recordationis
1649 4628 1821 4683 virum
1868 4645 1966 4696 pro
2003 4658 2044 4710 ι)

377 4724 495 4777 vita
522 4738 619 4777 sua
643 4731 807 4795 atque
838 4722 1045 4776 meritis
1090 4722 1143 4775 in
1197 4731 1379 4778 nostra
1420 4721 1800 4778 counnnnione
1830 4736 1971 4774 sem-

379 4830 479 4885 per
506 4814 811 4879 habuimus,
830 4829 931 4873 nec
953 4829 1187 4884 unquam
1219 4813 1365 4870 hunc
1390 4812 1619 4866 sinistra:
1649 4812 1971 4881 suspicionis

375 4907 574 4960 saltem
605 4921 788 4959 rumor
832 4905 1083 4975 aspersit,
1128 4920 1289 4974 quem
1340 4912 1504 4957 tanta:
1553 4904 1795 4957 scientia:
1841 4903 1968 4957 olim

377 4996 545 5052 fuisse
571 4996 937 5063 meminimus,
967 5006 1025 5049 ut
1057 4996 1199 5049 inter
1228 4996 1513 5062 magistros
1543 4994 1778 5063 Optimos
1806 4994 1968 5049 etiam

376 5102 411 5143 a
442 5087 577 5142 meis
623 5102 839 5158 semper
868 5087 1250 5143 decessoribus
1296 5086 1613 5142 haberetur.
1664 5085 1810 5139 Bene
1838 5097 1969 5152 ergo

376 5178 450 5232 de
499 5193 567 5232 eo
591 5190 780 5232 omnes
826 5178 880 5233 in
910 5193 1195 5235 commune
1241 5185 1567 5240 senserunt,
1614 5186 1672 5230 ut
1701 5184 1852 5244 pote,
1877 5177 1968 5245 qui

376 5272 580 5339 ubique
602 5271 808 5326 cunctis
835 5278 891 5325 et
918 5271 1088 5323 amori
1136 5271 1296 5323 fuerit
1324 5279 1377 5324 et
1406 5270 1619 5326 honori.
1656 5267 1807 5323 [lude
1830 5270 1966 5322 resi-

374 5372 556 5419 statur
585 5362 798 5426 talibus,
846 5376 984 5431 quos
1031 5361 1171 5416 male
1210 5376 1458 5416 crescere
1503 5361 1788 5425 videmus;
1823 5358 1972 5414 nefas

373 5462 480 5511 est.
518 5453 633 5508 haec
662 5453 771 5522 pati
802 5452 1081 5519 religiosas
1125 5453 1352 5515 animas,
1384 5468 1609 5522 quarum
1654 5452 1969 5519 alllictione,

371 5546 505 5615 quia
536 5544 781 5601 membra
808 5552 990 5599 nostra
1021 5552 1166 5611 sunt,
1198 5561 1296 5598 nos
1324 5560 1540 5613 quoque
1573 5546 1829 5601 convenit
1855 5561 1969 5599 ηιμ-

374 5638 592 5702 eerari,
647 5636 893 5705 quamvis
941 5646 1154 5692 maneat
1214 5638 1313 5692 hos
1357 5637 1641 5692 beatitudo
1693 5638 1959 5706 promissa

375 5729 600 5790 (Matth.
651 5738 747 5794 v),
812 5726 1115 5795 quicunque
1178 5728 1473 5796 probantur
1532 5730 1963 5797 persecutionem

377 5830 605 5893 propter
628 5820 891 5889 justitiam
918 5818 1206 5875 sustinere.
1257 5820 1461 5886 Quibus
1505 5821 1633 5890 quid
1688 5821 1968 5889 promittat

380 5911 644 5969 Dominus
672 5910 726 5965 in
756 5910 1014 5976 futurum,
1058 5924 1289 5978 sequens
1318 5926 1497 5967 sermo
1540 5911 1798 5969 declarat.
1852 5911 1968 5967 Non

2066 3443 2170 3497 que
2200 3428 2301 3483 sibi
2333 3431 2776 3487 contradictionis
2804 3448 3091 3502 superesse
3125 3434 3412 3504 rationem,
3455 3437 3503 3497 si
3530 3453 3652 3496 cum

2066 3520 2348 3576 catholicis
2376 3521 2560 3575 credat
2588 3530 2642 3581 et
2671 3524 2836 3581 dicat.

2070 3662 2219 3727 Quod
2262 3662 2438 3743 Adam
2467 3664 2642 3743 omnes
2685 3664 2913 3743 homines
2957 3664 3308 3743 lascrit,_nec_
3348 3685 3649 3743 quemquam

2382 3734 2485 3786 nisi
2515 3732 2710 3787 Christi
2740 3737 2912 3804 gratia
2937 3752 3084 3804 posse
3115 3738 3329 3790 salvari.

2141 3848 2228 3904 IV.
2258 3847 2314 3904 In
2345 3847 2785 3918 praevaricatione
2818 3848 2943 3901 Athe
2982 3864 3171 3903 omnes
3214 3850 3461 3907 homines
3489 3834 3652 3919 nsi...

2070 3943 2235 3996 ralem
2288 3939 2699 4011 possibilitatem
2748 3948 2804 3993 et
2851 3939 3215 3995 innocentiam
3248 3942 3567 4012 perdidisse,
3601 3962 3655 4003 et

2073 4033 2342 4088 uciniuem
2373 4032 2438 4086 de
2467 4030 2731 4103 profundo
2765 4030 2906 4084 illius
2939 4032 3103 4086 ruime
3132 4048 3227 4101 per
3256 4032 3480 4088 liberum
3508 4037 3652 4093 arbi-

2072 4127 2232 4179 trium
2273 4140 2432 4194 posse
2464 4138 2806 4191 consurgere,
2851 4122 2949 4177 nisi
2997 4139 3118 4177 eum
3171 4126 3337 4193 gratia
3371 4124 3464 4181 Dei
3497 4130 3656 4185 misev

2072 4218 2241 4272 rantis
2272 4215 2524 4282 erexerit,
2578 4216 2959 4285 prcmmtiaute
3009 4216 3179 4270 beata:
3209 4221 3481 4275 memoriae
3518 4238 3656 4293 papa

2073 4307 2405 4368 Innocentio,
2464 4316 2626 4374 atque
2655 4306 2867 4359 ditente
2917 4304 2966 4358 in
3015 4306 3240 4374 epistola
3272 4310 3339 4362 ad
3371 4309 3657 4382 Carthagi-

2075 4415 2238 4451 nense
2266 4398 2555 4452 concilium
2584 4415 2594 4448 :
2652 4397 2902 4451 Liberaui
2934 4396 3075 4451 enim
3113 4399 3390 4454 arbitrium
3418 4400 3509 4457 ille
3538 4420 3659 4475 per-

2075 4506 2281 4558 pessus,
2311 4489 2434 4543 dum
2465 4489 2574 4544 suis
2603 4488 2954 4543 inconsultius
2981 4488 3146 4543 utitur
3173 4491 3348 4557 bonis,
3383 4494 3583 4553 cadens
3609 4498 3659 4555 iu

2076 4583 2530 4654 praevaricationis
2543 4582 2806 4653 profunda
2830 4582 3109 4637 demersus
3122 4594 3223 4649 est,
3241 4594 3294 4640 et
3307 4584 3436 4643 nihil
3465 4603 3657 4658 quem-

2074 4673 2361 4728 admodum
2410 4672 2605 4728 exinde
2654 4685 2876 4741 surgere
2909 4683 3112 4741 posset,
3159 4674 3408 4733 invenit:
3460 4695 3661 4751 suaque

2075 4768 2125 4823 in
2152 4777 2409 4820 mternum
2446 4766 2694 4819 libertate
2724 4765 2986 4834 deceptus
3013 4765 3174 4835 hujus
3203 4770 3371 4825 ruinzr
3414 4771 3659 4830 latuisset

2073 4872 2353 4926 oppressu,
2387 4856 2486 4909 nisi
2509 4870 2632 4910 eum
2664 4863 2786 4923 post
2816 4854 3017 4908 Christi
3063 4871 3163 4925 pro
3195 4874 3289 4912 sua
3316 4860 3485 4925 gratia
3514 4860 3657 4916 rele-

2072 4956 2253 5001 vasset
2281 4946 2566 5012 adventus,
2596 4946 2687 5013 qui
2719 4960 2814 5015 per
2847 4960 2997 4999 novae
3029 4948 3455 5015 regenerationis
3477 4951 3662 5018 purifiv

2079 5038 2345 5091 rationem
2394 5051 2552 5089 omne
2583 5036 2911 5105 praeteritum
2964 5035 3147 5089 vitium
3198 5036 3279 5093 sui
3327 5037 3662 5106 baptismatis

2079 5060 2345 5091 ("utuntqu
2394 5060 2552 5089 urunt:
2583 5060 2911 5105 pl'auunuuu
2967 5060 3147 5089 unum
3198 5060 3279 5093 sui
3327 5060 3662 5106 napusmaus

2077 5127 2288 5183 lavacro
2317 5126 2579 5197 purgavit.
3630 5060 3767 5205 4

2079 5268 2228 5333 Quod
2256 5284 2403 5323 nemo
2448 5268 2515 5319 sit
2552 5266 2844 5341 Abronussuis
2872 5267 3080 5341 viribus,
3134 5268 3234 5321 nisi
3257 5269 3685 5341 ρανιίιὶριιιὶοηέι⁵

2511 5338 2623 5408 ejus
2653 5340 2737 5408 qui
2765 5337 2905 5392 solus
2931 5338 3091 5389 bonus
3112 5347 3207 5391 est.

2148 5453 2207 5508 V.
2240 5454 2512 5508 Neminem
2534 5466 2651 5507 esse
2666 5468 2762 5520 per
2773 5452 3119 5521 semetipsum
3140 5452 3358 5518 bonum,
3383 5454 3482 5509 nisi
3503 5458 3663 5525 parti.

2075 5547 2400 5616 cipationem
2421 5546 2504 5599 sui
2530 5544 2619 5599 ille
2638 5543 2806 5596 donet
2825 5544 2914 5613 qui
2944 5544 3092 5599 solus
3121 5553 3203 5599 est
3230 5546 3407 5603 bonus
3444 5547 3657 5619 (Matth.

2077 5638 2208 5706 xix),
2222 5636 2365 5703 quod
2389 5635 2439 5687 in
2458 5634 2658 5688 eisdem
2672 5634 2887 5700 scriptis
2898 5633 3136 5701 ejusdem
3161 5639 3429 5705 pontiﬁcis
3448 5650 3664 5698 senten-

2076 5729 2147 5782 tia
2177 5733 2523 5796 protestatur,
2556 5724 2741 5778 dicens
2767 5741 2777 5774 ε
2802 5723 3047 5792 Nunquid
3076 5743 3176 5783 nos
3199 5728 3267 5782 de
3297 5745 3483 5787 eorum
3512 5747 3662 5801 post-

2078 5822 2193 5874 bzec
2218 5828 2422 5873 rectum
2448 5815 2715 5870 mentibus
2744 5814 3091 5883 mstimemus,
3134 5818 3226 5886 qui
3254 5820 3354 5874 sibi
3383 5836 3442 5875 se
3474 5833 3663 5890 putant

2081 5911 2283 5977 deberi,
2311 5908 2457 5982 quod
2484 5908 2611 5963 bcui
2641 5915 2784 5975 sunt,
2821 5922 2919 5964 nec.
2941 5908 3089 5965 illum
3112 5912 3473 5981 considerant,
3509 5916 3658 5982 cuius
