4104 6464
453 341 546 394 ﬂl

1697 327 2054 386 DIONYSIUS
2093 326 2249 381 EXIG
2261 324 2416 380 UUS.

3621 316 3733 372 ἰνῚῖ

455 441 948 523 (ιυοιὶιιίρέκιιίαηι
975 457 1395 519 consequuntur,
1440 447 1530 517 qui
1557 446 1675 500 sine
1705 446 1797 500 illo
1829 451 2033 498 tantum

2149 440 2292 506 Quod
2319 439 2488 494 omnis
2517 445 2699 492 sancto
2737 436 2984 523 cogitatio
3033 443 3084 519 et
3121 443 3290 490 motus
3318 436 3418 506 pia
3444 435 3726 490 voluntatis

457 561 516 600 se
545 545 758 614 assequi
794 557 954 615 posse
979 540 1279 596 conﬁdunt.

459 657 610 722 Quod
631 657 731 711 nisi
754 656 924 727 gratia
949 651 1042 706 Dei
1065 652 1304 706 continuo
1319 651 1574 720 juvemur,
1598 645 1821 701 insidias
1843 643 2039 698 diaboli

459 671 609 722 uuoa
631 674 731 711 nisi
754 671 924 727 grana
949 671 1041 706 uer
1065 671 1304 706 continuo
1319 671 1574 720 Juvenmr,

898 739 1142 794 superare
1168 738 1272 776 non
1299 735 1590 792 possumus.

300 671 456 905 >
527 833 612 890 Vl.
644 831 922 888 Neminem
953 831 1116 885 etiam
1143 827 1483 898 baptismatis
1503 839 1590 894 gra

527 833 612 890 Vl.
644 831 922 888 Neminem
953 831 1116 885 etiam
1143 827 1483 898 baptismatis
1503 825 1672 894 gratia
1695 829 2036 886 renovatum,

458 929 708 984 idoneum
736 939 856 980 esse
884 923 949 977 ad
979 919 1311 992 superandas
1352 916 1552 973 diaboli
1599 913 1842 976 insidias,
1873 919 1930 966 ct
1973 909 2042 964 ad

455 1016 780 1074 cvincendas
807 1015 984 1070 carnis
1010 1011 1481 1083 concupiscentias
1504 1051 1518 1075 ,
1569 1007 1670 1062 nisi
1713 1021 1812 1076 per
1859 1004 2040 1074 quoti-

455 1111 675 1164 dianum
713 1105 1038 1176 adjutorium
1068 1105 1164 1159 Dei
1211 1101 1666 1174 perseverantiam
1711 1099 1866 1153 bonae
1909 1111 2043 1152 con-

456 1199 779 1256 versationis
807 1197 1082 1266 acccperit
1107 1213 1120 1248 :
1151 1193 1295 1263 quod
1318 1191 1558 1263 ejusdem
1588 1188 1843 1244 antistitis
1867 1187 1923 1241 in
1951 1186 2044 1241 iis-

456 1295 578 1349 dem
608 1291 815 1363 paginis
839 1289 1083 1345 doctrina
1105 1285 1408 1352 conﬁrmat,
1437 1283 1622 1338 dicens
1647 1299 1659 1334 :
1691 1280 1824 1335 Nam
1849 1293 2040 1350 quam-

457 1383 540 1440 vis
591 1383 864 1438 hominem
915 1379 1204 1434 redimeret
1249 1392 1276 1430 a
1328 1375 1611 1445 praeteritis
1655 1373 1746 1427 ille
1785 1369 2040 1442 peccatis,

460 1487 640 1530 tamen
668 1475 845 1530 sciens
872 1473 1067 1528 iterum
1095 1484 1255 1541 posse
1276 1481 1522 1539 peccare,
1555 1466 1620 1520 ad
1646 1464 2043 1534 reparationem

458 1566 581 1631 sibi,
612 1560 1065 1634 quemadmodum
1106 1566 1292 1630 posset
1323 1557 1472 1611 illum
1515 1564 1572 1610 et
1597 1561 1720 1625 post
1749 1555 1853 1608 ista
1881 1551 2047 1606 corri-

457 1672 606 1726 gere,
637 1655 804 1710 multa
834 1651 1090 1709 servavit.
1121 1648 1449 1714 Quotidiana
1476 1653 1699 1717 prmstat
1738 1643 1829 1698 ille
1865 1655 2042 1697 reme-

459 1751 566 1813 dia,
619 1749 813 1818 quibus
845 1746 946 1801 nisi
981 1743 1100 1798 freti
1135 1740 1431 1810 conﬁsique
1459 1739 1714 1802 nitamur,
1738 1735 2044 1790 nullatenus

460 1844 726 1898 humanos
766 1839 985 1893 vincere
1032 1833 1332 1904 poterimus
1382 1844 1616 1886 errores.
1682 1827 1915 1882 Necesse
1961 1831 2044 1878 est

461 1933 600 1987 enim
629 1940 689 1986 ut
713 1945 821 1999 quo
851 1927 1140 1982 auxiliante
1164 1921 1447 1986 vincimus,
1485 1934 1552 1976 eo
1582 1919 1775 1973 iterum
1805 1919 1913 1971 n’On
1946 1913 2044 1968 ad-

450 2024 680 2093 juvante
707 2021 1007 2076 vincamur.

553 2133 712 2199 Quod
739 2147 829 2203 per
853 2129 1109 2185 Christum
1137 2125 1296 2180 libero
1327 2125 1450 2179 bene
1477 2132 1682 2178 utamur
1707 2119 1944 2176 arbitrio.

521 2242 641 2299 Ἧι.
675 2240 828 2309 Quod
858 2254 1017 2294 nemo
1058 2237 1160 2292 nisi
1209 2251 1307 2307 per
1334 2233 1627 2296 Christum,
1678 2231 1852 2286 libero
1900 2229 2044 2283 bene

461 2342 640 2391 utatur
669 2331 913 2397 arbitrio,
945 2330 1084 2384 idem
1113 2327 1368 2397 magister
1399 2327 1450 2380 in
1478 2323 1709 2395 epistola
1738 2320 1806 2376 ad
1831 2317 2044 2374 Milevi-

460 2435 645 2480 tanum
693 2422 978 2478 concilium
1027 2419 1150 2474 data
1197 2416 1478 2489 prmdicat,
1534 2416 1760 2469 dicens:
1813 2411 2046 2466 Adverte

458 2514 702 2582 tandem,
735 2528 767 2566 ο
798 2510 1240 2582 pravissimarum
1270 2507 1532 2562 mentium
1561 2518 1816 2575 perversa
1844 2499 2047 2557 doctri-

444 2621 548 2672 na,
579 2603 721 2672 quod
743 2602 972 2673 primum
1003 2599 1278 2653 hominem
1305 2598 1379 2652 ita
1409 2596 1632 2651 libertas
1663 2594 1776 2662 ipsa
1803 2591 2040 2660 decepit,

463 2705 519 2750 ut
537 2695 662 2751 dum
695 2693 1056 2762 indulgentius
1085 2689 1249 2744 frenis
1279 2688 1397 2757 ejus
1425 2686 1612 2750 utitur,
1647 2684 1699 2738 in
1727 2682 2046 2753 praevarica-

444 2789 663 2842 tionem
689 2782 1111 2859 praesumptione
1141 2777 1474 2842 concideret,
1518 2790 1620 2829 nec
1650 2789 1716 2828 ex
1739 2774 1844 2827 hac
1873 2771 2048 2840 potuit

462 2877 596 2942 erui,
645 2875 745 2931 nisi
776 2874 824 2928 ei
875 2869 1214 2942 providentia
1244 2865 1673 2936 regenerationis
1702 2871 1904 2919 statum
1933 2862 2046 2932 pri-

453 2967 615 3022 stina:
662 2962 925 3020 libertatis
971 2959 1171 3016 Christi
1201 2956 1414 3014 Domini
1463 2955 1813 3012 reformasset
1842 2953 2045 3008 adven-

456 3057 572 3111 tns'.
1057 3050 1060 3052 ’

585 3166 734 3230 Quod
762 3168 938 3220 omnia
966 3172 1264 3218 sanctorum
1291 3163 1473 3216 merita
1503 3161 1642 3215 dona
1673 3167 1792 3214 sunt
1815 3157 1932 3213 Dei.

529 3281 668 3337 Nili.
711 3279 865 3348 Quod
896 3279 1074 3334 omnia
1101 3277 1297 3341 studia,
1329 3286 1385 3331 et
1413 3278 1592 3330 omn'a
1621 3291 1807 3345 opera,
1837 3289 1900 3328 ac
1929 3289 2044 3328 mc-

469 3375 568 3427 rita
597 3380 905 3427 sanctorum
928 3369 994 3422 ad
1018 3369 1112 3422 Dei
1153 3367 1378 3435 gloriam
1421 3367 1740 3436 laudemque
1767 3364 2042 3418 retin-cinia

467 3465 593 3528 sint,
629 3462 752 3531 quia
784 3476 942 3515 nemo
974 3458 1187 3513 aliunde
1217 3458 1266 3512 ei
1295 3458 1491 3528 placet,
1535 3458 1634 3512 nisi
1679 3471 1744 3510 ex
1791 3472 1857 3509 eo
1901 3457 2043 3525 quml

471 3562 585 3626 ipse
612 3553 912 3608 donaverit.
945 3550 1001 3604 ln
1032 3566 1192 3620 quam
1223 3566 1322 3604 nos
1349 3550 1670 3603 sententiam
1703 3546 1885 3616 dirigit
1913 3549 2046 3601 bea-

469 3657 534 3700 ta:
585 3643 973 3700 recordationis
1021 3655 1172 3711 papae
1197 3639 1394 3694 Zosimi
1444 3638 1703 3708 regularis
1731 3637 2044 3702 auctoritas,

467 3753 590 3794 cum
618 3736 858 3792 scribens
887 3734 953 3789 ad
984 3732 1148 3787 totius
1177 3730 1322 3785 orbis
1354 3731 1638 3800 episcopos
1676 3729 1750 3783 ait
1774 3745 1788 3782 :
1816 3728 1925 3782 Nos
1954 3743 2048 3781 au-

471 3837 581 3884 tem
605 3827 859 3883 instinctu
888 3824 1004 3889 Dei,
1051 3822 1233 3877 omnia
1280 3820 1422 3875 enim
1466 3820 1606 3875 bona
1657 3817 1723 3873 ad
1772 3813 2048 3873 auctorem

471 3934 625 3976 suum
644 3914 930 3972 referenda
955 3921 1101 3976 sunt,
1133 3913 1273 3966 unde
1300 3921 1618 3973 nasountur,
1645 3907 1710 3962 ad
1739 3908 1960 3962 fratrum
1998 3918 2052 3961 et

468 4008 916 4078 coepiscoporum
983 4012 1291 4059 nostrorum
1361 4002 1751 4058 conscientiam
1802 4001 2052 4056 universa

473 4099 769 4155 retulimus.
821 4095 978 4152 Hunc
1015 4104 1194 4151 autem
1224 4109 1529 4150 sermonem
1559 4093 1931 4148 sincerissunm
1957 4108 2051 4148 ve-

472 4188 787 4244 ritatis‘luce
815 4186 1114 4242 radiantem
1136 4193 1288 4239 tanto
1316 4183 1428 4238 Afri
1457 4182 1694 4253 episcopi
1726 4182 1932 4237 honore
1964 4197 2056 4236 ve-

474 4281 648 4336 nerati
689 4289 833 4343 sunt,
883 4285 944 4334 ut
987 4279 1060 4333 ita
1108 4277 1176 4331 ad
1204 4273 1452 4331 eumdem
1497 4275 1667 4328 virum
1715 4273 2052 4329 scriberent:

475 4374 608 4429 Illud
632 4388 780 4436 vero,
809 4370 950 4443 quod
975 4372 1025 4425 in
1052 4370 1264 4435 litteris,
1295 4383 1429 4438 quas
1450 4367 1506 4421 in
1534 4367 1810 4421 universas
1840 4365 2058 4435 provin-

476 4467 588 4522 cias
616 4465 817 4521 curasti
862 4479 982 4519 esse
1009 4462 1316 4530 mittendas,
1347 4459 1572 4530 posuisti
1601 4459 1806 4524 dicens,
1837 4458 1946 4513 Nos
1973 4465 2055 4512 ta-

2773 523 2838 560 ea'
2870 506 2978 559 Deo
3006 507 3094 559 sit.

2211 601 2302 656 IX.
2336 599 2488 668 Quod
2518 600 2588 653 ita
2617 597 2760 653 Deus
2784 596 2835 649 in
2867 595 3118 651 cordibus
3148 595 3450 665 hominum,
3479 606 3641 663 atque
3674 593 3729 649 in

2143 694 2259 762 ipso
2305 691 2476 746 libero
2523 694 2778 759 operetur
2819 685 3064 750 arbitrio,
3113 692 3172 738 ut
3213 695 3400 740 sancta
3443 685 3725 754 cogitatio,

2153 783 2302 853 pium
2341 781 2646 846 consilium,
2703 777 2984 844 omnisque
3031 784 3212 832 motus
3238 775 3393 831 bona:
3423 777 3715 834 voluntatis

2145 889 2212 928 ex
2244 872 2356 928 Deo
2392 873 2484 940 sit,
2512 871 2638 941 quia
2677 884 2776 940 per
2806 868 2952 923 illum
3001 866 3201 936 aliquid
3250 867 3378 921 boni
3420 882 3728 937 possumus,

2142 964 2258 1018 sine
2283 977 2390 1031 quo
2420 963 2550 1016 nihil
2580 976 2886 1031 possumus.
2942 959 3022 1013 Ad
3049 960 3189 1014 hanc
3224 960 3366 1014 enim
3393 975 3493 1016 nos
3522 960 3729 1030 profes-

2143 1054 2350 1108 sionem
2382 1053 2523 1106 idem
2554 1052 2748 1106 doctor
2776 1049 3026 1114 instituit,
3053 1049 3144 1118 qui
3169 1065 3311 1104 cum
3341 1045 3407 1102 ad
3439 1051 3604 1103 totius
3638 1063 3729 1102 or-

2145 1144 2232 1198 bis
2265 1143 2550 1212 episcopos
2578 1140 2644 1195 de
2671 1139 2865 1194 divinae
2894 1138 3077 1208 gratiae
3103 1137 3459 1207 opitulatione
3486 1137 3730 1206 loquere-

2144 1245 2233 1288 tur
2275 1250 2287 1286 :
2339 1231 2494 1299 Quod
2524 1245 2675 1300 ergo,
2722 1231 2818 1294 ait,
2870 1238 3084 1298 tempus
3116 1229 3426 1296 intervenit,
3479 1244 3588 1298 quo
3615 1227 3734 1297 ejus

2142 1337 2252 1376 non
2299 1335 2551 1389 egeamus
2594 1319 2839 1374 auxilio?
2879 1318 2938 1373 In
2989 1319 3238 1374 omnibus
3287 1319 3449 1387 igitur
3499 1319 3730 1382 actibus.

2145 1414 2450 1483 eausisqne,
2479 1407 2918 1480 cogitationibus,
2949 1410 3206 1475 motibus,
3237 1410 3452 1479 adjutor
3491 1419 3547 1466 et
3604 1428 3735 1481 pro-

2143 1511 2319 1559 tector
2338 1501 2577 1558 orandus
2593 1510 2694 1558 est.
2729 1500 3031 1571 Superbum
3057 1511 3141 1555 est
3161 1503 3326 1568 enim,
3352 1509 3412 1556 ut
3437 1502 3732 1572 quidquam

2143 1593 2247 1648 sibi
2277 1592 2511 1646 humana
2553 1598 2749 1645 natura
2794 1598 3100 1660 praesumat,
3157 1591 3425 1644 Clamante
3471 1590 3733 1660 Apostolo

2145 1681 2364 1754 (Eplies.
2392 1679 2470 1754 vi)
2502 1699 2517 1735 :
2545 1679 2660 1735 Non
2692 1687 2776 1736 est
2806 1679 2959 1735 nobis
2997 1679 3306 1735 colluctatio
3329 1679 3585 1735 adversus
3612 1695 3734 1734 car-

2077 1807 2118 1864 Β
2148 1789 2269 1830 nem
2293 1781 2350 1828 et
2377 1771 2712 1841 sanguinem,
2754 1770 2848 1825 sed
2879 1777 3068 1825 contra
3097 1769 3368 1839 principes
3397 1778 3453 1824 et
3492 1777 3734 1839 potesta-

2147 1877 2229 1922 tes
2257 1866 2398 1921 aeris
2428 1864 2606 1934 hujus,
2638 1873 2821 1918 contra
2854 1862 3112 1932 spiritalia
3145 1861 3396 1931 nequitiae
3427 1861 3480 1915 in
3505 1861 3734 1916 emicati-

2147 1960 2266 2016 bus.
2297 1957 2366 2012 Et
2405 1959 2545 2014 sicut
2587 1955 2702 2026 ipse
2749 1956 2940 2009 iterum
2985 1953 3116 2008 dicit
3143 1953 3321 2025 (Rom.
3353 1951 3446 2023 vn)
3479 1971 3491 2006 :
3544 1951 3733 2008 Infelix

2147 2063 2247 2118 ego
2274 2050 2456 2114 homo,
2507 2047 2628 2116 quis
2655 2061 2742 2102 me
2770 2045 3020 2100 liberabit
3047 2044 3114 2098 de
3159 2058 3392 2112 corpore
3423 2043 3612 2098 mortis
3639 2043 3735 2098 hu-

2141 2141 2276 2210 jus?
2319 2138 2503 2196 Gratia
2531 2138 2625 2193 Dei
2661 2153 2759 2208 per
2796 2135 2976 2192 Jesum
3017 2135 3287 2191 Christum
3328 2135 3611 2191 Dominum
3643 2153 3734 2190 no-

2146 2241 2338 2288 strum.
2392 2228 2458 2285 Et
2495 2230 2692 2285 iterum
2723 2227 2778 2294 (1
2840 2227 2962 2283 Cor.
2994 2226 3084 2299 xv)
3117 2245 3130 2280 :
3173 2226 3356 2283 Gratia
3398 2227 3491 2282 Dei
3529 2243 3648 2283 sum
3680 2227 3733 2283 id

2147 2321 2291 2392 quod
2322 2336 2460 2386 sum,
2506 2327 2564 2375 et
2590 2318 2761 2388 gratia
2791 2316 2908 2386 ejus
2937 2316 2990 2370 in
3020 2330 3106 2370 me
3136 2329 3303 2370 vacua
3331 2331 3435 2369 non
3467 2314 3586 2381 fuit,
3630 2315 3727 2369 sed

2147 2414 2267 2485 plus
2297 2414 2399 2467 illis
2426 2411 2673 2466 omnibus
2704 2405 2939 2488 laboravi
2965 2425 2978 2461 :
3005 2423 3110 2461 non
3133 2420 3232 2475 ego
3257 2414 3458 2474 autem,
3484 2404 3578 2460 sed
3603 2419 3728 2474 gra-

2149 2507 2221 2560 tia
2251 2504 2346 2560 Dei
2376 2518 2606 2558 mecum.

2151 2616 2301 2682 Quod
2323 2616 2494 2687 gratia
2515 2613 2613 2668 Dei
2634 2630 2733 2687 non
2757 2613 2924 2667 solum
2947 2621 3156 2683 peccata
3178 2612 3422 2687 dimittat,
3453 2614 3544 2687 sed
3567 2615 3727 2687 etiam

2220 2683 2426 2758 adjuvet
2460 2701 2528 2758 ne,
2550 2685 2953 2758 committantur,
2984 2692 3042 2758 et
3061 2691 3274 2758 prmstat
3323 2691 3377 2758 ut
3404 2683 3488 2758 lea:
3509 2685 3730 2753 implea-

2222 2753 2321 2835 tur,
2356 2772 2456 2835 non
2487 2757 2618 2835 sicut
2643 2759 2716 2806 ait
2745 2753 2987 2835 Pelagius
3014 2753 3192 2835 facile,
3223 2753 3370 2822 quasi
3408 2755 3519 2806 sine
3558 2757 3732 2825 gratia

2220 2825 2316 2880 Dei
2345 2826 2602 2896 difﬁcilius
2631 2825 2792 2894 possit
2820 2823 3045 2892 impleri.

2220 2910 2287 2971 Χ.
2337 2915 2471 2970 lllud
2503 2915 2688 2976 etiam,
2720 2913 2866 2982 quod
2901 2913 3040 2967 intra
3069 2912 3508 2982 Carthaginensis
3535 2915 3727 2984 synodi

2148 3008 2367 3064 decreta
2398 3004 2751 3060 constitutum
2787 3011 2888 3069 est,
2923 3003 3075 3072 quasi
3109 3005 3384 3073 preprium
3415 3005 3729 3074 apostolicae

2149 3099 2291 3156 sedis
2319 3097 2712 3167 amplectimur,
2755 3095 2900 3164 quod
2943 3096 3152 3150 scilicet
3189 3097 3349 3151 tertio
3379 3098 3616 3167 capitulo
3644 3098 3734 3152 dc.-

2073 3177 2118 3240 C
2155 3190 2360 3246 ﬁnitum
2386 3200 2498 3244 est:
2534 3187 2604 3242 Ut
2637 3188 2945 3256 quicunque
2972 3187 3172 3243 dixerit
3209 3191 3434 3258 gratiam
3467 3190 3582 3257 Dei,
3625 3205 3734 3261 qua

2144 3279 2497 3354 justilicamor
2523 3295 2620 3350 per
2647 3277 2828 3334 Jesum
2856 3276 3127 3333 Christum
3152 3279 3435 3334 Dominum
3465 3289 3734 3347 nostrum,

2151 3373 2218 3428 ad
2247 3372 2419 3428 solam
2449 3369 2822 3424 remissionem
2850 3376 3196 3439 peccatorum
3228 3371 3427 3434 valere,
3458 3385 3578 3440 qum
3616 3370 3732 3440 jam

2149 3464 2437 3519 commissa
2478 3469 2646 3523 sunt,
2691 3476 2800 3515 non
2841 3461 3002 3516 etiam
3050 3461 3116 3514 ad
3161 3461 3486 3530 adjutorium
3527 3471 3585 3516 ut
3626 3478 3732 3516 non

2149 3554 2573 3617 committantur,
2602 3551 2885 3606 anathema
2911 3552 3000 3606 sit.
3045 3550 3110 3604 Et
3140 3553 3329 3606 iterum
3360 3563 3553 3622 quarto
3581 3553 3736 3622 capi-

2151 3647 2304 3701 tulo:
2345 3643 2414 3699 U‘t
2447 3644 2692 3714 quisquis
2733 3643 2952 3711 dixerit,
2999 3645 3226 3712 gratiam
3280 3645 3373 3698 Dei
3411 3659 3509 3715 per
3551 3643 3738 3700 Jesum

2151 3733 2422 3792 Christum
2470 3743 2692 3805 propter
2720 3733 2826 3788 hoc
2870 3740 3076 3788 tantum
3106 3749 3204 3789 nos
3233 3734 3487 3803 adjuvare
3516 3733 3581 3788 ad
3623 3749 3735 3789 non

2153 3827 2504 3899 peccandum.
2533 3827 2659 3895 quia
2687 3840 2785 3896 per
2811 3826 2985 3894 ipsum
3017 3825 3170 3880 nobis
3199 3825 3491 3889 revehitur,
3521 3833 3578 3880 et
3607 3840 3739 3896 ape-

2153 3919 2292 3974 ritur
2319 3916 2671 3984 intelligentia
2693 3913 3090 3980 mandatorum,
3124 3922 3184 3968 ut
3213 3915 3479 3969 sciamus:
3499 3913 3627 3984 quid
3647 3930 3740 3984 ap-

2161 4019 2347 4081 petere
2371 4017 2424 4063 et
2452 4009 2578 4078 quid
2609 4007 2780 4062 vitare
2819 4007 3113 4062 debeamus
3138 4025 3152 4072 ;
3207 4022 3313 4063 non
3345 4015 3525 4062 autem
3556 4021 3654 4076 per
3682 4007 3740 4061 il-

2158 4103 2260 4156 lam
2292 4102 2446 4157 nobis
2474 4099 2739 4170 prrcstari,
2762 4108 2818 4153 ut
2846 4098 2991 4167 quod
3038 4098 3336 4153 faciendum
3366 4099 3739 4167 cognovimus,

2157 4195 2318 4248 etiam
2357 4191 2534 4246 facere
2579 4191 2862 4258 diligamus
2907 4200 3068 4259 atque
3113 4190 3406 4253 valeamus,
3451 4189 3739 4243 anathema

2157 4286 2246 4341 sit.
2296 4284 2428 4338 Cum
2479 4282 2622 4338 enim
2671 4281 2817 4336 dicat
2873 4281 3165 4350 Apostolus
3209 4299 3222 4334 :
3279 4281 3515 4337 Scientia
3564 4279 3740 4346 inflat,

2158 4375 2389 4430 cliaritas
2437 4388 2564 4428 vero
2607 4371 2840 4426 mdilicat
2883 4370 2932 4441 (Ι
2966 4370 3086 4425 Cor.
3134 4370 3269 4439 vin),
3313 4371 3470 4426 valde
3517 4371 3740 4440 impium

2159 4473 2244 4521 est
2285 4474 2345 4519 ut
2392 4463 2692 4528 credamus,
2745 4463 2810 4516 ad
2859 4477 2977 4516 eam
3006 4477 3126 4532 qua:
3174 4462 3345 4528 inllat,
3393 4479 3492 4517 nos
3541 4463 3742 4517 habere

478 4573 601 4612 men
638 4556 893 4610 instinctu
944 4553 1035 4608 Dei
1061 4594 1075 4617 ,
1108 4560 1239 4618 cte.,
1273 4553 1350 4607 sic
1380 4551 1686 4620 accepimus
1712 4550 1912 4604 dictum
1931 4595 1945 4616 ,
1997 4558 2055 4603 ut
2083 4561 2130 4620 ζ)
2159 4555 2387 4624 gratiam
2409 4553 2626 4618 Christi,
2658 4561 2712 4607 et
2741 4552 2806 4606 ad
2827 4568 2944 4607 eam
2969 4569 3087 4622 qua:
3105 4552 3356 4618 aedificat,
3389 4569 3492 4607 non
3517 4553 3737 4616 habere,

479 4651 619 4715 illos,
669 4647 760 4717 qui
809 4653 995 4701 contra
1024 4644 1121 4699 Dei
1150 4643 1473 4714 adjutorium
1514 4641 1786 4697 extollunt
1835 4641 2054 4695 humani

476 4740 684 4800 arbitrii
731 4739 1051 4803 libertatem,
1101 4736 1348 4791 districto
1378 4733 1554 4803 gladio
1583 4731 1859 4799 veritatis,
1910 4732 2057 4784 velut

475 4833 672 4891 cursim
705 4832 992 4897 transiens,
1044 4839 1374 4901 amputares.
1409 4825 1546 4894 Quid
1576 4825 1716 4880 enim
1751 4833 1856 4878 tam
1889 4824 2055 4877 libero

475 4927 677 4984 fecistis
708 4923 956 4991 arbitrio,
1003 4938 1164 4992 quam
1191 4921 1335 4991 quod
1366 4920 1614 4975 universa
1647 4918 1697 4971 in
1731 4925 1926 4970 nostra:
1956 4915 2055 4968 hu-

474 5017 719 5075 militatis
747 5015 1133 5071 conscientiam
1163 5011 1464 5068 retulistis?
1495 5007 1560 5062 Et
1589 5018 1765 5062 tamen
1797 5007 2055 5061 instinctu

478 5109 574 5164 Dei
605 5107 802 5162 factum
831 5120 950 5159 esse
982 5101 1210 5157 fideliter
1242 5101 1619 5170 sapienterque
1644 5097 1869 5161 vidistis,
1903 5113 2059 5150 vera-

475 5201 614 5255 citer
667 5196 998 5264 lidenterquc
1024 5193 1251 5248 dixistis.
1285 5190 1411 5244 ldeo
1439 5189 1643 5256 utique,
1691 5189 1815 5258 quia
1847 5203 2057 5257 przepa-

475 5299 628 5345 ratur
673 5289 923 5343 voluntas
952 5301 983 5339 a
1012 5284 1261 5347 Domino,
1311 5288 1366 5334 et
1397 5290 1457 5334 ut
1485 5280 1612 5334 boni
1641 5279 1841 5349 aliquid
1874 5287 2058 5348 agant,

477 5381 714 5453 paternis
763 5376 1205 5448 inspirationibus
1253 5387 1472 5428 suorum
1524 5370 1640 5440 ipse
1677 5378 1862 5438 tangat
1891 5369 2053 5424 corda

479 5477 732 5532 ﬁliorum.
764 5473 1043 5540 Quotquot
1075 5468 1216 5524 enim
1261 5465 1451 5536 spiritu
1477 5464 1574 5520 Dei
1599 5472 1850 5533 aguntur,
1879 5464 1934 5518 hi
1965 5463 2058 5517 ﬁlii

477 5567 570 5621 Dei
593 5571 739 5630 sunt,
763 5573 821 5618 ut
842 5578 943 5618 nec
964 5568 1210 5616 nestrum
1231 5558 1421 5613 deesse
1441 5556 1738 5614 sentiamus
1761 5555 2060 5622 arbitrium,

476 5667 531 5712 et
580 5656 632 5711 in
679 5654 835 5710 bonis
862 5653 1164 5723 quibusque
1207 5649 1497 5704 voluntatis
1545 5647 1792 5702 humana:
1843 5645 2062 5714 singulis

477 5747 710 5803 motibus
767 5747 936 5816 magis
985 5743 1126 5798 illius
1173 5741 1351 5795 valere
1397 5756 1504 5796 non
1549 5738 1856 5793 dubitemus
1906 5738 2060 5790 auxi-

481 5839 638 5894 lium.

2161 4662 2283 4700 cum
2315 4646 2385 4699 sit
2407 4653 2694 4713 utrumque
2720 4643 2918 4698 donum
2947 4643 3040 4698 Dei
3062 4685 3077 4712 ,
3125 4653 3180 4698 et
3221 4645 3362 4698 seire
3386 4643 3515 4712 quid
3560 4643 3739 4698 facere

2159 4738 2476 4801 debeamus,
2523 4744 2580 4790 et
2625 4736 2851 4802 diligere
2898 4742 2956 4788 ut
3001 4735 3290 4804 faciamus,
3353 4745 3412 4790 ut
3439 4735 3741 4791 aediﬁcante

2162 4827 2428 4882 charitate
2455 4825 2678 4880 scientia
2711 4840 2818 4878 non
2844 4825 3014 4895 possit
3041 4823 3246 4882 inﬂare.
3296 4826 3449 4880 Sicut
3469 4837 3648 4881 autem
3672 4827 3742 4882 de

2163 4918 2276 4974 Deo
2313 4919 2572 4987 scriptum
2621 4925 2745 4972 est:
2777 4917 2878 4983 Qui
2923 4917 3085 4972 docet
3129 4919 3400 4972 hominem
3453 4919 3737 4974 scientiam

2166 5007 2339 5070 (Psal.
2369 5012 2538 5078 mu),
2557 5009 2628 5062 ita
2652 5008 2816 5062 etiam
2844 5008 3100 5077 scriptum
3131 5008 3508 5064 est:Charitas
3537 5025 3602 5063 ex
3631 5009 3741 5064 Deo

2162 5108 2244 5154 est
2267 5099 2315 5170 (Ι
2347 5097 2508 5153 Joan.
2553 5097 2648 5169 tv).
2687 5098 2820 5153 Item
2844 5099 3034 5166 quinto
3077 5099 3350 5168 capitulo:
3389 5097 3459 5153 Ut
3499 5099 3743 5167 quisquis

2162 5191 2362 5246 dixerit
2407 5190 2528 5246 ideo
2572 5191 2728 5246 nobis
2778 5191 3004 5257 gratiam
3051 5189 3453 5258 justiticationis
3497 5191 3637 5258 dari,
3685 5201 3741 5245 ut

2163 5284 2307 5354 quod
2335 5283 2513 5338 facere
2538 5284 2636 5354 per
2658 5282 2884 5338 liberum
2907 5282 3192 5351 iubeantur
3211 5282 3509 5348 arbitrium,
3535 5282 3742 5338 facilius

2161 5371 2425 5439 possimus
2463 5371 2687 5440 implere
2715 5387 2813 5442 per
2845 5379 3092 5442 gratiam,
3125 5385 3378 5446 tanquam
3419 5385 3474 5432 et
3502 5378 3544 5432 si
3574 5379 3747 5447 gratia

2159 5478 2267 5516 non
2296 5461 2533 5525 daretur,
2566 5479 2673 5518 non
2702 5464 2920 5534 quidem
2950 5465 3129 5536 facile,
3153 5468 3246 5522 sed
3275 5478 3454 5524 tamen
3478 5470 3751 5540 possimus

2159 5552 2321 5607 etiam
2358 5552 2477 5608 sine
2518 5553 2606 5608 illa
2655 5555 2879 5624 implere
2924 5556 3102 5611 divina
3141 5559 3424 5626 mandata,
3458 5561 3746 5615 anathema

2163 5642 2236 5695 sit
2286 5640 2361 5696 De
2390 5642 2648 5699 fructibus
2688 5646 2830 5700 enim
2861 5648 3235 5703 mandatorum
3275 5649 3532 5706 Dominus
3563 5652 3749 5722 loque-

2157 5731 2332 5794 batur,
2363 5732 2450 5786 ubi
2484 5750 2588 5788 non
2613 5737 2708 5798 ait,
2734 5736 2865 5792 Sine
2893 5752 2979 5791 me
3003 5737 3270 5793 difﬁcilius
3291 5743 3515 5810 potestis
3538 5741 3745 5801 facere:

2159 5823 2256 5882 sed
2285 5825 2378 5893 ait,
2413 5824 2540 5880 Sine
2568 5841 2654 5882 me
2684 5828 2815 5882 nihil
2846 5831 3071 5896 potestis
3100 5831 3295 5886 facere.
