4104 6510
361 384 465 439 2τὸ
1401 384 1781 441 COLLECTIO
1822 374 2290 441 DECRETOKUM
2335 385 2439 440 PP.
2482 386 2589 439 RR.
3539 384 3642 441 27-5

366 495 520 563 Quod
555 502 972 568 praterrstatuta
1014 495 1152 549 sedis
1200 497 1500 565 apostolica:
1539 516 1716 552 omnes
1756 502 1955 553 oratio-
1987 506 2029 559 Α
2062 514 2187 568 erga
2216 516 2405 556 omnes
2434 501 2677 555 homines
2706 500 2918 556 bonitas
2940 501 3057 568 Dei,
3084 510 3143 557 ut
3165 509 3345 556 nostra
3378 501 3645 558 vclitcsse

444 584 535 640 ne:
565 565 764 620 Christi
786 566 1018 640 gratiam
1050 576 1319 633 resonant,
1349 585 1450 637 qua
1490 585 1650 640 genus
1677 570 1959 623 huntauum

441 638 505 691 ab
536 646 736 691 wterna
761 635 1097 689 damnatione
1126 635 1422 707 reparatur.

440 746 535 803 XI.
572 746 842 802 Praeterea
891 747 1216 803 beatissima:
1261 755 1319 804 et
1367 751 1677 820 apostolicae
1706 751 1849 806 sedis
1876 750 1960 805 in-

367 840 649 897 violabiles
694 838 1036 903 sanctiones,
1091 840 1284 909 quibus
1330 856 1432 895 nos
1479 842 1701 911 piissimi
1748 841 1960 909 Patres,

371 929 639 1001 pestiferae
668 929 925 984 novitatis
961 930 1200 985 elatione
1228 931 1454 1001 deiecta,
1502 941 1558 987 et
1586 934 1742 988 honre
1779 934 1965 988 volun-

372 1024 499 1079 tatis
524 1021 771 1083 exordia,
805 1027 863 1075 et
890 1021 1225 1076 incrementa
1255 1022 1613 1091 probabilium
1641 1024 1959 1087 studiorum,

372 1124 431 1168 et
458 1113 510 1166 in
542 1111 625 1166 eis
656 1125 828 1178 usque
874 1111 928 1165 in
978 1109 1141 1166 ﬁnem
1174 1114 1631 1180 perseverantiam
1659 1114 1725 1169 ad
1764 1114 1963 1169 Christi

375 1201 600 1269 gratiam
644 1199 848 1255 referre
892 1200 1214 1256 docuerunt.
1259 1199 1700 1257 Obsecrationum
1748 1217 1964 1273 quoque

371 1293 791 1350 Mcerdotalium
820 1302 1159 1347 sacramenta
1181 1294 1552 1363 respiciamus,
1584 1310 1704 1363 quae
1725 1295 1792 1348 ab
1828 1310 1963 1365 apo—

370 1385 742 1464 stolis_tradita
765 1376 818 1439 in
848 1392 963 1440 toto
990 1386 1190 1440 mundo
1235 1393 1400 1455 atque
1423 1386 1479 1440 in
1506 1386 1655 1441 omni
1693 1387 1964 1441 catholica

374 1476 618 1532 Ecclesia
652 1475 993 1531 unil‘ormiter
1022 1477 1392 1544 celebrantur,
1425 1484 1484 1531 ut
1509 1478 1680 1546 legem
1712 1476 1964 1532 credendi

377 1570 467 1623 lex
494 1576 695 1624 statuat
734 1567 1093 1638 supplicandi.
1142 1567 1275 1621 Cum
1318 1569 1465 1623 enim
1508 1576 1814 1623 sanctarum
1854 1568 1967 1637 ple-

377 1661 524 1715 bium
554 1660 811 1729 pnesules
836 1659 1084 1713 mandata
1115 1659 1333 1713 sibimet
1358 1660 1630 1729 legatione
1658 1660 1962 1728 fungantur,

379 1750 522 1820 apud
550 1750 785 1805 divinam
806 1749 1153 1804 clementiam
1181 1750 1401 1803 humani
1420 1749 1631 1818 generis
1656 1758 1819 1816 agunt
1839 1764 1967 1804 cau-

2063 590 2276 658 merita,
2306 605 2425 659 qua:
2464 598 2585 651 sunt
2618 590 2786 659 ipsius
2830 590 2992 655 dona,
3026 600 3081 647 et
3109 608 3207 662 pro
3231 591 3313 646 his
3336 607 3455 660 qua:
3488 592 3643 659 largi-

2065 685 2148 732 tus
2174 688 2275 741 est,
2300 690 2501 734 mterna
2525 680 2740 749 praemia
2770 680 2839 733 sit
2864 679 3180 736 donaturus.
3211 681 3334 749 Agit
3361 682 3560 755 quippe
3590 685 3645 736 in

2064 770 2238 836 nobis,
2268 780 2324 825 nt
2343 771 2488 839 quod
2510 772 2641 835 vult,
2663 780 2719 826 et
2740 772 2984 837 velimus,
3009 781 3064 827 et
3083 788 3323 841 agamus,
3348 788 3450 827 nec
3472 774 3645 828 otivsa

2063 872 2181 913 esse
2204 859 2257 913 in
2289 860 2445 915 nobis
2470 861 2692 930 patitur,
2711 876 2829 929 qua:
2855 862 3181 928 exercenda,
3204 877 3309 916 non
3334 864 3644 932 negligenda

2064 947 2302 1015 donavit,
2335 957 2478 1004 utet
2525 965 2625 1006 nos
2677 962 3066 1021 cooperatores
3114 954 3282 1008 simus
3331 955 3515 1023 gratia:
3554 956 3645 1009 Dei

2066 1036 2119 1108 (I
2149 1038 2348 1093 Corint.
2374 1041 2476 1111 ιιι),
2505 1056 2569 1095 ac
2597 1042 2642 1095 si
2671 1042 2798 1110 quid
2839 1042 2891 1096 in
2936 1043 3090 1098 nobis
3139 1060 3205 1117 ex
3238 1055 3421 1099 nostra
3453 1046 3647 1100 videri-

2064 1149 2185 1189 mus
2209 1128 2526 1191 remissione
2550 1135 2917 1205 languescere,
2937 1137 3004 1190 ad
3034 1137 3182 1191 illum
3213 1138 3442 1193 sollicite
3464 1154 3646 1193 recur-

2063 1240 2265 1290 ramus,
2300 1227 2389 1294 qui
2417 1236 2571 1281 sanat
2591 1242 2780 1281 omnes
2808 1228 3095 1295 languores
3126 1238 3337 1284 nostros
3355 1229 3642 1301 (Psal.cn),

2065 1326 2121 1370 et
2145 1317 2359 1371 redimit
2389 1316 2455 1371 de
2484 1317 2700 1371 interitu
2728 1318 2892 1371 vitam
2923 1328 3181 1383 nostram,
3214 1330 3269 1374 et
3296 1321 3381 1374 cui
3409 1322 3648 1389 quotidie

2065 1408 2328 1464 dicimus:
2358 1398 2436 1463 Ne
2466 1409 2688 1464 inducas
2717 1425 2817 1463 nos
2843 1409 2895 1463 in
2928 1411 3304 1483 tentationem,
3346 1410 3440 1467 sed
3481 1412 3647 1467 libera

2066 1512 2165 1551 nos
2185 1514 2217 1552 a
2246 1500 2390 1552 malo
2420 1498 2639 1570 (Matth.
2673 1502 2769 1569 γι).

2071 1606 2221 1674 Quod
2241 1611 2605 1681 profundiore:
2644 1613 2952 1682 quwstiones
2980 1628 3073 1665 nec
3111 1614 3498 1668 contemnenda:
3524 1618 3648 1681 sint,

2534 1698 2627 1735 nec
2648 1684 2850 1753 penitus
2872 1683 3187 1737 asserendaa.

2142 1770 2277 1825 Xlll.
2312 1768 2696 1826 Profundiores
2722 1786 2874 1833 vero.
2908 1771 3343 1841 dillicilioresque
3370 1781 3549 1842 partes
3572 1774 3654 1827 in-

378 1858 516 1908 δτίωι
539 1851 595 1898 ει
616 1852 728 1898 ιοιίὶ
753 1858 936 1898 secum
960 1842 1197 1897 Εοοίθείδ
1218 1843 1653 1911 οοηῧθηιίδοθηιθ
1696 1844 1969 1913 Ροδιυίδιιι
2002 1860 2047 1917 Β
2073 1863 2401 1918 currentium
2448 1863 2832 1931 quatstionum,
2866 1876 3000 1931 quas
3027 1862 3189 1917 latius
3234 1871 3651 1932 pertractarunt,

381 1944 438 1989 et
460 1942 771 2003 precantur,
803 1941 862 1987 ut
890 1932 1194 1988 inﬁdelibus
1222 1933 1455 1989 donetur
1485 1933 1639 2000 ﬁdes,
1666 1943 1725 1988 ut
1746 1935 1989 2003 idolola:

383 2035 481 2080 trat
510 2026 579 2080 ab
607 2026 899 2095 impietatis
925 2041 1036 2080 suae
1065 2026 1363 2081 liberentur
1383 2026 1677 2093 erroribus,
1702 2034 1760 2080 ut
1776 2025 1973 2082 Judzeis

384 2117 564 2171 ablato
594 2117 778 2172 cordis
823 2117 1091 2171 velamine
1142 2116 1234 2171 lux
1284 2118 1530 2172 veritatis
1578 2127 1858 2188 appareat,
1914 2126 1973 2173 ut

384 2207 619 2262 ἣξει-οιὶεί
667 2207 948 2263 Catholicae
976 2206 1099 2262 ﬁdei
1146 2208 1496 2277 perceptione
1544 2209 1884 2277 resipiscam,
1916 2216 1974 2262 ut

383 2299 711 2354 scliismatici
737 2300 985 2368 spiritum
1010 2298 1262 2353 rediviva:
1289 2299 1570 2354 charitatis
1598 2299 1884 2368 accipiant,
1919 2304 1975 2357 ut

390 2388 556 2457 lapsis
581 2388 913 2457 paenitentia).
943 2388 1179 2444 remedia
1216 2386 1585 2455 conferantur,
1636 2395 1693 2442 ut
1742 2387 1974 2456 denique

385 2480 795 2535 catechumenis
836 2479 904 2533 ad
932 2479 1357 2547 regenerationis
1399 2486 1738 2533 sacramenta
1784 2478 1977 2548 perdu-

387 2570 493 2627 ctis
538 2570 777 2626 caelestis
821 2569 1202 2625 misericordiae
1235 2569 1358 2625 aula
1387 2576 1680 2624 reseretur.
1723 2568 1850 2623 Haac
1876 2583 1975 2625 au-

390 2674 501 2717 tem
522 2678 631 2716 non
658 2661 1048 2732 perfunctorie,
1077 2676 1255 2729 neque
1284 2660 1519 2714 inaniter
1548 2674 1578 2713 a
1609 2658 1837 2714 Domino
1865 2658 1976 2727 peti

388 2770 573 2810 rerum
602 2755 840 2824 ipsarum
870 2760 1139 2809 monstrat
1168 2751 1423 2817 effectus,
1453 2750 1885 2820 quandoquidem
1910 2765 1977 2805 ex

390 2845 538 2901 omni
568 2859 815 2899 errorum
840 2857 1038 2913 genere
1067 2842 1329 2913 plurimos
1357 2843 1501 2898 Deus
1527 2843 1779 2911 dignatur
1807 2848 1977 2896 attra-

390 2936 547 3013 here,
578 2951 716 3005 quos
762 2942 947 2990 erutos
976 2932 1046 2989 de
1076 2941 1344 3003 potestate
1377 2933 1721 2988 tenebrarum
1752 2932 1980 2987 transfe-

392 3033 481 3080 rat
508 3026 563 3079 in
604 3040 831 3094 regnum
860 3023 952 3078 lilii
981 3023 1260 3079 charitatis
1303 3040 1413 3077 sua:
1445 3021 1666 3093 (Coloss.
1716 3025 1788 3091 ι),
1832 3030 1886 3076 et
1914 3038 1981 3077 ex

395 3116 541 3171 vasis
566 3117 659 3171 ira:
686 3115 853 3171 faciat
889 3130 1017 3169 vasa
1058 3113 1444 3169 misericordias
1484 3111 1663 3183 (Rom.
1694 3112 1804 3183 ix),
1835 3111 1981 3181 quod

2072 1953 2164 2022 qui
2183 1952 2454 2011 haereticis
2478 1953 2809 2015 restiterunt,
2842 1952 2985 2006 sicut
3006 1968 3113 2006 non
3139 1953 3398 2009 audemus
3420 1960 3654 2008 contem-

2073 2058 2222 2107 nere,
2249 2041 2323 2097 ita
2352 2049 2461 2097 nOn
2503 2057 2725 2097 necesse
2772 2043 3030 2097 habemus
3084 2051 3361 2109 astruere,
3411 2044 3537 2111 quia
3588 2043 3653 2097 ad

2074 2135 2438 2190 conlitendam
2462 2136 2689 2204 gratiam
2720 2136 2834 2199 Dei,
2868 2136 3022 2205 cujus
3050 2136 3203 2205 operi
3245 2152 3306 2190 ac
3361 2136 3655 2204 dignationi

2075 2225 2204 2279 nihil
2234 2226 2447 2296 penitus
2475 2225 2896 2280 subtrahendum
2918 2232 3018 2290 est,
3052 2227 3183 2279 satis
3208 2225 3454 2281 snﬁicere
3478 2227 3655 2282 credi-

2077 2330 2215 2381 mus,
2247 2315 2505 2384 quidquid
2552 2316 2845 2370 secundum
2883 2315 3167 2385 pratdictas
3195 2317 3408 2385 regulas
3434 2326 3655 2387 aposto-

2078 2404 2194 2460 licae
2218 2405 2362 2460 sedis
2388 2420 2489 2460 nos
2517 2405 2714 2475 scripta
2739 2405 3056 2470 docuerunt,
3079 2414 3138 2459 ut
3170 2421 3387 2475 prorsus
3414 2424 3520 2461 non
3550 2409 3657 2476 opi-

2077 2511 2268 2549 nemur
2296 2497 2640 2561 catholicum,
2673 2497 2815 2566 quod
2837 2498 3146 2567 apparuerit
3174 2498 3406 2566 praeﬁxis
3433 2508 3654 2553 senten-

2080 2587 2164 2640 tiis
2192 2601 2311 2641 esse
2338 2587 2690 2641 contrarium.

2147 2750 2469 2807 Coelestinus
2489 2750 2753 2805 universis
2765 2751 2931 2820 episc.
2956 2751 3425 2821 perViennensem
3443 2759 3498 2807 et
3518 2752 3657 2806 Nar-

2079 2842 2374 2898 bonensem
2401 2841 2715 2910 provincias
2736 2841 3050 2896 constitutis
3071 2841 3125 2895 in
3154 2841 3381 2897 Domino
3406 2842 3655 2896 salutem.

2150 2935 2481 3005 Cuperemus
2510 2935 2726 3004 quidem
2757 2934 2825 2989 de
2872 2941 3173 2989 vestrarum
3203 2932 3558 2990 Ecclesiarum
3588 2934 3660 2987 ita

2082 3026 2422 3081 ordinatione
2445 3025 2703 3095 gaudere,
2737 3033 2796 3080 ut
2843 3027 3342 3095 congratularemur
3372 3027 3552 3096 potius
3595 3026 3665 3081 de

2085 3115 2352 3186 profectu,
2381 3128 2543 3185 quam
2573 3116 2775 3185 aliquid
2804 3117 3091 3171 admissum
3121 3127 3309 3172 contra
3331 3118 3664 3187 disciplinam

397 3209 537 3263 adeo
565 3218 739 3263 totum
770 3208 933 3263 divini
973 3207 1154 3277 operis
1182 3221 1303 3261 esse
1332 3207 1578 3270 sentitur,
1621 3213 1679 3259 ut
1717 3205 1834 3261 haec
1875 3204 1983 3259 elli-
2010 3214 2055 3277 c
2088 3207 2509 3262 ecclesiasticam
2539 3206 2861 3263 doleremus.
2892 3207 2975 3261 Ad
2999 3218 3235 3263 nostram
3257 3210 3399 3263 enim
3430 3210 3666 3264 laetitiam

398 3300 566 3354 cienti
609 3299 723 3354 Deo
764 3299 1056 3368 gratiarum
1098 3312 1313 3367 semper
1343 3297 1487 3352 actio
1541 3296 1822 3364 laudisque
1847 3311 1983 3352 con-

401 3391 563 3446 fessio
592 3407 692 3461 pro
723 3390 1112 3445 illuminatione
1170 3389 1356 3445 talium
1405 3387 1491 3442 vel
1536 3387 1874 3442 correctione
1900 3402 1987 3442 rc-

406 3484 632 3540 feratur.

406 3614 561 3682 Quod
580 3614 922 3689 gratiamADei
955 3615 1109 3668 etiam
1134 3612 1566 3689 baptizandorum
1596 3620 1807 3689 testeum
1834 3612 1985 3689 insti-

476 3680 601 3740 tuta'
618 3686 877 3755 purgatio,
933 3700 1049 3755 cum
1096 3680 1397 3738 exorcismis
1447 3690 1495 3736 et
1553 3680 1989 3751 exsu/ﬂationilms

477 3753 689 3825 spiritus
713 3753 776 3808 ab
807 3757 884 3809 eis
904 3753 1182 3825 abiguntur
1204 3754 1476 3808 immundi.

480 3866 594 3923 ΧΠ.
624 3866 760 3921 lllutl
786 3867 972 3932 etiam,
1000 3866 1146 3935 quod
1186 3867 1331 3921 circa
1376 3865 1730 3935 baptizandos
1767 3866 1820 3919 in
1877 3865 1995 3920 uni-

407 3973 570 4014 verso
617 3957 820 4012 mundo
847 3964 1036 4013 sancta
1067 3955 1311 4011 Ecclesia
1354 3956 1694 4011 unil'ormiter
1731 3956 1860 4023 agit,
1889 3970 1993 4010 non

408 4049 591 4104 otioso
620 4046 1052 4116 contemplemur
1080 4046 1298 4100 intuitu.
1325 4046 1460 4100 Cum
1488 4047 1604 4102 sive
1636 4046 1862 4116 parvuli,
1883 4046 1997 4101 sive

406 4139 637 4209 juvenes
662 4137 731 4193 ad
744 4137 1172 4206 regenerationis
1198 4138 1422 4191 veniunt
1448 4145 1866 4204 sacramentum,
1891 4152 1997 4193 non

410 4228 561 4297 prius
581 4226 783 4281 fontem
813 4227 935 4280 vita:
961 4225 1181 4291 adeunt,
1206 4240 1367 4295 quam
1390 4228 1706 4281 exorcismis
1752 4235 1808 4282 et
1828 4226 2001 4282 exsuf-

411 4316 721 4371 ﬁationihus
749 4317 1070 4372 clericorum
1099 4317 1319 4387 spiritus
1340 4318 1410 4372 ab
1440 4317 1521 4371 eis
1556 4317 1861 4372 immundus
1879 4318 1999 4372 abt-

408 4417 599 4478 gatur,
645 4415 705 4462 ut
747 4414 877 4462 tunc
920 4422 1048 4462 vere
1095 4415 1385 4477 appareat,
1425 4407 1696 4478 quomodo
1750 4410 2001 4478 princeps

410 4500 599 4554 mundi
625 4500 783 4569 hujus
810 4500 1056 4554 mittatur
1084 4498 1251 4565 foras,
1281 4509 1337 4556 et
1388 4501 1663 4569 quomodo
1705 4504 1853 4573 prius
1882 4502 2001 4557 alli-

2088 3306 2139 3351 et
2169 3296 2449 3351 benefacta
2478 3299 2814 3367 perveniunt,
2844 3307 2899 3353 et
2928 3301 3175 3355 mmroris
3200 3300 3401 3354 aculeis
3428 3315 3529 3355 nos
3552 3315 3670 3369 qua:

2091 3385 2304 3442 fuerunt
2324 3387 2629 3455 malefacta,
2647 3398 3035 3460 compungunt.
3055 3390 3165 3446 Nec
3183 3392 3344 3446 silere
3364 3405 3670 3461 possumus,

2090 3495 2211 3533 cum
2242 3480 2309 3534 ad
2339 3481 2463 3547 hoc,
2487 3488 2546 3536 ut
2573 3481 2641 3537 ab
2672 3482 2867 3537 illicitis
2891 3498 3210 3540 revocemus
3238 3485 3477 3554 aliquos,
3502 3484 3665 3539 ofﬁcii

2094 3574 2261 3627 nostri
2288 3589 2649 3644 provocemur
2676 3575 2956 3644 instinctu,
2986 3577 3039 3629 in
3071 3577 3303 3646 speculis
3335 3594 3366 3631 a
3407 3577 3520 3632 Deo
3554 3592 3673 3631 con.

2092 3667 2283 3729 stitnti,
2297 3675 2355 3720 ut
2375 3666 2664 3736 vigilantia:
2688 3675 2882 3722 nostra:
2893 3668 3221 3737 diligentiam
3239 3669 3675 3738 comprobantes,

2093 3767 2149 3813 et
2177 3774 2295 3828 qua:
2342 3760 2639 3813 coercenda
2685 3768 2812 3814 sunt
2854 3776 3182 3825 resecemus,
3215 3769 3270 3814 et
3316 3776 3437 3830 quae
3487 3763 3678 3817 obser-

2096 3852 2266 3907 vanda
2309 3860 2434 3907 sunt
2475 3854 2800 3908 sanciamus.
2845 3851 2914 3907 Et
2941 3854 3184 3922 quamvis
3216 3854 3357 3909 circa
3385 3854 3676 3924 longinqua

2096 3941 2351 4011 spiritalis
2379 3956 2508 3996 cura
2536 3958 2640 3996 non
2668 3942 2873 4010 deﬁcit,
2894 3943 2986 3997 sed
3010 3958 3109 4012 per
3129 3943 3329 4009 omnia,
3354 3959 3458 4013 qua
3484 3958 3679 3998 nomen

2100 4032 2194 4087 Dei
2223 4033 2562 4105 prmdicatur,
2582 4034 2824 4089 extendit
2850 4052 2863 4088 :
2893 4050 2995 4089 nec
3022 4035 3267 4090 notitiam
3296 4043 3533 4091 nostram
3556 4036 3679 4090 sub-

2098 4121 2409 4193 terfugiunt,
2455 4138 2575 4193 qum
2622 4124 2674 4177 in
2728 4124 3063 4178 eversionem
3120 4125 3426 4194 regularum
3458 4126 3681 4179 novella)

2099 4215 2530 4285 praesumptionis
2565 4217 2890 4271 auctoritate
2920 4225 3214 4271 tentantur.

2103 4326 2253 4394 Quod
2278 4346 2380 4385 non
2411 4329 2627 4382 debeant
2648 4329 2939 4401 sacerdotes
2961 4339 3049 4382 aut
3070 4329 3259 4390 clerici,
3289 4330 3464 4383 amicti
3506 4330 3683 4401 palliis

2276 4409 2326 4453 et
2345 4401 2609 4470 prazcincti
2639 4400 2846 4465 Ianthis,
2873 4401 2928 4453 in
2957 4400 3172 4452 ecclesia
3190 4401 3504 4454 ministrare.

2172 4488 2308 4545 XIV.
2341 4490 2635 4545 Diiicimus
2675 4490 2818 4546 enim
2847 4490 3107 4559 quosdam
3136 4488 3348 4547 Domini
3376 4494 3685 4549 sacerdotes

408 4600 570 4662 getur
616 4591 767 4648 fortis
813 4591 1013 4665 (Joan.
1048 4608 1155 4659 xu;
1186 4592 1378 4647 Matth.
1420 4609 1526 4660 xu;
1568 4592 1739 4648 Marc.
1781 4593 1887 4665 ιιι),
1943 4603 1998 4650 et
2032 4584 2077 4641 D
2102 4585 2475 4653 superstitioso
2529 4585 2710 4655 potius
2757 4584 2924 4638 cultui
2970 4583 3233 4638 inservire
3281 4596 3441 4653 quam
3490 4586 3682 4639 mentis

408 4684 667 4753 deinceps
690 4700 817 4738 vasa
844 4682 961 4752 ejus
982 4684 1302 4753 diripiantur
1324 4683 1375 4737 in
1406 4684 1798 4754 possessionem
1823 4694 1997 4740 trans-

411 4774 520 4827 lata
550 4773 788 4838 victoris,
823 4774 913 4841 qui
935 4775 1199 4841 captivam
1221 4773 1371 4827 ducit
1408 4774 1796 4843 captivitatem,
1826 4784 1881 4828 et
1907 4777 2001 4829 dat

410 4868 556 4922 dona
603 4868 910 4923 hominibus
958 4866 1176 4941 (Ephes.
1209 4868 1304 4937 ιν).
1340 4866 1434 4921 llis
1462 4882 1593 4936 ergo
1620 4867 2000 4923 ecclesiasticis

410 4957 631 5024 regulis,
658 4965 711 5011 et
740 4974 805 5011 ex
830 4957 1008 5011 divina
1037 4958 1263 5025 sumptis
1293 4958 1613 5011 auctoritate
1640 4956 1995 5018 documentis,

410 5048 508 5111 ita,
535 5047 822 5115 adjuvante
848 5048 1092 5111 Domino,
1113 5046 1435 5103 conformati
1454 5064 1657 5114 sumus,
1673 5056 1734 5103 ut
1754 5049 1995 5104 omnium

412 5138 679 5193 bonorum
704 5138 1018 5205 aﬁ‘ectuum,
1043 5147 1209 5208 atque
1229 5153 1457 5208 operum
1476 5145 1533 5193 et
1547 5140 1786 5194 omnium
1805 5139 2005 5193 studio-

411 5246 553 5295 rum,
583 5230 932 5299 omniumque
961 5231 1235 5294 virtutum,
1261 5230 1455 5299 quibus
1478 5229 1545 5283 ab
1572 5229 1722 5284 initio
1771 5228 1893 5284 ﬁdei
1937 5228 2003 5283 ad

412 5321 585 5376 Deum
610 5320 862 5385 tenditur,
893 5320 1060 5376 Deum
1106 5321 1456 5391 proﬁteamur
1481 5331 1784 5390 auctorem,
1812 5330 1869 5377 et
1894 5339 2004 5379 non

410 5410 725 5464 dubitemus
777 5412 846 5464 ab
894 5410 1062 5481 ipsius
1107 5412 1279 5478 gratia
1308 5412 1490 5465 omnia
1535 5413 1772 5467 hominis
1812 5414 2003 5468 merita

413 5498 718 5567 praeveniri,
743 5512 840 5568 per
861 5514 1020 5568 quem
1055 5500 1133 5569 ﬁt,
1165 5510 1224 5554 ut
1251 5500 1450 5570 aliquid
1475 5502 1601 5556 boni
1623 5511 1679 5556 et
1702 5503 1840 5557 velle
1865 5503 2002 5558 inci-

412 5590 644 5660 piamus,
671 5596 727 5643 et
755 5588 954 5644 facere.
987 5589 1106 5656 Quo
1132 5592 1318 5660 utique
1364 5592 1563 5645 auxilio
1583 5600 1639 5646 et
1663 5610 1885 5648 munere
1908 5593 2003 5648 Dei

413 5700 521 5735 non
550 5680 791 5735 aufertur
812 5682 1039 5737 liberum
1083 5683 1380 5748 arbitrium,
1410 5682 1504 5737 sed
1533 5684 1816 5749 liberatur,
1843 5696 1901 5740 ut
1934 5685 2002 5741 de

414 5772 707 5825 tenebroso
736 5772 998 5836 lucidum,
1044 5772 1113 5828 de
1160 5789 1325 5843 pravo
1374 5782 1603 5839 rectum,
1636 5774 1704 5829 de
1747 5776 2002 5846 languido

414 5877 630 5931 sanum,
666 5863 735 5918 de
764 5863 1102 5934 imprudente
1129 5863 1197 5919 sit
1230 5862 1528 5934 providum.
1556 5863 1725 5920 Tanta
1754 5865 1894 5920 enim
1920 5876 2003 5921 est

2100 4679 2186 4732 vel
2209 4677 2329 4731 ﬁdei
2350 4676 2586 4747 puritati.
2615 4675 2720 4730 Sed
2743 4691 2851 4729 non
2884 4675 3101 4743 mirum,
3136 4675 3179 4728 si
3213 4682 3400 4730 contra
3430 4677 3685 4730 ecclesia-

2099 4773 2293 4828 sticum
2316 4784 2518 4824 morem
2542 4767 2760 4832 faciunt,
2791 4767 2882 4835 qui
2912 4767 2964 4820 in
2986 4765 3224 4821 Ecclesia
3256 4783 3360 4821 non
3383 4777 3686 4830 creverunt,

2102 4861 2195 4917 sed
2225 4861 2330 4914 alio
2363 4859 2638 4913 venientes
2688 4858 2879 4911 itinere
2907 4872 3092 4911 secum
3124 4857 3239 4911 htec
3283 4857 3333 4911 in
3365 4856 3686 4922 Ecclesiam,

2102 4969 2222 5023 quae
2271 4953 2325 5006 in
2381 4951 2486 5004 alia
2536 4948 2948 5004 conversatione
3001 4947 3319 5014 habuerant,
3372 4947 3686 5011 intulerunt,

2105 5043 2287 5100 amicti
2335 5043 2498 5114 pallio
2528 5050 2584 5096 et
2611 5042 2819 5095 lumbos
2846 5041 3121 5110 prmcincti
3151 5040 3375 5095 credunt
3402 5055 3461 5095 se
3486 5050 3686 5094 sancta:

2104 5135 2397 5204 Scriptum
2426 5132 2604 5197 ﬁdem,
2637 5147 2744 5186 non
2775 5146 2870 5201 per
2899 5132 3143 5200 spiritum
3164 5172 3180 5199 ,
3203 5131 3296 5185 sed
3328 5147 3425 5201 per
3454 5131 3685 5187 litteram

2106 5226 2492 5296 completuros.
2517 5222 2652 5277 Nam
2695 5223 2741 5277 si
2780 5222 2847 5275 ad
2890 5222 2995 5276 hoc
3032 5221 3134 5274 ista
3167 5230 3434 5291 pi-aeccpta
3463 5230 3608 5289 sunt,
3634 5237 3688 5277 ut

2097 5319 2286 5382 taliter
2329 5324 2697 5384 servarentur,
2751 5331 2847 5370 cur
2888 5331 2995 5369 non
3046 5313 3176 5368 ﬁunt
3206 5315 3406 5383 pariter
3436 5331 3557 5384 quae
3599 5334 3687 5371 Sc-

2104 5418 2362 5478 quuntur,
2390 5417 2449 5463 ut
2471 5409 2710 5463 lucerna:
2741 5408 2792 5461 in
2840 5407 3086 5462 manibus
3116 5406 3367 5461 ardentes
3409 5424 3515 5463 una
3564 5426 3685 5465 cum

2106 5501 2298 5556 baculo
2332 5500 2662 5554 teneantur?
2696 5498 2907 5552 llabent
2956 5514 3110 5553 suum
3143 5498 3241 5552 ista
3272 5500 3604 5570 mysterium,
3638 5510 3689 5554 et

2106 5592 2524 5660 intelligentibus
2552 5591 2623 5643 ita
2654 5590 2799 5643 clara
2825 5600 2968 5653 sunt,
3003 5601 3058 5644 ut
3078 5608 3141 5645 ca
3173 5592 3362 5659 magis,
3387 5608 3491 5662 qua
3512 5592 3689 5659 decet,

2105 5685 2500 5753 signiﬁcatione
2531 5691 2831 5737 serventur.
2878 5683 3009 5735 Nam
3048 5682 3099 5735 in
3133 5684 3432 5738 lumborum
3465 5688 3690 5755 prmcin-

2106 5778 2288 5832 ctione
2302 5775 2607 5838 castitas,in
2639 5773 2835 5827 baculo
2856 5772 3095 5840 regimen
3120 5776 3411 5842 pastorale,
3434 5775 3487 5829 in
3517 5776 3690 5831 lucer-

2103 5870 2187 5925 nis
2238 5866 2548 5923 ardentibus
2593 5862 2720 5919 boni
2773 5862 2949 5932 fulgor
2990 5863 3170 5932 operis
3218 5862 3306 5934 (de
3335 5879 3443 5936 quo
3472 5865 3683 5931 dicitur,
