4104 6462
490 309 595 370 ατε

1715 295 2071 357 DIONYSIUS
2109 292 2430 354 EXIGUUS.

3660 286 3770 342 $.76

489 443 657 504 opera
682 433 859 485 vestra
887 424 1124 494 luceant)
1155 420 1440 478 indicatur.
1475 419 1683 474 llabent
1708 429 1887 473 tamen
1911 419 2073 472 istum
2110 433 2148 484 Α
2182 419 2273 473 bet
2300 418 2444 473 enim
2476 423 2604 472 ante
2632 426 2752 469 esse
2779 407 3094 481 discipulus,
3121 405 3366 478 quisquis
3401 405 3598 462 doctor
3645 422 3767 462 esse

491 522 715 580 forsitan
763 519 963 574 cultum
1010 530 1216 572 morem
1263 514 1445 584 potius
1488 527 1652 581 quam
1683 511 1952 566 rationem
1983 524 2073 565 se-

491 620 743 681 quentes,
769 609 859 677 qui
889 604 1273 661 remotioribus
1298 603 1543 657 habitant
1567 602 1727 668 locis,
1750 609 1804 654 et
1829 599 2074 668 procula

493 702 704 757 cmteris
732 699 954 767 degunt,
977 694 1115 750 unde
1145 695 1234 749 hic
1257 693 1471 748 habitus
1499 693 1551 746 in
1573 689 1830 745 Ecclesiis
1849 686 2077 742 Gallica-

495 790 596 860 nis,
620 799 680 846 ut
726 799 806 844 tot
833 803 1119 851 annorum,
1156 795 1536 854 tantorumque
1566 782 1880 855 pontificum
1912 781 1966 834 in
1996 780 2075 834 al-

495 893 668 942 terum
707 881 947 937 habitum
985 877 1321 934 consuetudo
1353 876 1628 931 vertatur?
1658 871 2006 928 Discernendi
2044 886 2074 925 a

494 972 652 1047 plebe
680 973 764 1029 vel
789 972 1004 1028 caneris
1049 985 1234 1025 sumus
1280 968 1544 1032 doctrina,
1589 981 1696 1019 non
1749 973 1916 1027 veste,
1947 977 2076 1016 eon-

496 1065 817 1128 versatione,
844 1077 954 1117 non
981 1061 1168 1116 habitu
1189 1100 1204 1126 ,
1234 1058 1430 1112 mentis
1471 1056 1727 1127 puritate,
1757 1067 1867 1106 non
1905 1050 2073 1106 cultu.

495 1150 625 1212 Nam
648 1155 693 1210 si
713 1154 932 1209 studere
956 1151 1275 1221 incipiamus
1303 1147 1548 1211 novitati,
1581 1145 1834 1199 traditum
1863 1143 2018 1197 nobis
2045 1155 2076 1196 a

495 1242 743 1304 Patribus
770 1246 1015 1302 ordinem
1041 1241 1395 1302 calcabimus,
1440 1247 1498 1293 ut
1521 1238 1698 1292 locum
1725 1232 2079 1303 supervacuis

492 1340 964 1414 superstitionibus
993 1337 1272 1391 faciamus.
1307 1332 1491 1388 [ludes
1511 1343 1640 1400 ergo
1661 1329 1896 1384 fidelium
1923 1342 2077 1381 men-

497 1439 578 1490 tes
604 1433 672 1488 ad
701 1432 828 1486 talia
856 1446 965 1485 non
1009 1427 1268 1482 debemus
1318 1423 1593 1477 inducere.
1646 1417 1882 1475 Docendi
1936 1417 2078 1472 enim

495 1533 620 1583 sunt
648 1525 828 1595 potius
859 1533 1019 1591 quam
1067 1516 1308 1580 ludendi,
1357 1529 1456 1569 nec
1483 1509 1866 1581 imponendum
1893 1523 2080 1564 eorum

497 1622 580 1670 est
599 1613 788 1678 oculis,
844 1611 937 1665 sed
965 1608 1236 1664 mentibus
1265 1601 1592 1660 infundenda
1622 1608 1889 1668 prmcepta
1932 1604 2076 1650 sunt.

491 1701 666 1760 Erant
707 1703 926 1772 quidem
954 1699 1152 1762 multa,
1199 1711 1319 1767 qua:
1357 1709 1458 1764 pro
1492 1689 1778 1760 disciplina
1813 1685 2078 1742 ecclesia-

493 1797 650 1861 stica,
675 1795 760 1849 vel
787 1793 956 1862 ipsius
979 1791 1058 1845 rei
1096 1789 1278 1842 dicere
1306 1785 1515 1844 ratione
1561 1794 1866 1851 possemus,
1895 1776 1989 1836 sed
2007 1777 2080 1832 ab

497 1885 582 1940 bis
611 1885 678 1940 ad
703 1885 809 1937 alia
847 1883 1194 1938 devocamur.

642 2017 792 2086 Quod
819 2015 950 2074 nulli
979 2015 1044 2072 sit
1067 2015 1248 2070 ultima
1288 2009 1588 2084 paenitentia
1614 2006 1935 2080 deneganda.

571 2129 688 2189 XV.
736 2130 1067 2201 Agnovimus
1117 2125 1260 2182 enim
1302 2121 1679 2196 ptenitentiam
1729 2114 2082 2174 morientibus

498 2222 774 2292 denegari,
798 2236 901 2276 nec
929 2219 1142 2276 illorum
1167 2213 1448 2286 desideriis
1476 2211 1658 2276 abnui,
1681 2209 1774 2279 qui
1803 2207 1980 2262 obitus
2000 2204 2082 2259 sui

499 2323 746 2386 tempore
768 2313 874 2367 hoc
902 2309 1094 2364 anima:
1122 2321 1232 2362 sua:
1267 2304 1492 2375 cupiunt
1519 2299 1757 2356 remedio
1787 2293 2079 2353 subveniri.

499 2407 792 2462 llorremus
822 2401 1038 2476 (fateor)
1070 2407 1232 2455 tanta:
1261 2395 1554 2467 impietatis
1574 2394 1809 2464 aliquem
1836 2388 2078 2460 reperiri,

498 2504 560 2550 ut
598 2495 669 2550 de
713 2493 804 2548 Dei
847 2492 1050 2562 pietate
1077 2490 1365 2558 desperet:
1399 2485 1554 2555 quasi
1597 2500 1704 2539 non
1731 2482 1901 2553 possit
1929 2479 1996 2535 ad
2023 2493 2082 2534 se

499 2585 691 2656 quovis
719 2593 962 2652 tempore
990 2577 1336 2636 concurrenti
1385 2589 1732 2635 succurrere,
1763 2580 1820 2626 et
1865 2569 2082 2641 pericli-

501 2683 702 2730 tantem
718 2673 824 2730 sub
844 2685 1011 2728 onere
1027 2677 1377 2739 peccatorum
1406 2665 1682 2724 hominem
1704 2661 1954 2732 perdere,
1975 2673 2083 2728 quo

498 2778 560 2822 se
579 2766 669 2822 ille
695 2763 936 2834 expediri
955 2760 1245 2823 desiderat,
1269 2768 1325 2814 et
1344 2756 1582 2814 liberari.
1613 2753 1751 2821 Quid
1771 2753 1898 2818 hoc,
1927 2765 2082 2819 rogo,

496 2858 645 2915 aliud
683 2865 788 2924 est,
818 2869 980 2924 quam
1029 2851 1281 2908 morienti
1319 2856 1552 2903 mortem
1597 2845 1830 2912 addere,
1861 2843 2084 2912 ejusque

495 2951 738 3006 ultimam
759 2961 861 3005 sua
886 2943 1224 3006 crudelitate,
1255 2955 1322 2995 ne
1351 2939 1598 2996 absoluta
1627 2951 1748 2992 esse
1770 2934 1960 3006 possit,
1989 2948 2084 2988 oc-

499 3039 704 3105 cidere,
735 3051 858 3091 cum
910 3034 1052 3088 Deus
1093 3031 1162 3086 ad
1215 3028 1638 3086 subveniendum
1690 3025 2082 3096 paratissimus,

497 3129 733 3185 invitatis
753 3127 820 3182 ad
839 3123 1233 3196 pmnitentiam,
1266 3121 1346 3176 sic
1376 3119 1658 3190 promittat
1677 3116 1972 3186 peccatori,
2001 3116 2082 3168 in-

497 3218 728 3290 quiens:
763 3181 1098 3283 Qnacunque
1144 3212 1231 3266 die
1285 3181 1583 3265 conversus
1625 3181 1822 3268 fuerit,
1853 3214 2080 3276 peccata
2107 3181 2152 3242 (ἶ

501 3312 622 3381 ejus
661 3325 769 3365 non
818 3307 1214 3377 reputabuntur
1242 3304 1294 3358 ei
1323 3301 1536 3372 (Ezech.
1569 3298 1741 3370 svnt).
1763 3297 1828 3351 Et
1846 3298 2039 3354 iterum
2065 3313 2080 3349 :

500 3399 639 3460 Nolo
669 3408 899 3456 mortem
924 3395 1232 3468 peccatoris
1257 3433 1272 3460 ,
1322 3394 1416 3448 sed
1467 3401 1674 3446 tantum
1713 3397 2079 3453 convertatur,

491 3501 560 3548 ct
604 3491 746 3546 vivat
795 3488 1006 3561 (Ibid.).
1035 3487 1274 3542 Salutem
1303 3497 1433 3552 ergo
1461 3481 1665 3537 homini
1694 3479 1904 3546 adimit,
1935 3478 2084 3548 quis-

499 3582 623 3652 quis
645 3581 833 3636 mortis
873 3589 1118 3650 tempore
1145 3575 1520 3648 paenitentiam
1545 3571 1850 3640 denegarit,
1894 3579 1948 3624 et
1988 3569 2086 3626 de-

499 3673 776 3746 speratde
802 3672 1088 3730 clementia
1133 3669 1251 3735 Dei,
1280 3669 1372 3737 qui
1409 3682 1532 3722 cum
1563 3665 1631 3720 ad
1659 3661 2081 3718 subveniendum

497 3765 754 3822 morienti
799 3761 1052 3818 sufficere
1098 3760 1185 3816 vel
1229 3765 1508 3814 momento
1565 3770 1722 3826 posse
1753 3770 1860 3809 non
1893 3753 2080 3807 credit.

498 3853 826 3908 l’erditlisset
854 3851 991 3905 latro
1021 3850 1074 3904 in
1103 3862 1264 3904 cruce
1293 3845 1592 3916 pramﬁum,
1625 3843 1691 3896 ad
1721 3841 1916 3898 Christi
1949 3840 2081 3896 dex-

497 3955 672 3997 teram
696 3939 958 4012 pendens,
991 3939 1039 3993 si
1068 3937 1218 3992 illum
1247 3935 1406 3989 unius
1433 3934 1581 3988 homo
1629 3931 1942 4002 pmnitentia
1973 3945 2080 3984 non

493 4034 743 4106 juvisset,
768 4047 890 4088 cum
935 4037 1080 4088 esset
1111 4029 1165 4083 in
1209 4043 1392 4098 pmua,
1420 4025 1691 4096 pmnituit,
1719 4031 1773 4078 et
1801 4037 1897 4093 per
1925 4022 2082 4080 unius

495 4126 762 4182 sermonis
811 4121 1246 4194 promissionem,
1280 4116 1644 4171 habitaculum
1676 4129 1810 4184 para
1824 4113 1934 4176 .iisi,
1967 4112 2080 4168 Deo

496 4219 863 4289 promittente,
911 4213 1210 4287 promeruit
1246 4209 1394 4282 (Luc.
1443 4209 1617 4278 χχιιι).
1665 4206 1804 4260 Vera
1853 4219 1982 4274 ergo
2013 4203 2081 4258 ad

495 4309 670 4365 Deum
699 4306 982 4364 conversio
1006 4305 1060 4360 in
1087 4302 1289 4358 ultimis
1329 4299 1626 4371 positorum
1675 4304 1855 4352 mente
1903 4295 2082 4366 potius

497 4412 584 4458 est
605 4401 942 4468 :cstimanda,
968 4414 1132 4471 quam
1184 4407 1448 4466 tempore,
1473 4392 1745 4462 Propheta
1775 4390 1880 4444 hoc
1901 4387 2082 4442 taliter

497 4504 796 4558 asserente,
829 4492 962 4546 Cum
1014 4505 1306 4546 conversus
1350 4485 1694 4554 ingemueris,
1724 4491 1850 4537 tunc
1901 4479 2082 4534 salvus

497 4590 606 4645 eris
627 4586 838 4657 (Ezeclt.
857 4580 1242 4650 mutuatum).
1271 4579 1406 4634 Cum
1438 4590 1566 4644 ergo
1596 4573 1853 4629 Dominus
1873 4572 1941 4642 sit
1961 4585 2080 4625 cor-

497 4682 582 4738 dis
601 4681 872 4752 inspector
895 4676 944 4747 (1
973 4676 1101 4748 Reg.
1129 4691 1245 4737 xw;
1281 4672 1398 4727 Jer.
1447 4668 1600 4740 χιιι),
1623 4669 1814 4738 quovis
1838 4675 2082 4735 tempore

497 4785 605 4832 non
646 4779 729 4826 est
775 4767 1088 4836 deneganda
1119 4764 1436 4837 ptenitentia
1473 4759 1790 4831 postulanti,
1838 4774 1957 4814 cum
2003 4756 2078 4811 illi

498 4881 559 4926 se
606 4864 808 4932 diliget
851 4859 1056 4930 judici,
1095 4857 1179 4912 cui
1236 4854 1451 4912 occulta
1499 4851 1679 4908 omnia
1729 4849 1936 4905 noverit
1991 4863 2078 4904 re-

497 4954 684 5009 velari.

499 5093 653 5160 Quod
701 5109 790 5164 per
832 5091 1023 5161 gradus
1051 5082 1422 5164 ecclesiasticos
1450 5079 1869 5164 adepiscopatus
1897 5075 2080 5131 debeat

1027 5157 1246 5227 ofﬁcium
1275 5153 1547 5221 perveniri.

570 5273 710 5330 XVI.
733 5275 1023 5331 Ordinatos
1073 5284 1200 5326 vero
1227 5264 1511 5338 quosdam,
1537 5263 1728 5317 fratres
1756 5257 2075 5320 cbarissimi,

499 5370 804 5438 episcopos,
827 5367 917 5435 qui
935 5363 1095 5419 nullis
1114 5357 1499 5417 ecclesiasticis
1528 5354 1807 5410 ordinibus
1829 5352 1895 5405 ad
1918 5358 2080 5404 tanta:

499 5456 774 5525 dignitatis
797 5453 1068 5521 fastigium
1099 5450 1299 5505 fuerint
1346 5443 1598 5508 instituti,
1622 5449 1814 5497 contra
1858 5438 2076 5492 Patrum

497 5557 736 5613 decreta,
767 5547 922 5614 hujus
949 5544 1316 5614 usurpatione,
1347 5540 1438 5609 qui
1485 5553 1545 5592 se
1594 5537 1697 5590 hoc
1743 5530 2080 5600 recognoscit

499 5643 714 5708 fecisse,
746 5639 1047 5702 didicimus,
1071 5651 1191 5691 eum
1215 5635 1281 5688 ad
1310 5633 1681 5703 episcopatum
1703 5627 1785 5681 his
1806 5625 2075 5694 gradibus,

499 5736 695 5808 quibus
716 5729 1145 5799 frequentissime
1174 5733 1390 5782 cautum
1418 5731 1518 5785 est,
1551 5720 1747 5774 debeat
1774 5715 2074 5787 perveniri,

504 5805 560 5880 ut
590 5821 885 5879 minoribus
915 5818 1104 5874 initiati
1127 5815 1317 5871 ofliciis
1342 5814 1406 5868 ad
1430 5811 1633 5879 majora
1658 5809 1952 5864 firmentur.
1977 5805 2078 5860 De-

2174 511 2467 578 desiderat,
2493 517 2553 563 ut
2575 508 2744 578 possit
2764 507 2966 561 docere
3016 503 3162 574 quod
3203 501 3407 557 didicit.
3427 499 3620 554 Onmis
3645 502 3769 554 vita:

2175 602 2442 657 institutio
2471 601 2574 654 hac
2599 599 2667 652 ad
2697 599 2746 652 id
2793 613 2901 667 quo
2944 595 3116 650 tendit
3141 608 3198 647 se
3224 593 3434 646 ratione
3459 589 3764 645 confirmat.

2177 695 2278 761 Qui
2303 693 2525 746 minime
2573 691 2766 744 litteris
2814 702 3036 758 operam
3065 685 3296 746 dederit,
3322 691 3625 754 prmceptor
3649 695 3770 736 esse

2177 800 2283 838 non
2311 791 2490 852 potest
2517 781 2836 835 litterarum.
2869 777 2970 844 Qui
3003 792 3110 832 non
3139 790 3237 846 per
3265 774 3472 844 singula
3501 774 3678 843 stipen
3701 772 3768 827 tia

2177 874 2429 937 creverit,
2463 872 2530 926 ad
2558 871 2842 926 emeritum
2871 867 3124 938 stipendii
3153 866 3399 922 ordinem
3447 881 3557 919 non
3588 873 3770 934 potest

2176 966 2458 1039 pervenire
2484 981 2497 1017 :
2529 964 2702 1019 solum
2729 960 3086 1016 sacerdotium
3113 959 3254 1012 inter
3281 956 3400 1023 ista,
3423 969 3579 1026 rogo,
3615 955 3768 1010 vilius

2177 1070 2282 1128 est,
2301 1058 2446 1130 quod
2473 1057 2683 1112 facilius
2707 1055 2980 1120 tribuitur,
3002 1067 3123 1107 cum
3147 1048 3420 1105 difficilius
3440 1047 3766 1118 impleatur?

2177 1153 2283 1209 Sed
2309 1153 2420 1221 jam
2457 1167 2563 1206 non
2611 1149 2743 1205 satis
2767 1155 2852 1202 est
2897 1145 3064 1200 laicos
3107 1143 3382 1210 ordinare,
3412 1157 3548 1211 quos
3576 1141 3757 1196 nullus

2179 1245 2296 1298 fieri
2326 1241 2459 1298 ordo
2487 1239 2770 1312 permittit,
2795 1236 2888 1293 sed
2916 1236 3078 1290 etiam
3108 1248 3334 1304 quorum
3359 1231 3583 1286 crimina
3606 1231 3768 1298 longe

2179 1333 2397 1402 lateque
2425 1346 2523 1402 per
2570 1342 2761 1384 omnes
2785 1341 2926 1397 pene
2952 1333 3080 1379 sunt
3108 1329 3236 1378 nota
3259 1321 3769 1393 provinciashordio

2179 1430 2397 1477 nantur.
2431 1419 2616 1474 Daniel
2645 1419 2789 1473 enim
2817 1431 2991 1486 nuper
3011 1414 3173 1470 missa
3197 1413 3462 1466 relatione
3489 1426 3557 1465 ex
3577 1408 3768 1464 Orien-

2179 1513 2377 1568 talibus
2405 1511 2474 1565 ad
2499 1526 2598 1565 nos
2625 1508 2886 1578 partibus,
2919 1507 2987 1560 ab
3011 1505 3181 1572 omni,
3202 1503 3346 1574 quod
3369 1510 3632 1565 tenuerat,
3657 1503 3766 1556 vir-

2181 1606 2366 1674 ginum
2390 1603 2726 1658 monasterio
2747 1599 2966 1655 nefariis
2989 1605 3075 1653 est.
3113 1595 3512 1665 objectionibns
3538 1609 3764 1650 accusa—

2183 1704 2290 1762 tus,
2318 1694 2485 1748 multa
2512 1693 2580 1747 de
2606 1691 2793 1746 multis
2819 1689 3031 1759 objecta
3062 1685 3282 1752 ﬂagitia.
3325 1685 3383 1740 ln
3427 1699 3660 1754 quanam
3687 1683 3766 1738 la—

2108 1808 2155 1870 B
2183 1795 2323 1842 teret
2353 1794 2616 1840 terrarum
2645 1789 2800 1853 parte
2827 1781 3083 1852 qutesitus
3104 1788 3207 1847 est,
3228 1787 3288 1833 ut
3314 1779 3360 1832 si
3379 1792 3487 1832 sua:
3507 1777 3765 1832 innocen-

2183 1878 2273 1932 tim
2297 1874 2610 1940 confideret,
2629 1879 2818 1929 contra
2838 1887 2898 1928 se
2915 1871 3170 1941 judicium
3192 1870 3517 1940 postulatum
3545 1869 3766 1924 minime

2183 1967 2499 2033 declinaret,
2549 1965 2726 2021 missae
2778 1964 2847 2019 ad
2893 1963 3264 2018 Arelatensem
3313 1960 3624 2030 episcopum
3665 1971 3766 2028 per

2185 2059 2540 2114 Fortunatam
2565 2055 2953 2112 subdiaconum
2982 2060 3226 2108 nostrum
3273 2050 3687 2121 praeeeptiones,
3706 2057 3765 2102 ut

2185 2149 2252 2205 ad
2269 2149 2531 2218 judicium
2557 2146 2923 2201 destinaretur
2947 2141 3276 2212 episcopale.
3301 2139 3487 2194 Tantis
3513 2147 3766 2207 gravatus

2185 2239 2529 2304 testimoniis,
2573 2246 2725 2292 tanta
2755 2235 3056 2291 facinorum
3107 2231 3452 2287 accusatione
3503 2228 3766 2299 pulsatus,

2181 2347 2461 2388 sacrarum
2489 2327 2806 2402 (utdicitur)
2837 2326 3100 2395 virginum
3128 2323 3366 2394 pollutus
3406 2322 3614 2376 incestu
3645 2320 3763 2389 epi-

2182 2439 2380 2494 scopus
2407 2422 2666 2477 asseritur
2691 2419 2990 2475 ordinatus.
3019 2416 3078 2470 in
3109 2415 3308 2471 nostris
3344 2413 3508 2468 libelli
3553 2411 3767 2467 scriniis

2185 2515 2548 2576 continentur,
2581 2524 2812 2581 quorum
2853 2507 2921 2563 ad
2958 2521 3057 2562 vos
3083 2519 3299 2575 quoque
3326 2501 3652 2572 exemplaria
3681 2500 3767 2554 di-

2185 2605 2439 2660 reximus.
2489 2601 2547 2656 ln
2577 2600 2838 2672 pontificii
2867 2598 3182 2667 dignitatem
3229 2596 3335 2650 hoc
3362 2603 3628 2662 tempore,
3657 2605 3767 2662 quo

2187 2697 2254 2751 ad
2279 2710 2501 2751 causam
2531 2693 2814 2748 dicendam
2843 2690 3022 2744 missis
3051 2703 3082 2742 a
3111 2685 3268 2742 nobis
3299 2685 3492 2740 litteris
3534 2683 3768 2737 vocaba-

2183 2796 2291 2851 tur,
2323 2784 2581 2854 obrepsit.
2616 2781 2786 2837 Sacro
2808 2778 3012 2836 nomini
3041 2777 3179 2834 absit
3205 2774 3425 2845 injuria,
3457 2771 3664 2827 facilius
3683 2779 3770 2826 est

2185 2885 2244 2932 ut
2272 2877 2413 2931 hanc
2439 2874 2753 2944 dignitatem
2795 2871 2891 2926 tali
2915 2869 3099 2924 dando
3127 2867 3244 2937 ipse
3285 2864 3525 2920 amiserit
3551 2862 3769 2918 ordina-

2186 2977 2292 3034 tor,
2316 2982 2478 3037 quam
2508 2981 2630 3022 eam
2659 2964 2902 3020 obtineat
2929 2961 3240 3028 ordinatus,
3266 2959 3352 3015 cui
3395 2957 3649 3013 convicto
3673 2971 3769 3010 so-

2186 3061 2434 3125 ciabitur,
2467 3059 2557 3129 qui
2579 3072 2702 3112 eum
2731 3055 2834 3111 sibi
2859 3053 3089 3110 credidit
3116 3050 3394 3121 largiendo
3434 3047 3769 3120 pontificium

2184 3150 2530 3216 scciandum;
2555 3149 2730 3218 qualis
2751 3149 2893 3201 enim
2924 3146 3041 3215 ipse
3068 3143 3157 3209 sit,
3192 3141 3436 3212 quisquis
3462 3140 3596 3196 tales
3623 3139 3770 3193 ordi-

2185 3243 2346 3305 narit,
2371 3240 2624 3296 ostendit.
2649 3238 2745 3294 His
2771 3252 2904 3308 ergo
2955 3237 3008 3291 i-n
3055 3235 3288 3289 medium
3317 3247 3461 3288 nunc
3501 3229 3768 3295 deductis,

2183 3349 2306 3389 cum
2360 3333 2603 3404 plerique
2648 3343 2886 3386 vestrum
2929 3330 3069 3392 sint,
3123 3327 3216 3396 qui
3256 3323 3575 3396 apostolica:
3625 3323 3770 3378 sedis

2184 3433 2387 3480 statuta
2449 3422 2803 3491 cognoverint
2860 3420 3140 3474 nobiscum
3188 3424 3435 3485 tempore
3492 3413 3769 3482 aliquanto

2183 3515 2416 3583 versati,
2466 3513 2534 3567 ad
2580 3512 2873 3583 disciplinae
2921 3523 3201 3572 normam,
3259 3506 3458 3562 nostris
3502 3511 3766 3559 conventa

2185 3603 2687 3669 adhortationibus,
2729 3601 2911 3658 omnia
2970 3598 3281 3654 fraternitas
3333 3604 3512 3650 vestra
3539 3607 3772 3650 evocare

2184 3696 2416 3751 festinet.

2187 3810 2337 3877 Quod
2365 3824 2685 3880 unaquaque
2718 3808 2983 3878 provinua
3007 3820 3101 3858 suo
3134 3799 3538 3876 metropolitano
3586 3797 3768 3853 debeat

2776 3893 2888 3932 esse
2914 3884 3179 3933 commta.

2255 3967 2416 4027 XVII.
2442 3966 2700 4032 Primum,
2725 3976 2785 4024 ut
2803 3965 2962 4034 juxta
2987 3965 3207 4022 decreta
3219 3976 3493 4022 canonum
3505 3975 3774 4030 unaqua-

2183 4076 2288 4130 que
2338 4059 2614 4131 provincia
2666 4072 2769 4114 suo
2809 4057 3228 4125 metropolitano
3285 4060 3538 4109 contenta
3589 4050 3680 4114 sit,
3713 4061 3770 4104 ut

2181 4150 2485 4209 decessoris
2509 4149 2680 4206 nostri
2715 4149 2840 4203 data
2883 4148 2952 4203 ad
2993 4146 3401 4202 Narbonensem
3449 4141 3760 4211 episcopum

2179 4244 2468 4300 continent
2485 4241 2802 4305 constituta,
2831 4252 2937 4293 nec
2985 4233 3352 4304 usurpationis
3400 4231 3550 4290 locus
3605 4226 3766 4283 alicui

2182 4335 2454 4392 sacerdoti
2481 4335 2536 4388 in
2574 4333 2800 4387 alterius
2827 4327 3160 4386 concedatur
3203 4323 3476 4393 iniuriam.
3519 4320 3602 4374 Sit
3628 4333 3761 4374 con-

2183 4429 2349 4485 cessis
2375 4427 2476 4482 sibi
2505 4434 2793 4481 contentus
2826 4421 3192 4489 unusquisque
3221 4415 3496 4470 tinnitibus.
3530 4411 3681 4464 Alter
3712 4409 3764 4464 in

2109 4546 2158 4606 Ι)
2187 4521 2410 4576 alterius
2437 4517 2714 4589 provincia
2743 4514 2876 4572 nihil
2906 4519 3221 4582 praesumat,
3270 4521 3373 4562 nec
3423 4501 3663 4602 emeritis
3711 4499 3762 4597 in

2187 4610 2301 4666 suis
2324 4586 2588 4663 Ecclesiis
2615 4605 2823 4660 doricis
2854 4599 3122 4672 peregrini
3172 4606 3228 4652 et
3269 4591 3544 4657 extranei,
3571 4598 3629 4644 et
3671 4586 3766 4656 qui

2187 4708 2314 4755 ante
2336 4698 2569 4767 ignorati
2589 4703 2734 4758 sunt,
2766 4693 2830 4749 ad
2856 4690 3221 4747 exclusionem
3253 4699 3462 4748 eorum,
3488 4681 3578 4750 qui
3625 4679 3767 4734 bene

2187 4790 2255 4846 de
2279 4805 2500 4846 suorum
2527 4788 2723 4843 civium
2778 4792 3057 4840 merentur
3087 4776 3415 4840 testimonio,
3448 4786 3767 4844 pnnponan-

2189 4889 2296 4948 tur,
2328 4895 2396 4936 ne
2417 4894 2615 4934 novum
2643 4874 2934 4946 quoddam,
2969 4874 3036 4926 de
3061 4886 3169 4940 quo
3200 4865 3440 4938 episcopi
3465 4863 3629 4928 ﬁant,
3679 4861 3766 4916 in-

2185 4975 2430 5030 stitutum
2459 4971 2702 5027 videatur
2727 4983 2845 5024 esse
2869 4965 3175 5031 collegium.

2255 5084 2412 5151 Quod
2432 5078 2721 5139 nolentibus
2747 5081 2948 5134 clericis
2975 5080 3054 5134 vel
3073 5075 3280 5151 populi;
3320 5087 3470 5126 mmo
3505 5069 3691 5123 debeat

2696 5151 2966 5221 θρὲποριιι
2989 5148 3246 5206 ordinari.

2255 5246 2437 5304 Χιτιιι.
2471 5245 2658 5300 Nullus
2680 5242 2859 5300 invitis
2884 5240 3041 5298 detur
3063 5239 3370 5307 episcopus,
3412 5231 3563 5292 cieri,
3597 5225 3769 5299 plebis

2181 5354 2236 5399 et
2255 5342 2464 5399 ordinis
2485 5351 2806 5400 consensus.
2827 5341 2888 5388 ct
2913 5330 3238 5387 desiderium
3264 5327 3586 5395 requiratur.
3617 5319 3769 5373 Tunc

2179 5437 2320 5489 alter
2345 5434 2415 5488 de
2444 5431 2613 5485 altera
2641 5428 2869 5494 eligatur
2881 5421 3143 5488 Ecclesia,
3175 5420 3218 5474 si
3248 5418 3314 5473 de
3334 5414 3572 5472 civitatis
3599 5411 3770 5481 ipsius

2183 5523 2416 5590 clericis,
2456 5522 2543 5576 cui
2573 5527 2655 5574 est
2683 5517 2968 5587 episcopus
2994 5509 3341 5572 ordinandus,
3375 5505 3551 5560 nullus
3575 5503 3770 5570 dignus

2179 5617 2349 5688 (quod
2377 5614 2592 5670 evenire
2623 5627 2730 5666 non
2759 5603 3048 5674 credimus)
3096 5601 3334 5673 potuerit
3363 5595 3617 5653 inveniri;
3651 5592 3769 5662 pri-

2181 5684 2328 5762 mum
2374 5705 2515 5759 enim
2544 5703 2617 5757 illi
2650 5697 2969 5768 reprobandi
3000 5704 3141 5760 sunt,
3174 5701 3234 5750 ut
3270 5689 3434 5760 aliqui
3479 5686 3548 5740 de
3575 5684 3773 5742 alienis

2180 5800 2431 5857 Ecclesiis
2456 5798 2648 5852 merito
2659 5792 3027 5866 prmferantur.
3046 5787 3252 5844 liabeat
3271 5776 3634 5855 unusquisque
3657 5795 3770 5835 sine
