4104 6482
379 317 480 375 277

1414 315 1793 374 COLLECTIO
1829 314 2293 375 DECRETOBUM
2335 315 2440 372 PP.
2488 317 2614 373 RR.

3540 319 3646 376 γε

379 440 610 492 fructum
639 433 841 489 militiae
888 433 940 487 in
980 429 1237 495 Ecclesia,
1288 431 1339 485 in
1367 445 1474 500 qua
1523 446 1619 486 sua
1658 446 1757 500 per
1784 431 1964 485 omnia
1994 441 2040 498 Α
2071 448 2189 486 rum
2217 447 2316 501 pro
2344 431 2648 501 aliquorum
2678 429 2852 496 libitu,
2883 429 3099 487 licentia
3126 431 3337 502 populis
3365 434 3646 507 permissa.

379 528 554 583 cilicia
580 525 844 592 transegit
870 532 1106 579 aztatem.
1141 522 1198 576 lu
1229 522 1403 576 aliena
1449 521 1713 592 stipendia
1742 521 1963 576 minime

381 619 515 673 alter
544 617 791 685 obrepat,
830 629 931 669 nec
953 613 1044 668 alii
1072 613 1308 667 debitam
1336 612 1473 667 alter
1500 613 1602 669 sibi
1631 614 1826 667 audeat
1854 613 1963 667 vin-

381 712 558 766 dicare
587 705 913 762 mercedem.
950 704 1034 760 Sit
1061 702 1287 759 facultas
1326 702 1538 758 clericis
1586 703 1873 767 renitendi,
1918 702 1965 759 si

383 818 437 857 se
462 800 694 855 viderint
722 795 1064 868 praegravari,
1114 802 1167 848 et
1196 808 1334 862 quos
1358 793 1458 848 sibi
1483 792 1652 860 ingeri
1701 807 1767 845 ex
1799 802 1966 847 trans-

385 912 539 952 verso
565 891 941 962 cognoverint,
973 904 1081 945 non
1118 888 1343 941 timeant
1369 886 1621 941 refutare.
1650 884 1752 950 Qui
1784 884 1829 938 si
1855 900 1963 940 non

342 1022 357 1027 ρ
385 988 624 1042 debitum
654 983 958 1054 prmmium,
981 980 1067 1035 vel
1087 979 1314 1034 liberum
1340 976 1408 1033 de
1434 992 1523 1045 eo,
1545 976 1634 1045 qui
1665 992 1760 1031 eos
1788 985 1965 1033 rectu-

384 1094 474 1133 rus
500 1084 607 1136 est.
637 1074 836 1131 debent
863 1070 1063 1129 habere
1082 1068 1363 1138 judicium.

458 1188 608 1254 Quod
636 1188 700 1242 ab
728 1187 927 1241 illicitis
949 1186 1016 1239 sit
1063 1182 1478 1239 ordinationibus
1512 1182 1891 1237 abstinendum.

458 1301 594 1356 XIX.
637 1301 984 1355 Abstincatur
1011 1298 1172 1353 etiam
1196 1298 1262 1352 ab
1288 1298 1482 1354 illicitis
1507 1297 1962 1353 ordinationibus:

387 1395 563 1449 nullus
584 1409 651 1448 ex
681 1391 853 1456 laicis,
886 1390 1062 1445 nullus
1091 1388 1350 1458 digamus,
1382 1388 1557 1443 nullus
1587 1388 1677 1458 qui
1699 1388 1769 1442 sit
1796 1387 1969 1442 vidua:

388 1484 608 1538 maritus
662 1489 757 1536 aut
784 1481 965 1545 fuerit,
997 1478 1291 1546 ordinetur,
1332 1479 1426 1535 sed
1456 1478 1965 1549 irrepreltensibilis,

387 1584 443 1631 et
488 1574 700 1644 qualem
744 1572 905 1641 elegit
946 1572 1235 1641 Apostolus
1267 1570 1320 1645 (ι
1368 1570 1500 1624 Tim.
1534 1587 1620 1635 ιιι;
1654 1568 1817 1623 Levit.
1846 1584 1966 1634 ut;

390 1666 453 1723 11
484 1666 617 1722 Tim.
674 1668 777 1737 tu),
811 1666 918 1720 tlat.
974 1664 1076 1719 Per
1119 1663 1337 1735 Moysen
1388 1661 1641 1718 Dominus
1684 1659 1966 1732 prmeepit,

389 1762 633 1832 virginem
688 1759 911 1827 accipiat
956 1755 1194 1819 sacerdos
1241 1771 1477 1822 uxorem,
1528 1754 1870 1824 subsequitur
1910 1761 1966 1808 et

2068 522 2342 591 frangatur
2365 524 2388 576 ?

2070 632 2221 699 Quod
2250 652 2351 691 non
2387 636 2675 699 conveniat,
2707 635 3013 703 contemptis
3041 635 3244 689 clericis
3273 630 3647 701 Ecclesiarum,

2448 706 2514 759 de
2534 706 2676 761 (uicis
2700 706 2970 776 episcopos.
2994 705 3260 761 ordinare.

2142 815 2278 869 XXI.
2322 816 2637 873 Audivimus
2673 818 2928 886 quasdam
2954 820 3207 889 propriis
3233 820 3519 877 destitutas
3565 837 3649 878 re-

2071 909 2311 966 ctoribus
2338 909 2603 973 civitates,
2636 910 2920 979 episcopos
2952 910 3053 965 sibi
3084 921 3266 980 petere
3292 913 3431 967 velle
3459 912 3525 967 de
3554 913 3651 966 lai-

2071 1002 2169 1066 cis,
2203 1010 2518 1069 tantumque
2551 999 2822 1070 fastigium
2863 1009 2971 1056 tam
3015 1003 3118 1058 vile
3158 1001 3401 1069 credere,
3450 1011 3509 1056 ut
3549 1002 3651 1057 hoc

2069 1094 2170 1159 his,
2202 1092 2294 1163 qui
2322 1108 2430 1147 non
2460 1091 2591 1157 Deo,
2624 1091 2717 1146 sed
2743 1092 2942 1147 smeulo
2967 1091 3356 1160 militaverunt,
3384 1092 3654 1147 aestiment

2072 1199 2171 1239 nos
2218 1198 2378 1253 posse
2423 1180 2670 1237 conferre
2695 1199 2708 1234 :
2761 1196 2866 1237 non
2894 1181 3068 1237 solum
3098 1183 3239 1236 male
3265 1182 3332 1238 de
3360 1184 3471 1238 suis
3494 1183 3651 1238 cleri-

2070 1274 2167 1338 cis,
2201 1274 2253 1327 in
2286 1287 2515 1341 quorum
2543 1279 2913 1341 contemptum
2942 1272 3044 1327 hoc
3071 1270 3299 1338 faciunt,
3327 1272 3649 1341 judicantes,

2070 1364 2166 1421 sed
2192 1365 2261 1421 de
2284 1366 2439 1420 nobis
2470 1365 2723 1434 pessime,
2758 1380 2904 1434 .quos
2928 1364 3157 1420 credunt
3183 1365 3288 1420 hoc
3322 1380 3481 1435 posse
3508 1364 3651 1420 face-

2070 1470 2153 1525 re,
2200 1455 2513 1511 sentientes.
2578 1453 2734 1521 Quod
2786 1470 3061 1525 nunquam
3112 1455 3394 1523 auderent,
3444 1456 3489 1510 si
3540 1472 3646 1509 non

2072 1547 2427 1616 quorumdam
2453 1547 2561 1602 illic
2601 1547 2683 1601 his
2710 1546 3055 1603 consentiens
3102 1547 3368 1600 sententia
3395 1548 3653 1602 connive-

2072 1646 2173 1693 ret.
2224 1637 2299 1692 ιω
2330 1638 2477 1703 nihil,
2529 1652 2648 1706 quas
2677 1636 3007 1704 frequentius
3049 1645 3176 1692 sunt
3221 1636 3653 1708 decreta,proti-

2075 1731 2224 1785 ciunt
2248 1748 2261 1783 :
2295 1739 2354 1784 ut
2373 1730 2497 1796 hoc,
2526 1730 2678 1800 quasi
2702 1744 2975 1802 nunquam
3004 1730 3072 1785 de
3094 1731 3193 1786 hac
3215 1739 3367 1801 parte
3393 1731 3652 1800 scriptum

350 1864 353 1867 ‘
390 1821 600 1921 supplet
634 1821 921 1919 Apostolus
950 1847 1137 1901 eodem
1162 1847 1373 1901 locutus
1404 1821 1617 1916 spiritu,
1650 1821 1808 1899 unius
1832 1859 1967 1899 uxo-

2084 1824 2257 1891 Fuerit,
2302 1826 2597 1893 ignoretur,
2648 1823 2775 1891 quid
2800 1821 3040 1894 proderit
3067 1838 3165 1885 per
3191 1824 3397 1893 singula
3428 1822 3654 1878 clericos

390 1942 466 1997 ris
504 1942 677 1995 virum
721 1938 919 1993 debere
959 1938 1268 2007 episcopum
1316 1936 1641 1992 consecrari.
1700 1934 1780 1989 Ad
1833 1935 1972 1990 hanc

354 2058 355 2061 η
392 2047 522 2101 ergo
552 2031 821 2101 eligantur
845 2028 1127 2084 formulam
1157 2027 1487 2093 sacerdotes,
1520 2034 1576 2083 et
1604 2026 1649 2082 si
1678 2040 1796 2096 quae
1818 2024 1971 2080 factm

389 2132 517 2182 sunt
558 2122 926 2189 ordinationes
970 2120 1196 2184 illicitm,
1248 2126 1659 2186 removeantur,
1715 2116 1971 2187 quoniam

390 2224 538 2274 stare
565 2229 672 2269 non
692 2219 937 2283 possunt,
988 2226 1088 2266 nec
1116 2210 1502 2265 discussionem
1552 2218 1791 2264 nostram
1841 2207 1971 2261 sub-

391 2307 659 2375 terfugere
705 2310 1006 2374 poterunt:
1057 2299 1299 2370 quamvis
1346 2299 1516 2354 latere
1579 2315 1637 2353 se
1682 2298 1969 2365 aestiment,

391 2396 625 2466 qualiter
662 2400 1041 2464 pervenerunt,
1092 2400 1151 2445 ut
1176 2391 1319 2445 nulla
1369 2389 1645 2457 religienis
1673 2389 1972 2444 reverentia

394 2486 723 2543 obscuritate
753 2483 1006 2538 fuscetur.
1039 2481 1154 2537 Non
1185 2482 1254 2536 sit
1282 2496 1417 2535 vana
1440 2481 1686 2549 gloriatio
1718 2480 1969 2548 palliatis,

392 2575 755 2648 episcopalem
797 2590 1021 2636 morem,
1074 2573 1162 2644 qui
1191 2573 1429 2643 episcOpi
1461 2579 1604 2637 sunt,
1655 2578 1968 2640 sequantur.

394 2666 603 2731 Daniel,
634 2674 691 2719 ut
721 2665 973 2733 diximus,
1005 2664 1097 2732 qui
1124 2664 1522 2718 accusationem
1552 2661 1843 2733 pontiﬁcali
1875 2662 1974 2717 ho-

393 2774 529 2815 nore
550 2757 921 2826 subterfugere
951 2771 1009 2813 se
1039 2756 1196 2826 poSse
1222 2756 1464 2819 credidit,
1512 2762 1567 2810 et
1594 2754 1659 2809 ad
1705 2753 1975 2822 fastigium

395 2858 605 2906 tantum
636 2855 979 2905 accusatores
1002 2861 1132 2901 suos
1160 2844 1377 2901 latendo
1406 2847 1668 2915 pervenit,
1711 2860 1739 2899 a
1768 2845 1972 2900 sancti-

395 2940 523 2995 tatis
570 2948 762 2993 vestrte
809 2945 951 2992 ctetu
1000 2936 1213 2990 interim
1262 2950 1322 2990 se
1372 2936 1580 2991 noverit
1609 2942 1971 3005 segregatum,

396 3035 489 3107 qui
519 3049 578 3090 se
606 3041 791 3089 nostro
808 3030 1007 3101 judicio
1034 3029 1193 3085 debet
1236 3029 1494 3097 abjicere,
1541 3029 1587 3083 si
1631 3028 1976 3083 conscientiae

396 3143 507 3183 suze
533 3126 683 3181 novit
709 3123 1087 3180 confidentiam
1112 3136 1170 3177 se
1198 3122 1461 3176 obtinere.
1503 3119 1849 3175 Massiliensis
1880 3135 1973 3174 ve-

398 3234 461 3273 ro
490 3216 742 3272 Ecclesia:
763 3212 1119 3277 sacerdotem,
1150 3212 1239 3281 qui
1268 3211 1466 3267 dicitur
1494 3209 1663 3281 (quod
1697 3210 1840 3266 dictu
1876 3226 1973 3265 ne-
2001 3203 2047 3263 C

398 3308 483 3361 fas
506 3306 611 3375 est)
626 3305 680 3359 in
696 3318 885 3363 necem
912 3302 1092 3357 fratris
1116 3303 1198 3357 sui
1221 3301 1402 3356 taliter
1419 3301 1737 3370 gratulatus,
1772 3311 1823 3356 ut
1851 3302 1978 3356 huic

398 3398 491 3468 qui
521 3398 636 3467 ejus
664 3394 925 3465 sanguine
963 3401 1273 3449 cruentatus
1315 3391 1624 3461 advenerat,
1675 3393 1977 3462 portionem

399 3502 524 3543 cum
588 3486 777 3541 eodem
807 3483 1090 3538 habiturus
1139 3490 1467 3547 occurreret,
1518 3497 1585 3537 ex
1634 3488 1814 3538 vestro
1859 3498 1980 3537 eum

398 3576 722 3632 audiendum
751 3575 979 3646 collegio
1006 3574 1331 3644 delegamus.
1367 3572 1556 3627 Datum
1582 3588 1655 3627 vn
1685 3571 1787 3627 cal.
1820 3571 1978 3643 Aug,

356 3678 359 3679 '
402 3669 580 3726 Felice
606 3676 663 3725 et
685 3667 863 3724 Tauro
885 3682 1065 3724 conss.

522 3778 675 3846 Quod
703 3780 828 3835 nulli
861 3779 1117 3837 sacerdoti
1143 3796 1364 3836 canones
1395 3779 1549 3835 liceat
1585 3780 1849 3852 ignorare.

473 3892 591 3949 XX.
626 3893 946 3959 leestinus
973 3894 1238 3949 universis
1284 3894 1552 3964 episcopis
1579 3910 1678 3964 per
1706 3894 1983 3964 Apuleium

398 3995 461 4043 et
485 3986 788 4043 Calabriam
806 3986 1131 4053 constitutis.
1162 3985 1301 4041 Nulli
1322 3986 1660 4042 sacerdotum
1681 4002 1810 4042 suos
1830 3985 1990 4042 liceat

404 4092 643 4145 canones
670 4076 938 4144 ignorare,
981 4089 1084 4131 nec
1110 4074 1401 4145 quidquam
1446 4075 1642 4141 facere,
1692 4075 1836 4144 quod
1881 4074 1985 4130 Pa-

406 4176 549 4227 trum
577 4169 750 4238 possit
776 4167 975 4237 regulis
1000 4167 1239 4222 obviare.
1293 4166 1423 4233 Quae
1473 4167 1614 4221 enim
1645 4182 1675 4219 a
1708 4166 1863 4221 nobis
1900 4180 1987 4220 res

404 4260 567 4327 digna
596 4257 918 4322 servabitur,
962 4256 1009 4312 si
1050 4256 1395 4313 decretalium
1426 4272 1615 4311 norma
1664 4256 1985 4313 constituto-

2072 1915 2341 1986 stipendia
2372 1914 2655 1979 militasse,
2696 1921 2753 1970 et
2790 1929 3006 1969 omnem
3053 1913 3227 1981 egisse
3276 1913 3328 1968 in
3373 1912 3656 1968 dominicis

2073 2007 2262 2062 castris
2289 2015 2545 2061 aetatem:
2589 2005 2635 2061 si
2662 2004 2752 2074 qui
2796 2004 2879 2058 his
2906 2004 3184 2074 prtefuturi
3231 2012 3356 2059 sunt
3390 2018 3458 2058 ex
3505 2003 3656 2057 Iaicis

2073 2096 2440 2165 requiruntur,
2490 2094 2583 2165 qui
2608 2102 2862 2149 vacantes
2889 2093 3104 2160 saeculo,
3155 2104 3210 2148 et
3237 2106 3451 2148 omnem
3479 2091 3657 2146 eccle-

2075 2186 2347 2240 siasticum
2374 2185 2619 2241 ordinem
2658 2185 2984 2249 nescientes,
3035 2185 3174 2239 saltu
3218 2198 3562 2255 praepropero
3602 2183 3656 2237 in

2074 2277 2307 2332 alienum
2349 2277 2611 2331 honorem
2662 2277 2908 2333 ambiunt
2957 2275 3309 2330 immoderata
3367 2274 3657 2343 cupiditate

2077 2368 2480 2435 transcendere,
2524 2368 2662 2423 etin
2709 2367 2853 2421 aliud
2876 2368 3002 2422 vitae
3047 2380 3216 2436 genus
3262 2366 3469 2422 calcata
3510 2380 3658 2420 reve-

2076 2458 2249 2512 rentia
2275 2457 2651 2513 ecclesiasticae
2675 2456 2971 2527 disciplina:
3011 2457 3283 2511 transire?
3310 2454 3529 2510 Talibus
3555 2456 3658 2509 ita-

2074 2564 2199 2618 que,
2230 2549 2424 2604 fratres
2451 2549 2771 2611 charissimi,
2804 2548 2896 2618 qui
2921 2548 3058 2618 juris
3087 2548 3277 2613 nostri,
3310 2547 3362 2602 id
3387 2556 3469 2603 est
3497 2561 3659 2602 cano~

2076 2656 2201 2694 num
2226 2639 2590 2708 gubernacula
2616 2639 2967 2705 custodimus,
3001 2653 3222 2694 necesse
3245 2647 3328 2694 est
3350 2639 3657 2705 obviemus;

2076 2731 2262 2800 hisque
2282 2730 2674 2786 fraternitatem
2702 2740 2938 2785 vestram
2960 2729 3203 2799 epistolis
3221 2744 3651 2797 commonemus,

2076 2837 2145 2877 ne
2176 2823 2296 2890 quis
2324 2821 2520 2877 laicum
2549 2822 2614 2875 ad
2647 2820 2893 2877 ordinem
2920 2822 3265 2892 episcopatus
3293 2821 3559 2885 admittat,
3609 2829 3664 2876 et

2076 2912 2221 2968 sinat
2244 2912 2379 2978 ﬁeri,
2414 2912 2556 2967 unde
2583 2920 2637 2966 et
2658 2912 2807 2966 illum
2835 2911 3089 2981 decipiat,
3120 2920 3177 2967 et
3209 2912 3311 2967 sibi
3351 2926 3539 2969 causas
3568 2925 3662 2982 ge-

2078 3010 2249 3070 neret,
2281 3002 2476 3073 quibus
2502 3017 2628 3059 reus
2652 3002 2960 3058 constitutis
2985 3001 3347 3059 decretalibus
3374 3003 3487 3059 tiat.

2220 3137 2371 3204 Quod
2410 3138 2669 3193 docendus
2696 3139 2765 3193 sit
2790 3110 3030 3211 populus,
3080 3158 3183 3203 non
3212 3141 3520 3214 sequendus.

2152 3249 2314 3305 XXII.
2342 3250 2624 3306 Docendus
2651 3259 2736 3306 est
2765 3252 3016 3322 p0pulus,
3040 3268 3150 3311 non
3178 3256 3500 3324 sequendus,
3525 3271 3657 3313 nos-

2083 3359 2211 3413 que,
2247 3344 2293 3398 si
2338 3344 2584 3399 nesciunt
2634 3359 2729 3401 eos
2760 3344 2898 3414 quid
2937 3346 3115 3411 liceat,
3148 3347 3348 3417 quidve
3376 3364 3483 3405 non
3510 3349 3669 3405 liceat

2086 3452 2455 3501 commouere,
2508 3452 2613 3493 non
2640 3436 2707 3492 iis
2733 3452 3055 3495 consensum
3102 3440 3348 3510 praebere
3386 3439 3666 3497 debemus.

2090 3527 2344 3595 Quisquis
2390 3541 2521 3581 vero
2585 3537 2814 3583 conatus
2874 3527 3036 3583 fuerit
3098 3537 3308 3585 tentare
3375 3530 3668 3599 prohibita,

2088 3618 2288 3673 sentiet
2306 3630 2587 3671 censuram
2609 3615 2752 3671 sedis
2773 3616 3085 3685 apostolica:
3105 3618 3324 3673 minime
3342 3617 3669 3675 defuturam.

2090 3707 2220 3774 Quae
2248 3708 2389 3762 enim
2418 3705 2533 3761 sola
2560 3704 2944 3763 admonitionis
2990 3707 3312 3762 auctoritate
3348 3722 3459 3762 non
3499 3710 3672 3763 corri-

2089 3798 2283 3867 gimus,
2313 3811 2535 3853 necesse
2555 3803 2637 3852 est
2661 3810 2758 3865 per
2786 3796 3127 3851 severitatem
3157 3804 3549 3864 congruentem
3580 3813 3671 3853 re-

2092 3891 2231 3960 gulis
2258 3890 2610 3953 vindicentus.
2646 3888 2748 3943 Per
2778 3898 2920 3949 totas
2968 3888 3072 3942 hoc
3094 3902 3247 3957 ergo,
3294 3902 3415 3956 qua:
3442 3889 3673 3959 propriis

2091 3981 2392 4036 rectoribus
2419 3986 2629 4045 carent,
2660 3976 2930 4033 Ecclesias
2958 3978 3201 4033 volumus
3229 3978 3533 4039 innotescat
3557 3999 3569 4032 :
3613 3988 3672 4037 .ttt

2095 4073 2276 4135 nullus
2299 4071 2407 4126 sibi
2435 4085 2533 4140 spe
2561 4070 2739 4139 aliqua
2773 4068 2998 4123 forsitan
3028 4068 3303 4131 blanditus
3329 4070 3533 4123 illudat.
3566 4069 3674 4124 Da-

2092 4170 2203 4217 tum
2233 4176 2307 4215 xu
2338 4160 2441 4215 cal.
2475 4160 2719 4226 Augusti,
2752 4158 3029 4223 Florentio
3078 4166 3134 4214 et
3179 4158 3435 4230 Dionysio
3480 4174 3660 4217 conss.

2094 4255 2217 4322 (An.
2250 4253 2440 4307 Christi
2469 4250 2619 4322 tas.)

1558 4386 2255 4489 DECRETA‘LEONIS
2295 4421 2543 4484 ΡΑρΑῖ.

484 4606 597 4662 Leo
616 4646 631 4673 ,
664 4620 951 4677 episcopus
999 4605 1145 4660 urbis
1169 4604 1376 4673 Romae,
1418 4603 1681 4665 universis
1728 4607 1995 4677 episcopis
2027 4611 2073 4671 D
2100 4608 2199 4667 sibi
2229 4607 2591 4669 membrorum
2619 4620 2719 4677 per
2759 4604 3241 4675 dissimulationem
3280 4624 3542 4683 compago
3570 4628 3677 4668 non

407 4713 511 4769 per
538 4696 902 4768 Campaniam,
938 4693 1212 4767 Picenum,
1255 4695 1506 4752 Tusciam
1534 4703 1589 4752 et
1616 4713 1716 4767 per
1768 4697 1989 4753 univer-

410 4804 502 4846 sas
532 4788 548 4809 ‘
574 4787 878 4844 constitutis
906 4786 959 4841 in
984 4786 1211 4842 Domino
1239 4787 1486 4843 salutem.

487 4877 558 4934 Ut
603 4878 758 4934 nobis
804 4879 1217 4949 gratulationem
1267 4879 1399 4935 facit
1426 4877 1785 4937 Ecclesiarunt
1825 4888 1996 4935 status

411 4968 617 5027 salubri
662 4969 1012 5041 dispositione
1056 4970 1422 5039 compositus,
1474 4969 1547 5025 ita
1594 4983 1701 5025 non
1745 4970 1848 5027 levi
1894 4984 1997 5026 nos

415 5076 651 5117 ntcerore
697 5059 980 5116 contristat
1022 5060 1236 5130 quoties
1285 5060 1461 5129 aliqua
1504 5068 1693 5115 contra
1734 5060 2003 5125 constitu-

417 5160 475 5207 ta
535 5152 845 5218 eanonum,
910 5159 968 5206 et
1024 5150 1443 5213 ecclesiasticam
1492 5151 1827 5221 disciplinam
1867 5168 2005 5224 prat-

416 5250 656 5312 sumpta,
684 5242 769 5297 vel
795 5240 1079 5297 commissa
1107 5242 1498 5309 cognoscimus,
1529 5256 1648 5311 quae
1674 5246 1718 5295 si
1743 5256 1871 5305 tton,
1903 5256 2008 5312 qua

417 5333 701 5400 debemus,
730 5331 1008 5401 vigilantia
1038 5347 1362 5400 resecemus,
1390 5331 1485 5398 illi,
1517 5331 1607 5400 qui
1632 5346 1728 5386 nos
1757 5331 2005 5401 specula-

420 5435 570 5481 tores
598 5440 717 5480 essc
748 5424 915 5480 voluit
945 5422 1163 5497 (Kueh.
1189 5439 1352 5489 xvut;
1373 5424 1585 5494 χχχιιι),
1618 5438 1875 5478 excusare
1898 5440 2005 5479 non

421 5528 733 5586 possumus,
779 5513 1153 5583 permittentes
1182 5512 1449 5566 sincerum
1488 5527 1683 5581 corpus
1730 5510 2002 5577 Ecclesite,

421 5605 571 5675 quod
618 5605 685 5659 ab
731 5604 879 5659 omni
926 5620 1120 5675 purum
1165 5601 1375 5659 macula
1427 5603 1696 5659 custodire
1724 5603 2004 5669 debemus,

424 5696 761 5753 ambientum
799 5696 1045 5768 improba
1076 5696 1399 5766 contagione
1448 5694 1672 5751 fmdari:
1722 5713 1841 5751 cum
1892 5698 2006 5769 ipsa

500 5814 528 5846 ν
551 5810 717 5867 Deest
732 5812 1025 5879 prouincias
1054 5812 1137 5869 vel
1166 5812 1424 5869 ecclesias.
1452 5809 1605 5867 Eutr.

2099 4705 2379 4766 congruat.

2103 4805 2172 4862 Ut
2196 4806 2369 4867 nullus
2391 4808 2747 4889 episfoporum
2792 4824 2994 4866 servum
3038 4810 3255 4867 alterius
3298 4811 3368 4866 ad
3407 4810 3681 4869 clericatus

2446 4879 2667 4948 ofﬁcium
2691 4896 2988 4949 promovere
3016 4891 3316 4947 prwsumat.

2174 4968 2213 5025 l.
2245 4968 2612 5029 Admittuntur
2637 4971 2833 5041 passim
2863 4970 2932 5025 ad
2961 4971 3204 5029 ordinem
3226 4988 3460 5038 sacrum,
3488 4974 3683 5042 quibus

2100 5061 2247 5119 nulla
2274 5061 2551 5127 natalium,
2586 5062 2729 5117 nulla
2764 5077 2973 5119 morum
2997 5061 3229 5133 dignitas
3251 5062 3593 5133 sull'ragatur,
3625 5075 3680 5121 et

2101 5151 2194 5222 qui
2224 5166 2254 5205 a
2284 5150 2513 5206 dominis
2540 5152 2650 5207 suis
2694 5152 3000 5227 libertatem
3052 5153 3308 5224 consequi
3336 5153 3557 5211 minime
3586 5172 3683 5225 po.

2108 5250 2342 5306 tuerunt,
2393 5242 2458 5296 ad
2506 5243 2771 5312 fastigium
2818 5242 3125 5308 sacerdotii,
3175 5251 3432 5314 tanquam
3475 5248 3683 5303 servilis

2109 5332 2283 5388 vilitas
2312 5334 2451 5389 hunc
2472 5333 2729 5389 honorem
2750 5334 2946 5403 capiat,
2974 5333 3359 5405 provehuntur,
3386 5344 3442 5391 et
3467 5337 3687 5408 probari

2110 5422 2221 5478 Deo
2269 5439 2429 5494 posse
2475 5424 2731 5491 creditur,
2785 5423 2876 5494 qui
2919 5423 3137 5481 domino
3165 5441 3262 5482 suo
3292 5427 3520 5485 necdum
3557 5445 3685 5499 pro-

2110 5516 2239 5570 bare
2262 5530 2319 5570 se
2348 5516 2541 5585 potuit.
2590 5516 2795 5587 Duplex
2840 5518 3018 5589 itaque
3072 5518 3123 5572 itt
3172 5519 3274 5575 hac
3307 5529 3462 5591 parte
3510 5530 3691 5576 reatus

2109 5612 2211 5667 est,
2246 5604 2389 5671 quod
2425 5615 2479 5659 et
2507 5620 2718 5661 sacrum
2745 5608 3099 5666 ministerium
3128 5611 3251 5667 talis
3294 5612 3550 5669 consortii
3573 5612 3692 5666 vili-

2110 5703 2219 5751 tate
2262 5696 2536 5766 pofluitur,
2571 5705 2624 5752 ct
2649 5697 3016 5769 dominorum,
3068 5710 3327 5773 quantum
3378 5704 3442 5759 ad
3492 5705 3688 5760 illicita:
