4104 6474
470 268 574 329 279

1745 268 2100 330 ιλυλγδιυε
2140 270 2292 328 E316
2304 269 2455 329 UUS.

3643 264 3751 323 220

473 395 836 461 [usurpationis
877 400 1231 455 “maritalem
1281 399 1536 467 pertinet,
1583 395 1702 466 jura
1751 390 2048 446 solvuntur.
2083 391 2132 445 Α
2160 381 2579 438 misericorditer
2607 379 2910 448 tribuimus,
2954 383 3023 440 ab
3059 397 3128 440 eo
3163 383 3414 450 Domino,
3443 383 3536 455 qui
3563 383 3741 439 multi-

473 483 552 536 ΑΙ)
585 485 666 539 his
697 489 898 558 itaque,
925 491 1114 546 fratres
1143 489 1457 554 cliarissinii,
1485 503 1673 542 attines
1699 492 1893 537 vestrm
1923 495 2050 548 pro-

471 577 660 632 vincia:
693 579 998 634 abstineam
1026 580 1354 645 Sacerdotes,
1395 589 1450 632 et
1477 594 1584 634 nou
1617 585 1822 631 tantum
1854 574 1921 627 ab
1947 572 2050 637 his,

470 669 564 724 sed
586 670 653 723 ab
676 670 794 724 aliis
822 672 1002 735 etiam,
1053 673 1144 742 qui
1171 672 1417 739 originali
1449 681 1541 726 aut
1569 671 1726 723 alicui
1757 666 2052 722 conditioni

471 759 690 830 obligati
719 774 866 827 sunt,
898 763 1145 818 volumus
1175 764 1464 833 temperari
1490 781 1502 816 :
1533 763 1652 817 .nisi
1685 761 1821 814 forte
1863 772 2053 814 eorum

469 852 658 922 petitio
721 861 814 907 aut
859 854 1109 910 voluntas
1151 855 1458 918 accesserit,
1511 855 1602 924 qui
1640 851 1838 921 aliquid
1869 850 1966 904 sibi
1998 849 2051 902 in

469 958 565 1000 eos
593 945 865 1001 vindicant
903 946 1207 1017 potestatis.
1258 944 1429 1000 Debet
1467 944 1608 999 enim
1636 957 1757 997 esse
1802 939 2054 996 in’ununis

467 1035 534 1092 ab
563 1036 702 1103 aliis,
754 1038 848 1108 qui
889 1037 1085 1093 divina:
1116 1037 1321 1092 militiae
1361 1035 1522 1090 fuerit
1551 1034 1963 1102 aggregandus:
1997 1038 2054 1087 ut

466 1141 497 1181 ι
543 1125 735 1183 castris
781 1126 1084 1188 dominicis,
1111 1126 1308 1193 quibus
1349 1139 1548 1178 nomen
1596 1122 1718 1190 ejus
1744 1119 2049 1186 ascribitur,

469 1218 627 1274 nullis
656 1219 994 1273 necessitatis
1019 1217 1246 1272 vinculis
1274 1216 1636 1271 abstrahatur.

469 1331 540 1391 Ut
562 1335 850 1406 quicunque
880 1335 951 1386 ad
975 1334 1342 1406 sacerdotium,
1373 1335 1448 1385 vel
1475 1331 1743 1406 viduarum
1770 1327 1946 1406 mariti
1981 1326 2058 1406 rell

535 1395 778 1459 habentes
825 1421 1098 1468 numerosa
1129 1395 1389 1471 roujugttt.
1436 1402 1657 1471 prumu!i
1697 1401 1935 1470 fuerint,
1989 1395 2056 1451 ab

534 1477 769 1531 omnibus
796 1474 1157 1529 ecclesiamet-is
1181 1475 1360 1540 o/[icus
1384 1483 1678 1525 urcetmtur.

532 1587 598 1644 ll.
639 1588 824 1655 Qualis
852 1602 982 1644 vero
1013 1587 1298 1656 unicuique
1332 1586 1637 1640 constiterit
1665 1584 1924 1644 natalium
1957 1583 2058 1639 ho-

463 1689 664 1746 nestas,
695 1691 748 1734 et
777 1695 988 1736 morum
1019 1693 1136 1734 esse
1158 1677 1353 1732 debeat
1376 1677 1516 1733 sacri
1543 1675 1728 1730 altaris
1756 1673 2056 1729 ministerio

2159 475 2369 544 pliciter
2403 483 2460 530 et
2484 476 2538 530 in
2568 485 2890 547 perpetuum
2918 490 3174 534 mansura
3201 479 3485 546 retribuet,
3501 482 3748 552 recipere

2155 565 2446 622 valeamus.

2161 678 2230 734 Ut
2256 683 2302 734 si
2324 682 2436 752 quis
2471 682 2797 756 sacerdotum
2813 693 3010 756 contra
3028 684 3148 756 [nec
3175 684 3456 756 interdicta
3511 686 3707 756 (ce-rit,

2544 768 2639 806 suo
2665 754 2734 807 sit
2754 755 2924 824 oﬁicio
2951 755 3342 810 submovendus.

2230 840 2292 895 V.
2339 841 2453 896 lloc
2485 843 2666 914 itaque
2703 845 3001 901 admonitio
3044 855 3226 902 nostra
3256 847 3558 914 denuntiat,
3605 847 3750 918 quod

2158 931 2204 988 si
2232 933 2355 1002 quis
2391 934 2616 988 fratrum
2644 943 2834 990 contra
2866 935 2984 992 huic
3021 938 3316 992 constituta
3343 941 3532 994 venire
3573 948 3753 994 tenta-

2161 1025 2312 1090 verit,
2345 1033 2402 1080 et
2429 1026 2698 1095 prohibita
2751 1027 2912 1083 fuerit
2931 1043 3095 1086 ausus
3123 1029 3444 1096 admittere,
3475 1046 3508 1086 a
3545 1047 3646 1087 suo
3687 1045 3753 1087 se

2162 1119 2375 1173 noverit
2398 1119 2574 1175 ol‘licio
2603 1119 3050 1185 submovendum,
3089 1137 3190 1178 nec
3209 1123 3604 1180 communionis
3645 1141 3751 1180 no-

2158 1218 2282 1265 strui
2311 1208 2544 1266 futurum
2575 1227 2693 1268 esse
2716 1225 3049 1283 consortem,
3075 1215 3167 1285 qui
3215 1216 3395 1271 socius
3423 1232 3544 1272 esse
3574 1216 3751 1272 uoluit

2158 1302 2473 1372 disciplinm.
2507 1304 2582 1359 Ne
2628 1305 2756 1374 quid
2791 1322 2917 1362 vero
2947 1308 3038 1371 sit,
3085 1306 3229 1376 quod
3270 1310 3683 1378 praetermissum
3715 1325 3749 1364 ιι

2159 1395 2314 1451 nobis
2339 1394 2477 1450 forte
2506 1397 2970 1458 credatur-,omnia
3003 1400 3295 1456 decretalis
3324 1403 3619 1458 constituta
3642 1411 3750 1457 tam

2158 1487 2331 1544 beatae
2371 1489 2762 1545 recordationis
2811 1489 3131 1556 Innocentii,
3163 1509 3322 1563 quam
3377 1495 3615 1549 omnium
3654 1495 3752 1551 de-

2159 1595 2436 1636 cessurum
2459 1590 2789 1646 nostrorum,
2811 1597 2930 1652 qua:
2950 1585 3018 1639 de
3039 1585 3420 1642 ecclesiasticis
3447 1587 3750 1654 ordinibus,

2159 1679 2214 1724 et
2241 1685 2509 1726 canonum
2541 1676 2877 1742 promulgata
2907 1683 3033 1730 sunt
3067 1674 3386 1748 disciplinis,
3415 1677 3490 1734 ita
3520 1694 3552 1733 a
3576 1688 3753 1734 vestra

462 1774 768 1837 sociandus,
813 1781 869 1827 et
908 1773 1170 1842 Apostolo
1216 1785 1313 1824 nos
1344 1769 1597 1835 dm'cnle,
1621 1777 1676 1824 et
1705 1767 1883 1822 divina
1916 1782 2052 1838 prte-
2079 1769 2126 1832 Β
2156 1758 2448 1820 dilectione
2475 1763 2735 1819 custodiri
2759 1763 2958 1821 debere
2987 1767 3322 1837 mandamus,
3364 1777 3426 1824 ut
3461 1768 3508 1824 si
3547 1771 3668 1840 quis
3695 1769 3753 1826 in

461 1864 718 1933 ceptione
745 1861 1044 1928 didicimus,
1092 1870 1150 1916 et
1191 1875 1463 1915 canonum
1509 1858 1730 1927 regulis,
1777 1872 1809 1912 a
1855 1858 2052 1927 quibus

462 1957 748 2026 plerosque
777 1955 998 2008 fratrum
1027 1951 1326 2007 declinasse
1371 1960 1428 2006 ct
1457 1951 1672 2020 penitus
1697 1949 1944 2004 deviasse
1965 1963 2052 2003 re-

462 2052 720 2120 perimus.
751 2046 882 2101 Nam
913 2052 1130 2100 constat.
1154 2043 1222 2098 ad
1243 2041 1606 2098 sacerdotium
1637 2042 1945 2110 pervenisse
1972 2039 2052 2094 vi-

460 2139 688 2194 duarum
715 2136 956 2203 maritos,
997 2133 1260 2204 quosdam
1292 2135 1453 2188 etiam
1485 2133 1679 2201 quibus
1709 2130 1909 2186 iuerint
1948 2145 2052 2186 nu-

460 2243 674 2284 merosa
704 2227 973 2295 coniugia,
1007 2233 1064 2281 et
1099 2225 1168 2278 ad
1213 2239 1429 2284 omnem
1471 2223 1740 2278 licentiam
1766 2223 1873 2276 vita
1919 2221 2053 2276 libe-

459 2321 593 2386 rior,
627 2318 696 2374 ad
722 2334 935 2374 s.:crum
987 2316 1230 2371 ordinem
1281 2315 1479 2385 passim
1507 2314 1791 2385 patefactis
1819 2314 2052 2370 aditibus

459 2410 624 2466 fuisse
654 2409 964 2478 permissos,
995 2417 1184 2462 contra
1219 2407 1361 2460 illam
1392 2406 1534 2461 beati
1569 2405 1816 2475 Apostoli
1835 2419 2048 2472 vocem,

455 2517 567 2571 qua
612 2502 805 2556 talibus
849 2501 1138 2566 exclamat,
1181 2499 1405 2554 dicens:
1436 2497 1602 2554 Unius
1645 2498 1827 2554 uxoris
1854 2499 2048 2563 virum,

459 2602 517 2650 ct
543 2603 729 2649 contra
754 2592 883 2648 illud
910 2592 1144 2661 antiqure
1176 2590 1306 2660 legis
1329 2599 1680 2660 prreceptum,
1715 2604 1826 2658 quo
1857 2589 2053 2645 dicitur

457 2692 514 2740 et
539 2692 792 2740 cavetur:
826 2682 1095 2739 Sacerdos
1117 2683 1376 2752 virginem
1406 2699 1628 2739 uxorem
1659 2684 1912 2754 accipiat,
1941 2699 2050 2740 non

457 2775 692 2840 viduam,
740 2789 849 2830 non
875 2773 1213 2842 repudiatam
1244 2775 1260 2839 (
1293 2772 1313 2826 Ι
1347 2772 1534 2827 Timet.
1567 2788 1652 2836 ut;
1685 2770 1848 2827 Levit.
1895 2789 1985 2828 nt
2007 2773 2049 2844 ).

459 2861 570 2920 llos
595 2879 748 2932 ergo,
777 2864 1088 2932 quicunque
1117 2862 1251 2916 tales
1275 2862 1491 2918 admissi
1521 2870 1664 2924 sunt,
1697 2861 1766 2918 ab
1794 2861 2052 2917 ecclesia-

457 2957 608 3014 sticis
635 2955 830 3012 ofﬁciis
858 2964 916 3009 et
935 2953 1257 3010 sacerdotali
1305 2955 1542 3016 ttmninc,
1575 2954 1888 3022 apostolica:
1909 2953 2052 3009 sedis

460 3049 805 3113 auctoritate,
831 3045 1084 3116 jubemus
1130 3046 1325 3100 arceri.
1359 3044 1466 3099 Nec
1517 3046 1618 3099 hoc
1647 3047 1790 3100 enim
1819 3045 1917 3100 sibi
1961 3062 2053 3116 po-

2156 1853 2244 1909 illa
2275 1856 2626 1922 commiserit,
2663 1857 2868 1913 veniam
2908 1859 3008 1914 sibi
3038 1860 3293 1930 deinceps
3323 1862 3537 1917 noverit
3581 1862 3752 1917 dene-

2153 1946 2286 2015 gari.
2320 1947 2453 2003 Data
2479 1965 2528 2003 vi
2554 1949 2630 2004 ld.
2659 1949 2928 2016 Uctobris,
2949 1950 3181 2009 Maximo
3203 1953 3397 2009 iterum
3429 1963 3486 2010 et
3510 1953 3750 2022 Paterno

2155 2055 2334 2096 conss.
2371 2040 2502 2116 (Au.
2537 2036 2731 2096 Christi
2760 2040 2928 2113 445).

2228 2127 2338 2186 Leo
2371 2128 2657 2202 cpiscopus
2685 2132 2949 2190 universis
2993 2133 3266 2206 episcopis
3301 2149 3400 2206 per
3424 2134 3591 2194 Italia:
3617 2151 3752 2208 pro-

2153 2223 2359 2280 vincias
2379 2227 2692 2282 constitutis
2721 2228 2774 2282 in
2801 2227 3026 2283 Domino
3056 2228 3306 2284 salutem.

2225 2313 2281 2369 In
2331 2317 2666 2371 consortium
2706 2332 2805 2372 vos
2847 2327 3046 2372 nostra:
3091 2319 3468 2376 sollicitudinis
3509 2320 3752 2376 advoca-

2153 2419 2294 2470 mus,
2328 2413 2385 2460 ut
2413 2406 2686 2473 vigilantia
2720 2408 2997 2476 pastorali,
3019 2423 3092 2462 ne
3119 2406 3248 2478 quid
3275 2409 3556 2466 diabolica:
3586 2411 3752 2467 licere

2154 2497 2318 2567 possit
2347 2499 2588 2563 astutiie,
2620 2499 2924 2556 commissis
2947 2500 3097 2555 vobis
3143 2502 3394 2570 gregibus
3439 2501 3749 2571 diligentius

2152 2589 2557 2644 consulatiszne
2585 2590 2628 2642 is
2648 2589 2761 2658 qui,
2796 2589 3004 2644 Dotnini
3037 2591 3404 2646 misericordia
3436 2593 3742 2661 revelante,

2153 2696 2251 2752 per
2280 2689 2516 2735 nostram
2539 2697 2723 2736 curam
2753 2696 2784 2734 a
2812 2682 3010 2738 nostris
3031 2681 3222 2738 ovibus
3244 2683 3747 2753 morbusabjicitur,

2155 2771 2385 2827 necdum
2436 2771 2588 2828 vobis
2663 2773 2995 2842 praimonitis
3045 2782 3101 2828 et
3147 2774 3324 2830 adhuc
3375 2775 3504 2846 quid
3558 2784 3751 2844 agatur

2153 2865 2374 2934 ignaris,
2410 2881 2505 2934 per
2528 2875 2720 2922 vestra:
2748 2865 2889 2921 sedis
2913 2875 3101 2937 pergat
3123 2865 3412 2936 Ecclesias,
3442 2875 3497 2924 et
3526 2883 3746 2925 suarum

2149 2953 2334 3009 furtim
2369 2954 2646 3010 cuniculos
2678 2954 2918 3010 inveniat
2943 2956 3292 3021 latebrarum,
3327 2973 3394 3014 ne
3424 2957 3572 3028 quod
3592 2973 3623 3012 a
3654 2974 3748 3014 no-

2152 3045 2234 3101 bis
2259 3047 2311 3102 in
2345 3049 2475 3103 urbe
2503 3049 2891 3118 exstinguitur,
2915 3049 3217 3106 tenebrosis
3244 3049 3387 3122 apud
3414 3065 3515 3107 vos
3543 3052 3745 3106 radici-

459 3146 642 3193 terunt
671 3137 943 3191 vindicare
965 3177 981 3203 ,
1032 3134 1187 3205 cujus
1236 3149 1467 3204 capaces
1515 3151 1610 3205 per
1640 3137 1742 3190 hoc
1772 3139 1914 3205 quod
1947 3137 2050 3193 illis
2077 3156 2120 3214 ρ
2155 3137 2255 3194 bus
2282 3141 2599 3195 seminatur.

457 3228 772 3294 obsisterat,
819 3241 927 3282 non
974 3226 1208 3280 fuerunt.
1259 3224 1430 3294 Hujus
1467 3227 1816 3282 discussionis
1863 3242 2047 3281 curam

459 3318 616 3373 nobis
658 3315 968 3387 specialiter
993 3315 1350 3383 vindicantes,
1382 3323 1440 3369 ut
1483 3317 1527 3371 si
1563 3331 1667 3385 qua
1709 3316 1934 3372 forsitan
1980 3317 2049 3372 de

456 3406 544 3464 his
587 3407 872 3462 commissa
921 3415 1066 3471 sunt,
1121 3408 1475 3475 corrigantur,
1526 3422 1628 3462 nec
1693 3408 1850 3462 liceat
1910 3410 2046 3463 ultra

459 3497 745 3550 committi.
773 3494 844 3549 Et
867 3511 936 3550 ne
957 3510 1062 3565 qua
1092 3497 1371 3551 excusatio
1391 3496 1460 3551 de
1488 3497 1825 3566 ignoratione
1853 3514 2046 3553 nasca-

459 3599 549 3644 tur
577 3605 591 3641 :
623 3603 931 3658 quanquam
962 3588 1213 3658 ignorare
1253 3603 1524 3657 nunquam
1556 3590 1767 3645 licuerit
1795 3593 2050 3646 sacerdo-

459 3692 568 3735 tem
591 3681 716 3748 quid
739 3696 1007 3736 canonum
1039 3680 1237 3748 regulis
1262 3681 1422 3736 fuerit
1444 3681 1742 3736 deﬁnitum.
1777 3680 1904 3738 Haec
1919 3697 2049 3752 ergo

457 3774 524 3827 ad
555 3774 862 3845 provincias
891 3785 1099 3828 vestras
1129 3789 1228 3844 per
1280 3777 1651 3830 Innocentium
1670 3818 1684 3841 ,
1729 3761 2049 3845 Legitimum

458 3871 515 3918 et
561 3863 835 3932 Segetium
882 3864 1077 3920 fratres
1118 3876 1174 3920 et
1220 3868 1574 3937 eoepiscopos
1602 3876 1820 3923 nostros
1848 3871 2050 3939 scripta

456 3957 752 4012 direximus
781 3975 796 4010 :
824 3963 884 4010 ut
909 3971 1030 4026 quae
1060 3957 1200 4012 male
1230 3959 1522 4026 pullulasse
1551 3970 1868 4025 noscuntur,
1903 3963 2048 4018 radi-

459 4048 599 4103 citus
628 4049 946 4114 evellantur,
977 4057 1033 4103 et
1063 4063 1292 4104 messem
1323 4051 1647 4105 dominicam
1679 4053 1882 4108 zizania
1906 4055 2048 4109 nulla

457 4148 824 4209 corrumpant.
849 4138 928 4194 [ta
951 4140 1093 4195 enim
1117 4140 1349 4195 fructum
1375 4141 1613 4209 uberem,
1644 4159 1763 4213 ane
1789 4156 1913 4200 sunt
1939 4148 2051 4202 sin-

460 4248 606 4298 cera,
634 4233 984 4302 priestabunt,
1042 4233 1088 4288 si
1117 4247 1202 4299 ea,
1254 4250 1373 4304 qua:
1421 4243 1600 4289 natam
1631 4245 1868 4304 segetem
1918 4253 2050 4295 ene-

462 4337 588 4379 care
615 4332 1034 4394 consucvcrunt,
1059 4324 1370 4395 diligentius
1392 4337 1756 4398 amputentur.

465 4433 617 4502 Quod
649 4454 862 4492 usuram
902 4456 1007 4512 non
1035 4439 1409 4512 solumAclerici
1447 4442 1654 4512 exigere
1699 4459 1802 4498 non
1843 4442 2043 4511 debent,

908 4511 1000 4564 sed
1028 4527 1120 4563 uec
1149 4510 1268 4564 laici
1299 4510 1600 4565 Christiani.

539 4596 626 4652 lll.
667 4596 777 4654 Nec
805 4599 910 4655 hoc
937 4615 1152 4669 quoque
1182 4602 1608 4670 prietcreundum
1640 4616 1758 4657 esse
1779 4602 2049 4670 duximus,

463 4689 744 4761 quosdam,
777 4689 909 4744 lucri
945 4689 1115 4759 turpis
1155 4689 1450 4760 cupiditate
1490 4699 1698 4760 captos,
1750 4693 2046 4748 usurariam

462 4795 720 4838 exercere
745 4781 1053 4851 pecuniam,
1087 4788 1144 4836 et
1184 4782 1372 4837 fenore
1397 4781 1535 4836 velle
1564 4783 1852 4849 ditescere,
1904 4784 2048 4854 quod

464 4890 571 4929 non
601 4873 775 4927 dicam
799 4872 853 4925 in
883 4885 981 4927 eos
1027 4871 1117 4940 qui
1150 4879 1277 4926 sunt
1301 4871 1353 4926 in
1383 4871 1618 4926 clericali
1647 4870 1826 4926 officio
1849 4875 2052 4928 consti-

463 4965 587 5032 tuti,
609 4963 702 5019 sed
732 4965 786 5018 in
817 4963 984 5020 laicos
1012 4961 1228 5032 cadere,
1259 4962 1349 5032 qui
1377 4961 1716 5018 Christianos
1737 4978 1795 5018 se
1819 4963 1922 5019 dici
1952 4981 2049 5019 cu-

462 5057 639 5125 piunt,
669 5055 1047 5118 condolemus,
1081 5053 1225 5124 quod
1255 5053 1512 5109 vindicari
1545 5055 1722 5110 acrius
1754 5056 1806 5110 in
1837 5071 1932 5111 eos
1959 5056 2052 5124 qui

464 5145 664 5202 fuerint
717 5146 977 5203 eonfutati
1023 5144 1362 5202 decernimus
1389 5183 1405 5209 ,
1461 5152 1520 5199 ut
1568 5146 1742 5200 omnis
1794 5146 2051 5216 peccandi

465 5239 842 5308 opportunitas
869 5235 1157 5294 adimatur.

472 5349 540 5403 Ut
569 5351 780 5406 clericus
804 5368 896 5405 nec
925 5368 1039 5420 suo,
1072 5366 1163 5404 nec
1193 5349 1362 5404 aliene
1389 5349 1595 5403 nomine
1621 5350 1766 5417 fenus
1795 5358 2050 5404 exerceat.

539 5440 628 5494 ιν.
670 5441 802 5498 illud
830 5443 990 5500 etiam
1031 5443 1280 5498 duximus
1319 5442 1788 5511 prmmonendum,
1832 5450 1888 5494 ut
1913 5441 2052 5494 sicut

468 5545 577 5586 non
607 5549 721 5600 suo,
766 5534 838 5587 ita
868 5551 974 5590 non
1015 5535 1191 5589 alieno
1233 5535 1448 5588 nomine
1495 5533 1686 5602 aliquis
1732 5533 2048 5588 clericorum

469 5637 726 5681 exercere
769 5625 922 5681 fenus
962 5634 1194 5682 attentet
1226 5645 1237 5679 :
1267 5627 1520 5683 indecens
1551 5628 1692 5680 enim
1734 5635 1816 5681 est
1845 5626 2049 5680 crimen

471 5732 624 5773 suum
655 5717 948 5774 commodis
977 5717 1165 5773 alienis
1190 5718 1518 5787 impendere.
1543 5717 1721 5772 Fencs
1745 5725 1920 5770 autem
1949 5716 2050 5770 hoc

471 5808 648 5866 solum
682 5809 937 5880 aspicere
976 5815 1034 5864 et
1081 5822 1338 5864 exercere
1386 5808 1663 5873 debemus,
1693 5815 1752 5862 ut
1778 5806 1923 5874 quod
1962 5805 2050 5861 hic

2155 3249 2307 3315 Quod
2361 3251 2573 3322 plurimi
2613 3251 2902 3326 Manichwi
2941 3255 3211 3325 vigilantia
3257 3272 3409 3326 papa
3445 3253 3637 3312 Leonis
3687 3257 3746 3313 in

2603 3323 2727 3378 urbe
2752 3323 2920 3378 Roma
2947 3323 3134 3380 detecti
3161 3323 3288 3380 sint.

2227 3413 2310 3468 Vl.
2353 3413 2621 3470 Plurimos
2673 3416 2964 3486 impietatis
3012 3416 3319 3472 Maniebieze
3360 3433 3620 3488 sequaces
3683 3426 3744 3475 et

2151 3505 2401 3560 doctores
2425 3523 2476 3560 ιιι
2496 3507 2627 3562 urbe
2650 3507 2990 3575 investigatio
3015 3515 3196 3560 nostra
3221 3507 3441 3576 reperit,
3471 3506 3746 3574 vigilantia

2151 3595 2466 3664 divulgat-it,
2520 3595 2816 3650 auctoritas
2843 3605 2900 3650 et
2927 3610 3155 3650 censura
3183 3595 3445 3650 coercuit.
3475 3594 3622 3661 Quos
3648 3612 3748 3666 po-

2153 3687 2350 3741 tuimus
2381 3689 2669 3742 emendare
2698 3689 3034 3744 correximus
3067 3708 3079 3742 :
3113 3698 3170 3744 et
3199 3696 3258 3745 ut
3285 3689 3602 3745 damnarent
3632 3689 3747 3745 Ma-

2153 3780 2415 3836 niclueum
2475 3796 2598 3834 rum
2643 3779 3112 3848 predicationibus
3155 3787 3211 3834 et
3249 3780 3544 3850 disciplinis
3592 3781 3744 3848 suis,

2151 3871 2364 3942 publica
2422 3871 2476 3926 in
2509 3870 2750 3926 Ecclesia
2788 3871 3125 3941 professione
3155 3878 3213 3926 et
3235 3886 3425 3926 manus
3462 3886 3575 3927 suae
3614 3872 3747 3926 sub-

2149 3965 2444 4034 scriptione
2465 3965 2857 4033 compulimus,
2881 3974 2938 4019 et
2967 3965 3038 4018 ita
3069 3963 3137 4018 de
3167 3966 3424 4032 voragine
3449 3965 3746 4034 impietatis

2150 4070 2261 4109 sum
2289 4057 2566 4108 mulessxis
2619 4055 2990 4124 pwnltentiatn
3031 4053 3380 4110 concedendo
3422 4055 3741 4112 levavimus.

2153 4147 2423 4217 Aliqnumi
2457 4162 2608 4214 vt-ro,
2646 4146 2737 4214 qui
2791 4147 2864 4200 ita
2892 4157 2951 4200 se
2999 4145 3404 4213 demerserunt,
3449 4155 3510 4201 ut
3537 4146 3742 4201 nullum

2151 4237 2236 4292 his
2283 4237 2591 4292 auxiliantis
2634 4246 2820 4306 posset
2848 4237 3145 4291 remedium
3186 4237 3498 4305 subvenire,
3541 4237 3746 4293 subditi

2150 4329 2358 4400 legibus
2399 4329 2694 4386 secundum
2720 4327 3152 4385 Christianorum
3203 4329 3507 4400 principum
3541 4331 3746 4384 consti-

2152 4428 2288 4485 tuta,
2315 4435 2384 4476 ne
2410 4432 2654 4476 sanctum
2683 4434 2901 4491 gregem
2931 4434 3027 4475 sua
3058 4420 3382 4489 contagione
3417 4420 3742 4490 polluerent,

2085 4531 2129 4588 υ
2154 4530 2254 4585 per
2273 4514 2518 4585 publicos
2555 4513 2768 4582 jndices
2806 4522 3071 4585 perpetuo
3099 4522 3226 4567 sunt
3258 4511 3450 4567 exsilio
3497 4511 3738 4579 relegati.

2156 4603 2222 4658 Et
2250 4605 2450 4669 omnia,
2499 4619 2619 4673 qua.-
2651 4613 2756 4658 tam
2789 4605 2842 4659 in
2872 4604 3167 4676 Scripturis
3210 4619 3371 4675 quan
3417 4603 3471 4657 in
3518 4603 3745 4659 occultis

2156 4695 2538 4751 traditionibus
2584 4696 2695 4750 suis
2738 4695 2938 4750 habent
2983 4693 3209 4766 profana
3239 4694 3348 4764 ,vel
3415 4694 3633 4764 turpia,
3685 4701 3745 4748 ut

2122 4795 2344 4842 ‘nosset
2385 4787 2614 4856 populus
2659 4786 2787 4856 quid
2836 4786 3108 4856 refugeret
3165 4793 3258 4840 aut
3298 4786 3513 4852 vitaret,
3565 4782 3742 4840 oculis

2155 4875 2473 4932 Christianam
2502 4876 2672 4947 plebis
2723 4885 2871 4931 certa
2902 4874 3336 4931 manifestatione
3375 4875 3740 4946 probavimus,

2155 4969 2291 5026 adeo
2343 4980 2401 5025 ut
2433 4971 2572 5042 ipse,
2603 4970 2694 5038 qui
2717 4985 2905 5024 eorum
2933 4968 3216 5024 dicebatur
3243 4969 3556 5039 episc0pus,
3584 4985 3613 5023 a
3645 4986 3746 5025 no-

2155 5063 2239 5119 bis
2268 5070 2449 5118 tentus
2478 5061 2732 5133 proderet
2760 5060 3025 5130 ﬂagitiosa
3063 5061 3117 5116 in
3161 5061 3272 5117 suis
3316 5061 3586 5133 mysticis;
3623 5075 3744 5134 qua:

2159 5163 2390 5222 teneret,
2419 5155 2561 5210 sicut
2587 5159 2862 5221 gestorum
2892 5168 2992 5208 vos
3029 5153 3197 5208 series
3221 5152 3418 5224 poterit
3459 5151 3692 5207 educere
3726 5171 3740 5204 :

2157 5247 2220 5302 ad
2252 5246 2662 5303 instructionem
2711 5245 2853 5300 enim
2890 5254 3124 5299 vestram
3173 5245 3338 5300 etiam
3387 5245 3502 5315 ipsa
3543 5244 3748 5299 direxi-

2157 5353 2296 5402 mus,
2328 5339 2520 5407 quibus
2548 5336 2722 5405 lectis,
2757 5336 2938 5391 omnia
2983 5351 3103 5406 qua:
3147 5352 3177 5390 a
3220 5336 3376 5391 nobis
3408 5337 3742 5407 deprehensa

2156 5439 2296 5492 sunt,
2332 5445 2492 5483 nosse
2520 5428 2784 5497 poteritis.
2811 5425 2876 5480 Et.
2896 5427 3021 5498 quia
3047 5427 3352 5497 aliquantos
3379 5427 3446 5483 de
3476 5428 3559 5482 his
3579 5443 3738 5497 quos,

2160 5537 2227 5574 ne
2252 5521 2674 5581 absolverentur,
2705 5520 2906 5574 arctior
2933 5528 3115 5574 reatus
3143 5519 3465 5589 involverat,
3489 5523 3744 5590 cognovi-

2160 5631 2279 5669 mus
2303 5616 2588 5683 autugisse,
2643 5615 2782 5668 hanc
2804 5612 2872 5668 ad
2900 5613 3246 5669 dilectionem
3276 5623 3511 5670 vestram
3541 5617 3749 5688 episto-

2160 5709 2264 5762 lam
2293 5709 2552 5771 misimus,
2582 5715 2642 5760 ut
2668 5706 2862 5761 ell'ecta
2903 5706 3108 5761 certior
3135 5707 3395 5762 sanctitas
3421 5716 3601 5763 vestra
3631 5710 3745 5763 sol-

2155 5803 2354 5862 licitius
2379 5819 2538 5874 agere
2567 5805 2835 5876 dignetur,
2858 5811 2914 5858 et
2939 5804 3166 5870 cautius,
3205 5802 3398 5859 necubi
3431 5801 3743 5858 Manu-bam
