4104 6486
405 306 503 367 981

403 427 775 496 perversitatis
819 431 1067 490 homines
1112 438 1299 507 plebes
1335 454 1547 501 vestras
1596 448 1851 507 facultate
1894 454 1987 509 lte-

402 518 581 584 dcndi,
614 528 672 574 et
706 521 863 590 hujus
893 528 1158 597 sacrilegii
1192 535 1401 600 possint
1427 537 1669 594 invenire
1713 542 1985 600 doctores.

402 609 571 665 Aliter
599 614 743 668 enim
775 616 930 670 nobis
957 623 1276 678 commissos
1312 641 1501 695 regere
1529 646 1633 685 non
1684 650 1985 703 possumus,

400 702 498 756 nisi
532 704 650 768 hos,
701 707 791 775 qui
840 719 964 763 sunt
1016 714 1320 781 perditores
1357 728 1414 773 ct
1453 722 1666 789 perditi,
1694 726 1810 779 zelo
1867 702 1985 783 ﬁdei

398 790 680 849 drnninicac
711 812 1120 868 persequamur,
1148 810 1203 857 et
1232 819 1259 857 a
1285 809 1429 863 sanis
1454 813 1741 877 mentibus,
1778 832 1845 871 ne
1894 835 1987 887 pe-

395 881 494 934 stis
517 883 630 936 lucc
663 884 821 939 latius
849 887 1172 960 divulgetur,
1198 896 1509 964 severitate,
1543 917 1646 968 qua
1678 920 1980 970 p03sumus,

394 979 794 1037 abscindamus.
840 982 991 1041 Unde
1027 988 1217 1042 hortor
1262 992 1608 1051 dilectionem
1640 1010 1898 1066 vestram,
1930 1013 1986 1058 et

391 1070 655 1137 obtestor,
688 1083 745 1128 et
769 1092 983 1140 immeo,
1019 1086 1077 1131 ut
1120 1095 1224 1148 qua
1271 1082 1481 1139 debetis
1519 1097 1573 1141 et
1618 1091 1842 1159 potestis
1870 1094 1981 1148 sol-

390 1160 671 1218 licitudine
704 1165 932 1232 vigiletis
970 1168 1036 1222 ad
1068 1170 1470 1242 investigandos
1500 1193 1613 1242 eos,
1662 1192 1856 1237 necubi
1890 1201 1981 1237 oc-

387 1251 623 1306 caltandi
656 1269 713 1309 se
743 1258 1018 1325 reperiant
1048 1259 1375 1317 facultatem.
1412 1265 1479 1321 Ut
1516 1272 1658 1324 enim
1685 1273 1901 1328 habebit
1948 1290 1979 1329 a

387 1341 501 1398 Deo
532 1343 705 1413 dignm
732 1351 1181 1405 remunerationis
1210 1357 1505 1422 prmmium,
1534 1362 1623 1427 qui
1647 1364 1974 1431 diligentius,

386 1435 530 1503 quod
578 1437 646 1490 ad
695 1438 923 1493 salutem
980 1444 1285 1499 commissa;
1333 1449 1433 1502 sibi
1485 1452 1654 1518 plebis
1709 1455 1973 1524 proﬁciat,

385 1523 544 1578 fuerit
572 1537 863 1584 exsecutus
890 1549 902 1583 :
935 1531 1008 1586 ita
1042 1544 1167 1588 ante
1201 1538 1430 1594 tribunal
1474 1542 1682 1600 Domini
1725 1549 1793 1602 de
1822 1559 1973 1605 reatu

384 1616 728 1687 negligentiae
754 1636 815 1675 se
842 1640 949 1678 non
981 1629 1181 1695 poterit
1211 1646 1492 1699 excusare,
1523 1638 1831 1709 quicunque
1860 1643 1976 1712 ple-

381 1713 503 1763 bem
555 1725 705 1764 suam
747 1724 935 1769 contra
982 1720 1260 1788 sacrilega:
1311 1726 1673 1790 persuasionis
1722 1743 1972 1787 auctores

1436 328 1816 391 COLI.ECTIO
1855 335 2321 402 DECRETOllUM
2362 345 2463 406 PP.
2507 351 2622 412 RR.
2706 417 2712 424 ,

3588 372 3698 427 282

2028 463 2071 519 Α
2100 458 2267 542 Quod-
2292 473 2476 551 €10!ch
2518 468 2665 551 nobis
2706 487 2798 539 per
2826 474 3071 551 ordinem
3108 493 3279 534 rerum
3315 498 3406 551 per
3443 485 3693 541 incarna-

2170 532 2358 613 tionem
2413 536 2619 592 Domini
2670 532 2836 596 nostri
2884 549 3068 600 salutis
3115 532 3444 608 sacramenta
3492 556 3689 627 digesta

2162 610 2289 655 sint.

2167 711 2297 768 Vlll.
2339 716 2567 788 Semper
2584 722 2803 788 quidem
2834 725 2885 778 in
2915 735 3123 782 aeterno
3151 732 3377 788 consilio
3408 734 3501 790 Dei
3531 753 3689 793 man-

2091 802 2162 857 sit
2190 804 2408 860 humani
2432 811 2647 875 generis
2676 812 3189 874 incommutabiliter
3213 824 3574 891 pmordinata
3601 844 3689 883 re-

2092 896 2325 963 paratio,
2355 896 2449 951 sed
2480 899 2614 953 ordo
2649 916 2826 956 rermn
2871 920 2966 973 per
2991 905 3174 963 Jesum
3202 909 3475 967 Christum
3505 915 3689 972 Domi-

2090 999 2220 1040 num
2250 996 2494 1042 nostrum
2541 994 2912 1062 temporalitcr
2955 999 3312 1064 gerendarum
3343 1003 3395 1057 in
3437 1004 3685 1061 incarna-

2087 1075 2235 1130 tione
2277 1077 2438 1133 Verbi
2468 1083 2697 1152 sumpsit
2741 1087 3043 1151 exordium,
3094 1091 3235 1146 unde
3281 1094 3423 1149 aliud
3472 1106 3684 1169 tempus

2085 1176 2184 1231 est,
2225 1183 2334 1235 quo
2362 1174 2714 1228 annuntiante
2748 1175 2951 1243 Angelo
2980 1178 3138 1235 beata
3172 1182 3329 1251 \‘irgo
3378 1184 3542 1241 Maria
3602 1188 3684 1244 fe-

2082 1259 2418 1314 cundandam
2441 1277 2500 1317 se
2527 1279 2623 1331 per
2648 1262 2903 1334 Spiritum
2930 1279 3171 1323 sanctum
3226 1275 3452 1330 credidit
3472 1288 3524 1332 et
3544 1294 3679 1336 con-

2082 1349 2227 1416 cepit
2252 1366 2265 1402 :
2297 1351 2463 1417 aliud,
2485 1368 2594 1420 quo
2624 1354 2770 1407 salva
2803 1356 3111 1426 integritate
3137 1361 3376 1431 virginea
3406 1380 3538 1434 puer
3563 1370 3681 1425 edi-

2082 1448 2168 1495 tus
2197 1444 2471 1501 exultante
2515 1450 2711 1516 gaudio
2752 1455 3055 1510 cmlestium
3099 1459 3467 1517 ministrorum
3496 1474 3680 1534 pasto—

2079 1530 2227 1585 ribus
2245 1532 2539 1591 indicatur:
2559 1540 2727 1609 aliud,
2743 1558 2850 1611 quo
2873 1544 3047 1601 infans
3067 1549 3463 1607 circumciditur
3479 1530 3672 1623 :—aliud,

2077 1633 2187 1688 quo
2232 1623 2409 1680 hostia
2458 1643 2557 1697 pro
2594 1645 2660 1685 eo
2684 1633 2870 1702 legalis
2912 1634 3176 1693 oll'ertur:
3209 1641 3374 1707 aliud,
3411 1658 3532 1699 cutu
3564 1655 3676 1702 tres

2078 1708 2217 1780 Magi
2260 1715 2504 1772 claritate
2543 1721 2668 1774 novi
2715 1723 2908 1779 sideris
2950 1725 3157 1781 incitati
3195 1728 3247 1782 in
3290 1730 3566 1789 Bethleem
3604 1736 3673 1791 ab

380 1797 613 1854 noluerit
664 1804 957 1859 custodire.
1006 1806 1139 1863 Data
1193 1827 1247 1865 ιιι
1307 1815 1411 1867 cal.
1473 1816 1626 1883 Feb.,
1661 1818 1959 1879 Thcodosic

2076 1798 2299 1859 Oriente
2348 1809 2685 1875 perveniunt,
2732 1822 2791 1868 ct
2829 1815 3057 1870 adorant
3097 1821 3398 1888 parvulum,
3447 1826 3672 1895 mystica

379 1903 504 1945 mn
534 1900 590 1946 et
615 1891 811 1949 Albino
841 1913 926 1951 vv.
962 1914 1044 1954 cc.
1088 1915 1264 1958 conss.
1300 1904 1421 1976 (Au.
1454 1906 1644 1965 Christi
1675 1911 1826 1983 444.)

452 1981 560 2037 Leo
609 1986 896 2056 episcopus
947 1991 1210 2050 universis
1251 1998 1522 2069 episcopis
1585 2019 1681 2072 per
1732 2003 1969 2063 Siciliam

376 2074 677 2130 constitutis
700 2076 751 2130 in
782 2076 1010 2135 Domino
1040 2083 1362 2140 salutem.—-
1381 2089 1581 2147 Divinis
1606 2099 1888 2165 prteceptis
1912 2108 1969 2155 et

374 2166 687 2234 apostolicis
717 2172 937 2227 monitis
968 2175 1276 2249 incitamur,
1310 2190 1368 2236 ut
1394 2198 1492 2252 pro
1520 2188 1762 2244 omnium
1785 2188 1968 2247 Eccle-

373 2258 569 2313 siarum
620 2272 765 2316 statu
811 2264 1037 2335 impigro
1082 2269 1362 2339 vigilemus
1408 2275 1633 2341 affectu,
1678 2296 1742 2336 ac
1763 2283 1806 2336 si
1837 2285 1965 2353 quid

372 2366 596 2420 usquam
627 2357 1033 2426 reprehensioni
1058 2362 1329 2419 invenitur
1356 2367 1668 2437 obnoxium,
1696 2374 1827 2429 clcri
1856 2378 1968 2431 sol-

371 2441 649 2501 licitudine
697 2456 790 2502 aut
837 2450 904 2504 ab
951 2451 1265 2519 ignorantiae
1309 2458 1593 2528 imperitia,
1625 2474 1718 2519 aut
1752 2481 1781 2519 ιι
1827 2482 1965 2537 pra:-

369 2534 693 2602 snmptionis
738 2542 1090 2606 usurpatione
1134 2559 1471 2603 revocemus.
1524 2550 1772 2609 lllanente
1820 2559 1960 2611 enim

367 2620 653 2679 dominicae
684 2630 832 2681 vocis
862 2628 1088 2698 imperio
1108 2671 1124 2694 ,
1174 2649 1282 2702 quo
1312 2637 1654 2695 beatissimus
1683 2649 1962 2713 apostolus

367 2709 562 2768 Petrus
594 2716 731 2771 trina
771 2722 1095 2789 repetitione
1130 2728 1373 2796 mysziiae
1420 2747 1531 2784 sani
1557 2733 1717 2789 tionis
1762 2737 1960 2792 imbui-

366 2811 473 2868 tur,
518 2815 573 2862 et
613 2808 812 2866 Christi
858 2829 1028 2881 oves,
1077 2818 1170 2885 qui
1216 2818 1487 2876 Christum
1536 2827 1723 2895 diligit,
1774 2840 1960 2899 pascat

363 2895 546 2964 (Joan.
576 2905 688 2970 ut)
711 2950 726 2971 ,
793 2905 958 2975 ipsius
992 2908 1156 2975 sedis,
1225 2913 1309 2965 cui
1342 2929 1436 2983 per
1476 2916 1854 2976 abundantiam
1886 2922 1962 2978 di-

364 2987 504 3043 Vinze
543 2993 731 3059 gratiae
771 3009 1090 3064 prmsumus,
1133 3006 1436 3059 reverentia
1484 2990 1845 3076 coarctamur,
1904 3022 1960 3068 ut

273 3140 277 3143 _
361 3078 661 3144 periculum
694 3081 933 3149 desidim,
963 3096 1223 3155 quantum
1258 3107 1570 3160 possumus,
1602 3098 1954 3169 declinemus,

2074 1907 2356 1948 munerum
2382 1898 2655 1955 oblatione
2677 1915 3005 1960 venerantur
3027 1907 3243 1977 (Matth.
3272 1910 3353 1983 ιι).
3379 1912 3491 1969 Nec
3509 1915 3671 1972 iidem

2070 1993 2197 2037 sunt
2225 1986 2361 2052 dies,
2392 1989 2587 2057 quibus
2616 1991 2783 2062 impio
2812 1993 3035 2065 Herodi,
3059 2000 3307 2056 ordinata
3334 2003 3590 2064 divinitus
3613 2008 3669 2071 in

2070 2069 2366 2144 IEgyptum
2396 2081 2775 2150 translatione,
2803 2086 3109 2147 subtractus
3136 2100 3243 2160 est,
3271 2094 3354 2149 vel
3381 2097 3577 2165 quibus
3600 2100 3669 2155 ab

2069 2160 2310 2234 ἆξαι-ι)ιο
2338 2167 2395 2223 in
2420 2168 2718 2240 Galilaeam,
2747 2186 2962 2233 mortuo
2984 2191 3350 2251 persecutore,
3383 2160 3668 2249 revocatus

2068 2265 2171 2311 est.
2204 2259 2351 2315 inter
2379 2262 2478 2319 has
2506 2275 2686 2321 autem
2710 2267 3172 2339 dispensationum
3195 2276 3483 2335 varietates
3507 2295 3668 2339 acce-

2068 2350 2203 2406 dunt
2254 2366 2542 2423 augmenta
2592 2376 2886 2430 corporea,
2943 2368 3140 2422 crescit
3192 2368 3473 2438 Dominus,
3524 2374 3668 2430 sicut

2066 2437 2405 2511 Evangelista
2438 2456 2667 2504 testatur
2707 2450 2859 2520 (Luc.
2914 2453 2977 2526 ι),
3011 2457 3339 2524 profectibus
3374 2437 3553 2518 sitatis
3608 2471 3665 2519 et

2064 2536 2272 2601 gratim,
2300 2551 2395 2604 per
2413 2538 2530 2594 dies
2559 2539 2778 2597 Pascha:
2807 2544 2861 2598 in
2892 2547 3148 2616 templum
3178 2547 3508 2607 Hierusalem
3538 2568 3661 2609 cum

2069 2627 2387 2692 parentibus
2415 2630 2585 2693 venit,
2611 2640 2809 2688 etcum
2836 2634 3111 2706 abesseta
3139 2640 3402 2694 societate
3428 2641 3662 2698 redeun-

2067 2716 2225 2786 tium,
2248 2719 2441 2776 sedens
2461 2738 2585 2777 cum
2605 2724 2927 2794 senioribus,
2952 2737 3007 2783 et
3024 2728 3167 2786 inter
3190 2730 3521 2790 admirantes
3540 2750 3659 2797 ma:-

2063 2807 2263 2874 gistros
2293 2810 2574 2879 disputans
2605 2814 2895 2885 invenitur,
2937 2820 3313 2891 rationemque
3363 2826 3658 2882 mansionis

2060 2911 2174 2952 sum
2200 2899 2433 2958 reddens
2457 2921 2472 2955 :
2501 2902 2638 2970 Quid
2668 2914 2770 2972 est,
2804 2908 2993 2979 inquit,
3019 2916 3161 2980 quod
3190 2918 3512 2982 qumrebatis
3535 2921 3657 2975 me?

2061 2991 2386 3047 nesciebatis
2428 2997 2572 3064 quod
2594 2998 2646 3051 in
2678 2999 2779 3065 bis,
2804 3015 2923 3070 qua:
2949 3001 3121 3059 Patris
3144 3007 3250 3061 mei
3272 3018 3416 3073 sunt,
3442 3022 3657 3079 Oportet

2068 3097 2156 3137 me
2190 3098 2316 3137 esse
2354 3083 2505 3153 (Luc.
2542 3085 2992 3154 n}?signiticans
3017 3090 3139 3156 ejus
3185 3103 3246 3142 se
3287 3105 3410 3145 esse
3450 3090 3649 3157 illium,

360 3182 431 3221 ne
461 3172 725 3237 professio
752 3179 945 3232 sunnni
973 3179 1216 3248 Apostoli
1242 3223 1256 3244 ,
1287 3198 1392 3252 qua
1422 3199 1481 3239 se
1515 3198 1811 3245 amatorem
1848 3193 1952 3247 Do-

2066 3176 2226 3244 cnjus
2257 3187 2409 3233 esset
2445 3186 2502 3231 et
2533 3178 2817 3246 templum.
2850 3178 2967 3232 Jam
3006 3196 3154 3246 vero,
3211 3196 3337 3236 cum
3396 3187 3447 3237 in
3489 3186 3653 3240 annis

359 3259 490 3313 mini
517 3268 748 3318 testatus
776 3274 878 3331 est,
914 3283 1020 3323 non
1050 3270 1354 3326 inveniatur
1379 3274 1433 3328 in
1462 3277 1617 3332 nobis
1641 3318 1659 3342 ,
1696 3268 1953 3348 quia-ne-

356 3347 626 3417 gligenter
656 3369 884 3421 pascens
910 3359 1070 3414 toties
1115 3363 1550 3423 commendatum
1588 3347 1807 3440 gregem
1829 3390 1955 3430 con-

359 3438 593 3495 vincitur
617 3457 887 3502 summum
915 3464 1023 3506 non
1052 3465 1237 3508 amare
1263 3465 1561 3524 pastorem.

352 3612 508 3681 Quod
550 3622 884 3699 prohibeatur
929 3629 983 3682 in
1037 3629 1138 3754 (εἰςὁ
1166 3629 1588 3715 Epiri/laniarunt
1630 3642 1947 3714 baptismum

1000 3714 1055 3753 ce
1080 3720 1107 3753 ρ
1144 3720 1273 3754 ναι-ι.

1000 3714 1273 3757 celebrari.

428 3801 537 3858 Vll.
579 3805 714 3861 Cum
745 3824 876 3878 ergo
924 3813 1055 3867 mihi
1095 3814 1165 3870 de
1192 3817 1476 3876 cbaritatis
1506 3832 1696 3880 vestra:
1737 3829 1948 3885 actibus

348 3891 592 3951 fraterna
614 3896 905 3957 aifectione
932 3903 1164 3961 sollicito
1196 3909 1358 3963 certis
1388 3911 1600 3968 indiciis
1629 3915 1945 3986 innotuerit,

352 4001 455 4043 vos
476 3987 529 4044 in
557 4004 648 4058 co,
671 3993 816 4060 quod
840 3994 980 4050 inter
1003 4010 1345 4057 sacramenta
1367 4001 1627 4061 Ecclesiae
1655 4010 1949 4080 principale

350 4087 463 4143 est,
495 4081 562 4135 ab
588 4083 909 4150 apostolicae
935 4087 1288 4146 institutionis
1322 4098 1716 4154 consuetudine
1744 4100 1948 4158 discre-

344 4183 506 4239 pare.
563 4171 635 4226 ita
677 4182 737 4228 ut
784 4175 1030 4246 baptismi
1080 4195 1479 4241 sacramentum
1521 4192 1860 4247 iiumerosius
1890 4195 1945 4249 in

344 4262 437 4317 die
464 4260 807 4333 Epiphaniae,
856 4284 1016 4339 quam
1048 4272 1100 4328 in
1130 4272 1379 4332 Paschali
1431 4287 1678 4350 tempore
1702 4285 1946 4342 celebre-

350 4361 460 4418 tur,
520 4357 689 4413 miror
718 4374 833 4424 vos,
859 4363 943 4417 vel
984 4366 1413 4433 prmdecessores
1441 4382 1651 4429 vestros
1672 4383 1782 4430 tam
1810 4378 1948 4433 irra-

347 4447 667 4504 tionabilem
698 4454 993 4509 novitatem
1031 4472 1294 4528 usurpare
1337 4464 1595 4530 potuisse,
1622 4474 1681 4520 ut
1717 4468 1945 4526 confuso

343 4539 610 4609 temporis
630 4542 910 4613 utriusque
932 4549 1207 4618 mysterio,
1235 4551 1433 4607 nullam
1447 4569 1567 4609 esse
1584 4556 1942 4615 dillerentiam
1976 4586 2020 4643 ι)

342 4631 645 4687 crederetis
688 4634 830 4690 inter
874 4636 1020 4693 diem
1057 4654 1166 4710 quo
1224 4644 1482 4701 adoratus
1508 4655 1594 4703 est
1637 4647 1884 4706 Christus
1911 4666 1945 4707 a

344 4718 539 4789 biagis,
569 4728 625 4777 et
649 4722 792 4779 diem
843 4740 953 4796 quo
995 4734 1293 4787 resurrexit
1321 4734 1568 4792 Christus
1613 4752 1644 4792 a
1689 4742 1940 4796 mortuis.

344 4811 523 4877 Quam
573 4815 785 4884 culpam
836 4819 984 4875 nullo
1031 4822 1195 4879 modo
1242 4828 1554 4894 potuissetis
1602 4831 1863 4895 incidere,
1897 4833 1945 4887 si

340 4906 488 4960 unde
532 4910 1001 4969 consecrationem
1049 4914 1273 4973 honoris
1320 4921 1583 4990 accipitis,
1618 4923 1742 4979 inde
1772 4926 1941 4995 legem

338 4997 511 5051 totius
539 4996 899 5058 observantia:
926 5007 1231 5073 sumcretis,
1264 5018 1320 5065 et
1341 5012 1484 5067 beati
1518 5016 1750 5084 apostoli
1795 5015 1941 5071 Petri

342 5087 535 5150 sedes,
566 5106 688 5161 qua:
720 5094 872 5150 vobis
916 5098 1266 5155 sacerdotalis
1306 5112 1481 5158 mater
1507 5114 1592 5161 est
1639 5106 1936 5178 dignitatis,

338 5191 492 5237 esset
520 5184 901 5243 ecclesiastica:
940 5191 1192 5260 magistra
1229 5195 1473 5261 rationis,
1500 5211 1528 5249 a
1558 5198 1710 5266 cujus
1738 5215 1833 5254 vos
1853 5217 1939 5255 re-

338 5275 484 5342 gulis
507 5279 797 5334 recessisse
823 5281 1033 5339 minore
1062 5294 1243 5354 posset
1265 5290 1665 5356 mquanimitatc
1696 5293 1939 5360 tolerari,

339 5367 388 5419 si
439 5366 618 5435 aliqua
662 5372 1099 5429 commonitionis
1147 5384 1346 5431 nostra;
1379 5380 1676 5449 increpatio
1703 5395 1936 5450 praeces-

339 5466 508 5513 sasset
536 5476 549 5510 :
578 5474 722 5517 nunc
755 5473 957 5530 autem,
981 5465 1113 5534 quia
1136 5482 1245 5522 non
1275 5467 1595 5540 desperatur
1642 5476 1935 5543 correctio,

335 5548 611 5602 servanda
657 5560 741 5605 est
792 5555 1171 5611 consuetudo:
1207 5563 1265 5611 ut
1306 5558 1431 5614 licet
1463 5561 1548 5614 vix
1599 5561 1818 5618 ferenda
1865 5566 1937 5620 sit

330 5642 392 5696 in
424 5641 801 5700 sacerdotibus
853 5648 1152 5717 excusatio,
1200 5664 1320 5721 qua:
1360 5652 1659 5722 praetendat
1700 5655 1935 5711 inscien-

336 5734 778 5800 tiam,malumus
809 5748 988 5794 tamen
1018 5750 1076 5796 et
1094 5756 1377 5797 censuram
1406 5745 1763 5801 necessariam
1795 5754 1935 5803 tem-

338 5838 555 5894 perare,
574 5834 630 5882 ct
654 5836 867 5886 ratione
896 5845 992 5889 vos
1014 5831 1365 5906 apertissima:
1387 5834 1626 5891 veritatis
1647 5835 1933 5897 instruere.

2066 3267 2371 3336 maioribus
2388 3270 2640 3339 apertius
2658 3270 3025 3325 declarandus
3050 3272 3383 3343 baptismum
3407 3292 3649 3345 praecur-

2065 3365 2211 3415 soris
2233 3362 2317 3415 sui
2334 3361 2563 3416 Joannis
2580 3365 2827 3431 expetiit,
2851 3364 2983 3433 quid
3005 3367 3228 3421 deitatis
3242 3368 3361 3436 ejus
3387 3370 3653 3423 remansit

2062 3455 2405 3524 ambiguum,
2427 3463 2672 3525 quando,
2697 3457 2976 3527 baptizata
2993 3459 3225 3514 Domino
3241 3461 3396 3526 Jesu,
3410 3460 3653 3533 Spiritus

2062 3558 2291 3601 sanctus
2325 3548 2380 3602 in
2410 3548 2682 3605 columba:
2713 3550 2900 3617 specie
2925 3564 3091 3619 super
3118 3567 3246 3605 eum
3275 3554 3566 3610 descendit
3597 3569 3654 3611 et

2066 3636 2476 3699 mansit,audita
2491 3640 2557 3695 de
2575 3641 2910 3694 cmlisPatris
2930 3645 3650 3717 vocedicentis(.llatth.tn):

2053 3714 2134 3773 Tu
2160 3733 2221 3774 es
2243 3718 2386 3775 tilius
2405 3735 2559 3777 meus
2578 3721 2826 3787 dilectus,
2856 3722 2909 3776 in
2933 3731 2985 3777 te
3003 3723 3143 3779 bene
3162 3726 3498 3794 complacuit
3519 3714 3651 3794 Quae

2050 3809 2232 3863 omnia
2260 3809 2403 3876 ideo,
2434 3820 2637 3881 quanta
2685 3812 2977 3881 potuimus,
3020 3813 3284 3868 brevitate
3329 3815 3648 3885 perstrinxi-

2052 3913 2192 3964 mus,
2221 3906 2280 3952 ut
2306 3907 2497 3954 notum
2527 3901 2598 3956 sit
2623 3900 2897 3956 dilectioni
2929 3911 3121 3957 vestrm
3152 3904 3431 3961 universos
3451 3904 3650 3963 Christi

2052 3986 2169 4043 dies
2206 3990 2502 4047 innumeris
2546 4001 2896 4048 consecratos
2937 3992 3104 4049 fuisse
3144 3990 3452 4061 virtutibus,
3498 4006 3553 4051 et
3594 3998 3649 4053 in

2053 4080 2266 4145 cunctis
2295 4079 2413 4149 ejus
2439 4081 2744 4139 actionibus
2768 4095 3230 4142 sacramentorum
3262 4089 3515 4157 mysteria
3550 4104 3649 4144 eoo

2048 4182 2324 4234 ruscasse;
2353 4170 2447 4227 sed
2474 4170 2632 4226 aliter
2652 4172 2913 4241 quidquid
2936 4174 3102 4242 signis
3122 4175 3466 4240 denuntiarit,
3492 4177 3651 4233 aliter

2049 4266 2212 4321 rebus
2240 4265 2475 4336 impleri,
2503 4283 2605 4323 nec
2638 4282 2974 4338 quascunque
3003 4281 3357 4327 numerantur
3385 4274 3437 4327 in
3465 4277 3648 4344 operi-

2050 4355 2153 4410 bus
2181 4354 2498 4419 Salvatoris,
2525 4356 2593 4411 ad
2625 4366 2836 4426 tempus
2864 4373 3023 4427 posse
3053 4362 3326 4429 pertinere
3356 4363 3650 4433 baptisma-

2050 4442 2136 4499 tis.
2169 4443 2303 4498 Nam
2332 4444 2377 4498 si
2400 4445 2565 4499 etiam
2594 4445 2707 4509 illa,
2738 4460 2860 4515 quae
2899 4455 3023 4517 post
3061 4449 3207 4504 beati
3235 4449 3456 4507 Joannis
3497 4454 3649 4507 lava-

2049 4550 2201 4592 crum
2249 4551 2280 4590 a
2327 4535 2558 4594 Domino
2603 4545 2757 4608 gesta
2796 4542 3164 4610 cognovimus,
3205 4544 3307 4599 sub
3356 4545 3648 4604 indiscrete

2048 4627 2259 4683 honore
2304 4628 2570 4697 colamus,
2612 4631 2794 4686 omnia
2843 4642 3086 4703 tempora
3126 4635 3457 4693 continuatis
3490 4645 3649 4692 erunt

2051 4718 2358 4790 deputanda
2386 4719 2556 4784 festis,
2586 4723 2714 4793 quia
2757 4724 2938 4779 omnia
2984 4732 3111 4779 sunt
3147 4725 3307 4795 plena
3351 4728 3641 4784 miraculis.

2055 4809 2251 4866 Verum
2275 4810 2401 4881 quia
2426 4812 2651 4881 spiritus
2677 4814 2957 4883 sapientiae
2986 4823 3042 4869 et
3078 4815 3384 4872 intellectus
3405 4818 3478 4872 ita
3501 4818 3647 4887 Apo-

2049 4902 2222 4958 stolos
2272 4911 2329 4956 et
2374 4904 2541 4958 tetius
2582 4902 2839 4960 Ecclesize
2883 4906 3114 4960 erudivit
3151 4907 3454 4976 magistros,
3488 4916 3547 4962 ut
3590 4910 3644 4964 in

2049 4992 2355 5050 Christiana
2383 4996 2727 5053 observantia
2758 4995 2888 5052 nihil
2920 4997 3303 5063 inordinatum,
3337 4999 3467 5053 nihil
3490 5007 3646 5069 pate-

2047 5096 2197 5144 retur
2218 5103 2340 5145 esse
2360 5088 2662 5157 confusum,
2710 5089 3083 5145 discernenda:
3103 5099 3228 5145 sunt
3248 5105 3423 5146 causa:
3442 5090 3642 5145 solem-

2045 5180 2298 5245 nitatum,
2320 5188 2376 5235 et
2401 5180 2454 5235 in
2477 5181 2729 5237 omnibus
2752 5180 3009 5235 institutis
3036 5178 3258 5237 Patrum
3312 5180 3643 5251 principum-

2043 5285 2152 5341 que
2188 5280 2498 5328 nostrorum
2537 5272 2873 5328 rationabilis
2902 5274 3166 5328 servanda
3195 5273 3485 5340 distinctio,
3514 5276 3641 5343 quia

2043 5364 2323 5418 nonaliter
2335 5380 2469 5421 unus
2480 5378 2633 5433 grex,
2655 5352 2860 5420 etunﬁs
2873 5374 3054 5435 pastor
3070 5381 3278 5434 sumus,
3300 5368 3425 5435 nisi,
3447 5383 3643 5437 quem-

2045 5454 2333 5510 admodum
2364 5454 2655 5525 Apostolus
2684 5455 2846 5509 docet
2889 5455 2941 5528 (Ι
3007 5453 3128 5512 Cor.
3178 5456 3240 5527 I),
3293 5457 3523 5527 idipsum
3555 5457 3629 5513 di-

2042 5558 2227 5599 camus
2246 5558 2478 5601 omnes:
2509 5543 2690 5599 Simus
2711 5553 2892 5601 autem
2917 5546 3141 5616 perfecti
3164 5548 3215 5601 in
3244 5547 3435 5604 eodem
3474 5562 3636 5603 sensu

2041 5642 2099 5691 et
2126 5635 2181 5690 in
2208 5633 2398 5690 eadem
2423 5635 2706 5707 sapientia.

2044 5765 2194 5831 Quod
2220 5768 2271 5821 in
2301 5766 2554 5835 baptismo
2576 5786 2714 5851 mors
2743 5771 3012 5851 proveniat
3032 5771 3395 5851 inter/“cenatio
3418 5772 3636 5851 peccati,

2114 5848 2165 5892 et
2212 5844 2532 5912 sepulturam
2579 5840 2881 5896 triduanum
2908 5837 3137 5898 imitetur
3164 5837 3305 5899 tritta
3360 5837 3636 5912 domum,

3745 356 3895 544 Δ
