4104 6462
399 289 546 374 ess

1738 276 2094 346 DIONYSIUS
2130 270 2448 336 Ελιουυδ.

3633 258 3736 320 28l

437 399 439 402 ⁴
515 413 565 458 et
613 400 680 454 ab
733 400 882 470 aquis
931 399 1147 454 eteratio
1190 398 1279 462 sit,
1332 394 1468 454 velut
1507 394 1820 448 resurrectio
1868 391 1930 446 de
1957 407 2042 446 se-
2070 396 2119 455 Α
2155 385 2442 441 veritatem
2490 377 2670 452 (Joan.
2714 375 2846 448 xvi).
2899 374 3032 433 Cum
3064 375 3246 444 itaque
3273 373 3470 436 veritas
3499 373 3742 430 Christus

520 474 721 530 .mlcru.

519 589 611 644 IX.
639 586 891 655 Quamvis
927 598 1058 652 ergo
1098 592 1153 637 et
1180 583 1269 638 illa
1298 597 1419 652 qum
1449 580 1516 634 ad
1562 578 1916 633 humilitatem
1943 615 1959 638 ,
1990 582 2046 628 et

451 681 540 736 illa
569 693 688 749 quat
710 677 777 731 ad
804 675 1032 744 gloriam
1074 675 1344 744 pertinent
1369 671 1570 727 Christi
1595 709 1610 733 ,
1643 669 1698 723 in
1727 682 1893 721 unum
1915 681 2048 721 con-

452 780 688 832 currant,
737 767 1092 834 eamdemque
1142 779 1432 835 personam
1454 803 1468 828 ,
1505 770 1790 828 totumque
1817 756 1961 828 quod
1991 756 2045 810 in

449 868 544 922 illo
563 876 619 921 et
647 863 863 918 virtutis
891 862 1083 916 divinat
1113 869 1217 924 est,
1271 867 1327 914 et
1350 857 1676 913 inﬁrmitatis
1703 857 1951 910 humanm
1981 851 2048 907 ad

449 966 648 1013 nostrae.
681 954 1036 1025 reparationis
1061 953 1249 1007 tendat
1296 950 1548 1005 effectum
1582 965 1594 1001 :
1621 947 1838 1018 proprie
1867 956 2048 998 tamen

453 1053 504 1106 in
529 1057 704 1105 morte
727 1045 970 1102 crucifixi
993 1083 1007 1110 ,
1038 1055 1092 1099 et
1116 1045 1167 1098 in
1196 1042 1598 1099 resurrectione
1629 1038 1828 1094 mortui
1857 1045 2051 1108 poten-

451 1143 524 1196 tia
549 1139 888 1210 baptismatis
918 1152 1113 1191 novam
1144 1143 1447 1189 creaturam
1469 1133 1654 1188 condit
1681 1147 1747 1185 ex
1773 1132 1963 1194 veteri,
1993 1136 2052 1184 ut

453 1237 506 1288 in
549 1230 959 1287 renascentibus
1009 1238 1065 1283 et
1094 1243 1239 1281 mors
1267 1226 1463 1281 Christi
1504 1232 1760 1293 Operetur
1783 1263 1798 1288 ,
1831 1231 1887 1276 et
1915 1221 2047 1285 vita,

452 1324 668 1379 dicente
691 1324 850 1376 beato
887 1319 1135 1389 apostolo
1159 1316 1354 1371 Paulo:
1376 1315 1454 1369 An
1483 1313 1758 1383 ignoratis,
1785 1313 1908 1380 quia
1930 1311 2052 1380 qui-

455 1429 670 1483 cunque
701 1412 959 1483 haptizati
1004 1425 1193 1465 sumus
1233 1410 1286 1462 in
1316 1407 1532 1463 Christo
1573 1404 1729 1470 Jcsu,
1783 1405 1836 1458 in
1877 1411 2055 1457 morte

455 1509 618 1578 ipsius
668 1505 923 1575 baptizati
971 1517 1155 1556 sumus
1184 1501 1363 1569 (Rom.
1399 1499 1514 1567 vi)?
1556 1496 1876 1565 Consepulti
1906 1495 2052 1549 enim

453 1613 639 1656 sumus
668 1614 788 1653 cum
817 1597 914 1650 illo
946 1611 1045 1664 per
1086 1593 1413 1663 baptismum
1454 1591 1507 1644 in
1539 1597 1769 1643 mortem
1796 1605 1807 1640 :
1835 1592 1895 1641 ut
1919 1600 2056 1655 quo-

456 1687 630 1745 modo
644 1688 880 1743 surrexit
898 1685 1149 1741 Christus
1177 1700 1208 1738 a
1231 1683 1461 1738 mort-uis
1490 1696 1586 1752 per
1600 1679 1828 1750 gloriam
1860 1678 2053 1744 Patris,

458 1781 532 1836 ita
553 1787 610 1835 et
638 1795 740 1834 nos
760 1779 814 1832 in
839 1778 1078 1832 novitate
1097 1777 1222 1831 vitae
1255 1773 1614 1828 ambulemus.
1646 1769 1704 1826 Si
1729 1770 1872 1825 enim
1903 1784 2056 1824 com-
2092 1777 2131 1834 Β

458 1872 682 1943 plantati
709 1869 836 1926 facti
865 1885 1050 1924 sumus
1077 1864 1419 1922 similitudini
1445 1864 1640 1919 mortis
1659 1861 1798 1929 ejus,
1825 1859 1982 1915 sin'ml
2004 1867 2060 1914 et

457 1961 871 2018 resurrectionis
893 1959 1117 2026 erimus,
1138 1965 1195 2010 et
1215 1965 1430 2018 cetera,
1463 1969 1583 2024 qum
1611 1953 1776 2006 latius
1801 1949 2060 2018 magister

460 2056 701 2125 gentium
731 2043 798 2108 ad
825 2048 1308 2107 commendandum
1333 2053 1733 2101 sacramentum
1765 2042 2060 2112 baptisma-

461 2149 532 2202 tis
563 2145 877 2216 disputavit,
899 2152 960 2198 ut
988 2147 1274 2213 appareret
1303 2155 1368 2194 ex
1400 2136 1557 2205 hujus
1579 2135 1842 2189 doctrinae
1869 2132 2058 2201 spiritu

461 2236 846 2307 regenerandis
868 2234 987 2288 filiis
1012 2233 1286 2288 hominum
1318 2237 1377 2285 et
1431 2229 1484 2284 in
1519 2227 1612 2281 Dei
1645 2226 1784 2280 ﬁlios
1807 2225 2063 2293 adoptan-

463 2331 548 2386 dis
577 2329 726 2383 illum
756 2328 898 2382 diem
920 2367 935 2392 ,
958 2331 1014 2381 et
1043 2323 1172 2379 illud
1203 2334 1414 2392 tempus
1436 2321 1670 2375 electum
1703 2335 1716 2370 :
1747 2318 1798 2371 in
1831 2331 1938 2384 quo
1969 2330 2064 2384 per

462 2421 884 2482 similitudinem,
914 2417 1254 2484 formamque
1283 2412 1525 2484 mystcrii
1548 2426 1634 2478 ea,
1656 2423 1776 2478 quae
1805 2416 2063 2478 geruntur

464 2516 519 2571 in
548 2513 805 2569 membris
833 2513 947 2578 bis,
977 2525 1097 2579 quae
1127 2509 1182 2563 in
1225 2509 1343 2578 ipso
1375 2514 1501 2561 sunt
1527 2504 1724 2574 capite,
1757 2509 1908 2571 gesta
1934 2516 2064 2555 con-

469 2616 723 2680 gruerent
750 2651 765 2676 ,
812 2607 938 2662 dum
968 2606 1022 2660 in
1054 2601 1392 2680 baptismatis
1421 2599 1605 2667 regula
1636 2606 1689 2651 et
1717 2610 1864 2650 mors
1893 2595 2061 2648 inter-

463 2705 611 2757 venit
639 2698 1020 2756 interfectione
1046 2695 1274 2766 peccati,
1309 2702 1360 2748 et
1393 2692 1724 2762 sepulturam
1755 2687 2062 2741 triduanam

466 2795 709 2849 imitatur
748 2791 890 2845 trina
921 2787 1220 2850 demersio,
1251 2792 1306 2838 et
1337 2783 1402 2836 ab
1431 2781 1584 2851 aquis
1623 2777 1854 2833 elevatio
1884 2791 2066 2830 resur-

465 2886 641 2955 gentis
663 2884 832 2938 instar
847 2888 930 2936 est
951 2879 1019 2934 de
1047 2877 1358 2946 sepulchro.
1383 2872 1506 2941 Ipsa
1537 2871 1698 2939 igitur
1721 2867 1902 2938 operis
1926 2883 2061 2937 qua-

469 2977 591 3031 litas
616 2975 779 3030 docet
825 2968 1164 3026 celebrandae
1194 2965 1518 3035 generaliter
1545 2960 1729 3030 gratiae
1755 2959 1898 3013 diem
1930 2958 2062 3026 legi-

471 3067 661 3120 timum
691 3079 812 3118 eum
836 3076 974 3126 esse,
1009 3060 1060 3113 in
1088 3073 1196 3127 quo
1227 3064 1344 3110 orta
1377 3063 1500 3121 est,
1527 3061 1584 3107 et
1610 3051 1781 3104 virtus
1806 3048 2047 3102 muneris

2148 477 2220 533 sit
2247 475 2428 539 (Joan.
2462 469 2572 539 xw)
2593 511 2608 534 ,
2641 477 2697 523 et
2723 466 2954 537 Spiritus
2978 474 3197 522 sanctus
3225 465 3448 535 Spiritus
3467 464 3741 531 veritatis,

2149 578 2456 630 nomenque
2490 559 2752 615 Paracleti
2778 559 2992 626 uirique
3016 556 3088 612 sit
3117 556 3419 626 proprium,
3451 571 3556 611 uou
3582 555 3741 612 dissic

2149 658 2277 712 mile
2297 664 2380 716 est
2405 653 2620 718 festum,
2652 651 2741 704 ubi
2775 665 2936 704 unum
2967 657 3052 706 est
3072 656 3498 704 sa.ramentum.

2155 797 2305 862 Quod
2325 797 2502 850 beatus
2533 791 2799 864 apostolus
2841 788 3024 864 Petrus
3053 789 3109 841 in
3132 789 3220 864 die
3254 786 3579 864 Pentecoste:
3608 789 3748 842 uiro-

2525 859 2640 918 rum
2671 863 2776 916 tria
2799 860 2974 913 millia
3003 859 3361 929 baptizauerit.

2225 977 2292 1031 Χ.
2319 976 2433 1031 Hoc
2461 985 2639 1030 autem
2669 987 2769 1025 nos
2795 985 2901 1024 non
2930 985 2996 1023 ex
3045 977 3227 1021 nostra
3261 967 3616 1037 persuasione
3645 971 3744 1024 dc-

2155 1075 2370 1129 fendere
2396 1116 2411 1140 ,
2441 1071 2535 1126 sed
2564 1085 2631 1124 ex
2673 1065 2972 1136 apostolica
3015 1063 3343 1119 auctoritate
3372 1077 3591 1118 servare
3615 1064 3750 1118 satis

2155 1169 2348 1224 idoneo
2382 1164 2670 1235 probamus
2711 1157 2984 1226 exemplo,
3049 1162 3337 1222 sequentes
3381 1154 3596 1207 beatum
3619 1170 3754 1223 apo-

2155 1261 2354 1317 stolum
2389 1257 2625 1319 Petrum,
2651 1252 2742 1322 qui
2775 1252 2825 1304 in
2854 1250 2970 1319 ipso
2989 1247 3109 1306 die.
3141 1262 3248 1314 quo
3279 1261 3494 1301 omnem
3525 1246 3748 1302 creden-

2157 1353 2287 1406 tium
2336 1361 2622 1403 numerum
2673 1341 2972 1413 promissus
3027 1337 3261 1407 Spiritus
3303 1337 3474 1391 sancti
3521 1335 3751 1406 replevit

2157 1442 2435 1501 adventus,
2467 1438 2627 1491 trium
2673 1433 2897 1488 millium
2924 1429 3182 1501 populum
3221 1443 3321 1483 sua
3363 1427 3752 1498 praedicatione

2158 1545 2480 1588 conversum
2531 1527 2750 1580 lavacro
2799 1520 3140 1593 baptismatis
3187 1519 3547 1585 consecravit,
3606 1517 3754 1588 quod

2159 1631 2343 1679 sancta
2371 1620 2669 1689 Scriptura,
2717 1630 2836 1685 quae
2877 1611 3251 1684 apostolorum
3279 1610 3446 1666 Actus
3474 1611 3747 1681 continet,

2171 1711 2313 1766 fideli
2344 1708 2568 1764 historia
2597 1707 2760 1762 docet
2786 1704 2971 1759 dicens
3005 1720 3017 1756 :
3062 1701 3157 1756 His
3185 1701 3381 1757 auditis
3404 1740 3419 1764 ,
3450 1702 3758 1770 compuncti

2164 1812 2289 1859 sunt
2311 1801 2494 1866 corde,
2521 1808 2578 1854 et
2600 1797 2856 1852 dixerunt
2879 1794 2948 1849 ad
2972 1793 3192 1848 Petrum
3215 1802 3270 1848 et
3289 1791 3527 1862 reliquos
3548 1801 3762 1861 aposto-

2162 1900 2263 1966 los,
2297 1897 2434 1964 Quid
2463 1895 2743 1959 faciemus,
2767 1891 2866 1945 viri
2890 1889 3083 1944 fratres
3113 1887 3249 1959 (Act.
3277 1885 3376 1958 tt)?
3403 1887 3594 1941 Petrus
3623 1900 3755 1940 vero

2165 1991 2232 2045 ad
2265 1991 2386 2044 illos
2417 2007 2429 2041 :
2463 1985 2844 2042 Pcenitentiam
2870 2022 2884 2046 ,
2919 1980 3133 2049 inquit,
3164 1979 3306 2048 agite
3333 2021 3348 2048 ,
3380 1987 3435 2034 et
3460 1979 3763 2048 baptizetur

2165 2072 2538 2152 unusquisque
2580 2084 2822 2131 vestrum
2854 2073 2907 2126 in
2945 2070 3163 2126 nomine
3193 2069 3318 2125 Jesu
3348 2069 3566 2134 Christi,
3594 2070 3646 2123 in
3678 2085 3764 2123 re-

2163 2171 2476 2226 missionem
2504 2172 2856 2238 peccatorum
2887 2171 3194 2218 vestrorum
3221 2199 3236 2224 ,
3273 2169 3327 2215 et
3354 2160 3634 2230 accipietis
3663 2159 3762 2216 do-

2163 2279 2291 2318 num
2338 2260 2510 2316 sancti
2539 2257 2792 2329 Spiritus.
2827 2253 2991 2309 Vobis
3021 2253 3164 2308 enim
3199 2259 3281 2307 est
3307 2252 3676 2321 repromissio,
3708 2260 3764 2306 et

2166 2355 2287 2409 illiis
2317 2352 2534 2416 vestris,
2568 2359 2621 2405 et
2643 2348 2895 2403 omnibus
2916 2346 3008 2416 qui
3037 2346 3194 2412 longe
3217 2352 3362 2409 sunt,
3396 2358 3754 2412 quoscunque

2165 2443 2516 2501 advocaverit
2561 2440 2821 2496 Dominus
2863 2437 3003 2492 Deus
3035 2445 3237 2490 noster.
3272 2434 3403 2489 Aliis
3432 2435 3594 2489 etiam
3646 2433 3762 2504 plu-

2165 2537 2316 2591 ribus
2353 2535 2533 2589 verbis
2581 2527 2899 2587 testificatus
2949 2538 3051 2593 est,
3104 2536 3159 2581 et
3205 2526 3597 2581 exhortabatur
3644 2542 3761 2589 eos,

2167 2625 2400 2681 dicens:
2462 2621 2756 2677 Salvamini
2805 2636 2835 2673 a
2883 2616 3233 2687 generatione
3281 2617 3382 2670 ista
3429 2632 3614 2687 prava.
3661 2617 3763 2682 Qui

2167 2733 2296 2788 co
2348 2722 2676 2786 receperunt
2725 2725 3034 2768 sermonem
3062 2708 3196 2776 ejus,
3247 2707 3500 2777 baptizati
3527 2717 3681 2773 sunt,
3710 2716 3764 2761 et

2164 2811 2595 2887 appositzeosunt
2623 2807 2676 2862 in
2705 2805 2796 2861 illa
2826 2803 2914 2858 die
2942 2801 3137 2856 animm
3173 2801 3392 2856 circiter
3437 2800 3537 2855 tria
3569 2800 3760 2855 millia.

2167 2923 2318 2991 Quod
2356 2927 2469 2978 hazc
2493 2923 2594 2977 duo
2626 2929 2896 2991 tempora_,
2927 2913 2983 2969 id
3011 2924 3087 2968 est
3118 2913 3324 2991 Pass/ta
3354 2921 3408 2991 et
3434 2911 3754 2991 Pentecoste,

2236 2996 2304 3050 ad
2360 2984 2738 3065 baptizandum'
2777 3006 2808 3042 a
2841 2985 3078 3040 Romano
3110 2984 3355 3055 pontiﬁce
3390 2984 3619 3053 legitima
3641 2995 3764 3037 sunt

2241 3067 2484 3138 praeﬁxa.

468 3167 525 3213 et
551 3155 761 3226 species
785 3151 1030 3213 actionis,
1062 3150 1130 3204 ad
1160 3147 1312 3216 cujus
1333 3147 1410 3199 rei
1442 3142 1906 3199 confirmationem
1937 3139 2055 3209 plu-
2087 3144 2132 3208 ο
2238 3157 2325 3214 χι,
2363 3157 2516 3213 unde
2543 3155 2668 3225 quia
2705 3150 3143 3208 manifesussime
3173 3155 3322 3220 palm
3343 3145 3682 3216 baptizandis
3708 3145 3763 3198 in
3839 3189 3842 3192 ,

470 3247 668 3302 rimum
716 3245 877 3308 valet,
929 3241 1072 3311 quod
1123 3241 1238 3310 ipse
1291 3237 1551 3292 Dominus
1598 3233 1756 3289 Iesus
1798 3233 2063 3298 Christus,

471 3346 822 3411 posteaquam
851 3333 1151 3389 resurrexit
1175 3345 1208 3384 a
1237 3328 1462 3383 mortuis
1486 3365 1500 3390 ,
1533 3323 1807 3394 discipulis
1831 3323 1942 3377 suis
1966 3363 1979 3382 .
2011 3322 2064 3375 in

473 3429 669 3498 quibus
696 3441 886 3482 omnes
914 3421 1272 3477 Ecclesiarum
1299 3417 1562 3489 praesules
1597 3414 1934 3470 docebantur
1952 3454 1967 3480 ,
2013 3419 2070 3466 et

471 3523 724 3590 formam,
755 3528 812 3576 et
853 3525 1178 3590 potestatem
1222 3513 1442 3568 tradidit
1465 3507 1805 3579 baptizandi,
1833 3505 2021 3560 dicens
2050 3522 2064 3556 :

476 3612 679 3668 Enntcs
707 3611 900 3667 docete
929 3621 1118 3664 omnes
1145 3613 1351 3674 gentes,
1395 3602 1732 3672 baptizaotes
1760 3614 1858 3652 eos
1883 3598 1941 3650 in
1969 3611 2071 3650 no-

476 3705 621 3760 mine
637 3703 828 3768 Patris,
858 3711 911 3758 et
932 3699 1070 3764 Filii,
1088 3708 1141 3754 et
1162 3697 1396 3767 Spiritus
1418 3694 1604 3749 Sancti
1620 3690 1832 3764 (Matth.
1858 3689 2066 3752 xxvni).

479 3797 557 3852 De
599 3812 708 3867 quo
748 3796 936 3863 utique
983 3808 1078 3847 eos
1115 3791 1279 3845 etiam
1311 3796 1435 3842 ante
1472 3786 1779 3856 passionem
1808 3783 2072 3852 potuisset

477 3890 773 3954 instruere,
819 3885 920 3940 nisi
949 3883 1165 3954 proprie
1188 3880 1450 3935 voluisset
1491 3877 1716 3944 intelligi
1740 3917 1755 3941 ,
1781 3888 2073 3942 regenera-

479 3978 641 4034 tionis
666 3977 893 4047 gratiam
924 3990 992 4029 ex
1020 3988 1114 4027 sua
1139 3969 1542 4025 resurrectione
1568 3967 1817 4036 coepisse.
1847 3965 2072 4020 Additur

474 4085 608 4126 sane
638 4069 764 4124 huic
791 4064 1154 4122 observantiae
1171 4061 1332 4116 etiam
1364 4057 1717 4113 Pentecoste:
1745 4072 1812 4111 ex
1837 4056 2071 4110 adventu

477 4161 648 4217 sancti
680 4157 909 4229 Spiritus
929 4163 1144 4209 sacrata
1173 4150 1490 4206 solemnitas
1516 4189 1530 4215 ,
1560 4163 1680 4216 qua:
1709 4147 1776 4202 de
1800 4146 2073 4204 Paschalis

477 4249 598 4306 festi
627 4249 824 4321 pendet
850 4244 1093 4301 articulo.
1138 4240 1203 4295 Et
1231 4256 1351 4296 cum
1400 4238 1468 4292 ad
1499 4238 1634 4293 alios
1660 4237 1776 4292 dies
1803 4239 1906 4291 alia
1933 4237 2070 4292 festa

475 4341 800 4412 pertineant,
833 4338 947 4391 haec
975 4350 1192 4404 semper
1221 4331 1288 4386 ad
1314 4347 1438 4386 eum
1492 4330 1633 4385 diem
1655 4371 1669 4396 ,
1704 4330 1794 4399 qui
1840 4345 2074 4384 resurre-

473 4434 656 4489 ctione
689 4430 897 4485 Domioi
932 4435 1016 4482 est
1047 4425 1270 4492 insignis
1294 4464 1309 4487 ,
1341 4424 1595 4486 occurrit,
1627 4423 1910 4494 porrigens
1931 4435 2071 4490 quo--

2169 3250 2412 3307 Ecclesia
2437 3247 2630 3303 electis
2657 3247 2772 3300 haec
2800 3245 2908 3299 duo
2935 3251 3205 3310 tetnpora,
3222 3255 3229 3261 ’
3247 3238 3320 3294 de
3348 3237 3539 3308 quibus
3585 3237 3750 3292 locuti

2171 3355 2376 3406 sumus,
2403 3354 2524 3394 esse
2545 3337 2800 3406 legitima,
2826 3333 3170 3389 dilectionem
3193 3337 3428 3385 vestram
3459 3343 3760 3395 monemus,

2170 3443 2230 3489 ut
2257 3433 2432 3489 nullos
2457 3431 2592 3486 alios
2619 3429 2735 3484 dies
2762 3426 2891 3482 huic
2920 3422 3280 3482 observantia:
3301 3420 3594 3475 misceatis.

2173 3543 2325 3609 Quod
2347 3539 2489 3596 omni
2515 3550 2740 3609 tmpore
2756 3535 2827 3598 hi,
2852 3533 2957 3609 aut"
2967 3530 3278 3609 necessitate
3291 3529 3761 3609 mordeat-gentm,

2241 3616 2296 3667 id
2317 3623 2394 3666 est
2413 3598 2744 3681 aegritudinis
2763 3645 2776 3670 ,
2811 3598 3119 3681 obsidionis,
3143 3598 3534 3670 persecutionis,
3563 3607 3613 3651 et
3634 3613 3765 3649 nau-

2246 3684 2424 3756 fragii,
2457 3675 2675 3734 debeant
2697 3675 2975 3746 baptizari.

2241 3797 2358 3851 ΧΠ.
2391 3794 2526 3862 Quia
2554 3791 2599 3846 si
2627 3797 2753 3845 sunt
2783 3787 2888 3842 alia
2937 3799 3152 3855 quoque
3177 3783 3310 3836 festa
3338 3823 3353 3848 ,
3378 3780 3571 3850 quibus
3599 3779 3764 3834 multa

2173 3891 2225 3944 in
2251 3889 2513 3942 honorem
2542 3881 2636 3936 Dei
2673 3876 2978 3934 reverentia
2997 3875 3263 3930 debeatur
3283 3914 3298 3938 ,
3329 3871 3640 3944 principalis
3680 3879 3764 3925 ta-

2174 3993 2295 4032 men
2326 4019 2339 4044 ,
2366 3983 2425 4030 et
2465 3969 2686 4027 maximi
2729 3965 3057 4022 sacramenti
3101 3960 3457 4018 custodienda
3502 3959 3656 4014 nobis
3683 3968 3768 4015 est

2173 4068 2424 4138 mystica,
2466 4071 2524 4117 et
2549 4057 2886 4115 rationabilis
2911 4053 3265 4124 exemplatio,
3325 4065 3433 4105 non
3475 4049 3765 4104 interdicta

2171 4159 2412 4221 licentia,
2431 4168 2538 4223 qua
2567 4152 2620 4205 in
2637 4149 2921 4218 baptismo
2942 4143 3233 4200 tribuendo
3249 4143 3496 4213 quolibet
3517 4151 3768 4210 tempore

2171 4246 2604 4322 periclitantibus
2621 4239 2958 4298 subvenitur.
2989 4237 3066 4291 Ita
3096 4235 3240 4291 enim
3263 4234 3446 4290 ad-has
3459 4231 3594 4290 duas
3618 4230 3767 4288 testi-

2166 4339 2370 4392 vitatus
2387 4346 2663 4389 connexas
2691 4327 2928 4391 sibimet,
2951 4333 3120 4394 atque
3141 4331 3399 4392 cognatas
3415 4322 3766 4377 incolumium

2167 4435 2231 4482 et
2263 4427 2316 4480 in
2343 4423 2494 4495 pacis
2538 4419 2836 4478 securitate
2863 4414 3175 4483 degentium
3205 4412 3375 4468 libera
3403 4420 3530 4466 vota
3566 4410 3769 4490 Μαι-ἱ.-

471 4511 765 4578 dammodo
809 4516 1122 4572 auxiliantis
1153 4513 1338 4583 gratim
1377 4528 1593 4567 manum
1625 4513 1690 4566 ad
1721 4525 1815 4567 eos
1834 4555 1849 4579 ,
1877 4529 2013 4582 quos
2039 4527 2069 4567 a
2101 4514 2149 4572 D
2173 4532 2314 4581 mus,
2355 4523 2416 4570 ut
2436 4513 2490 4566 in
2519 4509 2712 4565 mortis
2731 4505 2996 4577 periculo,
3021 4503 3074 4558 in
3100 4501 3404 4566 obsidionis
3430 4500 3763 4566 discrimine,

471 4614 563 4669 die
589 4611 807 4666 Pascha:
828 4617 919 4663 aut
946 4607 1188 4660 molestia
1218 4603 1562 4668 inﬁrmitatis,
1593 4613 1685 4657 aut
1711 4603 2070 4674 longinquitas

470 4705 700 4768 itineris,
733 4709 826 4757 aut
852 4697 1207 4768 navigationis
1245 4696 1534 4752 difficultas
1579 4696 1900 4760 interclusit,
1933 4697 2071 4751 invi-

473 4807 629 4862 tans,
661 4805 720 4851 ut
743 4779 1077 4864 quibuslibet
1103 4787 1515 4843 necessitatibus
1544 4786 1785 4856 impediti
1813 4785 2069 4842 desiderii

470 4891 553 4946 sui
581 4888 830 4944 elfectum
861 4885 1006 4940 dono
1035 4880 1206 4938 sancti
1239 4879 1472 4950 Spiritus
1497 4883 1918 4945 consequantur.
1951 4875 2070 4946 Ipse

472 4983 618 5037 enim
645 4978 953 5047 unigenitus
974 4975 1088 5040 Dei,
1123 4974 1175 5027 in
1201 4972 1304 5027 lide
1335 4970 1688 5035 credentium,
1711 4977 1766 5024 et
1796 4969 1849 5023 in
1872 4969 2069 5025 virtute

469 5088 694 5143 operum
723 5071 921 5126 nullam
945 5069 1086 5122 inter
1126 5082 1184 5121 se
1234 5073 1290 5119 et
1317 5065 1578 5134 Spiritum
1619 5070 1866 5117 sanctum
1897 5063 2069 5117 voluit

469 5181 590 5219 esse
619 5163 946 5225 distantiam,
977 5158 1102 5229 quia
1148 5157 1291 5210 nulla
1320 5164 1402 5210 est
1451 5154 1738 5210 diversitas
1768 5155 1823 5208 in
1855 5163 2065 5218 natura,

471 5255 659 5308 dicens
693 5283 707 5306 ι
752 5250 975 5319 Rogabo
998 5263 1098 5317 ego
1141 5245 1384 5310 Patrem,
1434 5253 1490 5299 et
1521 5244 1686 5298 alium
1731 5245 2066 5299 Paracletum

471 5345 621 5400 dabit
644 5343 827 5410 vobis,
858 5351 917 5396 ut
959 5340 1238 5394 vobiscum
1283 5337 1354 5391 sit
1405 5335 1459 5390 in
1500 5343 1785 5400 mternum,
1819 5336 2065 5406 spiritum

476 5435 717 5489 veritatis
747 5432 926 5504 (Joan.
959 5430 1090 5500 xw).
1142 5427 1209 5482 Et
1233 5428 1460 5482 iterum:
1511 5425 1824 5482 Paracletus
1883 5435 2065 5481 autem

473 5525 705 5594 Spiritus
733 5531 979 5587 sanctus,
1006 5534 1168 5589 quem
1201 5519 1380 5572 mittet
1402 5514 1562 5572 Pater
1591 5532 1744 5572 meus
1767 5516 1818 5570 iu
1849 5517 2069 5570 nomine

475 5630 598 5671 meo
621 5654 636 5679 ,
662 5613 750 5667 ille
776 5626 870 5665 vos
898 5608 1112 5664 docebit
1148 5608 1348 5672 omnia,
1406 5617 1460 5662 et
1515 5615 1771 5675 suggeret
1815 5607 2065 5661 universa

469 5716 809 5776 amoenoque
836 5698 950 5754 dixi
975 5698 1128 5751 vobis
1158 5696 1370 5770 (lbid.).
1403 5697 1470 5751 Et
1490 5699 1681 5754 iterum
1707 5715 1719 5750 :
1743 5697 1876 5752 Cum
1901 5710 2066 5752 vene-

467 5799 552 5854 rit
599 5797 691 5853 ille
715 5793 946 5867 Spiritus
982 5788 1224 5844 veritatis
1244 5828 1259 5854 ,
1309 5790 1402 5846 ille
1421 5790 1618 5859 diliget
1647 5805 1742 5846 vos
1771 5790 1824 5846 in
1850 5803 2069 5846 omnem

2168 4607 2228 4661 in
2257 4600 2648 4676 persecutionis
2676 4595 2937 4664 angustiis
2959 4630 2975 4658 ,
3007 4593 3061 4650 in
3091 4593 3289 4652 timo-re
3311 4589 3578 4659 naufragii
3615 4591 3764 4646 nullo

2170 4705 2418 4765 tempore
2447 4693 2552 4746 hoc
2592 4702 2734 4744 verae
2776 4684 2966 4744 salutis
3009 4681 3281 4750 singulare
3309 4682 3615 4752 pnnsidium
3644 4683 3764 4738 cui-

2165 4798 2334 4854 quam
2355 4782 2705 4848 denegamus.
2739 4774 2798 4834 Si
2823 4773 2946 4842 quis
2971 4779 3154 4832 autem
3173 4768 3486 4840 Epiphania:
3513 4770 3772 4826 festivita-

2174 4885 2304 4941 tem,
2327 4888 2450 4942 qua:
2467 4873 2521 4927 in
2549 4885 2651 4925 suo
2673 4867 2866 4928 ordine
2894 4863 3078 4928 debito
3100 4863 3309 4926 honore
3334 4862 3640 4919 veneranda
3659 4872 3768 4928 est.

2171 4966 2241 5021 ab
2271 4966 2380 5020 hoc
2406 4963 2640 5022 aestimat
2660 4957 2998 5028 privilegium
3030 4954 3232 5016 habere
3259 4953 3618 5024 baptismatis,
3639 4955 3768 5024 quia

2172 5059 2280 5113 hoc
2305 5055 2527 5125 quidam
2553 5058 2750 5122 putauit
2788 5047 2938 5118 quod
2969 5047 3020 5110 in
3061 5044 3252 5106 eadem
3300 5045 3386 5101 die
3414 5045 3675 5108 Dominus
3701 5046 3772 5102 ad

2171 5149 2498 5220 baptismum
2551 5143 2728 5204 sancti
2795 5140 3019 5204 Joannis
3076 5139 3391 5205 accesserit,
3439 5139 3582 5194 sciat
3621 5138 3772 5194 illius

2168 5240 2421 5312 baptismi
2457 5238 2617 5293 aliam
2657 5233 2891 5305 gratiam
2914 5273 2930 5298 ,
2957 5231 3120 5294 aliam
3147 5229 3313 5292 fuisse
3338 5231 3626 5295 rationem,
3661 5245 3766 5286 nec

2171 5335 2238 5390 ad
2267 5333 2516 5390 eamdem
2562 5327 2890 5400 pertinuisse
2935 5325 3191 5386 virtutem
3211 5361 3226 5384 ,
3259 5336 3366 5390 qua
3395 5336 3495 5391 per
3521 5330 3768 5380 sanctum

2172 5426 2432 5497 Spiritum
2460 5428 2840 5482 renascuntur,
2873 5417 2942 5472 de
2955 5416 3160 5484 quibus
3187 5414 3406 5482 dicitur,
3431 5413 3530 5480 Qui
3554 5429 3669 5471 non
3700 5429 3771 5470 ex

2174 5515 2468 5584 sanguine,
2503 5526 2684 5581 neque
2713 5527 2784 5568 ex
2826 5507 3104 5563 voluntate
3133 5502 3313 5564 carnis
3335 5545 3349 5570 ,
3368 5519 3553 5573 neque
3573 5519 3644 5559 et
3670 5519 3773 5561 vo-

2169 5607 2381 5662 luntate
2407 5605 2528 5670 viri,
2557 5602 2652 5660 sed
2676 5617 2746 5656 ex
2770 5600 2882 5655 Deo
2911 5596 3023 5660 nati
3054 5603 3181 5660 sunt
3209 5595 3390 5666 (Joaa.
3421 5595 3485 5665 ι).
3506 5594 3773 5652 Dominus

2171 5699 2319 5754 enim
2343 5696 2554 5753 nullius
2597 5694 2842 5762 indigens
2865 5688 3190 5752 remissione
3214 5685 3459 5758 peccati,
3488 5699 3593 5750 nec
3622 5699 3774 5751 qua»

2177 5805 2306 5848 rens
2333 5787 2634 5846 remedium
2653 5778 3000 5848 renascendi,
3024 5777 3105 5835 sic
3136 5777 3301 5840 voluit
3329 5777 3606 5847 baptizari,
3633 5791 3772 5848 quo-
