4104 6498
391 358 497 414 9.85

1419 359 1796 417 CULLECTIO
1834 359 2300 419 DECRETORUM
2344 364 2445 421 PP.
2490 364 2599 424 RR.

3565 364 3667 419 286

392 474 557 530 modo
586 482 642 529 et
668 472 838 529 voluit
861 472 1192 538 circumcidi,
1216 473 1555 542 hostiamque
1576 490 1677 545 pro
1702 490 1761 529 se
1791 489 1972 528 emun-
2005 478 2049 536 Α
2156 476 2440 555 Ecclesium
2470 495 2702 555 reversus
2730 480 2924 551 fuerit,
2963 482 3018 535 in
3048 498 3110 537 eo
3138 480 3303 553 gradu
3332 483 3385 537 in
3410 499 3509 555 quo
3535 495 3664 550 erat,

389 568 620 624 dationis
645 566 828 621 oﬁerri
858 584 870 618 :
906 574 964 620 ut
990 566 1079 633 qui
1102 565 1272 620 factus
1301 566 1474 620 fuerat
1496 582 1561 619 ex
1592 567 1835 629 muliere,
1895 567 1975 621 sic

390 666 449 713 ut
498 657 792 728 Apostolus
821 657 916 718 ait,
945 654 1101 711 ﬁeret
1127 665 1182 710 et
1203 658 1302 711 sub
1328 657 1466 725 lege,
1494 672 1651 725 quam
1677 672 1783 711 non
1812 672 1972 711 vene-

390 754 478 802 rat
502 747 737 806 solvere,
764 745 856 799 sed
881 746 1126 814 implere,
1146 754 1201 799 et
1230 746 1501 815 implendo
1535 745 1876 814 ﬁnire(Rom.
1894 748 1971 816 ιι).

394 835 459 892 Εῑ
471 837 609 893 sicut
627 836 818 890 beatus
837 835 1112 904 apostolus
1131 835 1385 904 praadicat
1402 835 1613 890 dicens:
1636 834 1777 887 Finis
1798 845 1974 888 autem

394 930 523 997 legis
548 927 796 981 Christus
840 927 907 980 ad
942 926 1205 995 justitiam
1236 925 1382 978 onmi
1425 925 1683 979 credenti.
1718 925 1976 995 Baptismi

391 1028 570 1073 autem
599 1018 680 1071 sui
711 1017 762 1070 in
793 1032 853 1071 se
882 1015 1121 1069 condidit
1149 1023 1578 1079 sacramentum,
1625 1015 1750 1083 quia
1776 1016 1830 1069 in
1860 1032 1977 1070 om-

391 1108 547 1162 nibus
576 1106 864 1177 primatum
897 1114 1085 1160 tenens
1112 1119 1172 1157 se
1194 1103 1377 1157 docuit
1405 1118 1528 1159 esse
1556 1105 1900 1173 principium,
1922 1115 1977 1161 et

391 1202 520 1249 tunc
564 1192 993 1261 regenerationis
1040 1194 1337 1262 potentiam
1388 1195 1585 1258 sanxit,
1640 1196 1856 1263 quando
1911 1196 1977 1249 de

388 1282 561 1338 latere
586 1281 753 1351 ipsius
794 1279 1165 1351 proﬂuxerunt
1209 1281 1423 1348 sanguis
1464 1281 1889 1350 redemptionis,
1920 1294 1976 1339 et

391 1386 531 1439 aqua
582 1370 942 1439 baptismatis.
1002 1366 1155 1421 Sicut
1203 1383 1332 1436 ergo
1359 1367 1525 1422 Vetus
1570 1366 1975 1424 Testamentum

389 1461 524 1532 Novi
574 1459 881 1515 testiﬁcatio
918 1459 1047 1521 fuit,
1079 1468 1135 1514 et
1179 1460 1266 1513 lcx
1312 1477 1408 1529 per
1455 1460 1675 1532 Moysen
1715 1461 1837 1515 data
1871 1471 1975 1528 est,

387 1530 559 1621 gratia
613 1560 813 1612 autem,
862 1558 917 1604 ct
945 1550 1142 1604 veritas
1184 1565 1281 1619 per
1323 1547 1504 1603 Jesum
1536 1550 1806 1605 Christum
1838 1550 1975 1604 facta

389 1648 511 1705 est,
564 1640 643 1693 sic
688 1638 898 1692 diversa
951 1636 1211 1691 sacriﬁcia
1251 1652 1409 1689 unam
1442 1636 1675 1690 hostiam
1708 1636 1976 1692 reforma-

390 1736 553 1794 runt,
602 1736 658 1783 et
686 1729 980 1783 multorum
1016 1742 1275 1796 agnorum
1309 1727 1509 1781 occisio
1558 1726 1701 1780 illius
1732 1728 1977 1785 immola-

387 1822 537 1876 tione
568 1818 715 1873 ﬁnita
746 1828 851 1883 est,
873 1818 938 1872 de
956 1834 1062 1888 quo
1084 1817 1280 1871 dicitur
1305 1835 1317 1870 :
1352 1814 1490 1872 Ecce
1519 1830 1686 1884 agnus
1712 1818 1826 1885 Dei,
1846 1833 1975 1871 ecce

386 1912 480 1982 qni
504 1912 643 1966 tollit
665 1920 943 1980 peccatum
972 1910 1173 1963 mundi.
1201 1908 1290 1963 Sic
1332 1919 1385 1963 et
1416 1907 1670 1972 Joannes,
1700 1925 1804 1962 non
1830 1908 1979 1963 Chri~

387 2010 524 2071 stus,
553 2001 646 2057 sed
679 2000 878 2055 Christi
925 2000 1158 2070 prmvius
1191 2016 1205 2063 ;
1235 2016 1341 2052 non
1373 2014 1622 2068 sponsus,
1654 1999 1748 2053 sed
1792 2002 1975 2071 sponsi

387 2093 614 2154 amicus,
668 2089 768 2144 fuit
799 2090 933 2143 adeo
967 2089 1156 2153 ﬁdelis,
1191 2096 1247 2142 et
1277 2106 1382 2142 non
1412 2104 1506 2142 sua
1552 2105 1832 2157 qumrens,
1880 2091 1975 2145 sed

387 2198 508 2252 quas
539 2174 916 2242 Jesu'Christi,
944 2188 1000 2233 ut
1022 2195 1081 2234 sc
1111 2178 1459 2249 proﬁteretur
1488 2180 1554 2235 ad
1584 2180 1839 2236 solvenda
1861 2183 1972 2237 cal-

386 2283 666 2328 ceamenta
694 2272 889 2343 pedum
918 2268 1032 2341 ejus
1064 2272 1334 2340 indignum
1353 2270 1530 2340 (Joan.
1564 2289 1647 2338 tu;
1671 2270 1864 2327 Matth.
1898 2290 1973 2340 m;

385 2359 515 2414 Luc.
550 2361 628 2429 ιιι)
660 2379 671 2412 :
699 2360 954 2429 quoniam
986 2360 1100 2428 ipse
1121 2360 1337 2428 quidem
1360 2360 1659 2430 baptizaret
1682 2362 1732 2414 in
1760 2378 1898 2432 aqua
1922 2363 1973 2417 in

386 2452 787 2526 pcenitcntiam,
813 2452 903 2506 ille
934 2461 1111 2505 autem
1132 2454 1497 2521 haptizaturus
1524 2461 1671 2507 esset
1700 2454 1749 2506 in
1773 2453 1974 2523 Spiritu

384 2551 577 2598 sancto
626 2551 681 2596 et
735 2541 844 2608 igni
873 2583 885 2605 ,
919 2543 1011 2609 qui
1041 2542 1241 2611 duplici
1266 2549 1563 2611 potestate,
1588 2550 1642 2595 et
1664 2544 1826 2596 vitam
1854 2544 1976 2598 red-

384 2636 578 2701 deret,
613 2643 665 2689 et
696 2643 917 2704 peccata
966 2641 1329 2687 consumeret.
1370 2630 1465 2687 His
1509 2632 1727 2701 itaque,
1781 2634 1976 2689 fratres

382 2723 684 2780 charissimi
711 2762 727 2789 ,
779 2732 858 2777 tot
902 2738 963 2777 ac
1000 2722 1163 2776 tantis
1202 2723 1555 2777 existentibus
1599 2723 1972 2791 documentis,

384 2818 580 2890 quibus
608 2817 755 2870 omni
808 2814 1156 2883 ambiguitate
1198 2815 1446 2868 submota
1496 2814 1775 2868 evidenter
1803 2829 1973 2883 agno-

384 2909 536 2964 scitis
558 2908 611 2962 in
640 2907 977 2976 baptizandis
1006 2906 1195 2961 electis
1220 2944 1236 2971 ,
1267 2905 1355 2973 qui
1378 2904 1674 2960 secundum
1712 2908 1973 2976 apostoli-

383 3014 505 3055 cam
556 2999 816 3067 regutam,
872 3006 927 3051 et
955 2996 1271 3051 exorcismis
1320 2996 1615 3061 scrutandi,
1664 3006 1720 3051 et
1757 2997 1976 3066 jejuniis

383 3088 757 3147 sanctiticandi
784 3127 799 3152 ,
829 3095 887 3142 et
936 3087 1305 3156 frequentibus
1333 3094 1459 3141 sunt
1508 3087 1977 3157 przedicationibus

386 3181 663 3238 imbuendi
686 3221 704 3247 ,
753 3179 860 3235 duo
892 3188 1095 3235 tantum
1128 3188 1371 3249 tempora
1398 3220 1414 3247 ,
1467 3180 1518 3233 id
1549 3188 1631 3235 est
1657 3179 1880 3248 Pascha,
1923 3189 1978 3236 et

388 3271 914 3338 Pentccosten,esse
970 3270 1252 3325 servanda.
1297 3268 1414 3325 [loc
1458 3278 1652 3324 vestra:
1695 3270 1978 3329 indicimus

387 3362 681 3428 charitati,
730 3370 789 3416 ut
832 3361 900 3415 ab
932 3360 1241 3430 apostolicis
1270 3360 1527 3414 institutis
1564 3361 1711 3414 nullo
1754 3362 1979 3417 ulterius

389 3451 661 3507 recedatis
706 3467 930 3506 excessu
957 3490 971 3517 ,
1011 3451 1136 3520 quia
1168 3450 1394 3505 inultum
1425 3451 1667 3519 posthaec
1706 3467 1825 3507 esse
1872 3470 1980 3509 non

390 3544 632 3614 poterit,
684 3545 729 3597 si
784 3543 1064 3611 quisquam
1112 3541 1435 3610 apostolicus
1473 3541 1686 3609 regulas
1716 3541 1767 3595 in
1802 3542 1980 3612 aliquo

393 3636 685 3690 crediderit
725 3633 1090 3703 negligendas.

394 3775 470 3830 Ut
508 3776 572 3829 de
609 3773 794 3829 Sicilia
816 3775 944 3827 terni
974 3789 1173 3843 anuper
1200 3774 1352 3826 annis
1371 3771 1593 3843 singulis
1649 3774 1712 3826 de
1732 3775 1983 3843 episcopis

402 3908 407 3913 η
466 3848 539 3899 ad
557 3847 691 3915 diem
721 3848 929 3915 tertium
956 3843 1059 3896 cal.
1087 3842 1324 3897 Octobris
1362 3842 1583 3899 Romam
1616 3842 1858 3903 socium“
1897 3862 1984 3915 ευρ

466 3916 606 3970 nodo
633 3913 1082 3969 indissimulanter
1104 3922 1398 3967 occurrant.

465 4025 605 4085 Xlll.
638 4026 879 4092 Quarum
908 4025 1038 4079 illud
1081 4024 1331 4095 primitus
1358 4040 1460 4095 pro
1486 4026 1729 4082 custodia
1757 4042 1986 4083 concor-

395 4119 630 4175 dissimac
678 4118 896 4171 unitatis
943 4116 1227 4183 exigimus,
1278 4126 1337 4172 ut
1384 4118 1509 4185 quia
1558 4118 1912 4174 saluberrime
1953 4133 1984 4173 a

393 4209 597 4264 sanctis
626 4206 876 4262 Patribus
895 4207 1245 4262 constitutum
1271 4215 1356 4261 est
1376 4209 1533 4261 binos
1550 4208 1604 4261 in
1633 4209 1788 4262 annis
1807 4209 1984 4276 singu-

395 4300 463 4355 lis
484 4299 686 4353 debere
726 4312 846 4354 esse
872 4306 1209 4352 conventus:
1247 4299 1382 4353 terni
1408 4312 1629 4366 semper
1646 4314 1713 4351 ex
1738 4299 1897 4354 vobis
1916 4298 1984 4354 ad

394 4392 539 4447 diem
562 4391 789 4445 tertium
828 4388 1173 4444 calendarum
1203 4388 1788 4443 OctobrinmRomam
1812 4428 1828 4452 ,
1873 4389 1983 4444 fra-

388 4492 555 4537 terno
586 4480 819 4536 concilio
842 4480 1083 4535 sociandi
1123 4480 1584 4534 indissimulanter
1626 4488 1979 4545 concurrant,

2150 550 2260 601 sine
2280 551 2602 617 promotioue
2629 550 2946 621 permaneat.

2150 657 2288 712 XIV.
2318 659 2427 714 Leo
2448 662 2733 731 episcOpus
2761 663 2905 717 urbis
2928 662 3113 717 Roma:
3133 663 3389 718 Januario
3413 665 3666 735 episcopo

2082 749 2680 817 Aquileiensi.»Lectis
2710 753 3054 809 fraternitatis
3083 764 3185 809 tua:
3216 757 3406 812 litteris
3429 758 3666 825 vigorem

2082 839 2202 893 ﬁdei
2247 848 2349 895 tuae
2369 883 2383 909 ,
2427 856 2588 910 quem
2619 844 2745 898 olim
2778 860 3133 912 noveramus,
3161 846 3514 913 agnovimus:
3539 862 3669 901 con-

2079 932 2412 998 gratulantes
2460 934 2591 997 tibi,
2624 935 2767 1003 quod
2808 935 2874 989 ad
2924 935 3219 989 custodiam
3250 937 3425 1005 gregis
3465 935 3667 991 Christi

2081 1023 2402 1090 pastoralem
2434 1038 2616 1077 curam
2646 1024 2932 1091 vigilanter
2951 1025 3281 1092 exsequeris,
3315 1040 3381 1079 ne
3412 1025 3542 1094 lupi,
3576 1041 3668 1093 qu:

2079 1115 2179 1167 sub
2205 1115 2386 1183 specie
2415 1116 2594 1169 ovium
2634 1116 3021 1180 subintrarunt,
3054 1117 3263 1170 bestiali
3308 1117 3511 1171 saevitia
3541 1119 3668 1172 sim-

2079 1206 2246 1274 plices
2290 1220 2531 1275 quosque
2554 1206 2854 1261 dilacerant
2876 1248 2889 1271 ,
2923 1215 2980 1260 et
3026 1223 3132 1261 non
3185 1207 3359 1261 solum
3391 1208 3490 1275 ipsi
3522 1208 3667 1262 nulla

2080 1294 2414 1349 correctione
2443 1296 2729 1365 proﬁciant
2755 1338 2769 1361 ,
2803 1297 2895 1351 sed
2926 1298 3089 1350 etiam
3117 1311 3180 1351 ea
3221 1311 3339 1365 qua:
3367 1308 3487 1351 sunt
3512 1314 3665 1366 sana,

2079 1394 2430 1455 corrumpant
2460 1404 2473 1439 :
2506 1388 2648 1455 quod
2696 1402 2764 1440 ne
2794 1388 3008 1456 viperea
3041 1388 3210 1455 possit
3243 1387 3487 1442 obtinere
3517 1388 3668 1441 falla-

2078 1476 2179 1542 cia,
2209 1477 2553 1532 dilectionem
2586 1487 2728 1531 tuam
2759 1479 3008 1533 duximus
3034 1480 3513 1544 commonendam,
3539 1481 3687 1541 insi—_

2080 1576 2309 1622 nuantes
2352 1568 2423 1621 ad
2446 1570 2636 1622 anima:
2659 1570 2954 1637 periculum
2982 1571 3274 1639 pertinere,
3305 1571 3347 1625 si
3381 1572 3667 1641 quisquam

2078 1654 2145 1711 de
2171 1657 2255 1712 his
2272 1658 2362 1726 qui
2389 1673 2418 1711 a
2450 1659 2609 1712 nobis
2634 1659 2686 1711 in
2717 1659 3093 1713 hzrreticorum
3115 1668 3278 1728 atque
3300 1661 3665 1716 schismaticoo

2078 1765 2194 1803 rum
2226 1759 2426 1804 sectam
2457 1751 2728 1819 delapsis,
2761 1760 2817 1805 et
2854 1767 2911 1806 se
2933 1760 3203 1820 utcunque
3223 1752 3488 1807 haeretica:
3518 1769 3668 1807 com-

2012 1853 2048 1908 Β
2079 1841 2346 1895 munionis
2376 1842 2700 1907 contagione
2738 1841 3025 1894 macularit
3046 1883 3061 1908 ,
3086 1842 3411 1911 resipiscens
3440 1844 3492 1896 in
3518 1859 3664 1898 com—

2080 1930 2334 1984 munione
2354 1930 2619 1985 catholica
2661 1931 2779 1985 sine
2816 1931 3153 2001 professione
3180 1932 3431 2001 legitimae
3459 1934 3668 1989 satisfa-

2078 2020 2275 2074 ctionis
2286 2021 2567 2076 habeatur.
2584 2020 3006 2075 Saluberrimutn
3030 2022 3191 2086 enim,
3207 2032 3263 2077 et
3280 2025 3534 2092 spiritalis
3558 2041 3643 2080 me

2078 2109 2269 2165 dicina:
2297 2111 2529 2167 utilitate
2561 2112 2929 2182 plenissimum
2976 2122 3090 2179 est,
3120 2124 3178 2166 ut
3206 2115 3319 2168 sive
3348 2116 3665 2185 presbyteri,

2079 2202 2193 2256 sive
2222 2202 2436 2257 diaconi
2462 2240 2477 2268 ,
2529 2203 2617 2256 vel
2650 2202 2964 2256 subdiaconi
2989 2242 3003 2265 ,
3031 2210 3124 2257 aut
3160 2202 3441 2272 cujuslibet
3467 2204 3668 2259 ordinis

2078 2290 2281 2354 clerici,
2328 2292 2420 2359 qui
2456 2306 2516 2346 se
2556 2300 2832 2346 correctos
2863 2291 3031 2345 videri
3061 2291 3278 2357 volunt,
3306 2301 3467 2362 atque
3487 2293 3553 2347 ad
3579 2310 3670 2349 ca-

2079 2381 2333 2434 tholicam
2358 2379 2540 2444 ﬁdem,
2567 2396 2729 2450 quam
2755 2380 3077 2449 jampridem
3107 2380 3433 2449 amiserant,
3458 2398 3670 2440 rursum

2078 2472 2275 2525 reverti
2302 2455 2562 2535 ambiunt,
2592 2473 2745 2541 prius
2766 2488 2980 2526 errores
3009 2488 3155 2537 suos,
3190 2482 3244 2527 et
3261 2473 3407 2542 ipsos
3425 2486 3678 2532 auctores

2077 2563 2279 2616 erroris
2304 2563 2549 2616 damnari
2579 2577 2609 2615 a
2640 2577 2700 2616 se
2727 2563 2842 2616 sine
2873 2563 3221 2629 ambiguitate
3264 2563 3539 2618 fateantur
3563 2605 3582 2633 ,
3611 2575 3670 2619 ut

2078 2653 2325 2706 sensibus
2337 2653 2517 2722 pravis
2532 2652 2693 2706 etiam
2706 2653 2998 2721 peremptis
3012 2653 3153 2706 nulla
3169 2652 3417 2721 sperandi
3440 2655 3680 2723 supersit

2077 2744 2313 2805 occasio,
2341 2759 2440 2798 nec
2464 2744 2630 2797 ullum
2649 2744 3011 2797 membrorum
3030 2742 3215 2795 talium
3232 2743 3399 2813 possit
3415 2748 3681 2801 societatv

2077 2833 2288 2898 violari,
2308 2850 2430 2888 cum
2460 2848 2558 2904 per
2585 2835 2765 2888 omnia
2786 2836 2894 2891 illis
2919 2836 3181 2905 professio
3206 2838 3424 2907 propria
3447 2838 3673 2908 ceperit

2080 2926 2319 2980 obviare.
2344 2925 2500 2981 Circa
2521 2940 2657 2995 quos
2686 2927 2847 2981 etiam
2875 2928 3020 2981 illam
3046 2943 3314 2983 canonum
3336 2930 3672 2985 constitutio-

2079 3032 2201 3071 nem
2223 3017 2559 3087 praecipimus
2588 3018 2864 3081 custodiri,
2891 3027 2948 3072 ut
2974 3019 3025 3072 in
3044 3032 3239 3086 magno
3263 3019 3493 3074 habeant
3514 3020 3673 3075 bene-

2081 3106 2223 3173 ﬁcio,
2240 3107 2545 3177 siadempta
2567 3107 2668 3161 sibi
2690 3109 2835 3161 omni
2857 3124 2954 3177 spe
2983 3109 3362 3177 promotionis,
3393 3112 3447 3163 in
3464 3124 3572 3178 quo
3588 3111 3670 3163 in-

2008 3226 2053 3286 ρ
2086 3202 2377 3257 veniuntur
2406 3203 2627 3267 ordine,
2674 3203 2970 3258 stabilitate
3011 3211 3271 3274 perpetua
3302 3210 3555 3256 maneant
3585 3219 3597 3252 :
3628 3201 3675 3256 si

2082 3299 2265 3347 tamen
2325 3293 2517 3347 iterata
2549 3294 2810 3347 tinctione
2859 3308 2967 3347 non
3008 3291 3209 3348 fuerint
3252 3291 3526 3346 maculati.
3558 3290 3674 3346 Non

2078 3386 2255 3440 levem
2286 3386 2425 3454 apud
2449 3384 2732 3439 Dominum
2759 3401 2954 3439 noxam
2985 3386 3209 3441 incurrit
3233 3427 3247 3450 ,
3274 3384 3365 3454 qui
3391 3385 3458 3439 de
3480 3384 3675 3439 talibus

2083 3476 2149 3531 ad
2203 3492 2389 3532 sacros
2436 3477 2830 3546 promovendos
2871 3478 3088 3533 ordines
3134 3476 3428 3547 judicarit;
3460 3476 3603 3547 quod
3630 3476 3675 3532 si

2083 3583 2204 3622 cum
2264 3553 2448 3635 grandi
2504 3570 2903 3624 examinatione
2932 3572 3205 3639 promotio
3246 3572 3564 3627 conceditur
3602 3574 3679 3627 in»

2084 3658 2347 3728 culpatis,
2394 3659 2566 3713 multo
2610 3660 2779 3727 magis
2817 3676 2925 3713 non
2974 3662 3135 3715 debet
3177 3663 3341 3717 licere
3388 3666 3671 3734 suspectis.

2084 3751 2318 3806 Proinde
2346 3752 2564 3807 dilectio
2595 3761 2703 3814 tua,
2736 3753 2890 3821 cujus
2911 3753 3199 3808 devotione
3223 3756 3538 3822 gaudemus,
3558 3756 3677 3825 jun-

2085 3849 2172 3911 gat
2200 3858 2384 3897 curam
2426 3859 2579 3897 suam
2618 3843 3063 3913 dispositionibus
3086 3847 3281 3900 nostris
3303 3888 3316 3913 ,
3339 3856 3393 3901 et
3422 3847 3512 3902 det
3540 3863 3673 3917 ope-

2084 3950 2224 4003 ram,
2254 3942 2314 3989 ut
2340 3935 2729 4004 circumSpccte
2774 3950 2837 3990 ac
2888 3936 3145 3991 velociter
3168 3937 3515 4006 impleantur,
3556 3954 3674 4007 qua:

2086 4025 2153 4079 ad
2175 4024 2344 4080 totius
2370 4024 2624 4081 Ecclesia:
2650 4025 3092 4089 incolumitatem,
3117 4034 3172 4081 et
3192 4026 3529 4082 laudabiliter
3551 4042 3676 4098 sug-

2086 4126 2235 4187 gesta
2255 4125 2400 4177 sunt,
2427 4125 2482 4171 et
2509 4117 2795 4172 salubriter
2820 4118 3086 4171 ordinata.
3119 4117 3236 4171 Non
3267 4126 3445 4171 autem
3467 4117 3677 4172 dubitet

2088 4208 2308 4264 dilectio
2339 4216 2429 4262 tua
2449 4249 2465 4276 ,
2498 4223 2615 4269 nos,
2642 4206 2687 4261 si
2718 4207 2885 4276 (quod
2915 4223 3023 4261 non
3053 4206 3400 4279 arbitramur)
3432 4208 3677 4275 neglecta

2087 4300 2326 4363 fuerint,
2358 4313 2477 4367 qua:
2508 4313 2605 4366 pro
2635 4298 2877 4352 custodia
2909 4313 3207 4363 canonum,
3242 4306 3297 4351 et
3324 4313 3423 4367 pro
3451 4298 3574 4351 ﬁdei
3604 4297 3658 4351 in

2087 4388 2341 4457 tegritate
2392 4386 2764 4453 decernimus,
2823 4387 3196 4441 vehementius
3238 4389 3675 4452 commovendos,

2088 4480 2214 4548 quia
2254 4478 2574 4532 inferiorum
2602 4477 2850 4531 ordinum
2882 4477 3053 4546 culpae
3099 4476 3165 4530 ad
3194 4477 3372 4532 nullos
3398 4478 3568 4546 magis
3594 4491 3680 4532 re-

395 4575 656 4645 quoniam
686 4573 974 4642 adjavante
1000 4573 1169 4641 gratia
1210 4572 1306 4626 Dei
1338 4572 1546 4627 facilius
1562 4573 1770 4642 poterit
1798 4574 1982 4642 provi-
2017 4604 2065 4662 Ι)
2090 4569 2323 4625 ferenda:
2351 4577 2512 4634 sunt,
2544 4584 2702 4639 quam
2735 4568 2800 4622 ad
2832 4568 3045 4623 desides
3087 4569 3530 4639 negligentesque
3586 4586 3675 4625 re-

395 4669 538 4731 deri,
572 4676 632 4720 ut
674 4669 729 4721 in
773 4666 1031 4722 Ecclesiis
1078 4665 1279 4721 Christi
1324 4666 1468 4719 nulla
1516 4665 1798 4733 scandala,
1856 4665 1985 4719 nulli

396 4764 692 4814 nascantur
741 4770 988 4819 errores,
1040 4772 1163 4812 cum
1221 4772 1403 4811 coram
1458 4756 1773 4810 beatissimo
1825 4753 1988 4810 Petro

397 4847 651 4917 apostolo
681 4847 731 4901 id
760 4860 975 4917 semper
997 4848 1051 4901 in
1078 4863 1366 4902 commune
1409 4846 1747 4901 tractandum
1793 4847 1863 4901 sit
1889 4886 1904 4913 ,
1928 4856 1989 4900 ut

398 4937 580 4992 omnia
608 4937 773 5007 ipsius
819 4937 1113 4993 constituta
1136 4976 1151 4999 ,
1191 4950 1570 5004 canonumque
1598 4936 1817 4990 decreta
1848 4935 1987 5004 apud

399 5044 593 5084 omnes
644 5028 858 5083 Domini
923 5027 1240 5083 sacerdotes
1309 5027 1566 5083 inviolata
1614 5034 1984 5095 permaneant.

390 5118 528 5174 llaec
556 5127 758 5185 autem,
779 5134 903 5188 quae
924 5118 1218 5189 inspirante
1245 5117 1473 5173 Domino
1494 5118 1648 5172 vobis
1670 5116 1987 5172 insinuanda

398 5210 747 5277 credidimus,
778 5225 876 5280 per
915 5208 1112 5263 fratres
1141 5216 1197 5263 et
1223 5208 1579 5278 coepiscopos
1606 5216 1820 5263 nostros
1854 5206 1989 5261 Vac-

396 5304 584 5360 cillum
622 5311 679 5357 et
704 5300 1092 5356 Paschasinum
1122 5299 1189 5353 ad
1204 5308 1437 5354 vestram
1460 5299 1710 5355 volumus
1739 5300 1983 5354 notitiam

397 5395 685 5467 pervenire
702 5432 716 5457 ,
747 5394 940 5464 quibus
965 5392 1322 5447 referentibus
1347 5402 1734 5461 cognoscamus
1757 5433 1771 5457 ,
1822 5408 1981 5460 quam

396 5493 716 5541 reverenter
740 5499 770 5538 a
794 5484 946 5538 vobis
975 5482 1287 5553 apostolica:
1315 5482 1460 5537 sedis
1490 5482 1730 5537 instituta
1761 5497 1984 5537 serven-

400 5587 509 5631 tur.
562 5575 696 5629 Data
730 5590 801 5631 xu
830 5575 933 5628 cal.
973 5573 1261 5644 Novemb,
1293 5572 1593 5643 Calopodio
1622 5581 1678 5629 ct
1717 5573 1995 5630 Ardabure

390 5678 583 5723 'conss.
615 5666 719 5738 (An
746 5665 938 5720 Christi
962 5664 1115 5734 M7.)

404 5776 559 5843 Quod
580 5780 747 5833 omnis
776 5778 1046 5848 cujuslibet
1075 5778 1273 5832 ordinis
1297 5777 1539 5843 clericus,
1571 5778 1657 5843 qui
1687 5778 1995 5831 catholicam

473 5848 714 5902 deserens
762 5849 1019 5904 Itwretica.’
1066 5865 1121 5902 se
1165 5848 1513 5903 communioni
1536 5849 1833 5903 miscuerit:
1856 5851 1900 5903 si
1928 5849 1996 5902 ad

2089 4670 2267 4716 ctores
2298 4678 2311 4714 :
2344 4662 2434 4730 qui
2466 4662 2687 4714 multam
2719 4675 2859 4731 saepe
2890 4661 3131 4714 nutriunt
3155 4662 3679 4730 pestilentiam,dum

2087 4753 2452 4806 necessariam
2497 4751 2834 4807 dissimulant
2882 4751 3139 4807 adhibere
3180 4754 3517 4808 medicinam.
3548 4754 3682 4809 Data

2088 4858 2144 4899 ιιι
2174 4843 2275 4899 cal.
2308 4843 2567 4911 Januarii,
2593 4844 2782 4917 Alypio
2811 4853 2865 4898 et
2894 4844 3172 4899 Ardabure
3200 4862 3379 4901 conss.

2163 4935 2274 4989 Leo
2290 4934 2512 4990 Rustico
2538 4936 2796 5006 episcopo
2808 4934 3163 4990 Narbonensi.
3197 4936 3437 4992 Subditis
3458 4953 3683 5008 respon-

2092 5027 2353 5093 sionibus,
2387 5033 2440 5082 et
2471 5027 2539 5081 ad
2567 5026 2804 5095 ejusdem
2826 5027 3070 5082 consulta
3100 5027 3391 5097 rescriptis.

2166 5116 2437 5186 Epistolas
2464 5116 2814 5171 fraternitatis
2838 5124 2939 5170 tuae
2963 5158 2978 5181 ,
3011 5132 3144 5184 quas
3165 5114 3390 5171 Hermes
3417 5118 3683 5173 archidia-

2092 5223 2262 5263 conus
2295 5207 2526 5275 detulit,
2558 5208 2789 5263 libenter
2834 5207 3036 5277 accepi.
3088 5206 3428 5261 Diversarum
3465 5209 3680 5277 quidem

2087 5312 2372 5354 causarum
2401 5298 2739 5352 connexione
2763 5297 3101 5365 multiplices,
3133 5294 3228 5350 sed
3259 5313 3365 5350 non
3385 5297 3455 5350 ita
3480 5299 3682 5368 patien-

2088 5395 2174 5449 tize
2206 5394 2429 5463 legentis
2451 5374 2740 5456 onerosas‘,
2775 5401 2831 5446 ut
2854 5391 3053 5461 aliquid
3081 5407 3264 5447 carum
3292 5392 3431 5447 inter
3453 5409 3680 5447 concur-

2095 5495 2278 5540 rentes
2309 5484 2541 5552 undique
2589 5481 2974 5539 sollicitudines
3026 5483 3186 5537 fuerit
3236 5484 3675 5552 praatermissum.

2102 5574 2253 5631 Unde
2305 5575 2471 5628 totius
2510 5574 2774 5627 sermonis
2831 5574 2909 5627 tui
2966 5573 3291 5641 allegatione
3319 5586 3600 5644 concepta,
3630 5585 3682 5629 et

2098 5667 2282 5734 gestis,
2338 5680 2458 5733 qua:
2498 5664 2551 5717 in
2591 5664 2966 5733 episcoporum
3014 5664 3512 5735 honoratorumque
3556 5682 3687 5720 exa-

2099 5757 2243 5810 mine
2272 5754 2518 5809 confecta
2546 5762 2671 5808 sunt
2696 5796 2712 5821 ,
2739 5754 3038 5819 recensitis,
3072 5753 3366 5812 Sabiniano
3394 5768 3449 5811 et
3473 5756 3639 5811 Leoni
3662 5794 3678 5821 ,

2106 5846 2432 5920 presbyteris
2480 5846 2707 5902 actionis
2750 5858 2854 5901 tua:
2904 5845 3264 5902 intelleximus
3308 5845 3553 5903 ﬁduciam
3588 5848 3682 5904 de«
