4104 6468
471 290 570 361 231

1732 333 1738 338 -
1772 296 2126 354 DIONYSIUS
2163 297 2482 354 EXIGUUS.

3630 303 3738 360 288

468 403 653 470 fuisse,
685 417 782 457 nec
804 402 1098 472 eisjustam
1122 420 1404 475 superesse
1427 407 1836 476 querimoniam,
1868 409 1959 478 qui
1989 413 2123 470 se‘A
2156 409 2298 463 nulla
2330 417 2553 478 possunt
2580 409 2793 466 ratione
2820 411 3092 480 compelli,
3121 413 3192 467 ita
3231 413 3399 468 multa
3443 425 3591 483 sunt,
3616 433 3736 484 quae

467 496 535 547 ab
579 494 844 549 inchoatis
886 495 1363 564 disceptationibus
1417 505 1612 566 sponte
1641 498 2043 553 subtraxerunt.

466 585 620 638 Circa
651 601 784 654 quos
803 600 962 653 quam
990 584 1234 650 formam,
1258 601 1490 654 quamve
1515 603 1821 642 mensuram
1849 588 2047 642 debeas

468 682 651 728 tenere
675 673 893 741 justitia:
917 714 931 739 ,
967 684 1058 728 tuo
1087 675 1331 746 relinquo
1375 679 1748 734 moderamini.
1803 679 2047 734 Suadens

466 779 640 818 tamen
664 765 938 820 charitatis
956 767 1191 832 hortatu,
1221 776 1278 822 ut
1294 771 1544 824 sanandis
1569 771 1724 838 aegris
1751 771 2045 840 spiritalem

465 855 662 909 debeas
711 855 972 910 adbibere
1014 859 1364 926 medicinam,
1394 867 1451 914 et
1479 859 1692 914 dicente
1719 859 1993 930 Scriptura
2028 878 2042 915 :

464 944 714 1001 Noliesse
732 945 953 1000 nimium
969 947 1445 1015 justns(Ercl.vn),
1476 950 1656 1003 mitius
1668 965 1794 1020 agas
1807 967 1926 1005 cum
1945 951 2042 1017 eis,

462 1036 553 1104 qui
599 1037 716 1092 zelo
765 1038 1032 1106 pudicitia:
1061 1040 1310 1093 videntur
1337 1041 1554 1094 modum
1589 1041 1884 1097 excessisse
1929 1043 2048 1095 vin-

462 1128 638 1192 dictae,
671 1143 738 1182 ne
759 1128 1005 1183 diabolus
1032 1130 1116 1199 qui
1141 1129 1354 1198 decepit
1381 1131 1674 1195 adulteros,
1697 1130 1766 1185 de
1793 1130 2042 1186 adulterii

463 1219 697 1272 exsultet
721 1220 1007 1273 ultoribus.
1035 1218 1204 1273 Miror
1235 1228 1414 1274 autem
1445 1221 1790 1276 dilectionem
1823 1231 1967 1274 tuam
1991 1221 2045 1277 in

462 1317 672 1363 tantum
724 1310 1098 1364 scandalorum
1151 1325 1473 1378 quacunque
1501 1311 1789 1366 occasione
1815 1326 2044 1366 nasren—

463 1399 592 1454 tium
616 1400 940 1454 adversitate
964 1401 1194 1455 titubare
1211 1440 1226 1465 ,
1262 1410 1318 1455 ut
1343 1401 1677 1455 vacationem
1705 1403 2045 1471 episcopatus

462 1489 735 1544 laboribus
747 1499 1041 1559 preceptare
1054 1499 1106 1544 te
1127 1490 1294 1554 dicas,
1313 1499 1365 1544 et
1383 1491 1542 1545 malle
1564 1492 1616 1544 in
1639 1491 1855 1546 silentio
1884 1499 2045 1559 atque

461 1580 574 1634 otio
594 1580 758 1633 vitam
787 1580 981 1647 degere
1001 1619 1017 1644 ,
1049 1595 1210 1648 quam
1259 1580 1312 1632 in
1343 1579 1453 1644 his,
1485 1594 1606 1648 qua:
1632 1580 1727 1636 tibi
1754 1583 2042 1636 commissa

461 1677 604 1732 sunt,
633 1683 948 1736 permanere
972 1709 988 1736 ,
1019 1668 1232 1723 dicente
1255 1684 1379 1722 vere
1406 1669 1652 1737 Domino,
1675 1670 1874 1725 Beatus
1903 1687 1914 1722 :
1949 1672 2041 1739 qui

461 1759 824 1826 perseveravit
868 1774 1035 1828 usque
1083 1759 1136 1812 in
1177 1759 1334 1814 ﬁnem
1365 1759 1581 1830 (Mattlt.
1637 1762 1691 1830 ι)
1716 1800 1732 1825 ,
1761 1761 1900 1817 unde
1937 1763 2042 1816 erit
2076 1777 2118 1836 Β

459 1847 616 1902 beata
649 1848 1077 1916 perseverantia,
1108 1848 1210 1902 nisi
1241 1847 1303 1901 de
1343 1851 1538 1902 virtute.
1576 1850 1880 1918 patientiae?
1910 1850 2044 1904 Nam

460 1938 752 1992 secundum
795 1939 1144 2006 apostolicam
1191 1939 1665 2008 praedicationem:
1696 1937 1924 2006 Omnes,
1951 1940 2045 2010 qui

462 2029 733 2082 voluerint
761 2029 812 2082 in
844 2027 1059 2082 Christo
1103 2028 1190 2098 pie
1221 2029 1400 2084 vivere
1423 2070 1440 2098 ,
1468 2031 1898 2099 persecutionem
1945 2048 2042 2103 pa-

463 2119 662 2171 tientur
685 2117 770 2189 (11
805 2118 933 2172 Tim.
967 2119 1044 2188 ιιι)
1070 2158 1085 2184 ,
1115 2134 1236 2188 qua:
1264 2135 1370 2173 non
1403 2121 1454 2174 in
1486 2135 1554 2175 eo
1583 2129 1788 2176 tantum
1827 2136 2046 2192 compu-

463 2207 623 2260 tanda
671 2216 772 2273 est,
827 2209 971 2276 quod
1017 2217 1207 2263 contra
1261 2208 1618 2264 Christianam
1669 2213 1922 2282 pietatem
1949 2223 2044 2268 aut

460 2295 622 2363 ferro,
643 2307 736 2351 aut
759 2298 966 2366 ignibus
986 2300 1178 2368 agitur,
1198 2308 1291 2353 aut
1310 2301 1720 2372 quibuscunque
1739 2305 2038 2375 suppliciis:

457 2403 580 2443 cum
620 2389 1051 2458 persecutionum
1090 2391 1350 2446 saevitiam
1377 2393 1665 2463 suppleant
1683 2403 1738 2449 et
1765 2394 2038 2450 dissimili-

461 2478 672 2532 tudines
685 2494 916 2544 morum,
949 2483 1823 2554 etcontumaciaainohedientium,
1850 2495 1904 2542 et
1927 2503 2042 2542 ma-

455 2570 718 2638 lignarum
765 2571 867 2626 tela
909 2573 1228 2642 linguarum.
1288 2572 1496 2640 Quibus
1534 2574 2041 2636 conﬂictationibus

455 2677 578 2718 cum
605 2665 782 2718 omnia
811 2679 1024 2734 semper:
1051 2668 1291 2722 membra
1323 2669 1636 2737 pulsentur,
1661 2679 1717 2725 et
1745 2671 1890 2725 nulla
1931 2672 2042 2741 pio-

454 2768 573 2808 rum
595 2755 771 2822 portio
800 2770 832 2807 a
853 2754 1252 2812 conﬂictatione
1273 2758 1344 2812 sit
1374 2758 1539 2813 libera
1555 2798 1571 2824 ,
1605 2760 1679 2813 ita
1710 2769 1770 2814 ut
1787 2761 2041 2829 periculis

453 2859 558 2899 nec
581 2846 693 2900 otia
723 2855 972 2910 careant,
1001 2863 1102 2902 nec
1128 2848 1358 2902 labores.
1389 2849 1520 2916 Quis
1548 2851 1687 2906 inter
1714 2850 1905 2908 ﬂuctus
1933 2869 2041 2909 ma-

405 2953 412 2960 ·
453 2934 530 2990 ris
559 2949 750 2988 navem
778 2935 1010 3005 diriget,
1041 2937 1088 2992 si
1123 2937 1452 3005 gubernator
1499 2941 1787 2996 abscedat?
1811 2942 1946 3008 Quis
1971 2945 2039 3000 ab

455 3022 660 3077 insidiis
685 3025 930 3093 luporum
947 3027 1213 3081 custodiet
1239 3043 1386 3092 oves,
1404 3030 1450 3084 si
1481 3039 1754 3100 pastorum
1779 3048 1908 3088 cura
1928 3049 2038 3090 non

454 3115 641 3183 vigilet
670 3116 850 3184 (Joan.
880 3120 936 3188 x)
962 3119 984 3172 ἲ
1009 3117 1137 3184 Quis
1165 3120 1396 3190 denique
1417 3123 1714 3180 latronibus
1737 3125 1966 3189 obsistet
1981 3136 2038 3184 et

454 3207 660 3262 furibus
683 3249 700 3276 ,
728 3209 772 3262 si
801 3211 1193 3278 speculatorem
1221 3213 1272 3266 in
1320 3223 1608 3284 prospectu
1653 3217 2038 3287 explorationis

456 3299 692 3355 locatum
725 3301 792 3355 ab
816 3302 1111 3357 intentione
1138 3304 1510 3360 sollicitudinis
1542 3321 1696 3362 amor
1719 3309 1914 3377 quietis
1941 3309 2040 3364 ab-

456 3389 619 3443 ducat
648 3389 859 3462 (Ezech.
889 3391 967 3464 tn)
996 3395 1018 3446 ?
1067 3393 1494 3450 Pernianeudum
1517 3412 1646 3466 ergo
1685 3407 1768 3456 est
1795 3401 1848 3455 in
1873 3417 2037 3471 opere

454 3479 660 3535 credito
707 3491 764 3536 et
813 3483 865 3536 in
907 3482 1093 3538 labore
1119 3497 1389 3555 suscepto.
1444 3486 1784 3544 Constanter
1805 3491 2036 3547 tenenda

453 3569 784 3638 estjustitia,
829 3581 883 3627 ct
930 3574 1159 3642 benigne
1205 3578 1505 3644 priestanda
1546 3580 1851 3635 clementia.
1903 3581 2036 3638 Odia

454 3661 755 3717 habeantur
779 3673 998 3736 peccata
1025 3707 1040 3731 ,
1073 3682 1178 3720 non
1225 3667 1490 3723 homines.
1537 3668 1910 3740 Corripiantur
1949 3681 2035 3727 tu-

453 3753 581 3808 midi
607 3795 623 3816 ,
667 3755 962 3811 tolerentur
989 3757 1181 3812 inﬁrmi
1207 3799 1222 3825 ,
1253 3769 1310 3814 et
1343 3762 1489 3830 quod
1519 3763 1759 3817 severius
1785 3764 2036 3832 castigari

453 3858 675 3898 necesse
705 3854 784 3899 est
808 3886 824 3912 ,
857 3861 963 3900 non
985 3848 1252 3902 saavientis
1277 3849 1544 3918 plectatur
1571 3852 1775 3919 animo,
1803 3852 1896 3906 sed
1922 3868 2038 3908 me-

453 3934 653 3992 dentis.
685 3935 756 3988 At
783 3936 824 3990 si
854 3938 1224 3994 vehementior
1266 3940 1540 3996 tribulatio
1565 3943 1902 4010 incubuerit,
1923 3960 2035 3999 non

452 4026 527 4081 ita
553 4041 974 4096 expavescamus
994 4069 1008 4093 ,
1035 4029 1189 4097 quasi
1218 4029 1294 4084 illi
1323 4030 1634 4086 adversitati
1664 4033 1896 4102 propriis
1916 4034 2039 4089 viri-

452 4117 553 4174 bus
579 4119 880 4173 resistendo
904 4160 921 4188 ,
950 4134 1073 4174 cum
1102 4129 1158 4175 et
1184 4121 1464 4176 consilium
1493 4131 1756 4192 nostrum,
1795 4135 1851 4179 et
1877 4125 2033 4180 forti-

453 4205 582 4260 tudo
621 4206 692 4262 sit
728 4205 973 4262 Christus
998 4246 1015 4270 ,
1047 4222 1111 4263 ac
1139 4208 1256 4263 sine
1282 4225 1391 4280 quo
1419 4211 1550 4265 nihil
1585 4227 1868 4281 possumus
1891 4255 1908 4282 ,
1937 4228 2034 4284 per

453 4294 625 4362 ipsum
652 4307 841 4352 cuncta
868 4313 1173 4367 possumus,
1196 4300 1288 4367 qui
1315 4301 1637 4356 conﬁrmans
1658 4303 2036 4372 praedicatores

454 4383 764 4453 Evangelii,
807 4396 862 4441 et
905 4397 1362 4444 sacramentorum
1392 4391 1663 4447 ministros
1696 4411 1709 4446 :
1747 4392 1888 4447 Ecce
1934 4408 2034 4463 ego

454 4477 670 4546 (inquit)
696 4477 970 4532 vobiscum
999 4494 1115 4534 sum
1145 4481 1394 4536 omnibus
1412 4481 1600 4538 diebus
1623 4499 1792 4553 usque
1819 4485 1886 4540 ad
1909 4500 2037 4540 con-
2063 4523 2115 4582 Β
2137 4477 2317 4564 ﬁeri,“
2364 4477 2565 4577 31-32103
2591 4548 2608 4575 ,

451 4569 862 4622 summationem
904 4571 1079 4626 satculi
1105 4571 1318 4641 (Matth.
1357 4574 1500 4644 ult.).
1548 4573 1616 4629 Ει
1638 4577 1870 4631 iterum:
1907 4577 2031 4634 Hch

452 4657 668 4728 (inquit)
701 4658 910 4714 locutus
930 4674 1048 4714 sum
1071 4661 1240 4726 vobis,
1272 4671 1331 4717 ut
1359 4663 1411 4718 in
1441 4680 1526 4719 me
1547 4681 1733 4735 pacem
1756 4667 2025 4724 habeatis:

450 4749 503 4802 in
546 4748 654 4802 hoc
689 4756 869 4802 autem
917 4750 1114 4804 mundo
1163 4753 1559 4810 tribulationem
1607 4756 1904 4826 habebitis,
1933 4758 2027 4814 sed

449 4839 705 4895 conﬁdite
727 4880 742 4903 ,
774 4841 900 4910 quia
930 4856 1030 4910 ego
1058 4843 1162 4897 vici
1208 4845 1466 4900 mundum
1509 4846 1687 4918 (Joan.
1733 4849 1864 4918 xvi).
1898 4849 2028 4918 Qua:

448 4932 865 5001 pollicitationes
885 4934 1009 5002 quia
1040 4935 1156 4990 sine
1186 4936 1349 4991 dubio
1373 4937 1667 4992 manifesta:
1689 4947 1833 5002 sunt,
1869 4940 2027 4997 nullis

443 5011 702 5078 debemus
729 5025 995 5081 scandalis
1021 5025 1277 5081 inﬁrmari
1305 5070 1322 5094 ,
1351 5045 1418 5084 ne
1450 5030 1703 5084 electioni
1733 5031 1825 5086 Dei
1845 5033 2030 5088 videa-

446 5128 565 5166 mur
595 5114 807 5182 ingrati,
831 5115 984 5183 cujus
1014 5125 1121 5170 tam
1153 5118 1389 5186 patentia
1411 5127 1536 5172 sunt
1560 5120 1842 5189 adjutoria,
1867 5137 2028 5190 quam

447 5216 572 5255 vera
596 5203 880 5270 promissa.
907 5203 982 5259 De
1011 5205 1496 5262 consultationibus
1523 5217 1702 5262 autem
1723 5210 2026 5268 dilectionis

447 5297 581 5356 tum,
615 5308 747 5362 quas
771 5296 1064 5363 separatim
1093 5297 1429 5366 conscriptas
1466 5299 1873 5356 archidiaconus
1905 5312 2026 5358 tuus

444 5381 655 5449 detulit,
683 5385 811 5453 quid
840 5387 1176 5442 sentiendum
1205 5388 1275 5442 sit
1297 5387 1438 5444 inter
1467 5401 1756 5460 praesentes
1774 5405 2027 5462 opportu-

444 5473 566 5527 nius
593 5462 926 5542 quaareretur
947 5519 961 5544 ,
1011 5479 1055 5534 si
1086 5480 1242 5535 nobis
1272 5491 1592 5552 conspectus
1623 5483 1696 5537 tui
1727 5486 1879 5555 c0pia
1908 5503 2028 5555 pro-

443 5565 688 5632 veniret;
724 5581 844 5619 nam
876 5583 995 5622 eum
1026 5571 1270 5639 quaidam
1325 5572 1765 5644 interrogationis
1804 5577 2022 5630 modum

444 5655 728 5710 videantur
749 5659 1012 5713 excedere
1036 5701 1050 5725 ,
1083 5662 1322 5730 intelligo
1349 5680 1441 5720 eas
1481 5667 1764 5736 colloquiis
1789 5669 2024 5737 aptiores

441 5761 580 5813 esse,
614 5761 772 5817 quam
819 5751 1054 5823 scriptis.
1085 5752 1220 5820 Quia
1250 5756 1389 5812 sicut
1439 5759 1681 5832 qumdam
1729 5771 1876 5830 sunt,
1903 5777 2022 5832 qua:

2149 509 2240 553 aut
2268 514 2368 568 pro
2396 500 2828 556 consideratione
2873 512 3090 556 aetatum
3115 544 3129 568 ,
3155 512 3247 558 aut
3277 520 3376 575 pro
3413 509 3736 564 necessitate

2150 603 2328 642 rerum
2381 599 2632 659 oporteat
2674 593 2960 660 temperari
2995 610 3006 645 :
3038 593 3127 647 illa
3167 609 3384 663 semper
3425 596 3736 654 conditione

2148 687 2380 744 servata,
2415 688 2473 733 ut
2493 681 2546 735 in
2569 681 2675 747 his,
2702 696 2822 749 qua:
2841 681 2928 765 vel
2965 684 3126 738 dubia
3148 684 3350 740 fuerint
3367 694 3460 739 aut
3483 687 3732 754 obscura,

2149 769 2202 823 id
2227 771 2535 826 noverimus
2562 773 2917 841 sequendum,
2945 773 3087 842 quod
3117 790 3219 830 nec
3246 776 3531 848 praeceptis
3556 777 3729 836 Evan-

2147 862 2332 929 gelicis
2351 864 2698 929 contrarium,
2726 879 2828 920 nec
2845 863 3078 920 decretis
3097 875 3406 922 sanctorum
3430 869 3734 924 inveniatur

2148 949 2449 1005 adversum.

2216 1037 2484 1108 Incipiunt
2510 1041 2577 1096 ad
2623 1043 2999 1113 inquisitiones
3043 1043 3284 1113 ejusdem
3331 1047 3571 1120 episeopi
3600 1051 3723 1107 sub-

2141 1127 2286 1198 jecta
2315 1146 2597 1200 responsa.

2149 1237 2301 1302 Quod
2343 1257 2447 1295 non
2478 1241 2770 1322 [iubeantur
2807 1244 3052 1322 episwpi,
3081 1263 3337 1322 quosnec
3362 1250 3530 1303 clerus
3553 1251 3727 1322 elegit,

2217 1327 2310 1362 nec
2330 1313 2550 1380 populus
2572 1313 2861 1390 requisiuit,
2893 1331 2984 1390 nec
3005 1313 3345 1390 pravittciales
3365 1322 3590 1390 episcopi
3609 1313 3730 1375 ὠιιὲ

2216 1389 2485 1460 secrarunt
2518 1396 2535 1435 :
2565 1383 2610 1435 si
2627 1383 2712 1451 qui
2735 1393 2905 1436 tamen
2933 1383 3112 1460 clerici
3121 1385 3198 1460 ab
3226 1387 3302 1460 liis
3331 1383 3728 1460 pseudoépisro-

2216 1451 2300 1519 pis
2323 1451 2652 1514 ordinantur,
2683 1465 2797 1505 rata
2825 1462 2990 1522 potest
3017 1455 3277 1509 ordinatio
3309 1451 3426 1512 talis
3450 1451 3690 1514 existere.

2217 1537 2332 1593 XV.
2377 1539 2531 1594 Nulla
2562 1541 2702 1595 ratio
2745 1542 2872 1596 sinit
2913 1551 2970 1597 ut
3002 1543 3140 1599 inter
3170 1546 3457 1617 episcopos
3491 1548 3726 1604 habean-

2147 1640 2253 1697 tur,
2286 1633 2378 1701 qui
2408 1649 2506 1688 nec
2535 1648 2564 1686 a
2609 1633 2823 1689 clericis
2853 1643 2976 1689 sunt
3023 1637 3180 1692 electi
3206 1677 3220 1702 ,
3268 1655 3369 1694 nec
3413 1656 3444 1694 a
3480 1641 3726 1711 plebibus

2148 1721 2390 1791 expetiti,
2420 1737 2520 1776 nec
2548 1737 2579 1776 a
2601 1725 3138 1793 comprovincialihus
3164 1729 3432 1800 episcopis
3459 1748 3581 1786 cum
3608 1748 3724 1787 me-

2146 1813 2456 1882 tropolitani
2482 1813 2686 1882 judicio
2716 1816 3040 1871 consecrati.
3079 1816 3232 1873 Unde
3258 1836 3378 1874 cum
3410 1837 3550 1892 saepe
3585 1839 3723 1890 qua)-

2144 1905 2251 1959 stio
2275 1905 2343 1960 de
2369 1906 2508 1961 male
2529 1914 2757 1978 accepto
2788 1908 2996 1964 honore
3025 1919 3298 1978 nascatur,
3323 1913 3442 1982 quis
3466 1915 3723 1984 ambigat,

2145 2009 2484 2066 nequaquam
2529 1998 2595 2052 ab
2625 1997 2740 2055 istis
2767 2013 2886 2055 esse
2933 2000 3290 2067 tribuendum,
3321 2005 3464 2072 quod
3491 2022 3596 2062 non
3625 2007 3725 2063 do-

2143 2095 2334 2141 ceatur
2358 2086 2522 2162 fuisse
2565 2089 2855 2145 collatum?
2885 2091 2940 2147 Si
2968 2093 3059 2161 qui
3089 2103 3266 2150 autem
3307 2095 3492 2150 clerici
3519 2097 3586 2151 ab
3608 2097 3723 2153 i5tis

2144 2182 2621 2255 pseudoepisc0pis
2645 2184 2699 2238 in
2745 2185 2824 2240 eis
2864 2183 3122 2242 Ecclesiis
3151 2188 3385 2243 ordinati
3421 2197 3575 2258 sunt,
3603 2205 3722 2259 quae

2142 2275 2211 2328 ad
2240 2275 2490 2344 proprios
2516 2274 2804 2344 episcopos
2833 2277 3193 2346 pertinebant,
3226 2287 3281 2333 et
3317 2279 3587 2335 ordinatio
3622 2295 3721 2336 eo-

2143 2355 2262 2420 rum
2313 2382 2580 2422 consensu
2610 2365 2882 2436 etjudicio
2909 2369 3306 2438 pnesidentium
3330 2371 3469 2426 facta
3494 2379 3594 2437 est,
3623 2387 3724 2442 po-

2145 2466 2250 2512 test
2278 2467 2394 2511 rata
2428 2458 2616 2513 haberi
2665 2459 2784 2512 :ita
2833 2468 2894 2514 ut
2920 2459 2974 2514 in
3017 2459 3147 2530 ipsis
3193 2459 3446 2516 Ecclesiis
3473 2477 3722 2534 perseve-

2142 2557 2283 2604 rent.
2327 2550 2498 2604 Aliter
2527 2557 2705 2604 autem
2735 2565 2872 2604 vana
2918 2549 3161 2606 habenda
3210 2559 3294 2606 est
3336 2552 3712 2617 consecratio,

2140 2655 2262 2709 qua:
2290 2655 2390 2695 nec
2421 2640 2543 2696 loco
2574 2639 2792 2694 fundata
2818 2649 2919 2707 est,
2946 2655 3047 2696 nec
3075 2641 3397 2696 auctoritate
3424 2642 3648 2696 munita.

2144 2748 2296 2822 Quod
2319 2750 2621 2822 presbyteri,
2647 2757 2735 2802 ant
2764 2750 2998 2815 diaconi,
3024 2753 3068 2803 si
3092 2751 3147 2803 in
3171 2752 3343 2822 aliqua
3369 2753 3582 2806 crimine
3605 2770 3727 2820 pro-

2211 2818 2347 2892 lapsi
2387 2821 2600 2892 luerim,
2639 2822 2966 2892 nonpossint
2994 2837 3083 2889 per
3121 2818 3309 2875 manus
3338 2818 3720 2892 impositionem

2211 2890 2527 2957 pmnitentiw
2557 2890 2836 2942 remedium
2865 2893 3122 2961 consequi.

2211 2977 2350 3033 XVI.
2402 2980 2648 3034 Alienum
2697 2989 2780 3035 est
2816 2996 2846 3035 a
2895 2982 3280 3037 consuetudine
3318 2983 3718 3048 ecclesiastica,

2143 3080 2202 3125 ut
2250 3072 2344 3140 qui
2388 3073 2443 3126 in
2491 3072 2845 3142 presbyterali
2892 3071 3100 3127 honore
3147 3083 3240 3128 aut
3277 3075 3510 3130 diaeonii
3555 3077 3721 3146 gradu

2065 3153 2110 3215 C
2143 3160 2347 3215 fuerint
2389 3162 2737 3226 consecrati,
2787 3161 2843 3216 lii
2873 3177 2972 3232 pro
3001 3163 3224 3218 crimine
3262 3163 3443 3234 aliquo
3480 3181 3580 3220 suo
3625 3179 3723 3235 per

2141 3267 2333 3307 manus
2355 3253 2757 3322 impositionem
2780 3255 3073 3309 remedium
3095 3255 3364 3325 accipiant
3386 3257 3678 3328 pmnitendi
3701 3273 3720 3314 :

2141 3343 2285 3418 quod
2328 3344 2446 3398 sine
2487 3343 2650 3399 dubio
2679 3360 2746 3398 ex
2785 3345 3086 3415 apostolica
3111 3345 3400 3404 traditione
3425 3349 3721 3418 descendit,

2139 3413 2433 3488 secundum
2456 3435 2598 3505 quod
2626 3413 2884 3506 scriptum
2917 3447 3019 3498 est,
3053 3437 3312 3493 Sacerdos
3338 3441 3384 3494 si
3417 3444 3719 3512 peccaverit,

2139 3527 2254 3596 quis
2278 3525 2445 3580 orabit
2466 3544 2561 3595 pro
2581 3526 2673 3581 illo
2694 3526 2744 3599 (I
2768 3526 2896 3599 Reg.
2923 3528 3022 3600 it)?
3054 3527 3205 3584 Unde
3234 3530 3537 3600 bujusmodi
3560 3533 3723 3604 lapsis

2138 3618 2208 3672 ad
2258 3618 2668 3688 promerendam
2699 3619 3128 3675 misericordiam
3163 3621 3256 3677 Dei
3285 3623 3491 3692 privata
3523 3634 3603 3680 est
3627 3641 3723 3679 ειη

2141 3710 2372 3778 petenda
2393 3711 2631 3766 secessio
2661 3729 2674 3763 :
2702 3711 2792 3766 ubi
2822 3711 2924 3767 illis
2941 3712 3262 3780 satisfactio,
3284 3716 3327 3770 si
3353 3717 3513 3772 fuerit
3540 3718 3718 3787 digna,

2138 3801 2210 3855 sit
2233 3801 2394 3855 etiam
2420 3800 2716 3857 fructuosa.
3694 3795 3792 3898 4

2141 3909 2295 3992 Quod
2321 3913 2529 3992 diaconi
2551 3953 2566 3978 ,
2608 3915 2738 3970 sicut
2780 3932 3050 3992 episcopus
3107 3928 3157 3974 et
3198 3919 3478 3992 presbyter,
3515 3937 3721 3992 cessure

2208 3983 2491 4066 debent_alt
2538 4001 2691 4056 opere
2731 3983 2998 4060 conjuga'ti
3037 4006 3056 4044 :
3099 3983 3209 4045 non'
3239 3983 3410 4045 tamin
3449 3983 3724 4060 repudiare

2209 4069 2476 4124 conjugta.

2211 4142 2374 4198 XVII.
2403 4143 2514 4199 Lex
2537 4145 2886 4202 continentia;
2909 4149 3098 4205 eadem
3119 4159 3205 4206 est
3231 4151 3416 4207 altaris
3443 4151 3717 4216 ministris,

2136 4248 2256 4303 qua:
2307 4236 2597 4307 episcopis,
2639 4246 2803 4308 atque
2847 4242 3213 4312 presbyteris,
3257 4243 3349 4313 qui
3393 4259 3516 4299 cum
3541 4253 3723 4300 essent

2139 4327 2285 4395 laici,
2316 4329 2432 4384 sive
2471 4328 2724 4397 lectores,
2756 4330 2905 4388 licito
2935 4341 2991 4388 et
3034 4349 3230 4390 uxores
3257 4335 3472 4403 ducere,
3500 4345 3556 4390 et
3583 4335 3723 4390 ﬁlios

2137 4433 2428 4487 procreare
2457 4428 2753 4489 potuerunt
2799 4421 2937 4477 :sed
2965 4439 3088 4478 cum
3112 4425 3179 4480 ad
3216 4425 3504 4496 'pratdictos
3532 4441 3725 4496 perve-

2661 4512 2830 4580 cmpit
2873 4511 2952 4567 eis
2996 4529 3104 4568 non
3155 4514 3320 4572 licere
3365 4517 3510 4586 quod
3545 4517 3716 4573 licuit.

2141 4596 2294 4653 Unde
2320 4607 2380 4654 ut
2403 4598 2476 4655 de
2503 4601 2706 4656 carnali
2737 4600 2832 4656 ﬁat
2863 4603 3106 4672 spiritale
3134 4605 3460 4675 coniugium,
3505 4616 3719 4676 oportet

2137 4702 2232 4741 eos
2261 4702 2360 4743 nec
2389 4688 2660 4745 dimittere
2687 4706 2918 4756 uxores,
2963 4701 3021 4746 et
3059 4695 3214 4762 quasi
3245 4712 3351 4750 non
3381 4696 3616 4752 habeant
3639 4699 3719 4753 sic

2151 4776 2377 4844 habere,
2409 4794 2517 4847 quo
2545 4790 2601 4834 et
2647 4780 2795 4834 salva
2819 4782 2891 4836 sit
2927 4772 3161 4838 charitas
3187 4785 3578 4842 connubiorum
3601 4826 3616 4853 ,
3663 4797 3720 4842 et

2134 4876 2311 4922 cesset
2333 4869 2578 4937 operatio
2603 4870 2932 4940 nuptiarum.

2140 4991 2290 5074 Quod
2321 4993 2466 5074 aliud
2491 4996 2559 5047 sit
2588 5011 2746 5074 uxor,
2770 4997 2915 5050 aliud
2944 4999 3247 5074 concubina,
3282 5019 3372 5055 nec
3401 5013 3536 5074 erret
3575 5022 3720 5074 qms-

2361 5065 2526 5133 ﬁliam
2554 5082 2702 5119 suam
2728 5067 2784 5119 in
2825 5071 3214 5124 matrimonium
3244 5065 3599 5128 concubinam.
3623 5077 3720 5128 Imb

2242 5080 2320 5117 ms

2207 5081 2343 5183 gms
2361 5081 2526 5145 [main
2554 5082 2667 5147 sunt

2241 5146 2344 5187 entt
2375 5135 2668 5190 tradiderit.

2206 5220 2392 5277 XVIII.
2416 5223 2532 5278 Non
2557 5225 2731 5281 omnis
2746 5227 2940 5284 tnulier
2964 5229 3081 5285 viro
3096 5229 3283 5300 juncta
3302 5247 3438 5288 uxor
3457 5241 3541 5288 est
3591 5233 3716 5299 viri,

2133 5314 2256 5384 quia
2289 5330 2391 5369 nec
2415 5317 2592 5372 onmis
2615 5316 2754 5373 ﬁlius
2784 5318 2959 5376 breres
2993 5329 3077 5376 est
3099 5323 3259 5392 patri.
3290 5322 3602 5392 Nuptiarum
3630 5339 3720 5380 au-

2136 5411 2242 5459 tem
2272 5403 2475 5462 fmdera
2525 5407 2666 5462 inter
2705 5409 2966 5478 ingenuos
2993 5421 3120 5466 sunt
3165 5412 3402 5482 legitima
3428 5455 3445 5483 ,
3485 5423 3543 5470 et
3580 5415 3722 5469 inter

2132 5497 2384 5564 mquales,
2419 5506 2475 5552 et
2504 5500 2674 5555 multo
2704 5502 2855 5571 prius
2899 5503 3006 5558 hoc
3049 5504 3224 5573 ipsum
3254 5505 3484 5561 Domino
3511 5508 3716 5562 consti-

2138 5594 2321 5640 tucnte
2344 5628 2359 5653 ,
2403 5603 2560 5657 quam
2591 5590 2798 5645 initium
2849 5590 3079 5648 Romani
3115 5593 3251 5663 juris
3297 5597 3574 5651 existeret.
3609 5595 3718 5650 Ita-

2135 5689 2240 5743 que
2270 5677 2408 5732 aliud
2439 5687 2522 5733 est
2553 5696 2708 5748 uxor,
2737 5681 2880 5736 aliud
2913 5684 3211 5740 concubina
3249 5704 3262 5738 :
3291 5686 3432 5740 sicut
3455 5686 3598 5740 aliud
3621 5703 3719 5742 an-

2135 5765 2255 5821 cilla
2280 5806 2296 5833 ,
2345 5768 2489 5823 aliud
2532 5769 2719 5825 libera.
2767 5769 2997 5842 Propter
3037 5774 3180 5845 quod
3228 5776 3392 5833 etiam
3427 5776 3716 5846 Apostolus
