  <div class='ocr_page' id='page_1' title='image "/cluster/home/n/w/nwhite01/storage/ocr_20150623/67/umn.31951002477360y/158.png"; bbox 0 0 4104 6564; ppageno 0'>
   <div class='ocr_carea' id='block_1_1' title="bbox 350 439 453 496">
    <p class='ocr_par' dir='ltr' id='par_1_1' title="bbox 350 439 453 496">
     <span class='ocr_line' id='line_1_1' title="bbox 350 439 453 496; baseline 0.019 -2"><span class='ocrx_word' id='word_1_1' title='bbox 350 439 453 496; x_wconf 69' lang='lat'><strong>289</strong></span> 
     </span>
    </p>
   </div>
   <div class='ocr_carea' id='block_1_2' title="bbox 1381 427 2564 489">
    <p class='ocr_par' dir='ltr' id='par_1_2' title="bbox 1381 427 2564 489">
     <span class='ocr_line' id='line_1_2' title="bbox 1381 427 2564 489; baseline -0.006 0"><span class='ocrx_word' id='word_1_2' title='bbox 1381 429 1751 489; x_wconf 85' lang='lat' dir='ltr'><strong>COLLECTIO</strong></span> <span class='ocrx_word' id='word_1_3' title='bbox 1788 427 2255 487; x_wconf 73' lang='lat' dir='ltr'><strong>DECRETORUM</strong></span> <span class='ocrx_word' id='word_1_4' title='bbox 2301 427 2403 483; x_wconf 80' lang='lat' dir='ltr'><strong>PP.</strong></span> <span class='ocrx_word' id='word_1_5' title='bbox 2449 429 2564 483; x_wconf 72' lang='lat' dir='ltr'><strong>RR.</strong></span> 
     </span>
    </p>
   </div>
   <div class='ocr_carea' id='block_1_3' title="bbox 3526 424 3628 480">
    <p class='ocr_par' dir='ltr' id='par_1_3' title="bbox 3526 424 3628 480">
     <span class='ocr_line' id='line_1_3' title="bbox 3526 424 3628 480; baseline 0.02 -2"><span class='ocrx_word' id='word_1_6' title='bbox 3526 424 3628 480; x_wconf 76' lang='lat'><strong>9.90</strong></span> 
     </span>
    </p>
   </div>
   <div class='ocr_carea' id='block_1_4' title="bbox 350 540 3633 623">
    <p class='ocr_par' dir='ltr' id='par_1_4' title="bbox 350 540 3633 623">
     <span class='ocr_line' id='line_1_4' title="bbox 350 540 3633 623; baseline -0.004 -15"><span class='ocrx_word' id='word_1_7' title='bbox 350 552 492 619; x_wconf 77' lang='lat' dir='ltr'><strong>(Gal.</strong></span> <span class='ocrx_word' id='word_1_8' title='bbox 522 555 597 623; x_wconf 84' lang='lat' dir='ltr'><strong>tv)</strong></span> <span class='ocrx_word' id='word_1_9' title='bbox 642 552 710 605; x_wconf 84' lang='lat' dir='ltr'><strong>ad</strong></span> <span class='ocrx_word' id='word_1_10' title='bbox 738 551 1187 605; x_wconf 69' lang='lat' dir='ltr'><strong>manifestandum</strong></span> <span class='ocrx_word' id='word_1_11' title='bbox 1226 548 1413 604; x_wconf 80' lang='lat' dir='ltr'><strong>harum</strong></span> <span class='ocrx_word' id='word_1_12' title='bbox 1440 563 1798 618; x_wconf 56' lang='lat' dir='ltr'><strong>personarum</strong></span> <span class='ocrx_word' id='word_1_13' title='bbox 1826 546 1937 599; x_wconf 88' lang='lat' dir='ltr'><strong>dis-</strong></span> <span class='ocrx_word' id='word_1_14' title='bbox 1968 553 2015 610; x_wconf 75' lang='grc' dir='ltr'><strong>Α</strong></span> <span class='ocrx_word' id='word_1_15' title='bbox 2046 542 2197 607; x_wconf 81' lang='lat' dir='ltr'><strong>Quod</strong></span> <span class='ocrx_word' id='word_1_16' title='bbox 2227 543 2298 598; x_wconf 84' lang='lat' dir='ltr'><strong>ad</strong></span> <span class='ocrx_word' id='word_1_17' title='bbox 2323 544 2563 597; x_wconf 75' lang='lat' dir='ltr'><strong>militiam</strong></span> <span class='ocrx_word' id='word_1_18' title='bbox 2593 542 2897 623; x_wconf 58' lang='lat' dir='ltr'><strong>surcularem</strong></span> <span class='ocrx_word' id='word_1_19' title='bbox 2928 550 3042 623; x_wconf 83' lang='lat' dir='ltr'><strong>post</strong></span> <span class='ocrx_word' id='word_1_20' title='bbox 3079 540 3435 611; x_wconf 75' lang='lat' dir='ltr'><strong>pwnitentiam</strong></span> <span class='ocrx_word' id='word_1_21' title='bbox 3467 542 3633 594; x_wconf 76' lang='lat' dir='ltr'><strong>redire</strong></span> 
     </span>
    </p>
   </div>
   <div class='ocr_carea' id='block_1_5' title="bbox 354 639 1936 712">
    <p class='ocr_par' dir='ltr' id='par_1_5' title="bbox 354 639 1936 712">
     <span class='ocr_line' id='line_1_5' title="bbox 354 639 1936 712; baseline -0.007 -9"><span class='ocrx_word' id='word_1_22' title='bbox 354 647 671 709; x_wconf 82' lang='lat' dir='ltr'><strong>cretionem,</strong></span> <span class='ocrx_word' id='word_1_23' title='bbox 702 644 1070 699; x_wconf 86' lang='lat' dir='ltr'><strong>testimonium</strong></span> <span class='ocrx_word' id='word_1_24' title='bbox 1101 644 1253 712; x_wconf 88' lang='lat' dir='ltr'><strong>ponit</strong></span> <span class='ocrx_word' id='word_1_25' title='bbox 1280 657 1345 696; x_wconf 79' lang='lat' dir='ltr'><strong>ex</strong></span> <span class='ocrx_word' id='word_1_26' title='bbox 1375 639 1572 695; x_wconf 85' lang='lat' dir='ltr'><strong>Genesi</strong></span> <span class='ocrx_word' id='word_1_27' title='bbox 1625 644 1763 711; x_wconf 86' lang='lat' dir='ltr'><strong>(cap.</strong></span> <span class='ocrx_word' id='word_1_28' title='bbox 1790 639 1936 709; x_wconf 73' lang='lat' dir='ltr'><strong>XXI),</strong></span> 
     </span>
    </p>
   </div>
   <div class='ocr_carea' id='block_1_6' title="bbox 354 729 1941 803">
    <p class='ocr_par' dir='ltr' id='par_1_6' title="bbox 354 729 1941 803">
     <span class='ocr_line' id='line_1_6' title="bbox 354 729 1941 803; baseline -0.006 -9"><span class='ocrx_word' id='word_1_29' title='bbox 354 740 443 795; x_wconf 87' lang='lat' dir='ltr'><strong>ubi</strong></span> <span class='ocrx_word' id='word_1_30' title='bbox 470 738 668 795; x_wconf 87' lang='lat' dir='ltr'><strong>dicitur</strong></span> <span class='ocrx_word' id='word_1_31' title='bbox 696 736 922 791; x_wconf 79' lang='lat' dir='ltr'><strong>Abrahae</strong></span> <span class='ocrx_word' id='word_1_32' title='bbox 949 753 961 787; x_wconf 91' lang='lat'><strong>:</strong></span> <span class='ocrx_word' id='word_1_33' title='bbox 994 734 1141 803; x_wconf 84' lang='lat' dir='ltr'><strong>Ejice</strong></span> <span class='ocrx_word' id='word_1_34' title='bbox 1182 733 1427 787; x_wconf 87' lang='lat' dir='ltr'><strong>ancillam</strong></span> <span class='ocrx_word' id='word_1_35' title='bbox 1448 772 1461 795; x_wconf 90' lang='lat'><strong>,</strong></span> <span class='ocrx_word' id='word_1_36' title='bbox 1512 742 1568 787; x_wconf 93' lang='lat' dir='ltr'><strong>et</strong></span> <span class='ocrx_word' id='word_1_37' title='bbox 1608 729 1772 786; x_wconf 83' lang='lat' dir='ltr'><strong>lilium</strong></span> <span class='ocrx_word' id='word_1_38' title='bbox 1802 730 1941 799; x_wconf 90' lang='lat' dir='ltr'><strong>ejus,</strong></span> 
     </span>
    </p>
   </div>
   <div class='ocr_carea' id='block_1_7' title="bbox 359 821 1945 888">
    <p class='ocr_par' dir='ltr' id='par_1_7' title="bbox 359 821 1945 888">
     <span class='ocr_line' id='line_1_7' title="bbox 359 821 1945 888; baseline -0.008 -1"><span class='ocrx_word' id='word_1_39' title='bbox 359 849 464 888; x_wconf 88' lang='lat' dir='ltr'><strong>non</strong></span> <span class='ocrx_word' id='word_1_40' title='bbox 502 830 647 886; x_wconf 89' lang='lat' dir='ltr'><strong>enim</strong></span> <span class='ocrx_word' id='word_1_41' title='bbox 692 830 862 884; x_wconf 73' lang='lat' dir='ltr'><strong>bteres</strong></span> <span class='ocrx_word' id='word_1_42' title='bbox 906 828 1010 881; x_wconf 92' lang='lat' dir='ltr'><strong>erit</strong></span> <span class='ocrx_word' id='word_1_43' title='bbox 1057 825 1198 879; x_wconf 82' lang='lat' dir='ltr'><strong>filius</strong></span> <span class='ocrx_word' id='word_1_44' title='bbox 1238 825 1445 879; x_wconf 72' lang='lat' dir='ltr'><strong>ancilla:</strong></span> <span class='ocrx_word' id='word_1_45' title='bbox 1493 838 1614 877; x_wconf 88' lang='lat' dir='ltr'><strong>cum</strong></span> <span class='ocrx_word' id='word_1_46' title='bbox 1665 821 1775 876; x_wconf 84' lang='lat' dir='ltr'><strong>lilio</strong></span> <span class='ocrx_word' id='word_1_47' title='bbox 1823 837 1945 876; x_wconf 87' lang='lat' dir='ltr'><strong>meo</strong></span> 
     </span>
    </p>
   </div>
   <div class='ocr_carea' id='block_1_8' title="bbox 358 912 1946 984">
    <p class='ocr_par' dir='ltr' id='par_1_8' title="bbox 358 912 1946 984">
     <span class='ocr_line' id='line_1_8' title="bbox 358 912 1946 984; baseline -0.007 -6"><span class='ocrx_word' id='word_1_48' title='bbox 358 922 528 979; x_wconf 81' lang='lat' dir='ltr'><strong>Isaac.</strong></span> <span class='ocrx_word' id='word_1_49' title='bbox 581 917 734 974; x_wconf 84' lang='lat' dir='ltr'><strong>Unde</strong></span> <span class='ocrx_word' id='word_1_50' title='bbox 777 931 899 972; x_wconf 89' lang='lat' dir='ltr'><strong>cum</strong></span> <span class='ocrx_word' id='word_1_51' title='bbox 944 917 1178 971; x_wconf 80' lang='lat' dir='ltr'><strong>societas</strong></span> <span class='ocrx_word' id='word_1_52' title='bbox 1227 915 1532 984; x_wconf 77' lang='lat' dir='ltr'><strong>nuptiarum</strong></span> <span class='ocrx_word' id='word_1_53' title='bbox 1577 913 1651 967; x_wconf 89' lang='lat' dir='ltr'><strong>ita</strong></span> <span class='ocrx_word' id='word_1_54' title='bbox 1696 913 1762 968; x_wconf 87' lang='lat' dir='ltr'><strong>ab</strong></span> <span class='ocrx_word' id='word_1_55' title='bbox 1793 912 1946 967; x_wconf 88' lang='lat' dir='ltr'><strong>initio</strong></span> 
     </span>
    </p>
   </div>
   <div class='ocr_carea' id='block_1_9' title="bbox 363 1006 1946 1079">
    <p class='ocr_par' dir='ltr' id='par_1_9' title="bbox 363 1006 1946 1079">
     <span class='ocr_line' id='line_1_9' title="bbox 363 1006 1946 1079; baseline -0.008 -9"><span class='ocrx_word' id='word_1_56' title='bbox 363 1013 649 1070; x_wconf 82' lang='lat' dir='ltr'><strong>constituta</strong></span> <span class='ocrx_word' id='word_1_57' title='bbox 671 1011 760 1076; x_wconf 90' lang='lat' dir='ltr'><strong>sit,</strong></span> <span class='ocrx_word' id='word_1_58' title='bbox 787 1016 844 1064; x_wconf 92' lang='lat' dir='ltr'><strong>ut</strong></span> <span class='ocrx_word' id='word_1_59' title='bbox 873 1017 1068 1079; x_wconf 73' lang='lat' dir='ltr'><strong>przeter</strong></span> <span class='ocrx_word' id='word_1_60' title='bbox 1085 1024 1310 1062; x_wconf 80' lang='lat' dir='ltr'><strong>sexuum</strong></span> <span class='ocrx_word' id='word_1_61' title='bbox 1338 1006 1802 1074; x_wconf 89' lang='lat' dir='ltr'><strong>conjunctiouem,</strong></span> <span class='ocrx_word' id='word_1_62' title='bbox 1826 1020 1946 1073; x_wconf 74' lang='lat' dir='ltr'><strong>quze</strong></span> 
     </span>
    </p>
   </div>
   <div class='ocr_carea' id='block_1_10' title="bbox 366 1099 1948 1162">
    <p class='ocr_par' dir='ltr' id='par_1_10' title="bbox 366 1099 1948 1162">
     <span class='ocr_line' id='line_1_10' title="bbox 366 1099 1948 1162; baseline -0.006 -3"><span class='ocrx_word' id='word_1_63' title='bbox 366 1106 587 1159; x_wconf 83' lang='lat' dir='ltr'><strong>haberet</strong></span> <span class='ocrx_word' id='word_1_64' title='bbox 608 1104 661 1158; x_wconf 92' lang='lat' dir='ltr'><strong>in</strong></span> <span class='ocrx_word' id='word_1_65' title='bbox 682 1103 887 1157; x_wconf 84' lang='lat' dir='ltr'><strong>Christi</strong></span> <span class='ocrx_word' id='word_1_66' title='bbox 928 1109 984 1155; x_wconf 92' lang='lat' dir='ltr'><strong>et</strong></span> <span class='ocrx_word' id='word_1_67' title='bbox 1004 1100 1265 1155; x_wconf 64' lang='lat' dir='ltr'><strong>Ecclesia:</strong></span> <span class='ocrx_word' id='word_1_68' title='bbox 1284 1108 1700 1162; x_wconf 79' lang='lat' dir='ltr'><strong>sacramentum,</strong></span> <span class='ocrx_word' id='word_1_69' title='bbox 1729 1099 1948 1151; x_wconf 88' lang='lat' dir='ltr'><strong>dubium</strong></span> 
     </span>
    </p>
   </div>
   <div class='ocr_carea' id='block_1_11' title="bbox 366 1188 1950 1260">
    <p class='ocr_par' dir='ltr' id='par_1_11' title="bbox 366 1188 1950 1260">
     <span class='ocr_line' id='line_1_11' title="bbox 366 1188 1950 1260; baseline -0.004 -13"><span class='ocrx_word' id='word_1_70' title='bbox 366 1210 471 1248; x_wconf 89' lang='lat' dir='ltr'><strong>non</strong></span> <span class='ocrx_word' id='word_1_71' title='bbox 501 1202 585 1250; x_wconf 83' lang='lat' dir='ltr'><strong>est</strong></span> <span class='ocrx_word' id='word_1_72' title='bbox 629 1208 750 1248; x_wconf 90' lang='lat' dir='ltr'><strong>eam</strong></span> <span class='ocrx_word' id='word_1_73' title='bbox 793 1192 1075 1247; x_wconf 87' lang='lat' dir='ltr'><strong>mulierem</strong></span> <span class='ocrx_word' id='word_1_74' title='bbox 1108 1206 1213 1245; x_wconf 89' lang='lat' dir='ltr'><strong>non</strong></span> <span class='ocrx_word' id='word_1_75' title='bbox 1245 1190 1518 1260; x_wconf 83' lang='lat' dir='ltr'><strong>pertinere</strong></span> <span class='ocrx_word' id='word_1_76' title='bbox 1558 1189 1624 1242; x_wconf 86' lang='lat' dir='ltr'><strong>ad</strong></span> <span class='ocrx_word' id='word_1_77' title='bbox 1668 1188 1950 1242; x_wconf 88' lang='lat' dir='ltr'><strong>matrimo-</strong></span> 
     </span>
    </p>
   </div>
   <div class='ocr_carea' id='block_1_12' title="bbox 365 1280 1950 1354">
    <p class='ocr_par' dir='ltr' id='par_1_12' title="bbox 365 1280 1950 1354">
     <span class='ocr_line' id='line_1_12' title="bbox 365 1280 1950 1354; baseline -0.005 -12"><span class='ocrx_word' id='word_1_78' title='bbox 365 1290 534 1352; x_wconf 86' lang='lat' dir='ltr'><strong>nium,</strong></span> <span class='ocrx_word' id='word_1_79' title='bbox 564 1287 617 1340; x_wconf 92' lang='lat' dir='ltr'><strong>in</strong></span> <span class='ocrx_word' id='word_1_80' title='bbox 639 1300 745 1354; x_wconf 86' lang='lat' dir='ltr'><strong>qua</strong></span> <span class='ocrx_word' id='word_1_81' title='bbox 777 1284 1003 1339; x_wconf 88' lang='lat' dir='ltr'><strong>docetur</strong></span> <span class='ocrx_word' id='word_1_82' title='bbox 1030 1283 1271 1352; x_wconf 77' lang='lat' dir='ltr'><strong>nuptiale</strong></span> <span class='ocrx_word' id='word_1_83' title='bbox 1301 1297 1406 1336; x_wconf 91' lang='lat' dir='ltr'><strong>non</strong></span> <span class='ocrx_word' id='word_1_84' title='bbox 1432 1280 1594 1336; x_wconf 87' lang='lat' dir='ltr'><strong>fuisse</strong></span> <span class='ocrx_word' id='word_1_85' title='bbox 1619 1281 1950 1350; x_wconf 83' lang='lat' dir='ltr'><strong>mysterium.</strong></span> 
     </span>
    </p>
   </div>
   <div class='ocr_carea' id='block_1_13' title="bbox 366 1370 1955 1447">
    <p class='ocr_par' dir='ltr' id='par_1_13' title="bbox 366 1370 1955 1447">
     <span class='ocr_line' id='line_1_13' title="bbox 366 1370 1955 1447; baseline -0.007 -15"><span class='ocrx_word' id='word_1_86' title='bbox 366 1377 533 1447; x_wconf 85' lang='lat' dir='ltr'><strong>Igitur</strong></span> <span class='ocrx_word' id='word_1_87' title='bbox 562 1374 849 1443; x_wconf 84' lang='lat' dir='ltr'><strong>cujuslibet</strong></span> <span class='ocrx_word' id='word_1_88' title='bbox 873 1373 979 1428; x_wconf 93' lang='lat' dir='ltr'><strong>loci</strong></span> <span class='ocrx_word' id='word_1_89' title='bbox 1008 1373 1255 1433; x_wconf 79' lang='lat' dir='ltr'><strong>clericus,</strong></span> <span class='ocrx_word' id='word_1_90' title='bbox 1287 1372 1330 1425; x_wconf 91' lang='lat' dir='ltr'><strong>si</strong></span> <span class='ocrx_word' id='word_1_91' title='bbox 1356 1371 1515 1425; x_wconf 84' lang='lat' dir='ltr'><strong>tiliam</strong></span> <span class='ocrx_word' id='word_1_92' title='bbox 1546 1387 1697 1424; x_wconf 87' lang='lat' dir='ltr'><strong>suam</strong></span> <span class='ocrx_word' id='word_1_93' title='bbox 1717 1370 1831 1423; x_wconf 85' lang='lat' dir='ltr'><strong>viro</strong></span> <span class='ocrx_word' id='word_1_94' title='bbox 1858 1370 1955 1422; x_wconf 82' lang='lat' dir='ltr'><strong>ha-</strong></span> 
     </span>
    </p>
   </div>
   <div class='ocr_carea' id='block_1_14' title="bbox 368 1460 1955 1524">
    <p class='ocr_par' dir='ltr' id='par_1_14' title="bbox 368 1460 1955 1524">
     <span class='ocr_line' id='line_1_14' title="bbox 368 1460 1955 1524; baseline -0.007 -1"><span class='ocrx_word' id='word_1_95' title='bbox 368 1466 515 1523; x_wconf 87' lang='lat' dir='ltr'><strong>benti</strong></span> <span class='ocrx_word' id='word_1_96' title='bbox 544 1464 900 1520; x_wconf 81' lang='lat' dir='ltr'><strong>concubinam</strong></span> <span class='ocrx_word' id='word_1_97' title='bbox 930 1463 981 1516; x_wconf 90' lang='lat' dir='ltr'><strong>in</strong></span> <span class='ocrx_word' id='word_1_98' title='bbox 1023 1463 1425 1516; x_wconf 82' lang='lat' dir='ltr'><strong>matrimonium</strong></span> <span class='ocrx_word' id='word_1_99' title='bbox 1453 1462 1679 1524; x_wconf 87' lang='lat' dir='ltr'><strong>dederit,</strong></span> <span class='ocrx_word' id='word_1_100' title='bbox 1732 1477 1837 1514; x_wconf 90' lang='lat' dir='ltr'><strong>non</strong></span> <span class='ocrx_word' id='word_1_101' title='bbox 1883 1460 1955 1513; x_wconf 80' lang='lat' dir='ltr'><strong>ita</strong></span> 
     </span>
    </p>
   </div>
   <div class='ocr_carea' id='block_1_15' title="bbox 370 1552 1955 1625">
    <p class='ocr_par' dir='ltr' id='par_1_15' title="bbox 370 1552 1955 1625">
     <span class='ocr_line' id='line_1_15' title="bbox 370 1552 1955 1625; baseline -0.004 -12"><span class='ocrx_word' id='word_1_102' title='bbox 370 1556 744 1625; x_wconf 84' lang='lat' dir='ltr'><strong>accipiendum</strong></span> <span class='ocrx_word' id='word_1_103' title='bbox 786 1562 887 1617; x_wconf 90' lang='lat' dir='ltr'><strong>est,</strong></span> <span class='ocrx_word' id='word_1_104' title='bbox 922 1555 1075 1622; x_wconf 88' lang='lat' dir='ltr'><strong>quasi</strong></span> <span class='ocrx_word' id='word_1_105' title='bbox 1105 1570 1223 1609; x_wconf 88' lang='lat' dir='ltr'><strong>eam</strong></span> <span class='ocrx_word' id='word_1_106' title='bbox 1263 1553 1549 1621; x_wconf 81' lang='lat' dir='ltr'><strong>conjugato</strong></span> <span class='ocrx_word' id='word_1_107' title='bbox 1594 1553 1820 1617; x_wconf 82' lang='lat' dir='ltr'><strong>dederit,</strong></span> <span class='ocrx_word' id='word_1_108' title='bbox 1856 1552 1955 1606; x_wconf 88' lang='lat' dir='ltr'><strong>nisi</strong></span> 
     </span>
    </p>
   </div>
   <div class='ocr_carea' id='block_1_16' title="bbox 373 1643 1957 1712">
    <p class='ocr_par' dir='ltr' id='par_1_16' title="bbox 373 1643 1957 1712">
     <span class='ocr_line' id='line_1_16' title="bbox 373 1643 1957 1712; baseline -0.004 -10"><span class='ocrx_word' id='word_1_109' title='bbox 373 1648 515 1703; x_wconf 79' lang='lat' dir='ltr'><strong>forte</strong></span> <span class='ocrx_word' id='word_1_110' title='bbox 539 1647 630 1701; x_wconf 88' lang='lat' dir='ltr'><strong>illa</strong></span> <span class='ocrx_word' id='word_1_111' title='bbox 663 1645 856 1700; x_wconf 87' lang='lat' dir='ltr'><strong>mulier</strong></span> <span class='ocrx_word' id='word_1_112' title='bbox 880 1654 935 1699; x_wconf 85' lang='lat' dir='ltr'><strong>et</strong></span> <span class='ocrx_word' id='word_1_113' title='bbox 955 1645 1183 1712; x_wconf 80' lang='lat' dir='ltr'><strong>ingenua</strong></span> <span class='ocrx_word' id='word_1_114' title='bbox 1214 1644 1376 1711; x_wconf 82' lang='lat' dir='ltr'><strong>facta,</strong></span> <span class='ocrx_word' id='word_1_115' title='bbox 1405 1653 1460 1698; x_wconf 89' lang='lat' dir='ltr'><strong>et</strong></span> <span class='ocrx_word' id='word_1_116' title='bbox 1487 1643 1673 1697; x_wconf 82' lang='lat' dir='ltr'><strong>dotata</strong></span> <span class='ocrx_word' id='word_1_117' title='bbox 1698 1643 1957 1711; x_wconf 79' lang='lat' dir='ltr'><strong>legitime,</strong></span> 
     </span>
    </p>
   </div>
   <div class='ocr_carea' id='block_1_17' title="bbox 376 1733 1962 1807">
    <p class='ocr_par' dir='ltr' id='par_1_17' title="bbox 376 1733 1962 1807">
     <span class='ocr_line' id='line_1_17' title="bbox 376 1733 1962 1807; baseline -0.004 -14"><span class='ocrx_word' id='word_1_118' title='bbox 376 1749 431 1793; x_wconf 87' lang='lat' dir='ltr'><strong>et</strong></span> <span class='ocrx_word' id='word_1_119' title='bbox 456 1737 681 1807; x_wconf 86' lang='lat' dir='ltr'><strong>publicis</strong></span> <span class='ocrx_word' id='word_1_120' title='bbox 710 1735 909 1806; x_wconf 82' lang='lat' dir='ltr'><strong>nuptiis</strong></span> <span class='ocrx_word' id='word_1_121' title='bbox 937 1735 1225 1790; x_wconf 89' lang='lat' dir='ltr'><strong>honestata</strong></span> <span class='ocrx_word' id='word_1_122' title='bbox 1246 1735 1511 1790; x_wconf 87' lang='lat' dir='ltr'><strong>videatur.</strong></span> <span class='ocrx_word' id='word_1_123' title='bbox 1547 1733 1782 1788; x_wconf 87' lang='lat' dir='ltr'><strong>Paterno</strong></span> <span class='ocrx_word' id='word_1_124' title='bbox 1813 1734 1962 1787; x_wconf 89' lang='lat' dir='ltr'><strong>arbi-</strong></span> 
     </span>
    </p>
   </div>
   <div class='ocr_carea' id='block_1_18' title="bbox 379 1824 1962 1895">
    <p class='ocr_par' dir='ltr' id='par_1_18' title="bbox 379 1824 1962 1895">
     <span class='ocr_line' id='line_1_18' title="bbox 379 1824 1962 1895; baseline -0.003 -14"><span class='ocrx_word' id='word_1_125' title='bbox 379 1828 485 1881; x_wconf 90' lang='lat' dir='ltr'><strong>trio</strong></span> <span class='ocrx_word' id='word_1_126' title='bbox 512 1826 640 1880; x_wconf 87' lang='lat' dir='ltr'><strong>viris</strong></span> <span class='ocrx_word' id='word_1_127' title='bbox 662 1824 865 1894; x_wconf 73' lang='lat' dir='ltr'><strong>juncta:</strong></span> <span class='ocrx_word' id='word_1_128' title='bbox 910 1832 1097 1878; x_wconf 88' lang='lat' dir='ltr'><strong>carent</strong></span> <span class='ocrx_word' id='word_1_129' title='bbox 1140 1825 1295 1895; x_wconf 87' lang='lat' dir='ltr'><strong>culpa</strong></span> <span class='ocrx_word' id='word_1_130' title='bbox 1321 1867 1337 1892; x_wconf 92' lang='lat'><strong>,</strong></span> <span class='ocrx_word' id='word_1_131' title='bbox 1376 1825 1421 1879; x_wconf 89' lang='lat' dir='ltr'><strong>si</strong></span> <span class='ocrx_word' id='word_1_132' title='bbox 1449 1824 1701 1879; x_wconf 88' lang='lat' dir='ltr'><strong>mulieres</strong></span> <span class='ocrx_word' id='word_1_133' title='bbox 1720 1865 1735 1890; x_wconf 85' lang='lat'><strong>,</strong></span> <span class='ocrx_word' id='word_1_134' title='bbox 1783 1838 1901 1893; x_wconf 62' lang='lat' dir='ltr'><strong>quae</strong></span> <span class='ocrx_word' id='word_1_135' title='bbox 1931 1839 1962 1877; x_wconf 89' lang='lat' dir='ltr'><strong>a</strong></span> 
     </span>
    </p>
   </div>
   <div class='ocr_carea' id='block_1_19' title="bbox 381 1914 2045 1984">
    <p class='ocr_par' dir='ltr' id='par_1_19' title="bbox 381 1914 2045 1984">
     <span class='ocr_line' id='line_1_19' title="bbox 381 1914 2045 1984; baseline 0.001 -17"><span class='ocrx_word' id='word_1_136' title='bbox 381 1918 512 1973; x_wconf 85' lang='lat' dir='ltr'><strong>viris</strong></span> <span class='ocrx_word' id='word_1_137' title='bbox 536 1915 891 1980; x_wconf 87' lang='lat' dir='ltr'><strong>habebantur,</strong></span> <span class='ocrx_word' id='word_1_138' title='bbox 922 1916 975 1968; x_wconf 89' lang='lat' dir='ltr'><strong>in</strong></span> <span class='ocrx_word' id='word_1_139' title='bbox 1003 1916 1351 1970; x_wconf 90' lang='lat' dir='ltr'><strong>matrimonio</strong></span> <span class='ocrx_word' id='word_1_140' title='bbox 1396 1931 1503 1969; x_wconf 83' lang='lat' dir='ltr'><strong>non</strong></span> <span class='ocrx_word' id='word_1_141' title='bbox 1558 1914 1794 1977; x_wconf 87' lang='lat' dir='ltr'><strong>fuerunt,</strong></span> <span class='ocrx_word' id='word_1_142' title='bbox 1842 1916 1965 1984; x_wconf 86' lang='lat' dir='ltr'><strong>quia</strong></span> <span class='ocrx_word' id='word_1_143' title='bbox 1999 1926 2045 1984; x_wconf 76' lang='grc' dir='ltr'><strong>Β</strong></span> 
     </span>
    </p>
   </div>
   <div class='ocr_carea' id='block_1_20' title="bbox 384 2004 1380 2074">
    <p class='ocr_par' dir='ltr' id='par_1_20' title="bbox 384 2004 1380 2074">
     <span class='ocr_line' id='line_1_20' title="bbox 384 2004 1380 2074; baseline 0 -15"><span class='ocrx_word' id='word_1_144' title='bbox 384 2004 528 2065; x_wconf 80' lang='lat' dir='ltr'><strong>aliud</strong></span> <span class='ocrx_word' id='word_1_145' title='bbox 555 2012 639 2061; x_wconf 86' lang='lat' dir='ltr'><strong>est</strong></span> <span class='ocrx_word' id='word_1_146' title='bbox 668 2014 854 2074; x_wconf 87' lang='lat' dir='ltr'><strong>nupta,</strong></span> <span class='ocrx_word' id='word_1_147' title='bbox 882 2004 1025 2059; x_wconf 87' lang='lat' dir='ltr'><strong>aliud</strong></span> <span class='ocrx_word' id='word_1_148' title='bbox 1057 2006 1380 2059; x_wconf 87' lang='lat' dir='ltr'><strong>concubina.</strong></span> 
     </span>
    </p>
   </div>
   <div class='ocr_carea' id='block_1_21' title="bbox 457 2120 1903 2208">
    <p class='ocr_par' dir='ltr' id='par_1_21' title="bbox 457 2120 1903 2208">
     <span class='ocr_line' id='line_1_21' title="bbox 457 2120 1903 2208; baseline 0.001 -17"><span class='ocrx_word' id='word_1_149' title='bbox 457 2134 609 2203; x_wconf 82' lang='lat' dir='ltr'><strong>Quod</strong></span> <span class='ocrx_word' id='word_1_150' title='bbox 636 2152 740 2191; x_wconf 80' lang='lat' dir='ltr'><strong>non</strong></span> <span class='ocrx_word' id='word_1_151' title='bbox 778 2137 845 2189; x_wconf 87' lang='lat' dir='ltr'><strong>sit</strong></span> <span class='ocrx_word' id='word_1_152' title='bbox 868 2137 1097 2208; x_wconf 81' lang='lat' dir='ltr'><strong>conjugii</strong></span> <span class='ocrx_word' id='word_1_153' title='bbox 1123 2137 1425 2205; x_wconf 80' lang='lat' dir='ltr'><strong>duplicatio,</strong></span> <span class='ocrx_word' id='word_1_154' title='bbox 1458 2120 1675 2208; x_wconf 62' lang='lat' dir='ltr'><strong>quando</strong></span> <span class='ocrx_word' id='word_1_155' title='bbox 1694 2138 1903 2192; x_wconf 83' lang='lat' dir='ltr'><strong>ancilla</strong></span> 
     </span>
    </p>
   </div>
   <div class='ocr_carea' id='block_1_22' title="bbox 854 2207 1534 2261">
    <p class='ocr_par' dir='ltr' id='par_1_22' title="bbox 854 2207 1534 2261">
     <span class='ocr_line' id='line_1_22' title="bbox 854 2207 1534 2261; baseline 0 -1"><span class='ocrx_word' id='word_1_156' title='bbox 854 2207 1035 2261; x_wconf 81' lang='lat' dir='ltr'><strong>relicta</strong></span> <span class='ocrx_word' id='word_1_157' title='bbox 1075 2224 1208 2261; x_wconf 73' lang='lat' dir='ltr'><strong>uxor</strong></span> <span class='ocrx_word' id='word_1_158' title='bbox 1236 2207 1534 2261; x_wconf 76' lang='lat' dir='ltr'><strong>assumitur.</strong></span> 
     </span>
    </p>
   </div>
   <div class='ocr_carea' id='block_1_23' title="bbox 461 2315 1972 2386">
    <p class='ocr_par' dir='ltr' id='par_1_23' title="bbox 461 2315 1972 2386">
     <span class='ocr_line' id='line_1_23' title="bbox 461 2315 1972 2386; baseline 0.003 -16"><span class='ocrx_word' id='word_1_159' title='bbox 461 2315 603 2371; x_wconf 81' lang='lat' dir='ltr'><strong>XIX.</strong></span> <span class='ocrx_word' id='word_1_160' title='bbox 639 2317 897 2372; x_wconf 75' lang='lat' dir='ltr'><strong>Ancillam</strong></span> <span class='ocrx_word' id='word_1_161' title='bbox 929 2332 959 2371; x_wconf 90' lang='lat' dir='ltr'><strong>a</strong></span> <span class='ocrx_word' id='word_1_162' title='bbox 990 2325 1110 2371; x_wconf 89' lang='lat' dir='ltr'><strong>toro</strong></span> <span class='ocrx_word' id='word_1_163' title='bbox 1138 2317 1373 2386; x_wconf 86' lang='lat' dir='ltr'><strong>abjicere</strong></span> <span class='ocrx_word' id='word_1_164' title='bbox 1397 2359 1411 2384; x_wconf 91' lang='lat'><strong>,</strong></span> <span class='ocrx_word' id='word_1_165' title='bbox 1461 2327 1515 2372; x_wconf 90' lang='lat' dir='ltr'><strong>et</strong></span> <span class='ocrx_word' id='word_1_166' title='bbox 1556 2335 1778 2375; x_wconf 78' lang='lat' dir='ltr'><strong>uxorem</strong></span> <span class='ocrx_word' id='word_1_167' title='bbox 1809 2329 1972 2375; x_wconf 75' lang='lat' dir='ltr'><strong>certa:</strong></span> 
     </span>
    </p>
   </div>
   <div class='ocr_carea' id='block_1_24' title="bbox 391 2400 1974 2478">
    <p class='ocr_par' dir='ltr' id='par_1_24' title="bbox 391 2400 1974 2478">
     <span class='ocr_line' id='line_1_24' title="bbox 391 2400 1974 2478; baseline 0.003 -17"><span class='ocrx_word' id='word_1_168' title='bbox 391 2400 738 2476; x_wconf 85' lang='lat' dir='ltr'><strong>ingenuitatis</strong></span> <span class='ocrx_word' id='word_1_169' title='bbox 775 2408 1022 2477; x_wconf 87' lang='lat' dir='ltr'><strong>accipere</strong></span> <span class='ocrx_word' id='word_1_170' title='bbox 1051 2450 1066 2475; x_wconf 92' lang='lat'><strong>,</strong></span> <span class='ocrx_word' id='word_1_171' title='bbox 1110 2422 1218 2463; x_wconf 91' lang='lat' dir='ltr'><strong>non</strong></span> <span class='ocrx_word' id='word_1_172' title='bbox 1259 2406 1552 2477; x_wconf 85' lang='lat' dir='ltr'><strong>duplicatio</strong></span> <span class='ocrx_word' id='word_1_173' title='bbox 1592 2408 1845 2478; x_wconf 86' lang='lat' dir='ltr'><strong>conjugii,</strong></span> <span class='ocrx_word' id='word_1_174' title='bbox 1878 2410 1974 2465; x_wconf 91' lang='lat' dir='ltr'><strong>sed</strong></span> 
     </span>
    </p>
   </div>
   <div class='ocr_carea' id='block_1_25' title="bbox 393 2497 1975 2568">
    <p class='ocr_par' dir='ltr' id='par_1_25' title="bbox 393 2497 1975 2568">
     <span class='ocr_line' id='line_1_25' title="bbox 393 2497 1975 2568; baseline 0.001 -17"><span class='ocrx_word' id='word_1_175' title='bbox 393 2498 668 2568; x_wconf 87' lang='lat' dir='ltr'><strong>profectus</strong></span> <span class='ocrx_word' id='word_1_176' title='bbox 696 2506 781 2553; x_wconf 90' lang='lat' dir='ltr'><strong>est</strong></span> <span class='ocrx_word' id='word_1_177' title='bbox 808 2498 1127 2552; x_wconf 86' lang='lat' dir='ltr'><strong>honestatis.</strong></span> <span class='ocrx_word' id='word_1_178' title='bbox 1159 2497 1439 2568; x_wconf 86' lang='lat' dir='ltr'><strong>Culpanda</strong></span> <span class='ocrx_word' id='word_1_179' title='bbox 1483 2505 1567 2555; x_wconf 83' lang='lat' dir='ltr'><strong>est</strong></span> <span class='ocrx_word' id='word_1_180' title='bbox 1610 2515 1742 2556; x_wconf 86' lang='lat' dir='ltr'><strong>sane</strong></span> <span class='ocrx_word' id='word_1_181' title='bbox 1789 2501 1975 2554; x_wconf 89' lang='lat' dir='ltr'><strong>talium</strong></span> 
     </span>
    </p>
   </div>
   <div class='ocr_carea' id='block_1_26' title="bbox 396 2576 1979 2674">
    <p class='ocr_par' dir='ltr' id='par_1_26' title="bbox 396 2576 1979 2674">
     <span class='ocr_line' id='line_1_26' title="bbox 396 2576 1979 2674; baseline 0.001 -31"><span class='ocrx_word' id='word_1_182' title='bbox 396 2589 718 2658; x_wconf 82' lang='lat' dir='ltr'><strong>negligentia</strong></span> <span class='ocrx_word' id='word_1_183' title='bbox 742 2630 756 2654; x_wconf 92' lang='lat'><strong>,</strong></span> <span class='ocrx_word' id='word_1_184' title='bbox 804 2587 899 2643; x_wconf 89' lang='lat' dir='ltr'><strong>sed</strong></span> <span class='ocrx_word' id='word_1_185' title='bbox 930 2604 1036 2643; x_wconf 91' lang='lat' dir='ltr'><strong>non</strong></span> <span class='ocrx_word' id='word_1_186' title='bbox 1066 2588 1278 2658; x_wconf 85' lang='lat' dir='ltr'><strong>penitus</strong></span> <span class='ocrx_word' id='word_1_187' title='bbox 1306 2576 1656 2674; x_wconf 48' lang='lat' dir='ltr'><strong>deserenda]:</strong></span> <span class='ocrx_word' id='word_1_188' title='bbox 1691 2598 1747 2643; x_wconf 91' lang='lat' dir='ltr'><strong>ut</strong></span> <span class='ocrx_word' id='word_1_189' title='bbox 1776 2592 1979 2644; x_wconf 82' lang='lat' dir='ltr'><strong>crebris</strong></span> 
     </span>
    </p>
   </div>
   <div class='ocr_carea' id='block_1_27' title="bbox 395 2682 1976 2751">
    <p class='ocr_par' dir='ltr' id='par_1_27' title="bbox 395 2682 1976 2751">
     <span class='ocr_line' id='line_1_27' title="bbox 395 2682 1976 2751; baseline 0.001 -15"><span class='ocrx_word' id='word_1_190' title='bbox 395 2682 861 2736; x_wconf 85' lang='lat' dir='ltr'><strong>cohortationibus</strong></span> <span class='ocrx_word' id='word_1_191' title='bbox 903 2682 1139 2747; x_wconf 86' lang='lat' dir='ltr'><strong>incitati,</strong></span> <span class='ocrx_word' id='word_1_192' title='bbox 1186 2682 1330 2750; x_wconf 90' lang='lat' dir='ltr'><strong>quod</strong></span> <span class='ocrx_word' id='word_1_193' title='bbox 1358 2682 1669 2736; x_wconf 88' lang='lat' dir='ltr'><strong>necessario</strong></span> <span class='ocrx_word' id='word_1_194' title='bbox 1698 2684 1976 2751; x_wconf 79' lang='lat' dir='ltr'><strong>expetive—</strong></span> 
     </span>
    </p>
   </div>
   <div class='ocr_carea' id='block_1_28' title="bbox 399 2771 1980 2841">
    <p class='ocr_par' dir='ltr' id='par_1_28' title="bbox 399 2771 1980 2841">
     <span class='ocr_line' id='line_1_28' title="bbox 399 2771 1980 2841; baseline 0.001 -15"><span class='ocrx_word' id='word_1_195' title='bbox 399 2782 524 2826; x_wconf 86' lang='lat' dir='ltr'><strong>runt</strong></span> <span class='ocrx_word' id='word_1_196' title='bbox 554 2771 783 2827; x_wconf 84' lang='lat' dir='ltr'><strong>ﬁdeliter</strong></span> <span class='ocrx_word' id='word_1_197' title='bbox 807 2780 1190 2841; x_wconf 82' lang='lat' dir='ltr'><strong>exsequantur.</strong></span> <span class='ocrx_word' id='word_1_198' title='bbox 1235 2772 1405 2827; x_wconf 85' lang='lat' dir='ltr'><strong>Nemo</strong></span> <span class='ocrx_word' id='word_1_199' title='bbox 1434 2773 1578 2827; x_wconf 88' lang='lat' dir='ltr'><strong>enim</strong></span> <span class='ocrx_word' id='word_1_200' title='bbox 1614 2772 1980 2841; x_wconf 84' lang='lat' dir='ltr'><strong>desperandus</strong></span> 
     </span>
    </p>
   </div>
   <div class='ocr_carea' id='block_1_29' title="bbox 399 2864 1980 2935">
    <p class='ocr_par' dir='ltr' id='par_1_29' title="bbox 399 2864 1980 2935">
     <span class='ocr_line' id='line_1_29' title="bbox 399 2864 1980 2935; baseline 0.001 -17"><span class='ocrx_word' id='word_1_201' title='bbox 399 2875 483 2919; x_wconf 81' lang='lat' dir='ltr'><strong>est</strong></span> <span class='ocrx_word' id='word_1_202' title='bbox 511 2864 636 2920; x_wconf 88' lang='lat' dir='ltr'><strong>dum</strong></span> <span class='ocrx_word' id='word_1_203' title='bbox 666 2866 719 2920; x_wconf 91' lang='lat' dir='ltr'><strong>in</strong></span> <span class='ocrx_word' id='word_1_204' title='bbox 761 2865 867 2921; x_wconf 89' lang='lat' dir='ltr'><strong>hoc</strong></span> <span class='ocrx_word' id='word_1_205' title='bbox 895 2880 1125 2935; x_wconf 90' lang='lat' dir='ltr'><strong>corpore</strong></span> <span class='ocrx_word' id='word_1_206' title='bbox 1156 2864 1481 2921; x_wconf 90' lang='lat' dir='ltr'><strong>constitutus</strong></span> <span class='ocrx_word' id='word_1_207' title='bbox 1522 2873 1638 2932; x_wconf 86' lang='lat' dir='ltr'><strong>est,</strong></span> <span class='ocrx_word' id='word_1_208' title='bbox 1686 2864 1810 2934; x_wconf 90' lang='lat' dir='ltr'><strong>quia</strong></span> <span class='ocrx_word' id='word_1_209' title='bbox 1841 2880 1980 2919; x_wconf 79' lang='lat' dir='ltr'><strong>non-</strong></span> 
     </span>
    </p>
   </div>
   <div class='ocr_carea' id='block_1_30' title="bbox 402 2954 1982 3025">
    <p class='ocr_par' dir='ltr' id='par_1_30' title="bbox 402 2954 1982 3025">
     <span class='ocr_line' id='line_1_30' title="bbox 402 2954 1982 3025; baseline 0.001 -16"><span class='ocrx_word' id='word_1_210' title='bbox 402 2970 676 3025; x_wconf 86' lang='lat' dir='ltr'><strong>nunquam</strong></span> <span class='ocrx_word' id='word_1_211' title='bbox 705 2955 850 3024; x_wconf 90' lang='lat' dir='ltr'><strong>quod</strong></span> <span class='ocrx_word' id='word_1_212' title='bbox 891 2954 1187 3010; x_wconf 76' lang='lat' dir='ltr'><strong>diffidentia</strong></span> <span class='ocrx_word' id='word_1_213' title='bbox 1216 2955 1393 3010; x_wconf 63' lang='lat' dir='ltr'><strong>aetatis</strong></span> <span class='ocrx_word' id='word_1_214' title='bbox 1439 2954 1704 3021; x_wconf 72' lang='lat' dir='ltr'><strong>differtur,</strong></span> <span class='ocrx_word' id='word_1_215' title='bbox 1752 2956 1982 3011; x_wconf 89' lang='lat' dir='ltr'><strong>consilio</strong></span> 
     </span>
    </p>
   </div>
   <div class='ocr_carea' id='block_1_31' title="bbox 402 3044 1021 3116">
    <p class='ocr_par' dir='ltr' id='par_1_31' title="bbox 402 3044 1021 3116">
     <span class='ocr_line' id='line_1_31' title="bbox 402 3044 1021 3116; baseline 0 -17"><span class='ocrx_word' id='word_1_216' title='bbox 402 3045 698 3101; x_wconf 85' lang='lat' dir='ltr'><strong>maturiore</strong></span> <span class='ocrx_word' id='word_1_217' title='bbox 726 3044 1021 3116; x_wconf 78' lang='lat' dir='ltr'><strong>perficitur.</strong></span> 
     </span>
    </p>
   </div>
   <div class='ocr_carea' id='block_1_32' title="bbox 583 3174 1804 3248">
    <p class='ocr_par' dir='ltr' id='par_1_32' title="bbox 583 3174 1804 3248">
     <span class='ocr_line' id='line_1_32' title="bbox 583 3174 1804 3248; baseline 0.002 -20"><span class='ocrx_word' id='word_1_218' title='bbox 583 3174 661 3229; x_wconf 86' lang='lat' dir='ltr'><strong>De</strong></span> <span class='ocrx_word' id='word_1_219' title='bbox 689 3176 1047 3229; x_wconf 83' lang='lat' dir='ltr'><strong>communione</strong></span> <span class='ocrx_word' id='word_1_220' title='bbox 1075 3177 1313 3246; x_wconf 80' lang='lat' dir='ltr'><strong>privatis,</strong></span> <span class='ocrx_word' id='word_1_221' title='bbox 1343 3184 1391 3230; x_wconf 88' lang='lat' dir='ltr'><strong>et</strong></span> <span class='ocrx_word' id='word_1_222' title='bbox 1420 3178 1495 3230; x_wconf 85' lang='lat' dir='ltr'><strong>ita</strong></span> <span class='ocrx_word' id='word_1_223' title='bbox 1526 3177 1804 3248; x_wconf 74' lang='lat' dir='ltr'><strong>defunctis.</strong></span> 
     </span>
    </p>
   </div>
   <div class='ocr_carea' id='block_1_33' title="bbox 474 3287 1985 3358">
    <p class='ocr_par' dir='ltr' id='par_1_33' title="bbox 474 3287 1985 3358">
     <span class='ocr_line' id='line_1_33' title="bbox 474 3287 1985 3358; baseline 0.002 -17"><span class='ocrx_word' id='word_1_224' title='bbox 474 3287 592 3342; x_wconf 94' lang='lat' dir='ltr'><strong>XX.</strong></span> <span class='ocrx_word' id='word_1_225' title='bbox 634 3287 836 3343; x_wconf 75' lang='lat' dir='ltr'><strong>[lorum</strong></span> <span class='ocrx_word' id='word_1_226' title='bbox 865 3304 1028 3344; x_wconf 89' lang='lat' dir='ltr'><strong>causa</strong></span> <span class='ocrx_word' id='word_1_227' title='bbox 1058 3289 1152 3344; x_wconf 88' lang='lat' dir='ltr'><strong>Dei</strong></span> <span class='ocrx_word' id='word_1_228' title='bbox 1177 3289 1380 3358; x_wconf 90' lang='lat' dir='ltr'><strong>judicio</strong></span> <span class='ocrx_word' id='word_1_229' title='bbox 1423 3289 1749 3345; x_wconf 85' lang='lat' dir='ltr'><strong>reservanda</strong></span> <span class='ocrx_word' id='word_1_230' title='bbox 1780 3300 1883 3357; x_wconf 86' lang='lat' dir='ltr'><strong>est,</strong></span> <span class='ocrx_word' id='word_1_231' title='bbox 1933 3290 1985 3345; x_wconf 90' lang='lat' dir='ltr'><strong>in</strong></span> 
     </span>
    </p>
   </div>
   <div class='ocr_carea' id='block_1_34' title="bbox 404 3379 1988 3450">
    <p class='ocr_par' dir='ltr' id='par_1_34' title="bbox 404 3379 1988 3450">
     <span class='ocr_line' id='line_1_34' title="bbox 404 3379 1988 3450; baseline -0.001 -15"><span class='ocrx_word' id='word_1_232' title='bbox 404 3379 559 3449; x_wconf 81' lang='lat' dir='ltr'><strong>cujus</strong></span> <span class='ocrx_word' id='word_1_233' title='bbox 580 3394 741 3433; x_wconf 89' lang='lat' dir='ltr'><strong>manu</strong></span> <span class='ocrx_word' id='word_1_234' title='bbox 784 3379 904 3447; x_wconf 87' lang='lat' dir='ltr'><strong>fuit,</strong></span> <span class='ocrx_word' id='word_1_235' title='bbox 936 3388 993 3433; x_wconf 92' lang='lat' dir='ltr'><strong>ut</strong></span> <span class='ocrx_word' id='word_1_236' title='bbox 1022 3379 1209 3432; x_wconf 89' lang='lat' dir='ltr'><strong>talium</strong></span> <span class='ocrx_word' id='word_1_237' title='bbox 1240 3380 1418 3434; x_wconf 89' lang='lat' dir='ltr'><strong>obitus</strong></span> <span class='ocrx_word' id='word_1_238' title='bbox 1448 3396 1619 3450; x_wconf 88' lang='lat' dir='ltr'><strong>usque</strong></span> <span class='ocrx_word' id='word_1_239' title='bbox 1649 3380 1715 3435; x_wconf 84' lang='lat' dir='ltr'><strong>ad</strong></span> <span class='ocrx_word' id='word_1_240' title='bbox 1744 3396 1988 3436; x_wconf 87' lang='lat' dir='ltr'><strong>commu-</strong></span> 
     </span>
    </p>
   </div>
   <div class='ocr_carea' id='block_1_35' title="bbox 408 3469 1989 3548">
    <p class='ocr_par' dir='ltr' id='par_1_35' title="bbox 408 3469 1989 3548">
     <span class='ocr_line' id='line_1_35' title="bbox 408 3469 1989 3548; baseline -0.001 -21"><span class='ocrx_word' id='word_1_241' title='bbox 408 3472 585 3527; x_wconf 88' lang='lat' dir='ltr'><strong>nionis</strong></span> <span class='ocrx_word' id='word_1_242' title='bbox 612 3472 908 3526; x_wconf 87' lang='lat' dir='ltr'><strong>remedium</strong></span> <span class='ocrx_word' id='word_1_243' title='bbox 960 3486 1066 3526; x_wconf 92' lang='lat' dir='ltr'><strong>non</strong></span> <span class='ocrx_word' id='word_1_244' title='bbox 1104 3469 1399 3525; x_wconf 86' lang='lat' dir='ltr'><strong>differatur.</strong></span> <span class='ocrx_word' id='word_1_245' title='bbox 1450 3472 1557 3527; x_wconf 86' lang='lat' dir='ltr'><strong>Nos</strong></span> <span class='ocrx_word' id='word_1_246' title='bbox 1587 3481 1765 3527; x_wconf 90' lang='lat' dir='ltr'><strong>autem</strong></span> <span class='ocrx_word' id='word_1_247' title='bbox 1794 3474 1989 3548; x_wconf 65' lang='lat' dir='ltr'><strong>quibps</strong></span> 
     </span>
    </p>
   </div>
   <div class='ocr_carea' id='block_1_36' title="bbox 407 3562 1990 3629">
    <p class='ocr_par' dir='ltr' id='par_1_36' title="bbox 407 3562 1990 3629">
     <span class='ocr_line' id='line_1_36' title="bbox 407 3562 1990 3629; baseline 0.001 -13"><span class='ocrx_word' id='word_1_248' title='bbox 407 3562 712 3616; x_wconf 72' lang='lat' dir='ltr'><strong>viventibus</strong></span> <span class='ocrx_word' id='word_1_249' title='bbox 742 3577 846 3614; x_wconf 92' lang='lat' dir='ltr'><strong>non</strong></span> <span class='ocrx_word' id='word_1_250' title='bbox 878 3563 1410 3629; x_wconf 87' lang='lat' dir='ltr'><strong>communicavimus,</strong></span> <span class='ocrx_word' id='word_1_251' title='bbox 1433 3563 1659 3618; x_wconf 90' lang='lat' dir='ltr'><strong>mortuis</strong></span> <span class='ocrx_word' id='word_1_252' title='bbox 1688 3565 1990 3619; x_wconf 86' lang='lat' dir='ltr'><strong>communi-</strong></span> 
     </span>
    </p>
   </div>
   <div class='ocr_carea' id='block_1_37' title="bbox 409 3667 997 3722">
    <p class='ocr_par' dir='ltr' id='par_1_37' title="bbox 409 3667 997 3722">
     <span class='ocr_line' id='line_1_37' title="bbox 409 3667 997 3722; baseline -0.005 -14"><span class='ocrx_word' id='word_1_253' title='bbox 409 3668 537 3708; x_wconf 85' lang='lat' dir='ltr'><strong>care</strong></span> <span class='ocrx_word' id='word_1_254' title='bbox 556 3667 665 3707; x_wconf 89' lang='lat' dir='ltr'><strong>non</strong></span> <span class='ocrx_word' id='word_1_255' title='bbox 696 3668 997 3722; x_wconf 77' lang='lat' dir='ltr'><strong>possumus.</strong></span> 
     </span>
    </p>
   </div>
   <div class='ocr_carea' id='block_1_38' title="bbox 627 3786 1774 3859">
    <p class='ocr_par' dir='ltr' id='par_1_38' title="bbox 627 3786 1774 3859">
     <span class='ocr_line' id='line_1_38' title="bbox 627 3786 1774 3859; baseline 0.003 -20"><span class='ocrx_word' id='word_1_256' title='bbox 627 3786 703 3840; x_wconf 89' lang='lat' dir='ltr'><strong>De</strong></span> <span class='ocrx_word' id='word_1_257' title='bbox 732 3787 810 3840; x_wconf 82' lang='lat' dir='ltr'><strong>Itis</strong></span> <span class='ocrx_word' id='word_1_258' title='bbox 831 3787 918 3857; x_wconf 85' lang='lat' dir='ltr'><strong>qui</strong></span> <span class='ocrx_word' id='word_1_259' title='bbox 956 3788 1307 3856; x_wconf 68' lang='lat' dir='ltr'><strong>paenitentiam</strong></span> <span class='ocrx_word' id='word_1_260' title='bbox 1329 3804 1481 3859; x_wconf 85' lang='lat' dir='ltr'><strong>agere</strong></span> <span class='ocrx_word' id='word_1_261' title='bbox 1502 3788 1774 3858; x_wconf 72' lang='lat' dir='ltr'><strong>(li/ferunt.</strong></span> 
     </span>
    </p>
   </div>
   <div class='ocr_carea' id='block_1_39' title="bbox 483 3901 1992 3973">
    <p class='ocr_par' dir='ltr' id='par_1_39' title="bbox 483 3901 1992 3973">
     <span class='ocr_line' id='line_1_39' title="bbox 483 3901 1992 3973; baseline -0.001 -16"><span class='ocrx_word' id='word_1_262' title='bbox 483 3902 624 3957; x_wconf 87' lang='lat' dir='ltr'><strong>XXI.</strong></span> <span class='ocrx_word' id='word_1_263' title='bbox 658 3901 1022 3958; x_wconf 87' lang='lat' dir='ltr'><strong>Dissimulatio</strong></span> <span class='ocrx_word' id='word_1_264' title='bbox 1051 3903 1165 3957; x_wconf 62' lang='lat' dir='ltr'><strong>haec</strong></span> <span class='ocrx_word' id='word_1_265' title='bbox 1206 3910 1389 3973; x_wconf 84' lang='lat' dir='ltr'><strong>potest</strong></span> <span class='ocrx_word' id='word_1_266' title='bbox 1431 3918 1541 3958; x_wconf 90' lang='lat' dir='ltr'><strong>non</strong></span> <span class='ocrx_word' id='word_1_267' title='bbox 1570 3902 1636 3957; x_wconf 89' lang='lat' dir='ltr'><strong>de</strong></span> <span class='ocrx_word' id='word_1_268' title='bbox 1683 3911 1992 3972; x_wconf 90' lang='lat' dir='ltr'><strong>contemptu</strong></span> 
     </span>
    </p>
   </div>
   <div class='ocr_carea' id='block_1_40' title="bbox 412 3992 1994 4064">
    <p class='ocr_par' dir='ltr' id='par_1_40' title="bbox 412 3992 1994 4064">
     <span class='ocr_line' id='line_1_40' title="bbox 412 3992 1994 4064; baseline 0.001 -17"><span class='ocrx_word' id='word_1_269' title='bbox 412 4007 536 4047; x_wconf 86' lang='lat' dir='ltr'><strong>esse</strong></span> <span class='ocrx_word' id='word_1_270' title='bbox 564 3992 809 4057; x_wconf 86' lang='lat' dir='ltr'><strong>remedii,</strong></span> <span class='ocrx_word' id='word_1_271' title='bbox 840 3992 932 4047; x_wconf 90' lang='lat' dir='ltr'><strong>sed</strong></span> <span class='ocrx_word' id='word_1_272' title='bbox 954 3992 1021 4046; x_wconf 93' lang='lat' dir='ltr'><strong>de</strong></span> <span class='ocrx_word' id='word_1_273' title='bbox 1049 4001 1194 4047; x_wconf 91' lang='lat' dir='ltr'><strong>metu</strong></span> <span class='ocrx_word' id='word_1_274' title='bbox 1215 3994 1429 4061; x_wconf 83' lang='lat' dir='ltr'><strong>gravius</strong></span> <span class='ocrx_word' id='word_1_275' title='bbox 1448 3994 1812 4064; x_wconf 86' lang='lat' dir='ltr'><strong>delinquendi.</strong></span> <span class='ocrx_word' id='word_1_276' title='bbox 1845 3993 1994 4049; x_wconf 76' lang='lat' dir='ltr'><strong>Unde</strong></span> 
     </span>
    </p>
   </div>
   <div class='ocr_carea' id='block_1_41' title="bbox 413 4082 1994 4156">
    <p class='ocr_par' dir='ltr' id='par_1_41' title="bbox 413 4082 1994 4156">
     <span class='ocr_line' id='line_1_41' title="bbox 413 4082 1994 4156; baseline 0.002 -20"><span class='ocrx_word' id='word_1_277' title='bbox 413 4084 730 4154; x_wconf 76' lang='lat' dir='ltr'><strong>pmnitentia</strong></span> <span class='ocrx_word' id='word_1_278' title='bbox 760 4124 777 4150; x_wconf 93' lang='lat'><strong>,</strong></span> <span class='ocrx_word' id='word_1_279' title='bbox 820 4097 942 4152; x_wconf 84' lang='lat' dir='ltr'><strong>quae</strong></span> <span class='ocrx_word' id='word_1_280' title='bbox 980 4082 1145 4138; x_wconf 87' lang='lat' dir='ltr'><strong>dilata</strong></span> <span class='ocrx_word' id='word_1_281' title='bbox 1193 4093 1311 4151; x_wconf 88' lang='lat' dir='ltr'><strong>est,</strong></span> <span class='ocrx_word' id='word_1_282' title='bbox 1356 4101 1477 4140; x_wconf 92' lang='lat' dir='ltr'><strong>eum</strong></span> <span class='ocrx_word' id='word_1_283' title='bbox 1504 4086 1792 4139; x_wconf 88' lang='lat' dir='ltr'><strong>studiosius</strong></span> <span class='ocrx_word' id='word_1_284' title='bbox 1828 4087 1994 4156; x_wconf 86' lang='lat' dir='ltr'><strong>petita</strong></span> 
     </span>
    </p>
   </div>
   <div class='ocr_carea' id='block_1_42' title="bbox 413 4173 1994 4243">
    <p class='ocr_par' dir='ltr' id='par_1_42' title="bbox 413 4173 1994 4243">
     <span class='ocr_line' id='line_1_42' title="bbox 413 4173 1994 4243; baseline 0.001 -16"><span class='ocrx_word' id='word_1_285' title='bbox 413 4173 597 4235; x_wconf 82' lang='lat' dir='ltr'><strong>fuerit,</strong></span> <span class='ocrx_word' id='word_1_286' title='bbox 630 4189 738 4227; x_wconf 88' lang='lat' dir='ltr'><strong>non</strong></span> <span class='ocrx_word' id='word_1_287' title='bbox 767 4184 995 4239; x_wconf 82' lang='lat' dir='ltr'><strong>negetur</strong></span> <span class='ocrx_word' id='word_1_288' title='bbox 1026 4191 1038 4225; x_wconf 91' lang='lat'>:</span> <span class='ocrx_word' id='word_1_289' title='bbox 1078 4184 1139 4227; x_wconf 87' lang='lat' dir='ltr'><strong>ut</strong></span> <span class='ocrx_word' id='word_1_290' title='bbox 1168 4188 1387 4243; x_wconf 88' lang='lat' dir='ltr'><strong>quoquo</strong></span> <span class='ocrx_word' id='word_1_291' title='bbox 1418 4175 1578 4230; x_wconf 89' lang='lat' dir='ltr'><strong>modo</strong></span> <span class='ocrx_word' id='word_1_292' title='bbox 1606 4177 1670 4229; x_wconf 88' lang='lat' dir='ltr'><strong>ad</strong></span> <span class='ocrx_word' id='word_1_293' title='bbox 1711 4178 1994 4242; x_wconf 75' lang='lat' dir='ltr'><strong>indulgen-</strong></span> 
     </span>
    </p>
   </div>
   <div class='ocr_carea' id='block_1_43' title="bbox 415 4267 1692 4337">
    <p class='ocr_par' dir='ltr' id='par_1_43' title="bbox 415 4267 1692 4337">
     <span class='ocr_line' id='line_1_43' title="bbox 415 4267 1692 4337; baseline -0.001 -16"><span class='ocrx_word' id='word_1_294' title='bbox 415 4269 503 4322; x_wconf 70' lang='lat' dir='ltr'><strong>tias</strong></span> <span class='ocrx_word' id='word_1_295' title='bbox 530 4268 853 4322; x_wconf 80' lang='lat' dir='ltr'><strong>medicinam</strong></span> <span class='ocrx_word' id='word_1_296' title='bbox 885 4267 1061 4320; x_wconf 82' lang='lat' dir='ltr'><strong>anima</strong></span> <span class='ocrx_word' id='word_1_297' title='bbox 1093 4268 1372 4321; x_wconf 85' lang='lat' dir='ltr'><strong>vulnerata</strong></span> <span class='ocrx_word' id='word_1_298' title='bbox 1398 4270 1692 4337; x_wconf 76' lang='lat' dir='ltr'><strong>perveniat.</strong></span> 
     </span>
    </p>
   </div>
   <div class='ocr_carea' id='block_1_44' title="bbox 453 4377 1956 4451">
    <p class='ocr_par' dir='ltr' id='par_1_44' title="bbox 453 4377 1956 4451">
     <span class='ocr_line' id='line_1_44' title="bbox 453 4377 1956 4451; baseline 0.001 -20"><span class='ocrx_word' id='word_1_299' title='bbox 453 4377 606 4443; x_wconf 81' lang='lat' dir='ltr'><strong>Quod</strong></span> <span class='ocrx_word' id='word_1_300' title='bbox 635 4388 871 4451; x_wconf 85' lang='lat' dir='ltr'><strong>oporteat</strong></span> <span class='ocrx_word' id='word_1_301' title='bbox 905 4395 1038 4438; x_wconf 84' lang='lat' dir='ltr'><strong>eum,</strong></span> <span class='ocrx_word' id='word_1_302' title='bbox 1058 4380 1156 4451; x_wconf 14' lang='lat' dir='ltr'><strong>Aqui</strong></span> <span class='ocrx_word' id='word_1_303' title='bbox 1180 4396 1285 4451; x_wconf 74' lang='lat' dir='ltr'><strong>pro</strong></span> <span class='ocrx_word' id='word_1_304' title='bbox 1312 4379 1508 4451; x_wconf 75' lang='lat' dir='ltr'><strong>illicitis</strong></span> <span class='ocrx_word' id='word_1_305' title='bbox 1540 4380 1742 4433; x_wconf 84' lang='lat' dir='ltr'><strong>veniam</strong></span> <span class='ocrx_word' id='word_1_306' title='bbox 1773 4382 1956 4451; x_wconf 84' lang='lat' dir='ltr'><strong>poscit,</strong></span> 
     </span>
    </p>
   </div>
   <div class='ocr_carea' id='block_1_45' title="bbox 770 4449 1634 4502">
    <p class='ocr_par' dir='ltr' id='par_1_45' title="bbox 770 4449 1634 4502">
     <span class='ocr_line' id='line_1_45' title="bbox 770 4449 1634 4502; baseline 0.002 -3"><span class='ocrx_word' id='word_1_307' title='bbox 770 4450 928 4499; x_wconf 87' lang='lat' dir='ltr'><strong>etiam</strong></span> <span class='ocrx_word' id='word_1_308' title='bbox 959 4449 1132 4501; x_wconf 84' lang='lat' dir='ltr'><strong>multis</strong></span> <span class='ocrx_word' id='word_1_309' title='bbox 1170 4450 1325 4501; x_wconf 86' lang='lat' dir='ltr'><strong>licitis</strong></span> <span class='ocrx_word' id='word_1_310' title='bbox 1355 4449 1634 4502; x_wconf 85' lang='lat' dir='ltr'><strong>abstinere.</strong></span> 
     </span>
    </p>
   </div>
   <div class='ocr_carea' id='block_1_46' title="bbox 490 4536 1994 4609">
    <p class='ocr_par' dir='ltr' id='par_1_46' title="bbox 490 4536 1994 4609">
     <span class='ocr_line' id='line_1_46' title="bbox 490 4536 1994 4609; baseline 0.001 -17"><span class='ocrx_word' id='word_1_311' title='bbox 490 4536 651 4592; x_wconf 83' lang='lat' dir='ltr'><strong>XXII.</strong></span> <span class='ocrx_word' id='word_1_312' title='bbox 696 4538 852 4591; x_wconf 80' lang='lat' dir='ltr'><strong>Aliud</strong></span> <span class='ocrx_word' id='word_1_313' title='bbox 893 4538 1108 4606; x_wconf 78' lang='lat' dir='ltr'><strong>quidem</strong></span> <span class='ocrx_word' id='word_1_314' title='bbox 1142 4548 1225 4593; x_wconf 87' lang='lat' dir='ltr'><strong>est</strong></span> <span class='ocrx_word' id='word_1_315' title='bbox 1251 4539 1430 4592; x_wconf 82' lang='lat' dir='ltr'><strong>debita</strong></span> <span class='ocrx_word' id='word_1_316' title='bbox 1478 4539 1620 4607; x_wconf 80' lang='lat' dir='ltr'><strong>justa</strong></span> <span class='ocrx_word' id='word_1_317' title='bbox 1669 4555 1994 4609; x_wconf 82' lang='lat' dir='ltr'><strong>reposcere,</strong></span> 
     </span>
    </p>
   </div>
   <div class='ocr_carea' id='block_1_47' title="bbox 2668 612 3001 666">
    <p class='ocr_par' dir='ltr' id='par_1_47' title="bbox 2668 612 3001 666">
     <span class='ocr_line' id='line_1_47' title="bbox 2668 612 3001 666; baseline -0.003 -1"><span class='ocrx_word' id='word_1_318' title='bbox 2668 628 2773 666; x_wconf 83' lang='lat' dir='ltr'><strong>non</strong></span> <span class='ocrx_word' id='word_1_319' title='bbox 2803 612 3001 665; x_wconf 81' lang='lat' dir='ltr'><strong>debeat.</strong></span> 
     </span>
    </p>
   </div>
   <div class='ocr_carea' id='block_1_48' title="bbox 2120 700 3636 766">
    <p class='ocr_par' dir='ltr' id='par_1_48' title="bbox 2120 700 3636 766">
     <span class='ocr_line' id='line_1_48' title="bbox 2120 700 3636 766; baseline -0.003 -9"><span class='ocrx_word' id='word_1_320' title='bbox 2120 704 2312 757; x_wconf 86' lang='lat' dir='ltr'><strong>XXIV.</strong></span> <span class='ocrx_word' id='word_1_321' title='bbox 2345 703 2691 758; x_wconf 88' lang='lat' dir='ltr'><strong>Contrarium</strong></span> <span class='ocrx_word' id='word_1_322' title='bbox 2721 712 2807 757; x_wconf 90' lang='lat' dir='ltr'><strong>est</strong></span> <span class='ocrx_word' id='word_1_323' title='bbox 2832 702 3053 756; x_wconf 90' lang='lat' dir='ltr'><strong>omnino</strong></span> <span class='ocrx_word' id='word_1_324' title='bbox 3076 700 3461 755; x_wconf 83' lang='lat' dir='ltr'><strong>ecclesiasticis</strong></span> <span class='ocrx_word' id='word_1_325' title='bbox 3484 712 3636 766; x_wconf 86' lang='lat' dir='ltr'><strong>regu-</strong></span> 
     </span>
    </p>
   </div>
   <div class='ocr_carea' id='block_1_49' title="bbox 2050 792 3634 864">
    <p class='ocr_par' dir='ltr' id='par_1_49' title="bbox 2050 792 3634 864">
     <span class='ocr_line' id='line_1_49' title="bbox 2050 792 3634 864; baseline -0.004 -15"><span class='ocrx_word' id='word_1_326' title='bbox 2050 794 2114 849; x_wconf 89' lang='lat' dir='ltr'><strong>lis</strong></span> <span class='ocrx_word' id='word_1_327' title='bbox 2144 804 2266 864; x_wconf 89' lang='lat' dir='ltr'><strong>post</strong></span> <span class='ocrx_word' id='word_1_328' title='bbox 2293 796 2624 864; x_wconf 72' lang='lat' dir='ltr'><strong>ptrnitentim</strong></span> <span class='ocrx_word' id='word_1_329' title='bbox 2655 796 2923 848; x_wconf 88' lang='lat' dir='ltr'><strong>actionem</strong></span> <span class='ocrx_word' id='word_1_330' title='bbox 2953 792 3132 847; x_wconf 88' lang='lat' dir='ltr'><strong>redire</strong></span> <span class='ocrx_word' id='word_1_331' title='bbox 3169 793 3234 846; x_wconf 83' lang='lat' dir='ltr'><strong>ad</strong></span> <span class='ocrx_word' id='word_1_332' title='bbox 3266 793 3506 845; x_wconf 85' lang='lat' dir='ltr'><strong>militiam</strong></span> <span class='ocrx_word' id='word_1_333' title='bbox 3530 806 3634 844; x_wconf 76' lang='lat' dir='ltr'><strong>sae-</strong></span> 
     </span>
    </p>
   </div>
   <div class='ocr_carea' id='block_1_50' title="bbox 2050 881 3635 954">
    <p class='ocr_par' dir='ltr' id='par_1_50' title="bbox 2050 881 3635 954">
     <span class='ocr_line' id='line_1_50' title="bbox 2050 881 3635 954; baseline -0.003 -16"><span class='ocrx_word' id='word_1_334' title='bbox 2050 885 2316 953; x_wconf 86' lang='lat' dir='ltr'><strong>cularem,</strong></span> <span class='ocrx_word' id='word_1_335' title='bbox 2384 900 2506 938; x_wconf 89' lang='lat' dir='ltr'><strong>cum</strong></span> <span class='ocrx_word' id='word_1_336' title='bbox 2535 884 2827 954; x_wconf 80' lang='lat' dir='ltr'><strong>Apostolus</strong></span> <span class='ocrx_word' id='word_1_337' title='bbox 2849 884 2995 937; x_wconf 86' lang='lat' dir='ltr'><strong>dicat</strong></span> <span class='ocrx_word' id='word_1_338' title='bbox 3021 900 3033 934; x_wconf 90' lang='lat'>:</span> <span class='ocrx_word' id='word_1_339' title='bbox 3058 882 3228 937; x_wconf 88' lang='lat' dir='ltr'><strong>Nemo</strong></span> <span class='ocrx_word' id='word_1_340' title='bbox 3260 883 3496 935; x_wconf 86' lang='lat' dir='ltr'><strong>militans</strong></span> <span class='ocrx_word' id='word_1_341' title='bbox 3525 881 3635 934; x_wconf 77' lang='lat' dir='ltr'><strong>Ileo</strong></span> 
     </span>
    </p>
   </div>
   <div class='ocr_carea' id='block_1_51' title="bbox 2052 968 3636 1044">
    <p class='ocr_par' dir='ltr' id='par_1_51' title="bbox 2052 968 3636 1044">
     <span class='ocr_line' id='line_1_51' title="bbox 2052 968 3636 1044; baseline -0.004 -15"><span class='ocrx_word' id='word_1_342' title='bbox 2052 975 2295 1044; x_wconf 84' lang='lat' dir='ltr'><strong>implicat</strong></span> <span class='ocrx_word' id='word_1_343' title='bbox 2337 990 2395 1027; x_wconf 90' lang='lat' dir='ltr'><strong>se</strong></span> <span class='ocrx_word' id='word_1_344' title='bbox 2428 974 2660 1043; x_wconf 82' lang='lat' dir='ltr'><strong>negotiis</strong></span> <span class='ocrx_word' id='word_1_345' title='bbox 2698 974 3047 1027; x_wconf 63' lang='lat' dir='ltr'><strong>saecularibus</strong></span> <span class='ocrx_word' id='word_1_346' title='bbox 3071 972 3155 1041; x_wconf 83' lang='grc'><strong>(11</strong></span> <span class='ocrx_word' id='word_1_347' title='bbox 3192 972 3323 1025; x_wconf 87' lang='lat' dir='ltr'><strong>Tim.</strong></span> <span class='ocrx_word' id='word_1_348' title='bbox 3357 972 3435 1041; x_wconf 86' lang='grc' dir='ltr'>ιι).</span> <span class='ocrx_word' id='word_1_349' title='bbox 3484 968 3636 1024; x_wconf 86' lang='lat' dir='ltr'><strong>Unde</strong></span> 
     </span>
    </p>
   </div>
   <div class='ocr_carea' id='block_1_52' title="bbox 2054 1050 3615 1131">
    <p class='ocr_par' dir='ltr' id='par_1_52' title="bbox 2054 1050 3615 1131">
     <span class='ocr_line' id='line_1_52' title="bbox 2054 1050 3615 1131; baseline -0.004 -12"><span class='ocrx_word' id='word_1_350' title='bbox 2054 1081 2160 1119; x_wconf 88' lang='lat' dir='ltr'><strong>non</strong></span> <span class='ocrx_word' id='word_1_351' title='bbox 2189 1074 2274 1117; x_wconf 85' lang='lat' dir='ltr'><strong>est</strong></span> <span class='ocrx_word' id='word_1_352' title='bbox 2304 1064 2438 1117; x_wconf 84' lang='lat' dir='ltr'><strong>liber</strong></span> <span class='ocrx_word' id='word_1_353' title='bbox 2465 1079 2493 1115; x_wconf 90' lang='lat' dir='ltr'><strong>a</strong></span> <span class='ocrx_word' id='word_1_354' title='bbox 2526 1050 2732 1131; x_wconf 80' lang='lat' dir='ltr'><strong>laqueis</strong></span> <span class='ocrx_word' id='word_1_355' title='bbox 2760 1063 2995 1128; x_wconf 87' lang='lat' dir='ltr'><strong>diaboli,</strong></span> <span class='ocrx_word' id='word_1_356' title='bbox 3046 1065 3137 1131; x_wconf 89' lang='lat' dir='ltr'><strong>qui</strong></span> <span class='ocrx_word' id='word_1_357' title='bbox 3178 1077 3239 1116; x_wconf 89' lang='lat' dir='ltr'><strong>se</strong></span> <span class='ocrx_word' id='word_1_358' title='bbox 3271 1062 3457 1114; x_wconf 75' lang='lat' dir='ltr'><strong>militia</strong></span> <span class='ocrx_word' id='word_1_359' title='bbox 3489 1077 3615 1113; x_wconf 87' lang='lat' dir='ltr'><strong>mun</strong></span> 
     </span>
    </p>
   </div>
   <div class='ocr_carea' id='block_1_53' title="bbox 2054 1158 2788 1227">
    <p class='ocr_par' dir='ltr' id='par_1_53' title="bbox 2054 1158 2788 1227">
     <span class='ocr_line' id='line_1_53' title="bbox 2054 1158 2788 1227; baseline -0.005 -13"><span class='ocrx_word' id='word_1_360' title='bbox 2054 1160 2193 1214; x_wconf 89' lang='lat' dir='ltr'><strong>dana</strong></span> <span class='ocrx_word' id='word_1_361' title='bbox 2222 1159 2455 1213; x_wconf 87' lang='lat' dir='ltr'><strong>voluerit</strong></span> <span class='ocrx_word' id='word_1_362' title='bbox 2487 1158 2788 1227; x_wconf 88' lang='lat' dir='ltr'><strong>implicare.</strong></span> 
     </span>
    </p>
   </div>
   <div class='ocr_carea' id='block_1_54' title="bbox 2059 1272 3637 1342">
    <p class='ocr_par' dir='ltr' id='par_1_54' title="bbox 2059 1272 3637 1342">
     <span class='ocr_line' id='line_1_54' title="bbox 2059 1272 3637 1342; baseline -0.003 -17"><span class='ocrx_word' id='word_1_363' title='bbox 2059 1273 2210 1338; x_wconf 85' lang='lat' dir='ltr'><strong>Quod</strong></span> <span class='ocrx_word' id='word_1_364' title='bbox 2230 1273 2553 1331; x_wconf 66' lang='lat' dir='ltr'><strong>adolescens,</strong></span> <span class='ocrx_word' id='word_1_365' title='bbox 2588 1272 2655 1337; x_wconf 83' lang='lat' dir='ltr'><strong>si,</strong></span> <span class='ocrx_word' id='word_1_366' title='bbox 2682 1286 2894 1339; x_wconf 78' lang='lat' dir='ltr'><strong>urgente</strong></span> <span class='ocrx_word' id='word_1_367' title='bbox 2923 1287 3218 1342; x_wconf 80' lang='lat' dir='ltr'><strong>quocunque</strong></span> <span class='ocrx_word' id='word_1_368' title='bbox 3242 1272 3490 1338; x_wconf 79' lang='lat' dir='ltr'><strong>periculo,</strong></span> <span class='ocrx_word' id='word_1_369' title='bbox 3529 1285 3637 1337; x_wconf 72' lang='lat' dir='ltr'><strong>pre-</strong></span> 
     </span>
    </p>
   </div>
   <div class='ocr_carea' id='block_1_55' title="bbox 2128 1343 3641 1411">
    <p class='ocr_par' dir='ltr' id='par_1_55' title="bbox 2128 1343 3641 1411">
     <span class='ocr_line' id='line_1_55' title="bbox 2128 1343 3641 1411; baseline -0.003 -16"><span class='ocrx_word' id='word_1_370' title='bbox 2128 1345 2402 1396; x_wconf 82' lang='lat' dir='ltr'><strong>nitentiam</strong></span> <span class='ocrx_word' id='word_1_371' title='bbox 2438 1344 2626 1411; x_wconf 80' lang='lat' dir='ltr'><strong>gessit,</strong></span> <span class='ocrx_word' id='word_1_372' title='bbox 2672 1350 2719 1394; x_wconf 87' lang='lat' dir='ltr'><strong>et</strong></span> <span class='ocrx_word' id='word_1_373' title='bbox 2750 1358 2804 1393; x_wconf 84' lang='lat' dir='ltr'><strong>se</strong></span> <span class='ocrx_word' id='word_1_374' title='bbox 2847 1358 2949 1394; x_wconf 86' lang='lat' dir='ltr'><strong>non</strong></span> <span class='ocrx_word' id='word_1_375' title='bbox 2983 1343 3234 1403; x_wconf 75' lang='lat' dir='ltr'><strong>continet,</strong></span> <span class='ocrx_word' id='word_1_376' title='bbox 3265 1343 3442 1393; x_wconf 71' lang='lat' dir='ltr'><strong>uxoris</strong></span> <span class='ocrx_word' id='word_1_377' title='bbox 3475 1346 3641 1408; x_wconf 79' lang='lat' dir='ltr'><strong>potest</strong></span> 
     </span>
    </p>
   </div>
   <div class='ocr_carea' id='block_1_56' title="bbox 2130 1413 2648 1466">
    <p class='ocr_par' dir='ltr' id='par_1_56' title="bbox 2130 1413 2648 1466">
     <span class='ocr_line' id='line_1_56' title="bbox 2130 1413 2648 1466; baseline -0.006 0"><span class='ocrx_word' id='word_1_378' title='bbox 2130 1414 2355 1466; x_wconf 80' lang='lat' dir='ltr'><strong>remedio</strong></span> <span class='ocrx_word' id='word_1_379' title='bbox 2384 1413 2648 1465; x_wconf 82' lang='lat' dir='ltr'><strong>sustineri.</strong></span> 
     </span>
    </p>
   </div>
   <div class='ocr_carea' id='block_1_57' title="bbox 2132 1502 3646 1567">
    <p class='ocr_par' dir='ltr' id='par_1_57' title="bbox 2132 1502 3646 1567">
     <span class='ocr_line' id='line_1_57' title="bbox 2132 1502 3646 1567; baseline -0.005 -6"><span class='ocrx_word' id='word_1_380' title='bbox 2132 1504 2298 1561; x_wconf 77' lang='lat' dir='ltr'><strong>XXV.</strong></span> <span class='ocrx_word' id='word_1_381' title='bbox 2332 1504 2386 1556; x_wconf 89' lang='lat' dir='ltr'><strong>In</strong></span> <span class='ocrx_word' id='word_1_382' title='bbox 2434 1504 2798 1558; x_wconf 80' lang='lat' dir='ltr'><strong>adolescentia</strong></span> <span class='ocrx_word' id='word_1_383' title='bbox 2831 1503 3179 1564; x_wconf 85' lang='lat' dir='ltr'><strong>constitutus,</strong></span> <span class='ocrx_word' id='word_1_384' title='bbox 3201 1502 3264 1566; x_wconf 90' lang='lat' dir='ltr'><strong>si,</strong></span> <span class='ocrx_word' id='word_1_385' title='bbox 3300 1509 3522 1567; x_wconf 70' lang='lat' dir='ltr'><strong>urgente</strong></span> <span class='ocrx_word' id='word_1_386' title='bbox 3551 1510 3646 1555; x_wconf 90' lang='lat' dir='ltr'><strong>aut</strong></span> 
     </span>
    </p>
   </div>
   <div class='ocr_carea' id='block_1_58' title="bbox 2065 1593 3642 1662">
    <p class='ocr_par' dir='ltr' id='par_1_58' title="bbox 2065 1593 3642 1662">
     <span class='ocr_line' id='line_1_58' title="bbox 2065 1593 3642 1662; baseline -0.001 -14"><span class='ocrx_word' id='word_1_387' title='bbox 2065 1604 2210 1648; x_wconf 83' lang='lat' dir='ltr'><strong>metu</strong></span> <span class='ocrx_word' id='word_1_388' title='bbox 2238 1595 2424 1647; x_wconf 85' lang='lat' dir='ltr'><strong>mortis</strong></span> <span class='ocrx_word' id='word_1_389' title='bbox 2447 1635 2461 1656; x_wconf 91' lang='lat'><strong>,</strong></span> <span class='ocrx_word' id='word_1_390' title='bbox 2513 1603 2606 1647; x_wconf 90' lang='lat' dir='ltr'><strong>aut</strong></span> <span class='ocrx_word' id='word_1_391' title='bbox 2633 1593 2957 1662; x_wconf 78' lang='lat' dir='ltr'><strong>captivitatis</strong></span> <span class='ocrx_word' id='word_1_392' title='bbox 2979 1593 3236 1662; x_wconf 83' lang='lat' dir='ltr'><strong>periculo,</strong></span> <span class='ocrx_word' id='word_1_393' title='bbox 3272 1593 3642 1661; x_wconf 56' lang='lat' dir='ltr'><strong>paenitentiam</strong></span> 
     </span>
    </p>
   </div>
   <div class='ocr_carea' id='block_1_59' title="bbox 2065 1686 3648 1757">
    <p class='ocr_par' dir='ltr' id='par_1_59' title="bbox 2065 1686 3648 1757">
     <span class='ocr_line' id='line_1_59' title="bbox 2065 1686 3648 1757; baseline -0.001 -17"><span class='ocrx_word' id='word_1_394' title='bbox 2065 1688 2251 1757; x_wconf 78' lang='lat' dir='ltr'><strong>gessit,</strong></span> <span class='ocrx_word' id='word_1_395' title='bbox 2282 1696 2337 1740; x_wconf 92' lang='lat' dir='ltr'><strong>et</strong></span> <span class='ocrx_word' id='word_1_396' title='bbox 2366 1695 2553 1755; x_wconf 88' lang='lat' dir='ltr'><strong>postea</strong></span> <span class='ocrx_word' id='word_1_397' title='bbox 2584 1686 2778 1741; x_wconf 90' lang='lat' dir='ltr'><strong>timens</strong></span> <span class='ocrx_word' id='word_1_398' title='bbox 2809 1687 3019 1756; x_wconf 87' lang='lat' dir='ltr'><strong>lapsum</strong></span> <span class='ocrx_word' id='word_1_399' title='bbox 3067 1686 3470 1741; x_wconf 71' lang='lat' dir='ltr'><strong>incontinentis:</strong></span> <span class='ocrx_word' id='word_1_400' title='bbox 3493 1726 3507 1751; x_wconf 94' lang='lat'><strong>,</strong></span> <span class='ocrx_word' id='word_1_401' title='bbox 3555 1701 3648 1739; x_wconf 81' lang='lat' dir='ltr'><strong>ve-</strong></span> 
     </span>
    </p>
   </div>
   <div class='ocr_carea' id='block_1_60' title="bbox 2070 1776 3650 1846">
    <p class='ocr_par' dir='ltr' id='par_1_60' title="bbox 2070 1776 3650 1846">
     <span class='ocr_line' id='line_1_60' title="bbox 2070 1776 3650 1846; baseline -0.002 -14"><span class='ocrx_word' id='word_1_402' title='bbox 2070 1780 2223 1833; x_wconf 87' lang='lat' dir='ltr'><strong>nialis</strong></span> <span class='ocrx_word' id='word_1_403' title='bbox 2252 1778 2501 1846; x_wconf 80' lang='lat' dir='ltr'><strong>copulant</strong></span> <span class='ocrx_word' id='word_1_404' title='bbox 2537 1778 2719 1831; x_wconf 83' lang='lat' dir='ltr'><strong>uxoris</strong></span> <span class='ocrx_word' id='word_1_405' title='bbox 2742 1778 2924 1844; x_wconf 80' lang='lat' dir='ltr'><strong>elegit,</strong></span> <span class='ocrx_word' id='word_1_406' title='bbox 2956 1793 3023 1831; x_wconf 90' lang='lat' dir='ltr'><strong>ne</strong></span> <span class='ocrx_word' id='word_1_407' title='bbox 3054 1778 3256 1831; x_wconf 80' lang='lat' dir='ltr'><strong>Crimen</strong></span> <span class='ocrx_word' id='word_1_408' title='bbox 3281 1776 3650 1831; x_wconf 85' lang='lat' dir='ltr'><strong>fornicationis</strong></span> 
     </span>
    </p>
   </div>
   <div class='ocr_carea' id='block_1_61' title="bbox 2072 1866 3651 1936">
    <p class='ocr_par' dir='ltr' id='par_1_61' title="bbox 2072 1866 3651 1936">
     <span class='ocr_line' id='line_1_61' title="bbox 2072 1866 3651 1936; baseline -0.002 -13"><span class='ocrx_word' id='word_1_409' title='bbox 2072 1870 2401 1933; x_wconf 53' lang='lat' dir='ltr'><strong>incurreret,</strong></span> <span class='ocrx_word' id='word_1_410' title='bbox 2441 1881 2558 1920; x_wconf 88' lang='lat' dir='ltr'><strong>rem</strong></span> <span class='ocrx_word' id='word_1_411' title='bbox 2587 1866 2795 1920; x_wconf 89' lang='lat' dir='ltr'><strong>videtur</strong></span> <span class='ocrx_word' id='word_1_412' title='bbox 2822 1867 3015 1921; x_wconf 84' lang='lat' dir='ltr'><strong>fecisse</strong></span> <span class='ocrx_word' id='word_1_413' title='bbox 3069 1867 3356 1932; x_wconf 85' lang='lat' dir='ltr'><strong>venialem,</strong></span> <span class='ocrx_word' id='word_1_414' title='bbox 3390 1867 3435 1920; x_wconf 92' lang='lat' dir='ltr'><strong>si</strong></span> <span class='ocrx_word' id='word_1_415' title='bbox 3457 1876 3651 1936; x_wconf 62' lang='lat' dir='ltr'><strong>partes</strong></span> 
     </span>
    </p>
   </div>
   <div class='ocr_carea' id='block_1_62' title="bbox 2075 1956 3651 2026">
    <p class='ocr_par' dir='ltr' id='par_1_62' title="bbox 2075 1956 3651 2026">
     <span class='ocr_line' id='line_1_62' title="bbox 2075 1956 3651 2026; baseline -0.002 -13"><span class='ocrx_word' id='word_1_416' title='bbox 2075 1958 2383 2026; x_wconf 85' lang='lat' dir='ltr'><strong>conjugium</strong></span> <span class='ocrx_word' id='word_1_417' title='bbox 2411 1956 2613 2011; x_wconf 87' lang='lat' dir='ltr'><strong>nullam</strong></span> <span class='ocrx_word' id='word_1_418' title='bbox 2644 1957 2864 2011; x_wconf 89' lang='lat' dir='ltr'><strong>omnino</strong></span> <span class='ocrx_word' id='word_1_419' title='bbox 2892 1958 3225 2025; x_wconf 79' lang='lat' dir='ltr'><strong>cognoverit.</strong></span> <span class='ocrx_word' id='word_1_420' title='bbox 3256 1956 3314 2010; x_wconf 84' lang='lat' dir='ltr'><strong>In</strong></span> <span class='ocrx_word' id='word_1_421' title='bbox 3342 1972 3450 2025; x_wconf 90' lang='lat' dir='ltr'><strong>quo</strong></span> <span class='ocrx_word' id='word_1_422' title='bbox 3472 1966 3651 2012; x_wconf 86' lang='lat' dir='ltr'><strong>tamen</strong></span> 
     </span>
    </p>
   </div>
   <div class='ocr_carea' id='block_1_63' title="bbox 2076 2047 3653 2116">
    <p class='ocr_par' dir='ltr' id='par_1_63' title="bbox 2076 2047 3653 2116">
     <span class='ocr_line' id='line_1_63' title="bbox 2076 2047 3653 2116; baseline -0.001 -13"><span class='ocrx_word' id='word_1_423' title='bbox 2076 2064 2183 2104; x_wconf 88' lang='lat' dir='ltr'><strong>non</strong></span> <span class='ocrx_word' id='word_1_424' title='bbox 2214 2047 2451 2116; x_wconf 85' lang='lat' dir='ltr'><strong>regulam</strong></span> <span class='ocrx_word' id='word_1_425' title='bbox 2492 2047 2897 2114; x_wconf 89' lang='lat' dir='ltr'><strong>constituimus,</strong></span> <span class='ocrx_word' id='word_1_426' title='bbox 2942 2049 3036 2101; x_wconf 91' lang='lat' dir='ltr'><strong>sed</strong></span> <span class='ocrx_word' id='word_1_427' title='bbox 3072 2048 3198 2115; x_wconf 87' lang='lat' dir='ltr'><strong>quid</strong></span> <span class='ocrx_word' id='word_1_428' title='bbox 3229 2049 3299 2102; x_wconf 92' lang='lat' dir='ltr'><strong>sit</strong></span> <span class='ocrx_word' id='word_1_429' title='bbox 3329 2048 3653 2102; x_wconf 84' lang='lat' dir='ltr'><strong>tolerabilius</strong></span> 
     </span>
    </p>
   </div>
   <div class='ocr_carea' id='block_1_64' title="bbox 2074 2136 3655 2204">
    <p class='ocr_par' dir='ltr' id='par_1_64' title="bbox 2074 2136 3655 2204">
     <span class='ocr_line' id='line_1_64' title="bbox 2074 2136 3655 2204; baseline 0 -13"><span class='ocrx_word' id='word_1_430' title='bbox 2074 2140 2405 2201; x_wconf 64' lang='lat' dir='ltr'><strong>atstimamus</strong></span> <span class='ocrx_word' id='word_1_431' title='bbox 2438 2154 2450 2188; x_wconf 90' lang='lat'><strong>:</strong></span> <span class='ocrx_word' id='word_1_432' title='bbox 2485 2151 2608 2190; x_wconf 89' lang='lat' dir='ltr'><strong>nam</strong></span> <span class='ocrx_word' id='word_1_433' title='bbox 2635 2136 2929 2191; x_wconf 89' lang='lat' dir='ltr'><strong>secundum</strong></span> <span class='ocrx_word' id='word_1_434' title='bbox 2961 2152 3141 2191; x_wconf 86' lang='lat' dir='ltr'><strong>veram</strong></span> <span class='ocrx_word' id='word_1_435' title='bbox 3173 2138 3533 2204; x_wconf 76' lang='lat' dir='ltr'><strong>cognitionem</strong></span> <span class='ocrx_word' id='word_1_436' title='bbox 3576 2138 3655 2191; x_wconf 75' lang='lat' dir='ltr'><strong>ni~</strong></span> 
     </span>
    </p>
   </div>
   <div class='ocr_carea' id='block_1_65' title="bbox 2078 2229 3657 2299">
    <p class='ocr_par' dir='ltr' id='par_1_65' title="bbox 2078 2229 3657 2299">
     <span class='ocr_line' id='line_1_65' title="bbox 2078 2229 3657 2299; baseline -0.003 -12"><span class='ocrx_word' id='word_1_437' title='bbox 2078 2233 2151 2287; x_wconf 89' lang='lat' dir='ltr'><strong>hil</strong></span> <span class='ocrx_word' id='word_1_438' title='bbox 2181 2231 2346 2299; x_wconf 84' lang='lat' dir='ltr'><strong>magis</strong></span> <span class='ocrx_word' id='word_1_439' title='bbox 2377 2230 2426 2284; x_wconf 90' lang='lat' dir='ltr'><strong>ei</strong></span> <span class='ocrx_word' id='word_1_440' title='bbox 2454 2230 2731 2298; x_wconf 75' lang='lat' dir='ltr'><strong>congruit,</strong></span> <span class='ocrx_word' id='word_1_441' title='bbox 2761 2230 2852 2299; x_wconf 91' lang='lat' dir='ltr'><strong>qui</strong></span> <span class='ocrx_word' id='word_1_442' title='bbox 2881 2229 3254 2297; x_wconf 59' lang='lat' dir='ltr'><strong>paenitentiam</strong></span> <span class='ocrx_word' id='word_1_443' title='bbox 3283 2230 3467 2296; x_wconf 84' lang='lat' dir='ltr'><strong>gessit,</strong></span> <span class='ocrx_word' id='word_1_444' title='bbox 3498 2244 3657 2299; x_wconf 89' lang='lat' dir='ltr'><strong>quam</strong></span> 
     </span>
    </p>
   </div>
   <div class='ocr_carea' id='block_1_66' title="bbox 2078 2321 3364 2390">
    <p class='ocr_par' dir='ltr' id='par_1_66' title="bbox 2078 2321 3364 2390">
     <span class='ocr_line' id='line_1_66' title="bbox 2078 2321 3364 2390; baseline -0.005 -13"><span class='ocrx_word' id='word_1_445' title='bbox 2078 2322 2294 2378; x_wconf 57' lang='lat' dir='ltr'><strong>castitas</strong></span> <span class='ocrx_word' id='word_1_446' title='bbox 2324 2335 2693 2390; x_wconf 85' lang='lat' dir='ltr'><strong>perseverans,</strong></span> <span class='ocrx_word' id='word_1_447' title='bbox 2718 2327 2774 2373; x_wconf 89' lang='lat' dir='ltr'><strong>et</strong></span> <span class='ocrx_word' id='word_1_448' title='bbox 2797 2321 2992 2373; x_wconf 85' lang='lat' dir='ltr'><strong>mentis</strong></span> <span class='ocrx_word' id='word_1_449' title='bbox 3020 2328 3077 2373; x_wconf 91' lang='lat' dir='ltr'><strong>et</strong></span> <span class='ocrx_word' id='word_1_450' title='bbox 3101 2322 3364 2388; x_wconf 85' lang='lat' dir='ltr'><strong>corporis.</strong></span> 
     </span>
    </p>
   </div>
   <div class='ocr_carea' id='block_1_67' title="bbox 2086 2428 3660 2497">
    <p class='ocr_par' dir='ltr' id='par_1_67' title="bbox 2086 2428 3660 2497">
     <span class='ocr_line' id='line_1_67' title="bbox 2086 2428 3660 2497; baseline 0.001 -17"><span class='ocrx_word' id='word_1_451' title='bbox 2086 2428 2235 2491; x_wconf 80' lang='lat' dir='ltr'><strong>Quod</strong></span> <span class='ocrx_word' id='word_1_452' title='bbox 2264 2429 2307 2481; x_wconf 85' lang='lat' dir='ltr'><strong>si</strong></span> <span class='ocrx_word' id='word_1_453' title='bbox 2323 2429 2435 2497; x_wconf 87' lang='lat' dir='ltr'><strong>quis</strong></span> <span class='ocrx_word' id='word_1_454' title='bbox 2465 2428 2784 2496; x_wconf 81' lang='lat' dir='ltr'><strong>propositum</strong></span> <span class='ocrx_word' id='word_1_455' title='bbox 2811 2428 3053 2481; x_wconf 74' lang='lat' dir='ltr'><strong>monac/ti</strong></span> <span class='ocrx_word' id='word_1_456' title='bbox 3082 2428 3398 2491; x_wconf 75' lang='lat' dir='ltr'><strong>deseruerit,</strong></span> <span class='ocrx_word' id='word_1_457' title='bbox 3446 2429 3660 2497; x_wconf 69' lang='lat' dir='ltr'><strong>publius</strong></span> 
     </span>
    </p>
   </div>
   <div class='ocr_carea' id='block_1_68' title="bbox 2295 2498 3430 2568">
    <p class='ocr_par' dir='ltr' id='par_1_68' title="bbox 2295 2498 3430 2568">
     <span class='ocr_line' id='line_1_68' title="bbox 2295 2498 3430 2568; baseline -0.001 -18"><span class='ocrx_word' id='word_1_458' title='bbox 2295 2511 2361 2550; x_wconf 80' lang='lat' dir='ltr'><strong>stt</strong></span> <span class='ocrx_word' id='word_1_459' title='bbox 2389 2499 2699 2567; x_wconf 74' lang='lat' dir='ltr'><strong>pwititetttiw</strong></span> <span class='ocrx_word' id='word_1_460' title='bbox 2740 2498 3099 2568; x_wconf 73' lang='lat' dir='ltr'><strong>satisfactione</strong></span> <span class='ocrx_word' id='word_1_461' title='bbox 3127 2500 3430 2566; x_wconf 78' lang='lat' dir='ltr'><strong>purgandus</strong></span> 
     </span>
    </p>
   </div>
   <div class='ocr_carea' id='block_1_69' title="bbox 2157 2588 3663 2660">
    <p class='ocr_par' dir='ltr' id='par_1_69' title="bbox 2157 2588 3663 2660">
     <span class='ocr_line' id='line_1_69' title="bbox 2157 2588 3663 2660; baseline 0.002 -18"><span class='ocrx_word' id='word_1_462' title='bbox 2157 2588 2494 2659; x_wconf 83' lang='lat' dir='ltr'><strong>Propositum</strong></span> <span class='ocrx_word' id='word_1_463' title='bbox 2524 2590 2773 2644; x_wconf 83' lang='lat' dir='ltr'><strong>monachi</strong></span> <span class='ocrx_word' id='word_1_464' title='bbox 2819 2592 3038 2660; x_wconf 82' lang='lat' dir='ltr'><strong>proprio</strong></span> <span class='ocrx_word' id='word_1_465' title='bbox 3101 2592 3325 2644; x_wconf 87' lang='lat' dir='ltr'><strong>arbitrio</strong></span> <span class='ocrx_word' id='word_1_466' title='bbox 3356 2599 3449 2645; x_wconf 91' lang='lat' dir='ltr'><strong>aut</strong></span> <span class='ocrx_word' id='word_1_467' title='bbox 3475 2593 3663 2645; x_wconf 89' lang='lat' dir='ltr'><strong>volun-</strong></span> 
     </span>
    </p>
   </div>
   <div class='ocr_carea' id='block_1_70' title="bbox 2085 2679 3661 2751">
    <p class='ocr_par' dir='ltr' id='par_1_70' title="bbox 2085 2679 3661 2751">
     <span class='ocr_line' id='line_1_70' title="bbox 2085 2679 3661 2751; baseline -0.001 -16"><span class='ocrx_word' id='word_1_468' title='bbox 2085 2689 2196 2735; x_wconf 88' lang='lat' dir='ltr'><strong>tate</strong></span> <span class='ocrx_word' id='word_1_469' title='bbox 2221 2690 2529 2749; x_wconf 81' lang='lat' dir='ltr'><strong>susceptum</strong></span> <span class='ocrx_word' id='word_1_470' title='bbox 2556 2722 2570 2746; x_wconf 92' lang='lat'><strong>,</strong></span> <span class='ocrx_word' id='word_1_471' title='bbox 2616 2679 2791 2734; x_wconf 87' lang='lat' dir='ltr'><strong>deseri</strong></span> <span class='ocrx_word' id='word_1_472' title='bbox 2840 2696 2945 2735; x_wconf 92' lang='lat' dir='ltr'><strong>non</strong></span> <span class='ocrx_word' id='word_1_473' title='bbox 2979 2689 3158 2749; x_wconf 84' lang='lat' dir='ltr'><strong>potest</strong></span> <span class='ocrx_word' id='word_1_474' title='bbox 3187 2683 3388 2749; x_wconf 85' lang='lat' dir='ltr'><strong>absque</strong></span> <span class='ocrx_word' id='word_1_475' title='bbox 3416 2690 3661 2751; x_wconf 85' lang='lat' dir='ltr'><strong>peccato.</strong></span> 
     </span>
    </p>
   </div>
   <div class='ocr_carea' id='block_1_71' title="bbox 2084 2767 3665 2836">
    <p class='ocr_par' dir='ltr' id='par_1_71' title="bbox 2084 2767 3665 2836">
     <span class='ocr_line' id='line_1_71' title="bbox 2084 2767 3665 2836; baseline 0.001 -13"><span class='ocrx_word' id='word_1_476' title='bbox 2084 2768 2237 2835; x_wconf 83' lang='lat' dir='ltr'><strong>Quod</strong></span> <span class='ocrx_word' id='word_1_477' title='bbox 2265 2769 2407 2823; x_wconf 89' lang='lat' dir='ltr'><strong>enim</strong></span> <span class='ocrx_word' id='word_1_478' title='bbox 2436 2769 2556 2836; x_wconf 89' lang='lat' dir='ltr'><strong>quis</strong></span> <span class='ocrx_word' id='word_1_479' title='bbox 2584 2769 2730 2823; x_wconf 86' lang='lat' dir='ltr'><strong>vovit</strong></span> <span class='ocrx_word' id='word_1_480' title='bbox 2760 2767 2891 2833; x_wconf 84' lang='lat' dir='ltr'><strong>Deo,</strong></span> <span class='ocrx_word' id='word_1_481' title='bbox 2930 2768 3107 2826; x_wconf 77' lang='lat' dir='ltr'><strong>debet.</strong></span> <span class='ocrx_word' id='word_1_482' title='bbox 3131 2776 3187 2822; x_wconf 91' lang='lat' dir='ltr'><strong>et</strong></span> <span class='ocrx_word' id='word_1_483' title='bbox 3216 2768 3464 2823; x_wconf 86' lang='lat' dir='ltr'><strong>reddere.</strong></span> <span class='ocrx_word' id='word_1_484' title='bbox 3515 2768 3665 2825; x_wconf 80' lang='lat' dir='ltr'><strong>Unde</strong></span> 
     </span>
    </p>
   </div>
   <div class='ocr_carea' id='block_1_72' title="bbox 2084 2858 3665 2929">
    <p class='ocr_par' dir='ltr' id='par_1_72' title="bbox 2084 2858 3665 2929">
     <span class='ocr_line' id='line_1_72' title="bbox 2084 2858 3665 2929; baseline 0 -15"><span class='ocrx_word' id='word_1_485' title='bbox 2084 2860 2175 2929; x_wconf 88' lang='lat' dir='ltr'><strong>qui</strong></span> <span class='ocrx_word' id='word_1_486' title='bbox 2203 2859 2388 2914; x_wconf 89' lang='lat' dir='ltr'><strong>relicta</strong></span> <span class='ocrx_word' id='word_1_487' title='bbox 2422 2858 2809 2928; x_wconf 86' lang='lat' dir='ltr'><strong>singularitatis</strong></span> <span class='ocrx_word' id='word_1_488' title='bbox 2835 2858 3186 2928; x_wconf 81' lang='lat' dir='ltr'><strong>professione,</strong></span> <span class='ocrx_word' id='word_1_489' title='bbox 3213 2861 3277 2913; x_wconf 89' lang='lat' dir='ltr'><strong>ad</strong></span> <span class='ocrx_word' id='word_1_490' title='bbox 3306 2860 3548 2914; x_wconf 87' lang='lat' dir='ltr'><strong>militiam</strong></span> <span class='ocrx_word' id='word_1_491' title='bbox 3580 2861 3665 2915; x_wconf 86' lang='lat' dir='ltr'><strong>vel</strong></span> 
     </span>
    </p>
   </div>
   <div class='ocr_carea' id='block_1_73' title="bbox 2088 2948 3665 3019">
    <p class='ocr_par' dir='ltr' id='par_1_73' title="bbox 2088 2948 3665 3019">
     <span class='ocr_line' id='line_1_73' title="bbox 2088 2948 3665 3019; baseline 0.001 -15"><span class='ocrx_word' id='word_1_492' title='bbox 2088 2951 2154 3004; x_wconf 86' lang='lat' dir='ltr'><strong>ad</strong></span> <span class='ocrx_word' id='word_1_493' title='bbox 2188 2949 2400 3018; x_wconf 83' lang='lat' dir='ltr'><strong>nuptias</strong></span> <span class='ocrx_word' id='word_1_494' title='bbox 2428 2948 2715 3004; x_wconf 87' lang='lat' dir='ltr'><strong>devolutus</strong></span> <span class='ocrx_word' id='word_1_495' title='bbox 2742 2957 2846 3017; x_wconf 88' lang='lat' dir='ltr'><strong>est,</strong></span> <span class='ocrx_word' id='word_1_496' title='bbox 2896 2950 3123 3019; x_wconf 72' lang='lat' dir='ltr'><strong>publica:</strong></span> <span class='ocrx_word' id='word_1_497' title='bbox 3154 2951 3481 3019; x_wconf 73' lang='lat' dir='ltr'><strong>pmnitentite</strong></span> <span class='ocrx_word' id='word_1_498' title='bbox 3508 2952 3665 3006; x_wconf 74' lang='lat' dir='ltr'><strong>satis—</strong></span> 
     </span>
    </p>
   </div>
   <div class='ocr_carea' id='block_1_74' title="bbox 2087 3044 3667 3115">
    <p class='ocr_par' dir='ltr' id='par_1_74' title="bbox 2087 3044 3667 3115">
     <span class='ocr_line' id='line_1_74' title="bbox 2087 3044 3667 3115; baseline 0 -16"><span class='ocrx_word' id='word_1_499' title='bbox 2087 3044 2322 3101; x_wconf 79' lang='lat' dir='ltr'><strong>faCtione</strong></span> <span class='ocrx_word' id='word_1_500' title='bbox 2351 3044 2655 3115; x_wconf 79' lang='lat' dir='ltr'><strong>purgandus</strong></span> <span class='ocrx_word' id='word_1_501' title='bbox 2683 3052 2787 3110; x_wconf 87' lang='lat' dir='ltr'><strong>est,</strong></span> <span class='ocrx_word' id='word_1_502' title='bbox 2810 3045 2933 3112; x_wconf 90' lang='lat' dir='ltr'><strong>quia</strong></span> <span class='ocrx_word' id='word_1_503' title='bbox 2958 3045 3056 3097; x_wconf 88' lang='lat' dir='ltr'><strong>etsi</strong></span> <span class='ocrx_word' id='word_1_504' title='bbox 3082 3044 3343 3098; x_wconf 90' lang='lat' dir='ltr'><strong>innocens</strong></span> <span class='ocrx_word' id='word_1_505' title='bbox 3364 3045 3579 3112; x_wconf 87' lang='lat' dir='ltr'><strong>militia,</strong></span> <span class='ocrx_word' id='word_1_506' title='bbox 3612 3053 3667 3099; x_wconf 92' lang='lat' dir='ltr'><strong>et</strong></span> 
     </span>
    </p>
   </div>
   <div class='ocr_carea' id='block_1_75' title="bbox 2089 3135 3669 3205">
    <p class='ocr_par' dir='ltr' id='par_1_75' title="bbox 2089 3135 3669 3205">
     <span class='ocr_line' id='line_1_75' title="bbox 2089 3135 3669 3205; baseline 0 -14"><span class='ocrx_word' id='word_1_507' title='bbox 2089 3137 2379 3191; x_wconf 88' lang='lat' dir='ltr'><strong>honestum</strong></span> <span class='ocrx_word' id='word_1_508' title='bbox 2409 3143 2589 3204; x_wconf 86' lang='lat' dir='ltr'><strong>potest</strong></span> <span class='ocrx_word' id='word_1_509' title='bbox 2616 3150 2736 3191; x_wconf 88' lang='lat' dir='ltr'><strong>esse</strong></span> <span class='ocrx_word' id='word_1_510' title='bbox 2762 3136 3090 3205; x_wconf 85' lang='lat' dir='ltr'><strong>conjugium,</strong></span> <span class='ocrx_word' id='word_1_511' title='bbox 3134 3135 3452 3191; x_wconf 90' lang='lat' dir='ltr'><strong>electionem</strong></span> <span class='ocrx_word' id='word_1_512' title='bbox 3480 3136 3669 3191; x_wconf 88' lang='lat' dir='ltr'><strong>melio-</strong></span> 
     </span>
    </p>
   </div>
   <div class='ocr_carea' id='block_1_76' title="bbox 2090 3226 3054 3297">
    <p class='ocr_par' dir='ltr' id='par_1_76' title="bbox 2090 3226 3054 3297">
     <span class='ocr_line' id='line_1_76' title="bbox 2090 3226 3054 3297; baseline 0.003 -17"><span class='ocrx_word' id='word_1_513' title='bbox 2090 3243 2206 3282; x_wconf 91' lang='lat' dir='ltr'><strong>rem</strong></span> <span class='ocrx_word' id='word_1_514' title='bbox 2233 3226 2537 3282; x_wconf 89' lang='lat' dir='ltr'><strong>deseruisse</strong></span> <span class='ocrx_word' id='word_1_515' title='bbox 2569 3229 2923 3297; x_wconf 80' lang='lat' dir='ltr'><strong>transgressio</strong></span> <span class='ocrx_word' id='word_1_516' title='bbox 2952 3237 3054 3283; x_wconf 91' lang='lat' dir='ltr'><strong>est.</strong></span> 
     </span>
    </p>
   </div>
   <div class='ocr_carea' id='block_1_77' title="bbox 2097 3339 3671 3413">
    <p class='ocr_par' dir='ltr' id='par_1_77' title="bbox 2097 3339 3671 3413">
     <span class='ocr_line' id='line_1_77' title="bbox 2097 3339 3671 3413; baseline 0 -20"><span class='ocrx_word' id='word_1_517' title='bbox 2097 3339 2248 3405; x_wconf 86' lang='lat' dir='ltr'><strong>Quod</strong></span> <span class='ocrx_word' id='word_1_518' title='bbox 2274 3342 2480 3410; x_wconf 66' lang='lat' dir='ltr'><strong>puellm,</strong></span> <span class='ocrx_word' id='word_1_519' title='bbox 2512 3358 2625 3413; x_wconf 77' lang='lat' dir='ltr'><strong>qua&#39;</strong></span> <span class='ocrx_word' id='word_1_520' title='bbox 2654 3358 2756 3394; x_wconf 86' lang='lat' dir='ltr'><strong>non</strong></span> <span class='ocrx_word' id='word_1_521' title='bbox 2797 3349 3004 3405; x_wconf 63' lang='lat' dir='ltr'><strong>coactat.</strong></span> <span class='ocrx_word' id='word_1_522' title='bbox 3048 3341 3139 3394; x_wconf 85' lang='lat' dir='ltr'><strong>sed</strong></span> <span class='ocrx_word' id='word_1_523' title='bbox 3176 3342 3436 3395; x_wconf 83' lang='lat' dir='ltr'><strong>voluntate</strong></span> <span class='ocrx_word' id='word_1_524' title='bbox 3464 3342 3671 3411; x_wconf 80' lang='lat' dir='ltr'><strong>propria</strong></span> 
     </span>
    </p>
   </div>
   <div class='ocr_carea' id='block_1_78' title="bbox 2162 3413 3672 3483">
    <p class='ocr_par' dir='ltr' id='par_1_78' title="bbox 2162 3413 3672 3483">
     <span class='ocr_line' id='line_1_78' title="bbox 2162 3413 3672 3483; baseline 0.001 -22"><span class='ocrx_word' id='word_1_525' title='bbox 2162 3414 2470 3483; x_wconf 66' lang='lat' dir='ltr'><strong>uirginitatis</strong></span> <span class='ocrx_word' id='word_1_526' title='bbox 2497 3414 2814 3483; x_wconf 81' lang='lat' dir='ltr'><strong>propositum</strong></span> <span class='ocrx_word' id='word_1_527' title='bbox 2842 3421 3190 3480; x_wconf 82' lang='lat' dir='ltr'><strong>susceperunt,</strong></span> <span class='ocrx_word' id='word_1_528' title='bbox 3215 3413 3537 3479; x_wconf 83' lang='lat' dir='ltr'><strong>delinquant,</strong></span> <span class='ocrx_word' id='word_1_529' title='bbox 3560 3428 3672 3464; x_wconf 81' lang='lat' dir='ltr'><strong>cum</strong></span> 
     </span>
    </p>
   </div>
   <div class='ocr_carea' id='block_1_79' title="bbox 2163 3482 3454 3551">
    <p class='ocr_par' dir='ltr' id='par_1_79' title="bbox 2163 3482 3454 3551">
     <span class='ocr_line' id='line_1_79' title="bbox 2163 3482 3454 3551; baseline -0.001 -17"><span class='ocrx_word' id='word_1_530' title='bbox 2163 3482 2452 3545; x_wconf 73' lang='lat' dir='ltr'><strong>nupserim,</strong></span> <span class='ocrx_word' id='word_1_531' title='bbox 2503 3483 2597 3534; x_wconf 84' lang='lat' dir='ltr'><strong>etsi</strong></span> <span class='ocrx_word' id='word_1_532' title='bbox 2630 3482 2857 3535; x_wconf 85' lang='lat' dir='ltr'><strong>nondum</strong></span> <span class='ocrx_word' id='word_1_533' title='bbox 2884 3484 3089 3551; x_wconf 81' lang='lat' dir='ltr'><strong>fuerant</strong></span> <span class='ocrx_word' id='word_1_534' title='bbox 3120 3492 3454 3535; x_wconf 65' lang='lat' dir='ltr'><strong>consecratas.</strong></span> 
     </span>
    </p>
   </div>
   <div class='ocr_carea' id='block_1_80' title="bbox 2166 3568 3674 3640">
    <p class='ocr_par' dir='ltr' id='par_1_80' title="bbox 2166 3568 3674 3640">
     <span class='ocr_line' id='line_1_80' title="bbox 2166 3568 3674 3640; baseline -0.001 -16"><span class='ocrx_word' id='word_1_535' title='bbox 2166 3568 2373 3624; x_wconf 80' lang='lat' dir='ltr'><strong>XXVII.</strong></span> <span class='ocrx_word' id='word_1_536' title='bbox 2414 3568 2629 3634; x_wconf 74' lang='lat' dir='ltr'><strong>Puelltn,</strong></span> <span class='ocrx_word' id='word_1_537' title='bbox 2678 3585 2797 3637; x_wconf 68' lang='lat' dir='ltr'><strong>qua:</strong></span> <span class='ocrx_word' id='word_1_538' title='bbox 2826 3585 2933 3623; x_wconf 89' lang='lat' dir='ltr'><strong>non</strong></span> <span class='ocrx_word' id='word_1_539' title='bbox 2964 3580 3245 3639; x_wconf 87' lang='lat' dir='ltr'><strong>parentum</strong></span> <span class='ocrx_word' id='word_1_540' title='bbox 3277 3580 3473 3625; x_wconf 76' lang='lat' dir='ltr'><strong>coacta:</strong></span> <span class='ocrx_word' id='word_1_541' title='bbox 3503 3570 3674 3640; x_wconf 88' lang='lat' dir='ltr'><strong>impe-</strong></span> 
     </span>
    </p>
   </div>
   <div class='ocr_carea' id='block_1_81' title="bbox 2096 3659 3671 3730">
    <p class='ocr_par' dir='ltr' id='par_1_81' title="bbox 2096 3659 3671 3730">
     <span class='ocr_line' id='line_1_81' title="bbox 2096 3659 3671 3730; baseline -0.001 -15"><span class='ocrx_word' id='word_1_542' title='bbox 2096 3661 2210 3725; x_wconf 87' lang='lat' dir='ltr'><strong>rio,</strong></span> <span class='ocrx_word' id='word_1_543' title='bbox 2261 3660 2353 3715; x_wconf 87' lang='lat' dir='ltr'><strong>sed</strong></span> <span class='ocrx_word' id='word_1_544' title='bbox 2390 3669 2690 3729; x_wconf 85' lang='lat' dir='ltr'><strong>spontaneo</strong></span> <span class='ocrx_word' id='word_1_545' title='bbox 2742 3660 2945 3728; x_wconf 90' lang='lat' dir='ltr'><strong>judicio</strong></span> <span class='ocrx_word' id='word_1_546' title='bbox 2974 3659 3293 3729; x_wconf 83' lang='lat' dir='ltr'><strong>virginitatis</strong></span> <span class='ocrx_word' id='word_1_547' title='bbox 3339 3662 3671 3730; x_wconf 86' lang='lat' dir='ltr'><strong>pr0positum</strong></span> 
     </span>
    </p>
   </div>
   <div class='ocr_carea' id='block_1_82' title="bbox 2096 3751 3674 3821">
    <p class='ocr_par' dir='ltr' id='par_1_82' title="bbox 2096 3751 3674 3821">
     <span class='ocr_line' id='line_1_82' title="bbox 2096 3751 3674 3821; baseline 0.001 -16"><span class='ocrx_word' id='word_1_548' title='bbox 2096 3760 2255 3821; x_wconf 85' lang='lat' dir='ltr'><strong>atque</strong></span> <span class='ocrx_word' id='word_1_549' title='bbox 2301 3751 2542 3805; x_wconf 89' lang='lat' dir='ltr'><strong>habitum</strong></span> <span class='ocrx_word' id='word_1_550' title='bbox 2573 3758 2965 3820; x_wconf 88' lang='lat' dir='ltr'><strong>susceperunt,</strong></span> <span class='ocrx_word' id='word_1_551' title='bbox 3015 3754 3059 3805; x_wconf 88' lang='lat' dir='ltr'><strong>si</strong></span> <span class='ocrx_word' id='word_1_552' title='bbox 3103 3760 3287 3819; x_wconf 84' lang='lat' dir='ltr'><strong>postea</strong></span> <span class='ocrx_word' id='word_1_553' title='bbox 3320 3754 3535 3821; x_wconf 87' lang='lat' dir='ltr'><strong>nuptias</strong></span> <span class='ocrx_word' id='word_1_554' title='bbox 3579 3754 3674 3808; x_wconf 88' lang='lat' dir='ltr'><strong>eli-</strong></span> 
     </span>
    </p>
   </div>
   <div class='ocr_carea' id='block_1_83' title="bbox 2095 3841 3675 3911">
    <p class='ocr_par' dir='ltr' id='par_1_83' title="bbox 2095 3841 3675 3911">
     <span class='ocr_line' id='line_1_83' title="bbox 2095 3841 3675 3911; baseline 0.002 -16"><span class='ocrx_word' id='word_1_555' title='bbox 2095 3851 2246 3910; x_wconf 89' lang='lat' dir='ltr'><strong>gunt,</strong></span> <span class='ocrx_word' id='word_1_556' title='bbox 2274 3842 2713 3911; x_wconf 76' lang='lat' dir='ltr'><strong>pnnvaricantur,</strong></span> <span class='ocrx_word' id='word_1_557' title='bbox 2737 3841 2947 3896; x_wconf 87' lang='lat' dir='ltr'><strong>etiamsi</strong></span> <span class='ocrx_word' id='word_1_558' title='bbox 2986 3841 3222 3896; x_wconf 89' lang='lat' dir='ltr'><strong>nondum</strong></span> <span class='ocrx_word' id='word_1_559' title='bbox 3250 3842 3327 3896; x_wconf 90' lang='lat' dir='ltr'><strong>eis</strong></span> <span class='ocrx_word' id='word_1_560' title='bbox 3347 3842 3516 3909; x_wconf 86' lang='lat' dir='ltr'><strong>gratia</strong></span> <span class='ocrx_word' id='word_1_561' title='bbox 3545 3859 3675 3898; x_wconf 89' lang='lat' dir='ltr'><strong>con-</strong></span> 
     </span>
    </p>
   </div>
   <div class='ocr_carea' id='block_1_84' title="bbox 2096 3930 3673 3999">
    <p class='ocr_par' dir='ltr' id='par_1_84' title="bbox 2096 3930 3673 3999">
     <span class='ocr_line' id='line_1_84' title="bbox 2096 3930 3673 3999; baseline 0.001 -13"><span class='ocrx_word' id='word_1_562' title='bbox 2096 3931 2412 3987; x_wconf 85' lang='lat' dir='ltr'><strong>secrationis</strong></span> <span class='ocrx_word' id='word_1_563' title='bbox 2438 3930 2666 3985; x_wconf 88' lang='lat' dir='ltr'><strong>accessit</strong></span> <span class='ocrx_word' id='word_1_564' title='bbox 2700 3948 2711 3982; x_wconf 92' lang='lat'><strong>:</strong></span> <span class='ocrx_word' id='word_1_565' title='bbox 2759 3930 2912 3999; x_wconf 92' lang='lat' dir='ltr'><strong>cujus</strong></span> <span class='ocrx_word' id='word_1_566' title='bbox 2940 3932 3125 3998; x_wconf 86' lang='lat' dir='ltr'><strong>utique</strong></span> <span class='ocrx_word' id='word_1_567' title='bbox 3156 3948 3260 3985; x_wconf 91' lang='lat' dir='ltr'><strong>non</strong></span> <span class='ocrx_word' id='word_1_568' title='bbox 3301 3931 3673 3987; x_wconf 78' lang='lat' dir='ltr'><strong>fraudarentur</strong></span> 
     </span>
    </p>
   </div>
   <div class='ocr_carea' id='block_1_85' title="bbox 2098 4023 3227 4093">
    <p class='ocr_par' dir='ltr' id='par_1_85' title="bbox 2098 4023 3227 4093">
     <span class='ocr_line' id='line_1_85' title="bbox 2098 4023 3227 4093; baseline -0.004 -13"><span class='ocrx_word' id='word_1_569' title='bbox 2098 4039 2341 4088; x_wconf 89' lang='lat' dir='ltr'><strong>munere,</strong></span> <span class='ocrx_word' id='word_1_570' title='bbox 2371 4023 2415 4078; x_wconf 91' lang='lat' dir='ltr'><strong>si</strong></span> <span class='ocrx_word' id='word_1_571' title='bbox 2441 4024 2493 4077; x_wconf 92' lang='lat' dir='ltr'><strong>in</strong></span> <span class='ocrx_word' id='word_1_572' title='bbox 2520 4023 2798 4093; x_wconf 88' lang='lat' dir='ltr'><strong>proposito</strong></span> <span class='ocrx_word' id='word_1_573' title='bbox 2827 4031 3227 4092; x_wconf 90' lang='lat' dir='ltr'><strong>permanerent.</strong></span> 
     </span>
    </p>
   </div>
   <div class='ocr_carea' id='block_1_86' title="bbox 2098 4135 3676 4209">
    <p class='ocr_par' dir='ltr' id='par_1_86' title="bbox 2098 4135 3676 4209">
     <span class='ocr_line' id='line_1_86' title="bbox 2098 4135 3676 4209; baseline -0.001 -19"><span class='ocrx_word' id='word_1_574' title='bbox 2098 4136 2178 4190; x_wconf 87' lang='lat' dir='ltr'><strong>De</strong></span> <span class='ocrx_word' id='word_1_575' title='bbox 2198 4138 2279 4191; x_wconf 84' lang='lat' dir='ltr'><strong>his</strong></span> <span class='ocrx_word' id='word_1_576' title='bbox 2317 4135 2494 4209; x_wconf 83' lang='lat' dir='ltr'><strong>quibus</strong></span> <span class='ocrx_word' id='word_1_577' title='bbox 2537 4135 2747 4189; x_wconf 83' lang='lat' dir='ltr'><strong>dubium</strong></span> <span class='ocrx_word' id='word_1_578' title='bbox 2775 4144 2876 4197; x_wconf 83' lang='lat' dir='ltr'><strong>est,</strong></span> <span class='ocrx_word' id='word_1_579' title='bbox 2902 4144 3073 4189; x_wconf 85' lang='lat' dir='ltr'><strong>utrum</strong></span> <span class='ocrx_word' id='word_1_580' title='bbox 3098 4137 3407 4204; x_wconf 84' lang='lat' dir='ltr'><strong>baptismum</strong></span> <span class='ocrx_word' id='word_1_581' title='bbox 3432 4152 3676 4205; x_wconf 80' lang='lat' dir='ltr'><strong>percepe-</strong></span> 
     </span>
    </p>
   </div>
   <div class='ocr_carea' id='block_1_87' title="bbox 2416 4207 3354 4273">
    <p class='ocr_par' dir='ltr' id='par_1_87' title="bbox 2416 4207 3354 4273">
     <span class='ocr_line' id='line_1_87' title="bbox 2416 4207 3354 4273; baseline 0 -14"><span class='ocrx_word' id='word_1_582' title='bbox 2416 4207 2543 4273; x_wconf 87' lang='lat' dir='ltr'><strong>rint,</strong></span> <span class='ocrx_word' id='word_1_583' title='bbox 2570 4222 2775 4259; x_wconf 84' lang='lat' dir='ltr'><strong>necesse</strong></span> <span class='ocrx_word' id='word_1_584' title='bbox 2802 4214 2876 4257; x_wconf 82' lang='lat' dir='ltr'><strong>est</strong></span> <span class='ocrx_word' id='word_1_585' title='bbox 2912 4214 2968 4257; x_wconf 87' lang='lat' dir='ltr'><strong>ut</strong></span> <span class='ocrx_word' id='word_1_586' title='bbox 2997 4217 3354 4259; x_wconf 84' lang='lat' dir='ltr'><strong>renascantur.</strong></span> 
     </span>
    </p>
   </div>
   <div class='ocr_carea' id='block_1_88' title="bbox 2172 4292 3679 4363">
    <p class='ocr_par' dir='ltr' id='par_1_88' title="bbox 2172 4292 3679 4363">
     <span class='ocr_line' id='line_1_88' title="bbox 2172 4292 3679 4363; baseline -0.002 -15"><span class='ocrx_word' id='word_1_587' title='bbox 2172 4293 2402 4349; x_wconf 85' lang='lat' dir='ltr'><strong>XXVIII.</strong></span> <span class='ocrx_word' id='word_1_588' title='bbox 2434 4294 2490 4347; x_wconf 85' lang='lat' dir='ltr'><strong>Si</strong></span> <span class='ocrx_word' id='word_1_589' title='bbox 2522 4293 2665 4347; x_wconf 85' lang='lat' dir='ltr'><strong>nulla</strong></span> <span class='ocrx_word' id='word_1_590' title='bbox 2689 4300 2904 4346; x_wconf 78' lang='lat' dir='ltr'><strong>exstant</strong></span> <span class='ocrx_word' id='word_1_591' title='bbox 2932 4292 3124 4346; x_wconf 85' lang='lat' dir='ltr'><strong>indicia</strong></span> <span class='ocrx_word' id='word_1_592' title='bbox 3157 4294 3296 4346; x_wconf 89' lang='lat' dir='ltr'><strong>inter</strong></span> <span class='ocrx_word' id='word_1_593' title='bbox 3326 4293 3679 4363; x_wconf 69' lang='lat' dir='ltr'><strong>propinquos,</strong></span> 
     </span>
    </p>
   </div>
   <div class='ocr_carea' id='block_1_89' title="bbox 2101 4380 3683 4452">
    <p class='ocr_par' dir='ltr' id='par_1_89' title="bbox 2101 4380 3683 4452">
     <span class='ocr_line' id='line_1_89' title="bbox 2101 4380 3683 4452; baseline -0.001 -15"><span class='ocrx_word' id='word_1_594' title='bbox 2101 4390 2195 4437; x_wconf 88' lang='lat' dir='ltr'><strong>aut</strong></span> <span class='ocrx_word' id='word_1_595' title='bbox 2221 4381 2530 4444; x_wconf 88' lang='lat' dir='ltr'><strong>familiares,</strong></span> <span class='ocrx_word' id='word_1_596' title='bbox 2561 4380 2707 4433; x_wconf 89' lang='lat' dir='ltr'><strong>nulla</strong></span> <span class='ocrx_word' id='word_1_597' title='bbox 2736 4380 2877 4434; x_wconf 88' lang='lat' dir='ltr'><strong>inter</strong></span> <span class='ocrx_word' id='word_1_598' title='bbox 2905 4380 3155 4447; x_wconf 89' lang='lat' dir='ltr'><strong>clericos,</strong></span> <span class='ocrx_word' id='word_1_599' title='bbox 3186 4390 3278 4434; x_wconf 90' lang='lat' dir='ltr'><strong>aut</strong></span> <span class='ocrx_word' id='word_1_600' title='bbox 3304 4382 3531 4446; x_wconf 89' lang='lat' dir='ltr'><strong>vicinos,</strong></span> <span class='ocrx_word' id='word_1_601' title='bbox 3563 4384 3683 4452; x_wconf 74' lang='lat' dir='ltr'><strong>qui—</strong></span> 
     </span>
    </p>
   </div>
   <div class='ocr_carea' id='block_1_90' title="bbox 2100 4469 3675 4539">
    <p class='ocr_par' dir='ltr' id='par_1_90' title="bbox 2100 4469 3675 4539">
     <span class='ocr_line' id='line_1_90' title="bbox 2100 4469 3675 4539; baseline 0.001 -13"><span class='ocrx_word' id='word_1_602' title='bbox 2100 4473 2201 4527; x_wconf 92' lang='lat' dir='ltr'><strong>bus</strong></span> <span class='ocrx_word' id='word_1_603' title='bbox 2241 4471 2315 4533; x_wconf 90' lang='lat' dir='ltr'><strong>hi,</strong></span> <span class='ocrx_word' id='word_1_604' title='bbox 2350 4469 2419 4525; x_wconf 88' lang='lat' dir='ltr'><strong>de</strong></span> <span class='ocrx_word' id='word_1_605' title='bbox 2446 4469 2638 4539; x_wconf 83' lang='lat' dir='ltr'><strong>quibus</strong></span> <span class='ocrx_word' id='word_1_606' title='bbox 2665 4470 2944 4537; x_wconf 63' lang='lat' dir='ltr'><strong>quaeritur,</strong></span> <span class='ocrx_word' id='word_1_607' title='bbox 2978 4469 3234 4538; x_wconf 85' lang='lat' dir='ltr'><strong>baptizati</strong></span> <span class='ocrx_word' id='word_1_608' title='bbox 3263 4471 3424 4525; x_wconf 86' lang='lat' dir='ltr'><strong>fuisse</strong></span> <span class='ocrx_word' id='word_1_609' title='bbox 3452 4471 3675 4527; x_wconf 81' lang='lat' dir='ltr'><strong>docean~</strong></span> 
     </span>
    </p>
   </div>
   <div class='ocr_carea' id='block_1_91' title="bbox 2105 4559 3686 4632">
    <p class='ocr_par' dir='ltr' id='par_1_91' title="bbox 2105 4559 3686 4632">
     <span class='ocr_line' id='line_1_91' title="bbox 2105 4559 3686 4632; baseline 0 -16"><span class='ocrx_word' id='word_1_610' title='bbox 2105 4570 2212 4626; x_wconf 90' lang='lat' dir='ltr'><strong>tur,</strong></span> <span class='ocrx_word' id='word_1_611' title='bbox 2272 4559 2535 4627; x_wconf 88' lang='lat' dir='ltr'><strong>agendum</strong></span> <span class='ocrx_word' id='word_1_612' title='bbox 2567 4565 2667 4621; x_wconf 88' lang='lat' dir='ltr'><strong>est,</strong></span> <span class='ocrx_word' id='word_1_613' title='bbox 2701 4566 2761 4612; x_wconf 93' lang='lat' dir='ltr'><strong>ut</strong></span> <span class='ocrx_word' id='word_1_614' title='bbox 2788 4568 3163 4626; x_wconf 87' lang='lat' dir='ltr'><strong>renascantur,</strong></span> <span class='ocrx_word' id='word_1_615' title='bbox 3195 4575 3261 4614; x_wconf 90' lang='lat' dir='ltr'><strong>ne</strong></span> <span class='ocrx_word' id='word_1_616' title='bbox 3290 4560 3571 4616; x_wconf 81' lang='lat' dir='ltr'><strong>manifeste</strong></span> <span class='ocrx_word' id='word_1_617' title='bbox 3593 4578 3686 4632; x_wconf 86' lang='lat' dir='ltr'><strong>po-</strong></span> 
     </span>
    </p>
   </div>
   <div class='ocr_carea' id='block_1_92' title="bbox 416 4629 1977 4727">
    <p class='ocr_par' dir='ltr' id='par_1_92' title="bbox 416 4629 1977 4699">
     <span class='ocr_line' id='line_1_92' title="bbox 416 4629 1977 4699; baseline 0.003 -17"><span class='ocrx_word' id='word_1_618' title='bbox 416 4629 564 4684; x_wconf 81' lang='lat' dir='ltr'><strong>aIiud</strong></span> <span class='ocrx_word' id='word_1_619' title='bbox 591 4630 809 4698; x_wconf 88' lang='lat' dir='ltr'><strong>pr0pria</strong></span> <span class='ocrx_word' id='word_1_620' title='bbox 840 4629 1193 4697; x_wconf 85' lang='lat' dir='ltr'><strong>perfectionis</strong></span> <span class='ocrx_word' id='word_1_621' title='bbox 1238 4645 1423 4684; x_wconf 89' lang='lat' dir='ltr'><strong>amore</strong></span> <span class='ocrx_word' id='word_1_622' title='bbox 1465 4644 1813 4686; x_wconf 87' lang='lat' dir='ltr'><strong>contenmere</strong></span> <span class='ocrx_word' id='word_1_623' title='bbox 1841 4675 1856 4699; x_wconf 95' lang='lat'><strong>,</strong></span> <span class='ocrx_word' id='word_1_624' title='bbox 1906 4649 1977 4687; x_wconf 67' lang='grc' dir='ltr'><strong>ευ(</strong></span> 
     </span>
    </p>
   </div>
   <div class='ocr_carea' id='block_1_93' title="bbox 2088 4629 3687 4727">
    <p class='ocr_par' dir='ltr' id='par_1_93' title="bbox 2108 4629 3687 4718">
     <span class='ocr_line' id='line_1_93' title="bbox 2108 4629 3687 4718; baseline 0.001 -14"><span class='ocrx_word' id='word_1_625' title='bbox 2108 4658 2278 4714; x_wconf 90' lang='lat' dir='ltr'><strong>reant,</strong></span> <span class='ocrx_word' id='word_1_626' title='bbox 2314 4650 2365 4704; x_wconf 93' lang='lat' dir='ltr'><strong>in</strong></span> <span class='ocrx_word' id='word_1_627' title='bbox 2408 4649 2601 4718; x_wconf 89' lang='lat' dir='ltr'><strong>quibus</strong></span> <span class='ocrx_word' id='word_1_628' title='bbox 2634 4648 2776 4716; x_wconf 87' lang='lat' dir='ltr'><strong>quod</strong></span> <span class='ocrx_word' id='word_1_629' title='bbox 2809 4665 2915 4703; x_wconf 90' lang='lat' dir='ltr'><strong>non</strong></span> <span class='ocrx_word' id='word_1_630' title='bbox 2947 4650 3247 4704; x_wconf 88' lang='lat' dir='ltr'><strong>ostenditur</strong></span> <span class='ocrx_word' id='word_1_631' title='bbox 3285 4660 3518 4717; x_wconf 83' lang='lat' dir='ltr'><strong>gestum,</strong></span> <span class='ocrx_word' id='word_1_632' title='bbox 3546 4629 3687 4707; x_wconf 79' lang='lat' dir='ltr'><strong>ratio</strong></span> 
     </span>
    </p>
   </div>
   <div class='ocr_carea' id='block_1_94' title="bbox 418 4719 1998 4791">
    <p class='ocr_par' dir='ltr' id='par_1_94' title="bbox 418 4719 1998 4791">
     <span class='ocr_line' id='line_1_94' title="bbox 418 4719 1998 4791; baseline 0.001 -16"><span class='ocrx_word' id='word_1_633' title='bbox 418 4719 727 4775; x_wconf 73' lang='lat' dir='ltr'><strong>illicitorum</strong></span> <span class='ocrx_word' id='word_1_634' title='bbox 756 4721 969 4773; x_wconf 84' lang='lat' dir='ltr'><strong>veniam</strong></span> <span class='ocrx_word' id='word_1_635' title='bbox 1000 4720 1362 4789; x_wconf 82' lang='lat' dir='ltr'><strong>postulantem</strong></span> <span class='ocrx_word' id='word_1_636' title='bbox 1392 4731 1604 4791; x_wconf 81' lang='lat' dir='ltr'><strong>oportet</strong></span> <span class='ocrx_word' id='word_1_637' title='bbox 1626 4722 1786 4776; x_wconf 83' lang='lat' dir='ltr'><strong>etiam</strong></span> <span class='ocrx_word' id='word_1_638' title='bbox 1819 4739 1845 4776; x_wconf 93' lang='lat' dir='ltr'><strong>a</strong></span> <span class='ocrx_word' id='word_1_639' title='bbox 1880 4725 1998 4777; x_wconf 80' lang='lat' dir='ltr'><strong>lici-</strong></span> 
     </span>
    </p>
   </div>
   <div class='ocr_carea' id='block_1_95' title="bbox 416 4807 2001 4877">
    <p class='ocr_par' dir='ltr' id='par_1_95' title="bbox 416 4807 2001 4877">
     <span class='ocr_line' id='line_1_95' title="bbox 416 4807 2001 4877; baseline 0.003 -15"><span class='ocrx_word' id='word_1_640' title='bbox 416 4808 489 4862; x_wconf 79' lang='lat' dir='ltr'><strong>tis</strong></span> <span class='ocrx_word' id='word_1_641' title='bbox 517 4808 790 4862; x_wconf 87' lang='lat' dir='ltr'><strong>abstinere</strong></span> <span class='ocrx_word' id='word_1_642' title='bbox 819 4848 834 4871; x_wconf 90' lang='lat'><strong>,</strong></span> <span class='ocrx_word' id='word_1_643' title='bbox 878 4808 1090 4862; x_wconf 82' lang='lat' dir='ltr'><strong>dicente</strong></span> <span class='ocrx_word' id='word_1_644' title='bbox 1121 4809 1382 4877; x_wconf 85' lang='lat' dir='ltr'><strong>Apostolo</strong></span> <span class='ocrx_word' id='word_1_645' title='bbox 1415 4827 1428 4861; x_wconf 92' lang='lat'><strong>:</strong></span> <span class='ocrx_word' id='word_1_646' title='bbox 1458 4807 1646 4863; x_wconf 87' lang='lat' dir='ltr'><strong>Omnia</strong></span> <span class='ocrx_word' id='word_1_647' title='bbox 1688 4811 1868 4876; x_wconf 83' lang='lat' dir='ltr'><strong>licent,</strong></span> <span class='ocrx_word' id='word_1_648' title='bbox 1905 4813 2001 4867; x_wconf 88' lang='lat' dir='ltr'><strong>sed</strong></span> 
     </span>
    </p>
   </div>
   <div class='ocr_carea' id='block_1_96' title="bbox 419 4899 1996 4972">
    <p class='ocr_par' dir='ltr' id='par_1_96' title="bbox 419 4899 1996 4972">
     <span class='ocr_line' id='line_1_96' title="bbox 419 4899 1996 4972; baseline -0.001 -17"><span class='ocrx_word' id='word_1_649' title='bbox 419 4914 528 4955; x_wconf 86' lang='lat' dir='ltr'><strong>non</strong></span> <span class='ocrx_word' id='word_1_650' title='bbox 555 4899 738 4953; x_wconf 86' lang='lat' dir='ltr'><strong>omnia</strong></span> <span class='ocrx_word' id='word_1_651' title='bbox 777 4900 1071 4969; x_wconf 80' lang='lat' dir='ltr'><strong>expediunt</strong></span> <span class='ocrx_word' id='word_1_652' title='bbox 1101 4899 1155 4967; x_wconf 86' lang='grc' dir='ltr'><strong>(Ι</strong></span> <span class='ocrx_word' id='word_1_653' title='bbox 1194 4900 1394 4954; x_wconf 81' lang='lat' dir='ltr'><strong>Corint.</strong></span> <span class='ocrx_word' id='word_1_654' title='bbox 1429 4901 1525 4970; x_wconf 73' lang='grc' dir='ltr'><strong>γι).</strong></span> <span class='ocrx_word' id='word_1_655' title='bbox 1559 4899 1712 4955; x_wconf 89' lang='lat' dir='ltr'><strong>Unde</strong></span> <span class='ocrx_word' id='word_1_656' title='bbox 1742 4902 1786 4955; x_wconf 88' lang='lat' dir='ltr'><strong>si</strong></span> <span class='ocrx_word' id='word_1_657' title='bbox 1831 4905 1996 4972; x_wconf 75' lang='lat' dir='ltr'><strong>pumi-</strong></span> 
     </span>
    </p>
   </div>
   <div class='ocr_carea' id='block_1_97' title="bbox 421 4990 1996 5060">
    <p class='ocr_par' dir='ltr' id='par_1_97' title="bbox 421 4990 1996 5060">
     <span class='ocr_line' id='line_1_97' title="bbox 421 4990 1996 5060; baseline 0.001 -14"><span class='ocrx_word' id='word_1_658' title='bbox 421 4997 597 5046; x_wconf 85' lang='lat' dir='ltr'><strong>tentes</strong></span> <span class='ocrx_word' id='word_1_659' title='bbox 627 4990 832 5045; x_wconf 84' lang='lat' dir='ltr'><strong>habent</strong></span> <span class='ocrx_word' id='word_1_660' title='bbox 875 5005 1094 5045; x_wconf 83' lang='lat' dir='ltr'><strong>causam</strong></span> <span class='ocrx_word' id='word_1_661' title='bbox 1122 5033 1136 5056; x_wconf 97' lang='lat'><strong>,</strong></span> <span class='ocrx_word' id='word_1_662' title='bbox 1183 5007 1342 5060; x_wconf 89' lang='lat' dir='ltr'><strong>quam</strong></span> <span class='ocrx_word' id='word_1_663' title='bbox 1390 4993 1663 5060; x_wconf 83' lang='lat' dir='ltr'><strong>negligere</strong></span> <span class='ocrx_word' id='word_1_664' title='bbox 1706 4991 1846 5047; x_wconf 89' lang='lat' dir='ltr'><strong>forte</strong></span> <span class='ocrx_word' id='word_1_665' title='bbox 1890 5010 1996 5048; x_wconf 91' lang='lat' dir='ltr'><strong>non</strong></span> 
     </span>
    </p>
   </div>
   <div class='ocr_carea' id='block_1_98' title="bbox 419 5081 2004 5155">
    <p class='ocr_par' dir='ltr' id='par_1_98' title="bbox 419 5081 2004 5155">
     <span class='ocr_line' id='line_1_98' title="bbox 419 5081 2004 5155; baseline 0.002 -19"><span class='ocrx_word' id='word_1_666' title='bbox 419 5081 674 5147; x_wconf 79' lang='lat' dir='ltr'><strong>debeant,</strong></span> <span class='ocrx_word' id='word_1_667' title='bbox 727 5082 918 5137; x_wconf 90' lang='lat' dir='ltr'><strong>melius</strong></span> <span class='ocrx_word' id='word_1_668' title='bbox 944 5084 1147 5151; x_wconf 79' lang='lat' dir='ltr'><strong>expetit</strong></span> <span class='ocrx_word' id='word_1_669' title='bbox 1186 5083 1307 5153; x_wconf 87' lang='lat' dir='ltr'><strong>quis</strong></span> <span class='ocrx_word' id='word_1_670' title='bbox 1333 5084 1758 5138; x_wconf 87' lang='lat' dir='ltr'><strong>ecclesiasticum</strong></span> <span class='ocrx_word' id='word_1_671' title='bbox 1779 5126 1794 5151; x_wconf 92' lang='lat'><strong>,</strong></span> <span class='ocrx_word' id='word_1_672' title='bbox 1844 5100 2004 5155; x_wconf 87' lang='lat' dir='ltr'><strong>quam</strong></span> 
     </span>
    </p>
   </div>
   <div class='ocr_carea' id='block_1_99' title="bbox 421 5173 931 5243">
    <p class='ocr_par' dir='ltr' id='par_1_99' title="bbox 421 5173 931 5243">
     <span class='ocr_line' id='line_1_99' title="bbox 421 5173 931 5243; baseline -0.008 -11"><span class='ocrx_word' id='word_1_673' title='bbox 421 5174 636 5232; x_wconf 83' lang='lat' dir='ltr'><strong>forense</strong></span> <span class='ocrx_word' id='word_1_674' title='bbox 651 5173 931 5243; x_wconf 84' lang='lat' dir='ltr'><strong>judicium.</strong></span> 
     </span>
    </p>
   </div>
   <div class='ocr_carea' id='block_1_100' title="bbox 494 5284 1936 5367">
    <p class='ocr_par' dir='ltr' id='par_1_100' title="bbox 494 5284 1936 5367">
     <span class='ocr_line' id='line_1_100' title="bbox 494 5284 1936 5367; baseline 0.001 -28"><span class='ocrx_word' id='word_1_675' title='bbox 494 5284 649 5353; x_wconf 79' lang='lat' dir='ltr'><strong>Quod</strong></span> <span class='ocrx_word' id='word_1_676' title='bbox 674 5285 939 5355; x_wconf 69' lang='lat' dir='ltr'><strong>penitenti</strong></span> <span class='ocrx_word' id='word_1_677' title='bbox 960 5284 1106 5338; x_wconf 85' lang='lat' dir='ltr'><strong>nulla</strong></span> <span class='ocrx_word' id='word_1_678' title='bbox 1127 5284 1287 5367; x_wconf 40' lang='lat' dir='ltr'><strong>lucra.</strong></span> <span class='ocrx_word' id='word_1_679' title='bbox 1302 5287 1669 5356; x_wconf 62' lang='lat' dir='ltr'><strong>negotiationis</strong></span> <span class='ocrx_word' id='word_1_680' title='bbox 1699 5303 1936 5341; x_wconf 71' lang='lat' dir='ltr'><strong>exercere</strong></span> 
     </span>
    </p>
   </div>
   <div class='ocr_carea' id='block_1_101' title="bbox 1078 5368 1363 5410">
    <p class='ocr_par' dir='ltr' id='par_1_101' title="bbox 1078 5368 1363 5410">
     <span class='ocr_line' id='line_1_101' title="bbox 1078 5368 1363 5410; baseline 0 -2"><span class='ocrx_word' id='word_1_681' title='bbox 1078 5368 1363 5410; x_wconf 75' lang='lat' dir='ltr'><strong>conveniat.</strong></span> 
     </span>
    </p>
   </div>
   <div class='ocr_carea' id='block_1_102' title="bbox 494 5444 2007 5515">
    <p class='ocr_par' dir='ltr' id='par_1_102' title="bbox 494 5444 2007 5515">
     <span class='ocr_line' id='line_1_102' title="bbox 494 5444 2007 5515; baseline 0.001 -15"><span class='ocrx_word' id='word_1_682' title='bbox 494 5444 681 5500; x_wconf 81' lang='lat' dir='ltr'><strong>XXIII.</strong></span> <span class='ocrx_word' id='word_1_683' title='bbox 714 5444 957 5511; x_wconf 86' lang='lat' dir='ltr'><strong>Qualitas</strong></span> <span class='ocrx_word' id='word_1_684' title='bbox 977 5446 1113 5501; x_wconf 87' lang='lat' dir='ltr'><strong>lucri</strong></span> <span class='ocrx_word' id='word_1_685' title='bbox 1140 5446 1502 5515; x_wconf 83' lang='lat' dir='ltr'><strong>negotiantem</strong></span> <span class='ocrx_word' id='word_1_686' title='bbox 1532 5455 1626 5501; x_wconf 89' lang='lat' dir='ltr'><strong>aut</strong></span> <span class='ocrx_word' id='word_1_687' title='bbox 1654 5454 1881 5501; x_wconf 78' lang='lat' dir='ltr'><strong>excusat</strong></span> <span class='ocrx_word' id='word_1_688' title='bbox 1915 5456 2007 5501; x_wconf 89' lang='lat' dir='ltr'><strong>aut</strong></span> 
     </span>
    </p>
   </div>
   <div class='ocr_carea' id='block_1_103' title="bbox 423 5538 2006 5608">
    <p class='ocr_par' dir='ltr' id='par_1_103' title="bbox 423 5538 2006 5608">
     <span class='ocr_line' id='line_1_103' title="bbox 423 5538 2006 5608; baseline -0.001 -14"><span class='ocrx_word' id='word_1_689' title='bbox 423 5539 642 5607; x_wconf 84' lang='lat' dir='ltr'><strong>arguit,</strong></span> <span class='ocrx_word' id='word_1_690' title='bbox 690 5539 817 5608; x_wconf 86' lang='lat' dir='ltr'><strong>quia</strong></span> <span class='ocrx_word' id='word_1_691' title='bbox 855 5545 941 5593; x_wconf 77' lang='lat' dir='ltr'><strong>est</strong></span> <span class='ocrx_word' id='word_1_692' title='bbox 966 5538 1229 5593; x_wconf 86' lang='lat' dir='ltr'><strong>honestus</strong></span> <span class='ocrx_word' id='word_1_693' title='bbox 1255 5545 1523 5606; x_wconf 70' lang='lat' dir='ltr'><strong>quzestus,</strong></span> <span class='ocrx_word' id='word_1_694' title='bbox 1563 5546 1619 5591; x_wconf 89' lang='lat' dir='ltr'><strong>et</strong></span> <span class='ocrx_word' id='word_1_695' title='bbox 1666 5539 1858 5606; x_wconf 89' lang='lat' dir='ltr'><strong>turpis.</strong></span> <span class='ocrx_word' id='word_1_696' title='bbox 1905 5538 2006 5593; x_wconf 89' lang='lat' dir='ltr'><strong>Ve-</strong></span> 
     </span>
    </p>
   </div>
   <div class='ocr_carea' id='block_1_104' title="bbox 424 5626 2003 5695">
    <p class='ocr_par' dir='ltr' id='par_1_104' title="bbox 424 5626 2003 5695">
     <span class='ocr_line' id='line_1_104' title="bbox 424 5626 2003 5695; baseline -0.002 -12"><span class='ocrx_word' id='word_1_697' title='bbox 424 5636 730 5683; x_wconf 76' lang='lat' dir='ltr'><strong>rumtamen</strong></span> <span class='ocrx_word' id='word_1_698' title='bbox 772 5627 1055 5695; x_wconf 74' lang='lat' dir='ltr'><strong>pmnitenti</strong></span> <span class='ocrx_word' id='word_1_699' title='bbox 1099 5626 1285 5681; x_wconf 91' lang='lat' dir='ltr'><strong>utilius</strong></span> <span class='ocrx_word' id='word_1_700' title='bbox 1323 5626 1604 5695; x_wconf 86' lang='lat' dir='ltr'><strong>dispendia</strong></span> <span class='ocrx_word' id='word_1_701' title='bbox 1647 5626 1796 5695; x_wconf 89' lang='lat' dir='ltr'><strong>pati,</strong></span> <span class='ocrx_word' id='word_1_702' title='bbox 1845 5641 2003 5695; x_wconf 90' lang='lat' dir='ltr'><strong>quam</strong></span> 
     </span>
    </p>
   </div>
   <div class='ocr_carea' id='block_1_105' title="bbox 424 5714 2009 5787">
    <p class='ocr_par' dir='ltr' id='par_1_105' title="bbox 424 5714 2009 5787">
     <span class='ocr_line' id='line_1_105' title="bbox 424 5714 2009 5787; baseline -0.001 -15"><span class='ocrx_word' id='word_1_703' title='bbox 424 5718 684 5787; x_wconf 86' lang='lat' dir='ltr'><strong>periculis</strong></span> <span class='ocrx_word' id='word_1_704' title='bbox 713 5717 1092 5785; x_wconf 77' lang='lat' dir='ltr'><strong>negotiationis</strong></span> <span class='ocrx_word' id='word_1_705' title='bbox 1108 5716 1389 5783; x_wconf 86' lang='lat' dir='ltr'><strong>obstringi,</strong></span> <span class='ocrx_word' id='word_1_706' title='bbox 1420 5715 1545 5785; x_wconf 90' lang='lat' dir='ltr'><strong>quia</strong></span> <span class='ocrx_word' id='word_1_707' title='bbox 1578 5714 1795 5771; x_wconf 72' lang='lat' dir='ltr'><strong>difﬁcile</strong></span> <span class='ocrx_word' id='word_1_708' title='bbox 1823 5723 1903 5771; x_wconf 90' lang='lat' dir='ltr'><strong>est</strong></span> <span class='ocrx_word' id='word_1_709' title='bbox 1927 5717 2009 5770; x_wconf 86' lang='lat' dir='ltr'><strong>in-</strong></span> 
     </span>
    </p>
   </div>
   <div class='ocr_carea' id='block_1_106' title="bbox 425 5807 2008 5877">
    <p class='ocr_par' dir='ltr' id='par_1_106' title="bbox 425 5807 2008 5877">
     <span class='ocr_line' id='line_1_106' title="bbox 425 5807 2008 5877; baseline 0.001 -16"><span class='ocrx_word' id='word_1_710' title='bbox 425 5815 511 5861; x_wconf 86' lang='lat' dir='ltr'><strong>ter</strong></span> <span class='ocrx_word' id='word_1_711' title='bbox 544 5807 777 5862; x_wconf 86' lang='lat' dir='ltr'><strong>ementis</strong></span> <span class='ocrx_word' id='word_1_712' title='bbox 812 5807 1200 5877; x_wconf 85' lang='lat' dir='ltr'><strong>vendentisque</strong></span> <span class='ocrx_word' id='word_1_713' title='bbox 1242 5807 1635 5864; x_wconf 89' lang='lat' dir='ltr'><strong>commercium</strong></span> <span class='ocrx_word' id='word_1_714' title='bbox 1677 5821 1786 5862; x_wconf 91' lang='lat' dir='ltr'><strong>non</strong></span> <span class='ocrx_word' id='word_1_715' title='bbox 1842 5808 2008 5862; x_wconf 83' lang='lat' dir='ltr'><strong>inter-</strong></span> 
     </span>
    </p>
   </div>
   <div class='ocr_carea' id='block_1_107' title="bbox 426 5897 946 5968">
    <p class='ocr_par' dir='ltr' id='par_1_107' title="bbox 426 5897 946 5968">
     <span class='ocr_line' id='line_1_107' title="bbox 426 5897 946 5968; baseline 0.004 -18"><span class='ocrx_word' id='word_1_716' title='bbox 426 5897 613 5954; x_wconf 77' lang='lat' dir='ltr'><strong>venire</strong></span> <span class='ocrx_word' id='word_1_717' title='bbox 641 5907 946 5968; x_wconf 82' lang='lat' dir='ltr'><strong>peccatum.</strong></span> 
     </span>
    </p>
   </div>
   <div class='ocr_carea' id='block_1_108' title="bbox 2110 4739 3686 4811">
    <p class='ocr_par' dir='ltr' id='par_1_108' title="bbox 2110 4739 3686 4811">
     <span class='ocr_line' id='line_1_108' title="bbox 2110 4739 3686 4811; baseline 0.001 -15"><span class='ocrx_word' id='word_1_718' title='bbox 2110 4759 2216 4796; x_wconf 90' lang='lat' dir='ltr'><strong>non</strong></span> <span class='ocrx_word' id='word_1_719' title='bbox 2248 4742 2393 4808; x_wconf 90' lang='lat' dir='ltr'><strong>sinit,</strong></span> <span class='ocrx_word' id='word_1_720' title='bbox 2422 4748 2481 4794; x_wconf 90' lang='lat' dir='ltr'><strong>ut</strong></span> <span class='ocrx_word' id='word_1_721' title='bbox 2509 4739 2755 4794; x_wconf 88' lang='lat' dir='ltr'><strong>videatur</strong></span> <span class='ocrx_word' id='word_1_722' title='bbox 2800 4739 3071 4794; x_wconf 85' lang='lat' dir='ltr'><strong>iteratum.</strong></span> <span class='ocrx_word' id='word_1_723' title='bbox 3102 4739 3203 4806; x_wconf 86' lang='lat' dir='ltr'><strong>Qui</strong></span> <span class='ocrx_word' id='word_1_724' title='bbox 3242 4751 3422 4796; x_wconf 88' lang='lat' dir='ltr'><strong>autem</strong></span> <span class='ocrx_word' id='word_1_725' title='bbox 3463 4752 3686 4811; x_wconf 88' lang='lat' dir='ltr'><strong>possunt</strong></span> 
     </span>
    </p>
   </div>
   <div class='ocr_carea' id='block_1_109' title="bbox 2111 4830 3685 4901">
    <p class='ocr_par' dir='ltr' id='par_1_109' title="bbox 2111 4830 3685 4901">
     <span class='ocr_line' id='line_1_109' title="bbox 2111 4830 3685 4901; baseline -0.001 -16"><span class='ocrx_word' id='word_1_726' title='bbox 2111 4833 2438 4896; x_wconf 85' lang='lat' dir='ltr'><strong>meminisse,</strong></span> <span class='ocrx_word' id='word_1_727' title='bbox 2464 4831 2607 4899; x_wconf 91' lang='lat' dir='ltr'><strong>quod</strong></span> <span class='ocrx_word' id='word_1_728' title='bbox 2648 4830 2715 4883; x_wconf 89' lang='lat' dir='ltr'><strong>ad</strong></span> <span class='ocrx_word' id='word_1_729' title='bbox 2765 4830 3051 4885; x_wconf 86' lang='lat' dir='ltr'><strong>ecclesiam</strong></span> <span class='ocrx_word' id='word_1_730' title='bbox 3080 4831 3379 4901; x_wconf 86' lang='lat' dir='ltr'><strong>veniebant</strong></span> <span class='ocrx_word' id='word_1_731' title='bbox 3412 4847 3532 4885; x_wconf 91' lang='lat' dir='ltr'><strong>cum</strong></span> <span class='ocrx_word' id='word_1_732' title='bbox 3586 4847 3685 4901; x_wconf 80' lang='lat' dir='ltr'><strong>pa-</strong></span> 
     </span>
    </p>
   </div>
   <div class='ocr_carea' id='block_1_110' title="bbox 2111 4919 3688 4992">
    <p class='ocr_par' dir='ltr' id='par_1_110' title="bbox 2111 4919 3688 4992">
     <span class='ocr_line' id='line_1_110' title="bbox 2111 4919 3688 4992; baseline -0.001 -16"><span class='ocrx_word' id='word_1_733' title='bbox 2111 4922 2351 4976; x_wconf 87' lang='lat' dir='ltr'><strong>rentibus</strong></span> <span class='ocrx_word' id='word_1_734' title='bbox 2383 4921 2512 4987; x_wconf 92' lang='lat' dir='ltr'><strong>suis,</strong></span> <span class='ocrx_word' id='word_1_735' title='bbox 2558 4929 2785 4991; x_wconf 90' lang='lat' dir='ltr'><strong>possunt</strong></span> <span class='ocrx_word' id='word_1_736' title='bbox 2811 4919 3084 4975; x_wconf 86' lang='lat' dir='ltr'><strong>recordari</strong></span> <span class='ocrx_word' id='word_1_737' title='bbox 3113 4937 3180 4975; x_wconf 84' lang='lat' dir='ltr'><strong>an</strong></span> <span class='ocrx_word' id='word_1_738' title='bbox 3204 4923 3348 4990; x_wconf 90' lang='lat' dir='ltr'><strong>quod</strong></span> <span class='ocrx_word' id='word_1_739' title='bbox 3375 4937 3560 4976; x_wconf 87' lang='lat' dir='ltr'><strong>eorum</strong></span> <span class='ocrx_word' id='word_1_740' title='bbox 3590 4938 3688 4992; x_wconf 80' lang='lat' dir='ltr'><strong>pa-</strong></span> 
     </span>
    </p>
   </div>
   <div class='ocr_carea' id='block_1_111' title="bbox 2111 5010 3690 5079">
    <p class='ocr_par' dir='ltr' id='par_1_111' title="bbox 2111 5010 3690 5079">
     <span class='ocr_line' id='line_1_111' title="bbox 2111 5010 3690 5079; baseline -0.001 -13"><span class='ocrx_word' id='word_1_741' title='bbox 2111 5011 2351 5068; x_wconf 86' lang='lat' dir='ltr'><strong>rentibus</strong></span> <span class='ocrx_word' id='word_1_742' title='bbox 2375 5010 2624 5076; x_wconf 90' lang='lat' dir='ltr'><strong>dabatur,</strong></span> <span class='ocrx_word' id='word_1_743' title='bbox 2672 5010 2981 5079; x_wconf 88' lang='lat' dir='ltr'><strong>acceperint</strong></span> <span class='ocrx_word' id='word_1_744' title='bbox 3012 5028 3024 5063; x_wconf 92' lang='lat'>:</span> <span class='ocrx_word' id='word_1_745' title='bbox 3057 5010 3151 5064; x_wconf 92' lang='lat' dir='ltr'><strong>sed</strong></span> <span class='ocrx_word' id='word_1_746' title='bbox 3196 5011 3240 5064; x_wconf 92' lang='lat' dir='ltr'><strong>si</strong></span> <span class='ocrx_word' id='word_1_747' title='bbox 3287 5011 3389 5063; x_wconf 92' lang='lat' dir='ltr'><strong>hoc</strong></span> <span class='ocrx_word' id='word_1_748' title='bbox 3419 5011 3578 5064; x_wconf 88' lang='lat' dir='ltr'><strong>etiam</strong></span> <span class='ocrx_word' id='word_1_749' title='bbox 3620 5014 3690 5065; x_wconf 88' lang='lat' dir='ltr'><strong>ab</strong></span> 
     </span>
    </p>
   </div>
   <div class='ocr_carea' id='block_1_112' title="bbox 2113 5099 3690 5172">
    <p class='ocr_par' dir='ltr' id='par_1_112' title="bbox 2113 5099 3690 5172">
     <span class='ocr_line' id='line_1_112' title="bbox 2113 5099 3690 5172; baseline 0.001 -17"><span class='ocrx_word' id='word_1_750' title='bbox 2113 5103 2224 5172; x_wconf 90' lang='lat' dir='ltr'><strong>ipsa</strong></span> <span class='ocrx_word' id='word_1_751' title='bbox 2255 5101 2515 5155; x_wconf 88' lang='lat' dir='ltr'><strong>memoria</strong></span> <span class='ocrx_word' id='word_1_752' title='bbox 2558 5100 2792 5156; x_wconf 88' lang='lat' dir='ltr'><strong>alienum</strong></span> <span class='ocrx_word' id='word_1_753' title='bbox 2839 5110 2958 5165; x_wconf 89' lang='lat' dir='ltr'><strong>est,</strong></span> <span class='ocrx_word' id='word_1_754' title='bbox 3009 5099 3391 5153; x_wconf 85' lang='lat' dir='ltr'><strong>conferendum</strong></span> <span class='ocrx_word' id='word_1_755' title='bbox 3420 5100 3499 5155; x_wconf 92' lang='lat' dir='ltr'><strong>eis</strong></span> <span class='ocrx_word' id='word_1_756' title='bbox 3541 5100 3690 5157; x_wconf 71' lang='lat' dir='ltr'><strong>vide~</strong></span> 
     </span>
    </p>
   </div>
   <div class='ocr_carea' id='block_1_113' title="bbox 2113 5189 3688 5259">
    <p class='ocr_par' dir='ltr' id='par_1_113' title="bbox 2113 5189 3688 5259">
     <span class='ocr_line' id='line_1_113' title="bbox 2113 5189 3688 5259; baseline 0.002 -13"><span class='ocrx_word' id='word_1_757' title='bbox 2113 5200 2218 5255; x_wconf 85' lang='lat' dir='ltr'><strong>tur,</strong></span> <span class='ocrx_word' id='word_1_758' title='bbox 2268 5190 2411 5259; x_wconf 83' lang='lat' dir='ltr'><strong>quod</strong></span> <span class='ocrx_word' id='word_1_759' title='bbox 2455 5191 2709 5245; x_wconf 88' lang='lat' dir='ltr'><strong>collatum</strong></span> <span class='ocrx_word' id='word_1_760' title='bbox 2740 5205 2860 5245; x_wconf 91' lang='lat' dir='ltr'><strong>esse</strong></span> <span class='ocrx_word' id='word_1_761' title='bbox 2891 5189 3161 5251; x_wconf 84' lang='lat' dir='ltr'><strong>nescitur,</strong></span> <span class='ocrx_word' id='word_1_762' title='bbox 3206 5190 3332 5257; x_wconf 90' lang='lat' dir='ltr'><strong>quia</strong></span> <span class='ocrx_word' id='word_1_763' title='bbox 3363 5206 3470 5245; x_wconf 88' lang='lat' dir='ltr'><strong>non</strong></span> <span class='ocrx_word' id='word_1_764' title='bbox 3516 5202 3688 5249; x_wconf 86' lang='lat' dir='ltr'><strong>teme-</strong></span> 
     </span>
    </p>
   </div>
   <div class='ocr_carea' id='block_1_114' title="bbox 2111 5280 3690 5352">
    <p class='ocr_par' dir='ltr' id='par_1_114' title="bbox 2111 5280 3690 5352">
     <span class='ocr_line' id='line_1_114' title="bbox 2111 5280 3690 5352; baseline 0.002 -15"><span class='ocrx_word' id='word_1_765' title='bbox 2111 5283 2243 5337; x_wconf 89' lang='lat' dir='ltr'><strong>ritas</strong></span> <span class='ocrx_word' id='word_1_766' title='bbox 2294 5282 2581 5336; x_wconf 87' lang='lat' dir='ltr'><strong>intervenit</strong></span> <span class='ocrx_word' id='word_1_767' title='bbox 2629 5280 3100 5352; x_wconf 72' lang='lat' dir='ltr'><strong>prtcsumptionis,</strong></span> <span class='ocrx_word' id='word_1_768' title='bbox 3153 5281 3242 5335; x_wconf 85' lang='lat' dir='ltr'><strong>ubi</strong></span> <span class='ocrx_word' id='word_1_769' title='bbox 3288 5291 3371 5336; x_wconf 92' lang='lat' dir='ltr'><strong>est</strong></span> <span class='ocrx_word' id='word_1_770' title='bbox 3416 5282 3690 5351; x_wconf 81' lang='lat' dir='ltr'><strong>diligentia</strong></span> 
     </span>
    </p>
   </div>
   <div class='ocr_carea' id='block_1_115' title="bbox 2113 5364 2377 5444">
    <p class='ocr_par' dir='ltr' id='par_1_115' title="bbox 2113 5364 2377 5444">
     <span class='ocr_line' id='line_1_115' title="bbox 2113 5364 2377 5444; baseline 0.011 -18"><span class='ocrx_word' id='word_1_771' title='bbox 2113 5375 2348 5444; x_wconf 88' lang='lat' dir='ltr'><strong>pietatis.</strong></span> <span class='ocrx_word' id='word_1_772' title='bbox 2367 5364 2377 5373; x_wconf 79' lang='grc'><em>’</em></span> 
     </span>
    </p>
   </div>
   <div class='ocr_carea' id='block_1_116' title="bbox 2116 5486 3696 5564">
    <p class='ocr_par' dir='ltr' id='par_1_116' title="bbox 2116 5486 3696 5564">
     <span class='ocr_line' id='line_1_116' title="bbox 2116 5486 3696 5564; baseline 0.003 -21"><span class='ocrx_word' id='word_1_773' title='bbox 2116 5489 2265 5564; x_wconf 70' lang='lat' dir='ltr'><strong>Quod</strong></span> <span class='ocrx_word' id='word_1_774' title='bbox 2307 5506 2412 5553; x_wconf 82' lang='lat' dir='ltr'><strong>eos,</strong></span> <span class='ocrx_word' id='word_1_775' title='bbox 2447 5491 2546 5564; x_wconf 86' lang='lat' dir='ltr'><strong>_qui</strong></span> <span class='ocrx_word' id='word_1_776' title='bbox 2577 5506 2631 5541; x_wconf 87' lang='lat' dir='ltr'><strong>se</strong></span> <span class='ocrx_word' id='word_1_777' title='bbox 2674 5486 2964 5564; x_wconf 80' lang='lat' dir='ltr'><strong>baptizatos</strong></span> <span class='ocrx_word' id='word_1_778' title='bbox 3005 5499 3322 5564; x_wconf 80' lang='lat' dir='ltr'><strong>agnoscunt,</strong></span> <span class='ocrx_word' id='word_1_779' title='bbox 3374 5492 3466 5546; x_wconf 87' lang='lat' dir='ltr'><strong>sed</strong></span> <span class='ocrx_word' id='word_1_780' title='bbox 3495 5494 3549 5547; x_wconf 86' lang='lat' dir='ltr'><strong>in</strong></span> <span class='ocrx_word' id='word_1_781' title='bbox 3592 5510 3696 5564; x_wconf 67' lang='lat' dir='ltr'><strong>qua</strong></span> 
     </span>
    </p>
   </div>
   <div class='ocr_carea' id='block_1_117' title="bbox 2184 5560 3692 5641">
    <p class='ocr_par' dir='ltr' id='par_1_117' title="bbox 2184 5560 3692 5641">
     <span class='ocr_line' id='line_1_117' title="bbox 2184 5560 3692 5641; baseline 0.003 -29"><span class='ocrx_word' id='word_1_782' title='bbox 2184 5560 2299 5641; x_wconf 45' lang='lat' dir='ltr'><strong>ﬁde.</strong></span> <span class='ocrx_word' id='word_1_783' title='bbox 2317 5560 2570 5625; x_wconf 82' lang='lat' dir='ltr'><strong>nesciunt,</strong></span> <span class='ocrx_word' id='word_1_784' title='bbox 2601 5574 2692 5626; x_wconf 88' lang='lat' dir='ltr'><strong>per</strong></span> <span class='ocrx_word' id='word_1_785' title='bbox 2727 5574 2911 5610; x_wconf 86' lang='lat' dir='ltr'><strong>manus</strong></span> <span class='ocrx_word' id='word_1_786' title='bbox 2940 5560 3318 5630; x_wconf 80' lang='lat' dir='ltr'><strong>impositionem</strong></span> <span class='ocrx_word' id='word_1_787' title='bbox 3345 5566 3535 5634; x_wconf 84' lang='lat' dir='ltr'><strong>suscipi</strong></span> <span class='ocrx_word' id='word_1_788' title='bbox 3565 5560 3692 5618; x_wconf 82' lang='lat' dir='ltr'><strong>con-</strong></span> 
     </span>
    </p>
   </div>
   <div class='ocr_carea' id='block_1_118' title="bbox 2184 5638 2375 5683">
    <p class='ocr_par' dir='ltr' id='par_1_118' title="bbox 2184 5638 2375 5683">
     <span class='ocr_line' id='line_1_118' title="bbox 2184 5638 2375 5683; baseline -0.005 0"><span class='ocrx_word' id='word_1_789' title='bbox 2184 5638 2375 5683; x_wconf 78' lang='lat' dir='ltr'><strong>veniat.</strong></span> 
     </span>
    </p>
   </div>
   <div class='ocr_carea' id='block_1_119' title="bbox 2168 5716 3699 5794">
    <p class='ocr_par' dir='ltr' id='par_1_119' title="bbox 2168 5716 3699 5794">
     <span class='ocr_line' id='line_1_119' title="bbox 2168 5716 3699 5794; baseline 0.004 -21"><span class='ocrx_word' id='word_1_790' title='bbox 2168 5718 2356 5773; x_wconf 81' lang='lat' dir='ltr'><strong>XXIX.</strong></span> <span class='ocrx_word' id='word_1_791' title='bbox 2371 5717 2434 5771; x_wconf 82' lang='lat' dir='ltr'><strong>Hi</strong></span> <span class='ocrx_word' id='word_1_792' title='bbox 2453 5716 2722 5779; x_wconf 87' lang='lat' dir='ltr'><strong>autem-,de</strong></span> <span class='ocrx_word' id='word_1_793' title='bbox 2736 5719 2927 5787; x_wconf 89' lang='lat' dir='ltr'><strong>quibus</strong></span> <span class='ocrx_word' id='word_1_794' title='bbox 2938 5722 3313 5791; x_wconf 85' lang='lat' dir='ltr'><strong>scripsisti,qui</strong></span> <span class='ocrx_word' id='word_1_795' title='bbox 3328 5741 3383 5779; x_wconf 88' lang='lat' dir='ltr'><strong>se</strong></span> <span class='ocrx_word' id='word_1_796' title='bbox 3396 5724 3699 5794; x_wconf 81' lang='lat' dir='ltr'><strong>baptizatos</strong></span> 
     </span>
    </p>
   </div>
   <div class='ocr_carea' id='block_1_120' title="bbox 2115 5807 3696 5885">
    <p class='ocr_par' dir='ltr' id='par_1_120' title="bbox 2115 5807 3696 5885">
     <span class='ocr_line' id='line_1_120' title="bbox 2115 5807 3696 5885; baseline 0.001 -19"><span class='ocrx_word' id='word_1_797' title='bbox 2115 5809 2308 5872; x_wconf 89' lang='lat' dir='ltr'><strong>sciunt,</strong></span> <span class='ocrx_word' id='word_1_798' title='bbox 2335 5808 2424 5862; x_wconf 89' lang='lat' dir='ltr'><strong>sed</strong></span> <span class='ocrx_word' id='word_1_799' title='bbox 2452 5807 2605 5875; x_wconf 90' lang='lat' dir='ltr'><strong>cujus</strong></span> <span class='ocrx_word' id='word_1_800' title='bbox 2632 5807 2751 5862; x_wconf 87' lang='lat' dir='ltr'><strong>lidei</strong></span> <span class='ocrx_word' id='word_1_801' title='bbox 2782 5808 2998 5874; x_wconf 85' lang='lat' dir='ltr'><strong>fuerint,</strong></span> <span class='ocrx_word' id='word_1_802' title='bbox 3024 5814 3112 5879; x_wconf 91' lang='lat' dir='ltr'><strong>qui</strong></span> <span class='ocrx_word' id='word_1_803' title='bbox 3143 5830 3237 5869; x_wconf 74' lang='lat' dir='ltr'><strong>eos</strong></span> <span class='ocrx_word' id='word_1_804' title='bbox 3268 5816 3696 5885; x_wconf 80' lang='lat' dir='ltr'><strong>haptizaverunt,</strong></span> 
     </span>
    </p>
   </div>
   <div class='ocr_carea' id='block_1_121' title="bbox 2119 5898 3690 5972">
    <p class='ocr_par' dir='ltr' id='par_1_121' title="bbox 2119 5898 3690 5972">
     <span class='ocr_line' id='line_1_121' title="bbox 2119 5898 3690 5972; baseline 0.006 -19"><span class='ocrx_word' id='word_1_805' title='bbox 2119 5914 2177 5954; x_wconf 86' lang='lat' dir='ltr'><strong>se</strong></span> <span class='ocrx_word' id='word_1_806' title='bbox 2202 5899 2407 5953; x_wconf 89' lang='lat' dir='ltr'><strong>nescire</strong></span> <span class='ocrx_word' id='word_1_807' title='bbox 2438 5898 2757 5969; x_wconf 86' lang='lat' dir='ltr'><strong>prolitcutur</strong></span> <span class='ocrx_word' id='word_1_808' title='bbox 2790 5917 2802 5952; x_wconf 87' lang='lat'><strong>:</strong></span> <span class='ocrx_word' id='word_1_809' title='bbox 2827 5901 3082 5969; x_wconf 83' lang='lat' dir='ltr'><strong>quoniam</strong></span> <span class='ocrx_word' id='word_1_810' title='bbox 3114 5905 3361 5972; x_wconf 87' lang='lat' dir='ltr'><strong>quolibet</strong></span> <span class='ocrx_word' id='word_1_811' title='bbox 3391 5908 3552 5963; x_wconf 87' lang='lat' dir='ltr'><strong>modo</strong></span> <span class='ocrx_word' id='word_1_812' title='bbox 3581 5906 3690 5963; x_wconf 85' lang='lat' dir='ltr'><strong>for-</strong></span> 
     </span>
    </p>
   </div>
  </div>
