4104 6472
422 342 519 402 991

1708 322 2064 381 DIONYSIUS
2102 317 2422 374 EXIGUUS.

3588 300 3691 355 2‘2

423 472 565 512 mam
607 452 944 524 baptismatis
973 458 1300 519 acceperunt
1323 489 1337 514 ,
1385 445 1693 518 baptizandi
1721 458 1828 498 non
1853 448 1999 505 sunt,
2036 445 2076 496 A
2110 451 2229 490 mus
2257 435 2327 488 ita
2353 431 2553 498 dicere,
2585 445 2692 484 non
2722 427 2790 484 de
2818 441 2985 496 parvo
3011 423 3176 478 animi
3209 420 3395 476 dolore
3424 419 3685 487 procedit.

423 545 516 598 sed
539 559 634 614 per
653 558 842 597 manus
869 539 1262 608 itupositionem
1281 536 1531 589 virtutem
1553 532 1787 601 Spiritus
1810 527 2004 590 sancti,

426 651 588 704 quam
613 635 680 688 ab
701 631 964 687 llJ’l‘tﬁliCiS
983 629 1230 698 accipere
1252 642 1358 680 non
1383 630 1693 694 patuerunt,
1726 618 2009 675 catholicis

429 725 714 798 copulandi
741 731 882 778 sunt.

431 841 510 894 De
539 841 615 892 liis
645 839 727 906 qui
760 833 987 889 convivio
1025 830 1294 902 gentilium
1323 837 1372 882 et
1393 827 1523 881 escis
1552 821 1900 878 immolatitiis
1925 819 2014 872 usi

1151 908 1293 953 siml.

2114 525 2370 594 Meipsum
2397 521 2538 576 enim
2570 518 2966 588 quodammodo
3002 513 3139 567 trahi
3170 512 3223 566 in
3249 510 3463 579 culpam
3491 509 3699 575 sentio,

2111 632 2232 671 cum
2265 623 2318 670 te
2363 629 2393 666 a
2434 612 2641 668 traditis
2671 609 2763 662 tibi
2805 607 3006 676 regulis
3053 603 3342 658 immodice
3378 601 3692 656 discessisse

2110 721 2418 776 cognosco,
2467 704 2558 773 qui
2603 703 2646 756 si
2679 709 2780 754 tua:
2807 695 3178 753 mstimatiouis
3223 707 3413 763 parum
3461 690 3689 758 diligens

2112 814 2251 862 eras,
2285 811 2418 850 mea:
2463 795 2654 849 saltem
2686 791 2840 845 fama:
2887 802 3114 858 parcere
3139 783 3373 840 debuisti
3409 801 3422 835 :
3455 798 3544 840 ne.
3575 797 3691 850 qua:

2115 896 2212 942 tuo
2253 895 2458 939 tantum
2507 883 2647 936 facta
2700 887 2827 935 sntit
2876 878 3094 939 animo,
3145 883 3332 930 nostro
3380 871 3694 926 viderentur

501 997 669 1052 XXX.
694 997 750 1051 Si
773 993 1021 1050 convivio
1049 991 1166 1047 solo
1191 987 1472 1057 gentilium
1518 992 1574 1040 et
1613 983 1751 1038 escis
1777 979 2017 1035 immnla—
2115 987 2263 1046 gesta
2283 975 2507 1044 judicio.
2530 973 2756 1040 Relegat
2783 969 3091 1024 fraternitas
3113 975 3201 1020 tua
3227 966 3446 1035 paginas
3461 971 3694 1029 nostras,

433 1093 566 1145 titiis
597 1089 675 1144 usi
705 1095 852 1153 sunt,
874 1091 1097 1154 possunt
1121 1080 1337 1150 jeinniis
1379 1086 1435 1132 et
1462 1091 1653 1130 manus
1675 1073 2017 1142 impositione

435 1184 667 1255 purgari,
703 1187 763 1234 ut
791 1178 1046 1244 deinceps
1084 1173 1150 1226 ab
1196 1168 1508 1240 idolothytis
1572 1165 1904 1250 abstinentes
1931 1176 2020 1215 sa-

437 1282 834 1330 cramentorum
863 1265 1062 1320 Christi
1104 1262 1312 1332 possint
1337 1273 1456 1312 esse
1490 1255 1797 1326 participes.
1826 1238 1882 1306 Si
1923 1267 2019 1304 au-

436 1373 547 1420 tem
578 1371 670 1417 aut
693 1361 833 1416 idola
865 1358 1240 1416 adoravcrunt,
1267 1358 1360 1404 aut
1389 1347 1689 1403 homicidiis
1734 1343 1819 1398 vel
1848 1340 2018 1396 forni-

437 1456 740 1514 cationibus
767 1446 1118 1507 contaminati
1157 1449 1312 1504 sunt,
1361 1439 1426 1493 ad
1466 1437 1899 1493 communionem
1927 1447 2022 1488 eos

442 1550 544 1606 nisi
567 1562 664 1618 per
692 1540 1060 1615 paenitentiam
1089 1534 1358 1605 publicam
1393 1545 1497 1584 non
1525 1532 1740 1596 oportet
1788 1522 2018 1577 admitti.

446 1659 597 1729 Quod
644 1672 845 1727 semper
885 1643 1356 1729 Thessalonicensis
1403 1640 1619 1729 antistes
1648 1637 1781 1689 vices
1809 1641 2022 1703 aposto-

909 1722 1024 1775 ιὶειε
1050 1716 1189 1771 sedis
1225 1712 1530 1779 impleverit.

2117 1068 2407 1134 omniaque
2437 1064 2504 1118 ad
2534 1074 2653 1117 tuos
2697 1062 2891 1116 emissa
2920 1059 3154 1128 majores
3200 1055 3512 1126 apostolicae
3555 1054 3698 1108 sedis

2121 1158 2409 1229 praesulum
2444 1156 2645 1223 scripta
2675 1158 2976 1222 percurrat,
3002 1157 3056 1203 et
3083 1148 3168 1203 vel
3197 1162 3229 1200 a
3253 1161 3362 1212 me,
3393 1144 3476 1199 vel
3504 1160 3534 1197 a
3565 1159 3698 1214 prm-

2121 1248 2432 1305 ccssoribus
2463 1246 2596 1299 meis
2639 1243 2874 1296 inveniet
2900 1241 3204 1295 ordinatum
3234 1277 3249 1308 ,
3287 1236 3430 1308 quod
3461 1251 3492 1288 a
3522 1243 3577 1289 te
3605 1250 3702 1288 co—

2122 1339 2406 1409 gnovinms
2437 1351 2556 1390 esse
2586 1342 2990 1404 prazsumptum.
3041 1330 3198 1384 Venit
3236 1342 3466 1396 namque
3493 1327 3559 1378 ad
3604 1341 3702 1380 nos

2125 1444 2245 1484 cum
2283 1427 2550 1499 episcopis
2593 1423 2881 1494 provinci-.e
2922 1437 3031 1475 suae
3073 1421 3238 1473 frater
3264 1427 3446 1472 no.~tcr
3472 1415 3702 1483 Atticus,

2123 1523 2323 1578 veteris
2353 1521 2499 1590 Epiri
2527 1515 2977 1591 metropolitanus
2998 1514 3244 1578 antistes,
3275 1518 3330 1564 et
3359 1510 3426 1564 de
3459 1509 3698 1576 indignis-

2126 1597 2263 1672 sima
2294 1612 2617 1675 afflictione,
2659 1626 2820 1680 quam
2853 1607 3092 1678 pertulit,
3123 1603 3452 1674 lacrymabili
3491 1602 3708 1656 actiune

2127 1713 2458 1776 conquestus
2509 1710 2612 1765 est,
2663 1715 2846 1756 coram
2886 1697 3183 1752 astantibus
3211 1693 3523 1753 diaconibus
3560 1692 3704 1746 tuis:

515 1817 706 1873 XXXI.
735 1815 843 1870 Leo
873 1812 1114 1881 episcop.
1145 1804 1293 1859 urbis
1322 1802 1504 1856 Romae
1533 1794 1816 1852 Anastasio
1859 1792 2024 1862 episc.
2063 1805 2106 1863 Β
2132 1796 2224 1864 qui
2245 1793 2479 1862 querelis
2507 1790 2770 1845 flebilibus
2791 1787 2924 1842 nihil
2946 1795 3132 1842 contra
3160 1781 3461 1847 referendo,
3484 1797 3567 1846 ea,
3590 1796 3710 1850 qum

456 1905 921 1966 Thessalonicensi
933 1902 1229 1967 .-—Quanta
1243 1892 1563 1952 fraternitati
1576 1898 1680 1944 tute
1693 1905 1720 1941 a
1735 1885 2028 1942 beatissimi

452 1982 597 2056 Petri
626 1997 857 2069 apostoli
896 1993 1218 2048 auctoritate
1245 1985 1534 2044 commissa
1563 1983 1674 2036 sint
1694 2021 1707 2043 ,
1759 1986 1816 2032 et
1852 1975 2029 2047 qualia

453 2091 616 2145 etiam
657 2067 842 2142 nostro
879 2084 969 2138 tibi
1004 2081 1188 2136 favore
1213 2079 1321 2133 sint
1343 2074 1570 2138 credita,
1595 2071 1641 2124 si
1670 2084 1796 2124 vera
1825 2067 2034 2122 ratione

456 2178 810 2249 perspiceres,
841 2183 896 2228 et
920 2173 1066 2242 justo
1107 2168 1356 2225 examine
1397 2163 1725 2234 ponderares
1748 2196 1762 2225 ,
1808 2157 2033 2212 multum

456 2248 738 2342 possemus
784 2266 850 2320 de
891 2264 1146 2332 iniunctae
1178 2259 1270 2313 tibi
1322 2251 1696 2310 sollicitudinis
1750 2248 2037 2303 devotione

455 2338 712 2432 gaudere.
753 2354 1020 2422 Quoniam
1051 2351 1194 2406 sicut
1221 2357 1582 2419 prmcessores
1611 2338 1715 2393 mei
1749 2350 2039 2406 prazcesso-

459 2427 610 2507 ribus
646 2447 769 2510 tuis,
800 2445 872 2497 ita
903 2442 1065 2497 etiam
1105 2453 1207 2506 ego
1236 2431 1512 2490 dilectioni
1543 2439 1669 2492 tum,
1692 2427 1929 2496 priorum
1955 2439 2043 2478 se—

459 2549 619 2598 cutus
654 2536 987 2605 exemplum,
1017 2533 1162 2586 vices
1211 2528 1318 2583 mei
1349 2521 1729 2580 moderaminis
1751 2515 1991 2586 delegavi
2023 2531 2039 2568 :

463 2643 522 2688 ut
556 2646 761 2694 curam,
803 2641 965 2697 quam
996 2622 1264 2680 universis
1292 2615 1549 2673 Ecelesiis
1576 2611 1944 2684 principaliter
1976 2623 2044 2663 ex

461 2723 640 2778 divina
668 2717 1014 2774 institutione
1043 2713 1300 2768 debemus
1324 2749 1340 2774 ,
1382 2706 1623 2760 imitator
1655 2709 1854 2756 nostrae
1895 2712 2050 2752 man-

467 2813 763 2872 suetudinis
785 2809 1092 2877 adjuvares,
1123 2811 1181 2858 et
1199 2798 1505 2868 longinquis
1526 2810 1556 2848 a
1585 2793 1739 2848 nobis
1759 2787 2048 2860 provinciis

466 2903 807 2978 prmeentiam
839 2891 1237 2968 quodammodo
1266 2897 1465 2957 nostra:
1496 2882 1820 2938 visitationis
1845 2881 2050 2950 impen—

465 2999 628 3053 deres
654 3034 670 3060 ,
738 2999 796 3046 et
855 2985 1200 3048 continenti,
1285 2987 1702 3050 opportuneque
1763 2980 2052 3042 prospectu

474 3093 782 3158 promptum
811 3079 908 3134 tibi
949 3083 1094 3134 esset
1137 3087 1430 3143 agnoscere
1453 3110 1468 3136 ,
1515 3069 1640 3138 quid
1671 3068 1723 3121 in
1753 3066 2054 3135 quibusque

2133 1883 2286 1938 nobis
2333 1881 2734 1949 ingerebantur,
2781 1876 2883 1931 fide
2924 1891 3034 1929 non
3081 1887 3270 1929 carere
3315 1871 3707 1926 monstrabant.

2135 1976 2440 2046 Legebatnr
2469 1985 2682 2042 quoque
2730 1970 2784 2023 in
2830 1967 3027 2022 litteris
3059 1966 3161 2018 luis
3181 2007 3195 2029 ,
3245 1978 3380 2034 quas
3411 1961 3569 2016 iidem
3599 1961 3713 2014 dia-

2134 2071 2257 2126 coni
2289 2070 2362 2124 tui
2390 2065 2716 2126 detulerunt,
2749 2060 2894 2131 quod
2923 2060 3087 2114 frater
3115 2057 3324 2111 Atticus
3369 2052 3714 2108 Thessaloni-

2136 2176 2255 2216 cam
2279 2159 2536 2223 venisset,
2567 2153 2820 2222 quodque
2861 2163 3183 2204 consensum
3207 2161 3360 2202 suum
3393 2146 3553 2198 etiam
3583 2141 3714 2198 scri-

2137 2260 2310 2322 ptura:
2339 2247 2674 2319 professione
2699 2243 2992 2311 signasset,
3027 2247 3087 2292 ut
3129 2237 3194 2292 de
3240 2238 3330 2290 illo
3360 2251 3463 2290 ton
3493 2235 3636 2288 aliud
3683 2248 3715 2286 a

2139 2342 2298 2397 nobis
2326 2346 2508 2410 posset
2533 2334 2779 2402 intelligi,
2811 2345 2968 2402 quam
2998 2329 3201 2401 proprii
3223 2326 3452 2394 arbitrii,
3481 2333 3536 2380 et
3563 2327 3716 2394 spon-

2142 2439 2316 2486 taneze
2361 2427 2662 2484 devotionis
2710 2425 2909 2485 fuisse,
2962 2420 3108 2491 quod
3157 2427 3416 2478 venerat,
3466 2415 3717 2485 quodque

2143 2523 2444 2578 chartulam
2473 2519 2541 2574 de
2584 2516 2904 2572 obedientim
2954 2513 3246 2584 sponsione
3275 2510 3707 2578 conscripserat:

2146 2617 2201 2670 in
2231 2612 2384 2682 cujus
2409 2619 2588 2665 tamen
2619 2607 2875 2663 chartulm
2906 2605 3180 2659 mentione
3217 2602 3428 2670 signum
3459 2598 3725 2670 prodeba-

2150 2714 2241 2760 tur
2266 2703 2493 2772 injuriae.
2538 2699 2653 2755 Non
2686 2699 2830 2753 enim
2859 2696 3221 2752 necessarium
3264 2693 3460 2758 fuerat,
3494 2699 3551 2744 ut
3589 2687 3727 2744 obli-

2154 2803 2376 2866 garetur
2403 2793 2625 2862 scripto,
2656 2790 2746 2860 qui
2777 2787 3138 2843 obedientiam
3168 2801 3320 2840 suam
3350 2785 3466 2856 ipso
3493 2781 3603 2852 jam
3632 2797 3729 2837 vo-

2149 2885 2372 2942 luntarii
2401 2885 2661 2940 adventus
2693 2883 2956 2954 probabat
2984 2878 3164 2934 ofﬁcio
3183 2921 3198 2947 ,
3229 2878 3370 2932 unde
3399 2875 3730 2946 deploratio-

2152 2981 2308 3035 nibus
2329 2976 2622 3049 supradicti
2647 2975 2759 3030 haec
2779 2974 2943 3029 verba
2965 2971 3208 3042 epistolae
3231 2978 3332 3025 tuae
3367 2967 3730 3024 testimonium

2154 3072 2518 3140 pr‘arbucrunt,
2551 3074 2606 3121 et
2653 3081 2752 3136 per
2779 3065 2902 3128 hoc,
2943 3061 3089 3133 quod
3115 3077 3224 3116 non
3251 3069 3334 3114 est
3358 3059 3601 3124 tacitum,
3629 3073 3732 3110 nu-

473 3147 649 3230 ﬁmus-
663 3171 750 3226 vel
781 3178 872 3223 tuo
911 3165 1090 3223 studio
1117 3174 1495 3232 componeres,
1525 3157 1611 3212 vel
1639 3166 1824 3210 nostro
1849 3151 2050 3222 judicio
2079 3174 2124 3237 ρ
2155 3159 2336 3212 datum
2367 3166 2449 3212 est
2479 3156 2624 3221 illud,
2650 3154 2794 3226 quod
2823 3154 3035 3209 silentio
3057 3153 3232 3208 fuerat
3255 3150 3596 3220 adapertum,
3618 3147 3731 3202 adi-

473 3275 798 3319 reservares.
838 3257 970 3311 Nam
999 3269 1120 3309 cum
1152 3251 1354 3320 majora
1382 3247 1616 3316 negotia.
1645 3253 1698 3298 et
1725 3240 2050 3298 difficiliores

473 3366 757 3411 causarum
796 3349 974 3404 exitus
999 3345 1225 3399 liberum
1274 3341 1367 3394 tibi
1397 3347 1541 3392 esset
1566 3337 1666 3391 sub
1707 3344 1904 3389 nostrae
1928 3348 2052 3388 sen-

477 3447 655 3502 tentia:
681 3439 1091 3511 exspectatione
1118 3433 1468 3504 suspendere,
1504 3445 1601 3485 nec
1626 3429 1763 3482 ratio
1793 3426 1908 3492 tibi,
1953 3439 2053 3478 nec

479 3535 772 3592 necessitas
795 3532 891 3586 fuit
912 3531 964 3584 in
990 3529 1060 3592 id,
1085 3526 1226 3596 quod
1251 3537 1557 3578 mensuram
1580 3529 1723 3574 tuam
1745 3518 2052 3582 excederet,

477 3623 744 3684 deviandi.
771 3620 1058 3677 Abundant
1086 3617 1228 3672 enim
1258 3614 1398 3684 apud
1429 3622 1480 3668 te
1509 3611 1832 3666 monitorum
1854 3607 2055 3675 scripta

481 3726 790 3774 nostrorum
816 3756 831 3782 ,
873 3711 1067 3781 quibus
1097 3718 1150 3763 te
1172 3708 1241 3762 de
1271 3705 1510 3761 omnium
1550 3702 1820 3755 actionum
1854 3707 2059 3767 tempe-

478 3810 653 3865 rantia
682 3807 993 3874 frequenter
1019 3802 1367 3856 instruximus
1391 3839 1405 3861 ,
1453 3802 1511 3850 ut
1538 3789 1938 3849 commendatus
1964 3789 2058 3842 tibi

480 3896 678 3954 Christi
708 3893 973 3948 Ecelesias
1001 3905 1096 3960 per
1125 3887 1557 3946 exhortationem
1579 3879 1854 3937 charitatis
1875 3877 1942 3931 ad
1969 3892 2057 3931 sa-

483 3985 790 4041 lubritatem
817 3980 1102 4035 audientiae
1142 3991 1466 4048 provocares
1497 3992 1512 4027 :
1541 3975 1666 4044 quia
1695 3973 1794 4028 etsi
1825 3971 2060 4042 plerum-

480 4091 587 4147 que
614 4073 851 4130 existunt
879 4071 1019 4124 inter
1048 4069 1376 4136 negligentes
1398 4107 1412 4130 ,
1461 4065 1544 4120 vel
1587 4061 1798 4119 desides
1837 4063 2060 4127 fratres,

481 4179 601 4235 qua:
631 4169 880 4232 oporteat
916 4159 1119 4226 majore
1163 4156 1485 4211 auctoritate
1525 4154 1738 4218 curari,
1770 4154 1847 4208 sic
1886 4162 2063 4207 tamen

406 4286 414 4293 -
484 4250 783 4306 adhibenda
807 4258 893 4304 est
918 4247 1210 4316 correptio,
1235 4253 1292 4298 ut
1319 4257 1533 4313 semper
1552 4246 1620 4298 sit
1650 4243 1796 4296 salva
1821 4242 2058 4296 dilectio.

491 4341 638 4397 Unde
666 4349 720 4397 et
770 4341 958 4394 beatus
987 4337 1263 4407 apostolus
1290 4333 1487 4389 Paulus
1530 4333 1595 4388 ad
1642 4333 2061 4388 ecclesiasticum

491 4431 729 4498 regimen
767 4428 1110 4481 Timotheum
1154 4427 1398 4479 imbuens
1444 4424 1620 4478 dicit:
1670 4423 1947 4477 Seniorem
1998 4437 2067 4476 ne

493 4517 892 4588 increpaveris,
943 4516 1038 4570 sed
1093 4516 1315 4568 obsecra
1383 4521 1442 4567 ut
1469 4524 1696 4582 patrem,
1743 4515 1968 4582 juvenes
2009 4522 2068 4567 ut

492 4611 723 4673 fratres,
775 4623 908 4661 anus
959 4615 1016 4659 ut
1043 4614 1272 4667 matres,
1317 4603 1633 4672 juvenculas
1671 4613 1728 4657 ut
1770 4619 1983 4659 soi-ores
2013 4604 2066 4660 in

493 4702 641 4758 omni
669 4700 916 4756 castitate
946 4697 1000 4769 (I
1032 4696 1220 4750 Timot.
1252 4697 1328 4767 v).
1375 4695 1503 4762 Qua:
1532 4697 1850 4762 moderatio,
1883 4698 1927 4750 si
1950 4697 2068 4765 qui-

491 4795 804 4860 buscunqne
831 4788 1172 4844 inferiorilms
1201 4789 1454 4842 membris
1484 4802 1551 4844 ex
1580 4789 1877 4858 apostolica
1923 4789 2068 4843 insti-

495 4884 703 4938 tutione
731 4881 974 4944 debetur,
1006 4888 1208 4948 quanto
1240 4880 1407 4945 magis
1435 4877 1688 4934 fratribus
1715 4887 1772 4933 et
1799 4879 2071 4948 coepisco-

491 4975 576 5043 pis
605 4972 801 5026 nostris
825 4971 941 5025 sine
967 4968 1262 5024 offensione
1283 4969 1550 5024 reddenda
1579 4977 1681 5034 est,
1708 4976 1766 5022 ut
1787 4969 1912 5022 licet
1933 4983 2065 5022 non-

491 5075 764 5135 nunquam
796 5063 1078 5126 accidant,
1133 5076 1254 5130 qua:
1286 5061 1337 5113 in
1377 5060 1802 5114 sacerdotalibus
1831 5067 1953 5113 sunt
1983 5073 2068 5114 re-

493 5151 871 5229 prehendenda
902 5150 1181 5220 personis:
1215 5149 1332 5218 plus
1363 5159 1540 5202 tamen
1571 5163 1695 5217 erga
1721 5149 2070 5215 corrigendos

494 5252 618 5312 agat
642 5241 1017 5296 benevolentia
1050 5254 1211 5308 quam
1267 5239 1544 5304 severitas,
1600 5239 1720 5308 plus
1766 5239 2070 5295 cohortatio

493 5350 652 5404 quam
682 5333 996 5396 commotio,
1038 5332 1157 5400 plus
1210 5329 1444 5384 charitas
1483 5344 1643 5398 quam
1677 5336 1934 5399 potestas.
1962 5331 2068 5384 Sed

496 5429 565 5482 ab
594 5428 697 5490 his,
727 5427 815 5495 qui
845 5440 964 5493 quae
987 5439 1081 5477 sua
1109 5430 1237 5478 sunt
1263 5429 1510 5489 quaerunt
1533 5461 1547 5484 ,
1592 5437 1698 5475 non
1725 5435 1843 5489 qua:
1872 5420 2069 5475 Christi

494 5513 621 5571 Iesu
648 5513 866 5584 (Philip.
892 5516 972 5582 ιι),
999 5513 1153 5567 facile
1173 5512 1239 5566 ab
1269 5512 1370 5567 hac
1394 5512 1512 5580 lege
1532 5509 1843 5576 disceditur,
1872 5518 1926 5565 et
1947 5510 2071 5566 dum

497 5606 762 5661 dominari
794 5607 961 5674 magis
1003 5621 1163 5674 quam
1185 5607 1469 5661 consulere
1491 5607 1716 5661 subditis
1746 5607 1944 5677 placet,
1978 5606 2076 5660 ho-

497 5711 598 5750 nor
628 5696 775 5749 inflat
802 5697 1131 5764 supcrhiam.
1166 5703 1220 5750 et
1247 5695 1390 5764 quod
1425 5696 1696 5766 provisum
1741 5703 1824 5751 est
1852 5696 1918 5751 ad
1950 5711 2075 5750 con-

497 5786 760 5858 cordiam,
800 5787 970 5844 tendit
1008 5787 1074 5843 ad
1117 5803 1332 5854 noxam,
1367 5789 1526 5860 quod,
1569 5798 1626 5844 ut
1654 5804 1873 5846 necesse
1920 5788 2078 5845 habeo

2158 3257 2267 3303 tam
2297 3243 2503 3302 scilicet
2529 3237 2723 3316 Illyrici
2754 3243 3130 3315 prmfecturam
3151 3283 3168 3310 ,
3210 3249 3267 3296 et
3295 3238 3733 3296 sublimissimam

2160 3341 2300 3394 inter
2330 3337 2632 3392 mundanos
2681 3337 2860 3404 apices
2887 3340 3212 3404 potestatem
3261 3331 3316 3386 in
3347 3330 3733 3385 exbibitionem

2159 3431 2386 3485 insontis
2428 3427 2685 3482 antistitis
2733 3427 3029 3488 incitatam,
3077 3435 3136 3478 ut
3174 3423 3336 3480 missa
3383 3421 3735 3476 exsecutione

2161 3519 2419 3586 terribili,
2454 3533 2573 3588 quae
2615 3516 2793 3572 omnia
2823 3517 2921 3570 sibi
2951 3513 3124 3570 ofﬁcia
3154 3514 3366 3583 publica
3389 3512 3457 3566 ad
3487 3509 3736 3566 effectum

2160 3607 2537 3679 praeceptionis
2587 3606 2930 3674 adjungeret,
2983 3619 3013 3658 a
3051 3603 3218 3658 sacris
3264 3602 3520 3657 Ecclesia:
3563 3600 3739 3670 adytis

2162 3701 2308 3754 nullo
2341 3699 2425 3753 vel
2455 3698 2590 3753 falso
2630 3696 2967 3750 insimulatus
2992 3695 3214 3749 crimine
3243 3694 3626 3748 extraheretur
3651 3705 3736 3745 sa-

2163 3790 2354 3845 cerdos
2387 3807 2399 3842 :
2433 3788 2518 3843 cui
2547 3802 2653 3842 non
2683 3787 2752 3842 ob
2782 3787 3084 3844 molestiam
3114 3784 3464 3853 aegritudinis,
3512 3798 3620 3837 non
3666 3783 3738 3836 ob

2163 3882 2421 3936 smvitiam
2471 3880 2666 3934 hiemis
2705 3879 2964 3933 darentur
3011 3875 3271 3939 inducite,
3315 3874 3408 3928 sed
3453 3874 3556 3927 iter
3583 3886 3716 3942 aspe

2163 3989 2304 4037 rum,
2347 3982 2402 4028 et
2442 3971 2693 4042 periculis
2718 3970 2933 4040 plenum
2961 3983 3057 4038 per
3085 3968 3256 4022 invias
3284 3967 3432 4021 nives
3458 3978 3620 4032 agere
3649 3979 3737 4019 co-

2165 4071 2398 4132 geretur,
2429 4062 2572 4131 quod
2601 4061 2733 4114 tanti
2761 4061 2978 4123 laboris,
3009 4060 3250 4126 tantique
3275 4056 3598 4111 discriminis
3621 4053 3742 4121 fuit,

2170 4165 2227 4208 ut
2269 4170 2336 4208 ex
2366 4153 2467 4217 bis,
2519 4152 2610 4221 qui
2666 4152 2978 4220 episcopum
3028 4150 3271 4205 comitati
3319 4157 3478 4214 sunt,
3523 4145 3745 4216 quidam

2168 4243 2428 4300 defecisse
2457 4244 2722 4297 dicantur.
2769 4241 2994 4297 Multum
3043 4251 3256 4310 sumen,
3301 4239 3463 4295 frater
3491 4239 3745 4294 charissi-

2169 4350 2276 4400 me,
2327 4333 2421 4387 sed
2450 4341 2505 4386 et
2550 4332 2837 4401 plurimum
2886 4330 3076 4392 doleo,
3115 4330 3260 4400 quod
3287 4331 3340 4382 in
3369 4343 3513 4396 eum,
3543 4328 3610 4382 de
3634 4343 3744 4396 quo

2172 4427 2299 4482 nihil
2325 4425 2552 4494 amplius
2569 4423 2921 4487 indicaveras,
2938 4437 3102 4490 quam
3125 4421 3269 4491 quod
3286 4430 3542 4476 evocatus
3557 4421 3745 4474 adesse

2096 4517 2437 4616 Ddiffcrret,
2492 4525 2548 4571 et
2587 4516 2994 4570 excusationem
3036 4513 3360 4569 infirmitatis
3403 4513 3743 4576 obtenderet,

2172 4618 2280 4662 tam
2311 4606 2569 4662 atrociter
2616 4615 2672 4660 et
2720 4613 2827 4659 tam
2858 4605 3208 4660 vehementer
3236 4604 3477 4673 potueris
3506 4617 3748 4658 commo-

2174 4699 2283 4752 veri
2317 4717 2329 4751 :
2363 4697 2658 4768 pnesertim
2687 4711 2841 4760 cum,
2877 4695 3091 4750 etiamsi
3151 4695 3258 4749 tale
3285 4693 3485 4764 aliquid
3503 4706 3749 4747 merere.-

2173 4797 2277 4854 tur,
2309 4786 2728 4857 exspectandum
2779 4786 2870 4839 tibi
2902 4785 3098 4850 fuerat,
3135 4784 3263 4854 quid
3291 4783 3359 4838 ad
3389 4793 3476 4837 tua
3503 4783 3746 4838 consttlta

2171 4882 2546 4938 rescriberem.
2597 4879 2702 4934 Sed
2739 4887 2796 4935 ut
2843 4879 3000 4933 video
3043 4878 3180 4933 bene
3219 4877 3287 4932 de
3334 4877 3469 4932 meis
3510 4876 3750 4930 morlbns

2173 4972 2513 5038 existimasti,
2542 4982 2598 5026 et
2625 4986 2782 5040 quam
2811 4970 2988 5025 civilia
3025 4985 3123 5039 pro
3162 4969 3530 5026 conservanda
3569 4981 3751 5022 sacer.

2175 5063 2337 5118 dotali
2370 5062 2657 5117 concordia
2685 5076 3045 5130 responsurus
3073 5076 3245 5116 essem
3262 5102 3278 5128 ,
3310 5061 3588 5118 verissime
3615 5074 3748 5129 pm

2174 5154 2368 5209 vidisti.
2413 5153 2478 5207 Et
2507 5153 2629 5208 ideo
2658 5161 2837 5208 motus
2883 5161 3002 5208 tuos
3037 5153 3260 5222 exsequi
3303 5152 3422 5208 sine
3447 5151 3750 5208 disimula-

2175 5245 2324 5299 tione
2374 5245 2676 5314 properasti
2721 5261 2734 5296 :
2778 5258 2848 5298 ne
2875 5285 2890 5309 ,
2945 5259 3068 5300 cum
3117 5242 3509 5298 moderationis
3554 5250 3749 5297 nostra

2175 5337 2318 5390 aliud
2365 5337 2704 5406 disponentia
2751 5337 2957 5406 scripta
2991 5336 3348 5406 sumpsisses,
3399 5332 3628 5391 faciendi
3673 5335 3748 5402 id,

2176 5425 2323 5500 quod
2353 5427 2550 5482 factum
2582 5436 2696 5491 est,
2737 5428 3012 5482 licentiam
3039 5443 3149 5482 non
3195 5427 3448 5482 haberes.
3502 5427 3584 5480 Au
3613 5425 3752 5480 forte

2175 5518 2392 5586 aliquod
2423 5517 2519 5573 tibi
2573 5519 2780 5574 facinus
2808 5518 3140 5584 innotuerat,
3172 5527 3229 5572 et
3275 5517 3753 5587 metropolitanum

2178 5607 2492 5676 episcopum
2532 5608 2657 5662 novi
2707 5609 2850 5676 apud
2885 5622 2945 5664 se
2980 5607 3222 5662 criminis
3250 5606 3460 5678 pondus
3488 5607 3755 5675 urgebat?

2180 5696 2249 5750 At
2277 5697 2380 5751 hoc
2407 5697 2622 5765 quidem
2649 5699 2880 5752 alienum
2907 5698 2973 5752 ab
3002 5699 3092 5752 illo
3121 5713 3241 5752 esse
3269 5699 3434 5752 etiam
3461 5706 3517 5752 tu
3546 5695 3675 5750 nihil
3704 5697 3756 5751 cl

2185 5788 2487 5858 objicicudo
2512 5788 2814 5856 confirmas,
2857 5787 2953 5845 sed
2983 5788 3144 5844 etiam
3173 5789 3219 5844 si
3259 5789 3386 5858 quid
3423 5801 3583 5858 grave
3614 5787 3752 5844 into.
