4104 6518
418 416 523 469 9.93
1360 460 1381 491 ,

1460 398 1835 457 COLIECTIO
1875 398 2335 456 DECRETOBUM
2378 399 2480 456 PP.
2526 405 2640 458 Ilii.

3556 392 3685 468 est

414 523 804 592 lerandumque
834 522 1201 578 committeret.
1242 563 1255 587 ,
1292 529 1472 595 nostra
1497 531 1612 574 erat
1641 521 2004 589 exspectanda
2039 525 2083 581 Α
2113 528 2169 574 et
2203 519 2294 571 ﬁat
2321 520 2496 575 minus
2525 522 2794 590 religiosa,
2843 538 3003 593 quam
3047 526 3323 596 convenit,
3374 528 3459 582 cui
3490 546 3596 585 non
3625 530 3693 587 li-

415 627 647 669 eensura
682 630 698 667 :
730 622 791 668 ut
836 613 912 667 nil
938 612 1088 682 prius
1118 610 1233 680 ipse
1260 610 1617 676 decerneres,
1668 625 1829 678 quam
1859 608 2004 677 quod

416 704 574 757 nobis
622 705 839 773 placere
876 715 1257 769 cognosceres.
1288 700 1449 755 Viees
1500 702 1641 753 enim
1672 709 1886 753 nostras
1931 700 2004 753 ita

420 803 523 847 tria:
557 790 886 847 credidimus
912 791 1191 855 charitati,
1236 797 1292 843 ut
1332 790 1383 842 in
1421 799 1628 859 partem
1677 789 1753 844 sis
1781 798 2003 844 vocatus

417 885 812 948 sollicitudinis,
866 898 972 938 non
1004 884 1057 937 in
1085 883 1473 952 plenitudinem
1508 882 1828 951 potestatis:
1862 881 2005 937 unde

416 978 555 1032 sicut
585 976 814 1030 mltum
844 989 943 1028 nos
969 988 1053 1038 ea,
1085 986 1207 1041 qute
1245 988 1274 1025 a
1305 979 1357 1026 te
1387 972 1477 1042 pie
1505 981 1632 1026 sunt
1671 979 1877 1035 curata,
1908 972 2004 1026 lie-

416 1068 653 1132 titicant;
688 1067 762 1120 ita
793 1066 1016 1120 nimium
1042 1079 1105 1119 ea
1131 1102 1147 1132 ,
1194 1079 1314 1135 quae
1344 1073 1470 1118 sunt
1508 1078 1789 1133 perperam
1830 1073 2000 1131 gesta,

418 1159 747 1211 contristant
786 1173 800 1208 :
832 1163 892 1209 et
934 1167 1157 1209 necesse
1184 1164 1267 1208 est
1310 1162 1434 1224 post
1462 1155 1753 1208 multarum
1799 1154 2005 1224 erperi-

419 1255 600 1302 menta
631 1258 916 1301 causarum
955 1245 1243 1299 sollicitius
1288 1244 1551 1313 prospici,
1604 1252 1659 1297 et
1697 1243 2005 1310 diligentius

418 1338 732 1407 pnecaveri,
761 1345 1031 1405 quatenus
1058 1350 1156 1405 per
1175 1335 1421 1404 spiritum
1447 1336 1724 1389 charitatis
1751 1344 1808 1389 et
1835 1336 2001 1405 pacis,

417 1429 597 1481 omnis
645 1428 871 1480 materia
902 1426 1278 1480 scandalorum
1332 1424 1403 1480 de
1455 1425 1711 1480 Ecclesiis
1758 1426 2002 1491 Domini,

416 1531 553 1585 quas
583 1517 680 1572 tibi
720 1516 1246 1580 commendavlmus,
1279 1514 1573 1581 auferatur,
1618 1518 2005 1585 praeemincnte

417 1608 635 1677 quidem
678 1609 731 1663 in
772 1608 879 1663 illis
918 1608 1211 1678 provinciis
1249 1607 1592 1677 episcopatus
1633 1609 1710 1662 tui
1761 1607 2003 1676 fastigio,

419 1699 514 1754 sed
541 1708 820 1768 amputato
845 1699 1007 1753 totius
1035 1698 1397 1769 usurpationis
1451 1712 1697 1754 exceSsu.

658 1836 729 1893 Ut
769 1838 1176 1908 metropolitanis
1206 1850 1301 1891 sua
1324 1836 1453 1907 jura
1481 1846 1763 1892 serventur.

476 1954 519 2006 Χ
533 1949 865 2020 XXlngitur
879 1951 1179 2007 secundum
1196 1959 1505 2005 sanctorum
1520 1950 1735 2004 Patrum
1750 1965 2002 2012 canones,

420 2046 613 2116 spiritu
642 2032 737 2099 Dci
763 2043 1016 2098 conditos
1063 2052 1116 2096 et
1141 2043 1307 2097 totius
1330 2041 1513 2097 mundi
1544 2042 1845 2095 reverentia
1875 2058 2006 2096 con-

422 2142 701 2198 secratos,
759 2130 1206 2201 metmpolitanos
1243 2129 1572 2200 singularum
1610 2129 2014 2199 provinciarum

424 2224 732 2294 episcopos,
757 2222 952 2291 quibus
982 2237 1049 2278 ex
1079 2220 1417 2290 delegatione
1448 2229 1630 2275 nostra
1661 2220 2010 2276 fraternitatis

426 2324 527 2369 tua:
556 2330 685 2369 cura
716 2314 1091 2384 ‘prmteuditur,
1119 2312 1208 2382 jus
1240 2312 1449 2367 tradita:
1478 2313 1578 2366 sibi
1609 2312 1901 2381 antiquitus
1929 2313 2010 2366 di-

424 2407 639 2476 gnitatis
682 2406 1061 2461 intemeratum
1105 2405 1306 2459 habere
1347 2404 1684 2459 decernimus
1721 2421 1733 2456 :
1786 2405 1856 2457 ita
1893 2414 1949 2457 nt
1978 2421 2007 2458 a

424 2496 621 2565 regulis
657 2496 968 2566 prrcstitutis
997 2495 1142 2550 nulla
1173 2504 1265 2551 aut
1314 2494 1642 2564 negligentia
1666 2533 1679 2558 ,
1731 2504 1825 2548 aut
1868 2510 2007 2566 pne-

424 2587 731 2657 sumptione
760 2586 1060 2671 discedant.

428 2702 494 2757 Ut
526 2719 558 2755 a
587 2704 994 2771 metropolitanis
1024 2719 1125 2755 non
1174 2701 1330 2767 laici,
1382 2717 1484 2771 non
1535 2698 1745 2771 bigami,
1795 2717 1895 2753 non
1937 2702 2010 2754 ri-

496 2774 716 2856 duarum
739 2770 931 2835 mariti,
957 2772 1046 2826 sed
1068 2770 1538 2842 irreprehensibiles
1570 2770 1873 2823 ordinentur
1899 2771 2011 2841 epi-

496 2856 656 2912 scopi.

493 2950 729 3006 XXXIII.
761 2951 817 3005 In
850 2952 1175 3017 civitatibus,
1223 2966 1448 3022 quarum
1488 2958 1727 3005 rectores
1756 2949 2010 3017 obierint,

423 3042 492 3097 de.
524 3040 925 3098 substituendis
964 3042 1231 3113 episcopis
1282 3042 1394 3096 haec
1437 3040 1606 3094 forma
1655 3047 1922 3105 servetur,
1952 3050 2012 3096 ut

426 3133 476 3186 is
496 3131 587 3200 qui
614 3130 936 3186 ordinandus
962 3138 1066 3197 est,
1111 3130 1323 3186 etiamsi
1354 3131 1507 3185 bonae
1550 3130 1673 3183 vitae
1705 3131 2009 3185 testimonio

422 3219 692 3286 fulciatur,
726 3237 835 3276 non
862 3222 1047 3285 laicus,
1101 3238 1206 3276 non
1250 3221 1571 3291 neophytus,
1627 3235 1724 3274 nec
1763 3216 2012 3275 secundm

421 3311 666 3381 conjugis
706 3312 774 3367 sit
803 3313 1047 3379 maritus,
1087 3318 1179 3368 aut
1208 3313 1299 3383 qni
1342 3328 1499 3367 unam
1526 3310 1741 3381 quidem
1790 3312 2005 3379 haheat,

421 3404 506 3457 vel
535 3403 804 3470 habuerit,
828 3403 922 3459 sed
949 3420 1111 3473 quam
1138 3404 1238 3459 sibi
1267 3403 1483 3458 viduam
1510 3403 1791 3471 copularit.
1819 3401 2009 3457 Sacer-

422 3491 610 3547 dotum
636 3495 780 3548 enim
810 3506 917 3548 tam
945 3495 1220 3550 excellens
1243 3503 1325 3549 est
1345 3494 1538 3549 electio
1566 3501 1623 3546 ut
1653 3493 1785 3557 haec,
1816 3508 1934 3561 quae
1956 3494 2009 3548 in

422 3583 541 3637 aliis
568 3585 822 3639 membris
852 3581 1104 3663 Ecclesia:
1147 3600 1254 3639 non
1301 3592 1563 3639 vocantur
1591 3582 1655 3637 ad
1696 3583 1926 3654 culpam,
1956 3584 2011 3638 in

422 3672 529 3727 illis
559 3682 740 3729 tamen
770 3674 1074 3730 habeantur
1103 3674 1310 3731 illicita.

513 3810 664 3878 Quod
693 3814 1025 3869 subdiaconis
1048 3815 1262 3869 carnale
1282 3816 1594 3869 connubium
1624 3817 1917 3888 denegetur.

497 3925 727 3981 XXXIV.
759 3928 891 3983 Nam
914 3943 1035 3983 cum
1065 3938 1216 3983 extra
1260 3928 1582 3984 clericorum
1612 3929 1852 3984 ordinem
1878 3944 2008 3984 eon-

419 4018 621 4072 stitutis
648 4008 955 4088 nuptiarum
985 4018 1232 4073 societati
1279 4025 1334 4072 et
1391 4019 1754 4088 procreationi
1784 4019 2010 4074 ﬁliorum

418 4108 636 4164 studere
663 4110 733 4164 sit
757 4109 982 4164 liberum
1014 4108 1313 4173 arbitrium,
1343 4108 1410 4163 ad
1434 4107 1795 4164 exhibendam
1828 4116 2008 4163 tamen

419 4201 677 4274 perfecta:
698 4202 1044 4257 continentitc
1075 4202 1383 4271 puritatem,
1429 4218 1496 4257 ne
1526 4202 1866 4257 subdiaconis
1891 4203 2011 4270 qui-

419 4297 542 4351 dem
569 4296 895 4351 connubium
920 4295 1137 4350 carnale
1157 4296 1489 4357 conceditur,
1516 4305 1572 4349 ut
1595 4304 1647 4349 et
1670 4295 1758 4364 qui
1788 4295 2007 4361 habent,

420 4386 525 4439 sint
555 4392 809 4454 tanquam
852 4400 959 4439 non
992 4383 1257 4439 habentes
1304 4383 1358 4455 (I
1388 4383 1623 4440 Corinth.
1657 4385 1774 4455 vn),
1820 4395 1872 4440 et
1920 4386 2011 4454 qui

420 4494 527 4533 non
559 4477 778 4543 habent,
812 4484 1165 4547 permaneant
1194 4475 1509 4544 singulares.
1543 4475 1697 4543 Quod
1737 4478 1781 4531 si
1822 4478 1873 4531 in
1909 4479 2011 4532 hoc

420 4569 629 4633 ordine,
661 4568 751 4636 qui
787 4575 1010 4638 quartus
1051 4573 1133 4631 est
1164 4581 1191 4619 a
1223 4566 1418 4636 capite,
1453 4565 1668 4634 dignum
1715 4575 1797 4621 est
1827 4576 2011 4621 custo-

420 4659 540 4724 diri,
573 4666 778 4728 quanto
820 4657 990 4725 magis
1021 4654 1071 4710 in
1118 4658 1311 4725 primo,
1346 4656 1429 4710 vel
1480 4656 1733 4721 secando,
1783 4658 2011 4712 tertiove

419 4752 745 4809 servandum
788 4761 889 4815 est,
922 4764 990 4803 ne
1020 4758 1113 4803 aut
1136 4748 1370 4813 Ievitico,
1410 4756 1503 4802 aut
1527 4750 1876 4820 presbyterali
1908 4750 2009 4803 bo-

421 4856 578 4908 nore,
627 4848 723 4894 aut
768 4838 1060 4909 episcopali
1102 4838 1418 4893 excellentia
1458 4839 1742 4908 quisquam
1786 4840 2010 4894 idoneus

419 4932 736 4999 aestimetur,
758 4932 849 5002 qui
875 4946 933 4986 se
955 4947 985 4985 a
1009 4930 1284 4999 voluptate
1306 4931 1487 4986 uxoris
1509 4930 1733 4985 necdum
1775 4930 2009 4986 frenasse

420 5022 691 5093 detegitur
708 5021 721 5075 l

690 5132 759 5189 Ut
787 5134 959 5189 nullus
987 5134 1160 5187 invitis
1191 5134 1459 5188 ordinetur
1487 5136 1722 5188 antistes.

496 5236 705 5293 XXXV.
737 5236 870 5291 Cum
918 5249 1046 5304 ergo
1076 5234 1141 5288 de
1171 5236 1363 5289 summi
1406 5234 1701 5289 sacerdotis
1745 5234 2009 5289 electione

420 5330 763 5395 tractabitur,
812 5327 903 5382 ille
950 5327 1201 5381 omnibus
1245 5327 1595 5395 praeponitur,
1645 5340 1803 5393 quem
1856 5325 2006 5390 eleri,

419 5423 703 5493 plebisque
731 5434 1027 5476 consensus
1053 5418 1394 5473 concorditer
1440 5418 1763 5487 postularint
1804 5434 1816 5469 :
1849 5419 1920 5470 ita
1952 5427 2010 5471 ut

419 5516 467 5570 si
498 5515 556 5568 in
587 5514 746 5566 aliam
796 5511 935 5566 forte
962 5524 1248 5580 personam
1278 5510 1507 5579 partium
1555 5525 1615 5563 se
1643 5517 1765 5564 vota
1813 5509 2008 5565 divise-

420 5607 555 5672 rint,
585 5602 986 5673 metropolitani
1010 5602 1215 5668 judicio
1243 5601 1289 5655 is
1317 5601 1471 5655 alteri
1526 5609 1893 5670 prmponatur,
1920 5603 2010 5670 qui

422 5697 723 5765 majoribus
765 5703 820 5750 et
847 5694 1040 5749 studiis
1066 5694 1303 5762 juvatur,
1353 5702 1408 5747 et
1456 5693 1681 5757 meritis,
1715 5700 1922 5746 tantum
1953 5704 2013 5746 ut

422 5789 606 5845 nullus
636 5786 814 5842 invitis
843 5793 897 5841 et
922 5800 1030 5839 non
1060 5786 1365 5855 petentibus
1412 5784 1708 5849 ordinetur,
1736 5800 1802 5837 ne
1823 5784 2012 5838 civitas

428 5882 744 5949 episcopum
774 5893 878 5932 non
912 5883 1155 5947 optatum
1183 5887 1277 5935 aut
1316 5885 1646 5945 contemnat,
1696 5885 1789 5933 aut
1817 5877 2010 5940 oderit,

2108 612 2281 665 euerit
2309 614 2532 681 habere,
2563 628 2722 682 quem
2756 615 2938 669 voluit.

2112 721 2179 775 Ut
2206 725 2629 793 metropolitanus
2656 723 2805 794 Epiri
2852 725 2913 778 de
2951 726 3130 793 electo,
3178 745 3325 795 quem
3358 737 3433 782 est
3477 729 3691 783 ordina-

2178 802 2321 847 turus
2361 797 2651 863 episcopum
2684 834 2699 858 ,
2744 796 2812 846 ad
2850 795 3353 850 Thessalonicensem
3398 801 3691 867 pontiﬁcem

2179 867 2391 939 referat,
2435 875 2486 939 et
2515 867 2591 939 de‘
2611 867 3006 935 metropolitano
3035 869 3191 921 electo
3222 870 3460 923 similiter
3484 872 3690 939 procin-

2176 932 2335 986 ciales
2365 935 2612 1003 episcopi.

2179 1042 2403 1100 XXXVI.
2440 1048 2515 1100 De
2544 1062 2771 1115 persona
2812 1056 2989 1102 autem
3022 1050 3373 1106 consecrandi
3427 1053 3687 1122 episcopi,

2107 1143 2161 1189 et
2191 1135 2261 1189 de
2287 1136 2437 1201 cleri,
2470 1137 2750 1205 plebisque
2787 1154 3052 1193 consensu
3098 1143 3547 1210 metropolitanus
3574 1146 3692 1211 epi-

2107 1243 2301 1295 scopus
2350 1227 2415 1280 ad
2466 1226 2857 1281 fraternitatem
2905 1238 3047 1282 tuam
3098 1229 3314 1297 referat,
3363 1232 3610 1301 quodque
3642 1234 3694 1288 in

2107 1316 2380 1384 provincia
2420 1318 2557 1371 bene
2589 1318 2785 1386 placuit
2813 1320 2952 1373 scire
2983 1328 3034 1373 te
3081 1320 3260 1385 faciat,
3310 1331 3367 1375 ut
3397 1323 3695 1377 ordinatio-

2107 1420 2228 1457 nem
2260 1405 2360 1458 rite
2404 1406 2780 1459 celebrandam
2813 1415 2901 1461 tua
2934 1424 3147 1478 quoque
3177 1406 3348 1464 firmet
3379 1415 3694 1478 auctoritas,

2108 1511 2227 1563 «pne
2252 1498 2411 1553 rectis
2434 1499 2874 1567 dispositionibus
2900 1502 3029 1555 nihil
3057 1517 3239 1565 morae,
3257 1512 3349 1557 aut
3374 1502 3698 1562 difﬁcultatis

2109 1585 2325 1640 debebit
2352 1585 2564 1653 aﬁ‘erre,
2615 1603 2682 1643 ne
2723 1590 2974 1658 gregibus
3006 1592 3217 1647 Domini
3246 1594 3335 1647 diu
3383 1593 3521 1648 desit
3566 1610 3694 1649 cura

2111 1684 2405 1743 pastorum.

2180 1767 2594 1838 Metropolitano
2622 1786 2752 1825 vero
2794 1770 3065 1839 defuncto,
3115 1790 3235 1828 cum
3268 1776 3318 1829 in
3370 1775 3545 1832 locum
3578 1777 3695 1848 ejus

2045 1887 2083 1943 Β
2115 1857 2249 1911 alius
2294 1857 2453 1913 fuerit
2495 1861 2884 1927 subrogandos,
2937 1864 3295 1931 provinciales
3341 1867 3578 1936 episcopi
3628 1867 3695 1920 ad

2111 1945 2379 2000 civitatem
2429 1949 2769 2017 metropolim
2816 1951 3105 2005 convenire
3153 1952 3443 2018 debebunt,
3492 1964 3550 2009 ut
3576 1972 3693 2010 om-

2110 2035 2256 2089 nium
2287 2036 2627 2105 clericorum,
2677 2047 2841 2107 atque
2888 2041 3127 2094 omnium
3176 2043 3373 2096 civium
3417 2046 3696 2101 voluntate

2109 2125 2369 2191 discussa,
2417 2142 2482 2182 ex
2530 2128 2857 2199 presbyteris
2903 2130 3140 2198 ejusdem
3184 2130 3453 2201 Ecclesim,
3504 2137 3588 2191 vel
3628 2153 3694 2193 ex

2109 2215 2352 2272 diaconis
2384 2218 2621 2288 optimus
2648 2221 2895 2288 eligatur.
2936 2220 3013 2276 De
3043 2222 3196 2289 cujus
3224 2225 3439 2279 nomine
3460 2226 3525 2280 ad
3552 2238 3695 2282 tuam

2112 2306 2357 2360 notitiam
2400 2310 2759 2377 provinciales
2787 2309 3025 2366 referant
3053 2315 3381 2381 sacerdotes,
3426 2318 3695 2386 impleturi

2110 2408 2241 2450 vota
2266 2399 2624 2466 poscentium,
2671 2415 2793 2454 cum
2824 2402 2968 2470 quod
3010 2403 3137 2472 ipsis
3167 2405 3384 2474 placuit,
3437 2408 3532 2462 tibi
3560 2423 3695 2477 quo~

2109 2502 2214 2556 que
2237 2488 2503 2559 placuisse
2528 2493 2900 2560 cognoverint.
2926 2493 3077 2549 Sicut
3103 2497 3246 2550 enim
3270 2495 3445 2566 justas
3471 2501 3694 2556 electio.

2111 2597 2206 2634 nes
2235 2582 2391 2635 nullis
2418 2582 2762 2639 dilationibus
2785 2586 3031 2641 volumus
3058 2586 3288 2657 fatigari,
3314 2590 3386 2643 ita
3410 2591 3541 2646 nihil
3570 2608 3691 2662 per-

2110 2670 2368 2727 mittimus
2396 2680 2445 2727 te
2475 2674 2755 2741 ignorante
2785 2676 3056 2744 praesumi.

2106 2770 2175 2827 Ut
2206 2772 2328 2849 bina
2357 2790 2449 2843 per
2477 2793 2669 2831 annum
2696 2780 3036 2849 provincialia
3069 2779 3427 2848 episcoporum
3465 2778 3689 2849 concilia

2175 2844 2514 2917 c_e_lebrenlu_r,
2545 2856 2593 2898 et
2631 2849 2676 2900 si
2696 2844 2795 2901 'res
2838 2848 3059 2917 difﬁcilis
3093 2844 3379 2914 emerserit,
3410 2863 3502 2900 nec
3534 2846 3689 2917 fuerit

2178 2911 2650 2970 Thessalonicensis
2680 2911 2916 2985 episc0pi'
2926 2918 3125 2987 judicio
3156 2911 3450 2982 terminata,
3481 2911 3550 2968 ad
3578 2914 3687 2970 Ro-

2183 3005 2393 3044 manum
2423 2992 2679 3061 referatur
2708 2992 3014 3045 antistitem.

2182 3077 2445 3134 XXXVII.
2498 3080 2573 3136 De
2624 3081 2865 3137 conciliis
2914 3090 3092 3138 autem
3152 3086 3547 3156 episcopalibus
3584 3102 3693 3146 non

2114 3168 2258 3223 aliud
2288 3170 2591 3238 indicimus,
2621 3185 2781 3240 quam
2821 3174 2993 3228 sancti
3023 3174 3207 3230 Patres
3236 3176 3522 3231 salubriter
3548 3177 3696 3231 Ordi-

2038 3251 2085 3315 C
2117 3265 2333 3323 narunt,
2364 3267 2421 3312 ut
2443 3259 2648 3314 scilicet
2677 3261 2786 3315 bini
2817 3271 3112 3317 conventus
3142 3279 3237 3333 per
3265 3281 3435 3321 annos
3461 3266 3696 3335 singulos

2113 3351 2432 3415 habeantur,
2468 3351 2519 3405 in
2549 3353 2741 3421 quibus
2771 3353 2836 3407 de
2861 3355 3110 3409 omnibus
3137 3356 3370 3423 querelis
3412 3371 3530 3425 quae
3560 3358 3696 3412 inter

2112 3440 2351 3494 diversos
2382 3440 2636 3496 Ecclesiae
2664 3442 2880 3498 ordines
2922 3445 3067 3500 nasci
3090 3446 3347 3509 assolent,
3378 3447 3647 3515 judieetur
3675 3464 3688 3499 :

2113 3542 2178 3584 ac
2204 3529 2248 3583 si
2278 3529 2417 3584 forte
2462 3531 2602 3585 inter
2646 3532 2811 3600 ipsos,
2862 3535 2953 3603 qui
3002 3544 3255 3603 priesunt,
3286 3536 3353 3590 de
3404 3536 3694 3606 majoribus

2116 3620 2281 3693 (quod
2311 3621 2471 3692 absit)
2514 3624 2750 3692 peccatis
2798 3638 2960 3678 causa
3006 3627 3264 3691 nascitur,
3316 3642 3434 3696 qua:
3482 3630 3696 3697 provin-

2115 3710 2236 3764 ciali
2267 3720 2500 3780 nequeat
2539 3713 2787 3767 examine
2836 3712 3076 3779 diﬂiniri,
3118 3714 3507 3771 fraternitatem
3551 3728 3695 3773 tuam

2112 3801 2181 3857 de
2225 3802 2391 3857 totius
2438 3802 2640 3871 negotii
2679 3803 2938 3872 qualitate
2986 3806 3437 3875 metropolitanus
3483 3809 3697 3863 curabit

2113 3893 2397 3956 instruere,
2431 3900 2490 3946 ut
2517 3893 2559 3946 si
2592 3907 2775 3947 coram
2807 3893 2997 3962 positis
3025 3894 3263 3964 partibus
3290 3911 3389 3951 nec
3419 3904 3509 3950 tuo
3536 3896 3697 3954 fuerit

2113 4000 2201 4039 res
2232 3986 2406 4055 sopita
2424 3984 2648 4054 judicio,
2679 3984 2746 4039 ad
2767 3993 3006 4039 nostram
3027 3985 3410 4055 cognitionem,
3440 3987 3696 4057 quidquid

2114 4077 2243 4131 illud
2267 4086 2369 4143 est,
2400 4076 2767 4131 transferatur.

2117 4188 2185 4245 Ut
2207 4190 2253 4244 si
2272 4190 2382 4261 quis
2404 4192 2669 4262 episcopus
2700 4208 2846 4244 suam
2877 4190 3115 4245 deserens
3139 4192 3412 4254 civitatem,
3442 4194 3692 4262 majorem

2182 4260 2354 4334 sedem
2376 4260 2596 4313 ambitus
2626 4277 2788 4334 causa
2812 4263 3033 4334 petierit,
3063 4276 3154 4314 nec
3181 4261 3324 4314 illam
3347 4260 3573 4316 oblinere
3597 4282 3693 4334 po-

2185 4332 2321 4390 terit,
2351 4340 2400 4383 et
2428 4346 2524 4383 sua
2551 4346 2726 4382 carere
2755 4330 2973 4384 debebit.

2185 4418 2465 4474 XXXVIII.
2493 4419 2548 4472 Si
2591 4420 2710 4487 quis
2738 4428 2917 4473 autem
2960 4420 3262 4490 episcopus,
3313 4421 3544 4477 civitatis
3585 4436 3695 4479 suae

2112 4510 2488 4564 mediocritate
2527 4508 2805 4577 despecta,
2850 4509 3373 4567 administrationem
3412 4512 3516 4568 loci
3554 4513 3696 4567 cele—

2044 4634 2087 4692 D
2115 4600 2308 4654 brioris
2334 4600 2601 4665 ambierit,
2650 4608 2706 4652 et
2749 4600 2814 4653 ad
2845 4601 3103 4669 majorem
3131 4616 3191 4656 se
3218 4603 3429 4671 plebem
3452 4617 3694 4672 quacun-

2114 4705 2219 4759 que
2249 4690 2458 4744 ratione
2489 4690 2840 4757 transtulerit,
2887 4705 2917 4743 a
2943 4692 3195 4745 cathedra
3226 4694 3440 4762 quidem
3468 4696 3695 4765 pellatur

2115 4782 2310 4847 aliena,
2358 4780 2452 4835 sed
2486 4779 2692 4835 carebit
2720 4788 2775 4834 et
2822 4783 3059 4852 propria,
3108 4796 3170 4837 ut
3214 4800 3313 4838 nec
3358 4784 3463 4840 illis
3507 4788 3693 4855 przesi-

2112 4872 2257 4937 deat,
2291 4886 2428 4941 quos
2469 4888 2565 4942 per
2605 4873 2883 4927 avaritiam
2914 4876 3239 4944 concupivit,
3293 4892 3390 4932 nec
3419 4877 3525 4932 illis
3558 4894 3697 4947 quos

2115 4979 2212 5034 per
2254 4963 2559 5033 superbiam
2607 4964 2829 5033 sprevit.
2882 4963 3005 5019 Suis
3052 4965 3211 5034 igitur
3265 4960 3509 5021 terminis
3546 4968 3696 5035 quis-

2114 5069 2219 5125 que
2245 5064 2533 5111 contentus
2560 5056 2647 5121 sit,
2681 5071 2780 5110 nec
2807 5071 2967 5126 supra
2999 5071 3301 5111 mensuram
3336 5056 3471 5126 juris
3507 5058 3590 5112 sui
3616 5056 3697 5112 af-
3716 5064 3771 5129 7/

2118 5144 2283 5200 fectet
2306 5146 2510 5213 augeri.
3658 5130 3725 5213 μί’

2121 5192 2282 5200 .-νη
2307 5192 2510 5213 "0-...

2121 5260 2188 5314 Ut
2216 5261 2390 5313 nullus
2418 5261 2638 5315 alienum
2668 5260 2905 5313 clericum
2931 5259 3229 5332 sollicitare,
3256 5259 3334 5312 vel
3362 5267 3530 5314 tenere
3558 5192 3815 5332 pra§\\

2233 5340 2422 5394 sumat,
2456 5346 2548 5384 suo
2576 5332 2812 5400 episcopo
2842 5347 2944 5383 non
2970 5330 3225 5399 prtebente
3250 5330 3571 5385 consensum.
3812 5330 3825 5341 ³

2185 5419 2423 5473 XXXIX.
2457 5418 2700 5475 Alienum
2728 5421 3002 5485 clericum,
3028 5420 3194 5475 invito
3223 5420 3476 5490 episcopo
3506 5421 3693 5492 ipsius,

2117 5527 2275 5568 nemo
2303 5513 2577 5581 suscipiat,
2612 5527 2770 5567 nemo
2798 5513 3073 5580 sollicitet,
3105 5513 3205 5568 nisi
3240 5511 3377 5567 forte
3405 5526 3472 5567 ex
3497 5512 3697 5582 placito

2113 5602 2389 5656 charitatis
2421 5601 2471 5654 id
2499 5602 2640 5655 inter
2670 5601 2909 5669 dantem,
2941 5603 3401 5673 accipientemque
3428 5619 3698 5659 convene-

2114 5693 2202 5746 rit.
2236 5692 2366 5745 Nam
2394 5692 2610 5761 gravius
2640 5692 2848 5760 injuriae
2877 5709 3001 5748 reus
3022 5704 3127 5760 est,
3172 5698 3262 5766 qui
3291 5697 3358 5751 de
3385 5697 3564 5753 fratris
3591 5695 3696 5752 Ec-

2115 5782 2276 5836 clesia
2307 5782 2380 5849 id,
2412 5781 2554 5849 quod
2602 5790 2685 5835 est
2714 5782 2913 5847 utilius,
2948 5792 3040 5837 aut
3086 5786 3374 5853 pretiosius
3415 5791 3574 5841 audet
3612 5786 3696 5842 vel

2118 5874 2370 5943 abjicere,
2403 5874 2482 5928 vel
2515 5881 2719 5929 tenere.
2771 5872 2954 5943 Itaque
2981 5876 3025 5929 si
3074 5875 3210 5929 intra
3250 5877 3575 5947 provinciam
3608 5891 3695 5933 res
